3962 6204
471 334 579 397 ΗΕ)

1596 322 2106 386 THEOPHANES
2142 323 2701 387 CONTINUATUS.
3639 318 3731 383 420

476 442 747 499 Photinus
796 438 1109 512 Platypodis
1149 437 1293 493 lilius
1322 436 1445 507 ejus
1489 436 1680 491 tuendi
1727 450 1897 491 causa
1938 450 2064 490 con-

2175 455 2342 509 κτωρ.
2372 439 2665 505 σφάττεται
2693 436 2751 491 δὲ
2790 434 2929 504 ὑπὲρ
2960 434 3151 488 τούτου
3176 430 3576 502 ἀγωνιζόμενος
3618 432 3729 485 Φω-

481 534 741 590 certando
777 541 1025 597 necatur,
1065 531 1267 600 aliique
1297 528 1476 583 multi.
1514 528 1714 582 llector
1738 527 1902 596 igitur
1924 540 2067 594 aegre

476 636 726 684 servatus
761 624 812 678 in
844 624 1079 679 celocem
1113 622 1317 676 evadit.
1360 618 1518 673 Venit
1556 633 1682 673 vero
1712 626 1765 671 et
1796 618 1914 687 ipse
1942 616 2067 687 fuga

478 721 725 788 dilapsus
758 716 927 770 armis
961 714 1143 784 gravis
1201 712 1427 767 Alcxius
1468 710 1806 780 drungarius
1837 708 2065 764 Muselev

480 827 579 865 nec
635 825 758 862 cum
794 807 874 861 eis
916 806 1117 861 celocis
1150 805 1353 860 scalam
1388 803 1675 857 commode
1724 801 1860 857 satis
1903 816 2066 855 scan-

478 905 605 955 dere
630 902 834 964 valens,
868 913 972 951 una
999 912 1122 951 cum
1155 910 1257 951 suo
1291 892 1798 963 protmnandatore,
1828 906 2068 960 praeceps

479 993 533 1047 in
571 1007 717 1045 mare
745 999 925 1051 actus,
957 987 1116 1056 aquis
1152 986 1451 1040 sutlocatus
1479 993 1583 1039 est.
1636 983 1812 1037 Ambo
1850 982 2065 1052 Argyri,

476 1100 599 1138 cum
633 1084 845 1137 scilicet
876 1079 1084 1133 Potbus
1119 1087 1228 1130 tum
1266 1074 1373 1129 Leo
1399 1075 1561 1146 502
1614 1074 1895 1141 patricius,
1940 1072 2066 1140 fuga

477 1157 532 1231 in
568 1175 849 1232 caStellum
885 1179 1197 1227 evaserunt.
1237 1168 1468 1223 Navales
1516 1184 1579 1221 ac
1610 1169 1831 1237 reliqua:
1874 1182 2067 1221 omnes

478 1272 647 1340 copiae
717 1268 911 1337 partim
975 1264 1211 1318 hostium
1257 1276 1453 1317 manus
1515 1260 1753 1328 ell‘ugere
1785 1259 2065 1313 studentes

480 1363 534 1415 in
586 1362 723 1414 mari
776 1357 1060 1413 exstinctae
1106 1363 1255 1419 sunt,
1298 1354 1493 1425 partim
1557 1353 1697 1407 ferro
1748 1353 2064 1421 perierunt,

478 1455 676 1523 partim
744 1452 886 1520 capti
940 1466 968 1504 a
1025 1448 1273 1519 Bulgaris
1346 1457 1496 1502 sunt.
1561 1446 1786 1499 Dcmum
1845 1443 2064 1515 Bulgari

480 1548 697 1603 nemine
719 1546 824 1599 illis
847 1544 1143 1599 obsistente
1161 1543 1338 1612 regias
1352 1538 1615 1611 Pegarum
1642 1540 1784 1593 aedes
1812 1536 2070 1593 incende-

479 1648 609 1695 runt
654 1646 935 1705 totumque
964 1632 1188 1689 Stenum
1222 1632 1332 1703 igni
1364 1639 1735 1686 vastaverunt.
1775 1627 1866 1683 Sic
1905 1627 2067 1682 nimi-

2167 531 2343 593 στεινὸς
2367 533 2395 584 ό
2423 530 2517 583 τοῦ
2550 528 2870 599 Πλατυπόδη
2896 528 3009 591 υίὸς
3035 528 3128 581 καὶ
3156 526 3340 580 πολλοὶ
3376 526 3575 594 ἱτερνιι.
3622 524 3731 579 M6-

2169 621 2250 684 λις
2277 619 2370 675 οὖν
2406 625 2434 676 ό
2466 622 2711 693 ραίκτωρ
2738 620 3031 682 διασωθεὶς
3067 618 3316 688 εἰσῆλθεν
3362 621 3441 680 είς
3481 619 3574 671 τὸν
3619 619 3733 686 δρό-

2173 730 2347 781 μωνα.
2377 709 2580 766 Ἦλθεν
2613 713 2670 766 δὲ
2694 711 2909 781 φεύγων
2936 710 3155 773 ἔνοπλος
3178 710 3273 764 καὶ
3293 708 3529 774 Ἀλέξιος
3553 710 3736 778 δρουγ-

2168 807 2361 875 γάριος
2385 806 2414 857 ό
2461 804 2726 867 Μουσελὲ,
2778 805 2871 855 καὶ
2905 802 2980 873 μὴ
3010 801 3237 871 ἰσχύσας
3266 800 3452 853 τέλεον
3500 801 3734 853 ἀνελθεῖν

2168 902 2227 952 ἐν
2256 902 2321 969 τῇ
2350 897 2441 951 τοῦ
2474 898 2749 968 δρόμωνος
2773 894 3082 964 ἀποϐάθρᾳ,
3108 893 3291 947 πεσὼν
3326 895 3382 945 ὲν
3404 895 3469 962 τῇ
3501 892 3734 964 θαλάσση

2171 992 2268 1045 σὺν
2302 990 2378 1060 τῷ
2410 988 2576 1044 αὑτοῦ
2614 988 3097 1057 πρωτομανδὰτορι
3152 986 3449 1052 ἀπεπνίγη.
3487 985 3739 1057 Ἀργυροὶ

2166 1084 2244 1148 δὲ,
2278 1084 2305 1136 ὃ
2328 1101 2386 1135 τε
2419 1082 2588 1142 Πόθος
2616 1083 2711 1134 καὶ
2731 1081 2881 1134 Λέων
2918 1080 3239 1148 πατρίκιος,
3276 1079 3333 1131 ὲν
3390 1076 3469 1147 τῷ
3521 1076 3741 1130 καστελ-

2168 1176 2268 1245 λίῳ
2301 1171 2953 1244 φυγόντεξδιεσώθησαν.
2986 1172 3229 1239 Πλώῖμοι
3261 1170 3433 1222 δὲκαὶ
3480 1168 3540 1221 τὸ
3595 1168 3740 1222 ἆπαν

2170 1267 2395 1338 πλῆθος,
2430 1266 2481 1318 οἱ
2517 1265 2735 1335 μὲντὰς
2764 1264 2873 1317 τῶν
2906 1263 3181 1333 πολεμίων
3214 1265 3403 1332 χεῖρας
3434 1260 3742 1329 φεύγοντες

2169 1359 2225 1410 ὲν
2254 1360 2318 1429 τῇ
2358 1356 2604 1426 θαλάσσῃ
2629 1357 3037 1425 ἀπεπνίγησαν,
3079 1352 3230 1427 [9.49]
3251 1355 3300 1407 oi
3326 1354 3381 1406 δὲ
3407 1353 3626 1422 σιδήρου
3649 1369 3741 1420 γε-

2168 1450 2358 1518 γόνασι
2384 1443 2785 1519 παρανάλωμα,
2816 1448 2864 1499 οἱ
2884 1447 2941 1499 δὲ
2973 1449 3128 1517 χερσὶ
3173 1446 3567 1515 Βουλγαρικαϊς
3620 1462 3743 1497 συν-

2166 1538 2499 1608 ελήφθησαν.
2533 1538 2597 1590 Ol
2628 1538 2684 1590 δὲ
2731 1537 3032 1608 Βοὺλγαροι
3071 1537 3275 1607 μηδένα
3305 1537 3395 1590 τὸν
3424 1536 3745 1589 διακωλύον-

2167 1643 2236 1681 τα
2264 1627 2479 1696 ἔχοντες
2509 1627 2578 1679 τά
2606 1643 2663 1678 τε
2688 1625 2795 1678 τῶν
2838 1625 3038 1695 Πηγῶν
3080 1624 3321 1679 παλάτια
3361 1624 3745 1695 ἐπυρπόλησαν

480 1750 601 1789 rum
620 1732 824 1804 grande
851 1731 1048 1784 malum
1068 1728 1281 1785 consilii
1315 1726 1494 1797 inopia
1523 1740 1814 1794 rerumque
1844 1724 2064 1793 imperi-

2171 1718 2263 1773 καὶ
2292 1717 2351 1771 τὸ
2380 1718 2572 1771 Στενδν
2598 1718 2743 1772 ἅπαν
2780 1719 3151 1772 κατέκαυσαν.
3217 1716 3405 1780 Οὕτως
3442 1718 3550 1787 ἄρα
3573 1718 3748 1772 δεινὸν

481 1826 578 1887 tia,
602 1825 688 1879 cui
712 1822 939 1877 audacia
963 1837 1024 1875 ac
1048 1821 1327 1874 temeritas
1365 1825 1563 1888 prmslo
1598 1828 1681 1871 est
1722 1831 1785 1870 ac
1817 1814 1979 1870 lavet.

551 1918 605 1973 9.
666 1916 883 1971 Mensis
927 1912 1219 1969 Februarii
1283 1911 1372 1965 die
1431 1910 1715 1974 vicesimo,
1774 1908 2071 1961 indictione

481 2010 720 2074 decima,
771 2006 1062 2061 Tlleodora
1114 2003 1351 2059 Romani
1402 2002 1600 2070 cuujux
1652 2000 1906 2055 moritur.
1938 1998 2069 2067 Ejus

480 2101 719 2158 cadaver
747 2099 800 2153 in
834 2097 1064 2153 Romani
1116 2096 1294 2167 ipsius
1337 2097 1520 2159 domo,
1562 2109 1727 2164 quam
1777 2094 1831 2147 in
1880 2107 2070 2147 mona-

483 2193 708 2249 sterium
770 2198 1031 2251 mutarat,
1087 2187 1398 2257 depositum
1451 2194 1556 2239 est.
1622 2183 1825 2239 Eodem
1883 2198 2071 2238 mense

481 2294 781 2342 coronatur
835 2281 1039 2351 Sophia
1073 2278 1454 2348 Christopliori
1506 2276 1857 2346 imperatoris
1907 2291 2067 2330 uxor.

482 2375 689 2431 Eodem
746 2383 989 2443 tempore
1037 2370 1158 2424 lber
1198 2369 1513 2438 curopalata
1572 2369 1625 2421 in
1676 2366 1866 2420 urbem
1899 2367 2067 2426 venit.

482 2482 685 2539 perque
716 2465 955 2518 medium
988 2461 1165 2516 forum
1190 2461 1456 2515 deductus
1488 2458 1779 2530 magniﬁco
1805 2469 2068 2528 apparatu

482 2567 735 2614 ornatum
767 2571 893 2610 cum
925 2569 1122 2624 magna
1155 2553 1402 2607 claritate
1442 2560 1496 2607 et
1538 2551 1744 2605 honore
1783 2560 2070 2619 susceptus

480 2658 586 2706 est.
609 2646 1126 2702 luduxeruntetiam
1161 2644 1315 2699 illum
1350 2645 1402 2697 in
1439 2642 1496 2697 S.
1526 2642 1767 2713 Sophim,
1801 2651 1859 2698 ut
1892 2659 2067 2698 sacra:

482 2742 606 2811 ejus
637 2740 770 2795 tedis
799 2737 1264 2808 pulchritudinem
1314 2748 1365 2791 et
1410 2737 1805 2791 immanitatem
1840 2751 1904 2789 ac
1948 2751 2071 2805 pre-

486 2831 852 2887 tiosissimum
887 2828 1093 2884 cultqu
1116 2827 1295 2882 oculis
1320 2827 1435 2895 ipse
1468 2828 1746 2881 lustraret.
1778 2826 2069 2896 Splendida

485 2937 721 2992 namque
760 2930 1043 2984 ornantes,
1096 2933 1340 2989 auroque
1375 2917 1539 2973 textis
1592 2918 1779 2972 aulaeis
1834 2918 2069 2986 parietes

484 3011 989 3069 circumvestientes
1022 3009 1310 3079 omnisque
1354 3007 1569 3078 generis
1610 3008 1760 3063 cultu
1800 3009 2068 3063 ἀθροῖσαι

483 3115 585 3172 tes,
620 3106 700 3159 sic
730 3119 855 3157 eum
903 3102 1265 3157 admiserunt.
1298 3100 1389 3155 llle
1424 3099 1730 3155 mirandam
1779 3100 2065 3157 immanis-

2030 1823 2040 1830 ‘
2098 1802 2138 1856 Β
2168 1811 2395 1865 ἀδουλία
2423 1812 2516 1865 καὶ
2545 1811 2767 1882 ἀπειρία
2799 1810 3113 1882 θρασύτητα
3139 1810 3426 1881 σύμμαχον
3456 1810 3674 1880 ἔχουσα.

2244 1900 2310 1956 θ’.
2330 1900 2519 1956 Είκάδι
2548 1902 2604 1955 δὲ
2624 1900 2977 1971 Φεϐρουαρίῳ
3013 1902 3163 1971 μηνὶ,
3202 1899 3536 1964 ἰνδικτιῶνος
3588 1901 3753 1955 δεκά-

2169 2011 2290 2061 της,
2313 1993 2566 2064 Θεοδώρα
2593 1992 2825 2063 σύμϐιος
2874 1991 3158 2063 Ῥωμανοῦ
3190 1992 3437 2062 τελευτᾷ.
3472 1993 3568 2045 καὶ
3620 2010 3756 2045 κατ-

2170 2084 2330 2155 ετέθη
2357 2084 2418 2137 τὸ
2439 2083 2597 2153 σῶμα
2622 2084 2794 2152 αὑτῆς
2825 2085 2881 2135 ἐν
2910 2084 2988 2153 τῷ
3011 2082 3146 2151 οἴκῳ
3172 2083 3337 2137 αὑτοῦ
3361 2082 3453 2135 τοῦ
3483 2082 3755 2152 βασιλέως

2181 2177 2459 2247 Ῥωμανοῦ
2487 2177 2564 2247 τῷ
2601 2177 2690 2231 ὑπ’
2712 2175 2877 2229 αὑτοῦ
2914 2175 3274 2246 μοναστήριον
3297 2176 3642 2245 ἁμειφθὲντι.
3662 2174 3755 2245 Τῷ

2168 2268 2225 2321 δὲ
2248 2267 2397 2338 αὑτῷ
2424 2268 2557 2338 μηνὶ
2590 2268 2849 2336 στέφεται
2877 2267 3048 2334 Σοφία
3072 2268 3106 2336 ἡ
3135 2265 3228 2319 τοῦ
3280 2266 3547 2336 βασιλέως
3615 2269 3759 2337 Χρι-

2170 2358 2431 2429 στοφόρου
2456 2358 2615 2427 γυνή.
2690 2356 3007 2425 Τηνικαῦτα
3031 2355 3089 2408 δὲ
3124 2356 3217 2408 καὶ
3256 2356 3285 2408 ὁ
3336 2358 3759 2428 κουροπαλάτης

2173 2448 2330 2517 Ἴϐηρ
2372 2450 2427 2501 ὲν
2470 2452 2537 2518 τῇ
2594 2449 2748 2501 πόλει
2786 2448 3142 2519 παρεγένετο,
3198 2448 3291 2500 καὶ
3315 2447 3405 2500 διὰ
3444 2448 3626 2517 μέσης
3655 2449 3761 2518 τῆς

2168 2542 2371 2612 ἀγορᾶς
2400 2540 2643 2604 διελθὼν,
2669 2541 3095 2611 κεκοσμημένης
3114 2538 3407 2611 λαμπρῶς,
3429 2542 3568 2609 μετὰ
3591 2542 3763 2612 δόξης

2170 2635 2370 2705 πολλῆς
2431 2634 2525 2689 καὶ
2571 2634 2737 2705 τιμῆς
2788 2634 3061 2705 ὑπεδέχθη
3088 2652 3102 2666 ·
3139 2633 3197 2686 ὃν
3225 2635 3319 2688 καὶ
3360 2635 3419 2687 ἐν
3478 2636 3547 2705 τῇ
3592 2634 3765 2706 ’Δγία

2168 2729 2260 2782 τοῦ
2292 2727 2429 2782 Θεοῦ
2463 2727 2631 2798 Σοφίᾳ
2652 2727 2966 2797 ἀπήγαγον,
2999 2726 3061 2780 τὸ
3091 2726 3285 2790 κάλλος
3330 2727 3500 2797 αὑτῆς
3550 2728 3651 2780 καὶ
3696 2728 3766 2781 τδ

2171 2818 2399 2889 μέγεθος
2432 2817 2761 2887 θεασόμενον
2790 2817 2996 2871 καὶτὸν
3030 2817 3293 2888 πολυτελῆ
3322 2817 3552 2887 κόσμον.
3604 2818 3764 2873 Καλ-

2168 2909 2503 2975 λωπίσαντες
2530 2911 2639 2981 γὰρ
2666 2910 2870 2982 ταύτην
2899 2912 2993 2965 καὶ
3034 2912 3483 2983 περιστείλαντες
3514 2912 3757 2974 πέπλοις

2167 3004 2497 3073 χρυσοῦφέσι
2558 3004 2655 3057 καὶ
2685 3004 2879 3074 κόσμῳ
2902 3004 3167 3074 παντοίῳ,
3212 3003 3383 3066 οὑτως
3421 3004 3590 3058 αὑτὸν
3642 3005 3762 3057 εἱσ-

2168 3097 2376 3167 ήγαγον
2403 3098 2459 3149 ὲν
2481 3097 2640 3168 αὑτῇ.
2680 3096 2738 3150 Ὀ
2760 3095 2819 3150 δὲ
2840 3097 2900 3151 τὸ
2921 3095 3235 3167 θαυμαστὸν
3256 3096 3350 3151 καὶ
3376 3096 3763 3168 ὑπερμέγεθες

483 3168 592 3265 que
662 3194 824 3248 molis
899 3192 1085 3263 templi
1150 3190 1414 3245 fabricam
1482 3199 1730 3260 stupens,
1794 3206 2064 3262 supraque

2171 3188 2261 3241 τοῦ
2291 3187 2419 3242 ναοῦ
2441 3188 2602 3259 ἔργον
2625 3188 2998 3256 καταπλαγεὶς
3021 3190 3229 3243 καὶτὸν
3258 3190 3531 3260 πολυτελῆ
3548 3190 3763 3260 κόσμον

483 3286 706 3343 modum
755 3285 1064 3340 admiratus
1109 3281 1256 3338 illius
1305 3284 1772 3354 pretiosissimum
1828 3286 2063 3350 cultum,

482 3394 548 3433 ac
596 3394 719 3435 cum
752 3380 978 3434 dixisset
1011 3393 1229 3434 sacrum
1278 3378 1422 3432 hunc
1462 3377 1642 3431 locum
1684 3391 1811 3432 vere
1835 3375 1929 3432 Dei
1962 3376 2065 3432 ha-

483 3470 782 3526 bitaculum
817 3486 959 3535 esse,
992 3469 1215 3524 domum
1272 3484 1528 3524 reversus
1581 3477 1686 3525 est.

557 3559 647 3613 10.
679 3558 893 3613 Rursus
918 3574 1049 3612 vero
1077 3572 1106 3610 a
1141 3557 1391 3626 Bulgaris
1428 3568 1681 3626 suscepta
1716 3556 2063 3627 expeditione

482 3659 537 3703 et
568 3664 693 3704 cum
734 3648 808 3700 illi
839 3646 1085 3716 adusque
1115 3644 1175 3699 S.
1202 3644 1501 3701 Theodorae
1550 3646 1727 3715 regias
1775 3646 1921 3701 aedes
1968 3661 2065 3700 ve-

486 3741 697 3795 nissent
740 3754 942 3810 easque
969 3738 1079 3810 igni
1132 3738 1523 3805 incendissent,
1560 3738 1722 3812 403
1772 3738 2069 3808 imperator

485 3830 768 3885 Romanus
795 3829 1023 3899 prandio
1047 3830 1193 3885 laute
1212 3830 1481 3885 instructo
1509 3832 1784 3900 agminum
1813 3830 2068 3886 ductores

488 3920 756 3987 invitavit,
801 3935 925 3976 cum
970 3931 1047 3987 et,
1076 3937 1241 3993 quem
1286 3930 1503 3986 vocant,
1545 3921 1789 3979 Sactices
1832 3922 1937 3978 illis
1975 3937 2068 3978 co-

486 4029 604 4068 mes
636 4024 800 4069 esset.
824 4012 1084 4068 Hortatur
1122 4029 1252 4086 ergo
1280 4012 1547 4082 jubetque
1584 4013 1848 4069 adversus
1880 4014 2067 4069 hostcs

482 4107 634 4161 exire
685 4121 750 4161 ac
790 4121 890 4176 pro
928 4106 1521 4176 patriwincolumitate
1568 4122 1831 4178 pugnare.
1866 4105 2067 4162 Assen-

483 4203 675 4253 serunt
710 4196 810 4261 illi,
841 4205 1005 4270 atque
1042 4197 1254 4251 alacres
1284 4198 1459 4266 ipsius
1507 4198 1812 4267 majestatis
1846 4198 2061 4253 tuenda:

482 4306 647 4346 causa
672 4305 737 4345 ac
757 4289 1105 4347 Christianos
1130 4289 1430 4345 ulciscendi
1461 4291 1804 4361 appetituros
1827 4305 1885 4346 se
1916 4306 2067 4346 mor-

482 4394 591 4443 tem
621 4386 674 4441 in
707 4401 766 4441 se
800 4393 1140 4456 receperunt.
1178 4384 1446 4440 Postridie
1492 4387 1677 4457 igitur,
1725 4400 1887 4456 quem
1922 4386 2067 4441 dixi-

484 4494 631 4544 mus,
685 4478 948 4539 Sactices.
1002 4477 1072 4532 ab
1125 4476 1456 4545 imperatore
1512 4478 1681 4532 armis
1738 4476 2058 4542 instructus,

485 4587 669 4627 veram
717 4570 785 4626 ab
838 4570 958 4640 ipso
985 4570 1168 4624 datam
1201 4569 1361 4624 (idem
1398 4585 1462 4624 ac
1491 4584 1653 4639 quam
1678 4569 1911 4639 jar-tarat
1950 4570 2064 4624 for-

483 4663 771 4719 titudinem
825 4661 1097 4718 ostendit:
1142 4660 1407 4732 Bulgaros
1453 4661 1653 4732 quippe
1704 4676 1734 4716 a
1772 4670 1922 4731 tergo
1967 4678 2064 4732 ag-

483 4770 725 4826 gressus,
779 4754 943 4824 inque
997 4769 1188 4809 eorum
1241 4762 1423 4810 castra
1470 4755 1743 4819 insiliens,
1805 4771 1944 4825 quos
1990 4756 2063 4813 ibi

484 4847 725 4917 reperit,
758 4861 951 4903 omnes
1002 4847 1318 4902 trucidavit.
1350 4846 1569 4918 Bulgari
1604 4848 1771 4919 igitur
1799 4850 1889 4904 ubi
1921 4850 2066 4905 didi-

481 4952 607 4994 cere
678 4938 822 5007 quod
887 4938 964 4994 ita
1024 4950 1300 5007 evenerat,
1352 4940 1406 4995 in
1458 4950 1637 4996 castra
1718 4953 2065 4998 revertuntur

480 5038 849 5099 consertaque
887 5032 1004 5085 acie
1052 5030 1320 5087 Sacticem
1364 5037 1553 5101 paucis
1598 5034 1858 5102 stipatum
1915 5043 2063 5103 terga

483 5130 695 5177 vertere
727 5130 950 5191 cogunt.
996 5119 1046 5176 is
1070 5120 1253 5191 itaque
1306 5132 1529 5178 strenue
1558 5124 1823 5179 desudata
1854 5126 2062 5194 pralio,

484 5211 738 5285 factaque
780 5213 1021 5270 hostium
1052 5212 1257 5284 ingenti
1294 5220 1496 5283 strage,
1527 5230 1652 5270 cum
1686 5224 1849 5277 tanta:
1871 5231 2064 5272 eorum

483 5307 818 5363 multitudini
878 5305 1212 5363 sustinenda:
1272 5320 1371 5375 par
1428 5306 1664 5376 amplius
1722 5322 1833 5363 non
1892 5319 2062 5374 esset,

484 5398 676 5454 laxatis
707 5400 937 5455 habenis
966 5413 1164 5470 equum
1188 5398 1255 5454 ad
1284 5396 1467 5466 fugam
1495 5397 1746 5469 impellit.
1780 5399 1838 5455 ln
1871 5400 2063 5471 cujus-

481 5489 606 5544 dam
642 5506 823 5548 aulem
863 5494 1043 5549 amnis
1069 5492 1325 5559 transitu,
1356 5506 1499 5562 equo
1530 5490 1586 5547 in
1616 5507 1777 5547 caeno
1800 5493 2060 5559 herente,

484 5579 683 5635 vulnus
727 5582 781 5636 in
830 5596 995 5637 anum
1053 5590 1108 5638 et
1161 5580 1340 5637 femur
1396 5583 1625 5652 accepit.
1660 5580 1861 5639 Verum
1915 5599 2061 5654 equo

489 5685 626 5741 agre
666 5672 885 5728 tandem
949 5689 1176 5730 suorum
1230 5689 1363 5730 cura
1411 5684 1463 5729 et
1505 5675 1772 5731 industria
1813 5691 1845 5733 e
1903 5691 2063 5733 emam

483 5766 674 5823 evulso
706 5766 771 5822 ad
804 5764 1134 5825 Blachernas
1186 5783 1362 5840 usque
1399 5770 1607 5826 evasit:
1634 5780 1797 5841 atque
1826 5770 1880 5827 in
1908 5787 2061 5829 sacra

2169 3279 2624 3351 ὑπερθαυμάσας,
2675 3282 2770 3336 καὶ
2818 3280 3036 3352 ἀληθῶς
3092 3281 3228 3335 Θεοῦ
3279 3283 3568 3335 κατοικίαν
3614 3278 3760 3337 εἶναι

2165 3371 2258 3425 τὸν
2288 3372 2433 3444 ἱερὸν
2459 3372 2637 3444 χῶρον
2669 3372 2859 3428 τοῦτον
2898 3371 3088 3439 εἰπὼν,
3120 3369 3276 3437 αὖθις
3303 3374 3653 3445 ὑπέστρεψεν
3674 3378 3756 3437 είς

2166 3463 2235 3519 τὰ
2262 3464 2393 3518 ἴδια.

2239 3562 2293 3612 ι’.
2327 3556 2448 3609 Τῶν
2485 3556 2542 3611 δὲ
2570 3555 2897 3626 Βουλγάρων
2920 3557 3087 3613 πάλιν
3112 3558 3635 3629 ὶκστρατευσὰντων
3659 3560 3756 3613 καὶ⁸

2170 3652 2333 3720 μέχρι
2355 3652 2455 3718 τῆς
2490 3649 2688 3719 Ἀγίας
2729 3652 3011 3725 Θεοδώρας
3057 3652 3321 3707 ἐλθόντων
3350 3654 3633 3708 παλατίων
3656 3656 3753 3708 καὶ

2165 3741 2337 3796 ταῦτα
2387 3742 2522 3811 πυρὶ
2571 3743 2997 3813 παραδιδόντων,
3061 3746 3142 3806 είς
3168 3745 3449 3815 ἄριστονό
3500 3744 3751 3813 βασιλεὺς

2180 3833 2456 3905 Ῥωμανὸς
2506 3835 2617 3888 τῶν
2662 3836 2960 3907 ταγμάτων
3030 3837 3299 3908 ἄρχοντας
3347 3838 3741 3898 συνεκάλεσεν.

2168 3926 2418 3990 συνόντος
2468 3927 2651 3991 αὑτοῖς
2701 3928 2797 3981 καὶ
2854 3928 2947 3983 τοῦ
2996 3927 3291 3996 λεγομένου
3331 3930 3598 3998 Σακτίκη.
3641 3928 3743 3981 Καὶ

2166 4018 2400 4091 παρῄνει
2420 4020 2631 4085 τούτοις
2654 4023 2751 4075 καὶ
2775 4020 3151 4092 προύτρέπετο
3171 4022 3317 4075 κατὰ
3340 4021 3452 4075 τῶν
3490 4021 3736 4077 ἐναντίων

2166 4112 2403 4179 ἐξελθεῖν
2436 4114 2531 4167 καὶ
2574 4113 2673 4183 τῆς
2709 4113 2967 4185 πατρίδος
2992 4114 3547 4184 ιὺπεραγωνίσασθαι.
3588 4114 3646 4167 Οἱ
3688 4111 3737 4164 δι

2168 4204 2452 4258 συνέθεντο
2508 4203 2747 4273 ἑτοίμως
2803 4205 2903 4275 τῆς
2955 4203 3122 4257 αὑτοῦ
3176 4203 3459 4273 βασιλείας
3508 4205 3604 4257 καὶ
3630 4201 3731 4255 τῶν

2165 4296 2507 4368 Χριστιανῶν
2569 4296 3103 4367 ὑπεραποθνήσκειν.
3172 4297 3250 4367 Τῇ
3320 4292 3415 4350 οῦν
3482 4296 3736 4366 ἐπαύριον

2166 4387 2552 4451 καθοπλισθεὶς
2571 4388 2724 4458 παρὰ
2753 4387 2851 4442 τοῦ
2884 4387 3149 4459 βασιλέως
3178 4389 3205 4441 ὁ
3235 4387 3531 4459 εἰρημένος
3559 4386 3739 4442 Σακτῐ-

2166 4496 2267 4549 κης
2289 4478 2465 4549 ἀληθῆ
2492 4478 2660 4533 οὖσαν
2694 4478 2791 4551 τὴν
2814 4480 2982 4533 αὑτοῦ
3016 4480 3201 4534 πίστιν
3230 4481 3328 4533 καὶ
3361 4480 3590 4552 ἀνδρίαν
3645 4481 3742 4533 ἀπ-

2168 4570 2369 4635 έδειξεν
2402 4587 2416 4601 ⁸
2447 4571 2676 4625 ὄπισθεν
2708 4572 2818 4641 γὰρ
2840 4572 2949 4625 τῶν
2983 4571 3316 4643 ὼυλγάρων
3340 4573 3636 4642 γενόμενος
3656 4569 3742 4624 καὶ

2166 4665 2248 4727 εἰς
2299 4663 2361 4717 τὸ
2418 4663 2788 4732 στρατόπεδον
2828 4664 3009 4718 αὑτῶν
3059 4664 3323 4719 εἰσελθὼν
3380 4665 3600 4728 πάντας
3625 4663 3740 4723 τοὺς

2166 4754 2284 4807 ἐκεῖ
2313 4752 2635 4823 εὑρεθέντας
2664 4754 3027 4822 κατέσφαξεν.
3064 4754 3350 4817 Μαθόντες
3377 4752 3476 4808 οὑν
3501 4755 3552 4808 οί
3586 4751 3742 4807 Βούλ-

2167 4862 2328 4917 γαροι
2362 4845 2425 4899 τὸ
2450 4845 2677 4914 γεγονὸς
2700 4845 3142 4915 ὑποστρέφουσιν
3179 4846 3239 4899 ιν
3267 4846 3348 4916 τῷ
3376 4845 3740 4917 στρατοπέδῳ,

2167 4939 2263 4993 καὶ
2294 4938 2535 5007 πολέμου
2576 4938 3044 5011 συγκροτηθέντος
3069 4938 3334 5011 τρέπουσι
3355 4938 3450 4992 τὸν
3480 4938 3745 5007 Σακτίκην

2168 5036 2265 5089 σὺν
2295 5036 2494 5103 ὀλίγων
2526 5034 2867 5106 ὑπάρχοντα.
2916 5034 2974 5087 '0
3003 5034 3061 5088 δι
3089 5033 3280 5103 ιπειδή
3310 5034 3581 5103 γενναίως
3610 5035 3743 5098 ἀγω·

2167 5128 2455 5198 νισάμενος
2487 5129 2581 5183 καὶ
2602 5129 2833 5192 πολλοὺς
2860 5125 3069 5181 ἀνελὼν
3097 5127 3283 5181 οὑκέτι
3318 5128 3572 5197 ἀντέχειν
3626 5123 3743 5195 ἠδύ-

2167 5233 2298 5272 νατο
2326 5216 2464 5287 πρὸς
2498 5216 2559 5270 τὸ
2599 5216 2807 5288 πλῆθος
2858 5217 2967 5270 τῶν
3004 5215 3308 5287 πολεμίων,
3367 5217 3599 5286 μεθίησι
3657 5212 3737 5267 τοῦ

2168 5307 2337 5362 ἵππου
2370 5306 2462 5361 τδν
2495 5306 2709 5377 χαλινὸν
2737 5307 2833 5361 καὶ
2874 5308 2954 5371 είς
2984 5306 3167 5380 φυγὴν
3217 5305 3301 5380 [Ρ.
3333 5306 3464 5380 230]
3526 5308 3739 5379 ἧλαυνι.

2167 5398 2420 5469 Ποταμὸν
2457 5398 2516 5454 δέ
2548 5417 2674 5455 τινα
2705 5399 3089 5472 παραρρέοντα
3118 5400 3416 5470 διαπερῶν,
3457 5398 3556 5454 τοῦ
3588 5400 3747 5453 ἵππον

2166 5491 2333 5545 αὑτοῦ
2360 5491 2418 5544 ιν
2463 5494 2531 5562 τῇ
2560 5495 2752 5546 τούτου
2793 5493 2901 5546 ίλύῖ
2952 5492 3325 5563 ἐμπαγέντος,
3382 5490 3750 5562 τιτρώσκεται

2168 5580 2311 5634 κατὰ
2334 5580 2434 5651 τῆς
2482 5582 2648 5654 ἔδρας
2706 5582 2804 5637 καὶ
2839 5582 2934 5636 τοῦ
2960 5582 3160 5654 μηροῦ.
3186 5581 3357 5644 Μόλις
3388 5576 3483 5636 οὖν
3518 5581 3619 5635 τοῦ
3668 5581 3759 5634 ἴπ-

2166 5692 2269 5728 που
2324 5676 2390 5727 ἐκ
2443 5675 2541 5744 τῆς
2592 5675 2736 5740 ἰλύος
2784 5675 3231 5739 ἀνασπασθέντος
3292 5674 3595 5747 συνεργεία
3648 5674 3763 5728 τῶν

2168 5769 2271 5821 ὑπὸ
2299 5769 2455 5839 χεῖρα
2482 5768 2814 5835 διασώζεται
2846 5770 3010 5841 μέχρι
3066 5768 3175 5822 τῶν
3208 5766 3533 5839 Βλαχερνῶν
3578 5783 3595 5798 ⁸
3660 5768 3739 5824 τε)
