3962 6204
241 317 333 383 ίὲί

1213 318 1358 378 LlB.
1385 319 1483 381 Vl.
1530 345 1599 357 --
1636 319 2008 383 ROMANUS
2046 326 2382 391 LACAPEN
2395 332 2503 391 US.

3401 340 3503 406 4:22

236 430 409 493 τεθεὶς
434 429 496 482 ὲν
522 430 588 501 τῇ
615 427 749 497 άγίᾳ
781 428 944 499 σορῷ,
984 429 1203 501 καιρίας
1234 431 1334 501 τῆς
1366 432 1584 503 πληγῆς
1624 432 1813 505 οὔσης,

1927 452 2052 493 soro
2114 442 2384 513 (loculum
2429 446 2613 517 dicas)
2666 450 2898 518 positus,
2938 468 3061 507 cuiu
3109 454 3300 512 vulnus
3347 459 3504 520 letale

235 525 298 596 τῇ
327 522 492 575 νυκτὶ
522 519 901 591 ἐτελεύτησεν.

304 623 395 672 ια’.
438 613 759 684 Τηνικαῦτα
793 613 852 667 δὲ
894 612 989 668 καὶ
1048 614 1344 685 Πετρωνᾶς
1392 613 1823 687 αίδεσιμώτατος

232 707 532 779 προστάξει
583 705 869 774 Ῥωμανοῦ
905 705 1177 777 βασιλέως
1209 707 1419 777 ἧγαγεν
1468 708 1822 778 λαρνακίδιον

228 798 441 863 ἐνδοξον
484 799 531 829 '°
567 797 627 849 ἓν
654 797 751 851 καὶ
782 798 946 868 ἕτερα
977 796 1071 850 δύο
1095 797 1311 868 γλυφῆς
1365 800 1708 872 ἀμοιροῦντα
1756 804 1823 855 ἐκ

226 888 449 960 τῆςτοῦ
493 888 679 957 ’Δγίου
713 891 1012 960 Μάμαντος
1039 890 1295 962 ἀνδρείας
1320 893 1511 964 μονῆς,
1537 893 1639 961 τῆς
1680 894 1820 966 πλη·-

229 983 346 1036 οίον
368 981 537 1051 οῦσης
563 982 665 1051 τῆς
712 981 1065 1053 Ξηροκέρκου
1119 983 1425 1056 λεγομένης
1478 985 1708 1056 πόρτης.
1761 989 1821 1041 ὲν

228 1069 311 1139 οἷς
341 1090 475 1143 φασι
510 1074 937 1127 συναποκεῖπθαι
962 1075 1271 1144 Μαυρίκιον
1303 1076 1401 1131 σὺν
1443 1080 1560 1141 τοῖς
1583 1077 1773 1131 παισίν
1803 1094 1818 1109 ο

227 1169 263 1222 ἃ
292 1170 389 1223 καὶ⁵
420 1168 666 1239 ἀπετέθη
693 1171 751 1222 ἐν
782 1172 849 1239 τῇ
883 1167 979 1221 τοῦ
1021 1167 1289 1238 βασιλέως
1337 1169 1624 1241 Ῥωμανοῦ
1682 1174 1817 1243 μονῇ

226 1262 349 1333 ἢτοι
377 1262 459 1325 είς
484 1260 545 1313 τὸ
572 1261 899 1332 Μυρέλαιον.

294 1440 386 1514 ιβ’.
439 1440 718 1512 Ἀδριανὸς
741 1440 800 1495 δέ
837 1458 921 1505 τις
968 1441 1214 1507 Χάλδος,
1252 1445 1393 1516 πρὸς
1430 1446 1487 1500 δὲ
1526 1447 1819 1518 Τατζάκης

235 1532 529 1603 ’Δρμὲνιος
554 1530 811 1594 πλούσιος
836 1531 1003 1598 πάνυ,
1037 1535 1103 1603 τῇ
1134 1532 1386 1605 ὑποθήκῃ
1428 1535 1523 1588 καὶ
1577 1535 1818 1605 συμϐου-

224 1624 289 1695 λῇ
320 1625 511 1694 Βάρδα
540 1623 633 1676 τοῦ
681 1622 860 1693 Βοήλα
895 1624 1341 1694 στρατηγοῦντος
1375 1628 1432 1680 ὲν
1465 1626 1675 1699 Χαλδία
1716 1646 1816 1682 τυ-

221 1717 458 1790 ραννίδα
492 1715 585 1769 καὶ
635 1714 943 1787 ἀνταρσίαν
991 1715 1135 1770 κατά
1212 1717 1497 1787 Ῥωμανοῦ
1550 1718 1817 1790 βασιλέως

224 1807 581 1872 σκευάζουσι,
615 1806 677 1861 τὸ
708 1808 988 1878 Παΐπερτε
1013 1808 1312 1878 λεγόμενον
1336 1808 1603 1882 ὀχύρωμα
1644 1828 1812 1865 κατα-

222 1900 449 1972 σχόντες
480 1915 493 1927 '
530 1897 625 1964 οὓς
654 1900 682 1952 ὁ
711 1898 821 1952 τῶν
852 1898 1059 1971 σχολῶν
1106 1900 1435 1971 δομέστικος
1497 1902 1751 1973 Ἰωάννης
1782 1903 1812 1954 ό

220 1991 549 2063 Κουρκούας
579 1993 1045 2063 καταπολεμήσας
1075 1993 1171 2046 καὶ
1195 1991 1491 2063 κατασχὼν
1529 1995 1657 2059 τοὺς
1708 1995 1811 2064 μὲν

220 2080 727 2153 περιερανεστέρους
760 2081 1083 2151 ἀποτυφλοῖ,
1125 2082 1224 2146 τὰς
1283 2083 1472 2146 οὐσίας
1502 2084 1683 2137 αὐτῶν
1712 2084 1809 2155 δη-

226 2172 465 2243 μεύσας,
493 2174 618 2236 τοὺς
656 2173 713 2226 δὲ
736 2176 1028 2244 πενιχροὺς
1059 2174 1151 2229 καὶ
1201 2176 1452 2247 ἀσήμους
1476 2177 1687 2242 άθὼους
1715 2195 1811 2232 κεν

221 2263 427 2328 λεύσας
454 2264 557 2336 ὅπη
593 2264 871 2335 βούλοιντο
896 2267 1139 2322 ἀπιέναι.
1190 2269 1482 2343 Τατζάκης
1511 2271 1570 2324 δὲ
1595 2273 1654 2326 ὲν
1688 2272 1809 2327 ὲτέ-

222 2373 304 2428 ρῳ
332 2356 666 2428 όχυρωτάτῳ
720 2357 1025 2431 καστελλίῳ
1053 2358 1267 2429 φυγὼν,
1297 2362 1394 2415 καὶ
1423 2362 1580 2431 λόγον
1601 2363 1697 2417 τοῦ
1730 2365 1806 2436 μή

215 2467 271 2501 τι
300 2449 477 2503 κακὸν
512 2450 706 2502 παθεῖν
738 2449 1050 2521 δεξάμενος,
1071 2454 1129 2505 ἐν
1160 2456 1227 2524 τῇ
1256 2455 1407 2508 πόλει
1440 2456 1805 2525 εἰσεληλύθει,

218 2541 313 2594 καὶ
346 2543 413 2611 τῇ
446 2539 543 2593 τοῦ
573 2541 946 2609 μαγγλαϐίτου
979 2544 1105 2615 ἀξίᾳ
1130 2547 1387 2618 τιμηθεὶς
1437 2547 1495 2601 ἐν
1545 2548 1624 2618 τῷ
1674 2549 1809 2620 οἴκῳ

215 2631 325 2683 τῶν
358 2631 661 2702 μαγγάνων
698 2631 919 2703 διῃτᾶτο
943 2635 1298 2705 τηρούμενος.
1319 2638 1572 2708 Δρασμδν
1592 2638 1649 2691 δὲ
1679 2640 1808 2708 βου·

215 2722 559 2792 λευσάμενος
596 2722 879 2776 ἁλίσκεται
903 2726 998 2779 καὶ
1048 2727 1156 2779 τῶν
1206 2728 1469 2799 ὀμμάτων
1514 2733 1805 2802 στερεῖται.

217 2815 436 2887 Βάρδαν
462 2815 521 2868 δὲ
574 2816 664 2868 τὸν
698 2815 906 2887 Βοήλαν
941 2819 1245 2891 ἀπέκειραν
1279 2822 1534 2893 μοναχὸν,
1570 2822 1663 2877 τοῦ
1710 2822 1809 2882 βα-

218 2909 415 2971 σιλέως
452 2908 617 2961 αὐτὸν
647 2911 1115 2979 κατοικτείροντος
1147 2912 1298 2980 φίλον
1324 2914 1684 2984 τυγχάνοντα.

287 3000 383 3073 ιγ’.
426 3004 538 3056 Τοῦ
564 3004 621 3056 δὲ
642 3004 935 3075 πατρικίου
978 3004 1073 3058 τοῦ
1107 3006 1283 3070 οὕτως
1326 3009 1805 3079 ὲπονομαζομὲνου

217 3096 629 3167 Μωρολέοντος,
653 3096 685 3165 ἢ
721 3096 923 3166 μᾶλλον
953 3099 1127 3151 είπείν
1151 3099 1483 3170 οἰκειότερον
1505 3102 1807 3168 Θυμολέονο

216 3206 331 3253 τος,
378 3188 882 3258 Ἀδριανουπόλεως
920 3188 1378 3261 στρατηγοῦντος,
1421 3194 1716 3261 κρατίστου
1741 3195 1810 3249 τά

219 3280 502 3352 πολεμικά
530 3280 627 3332 καὶ
655 3279 961 3350 περιδεξίου
1013 3283 1399 3352 τυγχάνοντος,
1453 3283 1512 3347 ὃς
1551 3284 1813 3349 πλείστας

220 3374 362 3428 κατὰ
397 3372 730 3443 Βουλγάρων
765 3374 1134 3443 ἀνδραγαθίας
1198 3374 1534 3439 ἐπεδείξατο,
1591 3379 1620 3432 ὁ
1658 3376 1816 3432 Βούλ-

218 3483 389 3537 γαρος
417 3464 651 3536 Συμεὼν
673 3464 771 3537 τὴν
801 3468 1101 3539 είρημένην
1156 3468 1312 3521 πόλιν
1364 3469 1462 3521 σὺν
1515 3471 1681 3523 παντὶ
1728 3470 1809 3542 τῷ

218 3554 599 3627 στρατεύματι
634 3555 1100 3624 περιεκύκλωσεν,
1124 3560 1220 3610 καὶ
1250 3559 1468 3628 χάρακα
1495 3559 1812 3630 περιϐαλὼν

219 3647 465 3719 ἰσχυρῶς
502 3645 708 3717 ταύτην
737 3647 1064 3719 ἐπολιόρκει.
1090 3650 1246 3703 Ἐπεὶ
1278 3652 1334 3705 δὲ
1359 3651 1386 3703 ὃ
1416 3669 1475 3704 τε
1518 3655 1663 3717 σῖτος
1687 3654 1815 3720 τοὺς

214 3743 272 3794 ιν
301 3744 375 3811 τῇ
407 3738 570 3792 πόλει
596 3738 939 3793 ἐπελελοίπει
973 3742 1067 3794 καὶ
1117 3740 1271 3811 λιμὸς
1315 3742 1502 3808 ἐπίεζε
1551 3746 1815 3816 κραταιὸς

213 3831 554 3905 (οὐδαμόθεν
582 3831 691 3901 γὰρ
718 3827 866 3902 εἶχον
900 3832 1359 3904 ἐπισιτίσασθαι),
1396 3838 1462 3906 τῇ
1486 3836 1668 3908 ἐνδείᾳ
1694 3856 1815 3891 πιε-

196 3928 449 3999 (spem
472 3928 879 3999 προδεδώκασιν
951 3931 1183 3995 ἑαυτοὺς
1221 3932 1319 3985 καὶ
1359 3932 1450 3986 τὸν
1508 3937 1815 4005 στρατηγὸν

214 4024 335 4084 τοῖς
382 4021 721 4094 Βουλγάροις
754 4038 769 4054 ο
814 4021 875 4075 ὃν
938 4024 1349 4094 χειρωσάμενος
1420 4027 1666 4096 Συμεὼν,
1719 4029 1816 4083 καὶ

214 4113 403 4185 δεσμά
428 4115 553 4169 καθ’
575 4115 697 4169 ὅλου
728 4115 822 4169 τοῦ
859 4115 1116 4187 σώματος
1184 4118 1496 4190 περιϐαλὼν
1554 4122 1650 4173 καὶ
1708 4139 1814 4192 μυ-

217 4206 374 4276 ρίαις
406 4209 614 4271 αἰκίαις
649 4208 841 4263 τοῦτον
893 4208 977 4281 [Ρ.
1004 4209 1138 4282 251]
1180 4211 1666 4281 τιμωρησάμενος,
1725 4230 1816 4266 τε-

214 4300 474 4355 λευταῖον
495 4302 782 4355 ἀπέκτεινε
816 4301 1033 4370 θανάτῳ
1056 4303 1251 4374 πικρῷ
1275 4302 1413 4374 ἀξίῳ
1462 4304 1561 4373 τῆς
1616 4304 1814 4359 ἑαυτοῦ

217 4395 612 4465 ἀπηνεστάτης
645 4396 1049 4465 καὶὠμοτάτης
1077 4396 1283 4466 ψυχῆς.
1318 4398 1656 4467 Βουλγάροις
1712 4395 1811 4454 οὖν

1921 544 2091 597 esset,
2137 550 2168 589 e
2207 536 2347 594 vivis
2385 541 2620 597 excedit.

1996 626 2080 680 ll.
2133 625 2247 682 Sub
2293 629 2436 684 idem
2477 640 2692 703 tempus
2732 633 3015 703 Petronas,
3058 638 3141 693 vir
3169 640 3511 700 clarissimus

1922 732 2247 789 summeque
2282 724 2638 790 venerabilis,
2685 727 2915 782 Romani
2955 730 3307 798 imperatoris
3344 734 3502 803 jussu

1923 809 2190 865 minorem
2224 829 2420 868 urnam
2462 833 2628 873 unam
2660 823 2875 891 egregie
2900 822 3233 879 elaboratam
3259 826 3507 897 duasque

1920 901 2055 955 alias
2103 904 2251 958 nulla
2292 909 2591 978 sculptura:
2617 922 2734 967 arte
2763 915 3006 982 caelatas,
3033 932 3097 971 ex
3131 915 3189 972 S.
3216 918 3508 976 Mamantis

1918 992 2161 1049 virorum
2224 996 2388 1070 404
2448 1005 2803 1069 monasterio.
2859 1008 3001 1077 quod
3057 1010 3221 1065 silum
3286 1021 3371 1068 est
3436 1015 3503 1069 at":

1921 1086 2139 1143 Portam
2213 1105 2377 1159 quam
2451 1093 2811 1151 Xerocereem
2880 1109 3093 1164 vocant,
3145 1103 3393 1170 advexit;
3449 1106 3486 1159 it

1922 1181 2121 1249 quibus
2174 1181 2315 1237 fama
2357 1193 2442 1240 est
2475 1188 2755 1243 conditura
2804 1191 2975 1245 fuisse
3026 1191 3345 1250 Mauricium
3380 1214 3503 1252 cum

1919 1274 2068 1327 filiis.
2113 1274 2243 1341 Qum
2295 1285 2351 1331 et
2397 1278 2447 1331 in
2489 1279 2720 1335 Romani
2773 1285 3108 1340 monasterio
3152 1286 3285 1357 (hoc
3318 1298 3404 1344 est
3450 1291 3500 1344 in

1918 1367 2204 1441 Myrelzeo)
2237 1370 2461 1427 fuerunt
2512 1375 2795 1445 depositze.

1993 1462 2080 1516 l2.
2138 1465 2414 1522 Adrianus
2464 1482 2595 1523 vero
2644 1468 2867 1539 quidam
2919 1471 3185 1539 Chaldus,
3236 1489 3334 1529 nec
3394 1490 3503 1529 non

1918 1554 2181 1612 Tatzaees
2214 1559 2529 1628 Armenius,
2572 1562 2656 1616 vir
2706 1580 2922 1619 summe
2967 1566 3229 1635 locuples,
3262 1568 3508 1623 consiliis

1923 1652 2258 1723 hortatuque
2309 1652 2500 1711 Bardae
2550 1656 2749 1723 Boelaa,
2792 1658 2885 1728 qui
2930 1658 2983 1712 in
3040 1657 3271 1714 Chaldia
3313 1660 3507 1715 ductor

1846 1782 1893 1843 Β
1923 1744 2161 1799 militum
2193 1754 2331 1811 erat,
2368 1748 2711 1817 tyrannidem
2756 1758 2981 1803 struunt
3008 1750 3384 1821 rebellantque
3413 1751 3509 1806 ad-

1921 1852 2113 1893 versus
2166 1837 2469 1894 Romanum
2506 1841 2912 1911 imperatorem,
2962 1841 3212 1913 Paipcrte
3260 1842 3373 1914 (sic
3405 1859 3506 1899 no-

1919 1930 2161 2002 minato)
2211 1933 2411 2002 oppido
2458 1934 2670 1988 munito
2719 1944 3009 2004 occupato.
3060 1934 3265 1991 llorum
3301 1938 3506 2004 potitus

1916 2022 2160 2079 Joannes
2209 2023 2457 2079 Cur-enus
2501 2025 2815 2081 scholarum
2866 2028 3203 2083 domesticus
3240 2029 3389 2099 ipsos
3424 2039 3508 2084 te-

1919 2118 2077 2183 nuit;
2130 2132 2363 2187 quorum
2438 2118 2856 2184 illustrioribus,
2919 2121 3194 2190 publicata
3242 2122 3504 2193 ‘ipsorum

1918 2209 2252 2279 substantia,
2298 2212 2490 2267 oculos
2537 2213 2766 2279 adimit;
2800 2214 2961 2279 alios,
2989 2216 3081 2284 qui
3114 2229 3383 2286 pauperes
3422 2231 3510 2272 es-

1916 2313 2041 2359 sent
2068 2312 2233 2375 atque
2267 2306 2513 2369 obscuri.
2543 2323 2653 2377 quo
2686 2309 2885 2363 vellent
2917 2310 3067 2363 abire
3094 2311 3281 2380 jussit.
3311 2310 3507 2366 Tatza-

1916 2408 2031 2456 ces,
2072 2395 2181 2449 alia
2224 2395 2591 2451 munitissima
2632 2413 2757 2453 arce
2790 2411 3052 2472 occupata
3086 2402 3298 2470 fideque
3330 2402 3509 2469 impu-

1918 2482 2107 2537 uitatis
2131 2484 2199 2538 ab
2227 2485 2542 2540 scholarum
2577 2488 2884 2543 domestico
2909 2500 3151 2557 accepta,
3183 2489 3505 2560 Byzantium

1916 2575 2101 2641 venit;
2137 2575 2320 2645 ibique
2352 2579 2698 2648 manglabita:
2731 2580 2995 2649 dignitate
3031 2591 3226 2636 auctus
3264 2582 3315 2635 in
3347 2598 3509 2636 man-

1917 2679 2184 2731 ganorum
2248 2667 2413 2721 domo
2470 2668 2576 2722 sub
2624 2669 2874 2723 custodia
2929 2669 3145 2741 agebat.
3182 2670 3319 2727 Cum
3371 2686 3505 2726 vero

1917 2758 2101 2828 fugam
2127 2759 2303 2813 moliri
2325 2760 2708 2831 deprehensus
2736 2771 2905 2825 esset,
2942 2764 3085 2818 oculi
3112 2764 3159 2817 ei
3186 2766 3327 2819 eruti
3354 2773 3504 2819 sunt.

1926 2849 2161 2905 Bardam
2190 2850 2433 2917 Boelam,
2467 2852 2805 2923 imperatore
2835 2853 2975 2910 bene
3008 2855 3056 2909 ei
3094 2855 3306 2911 volente
3340 2865 3507 2927 atque

1916 2941 2066 2997 illius
2105 2942 2419 3009 miserente,
2452 2944 2784 3000 monachum
2833 2945 3221 3002 detonderunt.

1991 3032 2080 3087 l3.
2132 3032 2375 3087 Patricio
2406 3048 2533 3088 vero
2566 3034 2680 3106 (sic
2710 3034 3027 3105 appellato)
3060 3035 3370 3092 Moroleone
3407 3052 3503 3093 seu

1837 3144 1879 3203 ο
1917 3124 2100 3194 potius
2150 3122 2525 3195 Tliymoleone
2575 3126 2761 3196 (velut
2813 3125 2988 3187 dicas,
3056 3128 3234 3182 virum
3302 3128 3504 3183 leonini

1916 3217 2156 3286 pectoris
2208 3227 2374 3286 atque
2431 3216 2634 3283 animi)
2701 3214 3195 3287 Adrianopolitano
3259 3228 3492 3288 praetore

1914 3310 2107 3365 bellica
2144 3306 2464 3362 fortitudine
2491 3321 2556 3363 ac
2596 3307 2818 3363 solertia
2861 3308 3077 3379 egregie
3111 3309 3395 3374 instructo,
3447 3319 3506 3364 ut

1915 3401 2011 3472 qui
2051 3400 2196 3454 haud
2233 3415 2358 3452 raro
2390 3398 2654 3454 adversus
2687 3398 2954 3471 Bulgaros
2983 3416 3098 3454 rem
3131 3408 3355 3453 strenue
3384 3416 3505 3470 ges-

1916 3501 2085 3555 serat,
2123 3491 2358 3563 Symeon
2400 3490 2688 3559 Bulgarus,
2737 3506 2862 3545 cum
2910 3492 3168 3546 omnibus
3199 3492 3374 3561 copiis
3407 3506 3504 3546 ur-

1916 3585 2038 3640 bem
2067 3585 2327 3640 obsidens
2358 3600 2421 3639 ac
2451 3585 2594 3639 vallo
2624 3585 2870 3655 cingens.
2900 3584 3101 3640 validis
3127 3586 3302 3655 ipsam
3333 3587 3504 3640 armis

1917 3679 2135 3747 premit.
2164 3677 2326 3749 405
2370 3677 2638 3747 Oppidani
2679 3678 2965 3734 deficiente
3011 3693 3231 3733 annona
3265 3694 3329 3733 ac
3363 3678 3506 3734 fame

1917 3773 2154 3842 graviter
2182 3772 2388 3836 afﬂicti,
2413 3787 2538 3825 cum
2576 3780 2919 3827 commeatus
2946 3772 3168 3841 parandi
3200 3772 3347 3826 nulla
3381 3786 3505 3841 spes

1918 3860 2222 3929 aﬂ'ulgcret,
2289 3861 2512 3927 penuria
2565 3861 2741 3927 pressi
2794 3875 2854 3915 se
2896 3876 3169 3930 suumque
3219 3872 3502 3931 praetorem

1919 3949 2169 4019 Bulgaris
2217 3950 2492 4005 dedidere.
2529 3949 2688 4005 Hunc
2720 3958 2913 4005 nactus
2953 3950 3190 4021 Symeon
3227 3959 3339 4005 toto
3377 3965 3504 4004 cor-

1918 4059 2051 4114 pore
2087 4044 2332 4098 vinctum
2382 4044 2799 4111 innumerisque
2853 4044 3171 4099 verberibus
3221 4041 3501 4106 affectum,

1918 4135 1986 4189 ad
2034 4142 2336 4187 extremum
2382 4133 2582 4188 acerba
2632 4142 2827 4196 morte,
2876 4142 2928 4186 et
2972 4149 3096 4203 quae
3140 4133 3502 4188 saevissimam

1918 4235 1975 4282 et
2020 4224 2459 4280 crudelissimam
2506 4225 2680 4294 ipsius
2736 4226 2975 4280 indolem
3026 4227 3267 4290 deceret,
3324 4225 3502 4279 virum

1919 4318 2164 4373 sustulit.
2192 4316 2441 4389 Bulgaris
2464 4317 2647 4388 itaque
2673 4318 2726 4372 in
2757 4319 2891 4373 urbe
2924 4317 3278 4388 praesidiariis
3304 4316 3506 4372 relictis

1918 4410 2172 4466 discedit.
2204 4411 2532 4467 Praesidiarii
2582 4426 2730 4473 vero,
2765 4410 2954 4465 audito
3003 4409 3377 4463 Romanorum
3411 4422 3506 4463 co-

220 4489 325 4557 τὴν
361 4490 463 4558 τῆς
496 4488 703 4553 πόλεως
756 4489 1007 4561 φυλακὴν
1064 4488 1345 4559 παραδοὺς
1398 4490 1757 4562 ὑπεχώρησεν
1792 4513 1806 4526 ·

1927 4505 2043 4575 pias
2074 4505 2127 4559 in
2156 4507 2304 4575 ipsos
2333 4505 2604 4574 ingruere,
2635 4503 2820 4558 relicta
2852 4502 2987 4557 urbe
3016 4502 3304 4567 abierunt;
3340 4502 3506 4572 inque

219 4578 270 4628 οἳ
299 4585 405 4649 την
444 4578 561 4632 κατ’
616 4580 799 4633 αὐτῶν
846 4578 940 4632 τοῦ
1002 4580 1297 4650 Ῥωμαίων
1343 4582 1580 4651 στρατοῦ
1628 4583 1816 4651 ἔφοδον

222 4669 546 4739 ἀκηκοότες,
581 4672 790 4743 ταύτην
819 4672 1210 4735 καταλιπόντες
1238 4671 1501 4743 ἀπῆλθον,
1542 4675 1635 4728 καὶ
1653 4675 1816 4730 πάλιν

232 4763 343 4814 ὑπὸ
385 4764 703 4835 Ῥωμαίους
728 4766 866 4836 αὐτὴ
904 4765 1143 4834 ἐγένετο.

296 4856 379 4910 ιδ’.
435 4857 667 4923 Λέοντος
714 4859 772 4913 δὲ
824 4858 921 4912 τοῦ
964 4858 1293 4931 Τριπολίτου
1351 4861 1490 4931 μετά
1530 4860 1816 4932 δυνάμεως

223 4948 427 5019 πολλῆς
460 4951 557 5004 καὶ
596 4951 800 5005 πλοίων
836 4951 1154 5022 πολεμικῶν
1193 4953 1338 5007 κατά
1377 4953 1664 5024 Ῥωμαίων
1723 4955 1815 5021 ἑξ-

224 5040 477 5106 ελθόντος
518 5044 618 5098 καὶ
669 5044 729 5097 ὲν
775 5046 841 5116 τῇ
907 5045 1057 5115 νήσῳ
1106 5044 1314 5116 Λήμνῳ
1387 5046 1812 5115 καταλαϐόντος,

231 5133 492 5206 Ἰωάννης
527 5133 817 5207 πατρίκιος
870 5135 967 5189 καὶ
994 5134 1354 5207 δρουγγάριος
1388 5138 1498 5191 τῶν
1553 5139 1817 5209 πλωῖμων

215 5224 247 5275 ὁ
291 5225 541 5290 Ῥαδινὸς
582 5224 1093 5296 κατονομαξόμενος
1130 5227 1413 5295 αἰφνιδίως
1459 5228 1685 5283 ἐπέθετο
1714 5230 1816 5284 αὑ-

205 5315 329 5386 τῷ·
372 5318 467 5371 καὶ
496 5317 738 5388 πολέμου
771 5317 1077 5387 γεγονότος,
1134 5317 1269 5371 Θεοῦ
1328 5319 1591 5392 συνεργίᾳ
1634 5322 1682 5375 οἱ
1721 5321 1813 5377 ὑπ’

203 5407 378 5462 αὑτὸν
415 5408 715 5480 τρέπονται
779 5408 1109 5482 ’Δγαρηνοὶ,
1141 5412 1291 5481 μόλις
1324 5409 1379 5464 δὲ
1416 5410 1578 5482 μόνος
1605 5415 1633 5467 ό
1684 5414 1820 5488 Τρια-

189 5498 446 5571 τολίτης
471 5502 619 5573 φυγῇ
646 5499 990 5567 διασώζεται.
1238 5506 1263 5575 >

281 5596 376 5649 ιε’.
412 5592 784 5668 Σεπτεμϐρίῳ
831 5594 889 5649 δὲ
926 5595 1080 5668 μηνὶ,
1142 5594 1476 5660 ινδικτιῶνος
1525 5598 1807 5673 δευτέρας,

1929 4598 2076 4652 hunc
2114 4599 2337 4653 modum
2378 4612 2408 4652 a
2446 4596 2708 4652 Romanis
2742 4598 2872 4651 urbs
2905 4604 3123 4666 recepta
3153 4604 3256 4650 est.

1997 4869 2085 4924 H.
2118 4867 2230 4924 Leo
2275 4867 2537 4937 Tripolita
2569 4880 2693 4921 cum
2736 4881 2930 4937 magna
2978 4866 3154 4922 classe
3190 4867 3507 4938 ingentique

1923 4961 2167 5018 exercitu
2205 4961 2471 5015 adversus
2496 4958 2774 5015 Romanos
2800 4974 3078 5030 egressus,
3116 4959 3205 5015 ubi
3240 4959 3504 5015 Lemnum

1924 5061 2267 5123 occupasset,
2302 5050 2544 5106 Joannes
2571 5048 2819 5105 Radinus
2857 5050 3140 5121 patricius,
3172 5051 3247 5104 rei
3298 5050 3507 5105 navalis

1922 5147 2276 5218 drungarius,
2310 5160 2436 5199 eum
2475 5152 2699 5215 repente
2748 5157 3040 5215 aggressus
3074 5151 3192 5208 est;
3221 5151 3506 5197 conserta-

1928 5256 2036 5311 que
2068 5254 2270 5311 pugna,
2300 5237 2393 5293 Dei
2430 5253 2551 5308 ope,
2590 5237 2693 5292 sub
2724 5252 2791 5291 eo
2828 5245 3098 5292 merentes
3127 5234 3362 5305 Agareni
3400 5234 3505 5290 fusi

1926 5341 2057 5389 sunt
2108 5343 2274 5402 atque
2327 5330 2523 5401 fugati,
2570 5330 2835 5400 solusque
2878 5329 2994 5399 ipse
3049 5327 3312 5399 Tripolita
3367 5343 3509 5401 agre

1928 5423 2058 5494 fuga
2097 5425 2329 5481 salutem
2370 5424 2635 5495 expediit.

1996 5607 2086 5665 15.
2115 5607 2297 5665 Mense
2317 5607 2649 5681 Septembri,
2667 5607 2963 5667 indictione
2994 5607 3253 5676 secunda,
3272 5608 3507 5682 Symeoa

1494 5691 1739 5751 VARUE
1776 5700 2173 5763 υῖοτιοηπς.

302 5774 337 5811 ¹⁹
383 5778 503 5833 imo
535 5778 787 5849 ἔνξῳδον,
815 5781 962 5852 quod
987 5781 1129 5837 infra
1167 5792 1251 5838 est
1282 5798 1335 5856 p.
1371 5784 1473 5840 577
1511 5784 1569 5841 d.
