3962 6204
548 328 654 395 12⁸1

1638 306 2146 371 THEUPIIANES
2176 298 2729 364 CONTINUATUS.

3679 270 3813 346 ηε·

551 451 765 518 νιγίιμιίξ
811 441 1046 514 speciem
1100 445 1153 493 et
1185 434 1385 490 tolmrv
1418 429 1823 498 infractumquo
1882 427 2126 480 animum

2249 420 2524 490 ιεγιστᾶσι
2555 415 2656 487 τὴν
2684 411 2777 466 τοῦ
2820 406 3083 480 βασιλέως
3115 398 3417 476 ἀπήγγειλε
3451 403 3652 456 σύνεσιν
3688 409 3769 457 καὶ

2377 512 2389 518 -
2630 505 2746 518 ...Α
2791 505 2804 518 1
2849 503 2875 518 ν
2972 501 3015 518 οι
3067 497 3309 518 ,04,~_!
3356 514 3406 518 -_
3450 491 3734 518 _!2-_._1s,-

556 535 1125 599 innnensis’landibus
1162 526 1425 583 celebrat:

627 718 714 772 l7.
741 713 955 769 Mensis’
978 704 1289 763 Decembris
1312 702 1397 757 die
1422 699 1684 770 vigesima
1715 696 1906 767 quinta
1930 694 2129 747 Roma-

555 827 660 867 nus
699 806 836 863 lilios
876 818 1007 859 suos
1029 799 1379 867 'Stephanum
1429 800 1481 847 et
1511 787 1933 845 Constantinum
1964 796 2128 838 coro-

555 909 649 954 nat
695 898 747 952 in
790 896 980 964 Magna
1004 887 1243 945 Ecclesia
1276 900 1288 935 :
1314 881 1406 938 sed
1437 888 1491 935 et
1519 875 1988 947 Theophylactum
2011 871 2130 940 ejus

557 983 1025 1045 ﬁlium'Nic‘oiaus
1077 976 1391 1049 patriarcha
1453 969 1713 1027 detondet
1768 965 2027 1021 clericum
2079 970 2132 1015 et

558 1081 956 1139 subdiaconum
984 1072 1152 1145 410
1203 1068 1461 1131 ordinat,
1513 1078 1578 1117 ac
1600 1060 1822 1115 tandem
1849 1064 2131 1127 promovet

557 1172 880 1246 syncellum,
912 1180 1037 1222 cum
1066 1165 1112 1219 is
1148 1161 1301 1234 prius
1352 1158 1408 1213 in
1460 1153 1926 1211 subdiaconorum
1958 1145 2129 1217 gradu

559 1269 613 1322 in
646 1272 835 1321 sancta
864 1256 1249 1330 processisset.

632 1362 719 1416 18.
772 1356 977 1411 Mensis
1012 1349 1219 1423 Aprilis
1256 1347 1344 1403 ‘die
1389 1343 1600 1402 decima
1646 1354 1792 1396 nona
1849 1337 2132 1393 Romanus

556 1455 821 1510 Joannem
855 1446 1149 1519 mysticum
1186 1452 1481 1508 rerumque
1508 1431 1868 1507 gerendarum
1903 1427 2135 1484 admini-

560 1557 733 1602 strum
802 1555 866 1595 ac
920 1518 1286 1605 subadjuvam
1351 1528 1585 1601 patricia
1642 1540 1708 1579 ac
1756 1518 2132 1593 proconsulari

558 1634 815 1704 dignitate
830 1625 1157 1692 ornavit,ita
1186 1636 1317 1677 sane
1342 1619 1545 1674 uthine
1572 1615 1648 1671 illi
1670 1612 1909 1670 conﬂata
1933 1609 2131 1664 invidia

558 1738 611 1782 et
644 1728 851 1780 illatum
884 1737 913 1776 a
946 1717 1271 1791 quibusdam
1296 1711 1504 1769 crimen
1529 1711 1621 1765 sit.

635 1819 717 1871 l9.
745 1816 866 1869 Maii
889 1810 1092 1867 mensis
1108 1809 1195 1864 die
1213 1807 1402 1878 quinta
1421 1802 1656 1865 decima,
1691 1796 1997 1854 indictione
2020 1802 2136 1848 ter-

560 1912 633 1963 tia
655 1907 887 1968 decima,
905 1903 1134 1957 moritur
1150 1898 1405 1954 Nicolaus
1420 1892 1750 1966 patriarcha,
1768 1905 1889 1944 cum
1902 1904 1931 1941 a
1951 1901 2141 1942 secun-

558 1994 629 2053 da
650 1990 1015 2064 provectione
1040 2002 1221 2042 annos
1240 1984 1498 2040 tredecim
1518 1978 1941 2049 thronovpotitns
1971 1983 2134 2030 esset.

564 2088 693 2159 Ejus
728 2097 928 2154 corpus
964 2082 1019 2135 in
1052 2077 1417 2141 nfonasterio,
1438 2074 1585 2144 quod
1611 2073 1698 2126 ille
1733 2070 2045 2125 condiderat
2076 2082 2140 2121 ac

563 2182 891 2239 Galacrenas
909 2182 1126 2237 vocant,
1148 2171 1428 2228 conditum
1448 2176 1552 2222 est.
1575 2164 1757 2220 Mense
1775 2164 2019 2232 Augusto
2038 2175 2139 2230 pa-

564 2272 804 2328 triarcha
832 2267 1108 2325 sufﬁcitur
1143 2262 1455 2333 Stephanus
1494 2259 1737 2313 Amasea:
1770 2252 2137 2323 metropolita,

566 2364 873 2418 mmnchns.
895 2357 1080 2413 Mense
1101 2353 1321 2409 Octobri
1340 2351 1578 2407 Joannes
1594 2349 1855 2419 mysticus
1870 2360 1937 2400 ac
1970 2346 2141 2413 impe-

568 2452 737 2509 ratori
758 2464 942 2506 rerum
994 2444 1357 2517 gerendarum
1402 2441 1617 2510 adjutor
1654 2437 1890 2492 aﬂ'ectati
1928 2433 2138 2504 imperii

564 2545 830 2609 defertur,
850 2542 902 2596 in
932 2554 1045 2595 rem
1064 2537 1359 2592 inducente
1375 2529 1833 2603 Cosmavpatricio
1856 2542 1920 2584 ac
1947 2542 2145 2583 cursus

565 2634 1087 2708 publici‘logotheta,
1140 2628 1233 2700 qui
1275 2625 1440 2681 ﬁliam
1479 2624 1529 2680 ei
1565 2637 1792 2678 uxorem
1846 2620 2138 2675 locaverat.

568 2731 697 2782 Eam
721 2726 790 2781 ob
808 2740 919 2779 rem
939 2722 1146 2792 ejectus
1163 2720 1254 2777 ille
1276 2717 1497 2790 quidem
1519 2715 1642 2770 aula
1665 2722 1751 2771 est
1774 2731 1788 2769 :
1812 2711 2140 2783 permissum

569 2830 751 2874 tamen
772 2816 1158 2884 imperatorem
1179 2809 1331 2865 adire
1368 2809 1527 2877 eique
1575 2806 1910 2870 ministrare,
1935 2818 1998 2858 ac
2018 2818 2141 2858 cum

566 2924 634 2966 eo
651 2904 1072 2963 communicatis
1087 2900 1353 2961 consiliis,
1375 2895 1517 2966 quod
1542 2910 1721 2966 opera:
1738 2895 1971 2963 pretium
1990 2893 2143 2947 vide-

567 3008 741 3059 retur,
768 3001 1023 3047 tractare.
1077 2988 1270 3058 Ingens
1289 2987 1487 3057 quippe
1533 2984 1587 3039 in
1635 2999 1759 3039 eum
1798 2983 2144 3053 imperatoris

566 3090 651 3144 vis
683 3084 893 3142 amoris
938 3092 1055 3138 erat
1087 3121 1102 3145 ,
1163 3078 1309 3150 quod
1367 3076 1629 3149 mysticus
1683 3075 1739 3129 in
1786 3073 2044 3129 omnibus
2092 3074 2140 3129 ei
2170 3100 2213 3158 α

568 3177 768 3235 blande
819 3181 1213 3233 assentaretur,
1262 3183 1363 3224 nec
1416 3176 1536 3222 uta
1572 3181 1631 3222 se
1663 3165 1883 3235 penitus
1924 3164 2142 3235 ablega-

568 3280 654 3327 ret
698 3270 753 3323 in
810 3268 1057 3321 animum
1122 3262 1380 3317 inducere
1428 3268 1665 3331 poterat.
1718 3256 2144 3313 Accusatorihus

567 3373 752 3421 tamen
798 3362 1176 3430 imperatorem
1221 3355 1564 3424 urgentibus,
1595 3365 1831 3419 veraque
1878 3365 1999 3404 esse
2030 3349 2135 3402 cri-

568 3458 718 3511 mina
744 3453 969 3523 rebjecta
1000 3447 1437 3510 ostendentibus,
1471 3445 1564 3499 ille
1594 3458 1707 3498 rem
1745 3450 2140 3512 perscrutatus,

569 3563 695 3603 cum
761 3560 869 3599 non
920 3541 1084 3596 aliter
1136 3538 1444 3593 sehabere
1495 3534 1941 3604 deprehendisset
1976 3548 2139 3602 quam

569 3638 644 3692 illi
704 3632 1024 3696 retulerant,
1072 3628 1397 3699 capiendum
1430 3626 1720 3696 mysticum
1763 3624 1951 3679 statuit
1980 3622 2139 3694 411

571 3740 637 3779 ac
672 3720 1071 3792 quaestionibus
1116 3715 1537 3787 subjiciendum.
1579 3713 1697 3769 Hoc
1742 3712 1833 3767 ille
1866 3712 1962 3767 ubi
2008 3728 2146 3782 prato

571 3816 766 3877 sensit,
812 3812 940 3881 i‘uga
986 3827 1045 3866 se
1076 3810 1143 3864 ad
1197 3808 1707 3863 Monocastanorum
1750 3804 2142 3860 monasterium

572 3904 840 3974 recipiens
875 3900 948 3955 ibi
1009 3896 1263 3953 monachi
1313 3895 1419 3950 ritu
1466 3908 1678 3949 comam
1720 3891 1923 3962 posuit.
1988 3888 2148 3960 Fugit

572 4012 703 4053 vero
741 4005 794 4050 et
838 3991 1231 4050 Constantinus
1279 3988 1446 4043 Builae
1488 3986 1651 4052 (ilius,
1692 3999 1898 4040 mensa:
1956 3983 2148 4055 praefe-

573 4100 717 4152 ctus,
765 4085 967 4142 timens
1010 4082 1241 4145 scilicet,
1280 4087 1337 4133 ut
1370 4078 1461 4149 qui
1499 4086 1553 4133 et
1581 4077 1695 4147 ipse
1741 4076 1955 4147 mystici
1997 4090 2149 4147 sym-

574 4188 749 4249 mysta
791 4188 938 4230 esset
974 4172 1207 4244 ejusque
1244 4178 1581 4225 secretorum
1640 4166 1933 4233 conscius;
1984 4166 2150 4233 inque

571 4270 861 4342 Oiymppm
893 4264 1176 4320 discedens
1224 4260 1553 4317 monachum
1597 4258 1797 4314 induit.
1850 4257 2146 4312 Patricium

572 4365 825 4418 Cosmam
889 4357 955 4413 ad
1019 4354 1205 4426 palatii
1254 4352 1599 4423 horOIOgium
1666 4350 1985 4404 verberibus
2019 4349 2148 4403 subv

2228 512 2577 569 ταπείνωσιν,
2628 503 2935 571 ἐξεθείαζεν
2969 501 3023 553 δὲ
3057 498 3222 553 αὖτοῦ
3251 497 3313 549 τό
3353 514 3409 550 τε
3446 491 3582 559 εἶδος
3606 499 3692 567 τήν
3713 515 3769 551 τε

2233 602 2424 673 ῥώμην
2457 603 2552 655 καὶ
2575 601 2637 652 τὸ
2666 595 3089 663 ἀκατάπληκτον
3126 589 3221 643 τοῦ
3251 590 3617 660 φρονήματος.

2304 694 2391 757 ιζ’.
2427 690 2749 761 Δεκεμϐρίῳ
2778 688 2835 740 δὲ
2870 687 3002 757 μηνὶ
3029 682 3106 736 κε’
3134 681 3329 750 ἐστεψε
3365 679 3640 750 Ῥωμανδς
3663 680 3773 743 τοὺς

2232 788 2383 849 υἱοὺς
2416 783 2581 838 αὑτοῦ
2631 785 2689 835 ὲν
2720 784 2786 850 τῇ
2819 778 3047 850 Μεγάλῃ
3100 775 3387 844 ἐκκλησίᾳ,
3426 773 3685 839 Στέφανόν
3723 789 3777 824 τε

2233 878 2330 931 καὶ
2384 875 2794 930 Κωνσταντίνον
2821 885 2835 900 ⁸
2915 868 3053 921 ἀλλὰ
3107 863 3612 932 καὶμΘεοφύλακτον
3679 862 3781 913 υίὲιν

2233 970 2398 1023 αὑτοῦ
2425 970 2455 1021 ὁ
2486 964 2836 1036 πατριάρχης
2885 963 2971 1034 [Ρ.
3020 958 3151 1028 254]
3195 958 3463 1017 Νικόλαος
3512 956 3781 1024 ἀπέκειρεν

2232 1059 2517 1131 κληρικδν,
2564 1055 2955 1128 χειροτονήσας
3013 1050 3367 1105 ὑποδιάκονσν
3419 1045 3703 1115 σύγκελλόν
3729 1060 3804 1097 τε.

2232 1150 2752 1222 προχειρισάμενος,
2774 1144 3053 1209 διελθόντα
3087 1142 3359 1214 πρότερον
3381 1141 3440 1193 ἐν
3461 1138 3539 1210 τῷ
3554 1138 3653 1191 τῶν
3672 1136 3785 1190 ὕπο-

2232 1248 2499 1302 διακόνων
2533 1244 2776 1313 τάγματι
2807 1243 2888 1304 εἰς
2918 1239 2988 1292 τὰ
3012 1239 3165 1304 ἅγια.

2308 1339 2398 1411 ιη’.
2446 1336 2745 1407 Ἀπριλλίῳ
2784 1334 2841 1387 δὲ
2892 1333 3041 1403 μηνὶ,
3074 1328 3138 1383 ιθ¹
3168 1326 3263 1383 τοῦ
3309 1326 3497 1397 μηνὸς,
3547 1324 3785 1393 ἐτίμησεν

2248 1431 2530 1501 Ῥωμανδς
2562 1428 2814 1496 Ἰωάννην
2843 1422 3109 1495 μυστικὸν
3133 1423 3228 1474 καὶ
3259 1415 3783 1488 παραδυναστεύοντα

2236 1524 2526 1595 πατρίκιον
2557 1522 2652 1574 καὶ
2702 1519 3034 1579 ἀνθύπατον,
3085 1513 3227 1567 ὥστε
3259 1513 3355 1565 καὶ
3387 1510 3456 1561 δι’
3491 1507 3621 1561 αύτδ
3649 1506 3785 1559 τοῦτο

2238 1616 2434 1686 φθόνον
2487 1612 2781 1685 κινηθῆναι
2837 1608 2986 1678 αὐτῷ
3042 1607 3136 1660 καὶ
3189 1601 3630 1674 κατηγορηθῆναι
3694 1598 3785 1651 ἀπό

2235 1724 2424 1762 τινων.
3170 1706 3173 1709 ⁷

2315 1795 2401 1852 ιϐ’.
2436 1796 2592 1867 Μαΐῳ
2636 1793 2691 1847 δὲ
2725 1793 2855 1864 μηνὶ
2899 1796 2982 1855 ιε’,
3024 1786 3357 1851 ίνδικτιῶνος
3406 1790 3497 1853 ιγ’,
3529 1782 3743 1852 τελευτᾷ
3766 1784 3790 1833 ό

2239 1890 2591 1962 πατριάρχης
2617 1885 2907 1948 Νικόλαος,
2934 1880 3218 1953 κρατήσας
3246 1880 3305 1932 ὲν
3328 1880 3395 1948 τῇ
3422 1876 3647 1947 δευτέρᾳ
3675 1876 3789 1927 ἀνα·

2240 1984 2398 2038 ϐάσει
2434 1980 2530 2035 τοῦ
2568 1977 2964 2050 πατριαρχείου
3009 1973 3124 2043 ετη’
3146 1970 3504 2041 τριακαίδεκα
3534 1984 3548 1998 ·
3578 1968 3670 2019 καὶ
3698 1967 3792 2019 άπ-

2241 2072 2403 2143 ετὲθη
2431 2067 2492 2125 τ⁶δ
2516 2070 2677 2138 σῶμα
2694 2065 2861 2123 αὑτοῦ
2881 2066 2938 2117 ὲν
2960 2066 3027 2134 τῇ
3052 2062 3143 2115 ὑπ’
3171 2057 3340 2114 αὑτοῦ
3367 2056 3646 2127 κτισθείσῃ
3676 2057 3792 2125 μονῇ

2240 2164 2348 2218 τῶν
2389 2159 2783 2231 Γαλακρηνῶν.
2838 2155 3138 2225 Αὐγούστῳ
3182 2153 3240 2208 δὲ
3291 2151 3420 2224 μηνὶ
3473 2151 3799 2219 saepem;

2242 2256 2565 2311 καθίσταται
2622 2252 2890 2320 Στέφανος
2932 2250 2960 2302 ό
3015 2246 3313 2316 Ἀμασείας
3372 2241 3794 2314 μητροπολίτης.

2242 2350 2499 2420 εὐνοῦχος
2533 2346 2817 2416 ὑπάρχων.
2862 2340 3180 2411 Ὀκτωὸρίῳ
3213 2339 3344 2410 μηνὶ⁵
3399 2333 3749 2405 κατηγορήθη
3774 2335 3799 2384 ό

2244 2442 2507 2513 μυστικὸς
2581 2439 2835 2507 Ἰωάννης
2893 2435 2989 2489 καὶ
3042 2428 3543 2502 παραδυναστεύων
3591 2428 3668 2489 ὡς
3714 2425 3798 2492 τῆς

2246 2534 2524 2607 βασιλείας
2557 2531 2847 2601 ἐφιέμενος
2885 2526 3136 2596 ὑποθήκῃ
3169 2522 3263 2578 τοῦ
3295 2520 3585 2593 πατρικίου
3620 2519 3801 2588 Κοσμᾶ

2245 2630 2339 2683 καὶ
2365 2626 2676 2696 λογοθέτου,
2732 2621 2966 2684 διδόντος
3013 2620 3094 2683 είς
3142 2618 3379 2685 γυναῖκα
3407 2614 3508 2684 τὴν
3543 2612 3800 2681 θυγατέρι

2244 2720 2416 2790 αὐτῷ.
2446 2718 2652 2773 Τούτου
2698 2715 2889 2768 ἕνεκεν
2920 2708 3351 2771 καταϐιϐάζεται
3382 2705 3480 2776 μὶν
3516 2702 3613 2756 τοῦ
3642 2702 3801 2755 παλα-

2243 2813 2383 2877 τίου,
2420 2810 2788 2880 συγχωρεῖται
2822 2805 2879 2858 δὲ
2910 2804 2969 2857 τὸ
3000 2798 3404 2872 προσέρχεσθαι
3432 2794 3531 2850 καὶ
3557 2794 3634 2863 τῷ
3667 2793 3804 2863 βασιο

2244 2903 2326 2958 λετ
2347 2902 2642 2974 ὑπηρετεῖν
2667 2901 2713 2932 ⁷³
2736 2940 2749 2964 ,
2775 2898 2871 2951 καὶ
2890 2897 2987 2953 σὺν
3012 2893 3159 2963 αὐτῷ
3184 2890 3254 2945 τὰ
3280 2890 3552 2961 ἀνήκοντα
3576 2887 3801 2940 διοικεῖνο

2248 2992 2484 3065 στοργὴν
2518 2992 2629 3062 γὰρ
2670 2991 2752 3044 ὅτι
2786 2989 3048 3057 πλείστην
3099 2984 3365 3052 ἐκέκτητο
3415 2979 3555 3052 πρὸς
3600 2978 3803 3031 αὒτδνὸ

2251 3084 2505 3154 βασιλεὺς
2554 3079 2833 3151 Ῥωμανδς
2862 3078 2939 3140 ὡς
2965 3078 3024 3129 ὲν
3060 3076 3226 3127 πᾶσιν
3280 3070 3443 3125 αὑτὸν
3493 3067 3805 3141 θεραπεύειν

2249 3176 2569 3246 δυνάμενον,
2607 3172 2704 3226 καὶ
2731 3170 2930 3232 τελέως
2955 3166 3145 3220 τοῦτον
3170 3162 3497 3219 ἀπώσασθαι
3529 3163 3629 3215 οὐκ
3656 3158 3806 3231 ήὸούο

2251 3271 2392 3324 λετο.
2415 3268 2535 3320 Τῶν
2560 3263 2884 3335 κατηγόρων
2905 3256 2996 3314 οὖν
3020 3258 3458 3326 κατεπειγόντων
3479 3254 3570 3307 τὸν
3600 3250 3807 3323 βασιλέα

2252 3362 2347 3416 καὶ
2380 3359 2524 3427 σαφῆ
2571 3353 3007 3412 ἀποδεικνύντων
3035 3350 3106 3404 τὰ
3146 3348 3629 3420 κατηγορούμενα,
3665 3346 3807 3413 ἐρευο

2250 3456 2419 3521 νήσας
2449 3452 2477 3502 ὁ
2508 3448 2761 3519 βασιλεὺς
2804 3446 2900 3498 καὶ
2933 3442 3106 3514 άληθῆ
3141 3441 3315 3494 ταῦτα
3346 3436 3487 3493 εἶναι
3518 3434 3804 3508 ὰναμαθὼν

2251 3541 2476 3612 ἔμελλεν
2521 3537 2706 3591 τοῦτον
2760 3526 3047 3604 κατασχὼν
3105 3531 3407 3597 ἐξετάζειν.
3461 3532 3521 3583 '0
3567 3528 3626 3582 δὲ
3664 3525 3810 3581 τοῦτο

2252 3630 2521 3703 προγνοὺς
2567 3629 2770 3700 χρῆται
2806 3631 2975 3699 φυγῇ,
3010 3626 3101 3680 καὶ
3138 3626 3238 3695 τὴν
3286 3623 3699 3678 Μονοκάστανον
3722 3634 3813 3669 και

2250 3724 2507 3782 ταλασὼν
2564 3722 2923 3793 ἀποκείρεται
2999 3719 3254 3789 μοναχός.
3320 3716 3573 3783 Πέφευγε
3624 3712 3677 3765 δὲ
3725 3708 3813 3761 καὶ

2252 3816 2662 3878 Κωνσταντῖνος
2689 3813 2782 3868 τοῦ
2809 3812 2972 3866 Βοῖλα
2995 3812 3023 3863 ό
3041 3811 3139 3880 τῆς
3165 3809 3467 3881 τραπέζης,
3499 3807 3697 3866 οἰκεῖος
3722 3800 3812 3854 καὶ

2254 3908 2406 3978 φίλος
2442 3908 2518 3962 ὢν
2553 3907 2724 3977 αὐτῷ,
2781 3906 2874 3960 καὶ
2919 3905 3011 3958 τὸν
3066 3903 3355 3973 Ὄλυμπον
3406 3896 3727 3955 καταλαϐὼν
3756 3895 3811 3946 τὸ

2259 4001 2552 4073 μοναχικδν
2580 4000 2770 4071 σχῆμα
2798 3998 3044 4052 ινδύεται
3062 4014 3077 4029 ο
3115 3996 3374 4049 ἐδεδοίκει
3400 3993 3512 4064 γὰρ
3544 3993 3637 4046 καὶ
3665 3988 3809 4045 αὐτὲις

2256 4094 2351 4150 ατε
2426 4093 2753 4164 συμμύστης
2810 4091 3074 4160 ὑπάρχων
3120 4086 3217 4142 τοῦ
3273 4085 3543 4158 μυστικοῦ
3590 4083 3681 4136 καὶ
3714 4078 3809 4132 τῶν

2254 4185 2713 4259 ἀπορρητοτέρων
2769 4182 2936 4236 αὐτοῦ
2982 4181 3258 4243 κοινωνός.
3309 4180 3414 4231 Τὸν
3444 4178 3501 4230 δὲ
3536 4172 3811 4245 πατρίκιον

2255 4279 2480 4348 Κοσμᾶν
2505 4280 2562 4329 ὲν
2584 4276 2663 4346 τῷ
2689 4274 2968 4345 ὡρολογίῳ
2993 4272 3087 4327 τοῦ
3122 4270 3382 4325 παλατίου
3419 4268 3598 4338 τύψας
3620 4269 3648 4320 ό
3670 4264 3808 4334 βασιο

2256 4370 2383 4432 λεὺς
2416 4366 2707 4431 διεδέξατο.
2746 4365 3117 4437 Προόάλλεται
3146 4364 3203 4417 δὲ
3246 4361 3368 4415 ἀντὶ
3413 4360 3509 4413 τοῦ
3564 4351 3810 4429 μυστικοῦ

574 4462 752 4508 actum
782 4452 1076 4519 imperator
1105 4444 1284 4501 oﬂicio
1314 4444 1503 4498 movit.
1537 4440 1764 4496 Joannis
1789 4439 1998 4509 mystici
2030 4440 2141 4495 loco

2270 4462 2519 4517 Ἰωάννου
2590 4452 2871 4529 Θεοφάνην
2941 4454 3446 4527 πρωτοσεστιάριον
3513 4448 3809 4521 παραδυνα·

574 4543 938 4615 Theopbanes
1001 4537 1453 4610 protovestiarius
1500 4534 1802 4599 subadjura
1858 4547 2152 4601 rerumque

575 4637 933 4709 gerendarum
976 4631 1297 4705 imperatori
1351 4629 1570 4699 adiutor
1629 4635 2006 4696 promovetur.
2038 4626 2151 4680 Sub

573 4732 715 4786 idem
772 4738 988 4798 tempus
1023 4723 1329 4780 horrendus
1374 4722 1427 4776 in
1471 4719 1867 4774 Thracensium
1918 4718 2154 4773 themate

575 4821 785 4877 exstitit
817 4827 977 4874 terra:
999 4826 1178 4871 motus
1216 4816 1513 4886 ingensque
1544 4826 1605 4866 ac
1629 4812 1924 4879 stnpendus
1950 4810 2153 4875 hiatus,

575 4914 649 4966 ita
706 4920 764 4965 ut
802 4911 957 4980 plura
992 4908 1191 4979 przcdia
1254 4915 1307 4963 et
1361 4904 1608 4961 ecclesia:
1663 4916 1787 4957 cum
1840 4901 2154 4956 hominibus

574 5002 838 5075 voragine
868 5002 1124 5069 absorpta
1175 4999 1308 5053 sint.

647 5092 740 5149 20.
789 5090 912 5147 Maii
960 5087 1163 5144 mensis
1220 5085 1483 5157 vigesima
1538 5087 1792 5157 septima,
1856 5082 2156 5139 indictione

579 5187 773 5256 quinta
798 5183 1033 5242 decima.
1083 5180 1320 5251 Symeon
1369 5177 1725 5249 Bulgarorum
1762 5177 2013 5248 princeps
2056 5175 2156 5229 ad-

577 5292 773 5334 versus
798 5274 1107 5330 Chrobatos
1132 5269 1478 5341 expeditione
1500 5280 1774 5340 suscepta,
1794 5276 2157 5335 consertaque

579 5386 702 5424 cum
747 5370 859 5425 illis
903 5382 1107 5438 pugna,
1153 5365 1330 5421 victus
1381 5365 1496 5434 ipse
1526 5378 1659 5419 suas
1701 5376 1894 5417 omnes
1936 5361 2154 5431 penitus

577 5464 766 5535 copias
816 5461 1021 5517 amisit.

2260 4553 2541 4609 στεύοντα.
2586 4550 2835 4620 Ἐγένετο
2860 4551 2918 4605 δὲ
2944 4550 3040 4604 καὶ
3086 4545 3388 4619 τηνικαῦτα
3426 4542 3655 4613 σεισμὸς

2259 4645 2349 4717 po;
2385 4647 2441 4698 ἑν
2466 4645 2545 4714 τῷ
2575 4644 2773 4713 θέματι
2811 4642 2920 4695 τῶν
2951 4639 3298 4713 Θρᾳκησίων,
3346 4637 3440 4690 καὶ
3485 4636 3681 4707 χάσμα
3726 4628 3813 4696 γῆς

2262 4738 2406 4808 μέγα
2452 4738 2549 4790 καὶ
2593 4733 3057 4804 καταπληκτικὸν,
3110 4731 3250 4784 ὥστε
3301 4727 3473 4782 πολλὰ
3519 4727 3699 4799 χωρία
3733 4717 3816 4773 καὶ

2261 4827 2559 4899 ἐκκλησίας
2585 4826 2917 4897 αὐτάνδρους
2939 4821 3332 4891 καταποθῆναι.

2333 5100 2404 5147 κ’.
2428 5092 2592 5164 Matt,»
2609 5092 2667 5145 δὲ
2690 5092 2843 5163 μηνὶ,
2862 5089 3041 5145 εἰκάδι
3058 5087 3281 5157 ἐϐδόμῃ,
3302 5082 3386 5156 [Ρ.
3412 5080 3544 5153 255]
3568 5069 3821 5133 ίνδικτιῦ-

2260 5202 2349 5248 νος
2380 5184 2462 5248 ιε’,
2495 5183 2720 5255 Συμεὼν
2752 5184 2940 5255 ἅρχων
2971 5178 3311 5248 Βουλγαρῑας
3344 5174 3489 5229 κατά
3519 5164 3824 5255 κρυ-’θάψ’

2260 5274 2477 5343 ἐκίνησε
2509 5248 2963 5343 στράτευμαῖκαὶ
2992 5266 3286 5338 συμϐαλὼν
3321 5262 3442 5334 μετ’
3470 5259 3658 5325 αὐτῶν
3684 5248 3812 5305 πόλι

2266 5383 2386 5436 μον,
2444 5367 2697 5435 ἡττηθεὶς
2746 5366 2877 5431 τοὺς
2921 5364 3012 5420 ὑπ’
3043 5362 3206 5417 αὑτὸν
3253 5359 3502 5419 ἅπαντας
3529 5350 3704 5424 ἄρδην
3729 5343 3829 5395 ἀπ’

2262 5458 2482 5511 ὤλεσεν.

1880 5629 2110 5687 γΑιιιίΕ
2154 5630 2553 5687 LECTIONES.

650 5734 700 5772 "
728 5729 995 5804 Scyiitzes
1016 5737 1070 5783 et
1093 5728 1375 5784 Cedrenus
1412 5727 1760 5797 προσκυνεῖν.
1798 5722 2047 5800 Combei.
