3962 6204
233 367 321 429 429

287 485 378 532 ια’.
416 478 520 531 Τὸν
546 478 605 534 δὲ
634 480 860 551 βασιλέα
890 484 935 516 ⁷⁸
978 476 1257 557 Ῥωμανδν
1294 491 1549 563 Ἰωάννης
1574 493 1744 563 ἀστρο

1851 547 1852 551 η
1950 500 2042 556 21.
2088 503 2325 563 Joannes
2380 526 2553 580 porro
2591 527 2939 572 astronomus

225 571 369 641 νόμος
420 570 759 643 θεασάμενος
804 574 980 639 οὓτως
1030 577 1324 650 λελάληκεν
1351 597 1366 611 ·
1412 581 1706 651 Δέσποτα,
1737 584 1776 649 ἠ

225 662 401 730 στήλη
432 664 471 731 ἠ
517 665 808 735 ισταμένη
846 671 930 734 εἰς
974 670 1090 738 τὴν
1134 673 1410 742 καμάραν
1439 673 1640 727 ἐπάνω
1670 674 1777 727 τοῦ

222 754 576 824 Ξηρολόρου,
605 757 703 810 ἐπὶ
734 758 973 829 δυσμὰς
1013 763 1362 828 βλέπουσα,
1393 766 1501 820 τοῦ
1532 767 1777 837 Συμεών

219 849 371 903 ἐστι*
406 849 581 904 καὶεί
610 855 835 922 ταύτης
879 857 995 924 τὴν
1027 859 1324 935 κεφαλὴν
1367 862 1662 931 ἐκκόψῃς,
1698 864 1775 933 τῇ

217 940 356 1010 αὐτῇ
385 942 507 1010 ὥρα
535 946 568 997 ὀ
592 947 837 1014 Συμεὼν
863 951 1136 1018 τελευτᾷ.
1180 953 1240 1005 Ὀ
1262 954 1318 1007 δὲ
1350 954 1605 1024 βασιλεὺς
1643 957 1776 1009 Ῥω-

219 1036 369 1104 μανος
398 1038 729 1102 ἀποστείλας
751 1044 818 1113 τῇ
849 1044 1008 1096 νυκτὶ
1039 1045 1137 1114 τὴν
1165 1048 1409 1119 κεφαλὴν
1438 1049 1538 1118 τῆς
1570 1051 1773 1120 στήλης

158 1110 161 1115 ’
216 1126 457 1196 ἐξέκοψεν
486 1142 501 1155 ·
537 1129 632 1182 καὶ
680 1110 817 1202 αὐτῇ
848 1136 914 1203 τῇ
949 1110 1127 1206 ῶραδ
1162 1110 1387 1205 Συμεὼν
1419 1110 1506 1203 εἰς
1521 1110 1773 1209 ήΒουλγάμἰ

216 1216 324 1281 ρίαν
370 1216 744 1289 ἐτελεύτησεν,
795 1222 952 1295 ἀνοίᾳ
987 1225 1033 1256 ⁷⁸
1075 1226 1355 1296 συσχεθεὶς
1386 1230 1478 1281 καὶ
1505 1230 1647 1301 νόσῳ
1676 1248 1773 1284 κα-

210 1308 464 1379 τακαρδία
510 1310 696 1375 ἁλοὺς,
750 1313 1065 1387 διέφθαρτο,
1123 1318 1408 1389 ἀνομήσας
1448 1320 1536 1375 διὰ
1583 1324 1768 1393 κενῆς,

210 1401 405 1471 Πέτρον
433 1404 550 1455 υἱὸν
577 1405 746 1459 αὑτοῦ
777 1409 1187 1479 προϐαλόμενος
1215 1414 1471 1484 ἄρχοντα,
1498 1415 1562 1467 ὃν
1581 1416 1645 1468 ἐκ
1669 1414 1768 1483 τῆς

206 1492 457 1563 δευτέρας
488 1497 653 1549 αὐτοῦ
692 1502 947 1566 γυναικὸς
980 1502 1157 1573 ἔσχεν,
1187 1506 1286 1575 τῆς
1315 1506 1551 1577 ἀδελφῆς
1582 1508 1767 1576 Γεωρ-

205 1589 313 1655 γίου
366 1590 798 1664 Σουρσουϐούλη,
831 1595 893 1649 ὃν
922 1599 1016 1650 καὶ
1064 1600 1362 1670 ἐπίτροπον
1408 1603 1522 1665 τοῖς
1567 1602 1765 1655 ἐαυτοῦ

203 1681 379 1733 παισὶν
407 1684 436 1734 ὁ
466 1683 692 1753 Συμεὼν
741 1688 1154 1745 καταλέλοιπεν.
1209 1692 1429 1763 Μιχαὴλ
1473 1693 1531 1745 δὲ
1576 1694 1669 1748 τὸν
1700 1696 1765 1747 ὲκ

197 1774 287 1841 τῆς
317 1776 593 1846 προτέρας
628 1777 794 1831 αὐτοῦ
841 1783 1097 1847 γυναικὸς
1134 1783 1426 1853 γενόμενον
1468 1787 1769 1855 ἀπέκειρεν

199 1864 458 1933 μοναχόνο
502 1866 756 1938 Ἰωάννης
782 1869 838 1921 δὲ
860 1872 967 1924 καὶ
1020 1870 1277 1944 Βενιαμὶν
1307 1877 1354 1928 οἱ
1401 1876 1498 1929 τοῦ
1548 1878 1759 1949 Πέτρου

195 1951 405 2021 ἁδελφοί
433 1954 516 2007 ἐτι
548 1956 707 2027 στολῇ
743 1960 1076 2029 ἐκοσμοῦντο
1110 1963 1475 2037 Βουλγαρικῇ.

259 2044 361 2113 κβ⁸.
407 2046 487 2099 Τά
537 2047 722 2119 κύκλῳ
773 2050 869 2103 οὖν
920 2052 1048 2124 ἔθνη
1096 2054 1193 2108 τοῦ
1240 2056 1464 2126 Συμεὼν
1518 2060 1759 2129 μαθόντα

190 2137 459 2207 τελευτὴν,
484 2140 539 2191 οἴ
565 2157 624 2192 τε
650 2142 942 2211 Χρωσάτοι
985 2146 1038 2199 οἰ
1085 2145 1319 2217 Τοῦρκοι
1351 2150 1444 2203 καὶ
1479 2154 1526 2205 οἱ
1557 2152 1754 2219 λοιποὶ,

191 2227 568 2296 ἐκστρατεύειν
627 2232 770 2285 κατά
804 2234 1132 2305 Βουλγάρων
1178 2238 1547 2295 ἐϐουλεύοντο.
1578 2244 1754 2314 Λιμοῦ

189 2319 245 2370 δὲ
266 2321 520 2388 μεγίστου
547 2322 646 2376 σὺν
666 2325 851 2395 ἀκρίδι
867 2326 927 2379 τὸ
943 2326 1314 2400 Βουλγαρικὸν
1334 2332 1485 2398 ἔθνος
1519 2338 1757 2408 ἰσχυρῶς

185 2412 548 2478 ἐκπιέζσντος,
602 2416 874 2472 ἐδεδίεσαν
929 2420 1030 2490 μὲν
1073 2426 1168 2476 καὶ
1210 2426 1316 2478 τῶν
1368 2427 1543 2506 ἄλλων
1582 2431 1754 2485 ἐθνῶν

183 2506 386 2573 ἔφοδον,
426 2510 705 2566 ἐδεδίεσαν
737 2514 795 2567 δὲ
840 2515 1005 2571 πλέον
1035 2520 1130 2572 καὶ
1177 2522 1281 2590 τὴν
1315 2522 1426 2575 τῶν
1462 2524 1753 2595 Ῥωμαίων

179 2599 480 2658 ἐσάλευσιν.
517 2603 724 2675 Βουλὴν
755 2603 851 2660 οὖν
880 2609 1243 2680 ποιησάμενοι
1285 2613 1429 2667 κατὰ
1463 2610 1753 2686 Ῥωμαῖων

178 2692 601 2762 ἐκστρατεύουσι
639 2695 734 2748 καὶ
767 2698 826 2750 ἐν
858 2699 1175 2771 Μακεδονίᾳ
1213 2704 1746 2776 καταλαμϐάνουσιν,

177 2783 355 2852 φόϐον,
374 2784 454 2849 ὡς
466 2785 637 2851 εἰκὸς,
657 2789 770 2850 τοῖς
786 2787 1076 2859 Ῥωμαίοις
1093 2794 1750 2867 ἐμποιήσοντες.·Ἔπειτα

178 2873 439 2942 μαθόντες
463 2877 547 2928 ὅτι
573 2876 757 2945 μέλλει
787 2879 911 2932 κατ’
940 2881 1120 2935 αὐτῶν
1142 2885 1170 2936 ὁ
1196 2882 1449 2954 βασιλεὺς
1465 2888 1749 2959 Ῥωμανὸς

173 2965 583 3035 ἐκστρατεύειν,
611 2969 1001 3025 ἀποστέλλωσι
1033 2974 1237 3042 Πέτρος
1265 2994 1326 3029 τε
1355 2980 1451 3033 καὶ
1473 2980 1747 3052 Γεώργιος

169 3055 421 3125 κρυφίως
458 3057 582 3110 τινὰ
617 3059 849 3131 μοναχὸν
888 3062 1199 3136 Καλοκῦριν
1223 3066 1644 3139 ὀνομαζόμενον,
1666 3072 1745 3142 τῷ

1200 378 1342 438 LIB.
1369 380 1467 439 Vl.
1507 405 1574 414 -·-
1607 380 1973 443 ROMANUS
2003 386 2465 454 LACAPENU‘S.

3350 401 3457 468 486

2983 518 3291 577 Romanum
3349 526 3457 581 im-

1880 604 2182 657 peratorem
2244 612 2501 655 moestum
2558 619 2792 660 cernens
2834 608 2912 661 sic
2946 625 3072 664 eum
3109 611 3305 671 affatus
3337 627 3453 673 est:

1880 682 2012 743 Qum
2046 685 2099 736 in
2138 686 2339 754 fornice
2374 708 2535 759 supra
2579 694 2932 766 Xerolophum
2955 740 2969 763 ,
3006 701 3235 770 domine,
3272 715 3454 758 statim

1877 770 2181 829 constituat
2209 788 2307 841 est,
2359 792 2602 849 spectans
2642 788 2711 839 ad
2744 791 3078 855 occidentem,
3110 793 3313 862 signant
3347 795 3454 866 Sg-

1877 868 2071 919 meom’s
2102 879 2200 922 est.
2247 870 2424 939 Hujus
2464 886 2619 944 caput
2645 879 2690 930 si
2713 878 3009 948 abstuleris,
3042 883 3158 951 ipsa
3189 884 3320 937 Itora
3345 884 3453 956 Sy-

1875 975 2027 1012 meon
2068 965 2341 1018 morietur.
2385 966 2531 1022 Misit
2576 970 2757 1040 itaque
2808 973 3122 1041 imperator,
3154 991 3218 1030 ac
3258 986 3453 1033 stature

1874 1062 2038 1118 caput
2091 1068 2252 1109 noctu
2303 1058 2554 1127 abstulit;
2597 1065 2893 1135 eademque
2931 1068 3065 1121 liora
3121 1070 3357 1139 Symcmt
3393 1071 3446 1123 in

1874 1142 2126 1213 Bulgaria
2161 1146 2324 1218 412
2363 1149 2488 1205 fatis
2540 1156 2816 1221 concedit,
2886 1159 3198 1229 ingentique
3255 1172 3448 1231 captus

1871 1249 2073 1306 angore
2139 1255 2203 1293 ac
2268 1243 2452 1297 cordis
2505 1246 2698 1300 morbo
2748 1249 3047 1317 elangucns
3101 1252 3447 1323 pereitusque

1872 1327 2101 1395 interiit,
2141 1332 2347 1388 frustra
2378 1335 2523 1406 leges
2556 1338 2794 1409 juraque
2826 1348 3221 1413 transgressus,
3255 1346 3446 1400 relicto

1868 1433 1935 1471 ex
1986 1426 2291 1477 testamenti
2326 1426 2526 1484 tabulis
2572 1431 2879 1502 principatu
2918 1434 3077 1489 Petro
3108 1435 3220 1492 tilio
3249 1452 3313 1492 ex
3350 1453 3448 1499 se-

1869 1512 2047 1565 cunda
2098 1530 2286 1578 uxore,
2319 1518 2516 1589 Georgi
2575 1521 2889 1578 Sursubulii
2950 1541 3159 1591 sorore,
3192 1508 3447 1598 quenTiet

1867 1600 2166 1660 liberorum
2215 1623 2439 1664 suorum
2496 1621 2728 1669 tutorem
2772 1619 3075 1673 constituit.
3128 1620 3441 1677 Micltaelem

1865 1707 1928 1746 ex
1961 1697 2139 1760 priore
2167 1701 2398 1773 conjuge
2441 1715 2758 1775 susceptum
2801 1712 3125 1766 monachum
3161 1715 3442 1780 detondit;

1867 1781 2108 1842 Joannes
2154 1805 2281 1844 vero
2306 1801 2362 1847 et
2411 1794 2695 1865 Benjamin
2750 1799 2893 1854 Petri
2929 1801 3123 1859 fratres
3157 1805 3438 1876 Bulgarica

1866 1873 2048 1931 adhuc
2094 1879 2230 1933 stola
2272 1882 2605 1937 ornabantur
2644 1895 2807 1955 atque
2843 1888 3050 1946 habitu.

1929 2057 2021 2114 9.2.
2067 2060 2490 2120 Circumvicinaa
2523 2066 2690 2138 igitur
2721 2079 2932 2139 gentes,
2970 2071 3231 2127 Cltrobati
3271 2073 3434 2129 Turci

1861 2162 1925 2204 ac
1970 2150 2187 2222 reliqui,
2219 2154 2412 2210 audita
2454 2157 2744 2229 Symeonis
2777 2172 2955 2218 morte
2996 2162 3260 2232 Bulgaros
3297 2166 3436 2222 bello

1860 2242 2135 2300 incessere
2165 2250 2497 2306 statuebant.
2536 2252 2701 2310 Fame
2733 2270 2862 2311 vero
2908 2256 3262 2329 Bulgarorum
3301 2277 3436 2332 gen-

1860 2342 1965 2388 tem
2017 2351 2139 2391 cum
2180 2339 2517 2397 locustarum
2563 2345 2769 2417 ingenti
2818 2350 2971 2417 copia
3022 2352 3259 2419 graviter
3312 2368 3436 2422 pre-

1856 2435 2060 2491 mente,
2098 2444 2221 2483 cum
2278 2431 2509 2487 aliarum
2554 2436 2798 2504 gentium
2834 2438 3191 2510 irruptionem
3244 2443 3433 2498 formi-

1854 2514 2076 2583 dabant,
2108 2525 2221 2571 tum
2254 2522 2526 2591 praecipue
2563 2523 2934 2582 Romanorum
2984 2529 3036 2582 in
3063 2544 3126 2584 se
3170 2529 3430 2598 impetum

1853 2608 2191 2663 metuebant.
2220 2607 2299 2663 Re
2328 2608 2595 2681 itaque'in
2635 2617 2923 2672 consilium
2949 2629 3138 2675 vocata
3166 2623 3430 2679 adversus

1852 2696 2128 2753 Romanos
2178 2701 2371 2771 copias
2422 2704 2664 2761 educunt
2710 2724 2775 2765 ac
2818 2707 3186 2767 Macedoniam
3220 2724 3427 2784 petunt,

1851 2790 1955 2844 hoc
2003 2805 2199 2860 nempe
2242 2805 2574 2866 satagentes,
2607 2806 2669 2854 ut
2699 2799 2964 2857 Romanis
3010 2814 3217 2860 metum
3271 2807 3429 2862 incu-

1849 2888 2051 2936 terent.
2100 2884 2303 2939 Audito
2356 2902 2487 2944 vero
2532 2889 2841 2947 Romanum
2892 2894 3275 2964 imperatorem
3331 2901 3429 2956 ad-

1848 2984 2041 3026 versus
2088 2988 2183 3028 eos
2235 2977 2536 3032 exercitum
2579 2995 2792 3049 parare,
2845 3000 2953 3040 una
3007 2985 3203 3042 Petrus
3259 2989 3429 3046 Geor-

1847 3060 2077 3131 giusque
2130 3067 2459 3123 monachum
2500 3073 2793 3139 quemdam
2825 3074 3129 3147 Calocyrim
3180 3082 3423 3149 nomine,

166 3148 718 3220 γένειἈρμενιακὸν,
752 3156 1169 3223 χρυσοεούλλιον
1213 3160 1740 3232 ἐπιφερόμενον.Δι-

1851 3165 2044 3219 genere
2068 3152 2410 3224 Armenium,
2445 3176 2665 3216 auream
2693 3164 2899 3220 bullam
2930 3166 3189 3225 ferentem
3213 3176 3427 3228 occqu

161 3241 400 3311 ηγόρευε
421 3242 480 3294 δὲ
498 3243 567 3296 τὰ
584 3245 641 3296 ἐν
660 3245 809 3316 αὐτῷ
831 3246 908 3310 ὡς
930 3247 1028 3318 τὴν
1050 3250 1189 3319 μετά
1205 3250 1489 3322 Ῥωμαίων
1516 3256 1742 3327 εἰρήνην

159 3333 510 3397 ἀσπάζονται
527 3335 623 3389 καὶ
646 3338 915 3410 πρόθυμοι
940 3340 1144 3412 ταύτην
1165 3344 1455 3400 συνθέσθαι
1478 3350 1638 3413 εἰσὶν,
1678 3350 1740 3403 οὐ

157 3428 325 3495 μόνον
336 3427 423 3493 δὲ,
441 3429 557 3481 ἀλλ’
573 3429 690 3497 εἴγε
706 3431 1008 3501 βούλονται,
1022 3438 1115 3489 καὶ
1140 3437 1376 3507 γαμικὸν
1390 3443 1609 3511 ποιῆσαι
1625 3459 1741 3495 συν-

154 3518 445 3591 άλλαγμα.
473 3522 578 3574 Τὸν
599 3524 843 3579 τοιοῦτον
866 3527 958 3581 οὖν
984 3530 1219 3599 μοναχὸν
1238 3534 1268 3585 ὁ
1292 3533 1546 3602 βασιλεὺς
1567 3535 1741 3603 ἀσμε-

152 3613 396 3667 νέστατα
413 3615 842 3686 ἀποδεξάμενος,
864 3621 1109 3690 παρευθὺ
1132 3624 1452 3678 ἀπέστειλεν
1472 3626 1610 3695 μετά
1625 3627 1740 3698 δρό-

151 3723 337 3774 μωνος
399 3706 495 3760 τὸν
548 3709 784 3780 μοναχὸν
844 3711 1125 3768 Θεοδόσιον
1169 3715 1261 3771 τὸν
1328 3716 1594 3789 Ἀὗούκην
1643 3720 1740 3774 καὶ

149 3800 575 3854 Κωνσταντίνον
627 3799 907 3870 βασιλικὸν
957 3803 1219 3875 κληρικὸν
1270 3808 1361 3862 τὸν
1415 3810 1617 3865 Ῥόδιον
1668 3813 1738 3868 τά

146 3892 226 3952 εἰς
256 3893 497 3963 εἰρήνην
529 3893 867 3963 συλλαλῆσαι
904 3897 1020 3960 τοῖς
1046 3897 1375 3970 Βουλγάροις
1415 3902 1474 3955 ἐν
1501 3904 1736 3975 Μεσημ-

145 3982 301 4057 ϐρία,
324 3986 391 4039 τὸ
424 3986 560 4055 πρὶν
592 3987 692 4056 μὲν
715 3988 997 4061 Μενεὸρία
1023 3990 1358 4065 καλουμένῃ,
1402 3996 1512 4048 ἀπὸ
1556 3998 1734 4052 Μένου

143 4076 367 4148 Θρᾳκὸς
422 4077 523 4130 τοῦ
575 4078 783 4149 ταύτην
821 4080 1127 4145 οἰκίσαντος
1165 4086 1257 4137 καὶ
1308 4085 1448 4157 Βρίᾳ
1489 4087 1551 4140 τὸ
1586 4089 1734 4160 παρά

140 4184 255 4221 τισι
286 4168 530 4240 Θρᾳκῶν
588 4171 828 4240 πόλισμα
882 4172 1211 4242 λεγόμενονο
1268 4175 1352 4249 [Ρ.
1407 4178 1538 4252 256]
1597 4182 1735 4250 πρὸς

137 4260 193 4313 δὲ
226 4263 295 4314 τὸ
319 4263 766 4335 εὐφραδέστερον
799 4267 1136 4339 Μεσημσρία
1181 4270 1527 4341 ὀνομάζεται.
1563 4275 1625 4329 Ol
1675 4275 1733 4329 δὲ

138 4356 598 4424 παραγενόμενοι
622 4358 715 4409 καὶ
738 4358 807 4410 τά
835 4360 1021 4413 εἰκότα
1048 4361 1485 4433 συλλαλήσαντες
1507 4366 1731 4435 ἐξῆλθον

133 4443 257 4511 ipa
309 4446 575 4517 Στεφάνῳ
606 4447 899 4519 Βουλγόφῳ
943 4449 1033 4503 διὰ
1061 4451 1159 4520 τῆς
1205 4451 1376 4523 ξηρᾶς
1404 4472 1419 4486 ο
1456 4457 1550 4510 καὶ
1603 4458 1729 4510 6m-

1847 3244 2092 3298 mittunt.
2132 3245 2303 3303 Bulla
2356 3260 2513 3305 tenor
2558 3253 2649 3309 hic
2690 3266 2831 3321 erat,
2866 3272 3053 3326 pacem
3115 3277 3175 3317 se
3226 3278 3426 3334 cupere

1843 3347 1968 3387 cum
2017 3333 2300 3404 Romanis,
2346 3346 2401 3393 et
2450 3349 2508 3394 ut
2565 3342 2714 3397 illam
2760 3360 3119 3418 componant,
3153 3333 3423 3427 promptis

1841 3426 2040 3480 animis
2097 3442 2257 3496 esse;
2303 3446 2484 3501 neque
2533 3432 2586 3487 id
2637 3436 2820 3502 modo,
2854 3441 2949 3494 sed
2994 3452 3050 3497 et
3107 3426 3420 3515 nuptiarum

1841 3514 2068 3582 fcedera,
2097 3518 2226 3573 dum
2278 3520 2387 3576 illis
2428 3523 2705 3590 adlubeat,
2733 3541 2859 3582 cum
2903 3528 3165 3589 Romanis
3192 3514 3255 3591 se
3300 3553 3424 3595 esse

1842 3605 2095 3663 inituros.
2135 3609 2391 3681 Acceptis
2417 3612 2634 3679 litteris,
2660 3632 2968 3690 carumque
3011 3622 3186 3680 latore
3227 3626 3422 3683 buma-

1839 3699 2068 3756 nissime
2121 3715 2400 3774 suscepto,
2445 3708 2733 3765 confestim
2763 3709 3065 3783 imperator
3088 3715 3251 3789 413
3296 3735 3419 3774 cum

1837 3795 2022 3851 celoce
2072 3796 2437 3856 Theodosium
2490 3802 2734 3861 Abucem
2784 3809 3113 3864 monachum
3172 3822 3228 3867 et
3278 3812 3422 3870 Con-

1839 3888 2145 3944 stantinum
2191 3891 2465 3948 Rhodium
2497 3895 2796 3963 palatinum
2835 3901 3095 3956 clericum
3134 3918 3258 3959 cum
3291 3905 3421 3963 Bul-

1836 3979 1985 4048 garis
2038 3980 2095 4033 in
2123 3980 2452 4041 Mesembria
2504 3987 2572 4040 de
2617 4002 2750 4057 pace
2802 3992 3171 4050 collocuturos
3211 3998 3416 4055 emisit.

1836 4069 2106 4139 Oppidum
2168 4073 2276 4129 hoc
2332 4075 2536 4131 dictum
2582 4079 2714 4134 olim
2770 4080 3125 4150 Menembria,
3172 4101 3202 4141 a
3257 4087 3416 4145 Meno

1834 4160 1954 4215 viro
1985 4162 2221 4219 Thracio
2245 4165 2362 4235 cjus
2391 4168 2696 4236 conditore,
2735 4181 2789 4227 et
2841 4174 2988 4240 Bria,
3024 4175 3141 4244 ejus
3178 4179 3418 4237 nominis

1835 4253 1981 4322 apud
2026 4256 2290 4324 quosdam
2334 4257 2573 4315 Thraces
2616 4263 2777 4330 vico;
2828 4267 3093 4322 mollioris
3125 4283 3256 4325 vero
3289 4286 3417 4339 pro-

1838 4351 2200 4408 nuntiationis
2222 4367 2390 4408 causa
2416 4353 2757 4413 Mesembriae
2801 4374 2999 4416 nomen
3031 4365 3261 4434 accepit.
3291 4365 3416 4432 Quo

1835 4442 1889 4497 in
1913 4442 2187 4514 colloquio
2211 4460 2337 4500 cum
2364 4460 2451 4502 res
2479 4449 2764 4506 commode
2798 4462 3031 4508 tractata
3054 4466 3218 4522 esset,
3250 4457 3412 4529 legati

138 4535 274 4588 σθεν
322 4540 511 4593 αὐτῶν
563 4542 867 4596 κατέλαϐον
920 4544 1017 4597 καὶ
1068 4543 1343 4613 Γεώργιος
1389 4548 1417 4599 ὁ
1464 4549 1729 4617 Σουρσου·

1851 4550 1931 4591 ter
1956 4538 2326 4596 continentem
2354 4540 2407 4595 in
2440 4543 2630 4597 urbem
2672 4546 2971 4610 redierunt,
3016 4562 3141 4603 cum
3180 4549 3261 4605 eis
3289 4549 3414 4607 Ste-

139 4627 348 4700 ϐούλης
377 4634 474 4687 καὶ
495 4626 722 4704 Συμεὼν
744 4639 774 4689 ὁ
814 4636 1262 4706 Καλουτερκάνος
1296 4638 1392 4691 καὶ
1431 4638 1727 4709 Οὓσαμψος

122 4724 227 4773 καὶ
270 4724 509 4794 Συμεὼν
541 4726 634 4779 τοῦ
666 4727 911 4797 ἀρχηγοῦ
956 4728 1296 4800 Βουλγαρίας
1330 4730 1559 4801 ἀδελφὸς
1588 4733 1726 4804 πρὸς

106 4820 409 4879 γυναῖκα,
434 4819 571 4890 πρὸς
593 4820 649 4872 δὲ
669 4821 879 4882 τούτοις
894 4822 923 4873 ὁ
939 4822 1232 4892 ἀγχιστεὺς
1247 4824 1410 4878 αὑτοῦ
1430 4826 1723 4894 Στέφανος,

104 4909 235 4958 παὶ
274 4911 394 4981 μὴν
420 4913 517 4964 καὶ
546 4912 850 4979 Μαγοτῖνος
881 4914 1087 4976 Κρόνος
1143 4930 1205 4966 τε
1238 4915 1334 4969 καὶ
1363 4917 1605 4988 Μηνικὸς
1645 4918 1725 4971 δι-

126 5002 523 5068 ειρατύναντο
552 5003 690 5073 πρὸς
710 5004 802 5057 τὸν
825 5006 1035 5059 ἄνακτα
1062 5006 1359 5076 Ῥωμανόν.
1389 5007 1729 5080 Θεασάμενοι

133 5088 199 5139 δι
217 5094 319 5163 τὴν
352 5096 638 5167 θυγατὲρα
666 5096 927 5167 βασιλέως
955 5098 999 5150 Χ
1009 5099 1332 5170 ριστοφόρου
1357 5102 1598 5172 Μαρίαν,
1633 5105 1730 5157 καὶ

140 5188 405 5250 μεγάλως
432 5190 522 5241 ἐπ’
566 5190 705 5260 αὐτῇ
740 5189 1086 5256 ἀρεσθὼτες.
1114 5190 1363 5261 ἔγραψαν
1410 5194 1489 5265 τῷ
1533 5195 1728 5267 Πέτρῳ

134 5270 232 5325 διὰ
280 5283 495 5351 τάχους
556 5282 999 5353 παραγενέσθαι,
1060 5280 1331 5353 σύμφωνα
1400 5286 1728 5355 ποιήσαντες

130 5367 417 5442 πρότερον
471 5374 602 5443 περὶ
642 5372 743 5443 τῆς
770 5372 1059 5442 γεγονυίας
1112 5375 1357 5446 εἰρήνης.
1419 5376 1724 5449 Ἀπεστάλη

127 5451 193 5503 δὲ
221 5456 479 5535 Νικῄτας
509 5465 540 5517 ὁ
593 5465 892 5537 μάγιστρος
938 5469 969 5520 ὁ
1012 5466 1388 5538 συμπενθερος
1442 5467 1722 5542 Ῥωμανοῦ

124 5542 419 5619 βασιλέως
462 5556 777 5626 ὕπαντῆσαι
802 5558 898 5613 καὶ
928 5559 1155 5627 ἀγαγεῖν
1189 5558 1394 5630 Πέτρον
1434 5560 1599 5631 μέχρι
1621 5561 1723 5631 τῆς

120 5633 369 5713 πέλεκυς.
404 5648 515 5702 Τοῦ
540 5649 851 5721 ωυλγάρου
898 5649 993 5705 οὖν
1041 5650 1248 5721 Πέτρου
1298 5651 1719 5717 καταλαϐόντος,

1834 4630 2047 4699 pbanus
2082 4631 2348 4703 Bulgarus
2397 4650 2581 4692 comes
2620 4647 2785 4694 esset.
2818 4637 2948 4694 Post
2988 4639 3089 4695 hos
3131 4642 3409 4698 subsecuti
3483 4695 3489 4703 .

1836 4723 2100 4795 Georgius
2147 4724 2484 4782 Sursubulus
2533 4738 2589 4783 et
2634 4727 2867 4799 Symeon
2912 4730 3305 4789 Calutercanus
3356 4745 3411 4789 et

1838 4820 2161 4888 L‘sampsus,
2214 4818 2453 4891 Symeon
2502 4822 2633 4877 item
2682 4824 2908 4879 alterius
2949 4826 3096 4881 illius
3143 4827 3410 4898 Bulgariae

1833 4912 2097 4982 principis
2158 4928 2225 4967 ex
2265 4928 2438 4969 uxore
2494 4915 2680 4971 Frater.
2732 4918 2813 4971 Ad
2871 4919 2985 4973 haec
3025 4919 3173 4976 illius
3235 4922 3411 4976 amnis

1841 5004 2171 5073 Stephanus,
2222 5004 2526 5075 Magotinus
2568 5022 2786 5078 quoque
2814 5018 2869 5064 et
2901 5010 3115 5067 Cronus
3136 5021 3192 5067 et
3238 5012 3411 5068 Meni-

1833 5110 1955 5159 cus,
2008 5094 2154 5149 Petri
2198 5096 2269 5149 ad
2308 5096 2613 5152 Romanum
2660 5099 3043 5170 imperatorem
3082 5103 3407 5173 legationem

1833 5191 2126 5247 fulserunt.
2172 5190 2582 5262 Conspectaque
2633 5194 3007 5266 Christophori
3062 5197 3410 5266 imperatoris

1831 5282 1940 5336 tilia
1987 5281 2177 5344 Maria,
2209 5296 2273 5338 ac
2299 5282 2419 5350 ejus
2450 5284 2739 5352 plurimum
2765 5288 2942 5356 specie
2970 5290 3222 5351 recreati,
3256 5289 3409 5346 ictis.

1833 5391 1942 5445 que
1984 5376 2137 5446 prius
2169 5377 2318 5442 pacis
2375 5375 2693 5443 frederibus.
2729 5380 2911 5434 missis
2950 5381 3149 5437 litteris
3181 5380 3403 5440 Petrum

1832 5468 1952 5523 sine
2001 5482 2153 5524 mora
2206 5470 2397 5523 venire
2429 5470 2733 5537 jusserunt.
2778 5470 2976 5527 Missus
3013 5487 3143 5529 vero
3188 5476 3400 5532 obviam

1829 5560 2048 5617 Nicetas
2083 5563 2343 5634 magister
2386 5562 2610 5617 Romani
2645 5565 2991 5634 imperatoris
3024 5568 3220 5635 amnis,
3247 5587 3404 5628 eum-

1828 5670 1933 5726 que
1975 5655 2029 5709 in
2082 5656 2274 5709 urbem
2323 5654 2669 5712 inducturus.
2726 5656 2862 5713 Cum
2927 5661 3112 5734 itaque
3162 5666 3401 5721 venisset

1446 5748 1682 5804 VARM‘I
1712 5748 2118 5807 LECTIONES.

219 5828 281 5869 τδ
303 5838 474 5897 deest
509 5838 766 5907 ἀλύοντα,
793 5850 853 5897 ut
884 5842 1052 5912 infra,
1084 5844 1169 5901 vel
1202 5844 1332 5916 quid
1358 5846 1560 5903 simile.
1586 5846 1836 5903 Combel'.
1888 5849 1961 5910 73'
1982 5846 2113 5919 ἀνίᾳ
2138 5863 2197 5900 τε
2222 5863 2408 5920 margo
2442 5848 2685 5905 Combel'.
