3962 6204
493 408 595 470 435

1544 404 2051 464 TIlEOPIIANES
2091 404 2368 465 CONTIN
2382 405 2648 465 UA'I'US.

3650 396 3748 465 J36

495 514 821 573 subicerent.
864 513 1036 567 Porro
1084 512 1365 565 Romanus
1391 518 1596 565 tantam
1636 512 1783 565 illam
1813 511 1920 564 vim
1946 509 2074 563 mali
2102 561 2104 568 λ

2210 511 2496 581 κκομίζειν
2520 511 2647 573 τοὺς
2676 507 3001 570 τεθνεῶτας.
3056 509 3116 559 ’0
3160 506 3218 559 δέ
3258 504 3512 577 βασιλεὺς
3547 503 3746 574 Ῥωμα-

495 606 868 667 considerans,
896 619 993 673 pro
1024 603 1258 674 benigna
1290 618 1388 657 sua
1417 611 1713 671 teneraque
1754 602 1809 655 in
1843 604 2078 655 miseros

497 702 705 767 indole,
754 698 1171 753 convenientem
1204 696 1283 752 eis
1323 711 1511 751 curam
1557 694 1812 749 adhibuit
1856 695 2079 750 sedulo-

497 810 605 862 que
662 789 963 861 prospexit,
1016 787 1165 856 larga
1226 787 1697 855 cleemosynarum
1760 788 2082 856 przebitione

500 885 662 940 famis
702 881 1051 951 indigentiam
1072 880 1278 935 solans.
1315 879 1632 935 Porticuum
1656 892 1874 948 quoque
1906 878 2079 945 spatia

500 975 757 1031 fenestris
790 989 854 1028 ac
894 972 1154 1027 tabulatis
1201 971 1502 1035 obstruxit,
1542 986 1609 1026 ne
1636 986 1728 1039 per
1763 986 1824 1023 ea
1858 972 1951 1024 nix
1983 968 2083 1023 fri-

501 1084 714 1139 gusque
750 1068 805 1121 in
844 1078 1113 1134 pauperes
1141 1063 1309 1134 518
1342 1072 1743 1133 grassarentur.
1775 1063 1911 1115 Tum
1942 1076 2083 1131 quo-

503 1176 611 1229 que
648 1175 742 1214 eas
785 1173 924 1227 quas
964 1155 1179 1209 arculas
1214 1165 1409 1209 vocant
1439 1153 1492 1207 in
1522 1156 1737 1209 cunctis
1784 1153 2085 1223 porticibus

504 1250 848 1313 construxit;
882 1262 1280 1316 nummumque
1305 1254 1620 1316 argenteum
1641 1244 1951 1313 jacentibus
1974 1244 2085 1297 illic

508 1344 695 1414 egenis
740 1350 876 1409 quot
922 1339 1210 1395 mensibus
1238 1338 1451 1404 erogari
1489 1336 1762 1406 praecepit,
1807 1343 2084 1390 menstrua

516 1447 739 1503 quoque
801 1431 1037 1486 trimisia
1090 1445 1184 1498 per
1230 1427 1491 1483 ecclesias
1537 1426 1867 1496 pauperibus
1926 1425 2091 1494 jussit

2186 605 2276 668 νὺς
2322 608 2422 673 τὴν
2476 603 2750 673 ἀφόρητον
2795 602 3012 668 ἐκείνην
3053 600 3175 669 βίαν
3216 600 3563 668 κατανοήσας
3605 597 3749 661 ἀξίαν

2185 698 2285 765 τῆς
2317 695 2510 749 ἑαυτοῦ
2549 692 2872 764 συμπαθοῦς
2908 693 3001 746 καὶ
3030 693 3324 761 ὲλεήμονος
3368 691 3588 757 φύσεως
3632 690 3754 760 πρό-

2187 808 2336 843 νοιαν
2389 791 2704 859 ἐποιήσατο,
2765 786 2849 858 [Ρ.
2902 784 3031 855 259]
3097 784 3321 845 πολλαῖς
3375 781 3755 851 ὲλιημοσύναις

2187 884 2288 951 τὴν
2317 883 2382 933 ἐκ
2409 880 2503 935 τοῦ
2550 879 2710 950 λιμοῦ
2773 877 3312 949 παραμυθησάμενος
3353 873 3563 926 ἔνδειαν
3589 888 3601 901 ·
3665 872 3755 922 άν-

2189 973 2428 1045 έφραξέν
2450 990 2508 1025 τε
2541 972 2723 1040 θυρίσι
2756 972 2853 1024 καὶ
2884 969 3221 1038 σανιδώμασι
3246 967 3344 1029 τὰς
3360 966 3469 1018 τῶν
3525 963 3759 1032 ὲμσόλων

2193 1066 2372 1130 στοάς,
2403 1066 2479 1129 ὡς
2509 1066 2583 1136 μὴ
2606 1067 2703 1133 τὴν
2729 1065 2883 1134 χιόνα
2909 1063 3005 1115 καὶ
3030 1061 3093 1113 τὸ
3132 1060 3304 1130 ψῦχος
3357 1058 3568 1111 ἐκεῖθεν
3592 1060 3759 1110 ἐπεισ-

2195 1158 2332 1211 ιέναι
2361 1159 2475 1220 τοῖς
2502 1156 2718 1224 πένησι.
2759 1155 2892 1207 Τότε
2919 1154 3012 1206 καὶ
3036 1152 3133 1212 τὰς
3157 1150 3457 1220 λεγομένας
3484 1148 3761 1219 άρκλαςκὲν

2193 1250 2329 1302 πᾶσι
2361 1247 2737 1301 κατεσκεύασε
2776 1248 2892 1305 τοῖς
2938 1244 3212 1315 ἐμϐόλοις,
3266 1240 3505 1313 ἀργύριά
3541 1257 3599 1293 τε
3628 1238 3762 1291 κατὰ

2198 1346 2343 1413 μῆνα
2376 1345 2492 1405 τοῖς
2529 1342 2587 1394 ἐν
2617 1340 2845 1403 ταύταις
2867 1339 3290 1406 κατακειμένοις
3316 1335 3509 1404 πένησι
3535 1332 3760 1386 δίδοσθαι

2193 1434 2473 1499 διετάξατο
2525 1433 2619 1485 καὶ
2659 1434 2726 1485 τὰ
2788 1432 3013 1500 μηνιαῖα
3049 1429 3299 1500 τριμῑσια
3329 1428 3386 1479 ὲν
3422 1427 3543 1487 ταῖς
3576 1424 3763 1494 ἐκκλη-

510 1526 791 1591 distribui,
847 1524 985 1578 adeo
1029 1532 1088 1577 ut
1140 1538 1261 1591 quze
1308 1536 1401 1589 per
1458 1521 1674 1574 arculas
1726 1532 1781 1575 et
1829 1518 2090 1574 ecclesias

2210 1526 2344 1588 ςίαις
2382 1528 2498 1587 τοῖς
2538 1525 2736 1594 πένησι
2797 1522 3171 1592 διανέμεσθαι,
3221 1520 3297 1582 ὡς
3349 1512 3488 1571 εἶναι
3535 1516 3608 1568 τά
3638 1515 3765 1567 διδόο

513 1619 884 1689 crogabantur
912 1616 1123 1686 argenti
1170 1614 1287 1669 cusi
1316 1614 1671 1679 numismata,
1700 1611 1769 1666 ad
1802 1611 2088 1667 duodecim

2210 1633 2339 1687 μενα
2371 1619 2483 1678 τοῖς
2517 1633 2574 1668 τε
2632 1617 2688 1667 έν
2735 1617 2855 1677 ταῖς
2906 1614 3135 1685 ἄρκλαις
3164 1613 3399 1679 πτωχοῖς
3431 1609 3527 1661 καὶ
3577 1610 3687 1669 τοῖς
3715 1611 3764 1659 ὲν

512 1711 685 1765 millia
720 1716 1158 1764 numerarentur.
1184 1704 1373 1776 Neque
1408 1707 1524 1761 haec
1560 1706 1738 1760 solum
1778 1704 2093 1759 misericor-

2210 1712 2320 1771 ταῖς
2349 1705 2670 1774 ἐκκλησίαις
2722 1704 2966 1776 ἀργύρου
2997 1700 3484 1773 ἐγκεχαραγμένου
3535 1698 3767 1768 χιλιάδας

515 1803 603 1857 dia
628 1816 836 1872 pronus
864 1801 983 1865 ejus
1005 1799 1222 1853 animus
1250 1813 1665 1868 pauperumque
1695 1796 1940 1851 liberalis
1965 1810 2090 1866 pro-

2210 1800 2428 1853 Ξώδεκα.
2494 1800 2570 1851 Οὐ
2630 1798 2790 1866 μόνον
2842 1796 2898 1849 δὲ
2959 1796 3133 1848 ταῦτα
3186 1796 3220 1865 ἡ
3283 1792 3576 1863 συμπαθὴς
3610 1789 3767 1844 αὑτοῦ

517 1868 665 1948 visor
694 1892 798 1947 sibi
833 1892 951 1960 ipse
984 1891 1297 1950 constituit.
1328 1890 1418 1943 sed
1457 1888 1675 1942 abunde
1697 1897 1807 1943 tres
1845 1886 2090 1956 quotidie

2210 1890 2338 1960 Ῑνυχὴ
2378 1888 2717 1942 διετύπωσεν
2744 1888 2854 1941 τῶν
2892 1887 3140 1956 πενήτων
3189 1886 3587 1957 προνοουμένη,
3640 1882 3766 1935 ἀλλά

519 1999 788 2054 pauperes
817 1997 1005 2039 secum
1039 1980 1326 2036 comedere
1369 1980 1560 2044 voluit,
1610 1980 1813 2049 quibus
1862 1978 2094 2048 singulis

2210 1982 2288 2034 ιαὶ
2330 1979 2453 2034 καθ’
2503 1980 2717 2051 ἡμέραν
2766 1980 2916 2050 αὐτῷ
2968 1981 3118 2050 τρεῖς
3176 1977 3480 2031 συνεσθίειν
3538 1976 3769 2044 πένητας

518 2076 876 2146 cleemosyna:
909 2074 1072 2127 titulo
1101 2088 1359 2127 nummus
1389 2071 1628 2127 cederet.
1668 2070 1871 2137 Quarta
1906 2080 2089 2124 autem

2210 2072 2496 2137 Ξιετάξατο,
2526 2072 2575 2124 οἳ
2607 2070 2710 2125 ὰνά
2739 2071 2797 2125 ἓν
2827 2071 3133 2141 ἐλάμϐανον
3158 2070 3425 2139 νόμισμαὶ
3458 2067 3688 2138 Τετράδι
3717 2068 3768 2119 δὲ

523 2162 658 2219 l'eria
711 2180 776 2219 ac
808 2179 1102 2234 parasceve
1139 2172 1250 2217 tres
1289 2177 1491 2231 egenos
1544 2161 1845 2215 monachos
1896 2174 2099 2215 mensae

524 2256 706 2311 socios
731 2256 1046 2318 adhibebat,
1088 2255 1289 2324 quibus
1314 2253 1543 2322 singulis
1560 2253 1919 2307 constitutum
1938 2266 2098 2305 num-

528 2363 679 2402 mum
712 2349 993 2417 erogabat.
1030 2347 1295 2415 Quodque
1335 2346 1388 2399 in
1423 2344 1775 2399 monasteriis
1818 2344 2097 2398 observari

531 2439 693 2502 solet,
740 2446 801 2492 ut
831 2439 974 2492 inter
1020 2436 1417 2492 comedendum
1457 2434 1619 2489 lectio
1660 2435 1945 2497 habeatur,
1995 2432 2102 2486 hoc

530 2530 622 2584 ille
657 2528 972 2599 prestabat,
1011 2528 1113 2582 sibi
1138 2527 1255 2596 ipse
1303 2541 1367 2581 ac
1415 2525 1662 2580 convivis
1703 2524 1972 2591 duplicem
2008 2539 2105 2593 ap-

530 2637 741 2693 ponens
775 2636 1043 2686 mensam,
1076 2632 1135 2675 ut
1178 2629 1290 2673 tum
1322 2634 1522 2688 corpus
1557 2626 1820 2673 consueto
1851 2617 1977 2673 cibo
1996 2616 2105 2671 ale-

536 2721 710 2777 retur,
750 2720 864 2766 tum
890 2711 1075 2765 anima
1114 2710 1496 2765 doctrinarum
1528 2710 1813 2779 voluptate
1862 2710 2105 2764 oblecta-

534 2814 703 2860 retur.
743 2804 957 2871 Quibus
987 2804 1079 2859 ille
1138 2804 1432 2874 diligenter
1485 2802 1771 2857 attendens
1833 2801 2101 2865 animum,

533 2896 1006 2965 compungebatur
1044 2909 1109 2948 ac
1148 2893 1511 2958 lacrymarum
1552 2892 1699 2961 large
1724 2890 1903 2946 fontes
1946 2891 2107 2946 emit.

537 2988 709 3041 lebat.
772 2985 906 3056 Ejus
974 3000 1105 3039 vero
1168 2983 1328 3039 ﬁdem
1384 2997 1512 3052 erga
1574 2982 1897 3045 monachos,
1966 2995 2107 3051 quos

535 3075 836 3148 praesertim
893 3074 1158 3130 sanctitas
1205 3082 1259 3127 et
1303 3072 1493 3142 religio
1545 3067 1725 3126 claros
1775 3068 2105 3135 reddiderat,

533 3175 743 3239 quanta
774 3166 1119 3237 fuerit,-quis
1152 3164 1325 3236 possit
1369 3162 1666 3219 enarrare?
1704 3162 1907 3216 Eorum
1946 3176 2106 3216 nemo

534 3264 589 3317 in
635 3271 993 3331 conspectum
1048 3258 1321 3324 veniebat,
1375 3256 1600 3313 sedulus
1645 3255 1869 3310 virtutis
1907 3254 2104 3319 cultor,

535 3352 627 3407 cui
657 3360 813 3407 actus
845 3364 977 3407 suos
1000 3365 1125 3405 cum
1158 3348 1346 3403 multis
1374 3347 1632 3417 lacrymis
1654 3362 1763 3401 nou
1790 3356 2105 3416 exponeret.

535 3444 677 3499 Cum
716 3453 899 3498 autem
970 3442 1075 3496 [ide
1115 3440 1503 3496 devotissimus
1550 3453 1615 3493 ac
1670 3454 1883 3493 summe
1921 3437 2109 3493 ortho-

536 3535 717 3589 doxus
740 3542 907 3598 esset,
940 3532 1094 3585 urbis
1125 3545 1317 3584 omnes
1338 3529 1597 3584 ecclesias
1643 3528 1982 3598 sumptuosis
2009 3543 2109 3581 au-

538 3624 654 3679 laeis
708 3634 1107 3688 ccreorumque
1157 3627 1211 3672 et
1260 3618 1574 3687 lampadum
1637 3618 1793 3686 c0pia
1852 3617 2111 3686 praeclare

539 3713 847 3769 exornavit.
912 3712 1014 3765 Sed
1069 3720 1124 3764 et
1176 3711 1464 3765 monachis
1526 3712 1580 3763 in
1632 3710 1935 3774 montibus,
1994 3719 2108 3762 tum

538 3820 736 3875 nempe
767 3803 998 3875 Olympo
1021 3812 1135 3858 tum
1168 3802 1399 3874 Cymina
1423 3812 1476 3857 et
1500 3818 1662 3873 quem
1699 3810 1900 3855 vocant
1941 3801 2109 3873 419

543 3896 750 3951 Petram
775 3896 1009 3951 Auream
1040 3904 1092 3951 et
1122 3895 1433 3959 Barachzeo,
1467 3910 1747 3964 nunquam
1774 3894 1981 3950 destitit
2012 3909 2111 3948 an-

540 4005 647 4045 nua
679 3988 949 4059 stipendia
988 3987 1208 4043 mittere
1240 4002 1543 4057 eorumque
1571 4003 1659 4042 res
1705 4001 1902 4042 curare
1936 4002 2001 4042 ac
2028 3986 2111 4041 eis

538 4080 847 4153 providere,
878 4080 1082 4149 quique
1112 4080 1252 4133 inter
1292 4078 1417 4133 illos
1446 4078 1680 4133 actionis
1710 4078 1859 4131 cultu
1889 4093 1954 4132 ac
1981 4092 2113 4131 cono

544 4170 913 4243 templationis
972 4170 1303 4240 spectabiles
1357 4178 1566 4232 essent,
1621 4168 1687 4223 ad
1733 4184 1793 4223 se
1833 4183 2113 4224 accersere

538 4279 839 4334 eorumque
860 4278 1083 4334 precum
1117 4262 1376 4329 suffragia
1402 4263 1698 4331 percipere.
1722 4259 1835 4317 Nec
1850 4262 1902 4315 id
1926 4261 2110 4322 modo,

540 4358 633 4414 sed
665 4366 719 4412 et
745 4356 998 4426 religiosa
1026 4354 1423 4409 exercitatione
1448 4352 1693 4417 inclusis,
1719 4361 1773 4407 et
1805 4352 1901 4421 qui
1931 4367 1992 4407 se
2020 4366 2116 4405 an—

540 4447 877 4519 gustissimis
929 4446 1223 4517 tuguriolis
1281 4445 1426 4499 velut
1472 4459 1692 4499 carcere
1750 4443 2111 4506 abdidissent,

2197 2166 2294 2217 καὶ
2326 2167 2652 2234 παρασκευῇ
2682 2166 2831 2233 τρεῖς
2872 2162 3106 2232 πένητες
3160 2161 3386 2232 μοναχοὶ
3428 2158 3607 2229 τούτῳ
3652 2175 3769 2211 συν-

2198 2254 2410 2327 ήσθιον,
2450 2255 2513 2307 τὸ
2550 2255 2935 2324 τετυπωμένον
2990 2254 3211 2307 ἔκαστοι
3268 2251 3640 2321 λαμϐάνοντες
3690 2250 3772 2303 νζ·

2203 2363 2401 2417 μισμα.
2442 2346 2626 2415 Ὅπερ
2654 2345 2709 2397 δὲ
2746 2346 2803 2398 ὲν
2847 2348 2960 2407 τοῖς
3012 2342 3398 2413 μοναστηρῖοις
3448 2341 3640 2395 εἴωθεν
3693 2340 3770 2408 7!-

2201 2437 2390 2492 νεσθαι
2447 2438 2506 2490 ἐν
2557 2437 2633 2507 τῷ
2700 2437 2879 2507 καιρῷ
2940 2437 3043 2489 ἀνὰ
3092 2438 3190 2504 τῆς
3255 2434 3571 2497 ἑστιάσεως,
3625 2432 3774 2485 τὀὖτο

2202 2532 2367 2594 αὐτὸς
2400 2530 2597 2594 ἐποίει,
2630 2529 2825 2597 διπλῆν
2859 2528 3035 2597 ἐαυτῷ
3069 2529 3163 2581 καὶ
3204 2529 3317 2590 τοῖς
3351 2526 3639 2595 δαιτυμόσι
3682 2525 3773 2593 τὴν

2201 2622 2483 2692 τράπεζαν
2513 2620 2857 2691 παρατιθεὶς,
2894 2620 3033 2673 ὥστε
3070 2619 3129 2671 τὸ
3164 2618 3262 2689 μὲν
3293 2618 3453 2687 σῶμα
3483 2616 3772 2686 τρέφεσθαι

2201 2718 2269 2785 τῇ
2306 2714 2526 2784 συνήθει
2548 2716 2743 2785 τροφῇ,
2771 2716 2836 2781 τῇ
2859 2714 2915 2765 δὲ
2941 2712 3089 2783 ψυχῇ
3122 2710 3445 2781 καταλλήλῳ
3467 2709 3581 2761 τῶν
3609 2707 3774 2774 λόγων

2205 2808 2553 2878 ἐπεντρυφᾷν
2588 2806 2773 2876 ἡδονῇ,
2802 2798 2884 2868 οἷς
2912 2806 3117 2867 ἐκεῖνος
3171 2802 3448 2872 ἐπιμελῶς
3500 2800 3774 2869 προσέχων

2204 2899 2297 2952 τὸν
2339 2896 2465 2952 νοῦν
2510 2897 2809 2951 κατένυσσε
2840 2898 2940 2965 τὴν
2975 2897 3153 2967 ψυχὴν
3181 2895 3273 2947 καὶ
3296 2892 3498 2955 πολλάς
3533 2890 3775 2961 δακρύων

2207 2990 2354 3060 ἠφίει
2412 2989 2615 3059 πηγάς.
2670 2988 2782 3057 Τὴν
2810 2988 2868 3040 δὲ
2919 2987 3101 3040 πίστιν
3146 2988 3280 3055 ὅσην
3330 2985 3601 3053 ἒκέκτητο
3648 2980 3776 3051 πρός

2208 3084 2418 3145 πάντας
2480 3082 2579 3152 μὶν
2639 3081 2929 3151 μοναχοὺς,
2989 3079 3223 3150 μάλιστα
3252 3078 3308 3130 δὲ
3339 3076 3466 3139 τοὺς
3499 3075 3592 3126 ἐπ’
3624 3075 3778 3141 ἁγιω-

2211 3176 2347 3248 σύνῃ
2382 3175 2706 3245 διαϐοήτους
2753 3173 2851 3227 καὶ
2880 3172 3154 3243 εὐλαϐείᾳ,
3185 3171 3266 3233 τίς
3296 3170 3362 3224 ἂν
3424 3168 3777 3236 διηγήσαιτο;

2211 3268 2326 3321 Ούκ
2353 3268 2615 3320 ἐθεάσατο
2629 3266 2740 3337 γάρ
2763 3283 2891 3319 ποτε
2922 3266 3154 3334 μοναχὸν
3180 3263 3381 3335 ἀρετῆς
3403 3259 3776 3329 ἀντεχόμενον.

2210 3355 2362 3430 ᾧτινι
2388 3362 2487 3424 τὰς
2516 3358 2711 3413 ἑαυτοῦ
2743 3358 2973 3429 πράξεις
3008 3357 3105 3409 σὺν
3145 3355 3359 3418 πολλοῖς
3396 3353 3660 3421 δάκρυσιν
3684 3350 3778 3402 οἰκ

2211 3449 2527 3520 ἐξηγόρευε.
2592 3450 2923 3508 Πιστὸτατος
2977 3442 3035 3501 δὲ
3087 3446 3164 3499 ὣν
3218 3446 3310 3499 καὶ
3377 3441 3781 3515 όρθοδοξότατος

2212 3544 2389 3605 πάσας
2416 3543 2515 3605 τὰς
2538 3542 2641 3611 τῆς
2684 3542 2891 3604 πόλεως
2934 3539 3226 3610 ἐκκλησίας
3256 3536 3481 3599 πέπλοις
3506 3532 3779 3601 διαφανέσι

2208 3637 2306 3688 καὶ
2366 3635 2753 3702 φωταγωγίαις
2822 3633 3094 3702 λαμπρῶς
3140 3630 3470 3698 κατεκόσμει
3518 3628 3623 3680 καῖ
3658 3640 3780 3677 κατ·

2212 3726 2554 3796 εφαίδρυνεν.
2603 3725 2762 3778 Ἀλλὰ
2797 3726 2893 3778 καὶ
2926 3727 3042 3787 τοῖς
3096 3725 3153 3775 ἐν
3205 3723 3357 3789 ὅρεσι
3398 3721 3670 3789 μοναχοῖς,
3705 3714 3781 3781 τῷ

2211 3835 2271 3871 τε
2320 3816 2578 3888 Ὀλύμπῳ
2615 3819 2710 3870 καί⁵
2751 3815 2829 3886 τῷ
2855 3816 3071 3885 Κομινᾷ
3103 3814 3198 3867 καὶ
3231 3816 3297 3884 τῇ
3328 3813 3523 3882 Χρυσῇ
3565 3820 3771 3862 κατονο-

2217 3892 2496 3981 μαξομένῃ
2532 3911 2714 3981 Πέτρᾳ
2770 3908 2865 3962 καὶ
2909 3908 3001 3960 τοῦ
3040 3906 3362 3976 νΒαραχαὶου
3414 3903 3556 3973 opst,
3593 3901 3651 3953 οὗ
3704 3896 3780 3948 δι-

2212 3996 2399 4054 έλιπεν
2429 4001 2659 4071 ὲτησίως
2704 4000 2870 4072 ρόγας
2918 3996 3322 4063 ὲξαποστέλλων
3367 3995 3459 4047 καὶ
3490 3989 3779 4064 φροντέζων

2212 4093 2420 4147 τούτων
2444 4095 2538 4146 καὶ
2565 4093 2984 4164 προνοούμενος,
3021 4091 3113 4143 καὶ
3153 4091 3280 4151 τοὺς
3318 4085 3650 4155 ὀνομαστοὺς
3687 4080 3775 4132 ἐπὶ

2214 4185 2411 4255 πράξει
2466 4185 2559 4237 καὶ
2600 4184 2807 4254 θεωρία
2859 4180 3335 4252 μετακαλούμενος
3374 4178 3450 4241 ὡς
3478 4177 3661 4237 αὑτὸν,
3689 4172 3778 4223 καὶ

2214 4280 2323 4332 τῶν
2354 4277 2529 4348 εὐχῶν
2562 4275 2740 4329 αὐτῶν
2770 4274 2867 4338 τὰς
2904 4274 3155 4342 εὐλογίας
3196 4270 3433 4341 τρυγῶν.
3497 4268 3573 4321 Οὐ
3630 4264 3777 4336 μόνον

2214 4371 2292 4436 δὲ,
2323 4370 2457 4424 ἀλλὰ
2490 4368 2582 4422 καὶ
2613 4371 2725 4431 τοῖς
2769 4367 2858 4421 διὰ
2884 4368 3018 4420 Θεὸν
3073 4366 3410 4431 ὲγκλείσ-ιοις
3456 4363 3549 4416 καὶ
3594 4374 3777 4413 στενωο

2216 4466 2398 4523 τάτοις
2420 4463 2687 4525 οἱκίσκοις
2718 4459 3035 4529 καθείρξασι
3065 4459 3159 4511 καὶ
3188 4459 3321 4511 πᾶσι
3364 4458 3480 4519 τοῖς
3525 4464 3774 4525 μοναστηο

540 4540 784 4610 cunctisj
800 4538 1037 4609 denique
1067 4537 1416 4593 monasteriis
1441 4544 1672 4591 statutas
1701 4548 1949 4589 annonas
1986 4535 2104 4588 sub-

2224 4558 2359 4628 ρῖοις
2390 4544 2777 4624 τὰςὲτησίους
2825 4553 3010 4622 ρόγας,
3051 4549 3117 4612 ἃς
3173 4548 3531 4608 διετύπωσεν,
3587 4544 3645 4597 ού
3703 4541 3775 4628 διο

542 4633 860 4688 ministrare
923 4646 1033 4684 non
1098 4629 1365 4684 cessabat.
1426 4629 1555 4684 Hac
1603 4626 1753 4682 velut
1806 4641 1870 4680 ex
1928 4626 2104 4680 multis

2215 4626 2401 4701 έλιπεν
2431 4643 2793 4715 ἐπιχορηγῶν.
2826 4640 3009 4693 Ταῦτα
3048 4639 3125 4702 ὡς
3167 4639 3233 4690 έκ
3260 4634 3474 4689 πολλῶν
3503 4633 3656 4698 όλέγα
3681 4626 3777 4678 τῶν

543 4739 747 4796 paucas
813 4723 917 4777 viri

541 4829 686 4870 mus.
832 4813 938 4874 (ἢ

610 4906 704 4961 28.
738 4904 902 4960 Petro
950 4904 1311 4974 Bulgarorum
1370 4905 1607 4976 principi
1662 4905 1902 4963 Joannes
1949 4906 2117 4961 frater

546 5010 673 5051 cum
730 4994 856 5050 aliis
912 4993 1199 5065 Symeunis
1255 4998 1576 5065 proceribus
1624 4999 1822 5053 struxit
1871 4998 2116 5053 insidias.

545 5089 914 5161 Deprehensis
949 5088 1079 5151 illis,
1109 5087 1351 5143 Joannes
1379 5091 1600 5159 quidem
1632 5091 1817 5163 ﬂagris
1856 5093 2118 5148 emenda-

545 5191 634 5239 tus
658 5184 711 5237 iu
742 5195 968 5238 carcere
999 5180 1318 5244 includitur,
1349 5182 1541 5252 reliqui
1583 5186 1798 5239 acerbis
1831 5184 2116 5254 suppliciis

545 5276 758 5330 subacti
793 5284 945 5330 sunt.
983 5272 1191 5328 Horum
1238 5272 1523 5330 Romanus
1570 5275 1870 5346 imperator
1897 5294 1927 5332 a
1961 5278 2120 5333 Petro

547 5367 745 5421 certior
769 5367 967 5434 factus,
988 5364 1254 5421 Joannem
1283 5368 1614 5422 monachum
1648 5367 1794 5438 (eum
1824 5370 1915 5440 qui
1943 5381 2122 5423 rector

546 5457 869 5528 exstiterat)
932 5459 1122 5522 mittit,
1179 5467 1449 5528 praetextu
1525 5460 1743 5529 quidem
1820 5462 2121 5516 redimendi

547 5549 812 5617 captivos,
848 5566 907 5605 re
935 5552 1053 5619 ipsa
1098 5567 1228 5606 vero
1265 5561 1325 5606 ut
1364 5550 1628 5608 Joannem
1654 5562 1871 5623 caperet
1916 5565 1971 5609 et
2018 5553 2122 5625 By-

546 5641 789 5697 zantium
815 5643 1070 5711 duceret;
1112 5646 1259 5715 quod
1286 5656 1340 5699 et
1372 5646 1444 5700 ita
1475 5647 1726 5718 contigit.
1769 5646 1886 5702 Una
1920 5650 2123 5720 quippe

546 5749 674 5791 cum
706 5733 918 5791 Joanne
948 5741 1131 5792 navim
1168 5739 1475 5806 ingressus,
1516 5757 1546 5794 a
1579 5739 1904 5795 Mesembria
1941 5744 1991 5794 in
2029 5757 2122 5794 ur-

548 5835 672 5884 bem
705 5826 923 5881 delatus
945 5835 1052 5881 est.
1089 5825 1201 5882 Nec
1228 5830 1401 5884 multo
1430 5839 1552 5899 post
1585 5830 1833 5902 projecto
1863 5832 2119 5888 monachi

992 4722 1223 4777 virtutes
1288 4722 1775 4792 eleemosynasque
1840 4719 2116 4789 percurri-

2218 4739 2386 4793 αὐτοῦ
2416 4736 2862 4807 κατορθωμάτων
2894 4734 2987 4786 καὶ
3012 4726 3393 4800 ἐλεημοσυνῶν
3421 4722 3773 4795 διεξήλθομεν-

2290 4917 2376 4989 [Ρ.
2418 4914 2550 4987 260]
2600 4912 2710 4985 κη’.
2745 4911 2936 4982 Πέτρῳ
2990 4911 3048 4963 δι
3095 4907 3173 4978 τῷ
3213 4904 3512 4975 Βουλγάρῳ
3569 4896 3776 4953 ἐπέθετο

2233 5008 2482 5078 Ἰωάννης
2516 5011 2544 5061 ὁ
2576 5005 2804 5074 ἁδελφὸς
2836 5002 3001 5056 αὐτοῦ
3052 5000 3191 5070 μετα
3251 4998 3348 5051 καὶ
3393 4996 3601 5066 ἑτέρων
3642 5001 3779 5060 μεγιο

2221 5077 2555 5155 στάνωντοῦ
2586 5096 2810 5169 Συμεών
2839 5112 2852 5127 ·
2892 5096 2989 5149 καὶ
3038 5091 3400 5163 φωραθέντων
3430 5086 3616 5141 αὐτῶν
3642 5086 3670 5135 ό

2234 5193 2485 5263 Ἰωάννης
2521 5167 2784 5262 τύπτεται
2838 5189 2933 5242 καὶ
2992 5185 3299 5255 ὲγκλείεται
3351 5180 3595 5249 φυλακῇ,
3653 5174 3700 5226 οἱ
3735 5167 3782 5218 δὲ

2222 5288 2398 5340 λοιποὶ
2426 5285 2722 5353 τιμωρίαις
2756 5282 2815 5335 ού
2862 5283 2981 5343 ταῖς
3038 5279 3325 5347 τυχούσαις
3380 5270 3781 5326 ὑποϐάλλονται.

2224 5378 2411 5430 Ταῦτα
2444 5375 2501 5429 δὲ
2530 5372 2665 5445 δῆλα
2693 5374 2899 5442 Πέτρου
2947 5370 3273 5438 ποιήσαντος
3304 5363 3382 5433 τῷ
3415 5361 3631 5433 βασιλεί
3670 5353 3786 5405 Ῥω-

2228 5467 2402 5538 μανῴ,
2436 5464 2754 5519 ἀπέστειλεν
2781 5464 2809 5515 ὁ
2837 5462 3091 5533 βασιλεὺς
3124 5460 3215 5511 τὸν
3249 5456 3482 5526 μοναχὸν
3524 5450 3787 5538 Ἰωάννην)

2222 5530 2281 5624 ἐς
2303 5530 2547 5627 έῖεγῦνεῑ
2586 5530 2849 5629 ραίκτωρζ
2892 5553 3164 5625 προφάσει
3216 5550 3313 5620 μὲν
3347 5547 3442 5600 τοῦ
3476 5545 3701 5629 ποιῆσαι
3736 5530 3792 5629 ᾖ

2225 5625 2483 5718 άλλάγιον
2510 5625 2619 5704 τῶν
2650 5647 3039 5719 κρατουμένων
3062 5641 3447 5711 αἰχμαλώτων,
3478 5639 3543 5706 τῇ
3571 5625 3793 5719 ἁληθέίᾳ

2225 5745 2282 5798 δὲ
2318 5742 2570 5814 Ἰωάννην
2617 5718 2912 5809 κατασχεῖν
2960 5737 3055 5789 καὶ
3117 5738 3176 5787 ἐν
3231 5718 3792 5814 Κωνσταντινουπόλσι

2226 5835 2479 5905 ἀγαγεῖν.
2521 5809 2587 5887 ⁵⁸0
2615 5832 2679 5903 δὴ
2735 5831 2829 5884 καὶ
2890 5829 3115 5900 γέγονεν
3143 5842 3156 5855 ι
3210 5820 3468 5877 εἰσελθὼν
3522 5820 3632 5886 γὰρ
3689 5809 3797 5875 ἅμα
