3962 6204
82 334 83 339 γ
190 243 293 308 tu

1173 252 1322 313 LIB.
1350 254 1448 315 VI.
1491 279 1559 291 ·-··
1590 253 1960 319 ROMANUS
2002 256 2464 321 LACAPENUS;

3337 275 3445 334 450

259 357 377 429 pg’.
408 357 680 428 Δευτέρας
714 359 772 415 δὲ
806 359 1138 426 ινδικτιωνος
1194 366 1222 417 ὁ
1263 363 1541 436 Ῥωμανδς
1617 366 1747 437 βασι.

1945 371 2035 427 46.
2099 373 2276 427 Porro
2324 372 2567 428 secunda
2623 374 2923 434 indictione
2959 376 3239 437 Romanus
3270 380 3439 452 impos

190 449 312 514 λεὺς
375 450 687 522 Πασχάλιον
761 454 1253 526 πρωτοσπαθάριον
1308 458 1402 512 καὶ
1464 461 1767 532 στρατηγὸν

188 542 589 613 Δογγιϐαρδίας
612 545 749 615 πρὸς
774 545 865 598 τὸν
887 547 1030 617 ρἦα
1050 548 1329 618 Φραγγίας
1345 547 1572 619 Οῦγωνα
1603 551 1769 617 ἐξαπ·

186 637 444 698 ἔστειλεν,
502 637 601 706 τὴν
640 638 807 691 αὑτοῦ
859 639 1135 710 θυγατέρα
1179 642 1453 709 ἐπιζητῶν
1501 646 1581 706 εἰς
1630 643 1767 713 νύμο

186 742 291 794 φην
335 725 608 795 Ῥωμανῷ
637 726 716 797 τῷ
761 729 855 779 τοῦ
880 728 1133 800 γαμϐροῦ
1160 730 1325 783 αὐτοῦ
1353 732 1764 787 Κωνσταντίνου

183 817 282 885 υἱῷ
305 834 317 847 ·
345 817 414 885 ἢν
446 819 540 870 καὶ
575 819 861 872 ἀναλαϐὼν
894 822 921 872 ὁ
952 822 1243 891 εἰρημένος
1289 823 1596 893 Πασχὰλιος
1628 824 1766 894 μετά

182 906 413 959 πλούτου
448 907 645 960 πολλοῦ
695 911 755 961 ἐν
795 913 861 980 τῇ
900 910 1049 963 πόλει
1080 913 1382 980 ἀνήγαγεν.
1412 914 1607 983 Γέγονε
1651 915 1708 968 δὲ
1737 917 1766 969 ό

180 1003 356 1070 γάμος
393 1002 756 1072 Σεπτεμϐρίῳ
789 1005 924 1073 μηνὶ
967 1006 1303 1071 ἰνδικτιῶνος
1355 1009 1569 1079 τρίτης,
1601 1008 1762 1072 Ἥτις

181 1097 275 1148 καὶ
298 1095 515 1161 ζήσασα
543 1096 685 1164 μετὰ
712 1096 807 1148 τοῦ
841 1098 1034 1167 ἀνδρὸς
1077 1098 1173 1170 ἔτη
1210 1099 1373 1159 πέντε
1408 1099 1760 1171 ἐτελεύτησεν

180 1189 301 1248 ταῖς
331 1188 567 1255 ἡμέραις
608 1187 708 1257 τῆς
738 1187 1173 1260 αὐτοκρατορίας
1205 1191 1618 1247 Κωνσταντίνου
1666 1190 1759 1249 τοῦ

178 1279 350 1346 αὐτῆς
385 1277 673 1349 πενθεροῦ.

240 1368 357 1439 μζ.
407 1371 639 1440 Ἀνέμου
667 1372 725 1424 δὲ
754 1371 931 1442 βιαίου
956 1374 1050 1427 καὶ
1077 1374 1309 1446 σφοδροῦ
1338 1375 1759 1433 καταπνεύσανο

176 1478 262 1523 τος
313 1462 644 1533 Δεκεμϐρίῳ
701 1466 835 1535 μηνὶ
890 1466 939 1518 0i
999 1465 1287 1535 λεγόμενοι
1341 1470 1401 1521 ἐν
1433 1469 1511 1538 τῷ
1547 1468 1758 1539 ἱππικῷ

175 1555 347 1624 Δῆμον.
385 1556 721 1621 κατέπεσον,
782 1558 833 1610 οἳ
886 1558 985 1611 ἀπ’
1038 1560 1288 1624 ἐναντίας
1330 1560 1423 1615 τοῦ
1472 1561 1753 1631 βασιλικοῦ

178 1646 370 1716 θρόνου
423 1646 745 1717 ἐτύγχανον,
781 1649 867 1720 [Ρ.
899 1649 1029 1723 268]
1066 1654 1160 1706 καὶ
1206 1654 1536 1726 συνέτριψαν
1579 1655 1649 1709 τά
1694 1672 1754 1710 τε

1872 473 2027 518 rator
2050 464 2397 518 l’aschalium
2422 469 2927 537 protospatharium
2958 486 3023 527 ac
3045 470 3442 544 Longobardia!

1868 552 2067 608 ducem
2121 554 2187 607 ad
2245 552 2524 625 llugonem
2576 573 2758 627 regem
2816 560 3062 617 Francia:
3100 564 3275 628 misit,
3310 565 3442 636 ejus

1871 643 2035 696 ﬁliam
2062 642 2307 697 Romano
2338 644 2684 702 Constantini
2708 652 2893 719 generi
2925 653 3008 706 sui
3039 653 3151 707 filio
3178 666 3439 722 sponsam

1868 735 2197 803 exquirens;
2232 750 2395 805 quam
2433 746 2489 792 ct
2512 753 2823 807 assumens,
2851 759 3012 812 quem
3038 746 3171 810 dixi,
3199 746 3440 801 Pascha-

1868 826 1978 882 lius
1995 842 2119 881 cum
2149 827 2317 882 multa
2349 830 2728 898 suppellectilc
2758 843 2922 903 atque
2940 836 3134 906 opibus
3162 837 3215 891 in
3246 838 3435 893 urbem

1868 918 2109 974 induxit.
2144 921 2441 977 Celohralze
2467 924 2671 993 nuptiae
2701 940 2889 981 mense
2925 928 3251 997 Septembri,
3286 930 3438 984 indi-

1866 1012 2049 1068 ctione
2085 1015 2267 1068 tertia.
2305 1015 2447 1068 Vixit
2473 1030 2599 1073 cum
2631 1017 2752 1072 viro
2774 1034 2949 1074 annos
2981 1021 3258 1091 quinque;
3292 1031 3436 1076 tum-

1864 1118 1970 1173 que
1994 1104 2133 1159 vivis
2157 1116 2409 1174 exempta
2429 1113 2532 1172 est,
2549 1121 2673 1160 cum
2696 1107 3090 1165 Constantinus
3112 1111 3257 1166 illius
3280 1125 3438 1167 socer

1864 1194 1981 1264 ipse
2008 1211 2258 1251 summus
2296 1196 2598 1268 imperator
2630 1208 2778 1256 esset
2817 1201 3080 1271 solusque
3122 1217 3307 1257 rerum
3340 1218 3442 1274 ped

1862 1285 2083 1340 tiretur.

1932 1377 2022 1432 47.
2063 1375 2252 1435 Mense
2287 1378 2573 1439 Decembri
2602 1380 2942 1438 validissimo
2973 1381 3239 1453 perﬂante
3270 1392 3441 1441 vento

1860 1475 2029 1536 atque
2063 1468 2304 1530 turbine.
2337 1471 2429 1538 qui
2462 1470 2516 1525 in
2567 1472 2687 1527 foro
2717 1486 2782 1526 ex
2820 1473 3053 1527 adverso
3083 1473 3219 1543 regii
3251 1474 3433 1528 throni

1860 1559 2027 1617 erecti
2072 1569 2223 1625 sunt,
2279 1562 2360 1617 sic
2409 1562 2586 1619 vocati
2638 1562 2789 1618 Demi
2836 1572 3197 1628 corruerunt,
3246 1564 3435 1633 subje-

1858 1658 2086 1721 ctosque
2118 1653 2320 1722 gradus
2350 1662 2404 1710 et
2435 1667 2710 1708 marmora
2742 1669 2806 1709 ac
2837 1654 3165 1709 columellas
3199 1654 3445 1722 (stetbea~

175 1738 539 1792 ὑποκάτωθεν
562 1739 745 1793 αὐτῶν
777 1739 955 1812 βάθρα
990 1744 1086 1799 καὶ
1112 1744 1182 1797 τὰ
1211 1744 1432 1814 στηθεῐα
1458 1745 1747 1815 λεγόμενα,

1855 1742 2032 1797 dictas
2070 1744 2228 1813 quasi
2263 1745 2330 1800 ad
2382 1744 2545 1817 532
2579 1752 2768 1816 pectus
2812 1744 3194 1816 ascendentes)
3222 1746 3432 1801 contri-

173 1832 381 1900 Χρόνου
414 1831 473 1885 δὲ
512 1832 1032 1903 περικυκλώσαντος
1062 1834 1141 1905 τῷ
1176 1835 1327 1906 αὐτῷ
1361 1837 1493 1907 μηνὶ
1528 1837 1619 1891 τὸν
1653 1838 1754 1907 βα·

175 1924 325 1981 silio.
360 1925 647 1995 Ῥωμανὸν
670 1927 719 1980 οί
744 1926 858 1982 υἱοὶ
883 1926 1048 1982 αὑτοῦ
1075 1928 1170 1983 τοῦ
1197 1929 1461 1985 παλατίου
1507 1930 1750 2001 κατήγω-

172 2032 285 2084 γον.
536 2069 541 2074 .

242 2108 363 2180 μη’.
397 2110 514 2180 Τῆς
546 2111 609 2167 δὲ
634 2110 843 2178 πόλεως
879 2112 1122 2184 Ἐδέσης,
1153 2112 1211 2167 ἐν
1307 2114 1368 2169 τδ
1421 2114 1600 2185 τίμιον
1653 2114 1748 2169 τοῦ

168 2197 412 2267 Χριστοῦ
442 2203 740 2269 ἐκμαγεῖον
777 2202 1057 2264 ἀπέκειτο,
1108 2202 1260 2273 παρά
1303 2202 1396 2256 τοῦ
1438 2202 1748 2274 Ῥωμαϊκοῦ

171 2291 641 2363 πολιορκουμένης
679 2292 1090 2363 στρατεύματος
1119 2294 1214 2347 καὶ
1261 2295 1341 2358 είς
1373 2295 1619 2365 ἀνάγκην
1652 2314 1751 2367 με·

172 2384 364 2452 γίστην
398 2386 857 2455 περιισταμένης,
891 2386 1222 2440 ἁάστειλαν
1243 2389 1294 2441 οί
1337 2388 1505 2455 αὐτῆς
1537 2389 1750 2457 οἰκήτο-

173 2492 259 2545 ρες
304 2476 449 2545 πρὸς
482 2477 575 2529 τὸν
634 2475 860 2545 βασιλέα
901 2476 1180 2547 Ῥωμανὸν
1231 2477 1748 2547 διαπρεσϐευόμενοι

170 2565 261 2637 τὴν
289 2566 616 2637 πολιορκίαν
646 2568 893 2637 λυθῆναι,
920 2568 983 2620 τὸ
1004 2566 1099 2620 τοῦ
1129 2566 1366 2637 Χριστοῦ
1391 2565 1546 2636 ἅγιον
1571 2568 1748 2636 ἐκμα-

168 2660 313 2725 γὲον
345 2660 611 2730 παρέχειν
636 2659 1101 2728 ἐπαγγελλόμενοι
1123 2676 1134 2688 ·
1170 2658 1308 2729 ὑπὲρ
1335 2659 1392 2712 δὲ
1418 2659 1517 2729 τῆς
1547 2657 1740 2712 τοιαύ-

169 2766 262 2820 της
294 2751 522 2821 χάριτος
568 2752 823 2821 δεσμίους
852 2752 1129 2823 ᾐτήσαντο
1160 2750 1270 2803 τῶν
1299 2749 1578 2819 ἐπιφανῶν
1599 2750 1747 2803 ἀντι-

167 2841 371 2902 λαϐεῖν,
420 2844 838 2912 χρυσοϐούλλιόν
884 2860 942 2895 τε
985 2843 1173 2896 λαϐεῖν
1217 2841 1360 2896 ὥστε
1416 2842 1613 2912 μηκέτι
1646 2842 1747 2911 τὴν

166 2932 374 2987 τούτων
414 2933 599 3004 χώραν
635 2935 786 3006 παρὰ
833 2934 929 2988 τοῦ
968 2933 1255 3003 Ῥωμαίων
1303 2933 1533 3003 στρατοῦ
1562 2932 1746 3003 ληῖζε-

168 3020 312 3076 σθαι.
340 3024 411 3076 Ὀ
438 3021 506 3093 δὴ
536 3025 630 3076 καὶ
663 3024 906 3091 γέγονεν.
970 3022 1077 3075 Τοῦ
1140 3023 1296 3090 ἁγίου
1337 3022 1396 3075 δὲ
1446 3022 1742 3091 ἐκμαγείου

164 3113 282 3182 ἦτοι
314 3114 614 3184 μανδηλίου
653 3116 1053 3178 ἀποσταλέντος
1086 3116 1180 3167 καὶ
1213 3113 1312 3184 ἤδη
1349 3116 1415 3183 τῇ
1448 3114 1742 3167 Κωνσταν-

163 3206 476 3260 τινουπόλει
520 3207 931 3277 πλησιάζοντος,
964 3207 1241 3277 Θεοφάνης
1261 3206 1544 3276 πατρίκιος
1574 3208 1601 3258 ὁ
1633 3224 1742 3259 παν

169 3297 587 3367 ρακοιμώμενος
609 3300 667 3352 ἐν
691 3299 768 3368 τῷ
803 3298 1033 3369 ποταμῷ
1057 3298 1292 3367 Σαγάρῳ
1321 3298 1549 3362 ἐξελθὼν
1570 3298 1744 3369 om-

164 3404 328 3459 τησεν
379 3389 530 3460 αὐτῷ
567 3392 706 3458 μετὰ
756 3391 1016 3461 λαμπρᾶς
1059 3391 1427 3461 φωταγωγίας
1486 3390 1583 3443 καὶ
1636 3391 1738 3461 τῆς

164 3480 392 3552 δεούσης
439 3482 605 3553 τιμῆς
640 3499 700 3535 τε
746 3483 845 3536 καὶ
886 3484 1192 3554 ὑμνῳδίαςο
1225 3486 1320 3537 καὶ
1351 3487 1416 3553 τῇ
1453 3500 1740 3537 πεντεκαι-

166 3573 365 3643 δεκάτῃ
412 3572 508 3627 τοῦ
562 3574 877 3642 Αὐγούστου
909 3573 1077 3645 μηνός
1102 3576 1200 3629 σὺν
1233 3576 1382 3646 αὐτῷ
1406 3576 1466 3629 ἐν
1489 3578 1554 3647 τῇ
1586 3575 1739 3628 πόλει

166 3666 439 3736 εἰσῆλθεν,
474 3665 573 3720 τοῦ
620 3667 886 3737 βασιλέως
916 3668 975 3721 ἐν
1008 3666 1343 3739 Βλαχέρναις
1380 3668 1533 3732 ὄντος
1578 3670 1741 3722 κάκεῖ

166 3762 295 3814 αὐτὸ
333 3764 851 3831 προσκυνήσαντος.
887 3763 997 3816 Καὶ
1023 3766 1087 3832 τῇ
1117 3762 1379 3834 ἐπαύριον
1418 3763 1644 3833 ἐξῆλθον
1681 3767 1738 3817 ὲν

164 3853 230 3921 τῇ
268 3852 462 3921 Χρυσῇ
498 3852 673 3923 πόρτῃ
705 3852 759 3904 οἵ
802 3870 862 3905 τε
892 3853 1151 3923 βασιλέως
1183 3853 1276 3905 δύο
1323 3853 1431 3905 υἱοὶ
1468 3855 1739 3923 Στέφανός

164 3960 223 3995 τε
245 3945 337 3997 καὶ
360 3944 773 4007 Κωνσταντίνος
798 3947 892 3999 καὶ
912 3947 941 3997 ό
960 3944 1212 4016 γαμϐρὸς
1258 3944 1422 3997 αὑτοῦ
1453 3947 1742 4000 Κωνσταν-

161 4035 304 4096 τίνος
334 4032 437 4093 σὺν
466 4033 546 4103 τῷ
582 4034 896 4105 πατριάρχῃ
925 4033 1290 4105 Θεοφυλάκτῳ
1310 4050 1326 4064 ’
1352 4035 1445 4087 καὶ
1480 4034 1618 4103 μετὰ
1640 4035 1741 4103 τῆς

164 4124 392 4195 δεούσης
427 4125 591 4179 τοῦτο
634 4126 996 4190 ἀναλαϐόντες
1049 4127 1238 4197 τιμῆς,
1280 4126 1380 4194 τῆς
1436 4126 1739 4196 συγκλήτου

162 4218 348 4289 πάσης
399 4216 891 4288 προπορευομένης
934 4218 1031 4271 καὶ
1065 4217 1431 4287 φωταγωγίας
1477 4218 1741 4287 μεγίστης

162 4309 541 4378 προαγούσης,
598 4309 759 4380 μέχρι
814 4309 911 4362 τοῦ
959 4308 1090 4362 ναοῦ
1134 4310 1236 4377 τῆς
1309 4308 1492 4375 Ἀγίας
1539 4308 1739 4378 Σοφίας

1854 1840 2077 1889 verunt.
2126 1834 2274 1888 Anni
2309 1843 2491 1891 autem
2538 1844 2783 1892 vertente
2815 1838 3048 1902 circulo,
3083 1836 3275 1894 eodem
3308 1837 3437 1909 ipso

1852 1940 2061 1993 mense,
2094 1923 2405 1982 Romanum
2439 1927 2825 1998 imperatorem
2867 1928 2987 1985 eius
3024 1929 3121 1985 filii
3152 1928 3432 2002 aulreje-

1850 2023 2068 2071 ccrunt.

1922 2107 2015 2162 48.
2038 2107 2243 2165 Edessa
2280 2119 2460 2166 autem
2488 2111 2645 2179 urbe,
2674 2113 2729 2167 in
2754 2128 2863 2183 qua
2890 2114 3199 2171 veneranda
3223 2114 3431 2173 Christi

1848 2200 2049 2272 eﬂigies
2078 2202 2255 2271 posita
2294 2211 2436 2268 erat,
2465 2218 2495 2259 a
2536 2203 2788 2261 Romano
2832 2209 3076 2262 exercitu
3114 2209 3341 2264 obsessa
3373 2217 3427 2264 et

1847 2290 1913 2343 ad
1953 2300 2232 2346 extremas
2258 2294 2551 2361 angustias
2603 2293 2849 2361 redacta,
2886 2296 3148 2367 oppidani
3177 2306 3432 2353 oratores

1848 2382 1915 2435 ad
1948 2379 2257 2435 Romanum
2290 2382 2675 2452 imperatorem
2709 2385 2959 2452 mittunt,
2997 2397 3253 2457 rogantes
3286 2388 3429 2443 solvi
3518 2429 3529 2435 ρ

1846 2474 2214 2537 obsidionem,
2243 2473 2364 2543 ejus
2396 2476 2644 2531 muneris
2672 2478 2844 2545 gratia
2878 2492 2939 2532 se
2976 2478 3183 2534 Christi
3211 2490 3429 2534 sacram

1846 2564 2078 2633 cﬂigiem
2110 2567 2164 2618 in
2218 2566 2386 2619 linteo
2415 2581 2731 2634 expressam
2764 2568 2994 2623 daturos
3029 2569 3292 2639 polliciti;
3323 2570 3430 2625 hu-

1841 2661 2045 2727 jusque
2076 2656 2253 2725 ipsius
2285 2658 2533 2712 muneris
2563 2658 2736 2713 vicem
2770 2675 2837 2714 ex
2886 2660 3002 2716 suis
3029 2662 3245 2716 vinctos
3284 2663 3428 2717 reci-

1845 2763 1972 2819 pere
1999 2749 2275 2819 petebant,
2293 2750 2387 2819 qui
2416 2748 2720 2806 nobiliores
2744 2762 2950 2815 essent,
2980 2751 3238 2821 bullaque
3259 2767 3425 2807 aurea

1845 2856 1963 2896 eam
2012 2841 2148 2911 ipsis
2204 2825 2461 2911 praestari
2510 2841 2695 2906 iidem,
2724 2851 2784 2898 ut
2831 2858 3111 2913 nunquam
3165 2842 3427 2899 Romanae

1846 2931 2019 3001 copiae
2061 2929 2398 2986 Edessenam
2429 2932 2704 3001 regionem
2743 2933 3115 2989 devastarent.
3154 2933 3310 2999 Quod
3344 2936 3426 2990 sic

1847 3024 2033 3092 utique
2064 3024 2292 3077 factum.
2341 3021 2507 3078 Missa
2547 3023 2732 3092 itaque
2770 3038 2927 3078 sacra
2969 3022 3145 3093 eliigie
3191 3039 3287 3078 seu
3322 3038 3423 3077 su-

1845 3115 2020 3178 dario,
2055 3113 2281 3182 jamque
2328 3112 2471 3165 haud
2504 3113 2696 3181 procul
2738 3112 3020 3182 Byzantio,
3061 3112 3424 3183 Theophanes

1845 3206 2114 3278 patricius
2164 3214 2219 3258 et
2249 3205 2534 3259 aecuhitor
2580 3203 2649 3259 ad
2707 3202 2955 3272 Sagarim
3016 3202 3240 3258 ﬂuvium
3291 3220 3419 3261 cum

1843 3296 2131 3369 splendido
2158 3310 2443 3351 cercurum
2478 3302 2744 3364 apparatu
2779 3308 3135 3362 congruoque
3174 3294 3329 3347 cultu
3368 3303 3423 3346 et

1842 3391 2072 3447 canticis
2107 3389 2182 3443 illi
2228 3388 2445 3441 obviam
2494 3386 2792 3455 processit,
2823 3386 3144 3453 mensisque
3186 3384 3419 3455 Augusti

1841 3484 2033 3554 quinta
2060 3482 2274 3537 decima
2304 3494 2431 3533 cum
2465 3479 2561 3533 illo
2609 3478 2663 3533 in
2716 3478 2912 3533 urbem
2945 3478 3188 3539 intravit,
3243 3478 3418 3547 impe-

1844 3584 2024 3629 ratore
2073 3574 2129 3629 in
2146 3572 2483 3627 Blachernis
2512 3572 2838 3633 constituto,
2870 3568 2961 3623 ubi
2994 3569 3160 3623 etiam
3189 3566 3420 3639 eﬂigiem

1843 3667 1992 3721 illam
2039 3664 2309 3721 adoravit.
2352 3662 2406 3717 In
2439 3662 2748 3717 crastinum
2801 3662 3061 3717 exierunt
3101 3660 3169 3716 ad
3208 3667 3421 3732 portam

1842 3773 2061 3813 auream
2096 3766 2208 3811 tum
2236 3755 2588 3823 imperatoris
2619 3753 2728 3808 duo
2759 3753 2851 3819 (liii
2878 3752 3189 3819 Stephanus
3212 3763 3264 3808 et
3285 3752 3425 3809 Com

1843 3844 2143 3906 stantinus,
2174 3853 2285 3894 tum
2311 3841 2708 3894 Constantinus
2734 3841 2878 3894 illius
2901 3857 3068 3910 gener
3094 3858 3218 3917 cum
3243 3839 3424 3897 Theoo

1841 3933 2096 4004 phylacto
2126 3930 2479 3999 patriarcha;
2517 3929 2813 3999 debitoque
2858 3930 3069 3986 honore
3094 3939 3416 4000 susceptum

1841 4038 2057 4079 sacrum
2086 4022 2312 4091 pignus,
2364 4020 2630 4075 universo
2674 4029 2870 4076 senatu
2918 4029 3199 4091 praeeunte
3242 4023 3418 4075 maxi-

1842 4130 2043 4182 tuaque
2070 4128 2357 4169 cereorum
2389 4121 2552 4183 atque
2583 4112 2825 4182 lapidum
2853 4123 3035 4180 segete
3068 4113 3419 4183 prelucentu,

1843 4209 2093 4276 adusque
2151 4204 2212 4259 S.
2264 4203 2484 4274 Sophia:
2517 4204 2779 4275 templum
2808 4203 3044 4274 pedibus
3080 4203 3418 4269 detulerunt,

1842 4307 2009 4369 atque
2044 4298 2158 4353 illic
2188 4295 2517 4352 adcretione
2545 4297 2891 4367 mysticoque
2929 4296 3081 4352 cultu
3130 4307 3419 4366 exceptum

158 4396 303 4471 πεζῇ
357 4398 704 4468 διεκόμισαν,
752 4398 846 4452 καὶ
903 4397 1281 4469 προσκυνηθὲν
1334 4399 1511 4450 ἐκεῖσε
1552 4399 1607 4450 ἐν
1658 4397 1740 4469 τῷ

1853 4393 1901 4448 in
1937 4391 2202 4462 palatium
2238 4388 2567 4445 intulerunt.

157 4491 413 4561 παλατὶῳ
440 4492 741 4561 ἀνήγαγον.

236 4582 345 4652 μθ’.
387 4583 476 4635 Ἐν
515 4581 745 4645 ταύταις
798 4582 856 4635 δὲ
897 4583 1015 4646 ταῖς
1070 4582 1306 4653 ἡμέραις
1363 4581 1646 4651 Ἀρμένιον
1685 4599 1739 4635 τι

151 4672 327 4742 τέρας
350 4676 419 4744 τῇ
433 4674 974 4743 πόλειέπεφοιτήκει,
1006 4672 1193 4735 παῖδες
1220 4673 1487 4741 συμφυεῖς
1510 4672 1740 4743 ἄρρενες

151 4764 227 4816 ἐκ
260 4766 388 4833 μιᾶς
438 4764 797 4834 προελθόντες
840 4764 1096 4834 γαστρὸς,
1128 4765 1305 4832 ἄρτιοι
1333 4762 1432 4833 μὲν
1465 4764 1643 4817 πάντα
1668 4763 1740 4819 τὰ

154 4855 303 4927 μέλη
346 4857 443 4912 τοῦ
494 4858 769 4928 σώματος,
800 4858 907 4913 ἀπὸ
953 4857 1013 4910 δὲ
1046 4858 1313 4927 στόματος
1366 4857 1466 4925 τῆς
1497 4856 1736 4928 γαστρὸς

150 4953 260 5007 καὶ
311 4954 474 5024 μέχρι
520 4954 631 5007 τῶν
680 4953 785 5007 ὑπὸ
834 4951 1080 5024 γαστέρα
1138 4950 1594 5021 συμπεφυκότες,
1640 4950 1735 5007 καὶ

148 5044 416 5115 ἀλλήλοις
476 5045 816 5115 ὑπάρχοντες
859 5043 1303 5115 ἀντιπρόσωπον
1334 5042 1386 5096 οἳ
1430 5042 1523 5097 ἐπὶ
1577 5042 1737 5096 πλεῖ-

150 5153 296 5191 σίων
328 5140 396 5209 τῇ
420 5138 579 5191 «an
611 5136 1074 5206 ἐνδιατρίψαντες,
1115 5134 1212 5188 καὶ
1262 5134 1370 5188 ὑπὸ
1413 5134 1631 5189 πάντων
1661 5135 1737 5199 ὡς

146 5227 404 5293 ἐξαίσιόν
424 5246 476 5282 τι
498 5229 667 5299 τέρας
699 5226 989 5299 ὁρώμενοι,
1019 5228 1120 5297 τῆς
1155 5226 1363 5289 πόλεως
1390 5225 1466 5290 ὡς
1499 5227 1737 5297 πονηρός

145 5336 255 5384 τις
278 5322 458 5385 οἰωνὸς
506 5322 807 5392 ἐξηλάσατο
823 5321 891 5374 ⁸⁸.
926 5320 1052 5373 Ἐπὶ
1077 5320 1135 5372 δὲ
1180 5320 1609 5391 μονοκρατορίας
1639 5320 1738 5390 βα-

151 5408 377 5474 σιλ-ιίας
406 5410 823 5466 Κωνσταντίνου
858 5409 1022 5463 πάλιν
1058 5410 1404 5481 είσήλθοσαν.
1436 5411 1592 5465 Ἐπεὶ
1621 5411 1678 5465 δὲ
1706 5413 1736 5466 ὁ

148 5500 357 5570 ἕτερος
384 5501 568 5555 αὐτῶν
616 5499 919 5573 ἐτεθνήκει,
953 5499 1129 5569 ἰατροί
1176 5517 1325 5566 τινος
1374 5500 1630 5574 ἔμπειροι
1672 5502 1736 5556 τδ

1912 4590 2075 4663 433
2106 4588 2197 4646 49.
2234 4587 2331 4644 His
2385 4587 2502 4657 psis
2550 4586 2743 4641 diebus
2780 4592 3087 4641 monstrum
3141 4584 3418 4655 quoddam

1840 4697 1907 4737 ex
1942 4681 2198 4735 Armenia
2259 4680 2471 4749 Cpolim
2530 4678 2805 4732 invectum
2856 4685 2963 4740 est,
2996 4673 3154 4746 pueri
3206 4676 3418 4732 scilicet

1840 4772 1952 4828 duo
1985 4772 2215 4827 masculi
2238 4772 2573 4825 cohaerentes
2598 4783 2711 4821 uno
2731 4776 2923 4823 ventre
2953 4771 3253 4840 progressi,
3278 4769 3415 4823 alias

1842 4865 2103 4920 membris
2159 4862 2416 4917 omnibus
2470 4861 2723 4931 corporis
2773 4860 2995 4930 integri,
3044 4873 3073 4913 a
3125 4859 3411 4915 ventriculi

1842 4963 2025 5009 tamen
2060 4970 2158 5010 ore
2190 4962 2244 5010 et
2268 4953 2409 5008 inira
2441 4953 2644 5022 pubem
2676 4952 2823 5007 inter
2850 4967 2911 5007 sc
2963 4951 3208 5006 concreti
3256 4959 3419 5021 atquo

1841 5044 2084 5101 vultibus
2116 5043 2387 5098 obversis.
2424 5044 2493 5097 Hi
2542 5043 2643 5098 diu
2687 5044 2741 5098 in
2797 5041 2931 5095 urbe
2992 5038 3192 5095 versati
3243 5048 3403 5094 sunt

1842 5150 2081 5206 cumque
2122 5149 2323 5190 omnes
2381 5143 2647 5205 tanquam
2694 5135 2935 5189 immane
2978 5129 3250 5201 quoddam
3286 5144 3415 5200 por-

1841 5239 2053 5285 tentum
2084 5237 2496 5291 contueremur,
2531 5228 2813 5282 Romanus
2835 5224 3135 5292 imperator
3162 5235 3262 5277 ceu
3291 5234 3414 5276 ma-

1842 5323 1955 5377 lum
1991 5319 2268 5392 quoddam
2328 5334 2489 5374 omen
2526 5319 2616 5373 illa
2649 5318 2831 5388 eiecit.
2858 5314 2991 5368 Cum
3052 5320 3235 5367 autem
3258 5314 3415 5372 solus

1836 5413 1949 5483 jam
1982 5412 2381 5468 Constantinus
2412 5426 2596 5466 rerum
2650 5408 2941 5479 potiretur,
2990 5404 3183 5460 iterum
3220 5405 3273 5458 in
3322 5419 3420 5459 ur-

1841 5506 1963 5560 bem
1988 5504 2226 5577 ingressi
2256 5516 2411 5562 sunt.
2442 5504 2565 5561 Uno
2593 5510 2775 5559 autem
2801 5514 2866 5556 ea
2914 5498 2996 5555 eis
3032 5506 3272 5567 mortuo,
3319 5514 3415 5571 pe-

1440 5592 1677 5652 VAlilE
1716 5594 2126 5652 LECTIONES.

240 5682 293 5717 "
323 5686 688 5758 ἐξηὶάθησαν,
723 5686 856 5743 Lco.
892 5686 990 5743 Gr.
1018 5685 1268 5742 Combef.
