3962 6204
517 308 623 375 «isi

1596 288 2111 368 rneoﬁmms
2152 305 2707 371 coxnxumus.

3638 314 3726 380 452

528 425 614 479 titi
640 423 867 493 quidam
916 423 1110 479 medici
1145 406 1599 477 coluerescentem
1635 433 1939 475 emortuam
1967 437 2092 490 par-

2212 424 2705 494 ςυγκεκολλημένον
2752 422 2917 493 μέρος
2942 424 3192 494 διέτεμον
3220 423 3441 493 εύιρυῶς
3480 423 3622 478 ἑλπίδι
3644 426 3727 480 τοῦ

526 529 639 573 tem
667 517 854 572 subtili
880 527 994 570 arte
1021 524 1367 585 putaverunt,
1392 515 1651 568 nimirum
1676 513 1795 569 fore
1815 526 2099 584 sperantes

528 616 589 664 ut
634 608 731 663 illo
763 606 1005 659 remedio
1061 605 1198 656 alter
1251 603 1547 658 incolumis
1607 614 1969 658 servaretur:
2003 604 2098 673 qui

528 709 710 755 tamen
747 698 863 766 ipse
895 695 1078 749 triduo
1113 698 1380 750 duntaxat
1402 704 1690 765 superstes
1708 696 1850 750 diem
1866 696 2027 750 obiit.

592 789 685 843 50.
728 790 1006 841 Romanus
1024 787 1326 856 imperator
1353 802 1478 841 cum
1507 788 1790 841 monachis
1814 787 2098 853 omnibus,

528 880 606 934 uti
637 880 844 934 dictum
887 886 995 941 est,
1030 879 1189 933 fidem
1235 878 1525 945 plurimam
1570 879 1892 947 cultumque
1940 879 2093 931 adhi-

526 972 697 1034 beret,
731 987 843 1041 pra:
875 972 1102 1038 reliquis
1134 979 1314 1024 tamen
1353 968 1665 1038 eximieque
1719 969 1972 1040 Sergium
2016 972 2100 1023 vi-

527 1079 644 1117 rum
675 1074 886 1118 monast
899 1063 980 1116 ica
1014 1061 1362 1116 institutione
1390 1061 1707 1129 praeclarum
1737 1062 2097 1116 observabat.

526 1152 652 1210 Erat
687 1154 773 1209 hic
805 1154 1054 1222 magistri
1084 1152 1298 1207 Casina:
1322 1151 1514 1217 frater,
1553 1152 1709 1221 primi
1745 1154 2097 1207 tribunalium

525 1246 798 1314 praesidis.
828 1244 1170 1299 instauravit
1212 1252 1267 1298 et
1322 1242 1593 1298 Manuelis
1654 1245 2096 1299 monasterium:

524 1336 688 1389 simili
723 1350 941 1404 quoque
977 1336 1189 1388 ratione
1218 1334 1655 1389 Panteleemonis
1702 1336 2097 1389 monasterium

524 1440 590 1478 ac
616 1425 918 1487 basilicam,
958 1424 1046 1479 cui
1094 1438 1399 1493 cognomen
1436 1424 1605 1493 Οριυὶ
1662 1435 1882 1495 portus.
1914 1440 1944 1477 a
1974 1424 2101 1478 l'uu-

524 1516 798 1571 damentis
845 1516 1039 1569 erexit.
1086 1516 1445 1585 Octingentos
1496 1517 1609 1569 illic
1654 1518 1959 1571 monachos
1999 1516 2101 1573 sub

526 1616 717 1659 sancto
750 1606 1000 1659 instituto
1031 1605 1317 1669 adunavit,
1351 1606 1529 1674 iisque
1552 1613 1756 1658 statuta
1794 1606 2099 1675 stipendia,

2199 515 2291 568 τὸν
2327 517 2515 585 ἓτερον
2578 515 2881 585 ζήσεσθαι’
2914 515 3000 585 ῙΡ.
3033 515 3161 586 269]
3226 516 3285 580 ὃς
3352 517 3501 587 τρεῖς
3550 518 3726 589 ἡμέρας

2201 606 2449 670 ἐπιϐιοὺς
2477 605 2851 676 ἐτελεύτησεν.

2273 785 2335 839 ν’.
2368 786 2478 839 Καὶ
2516 789 2572 839 ὲν
2595 788 2726 839 πᾶσι
2759 787 2858 856 μὲν
2898 788 3174 857 μοναχοῖς,
3205 787 3281 851 ὡς
3312 788 3561 858 ἀνωτέρω
3602 789 3731 860 erm.

2200 895 2313 941 ται,
2351 880 2535 931 πίστιν
2596 881 2861 947 ἐκέκτητο
2909 880 3150 950 ἄμετρον
3199 882 3227 932 ό
3275 880 3543 947 βασιλεὺς,
3576 879 3735 949 διαφεο

2203 969 2405 1039 ρόντως
2425 970 2484 1022 δὲ
2514 969 2675 1039 ἐτίμα
2699 971 2787 1021 καὶ
2812 970 3111 1039 ύπερέσεδε
3144 969 3368 1040 Σέργιον
3400 970 3490 1021 τὸν
3516 972 3568 1022 ὲν
3597 987 3737 1039 μονα-

2202 1064 2356 1125 σταῖς
2412 1062 2807 1131 διαλάμποντα,
2856 1062 2914 1124 ὃς
2966 1062 3199 1129 ἀδελφὸς
3256 1061 3622 1129 ἐπεφύκειτοῦ
3651 1080 3739 1130 με-

2200 1154 2425 1223 γίστρου
2463 1155 2659 1224 Κοσμᾶ
2710 1154 2805 1207 τοῦ
2860 1153 3077 1224 πρώτου
3135 1155 3245 1207 τῶν
3296 1153 3603 1223 κριτηρίων.
3641 1156 3739 1206 Ἀν-

2201 1245 2443 1299 εκαίνισε
2470 1248 2563 1299 καὶ
2591 1247 2691 1317 τὴν
2716 1247 2883 1317 μονὴν
2912 1247 3005 1299 τοῦ
3033 1246 3372 1314 Μανουῆλος,
3394 1245 3633 1308 ὡσαύτως
3656 1247 3741 1298 καὶ

2199 1338 2298 1408 τὴν
2325 1339 2620 1409 ἐκκλησίαν
2655 1342 2749 1392 καλ⁸
2782 1340 2842 1391 τὸ
2874 1340 3239 1408 μοναστήριον
3264 1341 3327 1391 ὲκ
3352 1338 3547 1407 βάθρου
3578 1337 3743 1400 κτίσας

2201 1430 2297 1484 τοῦ
2354 1430 2543 1499 Ἀγίου
2602 1432 3075 1502 Παντελεήμονος.
3139 1425 3188 1498 ᾧ
3248 1430 3532 1499 ἐπώνυμον
3570 1430 3742 1500 Ὀφροῦ

2201 1520 2390 1591 λιμήν.
2442 1520 2730 1590 ’Δπέκειρε
2780 1520 2838 1573 δὲ
2887 1520 2983 1571 καὶ
3028 1521 3205 1571 ἐκεῖσε
3237 1518 3503 1588 μοναχοίκ
3544 1516 3747 1569 ὀκτακοο

2206 1613 2376 1675 σίους,
2410 1610 2673 1673 τυπώσας
2705 1612 2801 1664 καὶ
2839 1611 3093 1680 σελέμνια
3125 1609 3220 1663 τοῦ
3255 1609 3549 1677 λαμϐάνειν
3572 1607 3747 1668 αὐτοὺς

526 1697 668 1752 unde
720 1705 1186 1758 sustentarentur,
1224 1698 1532 1761 constituit,
1574 1714 1695 1767 quae
1739 1698 1930 1769 Sergio
1979 1715 2102 1753 mo-

2212 1705 2343 1775 ΰπὲρ
2377 1705 2674 1774 διατροφῆς
2705 1704 2910 1765 αὐτῶν,
2941 1704 3065 1766 δοὺς
3096 1702 3267 1754 ταῦτα
3289 1700 3367 1770 τῷ
3402 1700 3611 1771 μοναχῷ
3628 1701 3748 1769 Σερ-

527 1790 705 1849 nacho
730 1790 871 1857 patri
917 1804 1019 1843 suo
1052 1790 1283 1857 spiritali
1318 1790 1372 1842 in
1400 1805 1589 1844 eorum
1644 1767 1918 1845 annonam
1972 1806 2102 1859 prse-

2212 1767 2426 1863 Yitp'vt'p
2464 1767 2822 1865 πνευματικῷ
2873 1792 3042 1847 αὑτοῦ
3092 1793 3280 1864 πατρί.
3314 1767 3605 1853 Ῑίάντας-δὲ
3634 1767 3749 1851 τούς

524 1883 706 1936 behat.
732 1881 1105 1937 Miserationis
1124 1882 1319 1936 affectu
1337 1897 1465 1951 erga
1494 1895 1686 1936 omnes
1706 1882 1926 1936 exsules
1945 1880 2109 1953 434

523 1974 805 2043 agebatur,
824 1974 879 2027 in
896 1988 1034 2042 quos
1051 1989 1300 2042 magnam
1320 1974 1426 2027 vim
1447 1974 1802 2043 pecuniarum
1818 1976 2103 2045 erogabat;

524 2064 876 2130 quamobrem
896 2078 1002 2131 quo
1024 2072 1266 2132 tempore
1285 2078 1350 2116 ex
1388 2063 1511 2115 aula
1529 2064 1808 2129 discessit,
1829 2080 1928 2119 nec
1962 2081 2108 2121 unus

525 2153 743 2224 quidem
764 2155 914 2208 exsul
934 2154 1193 2207 inventus
1226 2162 1329 2207 est.
1351 2152 1475 2208 Fuit
1500 2153 1723 2223 Sergius
1742 2153 1920 2207 Photii
1942 2155 2109 2223 patri-

526 2246 707 2299 archae
726 2259 913 2313 nepos,
933 2243 1102 2297 animi
1123 2244 1460 2314 ingenuitate
1480 2259 1641 2314 quam
1666 2245 1850 2299 carnis
1868 2245 2109 2301 necessi-

526 2336 716 2391 tudine
751 2336 1037 2390 illustrior.
1074 2334 1156 2389 Ad
1183 2349 1453 2389 summam
1479 2335 1624 2390 enim
1645 2335 1897 2390 virtutem
1922 2337 2105 2391 scien-

526 2429 771 2497 tiamque
814 2437 1157 2497 pervenerat,
1202 2442 1301 2481 nec
1354 2435 1477 2481 utra
1528 2436 1815 2496 praestaret
1864 2426 2107 2482 discerni

528 2520 689 2575 facile
722 2527 975 2588 poterat:
1018 2519 1099 2573 sic
1151 2518 1415 2572 nimirum
1471 2527 1733 2573 accurate
1783 2533 2107 2587 summaque

526 2611 865 2683 perfectione
894 2619 1183 2679 utramque
1214 2609 1550 2665 excoluerat.
1585 2610 1757 2665 l‘orro
1800 2610 2028 2665 florebat
2049 2611 2106 2665 in

522 2720 591 2760 eo
616 2702 968 2758 discretionis
997 2702 1193 2771 pudor,
1222 2716 1433 2755 morum
1461 2702 1658 2771 gratia,
1683 2701 1851 2755 animi
1884 2716 2105 2765 sensus,

526 2796 819 2850 modestia.
856 2794 1045 2863 Neque
1074 2794 1220 2848 enim
1279 2794 1574 2863 supercilia
1637 2793 1969 2859 attrabehat,
2025 2794 2105 2847 uti

526 2889 691 2942 modo
724 2888 1069 2955 sapientibus
1103 2892 1481 2955 comparatum
1514 2878 1621 2949 cst,
1656 2900 1757 2939 nec
1784 2900 1917 2939 vero
1949 2900 2109 2940 arro-

526 2987 743 3045 gantem
776 2987 939 3046 atque
990 2977 1287 3045 superbum
1334 2975 1661 3045 prazferehat
1710 2995 1723 3029 :
1774 2976 1869 3031 sed
1922 2991 2106 3031 sermo

2210 1883 2269 1936 εν
2322 1880 2511 1951 ἐξορία
2560 1883 2946 1952 συμπαθήσας,
2985 1882 3080 1934 καὶ
3138 1882 3263 1945 δοὺς
3303 1884 3487 1944 αὐτοῖς
3517 1884 3751 1951 χρήματα

2209 1972 2406 2036 πολλὰ,
2435 1971 2578 2025 ὥστε
2606 1974 2665 2025 ἐν
2692 1973 2770 2041 τῷ
2810 1972 3175 2044 κατέρχεσθαι
3202 1973 3366 2025 αὐτὸν
3388 1975 3449 2025 ὲκ
3474 1972 3565 2024 τοῦ
3595 1971 3756 2028 παλαι

2207 2064 2322 2117 τίου
2353 2058 2434 2127 εἷς
2467 2065 2562 2117 καὶ
2591 2064 2750 2134 μόνος
2782 2063 3060 2134 ἐξόριστος
3084 2066 3182 2133 ούχ
3217 2064 3434 2135 εὑρέθη.
3472 2058 3630 2126 Οὗτος
3654 2064 3707 2116 δι
3732 2066 3759 2118 ό

2208 2160 2436 2226 Σέργιος
2458 2158 2680 2228 ἀνεψιὸς
2707 2156 2801 2210 τοῦ
2861 2156 3200 2229 πατριάρχου
3226 2159 3429 2209 Φωτίου
3452 2156 3757 2225 ἐτύγχανεν·

2206 2247 2266 2301 ὃν
2312 2248 2473 2301 πλέον
2517 2249 2617 2318 τῆς
2664 2247 2936 2317 σαρκικῆς
2985 2247 3307 2314 συγγενείας
3344 2249 3376 2313 ἠ
3408 2246 3544 2298 κατὰ
3596 2246 3763 2315 ψυχὴν

2208 2339 2373 2409 ετίμα
2408 2340 2677 2407 εὐγένεια.
2720 2340 2946 2409 Ἀρετῆς
2972 2340 3081 2408 γὰρ
3107 2339 3187 2401 είς
3216 2338 3385 2407 ἄκρον
3406 2338 3498 2390 καὶ
3525 2336 3764 2405 γνώσεως

2207 2431 2433 2501 ἧλασεν,
2463 2431 2541 2493 ὡς
2570 2431 2832 2500 δυσχερὲς
2865 2423 3007 2481 εἶναι
3037 2428 3333 2497 διακρίνειν
3379 2427 3590 2497 ποτέρῳ
3632 2427 3765 2496 μᾶλ-

2207 2522 2298 2575 λον
2330 2523 2676 2577 πλεονεκτεῖ·
2715 2522 2889 2585 οὕτως
2918 2524 2999 2585 είς
3026 2522 3196 2593 ἄκρον
3232 2520 3501 2591 ἑκατέραν
3547 2520 3767 2589 ἐξήσκη-

2210 2631 2322 2669 σεν.
2369 2614 2627 2686 Ἐπήνθει
2650 2616 2707 2667 δὲ
2733 2614 2881 2684 αὐτῷ
2916 2614 3054 2683 πρὸς
3084 2616 3203 2677 τοῖς
3233 2613 3414 2675 ἄλλοις
3460 2612 3557 2664 καὶ
3578 2612 3640 2663 τὸ
3672 2611 3769 2679 τῆς

2206 2707 2531 2776 διακρίσεως
2562 2707 2785 2777 ἔρευθος
2832 2707 2924 2759 καὶ
2962 2708 3023 2759 τὸ
3052 2707 3245 2775 χαρίεν
3274 2704 3368 2757 τοῦ
3397 2703 3564 2773 ἤθους
3596 2705 3687 2756 καὶ
3712 2704 3771 2756 τὸ

2210 2798 2434 2869 μέτριον
2480 2798 2575 2851 τοῦ
2633 2800 3014 2869 φρονήματος·
3070 2798 3192 2850 οὐδὲ
3252 2797 3360 2866 γὰρ
3409 2796 3619 2849 ἀνέσπα
3675 2794 3770 2856 τὰς

2206 2890 2380 2960 όνρρύς
2401 2891 2542 2944 κατὰ
2569 2891 2696 2954 τοὺς
2727 2891 2819 2943 νῦν
2847 2892 3065 2959 σοφοὺς,
3099 2889 3222 2941 οὐδὲ
3245 2885 3460 2950 ἀλαζών
3492 2903 3575 2947 τις
3607 2885 3772 2938 ἐδόκει

2208 2984 2303 3035 καὶ
2336 2984 2707 3053 ὑπερήφανος,
2744 2982 2881 3035 ἀλλὰ
2904 2982 2997 3034 τὸν
3022 2981 3181 3047 λόγον
3211 2980 3308 3050 μὲν
3352 2976 3497 3049 εἶχεν
3515 2978 3779 3046 γλυκύτεο

528 3070 606 3124 illi
644 3071 801 3125 melle
831 3070 1045 3124 dulcior
1071 3085 1137 3124 ex
1172 3083 1268 3122 ore
1298 3068 1562 3123 stillabat.
1596 3066 1778 3122 Firtna
1808 3068 2017 3125 indoles
2042 3084 2102 3124 ac

2212 3088 2303 3143 ρον
2359 3073 2574 3142 μέλιτος
2624 3072 3021 3135 ἀποστάζοντα,
3053 3072 3113 3125 τὸ
3155 3066 3290 3142 ἦθος
3342 3069 3402 3155 δὲ
3444 3070 3639 3136 πάγιον
3686 3070 3780 3155 καὶ

527 3170 815 3225 constans,
849 3176 1044 3217 sensus
1071 3160 1239 3214 animi
1266 3160 1549 3214 modestus
1581 3175 1643 3215 ac
1672 3160 1914 3216 humilis.
1950 3160 2102 3216 Hunc

2217 3161 2501 3233 σταθερὸν,
2554 3162 2810 3216 ταπεινὸν
2866 3162 2923 3215 δὲ
2981 3162 3043 3213 τὸ
3099 3161 3377 3230 φρόνημα.
3428 3159 3630 3212 Τοῦτον
3686 3154 3783 3212 οὖν

528 3257 710 3324 itaque
750 3255 928 3309 virum
981 3256 1240 3327 inclytum
1300 3256 1599 3325 imperator
1629 3271 1733 3309 una
1761 3271 1950 3311 secum
1978 3272 2108 3312 con-

529 3348 678 3401 tinue
703 3347 960 3414 habebat,
1012 3348 1079 3402 ad
1127 3348 1289 3417 cujus
1342 3363 1590 3402 normam
1646 3357 1809 3419 atque
1859 3351 2107 3421 regulam

522 3440 653 3517 vitae
678 3454 792 3495 suae
818 3440 1061 3494 rationes
1085 3448 1463 3508 componeret.
1493 3439 1747 3494 uouebat
1779 3441 1889 3504 ille,
1908 3443 2105 3496 etiam-

528 3548 637 3600 que
667 3538 833 3600 atque
859 3530 1025 3585 etiam
1047 3530 1373 3583 hortabatur
1393 3537 1454 3583 ut
1485 3530 1784 3584 liberorum
1809 3531 2106 3601 imperator

529 3638 721 3676 curam
788 3628 999 3691 ageret,
1049 3635 1150 3673 nec
1197 3620 1640 3689 indisciplinatos
1687 3622 1753 3675 ad
1803 3623 2103 3691 nequitiam

529 3712 810 3767 declinare
863 3713 1095 3776 sineret,
1149 3729 1216 3766 ne
1278 3710 1419 3765 idem
1457 3718 1621 3781 atque
1679 3711 1796 3766 Heli
1842 3713 1921 3766 illi
1958 3715 2105 3767 acci-

530 3805 683 3859 deret
716 3820 781 3861 ac
814 3805 1111 3860 liberorum
1147 3803 1359 3874 piacula
1392 3804 1509 3875 ipse
1537 3804 1741 3873 lueret;
1776 3807 1918 3876 quod
1949 3814 2002 3862 et
2030 3807 2102 3861 ita

530 3896 753 3952 accidit.

602 3986 691 4041 5i.
725 3986 895 4042 Porro
934 3986 1060 4041 aula
1092 3985 1337 4057 deiectus
1362 3986 1656 4042 liberorum
1706 4002 1872 4058 opera
1928 4003 1991 4043 ac
2016 3995 2103 4060 ty-

533 4076 787 4141 rannide,
832 4078 999 4147 inque
1050 4077 1251 4132 Proteu
1304 4077 1902 4147 insulam-’mlegatus,
1958 4078 2105 4133 hunc

532 4183 728 4223 rursus
756 4168 1123 4223 calamitatem
1160 4168 1424 4223 solantem
1474 4169 1845 4237 mrumnisque
1890 4183 1956 4223 ac
2003 4184 2103 4222 an-

529 4260 726 4332 gustils
757 4261 1001 4314 levamen
1026 4258 1341 4316 aﬂ‘erentem
1370 4260 1625 4315 habebat.
1658 4261 1860 4315 Aderat
1893 4262 2099 4330 pariter

529 4352 695 4406 etiam
730 4351 1059 4422 Polyeuctus
1107 4351 1593 4406 reverentissimus
1643 4352 1966 4413 monachus,
2004 4352 2100 4421 qul

532 4443 650 4511 ipse
690 4442 918 4512 perinde
970 4458 1035 4497 ac
1080 4456 1242 4512 quem
1290 4441 1557 4506 dicebam,
1612 4440 1836 4511 Sergius
1891 4441 2105 4497 adversi
2137 4451 2181 4506 ι)

532 4550 698 4590 casus
749 4534 1061 4590 molestiam
1110 4533 1502 4587 convenienter
1566 4541 1799 4601 apteque
1846 4530 2104 4585 leniebat.

532 4625 633 4682 llic
669 4636 855 4697 postea
894 4642 991 4697 pro
1020 4624 1182 4697 535
1213 4626 1337 4679 vita:
1374 4639 1489 4680 suae
1510 4622 1772 4687 candore,
1812 4620 2107 4696 TheOpby-

534 4719 677 4773 Iacto
708 4717 1019 4788 patriarcha
1074 4715 1331 4771 humanis
1361 4723 1643 4784 exempto,
1680 4729 1712 4768 a
1742 4713 2106 4772 Constantino

536 4809 865 4879 imperatore
898 4807 1208 4879 patriarcha
1230 4815 1522 4877 provectus
1560 4814 1666 4861 est.
1996 4880 1999 4881 ν

607 4901 698 4957 52.
732 4901 1000 4955 Cmterum
1066 4899 1349 4956 Romanus
1397 4901 1696 4972 imperator
1749 4900 1912 4972 longo
1950 4898 2109 4955 senio

536 4991 837 5060 morboque
868 4989 1155 5045 confectus
1209 4990 1422 5060 imperii
1477 5007 1564 5045 res
1596 4991 1699 5046 rite
1743 5007 1806 5047 ac
1852 5002 2110 5048 accurato

534 5102 599 5141 ex
634 5083 949 5142 testamenti
978 5082 1180 5138 tabulis
1211 5082 1513 5151 componit,
1536 5082 1883 5153 primumque
1915 5084 2108 5151 Augu-

536 5185 744 5232 storum
775 5176 1195 5231 Constantinum
1227 5172 1282 5227 in
1327 5187 1567 5241 purpura
1612 5186 1799 5230 natum
1839 5174 2105 5241 decernit,

537 5283 683 5325 anno
719 5268 897 5334 6455;
941 5278 1169 5336 tumque
1210 5262 1456 5319 secundo
1507 5278 1572 5318 ac
1612 5265 1773 5321 tertio
1812 5266 2010 5322 ordine
2041 5267 2110 5321 li-

538 5358 700 5415 beros
748 5361 1111 5429 imperatores
1187 5356 1513 5423 constituit,
1574 5356 1778 5413 diserte
1845 5358 2110 5414 ordinans

538 5458 898 5519 statui-nsque
967 5448 1256 5505 confestim
1323 5448 1377 5503 in
1436 5448 1688 5504 ordinem
1732 5451 2028 5521 cngendos,
2060 5452 2109 5506 si

536 5537 668 5609 quid
730 5540 840 5594 ullo
892 5541 1054 5596 modo
1111 5541 1165 5595 in
1219 5539 1455 5611 primum
1504 5539 1886 5609 imperatorem
1941 5539 2111 5598 oll'en-

536 5629 739 5685 derint.

607 5724 693 5780 5.").
719 5721 986 5789 Quoniam
1015 5733 1195 5779 autem
1253 5721 1397 5778 Deus
1448 5724 1637 5779 multis
1666 5724 1842 5779 modis
1894 5724 2103 5779 homini

2214 3253 2463 3322 ἀοίδιμον
2494 3253 2855 3315 ἀδιαλείπτως
2889 3255 3008 3323 μετ’
3038 3253 3206 3306 αὑτοῦ
3240 3249 3391 3323 εἶχεν
3433 3255 3462 3305 ό
3507 3251 3783 3320 βασιλεὺς,

2215 3346 2418 3401 κανόνα
2460 3345 2631 3409 ὅντως
2667 3346 2763 3400 καὶ
2812 3346 3061 3415 στάθμην
3083 3346 3175 3399 τὸν
3229 3345 3396 3400 αὑτοῦ
3444 3346 3556 3415 βίον
3588 3344 3791 3415 ῥυθμί-

2214 3439 2412 3502 ζονταο
2446 3438 2505 3500 ὃς
2541 3438 2712 3490 πολλὰ
2756 3437 2993 3507 παρῄνει
3045 3437 3123 3506 τῷ
3183 3436 3393 3506 βασιλεῖ
3437 3437 3546 3488 τῶν
3581 3435 3797 3489 παίδων

2213 3529 2594 3599 ἐπιμελεῖσθαι
2626 3530 2721 3582 καὶ
2764 3530 2839 3600 μὴ
2878 3529 3235 3591 ἀπαιδεύτους
3276 3530 3372 3599 ὲᾷν
3402 3529 3483 3592 είς
3516 3529 3801 3597 πονηρίαν

2212 3622 2582 3684 ὲκκλίνοντας,
2620 3622 2831 3690 μήποτε
2862 3621 2959 3673 καὶ
2994 3622 3155 3683 αὐτὸς
3196 3620 3345 3691 πάθῃ
3389 3622 3453 3673 τὸ
3494 3620 3591 3672 τοῦ
3644 3621 3799 3681 Ἠλὶ,

2212 3712 2481 3783 τιμωρίαν
2540 3712 2679 3781 ὑπὲρ
2726 3712 2826 3781 τῆς
2854 3712 2963 3765 τῶν
3004 3713 3209 3766 παίδων
3254 3711 3606 3783 παρανομίας
3645 3713 3805 3765 ικτι.

2214 3821 2331 3867 σας.
2366 3805 2433 3856 '0
2466 3804 2562 3856 καὶ
2594 3804 2838 3871 γέγονεν.

2286 3976 2390 4032 να’.
2438 3978 2592 4030 Ἐπεὶ
2619 3977 2676 4033 δὲ
2711 3978 2808 4031 τοῦ
2847 3977 3111 4033 παλατίου
3142 3979 3333 4033 τοῦτον
3357 3982 3407 4033 οἱ
3438 3981 3634 4045 παῖδες
3665 3999 3807 4035 κατι

2211 4070 2420 4141 ήγαγον
2454 4071 2547 4124 καὶ
2597 4075 2656 4125 ὲν
2702 4075 2770 4142 τῇ
2830 4072 3030 4145 Πρώτῃ
3077 4074 3225 4144 νήσῳ
3280 4074 3576 4145 ἐξώρισαν.
3632 4076 3811 4129 πάλιν

2212 4161 2404 4219 τοῦτον
2458 4160 2603 4232 εἶχεν
2655 4163 2767 4217 τῶν
2802 4164 3098 4234 συμφορῶν
3141 4165 3500 4233 παραμυθίαν
3546 4166 3654 4218 καὶ
3690 4166 3811 4219 τῶν

2213 4251 2445 4321 θλίψεων
2485 4253 2825 4307 ἀκεσώδυνον
2876 4254 3187 4325 φάρμακον.
3222 4250 3291 4325 ᾯ
3324 4257 3493 4324 συνῆν
3522 4258 3659 4309 τότε
3711 4259 3811 4310 καὶ

2212 4345 2554 4407 Πολύευκτος
2587 4347 2821 4416 μοναχὲς
2851 4347 3268 4409 εύλαδέστατος,
3290 4347 3394 4399 οὐκ
3440 4347 3677 4399 ἔλαττον
3713 4346 3812 4400 τὸν

2213 4436 2306 4490 τοῦ
2341 4438 2635 4508 εἰρημένου
2658 4438 2860 4509 τρόπον
2883 4439 2976 4492 καὶ
3006 4438 3165 4501 αὐτὸς
3198 4438 3267 4490 τὰ
3301 4438 3491 4490 εἰκότα
3518 4456 3810 4509 παραμυ-

2208 4528 2468 4599 θούμενος
2487 4546 2501 4560 ·
2531 4529 2588 4592 ὃς
2620 4530 2758 4599 μετὰ
2783 4529 2958 4583 ταῦτα
2992 4530 3081 4583 διὰ
3114 4530 3206 4583 τὸν
3235 4528 3320 4601 [Ρ.
3348 4528 3479 4601 270]
3509 4530 3809 4601 εἰλικρινῆ

2208 4622 2372 4674 αὑτοῦ
2400 4621 2535 4691 βίον,
2575 4622 2669 4675 τοῦ
2725 4623 3064 4693 πατριάρχου
3114 4622 3495 4691 Θεοφυλάκτου
3531 4624 3813 4691 τελευτή-

2210 4727 2423 4773 σαντος.
2455 4712 2800 4783 πατριάρχης
2823 4712 2927 4763 ὑπὸ
2952 4712 3046 4764 τοῦ
3074 4700 3338 4781 βασιλέως
3366 4712 3808 4767 Κωνσταντίνου

2210 4802 2635 4873 προχειρίζεται.

2278 4894 2378 4963 νβ’.
2426 4894 2484 4948 '0
2508 4895 2564 4947 δὲ
2596 4895 2849 4964 βασιλεὺς
2894 4894 3172 4964 Ῥωμανὸς
3222 4895 3423 4966 μακρῷ
3471 4898 3651 4967 γήρει
3711 4893 3814 4946 καὶ

2209 4985 2348 5055 νόσῳ
2375 4986 2706 5056 τρυχόμενος
2732 4986 2801 5040 τὰ
2844 4988 2942 5057 τῆς
3002 4986 3277 5057 βασιλείας
3328 4989 3473 5040 κατὰ
3516 4988 3817 5056 διαθήκας

2211 5077 2649 5147 ἁπακριὸαζεται
2699 5080 2794 5133 καὶ
2840 5080 3048 5133 ἄνακτα
3078 5078 3293 5149 πρῶτον
3322 5079 3469 5133 κατὰ
3520 5080 3817 5147 διαθήκας

2212 5171 2306 5224 τὸν
2332 5172 2853 5243 Πορφυρογέννητον
2887 5174 3293 5226 Κωνσταντίνον
3316 5172 3816 5242 προσδιορίζεται.

2210 5266 2267 5317 ἐν
2300 5265 2411 5319 ἔτει
2451 5264 2637 5328 ἑξάκις
2668 5264 2922 5336 χιλιοστῷ
2967 5266 3400 5336 τετρακοσιοστῷ
3430 5260 3823 5335 πεντηκοστῷ

2210 5357 2403 5427 τρίτῳ,
2440 5358 2534 5410 καὶ⁵
2563 5357 2800 5427 καθεξῆς
2828 5359 2886 5411 ἐν
2908 5358 3148 5429 δευτέρῳ
3179 5358 3272 5411 καὶ
3307 5358 3477 5430 τρίτῳ
3506 5359 3644 5418 τοὺς
3673 5352 3819 5406 τού-

2208 5465 2302 5501 του
2338 5450 2511 5511 υἱοὺς,
2535 5448 2608 5501 τὸ.
2638 5448 2773 5517 πρὸς
2802 5448 3001 5508 αὐτοὺς
3046 5447 3225 5517 ῥητῶς
3266 5446 3821 5514 διασφαλισάμενος.

2209 5540 2285 5603 ὡς
2306 5541 2425 5593 εἷπε
2434 5556 2467 5610 ρ
2489 5539 2568 5610 τῷ
2591 5540 2794 5610 πρώτῳ
2814 5538 3027 5609 βασιλεῖ
3074 5539 3216 5593 κατά
3245 5555 3299 5591 τι
3330 5534 3826 5610 προσπταίσεεανο

2209 5630 2593 5701 καθαιρεῖσθαι
2618 5631 2934 5704 παραυτίκα
2961 5631 3058 5700 τῆς
3099 5629 3395 5700 βασιλείας.

2290 5728 2381 5790 ιγ’.
2426 5721 2577 5775 ἐπεὶ
2640 5723 2696 5776 δὲ
2764 5723 2978 5786 πολλοῖς
3025 5723 3246 5793 τρόποις
3296 5725 3326 5777 ὸ
3369 5721 3500 5785 Θεὸς
3529 5716 3825 5791 βούλεται
