3962 6204
231 310 325 378 453

1012 306 1282 370 LIB.\'l.
1326 332 1389 340 κ
1418 278 1995 365 CONSTANTINUS
2046 301 2814 365 PORPilYltOGENlTUS.

3374 300 3485 366 454

231 420 413 484 σώζειν
440 415 536 468 τὸν
570 412 884 487 ἄνθρωπον,
933 416 1279 487 συνεχώρησε
1328 414 1609 483 Ῥωμανδν
1638 414 1792 484 βασι-
1826 463 1832 476 ι

1915 415 2130 469 salutem
2179 421 2440 483 prmstare
2474 413 2780 477 constituit,
2823 412 3132 466 Romanum
3187 412 3391 483 impera
3422 432 3482 465 o—

223 514 313 566 λέα
354 508 615 579 συμφορᾷ
642 506 904 589 ,ἀδοκήτῳ
953 508 1310 578 προσπεσεῖν,
1352 507 1438 559 ἵνα
1498 506 1566 559 δι’
1624 506 1797 576 αὐτῆς

1915 521 2010 560 'em
2042 506 2095 559 in
2131 505 2560 576 iuexspectatam
2604 505 2974 558 calamitatem
3011 508 3155 574 (qua:
3196 504 3318 573 ejus
3353 522 3482 573 pro-

224 598 618 670 σωςρρονισθεὶς
654 597 749 651 καὶ
787 597 897 650 τῶν
926 598 1145 650 οἰκείων
1185 598 1243 650 ὲν
1306 594 1661 666 συναισθήσει
1695 614 1800 648 πα-

221 692 610 764 ραπτωμάτων
637 690 931 759 γενόμενος
975 687 1254 759 σωτηρίας
1293 687 1520 758 ἀξιωθῇ.
1557 686 1803 756 Συνεχὼ-

220 801 353 857 ρησε
393 782 501 854 γὰρ
534 782 909 851 ὲπαναστῆναι
955 780 1105 851 αὐτῷ
1132 781 1223 834 τὸν
1255 780 1369 834 υἱὸν
1401 779 1566 833 αὐτοῦ
1602 780 1806 848 Στέφα-

218 896 327 944 νον,
357 876 548 946 ὥσπερ
602 874 732 928 ποτὲ
781 871 1147 943 ’Λόεσσαλὼμ
1204 870 1477 943 ἐπανέστη
1523 872 1683 924 Δαϐὶδ
1731 870 1808 939 τῷ

215 969 406 1037 οἰκείῳ
460 966 648 1038 πατρί.
704 965 1037 1037 Συμϐούλοις
1096 961 1190 1018 οὖν
1246 957 1401 1022 οὗτος
1462 963 1598 1034 πρὸς
1648 961 1809 1015 τοῦτο

216 1061 570 1132 χρησάμενος
596 1058 674 1128 τῷ
704 1072 763 1110 τε
788 1058 896 1111 ἀπὸ
924 1056 1175 1128 μοναχῶν
1213 1052 1480 1127 Μαριανῷ
1505 1054 1583 1123 τῷ
1617 1055 1812 1125 Ἀργυ-

217 1152 292 1227 ρῷ
332 1154 432 1206 καὶ
462 1150 734 1221 Βασιλείῳ
773 1148 850 1221 τῷ
907 1147 1390 1221 πρωτοσπαθαρίῳ
1438 1146 1516 1216 τῷ
1568 1144 1808 1217 Πετεινῷ

216 1247 306 1296 καὶ
342 1242 607 1312 Μανουὴλ
628 1241 705 1311 τῷ
732 1241 1030 1314 Κουρτίκῃ,
1054 1240 1373 1293 συνειδότων
1401 1237 1547 1309 αύτῷ
1576 1237 1670 1290 καὶ
1700 1236 1808 1289 τῶν

214 1333 397 1388 ἄλλων
420 1334 711 1404 βασιλέων,
742 1332 931 1387 τοῦτον
947 1332 1039 1385 τοῦ
1060 1333 1322 1385 παλατίου
1353 1331 1535 1393 κακῶς
1564 1331 1810 1397 κατήγα-

212 1443 304 1495 γεν
318 1427 425 1479 καὶ
442 1429 501 1479 ὲν
520 1425 789 1498 τῇηρὼτῃ
808 1426 955 1497 νήσῳ
974 1424 1220 1496 ἐξορίσας
1237 1424 1527 1494 ἀπέκειρεν
1548 1420 1801 1492 μοναχόν.

1898 597 2203 665 vidential)
2238 596 2485 652 incidere
2529 596 2801 666 permisit,
2851 606 2905 647 ut
2946 597 2991 649 is
3045 596 3136 648 illa
3177 598 3483 666 castigatus

1903 703 1966 743 ac
1991 689 2057 743 de
2085 688 2366 757 prioribus
2405 689 2622 744 delictis
2654 688 2970 743 admonitus
3014 688 3244 742 salutem
3280 703 3483 747 (tonse.

1903 786 2184 848 qnerctur.
2223 776 2483 831 l’ermisit
2533 793 2771 847 namque
2828 777 3166 847 Stephanum
3217 777 3386 830 (ilium
3429 778 3484 831 in

1905 886 2027 925 eum
2064 870 2370 937 insurgere,
2398 871 2475 922 uti
2500 870 2630 924 olim
2672 869 2931 923 Absalom
2964 869 3022 923 in
3066 878 3279 938 patrem
3317 885 3480 924 suum

1906 961 2161 1016 Davidem
2210 962 2532 1017 insurrexit.
2602 961 2834 1015 Mariani
2896 963 3083 1031 itaque
3153 961 3482 1015 exmonaclii

1904 1054 2123 1125 Argyri,
2162 1053 2463 1124 Basiliique
2514 1054 2943 1125 protospatharii
2993 1054 3195 1120 Petini,
3228 1068 3329 1108 nec
3372 1069 3484 1108 non

1906 1144 2173 1200 Manuelis
2217 1145 2459 1202 Curticis
2504 1146 2754 1201 consiliis
2795 1146 3023 1210 abusus,
3052 1145 3291 1199 consciis
3316 1146 3485 1201 etiam

1907 1238 2134 1308 reliquis
2180 1238 2630 1308 imperatoribus,
2667 1252 2951 1308 perperam
2984 1244 3197 1305 patrem
3229 1236 3357 1291 aula
3386 1235 3485 1289 de-

1905 1327 2171 1392 turbavit,
2230 1327 2397 1395 inque
2448 1328 2611 1381 l’rote
2649 1327 2828 1380 insula
2887 1326 3189 1395 relegatum
3226 1323 3485 1379 monachi

1916 1418 2022 1471 ritu
2057 1409 2310 1472 totondit.

219 1638 3436 1674 Mm

947 1823 1792 1915 ΑΥΤΟΚΡΑΤΟΡΙΑ
1868 1815 2770 1905 ΚΩΝΣΤΑΝΤΙΝΟΥ.

1083 2197 1899 2291 CONSTANTINI
1983 2194 2648 2285 IMPERIUM.

279 2559 378 2634 [Ρ.
408 2556 541 2628 271]
571 2554 640 2610 α’.
698 2548 1032 2619 ’Υπελείιρθη
1082 2546 1175 2600 οὖν
1230 2545 1587 2615 αὐτοκράτωρ
1642 2545 1799 2596 Κωνο

1981 2540 2137 2610 436
2170 2534 2636 2592 LConstantinus
2674 2535 2857 2605 itaque
2884 2538 3115 2588 demam
3140 2548 3309 2605 gener
3336 2551 3488 2590 sum-

210 2625 507 2713 σταντῖνος
525 2625 567 2701 ⁷ὁ
598 2644 790 2699 τούτου
818 2639 1069 2712 γαμϐρὸς
1095 2639 1225 2709 μηνὶ
1253 2634 1577 2704 Δεκεμϐρίῳ
1609 2633 1807 2697 εἰκάδι,

1915 2647 2036 2685 mus
2060 2635 2361 2699 imperator
2397 2628 2623 2683 relictus
2656 2636 2761 2693 est,
2807 2627 3015 2681 mensis
3056 2625 3371 2681 Decembris
3394 2626 3486 2681 dio

212 2742 563 2804 ίνδικτιῶνος
612 2738 825 2809 τρίτης,
859 2736 917 2789 ἐν
976 2732 1086 2785 ἔτει
1119 2729 1306 2795 ἑξάκις
1337 2725 1590 2799 χιλιοστῷ
1616 2740 1811 2795 τετρα-

210 2834 497 2905 κοσιοστῴ
518 2828 873 2900 πεντηκοστῷ
893 2826 1158 2897 τετάρτην
1181 2823 1239 2886 ὃς
1264 2821 1463 2874 αὐτίκα
1477 2817 1689 2888 Βάρδαν
1716 2816 1809 2868 τὸν

207 2929 304 2983 τοῦ
336 2926 517 2980 Φωκᾶ
534 2926 607 2995 τῇ
633 2922 728 2975 τοῦ
764 2918 1067 2990 μαγίστρου
1087 2914 1215 2985 ἀξίᾳ
1234 2913 1497 2984 τιμήσας,
1532 2909 1605 2973 ὡς
1633 2908 1809 2977 χρόνῳ

208 3020 404 3087 πολλῷ
422 3017 528 3087 τὴν
548 3018 605 3069 ἐν
622 3015 733 3075 τοῖς
750 3010 1010 3079 πολέμοις
1028 3004 1396 3077 ἀνδραγαθίαν
1413 2999 1673 3061 πολλάκις
1689 3000 1810 3050 ὲπι-

206 3108 570 3178 δειξαμένου,
619 3104 941 3174 δομὲστικον
993 3100 1102 3151 τῶν
1134 3094 1339 3167 σχολῶν
1376 3089 1811 3164 προχειρίζεται,

212 3209 309 3260 καὶ
345 3190 770 3257 Κωνστοὶντῖνον
785 3194 875 3248 τὸν
906 3189 1184 3261 Γογγύλην
1201 3186 1511 3258 ναυμαχίας
1543 3186 1809 3256 ἡγήτορα,

207 3295 308 3351 καὶ
344 3290 729 3363 στρατιάρχας
782 3286 937 3348 τινάς
971 3282 1082 3337 τῶν
1108 3280 1450 3351 εὐχρήστων.
1482 3271 1616 3330 Εἶτα
1641 3274 1809 3328 Βασί-

207 3377 465 3453 istanc}:
517 3380 750 3449 ἐπίκλην
795 3375 1076 3439 Πετεινὸς,
1134 3370 1428 3442 πατρίκιον
1486 3368 1581 3422 καὶ
1634 3365 1809 3436 μέγαν

207 3477 640 3550 ἐταιρειάρχην,
691 3471 782 3523 τὸν
821 3470 879 3523 δὲ
916 3470 979 3521 ὲκ
1010 3467 1104 3519 τοῦ
1144 3465 1341 3534 γένους
1375 3462 1484 3515 τῶν
1518 3459 1807 3530 Ἀργυρῶν

207 3549 511 3643 Μαριανδν
539 3565 611 3619 τά
648 3561 917 3634 μοναχικὰ
955 3556 1232 3621 ἀποδύσας
1263 3555 1552 3625 πατρίκιον
1588 3552 1681 3604 καὶ
1722 3549 1812 3603 κό-

210 3681 374 3737 μητα
426 3659 529 3715 τοῦ
588 3656 821 3712 στάδλου
876 3652 1200 3722 πεποίηκεν.
1254 3647 1529 3709 Ὡσαύτως
1565 3645 1657 3699 καὶ
1686 3644 1811 3699 Μα-

210 3734 391 3825 νουὴλ
436 3752 534 3805 τὸν
577 3746 966 3817 ἐπιλεγόμενον
1026 3741 1337 3814 Κουρτίκην
1387 3736 1677 3807 πατρίκιον
1717 3734 1813 3787 καὶ

211 3845 601 3920 δρουγγάριον
636 3841 730 3911 τῆς
765 3839 955 3910 βίγλης
990 3836 1263 3904 ἐποίησεν.
1284 3831 1549 3892 Οὖστινας
1579 3829 1728 3898 τρεῖς
1747 3826 1807 3877 οὐ

1911 2722 2199 2793 vigesima,
2228 2720 2529 2775 indictione
2588 2720 2772 2785 tertia,
2806 2733 2949 2772 anno
2981 2717 3143 2773 6-554.
3176 2716 3275 2772 llic
3297 2721 3484 2773 statim

1910 2814 2143 2869 Bardam
2175 2813 2377 2867 Pbocae
2426 2811 2596 2865 ﬁlium
2649 2810 2897 2879 magistri
2933 2808 3199 2878 dignitate
3240 2818 3485 2874 auctum,

1910 2908 2113 2977 quippe
2140 2905 2289 2974 longi
2343 2890 2609 2973 temporis
2662 2901 3000 2971 experientia
3027 2900 3240 2955 bellicis
3279 2899 3488 2956 facino-

1911 2984 2065 3051 ribus
2094 2996 2242 3049 clara
2269 2994 2472 3063 saepius
2501 2990 2662 3046 laude
2693 2990 2940 3045 functum
2977 2999 3141 3061 atque
3170 2990 3485 3059 probatum,

1909 3088 2225 3143 scholarum
2279 3086 2645 3142 domesticum
2723 3083 3008 3154 praefecit;
3067 3084 3484 3138 Constantinum

1912 3194 2130 3248 quoque
2152 3177 2452 3248 Gongulem
2490 3177 2740 3243 aliosque
2773 3175 3039 3243 quosdam
3082 3175 3313 3231 idoneos
3346 3189 3485 3245 gna-

1914 3283 2121 3339 rosque
2161 3267 2332 3323 duces
2386 3267 2688 3320 Romanam
2739 3265 2972 3320 classem
3025 3263 3255 3327 ductare
3310 3264 3486 3333 jubet.

1914 3359 2053 3413 Tum
2084 3358 2369 3435 Basilium,
2406 3357 2495 3411 cui
2528 3369 2831 3425 cognomen
2885 3352 3113 3409 Petinus
3139 3356 3224 3423 (ac
3260 3354 3306 3407 si
3335 3354 3489 3409 volu-

1912 3468 2059 3508 crcm
2079 3451 2277 3521 dicas),
2315 3448 2608 3521 patricium
2648 3454 2799 3503 creat
2822 3462 2886 3500 ac
2915 3461 3173 3515 magnum
3201 3446 3490 3501 hetaeriar-

1913 3549 2093 3599 ctiam.
2142 3542 2471 3607 Marianum,
2522 3540 2861 3611 Argyrorum
2909 3539 3081 3607 stirpe
3140 3546 3341 3603 satum,
3389 3536 3489 3593 de-

1913 3643 2090 3691 tracto
2120 3634 2375 3690 monachi
2407 3631 2598 3690 habitu
2633 3629 2835 3687 stabuli
2860 3629 3115 3683 comitem
3153 3627 3304 3682 facit.
3336 3627 3490 3682 Pari-

1912 3737 1995 3783 ter
2044 3727 2347 3783 Manuelem
2408 3724 2687 3782 Curticem
2727 3722 3070 3780 nominatum
3105 3719 3395 3791 patricium
3424 3735 3491 3774 ac

1912 3820 2264 3875 cxcuhiarum
2290 3818 2652 3889 Drungarium
2679 3816 2998 3881 constituit;
3022 3828 3162 3884 quos
3181 3822 3291 3869 tres
3315 3813 3488 3875 viros.

218 3902 581 4010 μῖετόίπολίιν
617 3902 883 4002 χρύνοννὴ
912 3902 1008 3980 τοῦ
1053 3902 1187 3978 Θεοῦ
1239 3922 1426 3975 δικαία
1481 3920 1682 3990 κρίσις,
1736 3916 1811 3979 ὡς

1915 3911 2065 3965 brevi
2101 3910 2390 3979 interiecto
2423 3915 2690 3977 tempore,
2717 3906 2866 3975 justa
2906 3905 2999 3959 Dei
3053 3902 3192 3958 ultio
3239 3902 3490 3957 insecuta

95 4049 111 4064 ⁶
214 4036 304 4096 είς
347 4027 581 4101 χριστὸν
618 4023 719 4077 τοῦ
755 4022 963 4091 Κυρίου
1019 4017 1461 4088 παροινήσαντας
1492 4012 1586 4066 καὶ
1620 4012 1810 4080 χεῖρας

205 4124 431 4183 ἀδίκως
498 4115 879 4178 ἐπιϐαλόντας,
946 4112 1046 4180 τῆς
1110 4106 1389 4179 βασιλείας
1444 4102 1809 4174 ὀρεγομένους

210 4210 537 4284 μετῆλθεν·
582 4207 677 4261 ἐπὶ
726 4203 1053 4259 καθοσιώσει
1084 4201 1193 4271 γὰρ
1225 4195 1666 4267 καταληφθέντες
1690 4190 1813 4244 ἑκά·

204 4322 378 4376 τεροι
401 4300 663 4369 οἰκτίστῳ
693 4297 905 4365 θανάτῳ
928 4295 989 4348 τὸ
1019 4294 1119 4363 ζῇν
1148 4289 1490 4363 ἀπέρρηξαν.
1517 4286 1598 4339 Τὰ
1623 4285 1680 4338 δὲ
1710 4300 1812 4337 πε-

212 4396 279 4467 ρὶ
312 4394 508 4449 αὐτῶν
548 4387 885 4458 πλατύτερον
914 4402 973 4438 τε
1005 4386 1097 4439 καὶ
1126 4377 1731 4452 ὲπεξεργαστικώτερον
1755 4376 1813 4428 ὲν

207 4492 296 4562 τῇ
332 4484 732 4556 προηγουμένη
752 4480 1011 4551 ἐξηγήσει
1044 4476 1368 4546 ἐκθήσομαι.

308 4662 381 4735 β’.
423 4660 578 4716 Μετὰ
606 4660 662 4712 δὲ
691 4658 1100 4727 τεσσαράκοντα
1134 4654 1368 4727 ἡμέρας,
1411 4653 1476 4721 τῇ
1519 4649 1693 4704 εἰκάδι
1728 4647 1817 4702 t6-

214 4759 385 4827 δόμῃ
412 4752 511 4807 τοῦ
540 4750 875 4822 Ἰανουαρίου
926 4748 1117 4821 μηνὸς,
1149 4743 1496 4807 ὑποπτεύσας
1525 4743 1816 4796 Κωνσταν-

205 4852 385 4911 τίνος
425 4845 521 4899 τόν
566 4861 625 4896 τε
684 4842 908 4915 βασιλέα
938 4839 1213 4909 Στέφανον
1275 4837 1368 4891 καὶ
1400 4832 1815 4890 Κωνσταντῖνον

206 4945 328 4999 τὸν
362 4937 532 4994 αὑτοῦ
552 4935 807 5005 ἀδελφὺν,
838 4934 914 5003 μή
946 4948 1077 4985 ποτε
1100 4929 1195 4985 καὶ
1228 4928 1352 4983 κατ’
1378 4926 1544 4981 αύτοῦ
1563 4924 1633 4978 τὰ
1653 4924 1815 4995 ὅμοια

202 5029 675 5104 διαπράξωνται,
702 5026 797 5080 καὶ
830 5024 1213 5093 λογισάμενος,
1262 5021 1399 5091 ὅπερ
1440 5015 1507 5090 ἦν
1537 5018 1704 5081 είκδς,
1733 5016 1814 5068 ὅτι

200 5130 268 5182 εἰ
304 5124 410 5179 τοῦ
451 5123 586 5176 ἰδίου
617 5118 824 5191 πατρὸς
861 5116 962 5169 ούκ
993 5112 1306 5184 ἐφείσαντο,
1343 5110 1460 5174 πῶς
1490 5109 1657 5163 αὑτοῦ
1697 5108 1817 5176 φεί-

200 5232 465 5278 σωνται,
506 5211 765 5272 ἑστιάσας
815 5208 1037 5271 αὐτοὺς,
1072 5203 1171 5277 ἤδη
1222 5206 1280 5258 ἐν
1338 5205 1407 5279 τῇ
1437 5200 1688 5273 τραπέζῃ
1722 5198 1816 5252 καὶ

1918 4013 2025 4069 est,
2056 4002 2202 4071 quod
2263 4001 2318 4054 in
2381 4008 2609 4055 unctum
2653 3996 2869 4053 Domini
2898 3996 3272 4063 desaeviissent
3304 4008 3369 4049 ae
3392 3994 3493 4047 ini-

1917 4111 2025 4164 que
2047 4096 2103 4149 in
2131 4109 2255 4149 eum
2278 4108 2472 4148 manus
2513 4091 2855 4161 injecissent,
2889 4105 3014 4144 cum
3062 4088 3275 4143 scilicet
3316 4087 3492 4155 impe-

1918 4185 2077 4241 randi
2112 4183 2280 4240 libido
2320 4199 2415 4238 cos
2470 4182 2791 4238 incessisset
2824 4198 2837 4233 :
2872 4179 3182 4249 majestatis
3228 4177 3374 4233 enim
3411 4179 3490 4232 rei

1918 4276 2145 4349 peracti,
2172 4274 2485 4331 miserando
2534 4287 2763 4343 prorsus
2805 4270 2953 4326 exitu
2984 4269 3153 4322 vitam
3213 4266 3489 4322 ﬁnierunt.

1919 4370 2190 4426 Caeterum
2244 4383 2365 4439 quae
2415 4368 2483 4423 ad
2513 4367 2639 4422 illos
2667 4372 2920 4436 spectant
2962 4358 3495 4429 fusiusoperosius-

1920 4480 2027 4535 que
2083 4478 2372 4534 exsequar,
2426 4460 2518 4515 ubi
2573 4474 2639 4514 ex
2701 4456 2948 4528 professo
2981 4468 3092 4508 rem
3124 4467 3246 4509 sum
3301 4466 3495 4507 narra-

1921 4569 2101 4614 ῑυῐιιε.

1991 4648 2151 4720 437
2189 4646 2245 4702 2.
2279 4646 2411 4701 Post
2441 4643 2560 4700 dies
2586 4639 2972 4712 quadraginta,
2993 4632 3240 4688 Januarii
3287 4634 3496 4689 mensis

1923 4742 2154 4811 septimo
2184 4754 2349 4808 supra
2367 4737 2713 4808 vigesimum,
2738 4730 3131 4788 Constantinus
3158 4724 3494 4797 Stephanum

1923 4834 2309 4903 imperatorem
2351 4829 2584 4898 ejusque
2634 4825 2862 4880 fratrem
2921 4820 3357 4878 Constantinum.
3397 4832 3494 4873 su-

1923 4932 2139 4997 spectos
2173 4921 2403 4986 habens,
2450 4934 2522 4973 ne
2575 4916 2795 4989 quando
2848 4914 2903 4969 in
2956 4928 3017 4969 se
3046 4925 3269 4983 quoque
3303 4910 3493 4967 eadem

1923 5020 2273 5077 attentarent,
2326 5022 2622 5080 secumque
2668 5016 2949 5075 reputans,
2979 5004 3059 5058 uti
3091 5018 3192 5073 par
3229 5010 3370 5065 erat,
3401 5016 3498 5057 eos

1923 5106 2014 5177 qui
2043 5119 2144 5160 nec
2182 5102 2326 5174 patri
2374 5098 2769 5172 pepercissent,
2817 5096 2962 5151 haud
3014 5094 3115 5151 sibi
3168 5093 3495 5164 pan-ituros,

1923 5198 2173 5254 convivio
2203 5202 2459 5265 acceptos
2497 5192 2722 5263 jamque
2767 5204 2972 5245 mensa:
3002 5188 3409 5249 accumbentes,
3443 5193 3499 5240 et

199 5304 667 5375 καθεζομένους,
703 5298 788 5372 [Ρ.
806 5296 935 5371 2'72]
970 5297 1049 5350 ἔτι
1080 5298 1179 5367 τῆς
1199 5293 1453 5366 βρώσεως
1474 5293 1639 5361 οὕσης
1666 5293 1721 5342 ἐν
1737 5289 1815 5362 τῷ

1919 5307 2042 5346 cum
2075 5289 2155 5344 eis
2185 5287 2369 5344 adhuc
2406 5285 2461 5341 in
2485 5300 2580 5341 ore
2610 5283 2769 5339 cibus
2799 5289 2965 5349 esset,
2989 5278 3375 5350 comprehendi
3404 5293 3501 5339 eos

204 5397 477 5465 στόματι
509 5392 714 5456 αὐτῶν,
742 5389 1073 5461 ἀνήρπασαν
1109 5380 1256 5440 οὗτοι
1278 5385 1327 5438 οἱ
1355 5381 1641 5451 λεγόμενοι
1675 5380 1813 5450 Τορ-

194 5493 411 5548 visum
446 5486 544 5540 καὶ
600 5484 629 5536 δ
663 5480 954 5551 πατρίκιος
989 5477 1272 5549 Μαριανδς
1319 5478 1416 5531 καὶ
1454 5475 1505 5529 οί
1546 5473 1726 5528 λοιποὶ
1769 5473 1817 5525 οἱ

200 5580 389 5653 πρὸς
430 5576 590 5631 τοῦτο
618 5572 1078 5645 ηύτρεπισμένοι,
1129 5569 1226 5624 καὶ
1262 5568 1355 5623 τοῦ
1384 5568 1651 5623 παλατίου
1680 5584 1817 5621 κατ-

200 5679 457 5745 ήγαγον
484 5665 579 5720 καὶ
604 5665 789 5727 ἑνταίς
815 5660 1246 5733 πλησιαζούσαις
1258 5660 1445 5731 νήσοις
1470 5660 1697 5725 τούτους
1718 5674 1818 5714 πε-

208 5759 518 5840 posis?th
536 5755 632 5811 καὶ
676 5753 973 5827 κληρικοὺς
1002 5754 1325 5825 άπέκειραν.

1917 5383 2093 5453 jubet.
2125 5378 2344 5450 Arrepti
2396 5377 2583 5448 itaque
2616 5390 2647 5430 a
2675 5372 2970 5437 Torniciis,
3004 5385 3144 5442 quos
3181 5378 3404 5437 vocant,
3438 5379 3497 5441 et

1925 5472 2158 5545 patricio
2192 5469 2439 5525 Mariano
2491 5467 2726 5537 aliisque
2760 5478 2881 5520 eam
2935 5463 2991 5518 in
3043 5477 3157 5518 rem
3206 5461 3498 5532 expeditis,

1926 5568 2161 5637 aulaque
2187 5561 2369 5621 educti
2416 5568 2583 5632 atque
2643 5559 2695 5612 in
2730 5557 3011 5628 proximas
3065 5555 3274 5614 insulas
3304 5554 3503 5624 depor-

1930 5660 2047 5727 tati,
2075 5660 2132 5714 in
2166 5656 2393 5713 clericos
2415 5663 2544 5709 sunt
2574 5652 2796 5708 attonsi.
