3962 6204
478 353 586 416 459

1575 347 2078 408 'l‘ilEOPIlANES
2115 345 2667 407 CONTINUATUS.
2815 337 2818 342 ‘
3011 303 3016 330 ³
3617 297 3696 409 ιδὸ

479 462 651 517 rando
683 463 973 518 verberum
1013 462 1263 516 cruciatu
1285 458 1629 514 examinatus
1653 461 1934 531 asinisqne
1961 461 2062 515 im-

2173 459 2436 513 ὑπέϐαλεν
2466 459 2560 514 καὶ
2591 460 2734 523 δνοις
2784 459 3110 523 ἐπικαθίσας
3140 461 3229 512 διὰ
3283 460 3454 530 μέσης
3486 459 3573 530 τῆς
3616 459 3693 512 πό-

479 558 691 626 positos
721 571 784 611 ac
811 571 910 626 per
939 555 1174 609 mediam
1229 553 1418 608 Urbem
1459 551 1823 624 ignominioso
1876 556 2061 609 tradu-

480 661 600 702 ctos
631 647 825 702 exsilio
858 644 1135 714 relegavit.

551 739 602 790 7.
642 736 842 803 Quinta
875 735 1087 789 decima
1111 733 1260 791 Junii
1298 738 1524 802 mensis,
1555 736 1854 793 indictione
1884 745 2056 800 sexta,

479 826 718 880 ιιιυι-ἱιιπ
749 823 1031 879 Romanus
1053 824 1349 894 imperator
1380 825 1434 879 in
1459 825 1636 881 insula
1666 838 1831 894 quam
1861 821 2059 878 Proteu

434 985 441 994 ι
475 927 696 972 vocant.
729 905 884 988 Ejus:
911 917 1144 972 cadaver
1175 917 1230 971 in
1281 918 1471 972 urbem
1523 917 1758 972 relatum
1797 915 1853 970 in
1910 914 2060 971 illius

475 1010 814 1066 monasterio
845 1009 1153 1078 depositum
1181 1011 1284 1066 est.

549 1103 603 1157 8.
649 1102 904 1172 Magnum
966 1100 1245 1171 quidpiam
1313 1115 1376 1156 ac
1431 1099 1843 1167 admirandum,
1907 1107 2060 1170 gesta

481 1206 916 1266 percurrentem,
950 1209 1038 1248 me
1064 1191 1177 1247 fere
1213 1193 1514 1264 przeteriit:
1553 1207 1746 1264 nempe
1783 1193 1892 1263 quo
1924 1201 2062 1246 tem-

483 1303 616 1358 pore
650 1287 962 1356 Stephanus
986 1295 1039 1340 et
1081 1283 1479 1342 Constantinus
1529 1284 1886 1354 imperatores
1935 1282 2060 1337 aula

484 1380 643 1449 ejecti
672 1385 800 1433 sunt
823 1377 1164 1432 Constantini
1195 1376 1697 1448 Porphyrogenneti
1727 1375 1905 1446 jussu,
1931 1390 2063 1430 con-

484 1473 606 1541 tigit
637 1470 786 1541 gravi
815 1469 967 1523 hiatu
1003 1479 1203 1524 terram
1234 1468 1516 1523 dehiscere
1540 1468 1592 1522 in
1624 1469 1784 1522 domo
1815 1466 2061 1536 magistri

485 1573 540 1618 et
583 1563 900 1618 scholarum
947 1560 1300 1615 exdomcstici
1351 1558 1581 1615 ioanuis
1615 1559 2063 1628 Curcuae,.inque

475 1656 648 1712 deuio
679 1653 930 1724 magistri
981 1652 1208 1706 Romani
1235 1650 1532 1717 'Sarouiue,
1561 1665 1659 1705 nec
1691 1664 1799 1704 non
1847 1649 1900 1703 in
1943 1649 2064 1702 aliis

475 1748 663 1817 iisque
692 1746 924 1802 diversis
951 1745 1240 1810 domibus;
1273 1759 1338 1799 ex
1388 1758 1498 1815 quo
1553 1751 1608 1798 et
1658 1741 1858 1796 factum
1889 1751 1972 1797 est
2006 1749 2065 1795 ut

483 1841 523 1895 ii
549 1840 775 1910 direptis
805 1839 1052 1909 ipsorum
1090 1836 1446 1893 facultatibus
1479 1835 1533 1890 in
1567 1835 1887 1906 pauperiem
1919 1833 2063 1889 redi-

484 1941 759 2004 gerentur.
793 1930 1049 1986 Misertus
1099 1928 1283 1998 itaque
1316 1927 1710 1982 Constantinus
1739 1925 2060 1996 imperator,

485 2023 788 2092 dolensque
817 2035 1008 2076 eorum
1039 2019 1278 2088 dilapsae
1311 2031 1444 2087 epes
1477 2031 1543 2070 ac
1573 2022 1797 2085 repente
1841 2016 2063 2070 exhau-

485 2125 625 2170 stam
655 2114 1044 2175 suhstantiam,
1075 2109 1238 2182 442
1269 2108 1572 2178 Thcophilo
1614 2107 1768 2162 urbis
1802 2107 2062 2178 prmfecto

489 2207 602 2260 iure
637 2202 1073 2272 acervarejubet
1101 2201 1281 2269 iisque
1310 2199 1558 2254 reddere.
1589 2197 1641 2252 is
1677 2197 2063 2267 protocauce'l-

494 2299 625 2351 nario
687 2310 811 2358 suo,
861 2309 971 2348 una
1022 2307 1147 2347 cum
1188 2289 1398 2344 Zonara
1457 2288 1538 2344 sic
1594 2298 1931 2358 nuncupato,
1985 2287 2061 2342 rei

486 2403 704 2442 summa
754 2383 1104 2448 concredita,
1135 2391 1198 2438 ut
1251 2389 1369 2437 erat
1407 2395 1608 2451 pravus
1650 2381 1814 2445 latro,
1869 2393 2060 2434 eorum

488 2495 767 2550 occupans
804 2479 950 2533 mdes
1006 2476 1347 2544 multamque
1401 2471 1738 2544 diligentiam
1797 2472 2063 2528 adhibens

489 2584 684 2628 cuncta
717 2571 819 2626 sibi
844 2567 1131 2638 usurpavit
1164 2563 1572 2635 insatiabilique
1600 2563 1783 2618 animo
1810 2579 1908 2619 suo
1934 2577 2064 2618 con-

489 2665 676 2729 ct-ssit,
709 2678 772 2718 ac
800 2661 892 2716 vix
925 2660 1195 2715 decimam
1229 2658 1338 2713 illis
1383 2665 1593 2726 partem
1623 2653 1884 2710 restituit.
1929 2655 2064 2722 Quis

487 2760 771 2812 enimvero
798 2751 1024 2808 multam
1053 2751 1493 2819 immensamque
1542 2748 1642 2802 viri
1672 2747 1811 2803 dolis
1847 2747 2066 2802 consuti

493 2846 923 2904 fraudulentiam
955 2858 1020 2898 ac
1053 2843 1352 2912 nequitiam
1385 2855 1644 2895 enarrare
1688 2839 1939 2906 suliiciat,
1971 2840 2064 2908 qui

491 2942 608 2996 lues
644 2954 710 2994 ac
735 2937 1009 3008 pernicies
1034 2933 1247 3003 imperii
1277 2931 1512 2986 Romani
1540 2931 1854 2986 exstiterit?
1889 2932 2065 2999 quod-

492 3047 618 3088 nam
654 3031 772 3085 vitii
801 3029 1038 3098 malique
1065 3040 1258 3096 genus,
1280 3025 1340 3079 in
1370 3039 1482 3095 quo
1521 3040 1629 3080 non
1659 3023 1818 3079 facile
1863 3025 2068 3093 primas

2164 555 2301 620 λεως
2322 554 2723 626 ἐθριάμϐευσεν
2754 557 2848 607 καὶ
2878 553 3063 627 ὲξορίᾳ
3105 553 3490 625 παρέπεμψεν.

2240 735 2307 799 ζ’.
2339 733 2816 807 Πεντεκαιδεκάτῃ
2839 733 2894 787 δὲ
2928 735 3148 787 Ἰουνίου
3184 736 3374 805 μηνὸς,
3410 734 3698 801 ίνδικτιῶνος

2161 823 2643 896 ἓκτης,“Ρωμανὺς
2667 828 2694 879 ὁ
2724 826 2978 896 βασιλεὺς
3010 828 3065 880 ἐν
3095 829 3162 897 τῇ
3194 829 3344 897 νήσῳ
3369 829 3435 897 τῇ
3468 829 3699 897 ἐπονομα-

2163 920 2372 992 ζομένῃ
2404 917 2604 990 Πρώτη
2664 918 2922 989 ’τελευτᾷν
2982 919 3076 971 καὶ
3127 919 3188 971 τὸ
3241 920 3399 988 σῶμα
3459 918 3610 972 αὔτοῦ
3653 922 3700 970 ἐν

2161 1013 2227 1082 τῇ
2262 1010 2416 1064 πόλει
2446 1009 2822 1078 ἀποκομισθὲν
2868 1012 2925 1063 ὲν
2954 1013 3019 1080 τῇ
3071 1009 3234 1063 αὑτοῦ
3291 1011 3528 1082 ἁπετέθη
3574 1015 3680 1082 μονῇ

2237 1101 2310 1170 η’.
2367 1104 2629 1174 Διήγημα
2653 1102 2710 1156 δὲ
2742 1103 2886 1172 μέγα
2918 1105 3014 1155 καὶ
3037 1101 3351 1174 θαυμαστὸν
3387 1103 3703 1174 παρέδραμον

2162 1197 2256 1253 τοῦ
2289 1197 2567 1268 λεχθῆναι.
2603 1195 2880 1264 Στεφάνου
2917 1196 3012 1249 καὶ
3053 1194 3469 1249 Κωνσταντίνου
3503 1195 3600 1248 τῶν
3626 1193 3704 1264 βα-

2165 1289 2360 1343 σιλέων
2389 1287 2830 1357 κατενεχθέντων
2861 1286 2967 1339 ἀπὸ
2999 1283 3094 1338 τοῦ
3156 1284 3422 1338 παλατίου
3453 1286 3701 1355 προτροπῇ

2164 1379 2580 1437 Κωνσταντίνου
2623 1377 2714 1430 τοῦ
2750 1375 3293 1449 Προφυρογεννήτου,
3343 1374 3704 1446 χωννουόαρια-

2167 1471 2303 1540 σμὸς
2333 1469 2559 1540 γέγονεν
2594 1469 2652 1522 ἐν
2677 1467 2754 1538 τῷ
2790 1467 2924 1538 οἴκῳ
2980 1466 3073 1520 τοῦ
3138 1467 3447 1538 μαγίστρου
3492 1466 3703 1519 Ἰωάννου

2161 1564 2257 1617 τοῦ
2292 1562 2585 1634 Κοιδρκοῦα
2623 1561 2720 1614 τοῦ
2776 1561 3212 1631 ἀποδομεστίκου
3264 1558 3374 1613 τῶν
3406 1559 3599 1630 σχολῶν
3627 1559 3708 1612 καὶ

2163 1656 2242 1718 είς
2265 1654 2354 1707 τὸν
2387 1653 2481 1706 τοῦ
2525 1651 2829 1724 μαγίστρου
2869 1651 3150 1722 Ῥωμαιδοῦ
3185 1651 3495 1723 Σαρωνίτου
3538 1652 3614 1705 καὶ
3638 1657 3708 1715 εἰς

2166 1747 2386 1819 ἑτέρους
2427 1746 2524 1800 καὶ
2563 1745 2857 1816 διαφόρους
2901 1745 3102 1809 οἴκους,
3135 1743 3232 1796 καὶ
3281 1743 3584 1815 διαρπαγὴν
3626 1744 3711 1797 καὶ

2167 1840 2444 1911 πτωχείας
2507 1837 2690 1902 αὐτοῖς
2754 1832 3148 1908 προεξένησαν.
3221 1833 3307 1907 [Ρ.
3378 1832 3506 1906 273]
3565 1835 3612 1890 ’0
3659 1836 3713 1888 δὲ

2165 1931 2422 2003 βασιλεὺς
2449 1929 2856 1993 Κωνσταντῖνος
2879 1929 3266 2000 κατοικτείρας
3287 1927 3347 1981 τὸ
3370 1928 3616 2000 ἐξαίφνης
3631 1927 3715 1982 καὶ

2161 2025 2375 2096 ἀθρόως
2395 2021 2626 2094 ὁρᾶσθαι
2671 2021 2871 2084 αὐτοὺς
2902 2020 3166 2091 πένητας,
3199 2019 3492 2091 διωρίσατο
3531 2018 3600 2090 τῷ
3626 2021 3714 2073 έπ-

2164 2113 2316 2184 άρχῳ
2347 2113 2590 2182 Θεοφίλῳ
2619 2111 2794 2166 ταῦτα
2829 2111 3170 2182 σωρευθῆναι
3189 2111 3282 2164 καὶ
3305 2110 3637 2180 ἀποδοθῆναι.
3665 2110 3722 2164 Ὀ

2163 2201 2220 2260 δὲ
2256 2204 2833 2276 πρωτοκαγκελλαρίῳ
2877 2203 3042 2258 αὐτοῦ
3095 2200 3192 2256 σὺν
3219 2201 3297 2273 τῷ
3330 2201 3600 2274 λεγομένῳ
3619 2204 3722 2255 Ζω-

2164 2298 2302 2368 ναρᾷ
2339 2295 2890 2366 προσδιορισάμενος,
2923 2294 2981 2358 ὅς
3019 2295 3115 2348 ἇτε
3143 2296 3349 2365 εὐφυὴς
3381 2295 3612 2364 κλέπτης
3639 2295 3727 2347 καὶ

2169 2389 2460 2462 μοχθηρὸς,
2498 2390 2592 2442 καὶ
2647 2391 2895 2459 κατέχων
2949 2386 3018 2440 τὰ
3063 2387 3272 2441 τούτων
3306 2387 3580 2456 οἰκήματα
3634 2387 3726 2440 καὶ

2166 2481 2369 2553 πολλὴν
2388 2480 2626 2552 σπουδὴν
2651 2478 3004 2544 καταϐαλὼν,
3036 2479 3212 2534 πάντα
3237 2479 3615 2550 ἐσφετερίσατο
3640 2481 3733 2533 καὶ

2160 2578 2264 2648 ’τῆς
2297 2573 2578 2642 ἀπλήστου
2604 2571 2770 2626 αὑτοῦ
2800 2571 3027 2644 γνώμης
3067 2571 3438 2642 ἑνειρορήσατο
3472 2572 3566 2624 καλ⁸
3590 2571 3733 2642 μόλις

2166 2667 2265 2736 τὴν
2297 2665 2531 2736 δεκάτην
2570 2665 2768 2736 μοῖραν
2814 2665 2999 2727 αὐτοῖς
3028 2663 3334 2718 ἀπέδωκεν.
3385 2665 3498 2718 Καὶ
3536 2665 3616 2726 τίς
3636 2664 3736 2735 ’τὴν

2168 2758 2368 2827 πολλὴν
2409 2755 2504 2810 καὶ
2530 2755 2759 2826 ἄπειρον
2784 2754 3067 2826 δολιότητα
3095 2756 3192 2809 καὶ
3224 2756 3423 2809 κακίαν
3443 2753 3536 2807 τοῦ
3564 2754 3739 2809 δολίου

2167 2849 2358 2921 ἀνδρὸς
2385 2848 2745 2918 διηγήσεταις
2777 2843 2835 2910 ὃς
2874 2847 3025 2920 λύμη
3066 2848 3162 2902 καὶ
3187 2848 3344 2912 νόσος
3380 2850 3447 2918 τῇ
3496 2847 3742 2918 πολιτεία

2167 2940 2470 3010 Ῥωμαίων
2521 2940 2768 3008 γέγονεν.
2802 2942 2875 2993 'li
2926 2941 2982 2993 ὲν
3007 2940 3146 3011 ποίῳ
3192 2940 3350 3010 κακῷ
3394 2941 3748 3012 πρώτιστοςδ

2170 3031 2308 3102 ἀνὴρ
2331 3033 2430 3101 οὐχ
2451 3031 2740 3101 εὑρίσκετο
2764 3049 2778 3098 ;
2812 3035 2879 3102 τῇ
2909 3031 3266 3102 πιθανολογίᾳ
3299 3033 3393 3085 καὶ⁵
3421 3035 3535 3096 τοῖς
3561 3034 3752 3101 ὅρκοις

493 3125 678 3178 ιιιῖετίι
701 3123 725 3176 ἳ
750 3138 873 3178 cum
907 3119 1166 3174 nimirum
1201 3118 1385 3174 verbis
1431 3118 1497 3171 ad
1541 3115 1879 3172 suadendum
1911 3129 2064 3169 com--

2173 3121 2405 3191 βεσαιῶν
2434 3122 2508 3185 ὡς
2533 3120 2627 3174 ἅτε
2657 3122 2848 3174 πιστὸν
2881 3122 2976 3174 καὶ
3005 3122 3164 3192 ὀρθὸν
3196 3117 3337 3174 εἷναι
3372 3123 3527 3175 πᾶσι.
3579 3122 3668 3184 Ὠς
3698 3107 3772 3174 δὲ’

491 3216 690 3286 positis
716 3229 781 3268 ac
815 3209 1179 3282 jurejurando
1207 3208 1440 3263 firmatis
1465 3206 1681 3263 cunctis
1708 3205 1921 3260 lldciem
1951 3204 2068 3258 ani-

495 3323 645 3363 mum
690 3307 932 3374 rectique
966 3309 1230 3366 .tenacem
1266 3315 1378 3370 prae
1407 3314 1466 3354 se
1511 3297 1702 3354 ferret.
1743 3295 1966 3362 Verum,
2012 3305 2072 3351 ut

497 3401 660 3469 vulgo
681 3397 750 3452 de
782 3397 876 3450 illo
903 3395 1166 3464 iactatur,
1197 3392 1448 3445 invocata
1471 3389 1782 3444 daemonum
1811 3403 1914 3458 ope
1942 3403 2071 3443 cun-

434 3524 445 3534 -
496 3504 583 3546 cta
615 3491 690 3544 illi
719 3505 782 3542 ex
813 3499 941 3541 voto
975 3486 1257 3546 cedebant,
1292 3494 1353 3537 ut
1380 3497 1482 3536 nec
1507 3482 1922 3547 Constantinus,
1945 3495 2070 3536 cum

498 3595 877 3652 sa-penumero
915 3593 1039 3631 cum
1103 3573 1274 3643 gradu
1331 3588 1549 3628 movere
1583 3573 1897 3642 cogitasset,
1956 3587 2070 3627 rem

501 3683 761 3744 pra-stare
786 3669 1016 3723 valuerit
1043 3711 1056 3734 ,
1084 3667 1215 3737 quin
1248 3665 1426 3735 potius
1449 3664 1730 3719 beneflciis
1772 3679 1834 3718 ac
1878 3679 2072 3719 mune-

493 3766 652 3818 ribus
677 3777 802 3816 eum
839 3767 1162 3830 prosecutus
1193 3757 1282 3811 sit.
1309 3754 1481 3809 Porro
1519 3754 1587 3808 de
1619 3754 1852 3808 hominis
1883 3754 2074 3808 adula-

501 3856 678 3917 toriis,
725 3853 970 3907 moribus
1021 3849 1302 3918 multaque
1352 3846 1498 3902 illius
1546 3846 1900 3916 impudentia,
1952 3846 2072 3918 ejus

501 3949 629 4002 item
663 3946 830 3999 inlido
879 3942 1062 3996 animo
1093 3953 1386 4012 pravoque,
1421 3953 1486 3995 ac
1537 3953 1703 4009 quam
1759 3939 1905 3993 nulla
1948 3942 2074 4009 quis

2162 3213 2320 3284 λόγος
2355 3213 2564 3286 ᾅδεται,
2609 3207 2770 3278 οὗτος
2815 3213 3071 3285 βοηθείας
3105 3213 3381 3285 δαιμόνων
3414 3213 3764 3282 προσκαλου-

2171 3289 2416 3377 μενοςιὲν
2443 3307 2609 3359 πᾶσιν
2635 3304 2938 3375 εὐδοκίμει,
2973 3305 3049 3368 ὡς
3084 3305 3178 3358 καὶ
3212 3304 3375 3358 αὑτὸν
3401 3303 3492 3357 τὸν
3521 3301 3764 3373 βασιλέα

2169 3397 2938 3468 Κωνσταντῖνονβουληθέντα
2956 3396 3231 3468 διαφόρως
3260 3395 3600 3467 ἀποκινῆσαι
3630 3396 3768 3448 τοῦ-

2170 3507 2266 3544 τον
2294 3489 2396 3544 οὐκ
2429 3491 2677 3561 ἴσχυσεν,
2720 3490 2859 3544 ἀλλὰ
2879 3490 3080 3559 μᾶλλον
3113 3491 3384 3553 εὑποιίαις
3407 3491 3501 3542 καὶ
3523 3490 3771 3558 δωρεαῖς

2173 3583 2560 3653 προεξένησεν.
2602 3582 2739 3653 Περὶ
2772 3585 2828 3636 δὲ
2867 3583 2966 3653 τῆς
3011 3583 3208 3636 τούτου
3261 3583 3502 3646 θωπείας
3539 3584 3640 3636 καὶ
3672 3599 3770 3634 κου

2175 3671 2402 3736 λακείας
2429 3673 2528 3725 καὶ
2557 3671 2763 3740 πολλῆς
2793 3672 3094 3736 ἀναιδείας,
3128 3674 3224 3726 καὶ
3253 3673 3352 3744 τὴν
3383 3673 3619 3726 ἄπιστον
3648 3672 3682 3724 δ
3711 3673 3772 3724 ἀι

2173 3761 2324 3817 θεσιν
2357 3763 2452 3816 καὶ
2472 3764 2574 3836 τὴν
2610 3764 2889 3835 μοχθηρὰν
2913 3766 3008 3818 καὶ
3039 3766 3362 3818 ἀνείκαστον
3381 3763 3553 3818 αὐτοῦ
3573 3763 3772 3816 πλεονο

2174 3853 2346 3922 εξίαν,
2375 3854 2711 3926 πλατύτερόν
2739 3874 2798 3909 τε
2847 3857 2943 3910 καὶ
2979 3857 3594 3926 ἑπεξεργαστικώτερον
3620 3857 3682 3908 ὲν
3705 3856 3772 3922 τῇ

2174 3947 2563 4019 προηγουμένη
2578 3946 2908 4018 ἑπεξηγήσει
2927 3948 3253 4018 ἐκθήσομαι.

489 4039 819 4106 coojcctura
853 4035 986 4091 satis
1021 4035 1242 4104 assequi
1274 4033 1471 4104 possit,
1507 4031 1734 4086 avaritia
1767 4045 1829 4085 ac
1865 4033 2162 4100 rapacitate
2195 4037 2373 4125 fusius
2399 4040 2803 4110 operosiusque
2833 4038 2887 4093 iu
2957 4041 3177 4109 propria
3249 4053 3428 4108 rxque
3509 4039 3778 4094 instituto

492 4138 620 4208 ejus
649 4137 727 4189 rei
756 4133 1073 4188 narratione
1102 4141 1398 4200 exponam.

567 4237 626 4291 9.
659 4233 861 4287 Iterum
890 4240 1161 4285 summam
1192 4227 1342 4282 solus
1387 4224 1617 4295 adeptus
1655 4221 2075 4288 Constantinus,

499 4324 762 4381 Basiliam
789 4318 1265 4393 protovestiarium
1295 4332 1456 4372 suum
1501 4313 1848 4382 Romanique
1888 4312 2078 4370 deces-

502 4419 646 4474 soris
672 4411 1020 4484 imperatoris
1054 4408 1361 4465 naturalem
1389 4421 1460 4460 ex
1505 4399 1701 4475 pellice
1749 4401 1943 4467 ﬁlium,
1982 4417 2078 4472 pa-

2249 4225 2314 4282 0'.
2346 4225 2501 4282 Μετὰ
2527 4224 2586 4280 δὲ
2618 4224 2680 4277 τὸ
2710 4224 2872 4296 μόνον
2911 4221 3346 4292 καταλειφθῆναι
3379 4221 3786 4289 αὐτοκράτορα

2177 4318 2611 4382 Κωνσταντϊνον,
2639 4315 3058 4388 προεχειρίσατο
3107 4313 3392 4367 Βασίλειον
3419 4314 3517 4366 τὸν
3551 4327 3790 4382 πρωτο-

2178 4409 2488 4484 6εστιάριον
2522 4408 2712 4475 αὑτοῦ,
2757 4407 2850 4461 τὸν
2883 4403 2991 4460 ἀπὸ
3016 4403 3302 4475 παλλακῆς
3353 4405 3594 4472 quam?»
3663 4399 3796 4453 υξδν

504 4513 721 4568 tricium
749 4508 999 4581 provexit
1021 4521 1088 4561 ac
1109 4505 1253 4561 sacri
1279 4500 1515 4557 cubiculi
1543 4496 1886 4569 prazfectum,
1913 4512 2069 4552 sena-

2189 4502 2476 4576 Ῥωμανοΰ
2506 4503 2598 4556 τοῦ
2634 4501 2741 4572 πρὸ
2767 4499 2934 4554 αὑτοῦ
2971 4496 3257 4570 βασιλέως,
3313 4498 3623 4569 πατρίκ;ον
3686 4491 3798 4544 καὶ

506 4619 703 4675 Iusque
744 4601 934 4673 primis
983 4599 1051 4653 ab
1106 4598 1433 4666 imperatore
1467 4592 1716 4664 partibus
1779 4590 2078 4660 principem

505 4701 651 4756 fecit.
698 4698 826 4752 Erat
881 4697 965 4749 vir
1014 4694 1200 4748 animo
1236 4690 1478 4762 prudens
1526 4695 1580 4744 et
1617 4687 1866 4744 eruditus
1917 4685 2082 4756 inque

507 4793 762 4849 omnibus
787 4788 968 4844 solerti
993 4787 1248 4852 consilio,
1283 4793 1337 4838 et
1365 4794 1424 4838 ut
1449 4781 1694 4848 decebat,
1728 4777 2082 4851 imperatoris

508 4881 774 4951 obsequio
799 4878 957 4950 443
989 4878 1212 4933 sedulus
1243 4871 1610 4930 ministrabat.
1636 4870 2082 4928 Humanissimus

505 4989 671 5049 porro
707 4971 1105 5025 Constantinus
1158 4971 1211 5022 in
1265 4969 1508 5022 animum
1555 4967 1770 5021 induxit
1801 4974 1860 5020 ut
1910 4963 2084 5034 pactis

501 5083 628 5122 cum
667 5062 929 5134 Agareuis
959 5060 1325 5114 'l'arsensibus
1354 5057 1611 5122 induciis,
1643 5057 1737 5129 qui
1784 5055 1929 5128 apud
1959 5055 2080 5110 inli-

504 5161 679 5213 uelem
709 5172 827 5211 eam
868 5161 1084 5223 gentem
1111 5149 1501 5215 detinerentur,
1531 5151 1806 5206 Romanos
1838 5148 2084 5220 captivos

509 5253 786 5311 liberaret,
816 5261 882 5301 ea
923 5243 1136 5299 scilicet
1169 5241 1399 5306 ratione,
1451 5243 1598 5311 quod
1654 5257 1686 5297 a
1732 5242 1921 5298 multis
1964 5237 2082 5312 jam

510 5344 670 5396 annis
694 5343 750 5396 in
775 5338 1005 5393 vinculis
1029 5345 1193 5406 atque
1211 5333 1471 5389 aerumnis
1491 5332 1739 5390 amictari
1768 5347 1864 5390 eos
1895 5335 2082 5388 sciret.

512 5432 657 5487 Misit
688 5435 894 5503 itaque,
927 5430 1087 5500 cujus
1119 5443 1230 5484 non
1261 5425 1427 5482 semei
1459 5424 1512 5479 in
1561 5426 1939 5496 superioribus
1969 5439 2084 5479 me-

515 5524 796 5588 minimus,
835 5523 1156 5594 magistrum
1206 5528 1260 5574 et
1297 5518 1612 5574 scholarum
1647 5517 2082 5574 exdomcsticum

513 5600 776 5674 Joannem
801 5613 1074 5669 Curcuam
1109 5620 1506 5684 nuncupatum,
1551 5610 1726 5666 virum
1759 5610 2083 5680 prudentem

513 5710 862 5777 civiliumque
878 5721 1056 5760 rerum
1080 5705 1572 5760 administrationis
1588 5703 2078 5769 consultissimum,

513 5803 769 5859 Coactum
797 5798 923 5851 item
952 5796 1269 5863 magistrum
1299 5805 1350 5850 et
1377 5795 1747 5864 legisperitum
1781 5807 2080 5850 summum-

2183 4612 2257 4648 πα
2268 4593 2679 4666 ρακοιμὼμενον
2705 4593 2794 4646 καὶ
2820 4588 3366 4661 παραδυναστεύοντα
3386 4587 3490 4656 τῆς
3526 4583 3801 4652 συγκλή-

2182 4701 2300 4741 του.
2336 4680 2510 4748 Οὗτος
2540 4685 2598 4738 δὲ
2624 4680 2690 4756 ἦν
2721 4686 2970 4754 ἐχέφρων
2994 4682 3087 4734 καὶ
3117 4679 3320 4748 λόγιος.
3361 4680 3459 4732 καὶ
3492 4678 3576 4750 τῷ
3618 4676 3794 4748 βασι-

2182 4778 2267 4831 λεῖ
2296 4778 2353 4831 έν
2382 4777 2549 4831 πᾶσιν
2572 4778 2836 4847 ὑπηρέτει
2867 4774 3062 4836 αίσίως
3093 4777 3189 4825 καὶ
3224 4773 3574 4842 πρεπόντως.
3634 4768 3701 4819 Ὀ
3733 4763 3792 4814 δὲ

2185 4868 2566 4938 φιλάνθρωῖος
2593 4865 3003 4926 Κωνσταντῖνος
3031 4861 3287 4932 διενοήθη
3317 4862 3580 4930 etum
3616 4855 3790 4920 ποιῆ-

2187 4976 2278 5014 σαι
2325 4959 2463 5029 μετὰ
2492 4961 2617 5022 τοὺς
2649 4957 2928 5028 Ταρσίτας
2969 4955 3065 5008 καὶ⁸
3122 4954 3252 5016 τοὺς
3303 4955 3362 5006 ὲν
3416 4947 3789 5023 αἰχμαλωσίᾳ

2195 5049 2502 5120 Ῥωμαίους
2534 5051 2639 5104 ὑπὸ
2663 5050 2772 5102 τῶν
2819 5047 3075 5119 ἁρνητῶν
3121 5045 3216 5100 τοῦ
3247 5046 3491 5115 Χριστοῦ
3527 5035 3788 5110 ἀναρῥύ·

2188 5144 2385 5198 σασθαι
2411 5141 2499 5196 διὰ
2526 5142 2586 5196 τὸ
2615 5142 2707 5194 ἐπὶ
2740 5141 2964 5204 ’πολλοῖς
2998 5139 3210 5210 χρόνοις
3237 5135 3655 5208 κακουχείσθαι
3687 5127 3789 5182 αὖ·

2187 5237 2313 5299 τοὺς
2341 5236 2399 5287 ὲν
2433 5235 2653 5304 δεσμοῖς
2678 5233 2773 5286 καὶ
2817 5231 3086 5300 θλίψεσιν.
3129 5228 3242 5282 Καὶ
3293 5227 3645 5285 ἀποστείλας
3705 5219 3788 5272 τὸν

2187 5325 2742 5400 προμνημονευθέντα
2764 5326 3065 5395 μάγιστρον
3095 5322 3187 5375 καὶ
3210 5319 3481 5388 γεγονότα
3513 5316 3790 5386 δομέστι·

2188 5438 2284 5474 κον
2304 5419 2414 5472 τῶν
2446 5419 2650 5490 σχολῶν
2690 5419 2947 5488 Ἰωάννην
2971 5417 3060 5470 τὸν
3084 5413 3384 5484 λεγόμενον
3418 5407 3804 5482 Κουρκοὺαν·

2189 5511 2363 5582 ἄνδρα
2397 5511 2616 5564 συνετὸν
2643 5511 2738 5564 καὶ
2776 5509 3032 5562 εὔϐουλον
3062 5506 3157 5560 καὶ
3179 5507 3602 5576 πεπειραμένον
3660 5497 3820 5571 πρὸς

2191 5605 2261 5656 τὰ
2299 5603 2554 5656 πολιτικὰ
2579 5602 2932 5674 διοικήματα,
2971 5599 3056 5672 [Ρ.
3093 5597 3224 5669 276]
3263 5599 3360 5650 καὶ
3388 5597 3642 5668 Κοαμνᾱν
3701 5588 3837 5660 μὰ⁶

2185 5713 2410 5767 γιστρον
2438 5693 2600 5764 σοφὸν
2628 5697 2722 5748 καὶ
2752 5693 3036 5766 νομομαθῆ
3067 5692 3162 5744 καὶ
3188 5691 3297 5742 τῶν
3324 5691 3647 5743 πολιτικῶν
3680 5696 3857 5757 κρυ

2184 5789 2396 5862 τηρίων
2437 5788 2738 5858 πρώτιστον
2762 5805 2774 5818 '
2801 5787 2894 5840 καὶ
2930 5787 3008 5849 είς
3044 5785 3138 5836 τὸν
3190 5781 3432 5853 ποταμὸν
3460 5782 3558 5836 τὸν
3593 5776 3886 5851 Λάριῦ“’
