3962 6204
479 328 584 395 £63

1596 318 2102 387 THEOPHANES
2139 321 2690 391 CONTINUATUS.

3629 328 3725 394 ιθι

482 458 673 501 nactus
709 444 825 515 pari
866 458 1048 497 secum
1084 455 1294 496 morum
1328 442 1610 493 honestate
1649 451 1926 503 ornatum,
1963 439 2057 494 Jo-

2167 444 2545 512 πραιπόσιτον,
2587 444 2682 497 κα)⁸
2731 441 2868 514 πρὸς
2926 444 3021 507 ca,-
3063 443 3348 508 πολιτικὰς
3396 444 3726 516 λειτουργίας

479 537 707 607 sepltum
756 532 1042 601 patricium
1083 541 1136 585 et
1177 530 1552 599 prwpositum,
1589 530 1830 583 civilium
1869 532 2055 601 utique

480 640 666 679 rerum
696 619 1170 676 administratione
1198 618 1455 673 solertem
1492 632 1554 671 ac
1583 618 1804 672 volucre
1826 620 2057 675 celerio-

483 731 617 781 rem,
650 712 995 769 sacellarium
1023 710 1251 781 praeﬁcit
1289 716 1516 780 tumque
1545 709 1619 763 rei
1652 712 1861 765 navalis
1885 711 2058 766 drun-

480 808 716 879 garium,
754 818 1020 873 suamque
1051 817 1272 859 omnem
1306 802 1359 856 in
1400 817 1522 858 eum
1558 812 1879 871 potestatem
1919 819 2055 858 con-

481 901 627 955 tulit.

550 993 640 1047 13.
689 988 1035 1047 Constantini
1071 1001 1237 1058 porro
1286 984 1794 1057 Porphyrogeuneti
1840 987 2054 1043 honesti

480 1085 722 1156 rectique
767 1084 1008 1141 studium
1049 1097 1248 1152 resque
1286 1081 1549 1151 praeclare
1596 1091 1814 1151 gestas,
1860 1093 2056 1137 cuncta

477 1177 714 1248 denique
744 1176 970 1232 meliore
1007 1183 1150 1230 statu
1182 1173 1478 1242 composita
1510 1185 1575 1226 ac
1604 1173 1878 1240 restituta,
1913 1183 1969 1229 et
2000 1181 2059 1230 ut

478 1270 567 1339 pie
595 1270 853 1339 justeque
888 1268 1230 1323 subditorum
1274 1264 1432 1319 saluti
1469 1266 1835 1335 prospexerit,
1870 1282 2058 1322 narra-

478 1361 628 1415 tione
677 1368 1071 1430 prosecuturus
1097 1398 1111 1422 ,
1162 1370 1286 1410 cum
1320 1368 1418 1424 pro
1447 1353 1545 1407 viri
1583 1354 1848 1424 dignitate
1882 1357 2058 1427 impar

478 1449 691 1504 muneri
720 1449 1000 1512 exsistam,
1032 1447 1252 1501 laudare
1270 1444 1751 1502 verituslibcntius
1777 1448 2053 1504 silentium

478 1543 798 1615 amplectar.
838 1543 917 1597 Ex
969 1540 1152 1596 multis
1190 1548 1369 1594 tamen
1420 1537 1599 1609 aliqua
1641 1541 1877 1607 sparsim
1927 1542 2059 1597 deli-

478 1632 656 1687 banda
687 1641 837 1687 sunt.

548 1727 635 1780 Η.
660 1724 797 1780 Cum
824 1725 1007 1795 itaque
1027 1727 1207 1782 omnia
1228 1744 1367 1798 pene
1392 1727 1716 1785 labefactata
1743 1725 2057 1796 uulliusque

477 1813 651 1886 fmgis
690 1814 885 1870 eliceta
917 1825 1081 1885 atque
1112 1818 1353 1887 neglecta
1397 1817 1713 1874 oli‘eudisset
1738 1855 1757 1884 ,
1798 1815 2057 1885 virosque

477 1907 679 1961 virtute
719 1905 988 1976 fulgentes
1018 1906 1112 1961 vili
1146 1916 1296 1963 sorte
1340 1909 1528 1963 haberi
1560 1918 1723 1979 atque
1757 1907 2055 1973 contemni,

476 2006 736 2067 tanquam
765 1998 822 2051 in
858 1995 1031 2052 Deum
1059 1997 1349 2069 religiosus
1379 1999 1704 2069 honestique
1732 2000 1879 2051 cultu
1913 2006 2055 2050 stre-

477 2104 642 2154 nuus,
675 2089 887 2158 ignavis
926 2088 1291 2160 muliebrique
1320 2090 1504 2144 animo
1534 2090 1663 2145 viris
1687 2090 1922 2144 audaces
1949 2087 2057 2142 l'or-

477 2182 632 2251 tique
656 2180 839 2234 animo
866 2195 930 2235 ac
966 2180 1163 2235 mbore
1198 2181 1454 2251 praeditos
1495 2190 1857 2253 anteponens,
1894 2190 2059 2251 atque

475 2275 587 2331 illis
639 2272 812 2329 Barda
853 2273 1033 2329 Phoca
1075 2274 1305 2343 patricio
1358 2275 1662 2331 domestico
1720 2275 2009 2345 praposito
2036 2316 2050 2339 ,

475 2362 641 2436 446
671 2364 901 2434 imperio
944 2363 1195 2419 Romano
1240 2374 1431 2421 auctor
1469 2367 1710 2421 victoriae
1754 2366 1875 2421 fuit.
1920 2367 2055 2420 Cum

477 2462 657 2509 autem
677 2454 729 2508 in
756 2452 1002 2508 Romana
1033 2453 1308 2524 republica
1338 2456 1521 2524 plures
1548 2456 1786 2510 honestae
1809 2469 1872 2508 ac
1899 2454 2057 2509 laude

477 2546 657 2616 digna:
699 2544 1002 2615 disciplinae
1058 2546 1327 2615 vigerent,
1381 2555 1638 2616 artesque
1692 2547 1945 2603 liberales
1993 2562 2057 2603 ac

479 2635 724 2693 scientia:
751 2637 805 2689 in
836 2650 899 2690 ea
941 2643 1244 2698 exstarent.
1278 2650 1341 2689 ac
1372 2635 1500 2706 (qua
1546 2652 1613 2692 ex
1636 2651 1811 2691 causa
1848 2637 2055 2707 nescio)

478 2728 584 2785 illae
626 2728 884 2799 neglect:
926 2736 1112 2782 essent
1158 2728 1297 2781 etin
1341 2738 1714 2798 centemptum
1746 2730 2053 2795 venissent,

479 2818 740 2887 quidnam
771 2832 922 2872 mens
953 2817 1044 2870 illa
1076 2816 1470 2885 pbilosophicis
1503 2819 1808 2874 rationibus
1843 2834 2056 2873 summe

477 2910 695 2966 exculta
724 2906 1162 2963 comminiscitur
1189 2907 1212 2959 2
1238 2906 1375 2962 Cum
1408 2909 1555 2962 enim
1583 2921 1707 2962 eum
1734 2924 1843 2963 non
1868 2908 2059 2963 lateret

480 3003 621 3058 inire
646 3014 749 3057 nos
776 2999 1007 3055 actionis
1035 3000 1185 3055 cultu
1210 3007 1265 3055 et
1286 2999 1763 3071 contemplationis
1788 3013 1911 3055 cum
1948 3000 2057 3055 Deo

2159 539 2426 608 ἐχέφρονα
2455 541 2550 592 καὶ⁴
2586 540 2790 607 πτηνοῦ
2824 539 3141 610 ταχύτερον,
3190 538 3542 611 σακελλάριον
3603 558 3726 611 προ-

2160 631 2477 701 χειρίζεται,
2510 630 2702 684 ἔπειτα
2726 631 3087 701 δρουγγάριον
3118 631 3388 699 πλωϊμου,
3435 633 3530 685 καὶ
3559 636 3726 687 πᾶσαν

2159 722 2258 791 τὴν
2288 722 2540 787 ἐξουσίαν
2571 721 2736 775 αὑτοῦ
2768 723 2905 794 πρὸς
2938 723 3103 776 αὑτὸν
3136 722 3505 776 ἀνατέθεικεν.

2230 990 2321 1061 ιγ’.
2359 990 2473 1064 Τὴν
2490 992 2547 1046 δὲ
2587 989 2682 1045 τοῦ
2738 989 3257 1061 Πορφυρογεννήτου
3327 987 3724 1041 Κωνσταντίνοσι

2159 1085 2476 1156 φιλοκαλίαν
2543 1084 2638 1138 καὶ
2701 1082 3052 1153 καλλιεργίαν
3088 1082 3183 1135 καὶ
3228 1079 3327 1149 τὴν
3378 1080 3514 1150 πρὸς
3563 1079 3727 1132 πάντα

2155 1176 2444 1250 διόρθωσιν
2499 1176 2596 1231 καὶ
2651 1170 2933 1246 βελτίωσιν
2986 1173 3195 1245 μέλλων
3246 1170 3576 1241 διηγεῖσθαι,
3643 1170 3731 1225 καὶ

2157 1272 2304 1335 ὅπως
2340 1271 2581 1334 εὐσεϐῶς
2598 1270 2693 1324 καὶ
2723 1270 2947 1331 δικαίως
2972 1260 3034 1321 τὸ
3088 1267 3329 1336 ὑπήκοον
3377 1264 3728 1333 περιέσωσεν,

2157 1364 2254 1419 καὶ
2278 1364 2339 1417 τὸ
2379 1354 2499 1418 καθ’
2526 1363 2683 1427 ἀξίαν
2710 1360 2804 1416 τοῦ
2829 1359 3020 1430 ἀνδρὸς
3054 1357 3128 1429 μὴ
3160 1355 3430 1427 εὐπορῶν,
3458 1356 3730 1409 ἐπαινέσαι

2158 1450 2431 1520 δεδοικὼς,
2466 1455 2689 1523 σιγῆσαι
2717 1452 2918 1523 μᾶλλον
2952 1450 3103 1516 ἀξιον
3137 1465 3150 1479 ·
3200 1446 3339 1519 πλὴν
3367 1443 3460 1501 οὖν
3509 1447 3574 1499 ὲκ
3634 1446 3732 1499 τῶν

2160 1549 2370 1604 πολλῶν
2406 1546 2682 1619 σποράδην
2712 1546 2861 1611 ἄξιον
2890 1538 3085 1600 είπεῖν.

2236 1727 2317 1782 ιδ’.
2352 1720 2519 1792 Οὗτος
2547 1727 2725 1781 πάντα
2754 1716 2999 1795 ὲφευρὼν
3033 1726 3114 1788 είς
3137 1724 3465 1795 ἀχρειότητα
3497 1719 3592 1776 καὶ
3608 1722 3730 1793 ἀμέ-

2087 1794 2131 1855 B
2160 1819 2310 1873 λειαν
2330 1816 2398 1884 ⁸⁵,
2456 1820 2551 1871 καὶ
2596 1819 2705 1872 τῶν
2771 1794 3046 1888 ἐναρέτων
3098 1794 3309 1886 ἀνδρῶν
3337 1794 3731 1885 χυδαιωθέντων

2160 1913 2256 1967 καὶ
2294 1910 2839 1983 καταφρονηθέντων,
2884 1910 2960 1971 ὡς
3010 1908 3258 1977 φιλόθεος
3306 1908 3400 1959 καὶ
3453 1896 3732 1974 φιλόκαλος

2163 2005 2489 2077 προέκρινεν
2513 2004 2622 2056 τῶν
2651 2002 2842 2055 δειλῶν
2865 2001 2959 2053 καὶ
2990 2000 3269 2070 ἀνάνδρων
3299 1999 3425 2062 τοὺς
3446 1998 3733 2067 εὐτόλμως

2160 2098 2255 2150 καὶ
2285 2095 2586 2168 ἀνδρείους,
2639 2094 2733 2146 καὶ
2769 2091 2990 2153 τούτους
3017 2088 3095 2159 τῷ
3135 2089 3420 2159 μαγίστρῳ
3449 2086 3545 2140 καὶ
3586 2086 3736 2155 δομι-

2161 2189 2332 2258 στίκῳ
2359 2187 2471 2240 τῶν
2500 2185 2706 2255 σχολῶν
2739 2176 2920 2253 Βάρδᾳ
2947 2182 3024 2251 τῷ
3060 2182 3223 2252 Φωκᾷ
3253 2178 3529 2249 παραδοὺς
3590 2176 3737 2245 νίκην

2158 2282 2225 2349 τῇ
2265 2279 2545 2348 Ῥωμαϊκῇ
2576 2277 2716 2347 ἀρχῇ
2771 2270 3157 2346 προεξένησεν.
3197 2270 3413 2324 Πολλῶν
3457 2268 3511 2322 δὲ
3578 2269 3634 2321 ἐν
3674 2268 3735 2335 τῇ

2160 2369 2406 2439 πολιτεία
2435 2367 2595 2439 ἡμῶν
2620 2367 2799 2421 καλῶν
2836 2366 2931 2419 καὶ
2959 2364 3352 2428 ἀξιεπαινέτων
3381 2358 3611 2428 γνώσεις
3652 2357 3740 2410 καὶ

2159 2461 2376 2530 λογικαὶ
2405 2461 2595 2531 τέχναι
2635 2462 2729 2514 καὶ
2762 2460 3083 2528 ἐπιστῆμαι,
3115 2455 3318 2508 τούτων
3351 2452 3450 2506 οὐκ
3476 2447 3574 2504 οἷδ’
3601 2450 3739 2510 ὅπως

2159 2550 2545 2622 ἀμεληθέντων
2597 2552 2689 2604 καὶ
2735 2550 3155 2622 παροραθέντων
3200 2543 3251 2597 τί
3283 2544 3562 2611 σοφίζεται
3600 2542 3739 2608 ὀφι-

2158 2641 2538 2708 λοσοφώτατος
2591 2642 2797 2701 ἐκεῖνος
2854 2638 3026 2701 νοῦςς
3097 2636 3253 2689 Ἐπεὶ
3310 2635 3418 2701 γὰρ
3473 2631 3743 2701 ἡπίστατο

2160 2736 2361 2806 πρᾶξιν
2393 2736 2488 2787 καὶ
2528 2732 2764 2803 θεωρίαν
2787 2730 2922 2801 πρὸς
2954 2729 3090 2781 Θεὸν
3114 2726 3199 2800 [Ρ.
3236 2724 3368 2796 278]
3398 2726 3549 2796 ἡμᾶς
3578 2724 3743 2776 οίκει-

2157 2823 2345 2892 οὓντα,
2371 2825 2465 2879 καὶ
2489 2823 2587 2895 τὴν
2622 2824 2723 2894 μὲν
2748 2822 2950 2892 πρᾶξιν
2998 2818 3298 2882 πολιτικοῖς
3324 2816 3739 2887 προσαρμόζου-

2162 2936 2261 2974 σαν
2294 2917 2635 2988 πράγμασιν,
2667 2916 2769 2985 τὴν
2802 2914 3037 2985 θεωρίαν
3070 2912 3126 2965 δὲ
3172 2913 3284 2974 τοῖς
3334 2909 3592 2978 λογικοῖς,
3646 2906 3740 2959 ἀλ-

2160 3012 2347 3083 λήλοις
2376 3004 2444 3063 δι’
2478 3002 2806 3081 ἀμφοτέρων
2836 3006 3038 3077 βοηθεῖ,
3068 3004 3128 3057 τὸ
3179 3003 3280 3074 μὲν
3319 3001 3623 3073 πρακτικὸν
3652 2999 3738 3053 διὰ

481 3091 960 3156 necessitudinem,
991 3106 1055 3146 ac
1077 3091 1297 3162 quidem
1316 3092 1585 3147 actionem
1614 3092 1864 3148 civilibus
1891 3092 2056 3147 rebus

2169 3103 2465 3175 ῥητορικῆς
2492 3101 2689 3172 τέχνης
2748 3098 3037 3151 ἀσκεῖσθαι
3078 3091 3537 3166 παρασκευάζων,
3590 3092 3648 3143 τὸ
3686 3090 3741 3142 δὲ

479 3185 737 3257 gerendis
787 3199 1114 3255 congruere,
1145 3184 1661 3255 contemplationem
1703 3200 1830 3239 vero
1862 3185 1931 3239 iis
1966 3186 2061 3256 qui

479 3282 690 3333 ratione
712 3284 969 3345 regantur
987 3275 1290 3346 appositam
1322 3290 1466 3341 esse,
1496 3276 1721 3330 alteram
1742 3274 1897 3329 alteri
1928 3291 2062 3345 sup-

478 3370 650 3441 petias
705 3367 820 3422 fore
863 3367 1099 3432 statuit;
1143 3381 1239 3421 eos
1282 3365 1377 3435 qui
1425 3379 1649 3435 Operam
1709 3366 1787 3421 rei
1832 3365 2063 3435 publica:

480 3470 703 3527 navent,
741 3459 1009 3512 rhetorica
1042 3466 1157 3511 arte
1182 3455 1359 3511 excoli
1393 3470 1617 3520 curans,
1650 3458 1744 3526 qui
1777 3471 1907 3511 vero
1942 3465 2062 3511 stu-

479 3552 645 3606 deant
693 3547 1173 3617 contemplationi,
1218 3547 1505 3616 praeceptis
1555 3547 1953 3616 philosophicis
1998 3561 2062 3600 ac

480 3640 717 3695 naturali
780 3653 963 3693 rerum
1020 3638 1483 3693 consideratione.
1545 3636 1717 3693 Porro
1771 3639 2059 3709 magistros

480 3732 972 3803 przestantissimos
1014 3731 1209 3801 delegit
1243 3748 1256 3798 ;
1296 3747 1361 3787 ex
1403 3731 1603 3801 quibus
1640 3730 2060 3787 Constantinum

480 3825 979 3897 protospatharium
1032 3823 1245 3895 mystici
1299 3832 1414 3878 tum
1470 3837 1697 3877 munere
1748 3823 2059 3891 [erigentem

480 3914 929 3986 philosophorum
951 3914 1078 3967 ludo
1098 3912 1360 3983 praal'ccit,
1392 3913 1675 3967 rhetorum
1694 3912 2061 3968 Alexandrum

480 4005 674 4059 Nicaeae
730 4006 1150 4073 metmpolitam,
1194 4005 1509 4075 geometria:
1548 4002 1917 4074 Nicephorum
1965 4020 2063 4075 pa-

482 4100 699 4155 tricium
718 4097 1001 4169 Theophili
1018 4097 1255 4168 praefecti
1272 4096 1474 4151 Erotici
1507 4113 1788 4168 generum,
1817 4107 2066 4154 astrono-

478 4192 605 4246 mia:
639 4191 959 4260 Gregorium
997 4207 1026 4245 a
1072 4189 1318 4245 secretis.
1355 4189 1578 4243 Multam
1618 4198 1798 4245 autem
1830 4190 2065 4260 impera-

477 4297 570 4343 tor
592 4284 875 4355 dist-ipulis
902 4283 1234 4351 diligentiam
1260 4296 1557 4349 curamque
1581 4281 1893 4347 adhibebat,
1924 4298 2062 4353 quos

476 4383 725 4454 quotidie
761 4378 1178 4434 contubernales
1213 4390 1527 4445 mensasque
1568 4376 1749 4431 socios
1778 4376 2063 4435 adhiberet

2168 3195 2501 3268 θεωρητικὸν
2539 3192 2629 3247 διά
2660 3189 2981 3261 φιλοσοφίας
3012 3188 3106 3243 καὶ
3134 3186 3368 3257 φυσικῆς
3420 3185 3527 3237 τῶν
3581 3185 3745 3238 ὅντων

2164 3287 2529 3357 διαγνώσεως.
2567 3284 2870 3347 Παιδευτάς
2916 3279 2972 3335 δὲ
3025 3282 3283 3353 ἀρίστους
3340 3283 3740 3349 προκέκρικεν·

2164 3382 2245 3443 είς
2286 3376 2693 3433 Κωνσταντῖνον
2741 3372 3233 3446 πρωτοσπαθάριον
3300 3370 3394 3424 τὸν
3450 3367 3745 3439 τηνικαῦτα

2168 3471 2428 3542 μυστικὸν
2452 3470 2513 3523 τὸ
2543 3470 2649 3523 τῶν
2682 3464 2984 3538 φιλοσόφων
3034 3460 3430 3535 παιδοτριϐεῖον
3490 3461 3742 3523 δέδωκεν,

2165 3567 2243 3626 είς
2275 3563 2336 3616 δὲ
2377 3562 2436 3616 τδ
2476 3560 2584 3615 τῶν
2627 3561 2875 3631 ρητόρων
2933 3558 3287 3627 Ἀλέξανδρον
3338 3552 3745 3624 μητροπολίτην

2163 3650 2425 3717 Νικαίας,
2458 3652 2537 3716 είς
2569 3652 2623 3705 δὲ
2653 3651 2713 3703 τὸ
2737 3651 2838 3721 τῆς
2898 3650 3242 3719 γεωμετρίας
3291 3647 3607 3719 Νικηφόρον
3640 3662 3748 3698 πα·

2164 3746 2374 3817 τρίκιον
2403 3738 2493 3798 τδν
2514 3741 2763 3815 γαμϐρὸν
2793 3742 3053 3811 Θεοφίλου
3096 3741 3338 3811 ἐπάρχου
3390 3738 3486 3792 τοῦ
3522 3740 3746 3808 Ἐρωτι-

2164 3838 2285 3904 κοῦ,
2315 3839 2395 3902 είς
2424 3836 2479 3889 δὲ
2504 3836 2565 3889 τὸ
2594 3835 2702 3889 τῶν
2752 3832 3111 3902 ἀστρονόμων
3158 3830 3463 3900 Γρηγόριον
3496 3828 3741 3900 ἀσηκρῆ-

2164 3949 2271 3986 τιν.
2325 3929 2435 3983 Καὶ
2474 3924 2675 3998 πολλὴν
2729 3924 3049 3995 ἐπιμέλειαν
3094 3924 3187 3977 κα)⁸
3237 3921 3475 3993 σπουδὴν
3505 3923 3587 3984 είς
3623 3922 3742 3981 τοὺς

2165 4021 2428 4093 φοιτητὰς
2458 4022 2486 4073 ὁ
2544 4018 2899 4089 αὐτοκράτωρ
2950 4016 3205 4079 irrorato,
3264 4012 3609 4083 όμοδιαίτους
3652 4009 3743 4063 καὶ

2165 4113 2579 4187 ὁμοτραπέζους
2602 4109 2826 4171 τούτους
2862 4108 2984 4161 καθ’
3024 4106 3263 4176 ἑκάστην
3293 4105 3471 4157 ποιῶν
3515 4104 3611 4157 καὶ
3646 4102 3743 4170 ἀρ-

2166 4207 2333 4277 γύρια
2361 4204 2617 4276 παρέχων
2641 4202 2735 4255 καὶ
2782 4200 3003 4271 ὁμιλίας
3056 4200 3172 4270 μετ’
3206 4198 3391 4251 αὐτῶν
3459 4195 3737 4265 προσηνεῖς

2167 4298 2512 4368 ποιούμενος.
2534 4294 2644 4348 Καὶ
2673 4294 2735 4347 οὗ
2762 4293 2929 4355 πολὺς
2953 4291 3145 4363 χρόνος
3173 4287 3418 4356 διελθὼν,
3451 4288 3550 4352 τὰς
3578 4282 3729 4358 μεγά-

2166 4390 2264 4454 λας
2294 4388 2606 4459 ἐπιστήμας
2633 4384 2731 4438 καὶ
2779 4369 2978 4454 τέάνας
3028 4384 3093 4453 τῇ
3126 4382 3336 4453 θωπείᾳ
3394 4381 3493 4433 καὶ
3536 4377 3726 4431 συνέσει

479 4472 838 4543 pecuniisquc
859 4473 1226 4523 demereretur
1240 4482 1303 4521 ac
1318 4466 1530 4523 blandis
1555 4467 1845 4537 colloquiis
1872 4470 2058 4525 delini-

2168 4481 2263 4535 τοῦ
2315 4476 2721 4549 αὐτοκράτορος
2776 4475 3233 4546 κατωρθὼσαντο,
3281 4473 3376 4528 καὶ
3408 4471 3601 4542 κριτὰς
3646 4467 3726 4519 καὶ

484 4575 585 4619 ret.
614 4564 726 4617 Nec
754 4564 910 4631 longe
942 4570 1153 4631 tempus
1183 4560 1467 4630 processit,
1492 4575 1617 4615 cum
1652 4560 1718 4617 iis
1736 4561 2060 4618 delinimen-

484 4656 553 4711 tis
610 4669 778 4724 eaque
840 4654 1071 4708 foventis
1123 4652 1469 4721 imperatoris
1522 4650 1813 4721 prudentia
1859 4652 2059 4712 adultis

484 4749 719 4821 ingeniis
764 4761 988 4818 magnas
1024 4746 1099 4800 illi
1138 4744 1399 4801 scientias
1430 4752 1685 4813 artesque
1720 4746 1879 4817 plene
1912 4747 2057 4803 didi-

2166 4572 2518 4643 ἀντιγραφεῖς
2547 4567 2640 4622 καὶ
2669 4565 3075 4638 μητροπολίτας-
3090 4566 3146 4629 ῖιξ
3176 4563 3355 4617 αὐτῶν
3391 4562 3727 4630 ἐκλεξάμενος

2165 4664 2486 4733 τετίμηκεν,
2544 4660 2639 4712 καὶ
2688 4657 2789 4728 τὴν
2848 4655 3125 4709 πολιτείαν
3163 4653 3453 4725 Ῥωμαίων
3494 4657 3561 4725 τῇ
3589 4648 3727 4717 σοφία

2165 4750 2581 4821 κατεκόσμησεν
2619 4747 2715 4801 καὶ
2740 4745 3182 4799 κατεπλούτισεν.

485 4858 721 4914 cerunt;
754 4862 817 4901 ex
843 4860 1073 4917 quorum
1114 4859 1279 4900 censu
1314 4844 1554 4902 delectos
1585 4847 1885 4925 imperator
1915 4847 2163 4917 judieum
2204 4866 2268 4906 ac
2330 4857 2649 4904 senatorum
2718 4844 3252 4910 secretariorumque
3308 4851 3363 4895 et
3434 4834 3732 4907 metropoiié

481 4954 658 4999 tarum
676 4941 883 4993 honore
899 4936 1229 5003 sublimavit,
1246 4934 1653 5009 Romanamque
1671 4938 2056 5007 rempublicam
2096 4943 2363 5013 sapientia
2382 4938 2667 4995 exornavit
2687 4944 2850 5007 atque
2884 4936 3092 4990 ditavit.

551 5034 713 5108 447
762 5032 845 5087 15.
890 5032 993 5085 Sed
1012 5038 1066 5085 et
1088 5029 1413 5100 Augustales
1446 5042 1625 5088 vestes
1662 5046 1783 5101 quae
1800 5031 2062 5102 longioris

485 5128 747 5197 temporis
792 5140 891 5180 usu
926 5123 1136 5178 detrita:
1167 5128 1343 5186 erant,
1384 5136 1657 5191 exesaque
1683 5131 1970 5178 stemmata
1998 5137 2061 5178 ac

485 5219 789 5272 diademata
843 5232 978 5272 nova
1021 5214 1367 5270 instauravit.
1419 5211 1780 5269 Bucoleonem
1826 5214 2059 5282 statuis,

487 5311 651 5365 variis
683 5327 749 5364 ex
782 5311 918 5365 locis
958 5306 1256 5369 convectis,
1299 5305 1589 5376 magniﬁce
1624 5307 1860 5373 ornavit,
1896 5308 2060 5377 inque

486 5416 552 5453 eo
587 5402 846 5470 piscinam
877 5400 1205 5457 construxit.
1239 5397 1497 5468 Captivos
1525 5414 1649 5452 cum
1677 5400 1917 5453 urbanos
1942 5410 2056 5453 tum

491 5494 846 5561 provinciales
877 5511 1097 5550 carcere
1126 5494 1372 5547 detentus
1408 5492 1695 5561 diligenter
1732 5492 2059 5564 pervestiga-

490 5586 577 5636 iiat
640 5597 700 5635 ac
771 5586 1035 5639 iuvisebat
1084 5600 1259 5654 exque
1314 5585 1541 5639 vinculis
1594 5584 1928 5646 aiisolvehat,
1977 5584 2057 5637 sic

2243 5041 2324 5089 ιε’.
2342 5032 2503 5086 Ἀλλά
2526 5032 2622 5086 καὶ
2654 5031 2751 5093 τὰς
2779 5029 3065 5099 βασιλικὰς
3091 5026 3284 5091 στολάς
3314 5022 3410 5080 καὶ
3433 5027 3499 5081 τά
3516 5022 3737 5079 ἔκπαλαι

2172 5128 2462 5197 στέμματα
2493 5127 2588 5179 καὶ¹
2626 5125 2939 5195 διαδήματα
2979 5122 3256 5193 φθαρέντα
3302 5122 3381 5183 είς
3411 5118 3743 5173 ἀνακαίνισιν

2168 5220 2536 5291 διωρθώσατο,
2572 5219 2668 5273 καὶ
2700 5219 2790 5270 τὸν
2829 5217 3194 5271 Βουκολέοντα
3224 5214 3460 5285 ζῳδίοις,
3520 5213 3586 5266 ὲκ
3636 5210 3745 5260 διὰ·

2168 5312 2350 5383 φόρων
2379 5311 2560 5365 τόπων
2586 5310 2832 5379 ἀγαγὼν,
2869 5306 3266 5371 ὲκαλλώπισεν,
3298 5306 3525 5359 κάκεῖσε
3578 5300 3747 5372 ἰχθυο-

2165 5405 2414 5472 τροφεῖον
2446 5402 2724 5471 ἐποίησεν.
2758 5399 2921 5454 ’Λλλά
2959 5401 3051 5452 καὶ
3072 5398 3182 5451 τῶν
3204 5399 3260 5449 ὲν
3289 5400 3355 5468 τῇ
3385 5396 3607 5466 φυλακῇ
3648 5386 3751 5441 τῶν

2162 5488 2219 5538 ἐν
2256 5490 2321 5557 τῇ
2358 5488 2510 5540 πόλει
2540 5487 2769 5540 καὶτῶν
2811 5486 3007 5551 ἔξωθεν
3054 5486 3306 5555 θεμάτων
3364 5479 3775 5553 κατεχομένων

2162 5580 2399 5649 δεσμίων
2423 5580 2692 5652 ἠρεύνησε
2730 5581 2822 5634 καὶ
2858 5580 3200 5651 ἐπεσκέψατο
3235 5580 3330 5633 καὶ
3370 5580 3480 5633 τῶν
3521 5569 3760 5640 ’δεσμῶΙ

1757 5675 1793 5728 ν
1814 5674 1992 5727 Hii/l7.
2034 5672 2440 5729 LECTIUNES.

553 5769 599 5801 ³⁵
623 5766 774 5821 deest
807 5781 905 5818 vos
938 5768 1226 5819 νενευκότα
1260 5777 1348 5820 aut
1381 5768 1760 5823 καταπεσόντα
1808 5767 2051 5821 (ζημιοῖ.
