3962 6204
310 254 389 322 165

994 272 1138 333 LIB.
1166 274 1262 336 \‘I-
1295 301 1363 311 —
1403 276 1978 347 CONSTANTINUS
2017 283 2780 347 PORPHYROGENITUS.

3437 285 3545 351 466

304 374 643 446 ἑλυτρώσατο,
690 379 767 442 ὡς
826 379 1035 447 πάντας
1088 388 1332 457 σωτήρια
1384 392 1741 466 ἐπευφημοῦν
1774 394 1865 446 τὸν

1981 396 2228 453 nimirum
2282 407 2339 455 ut
2386 413 2577 455 onmes
2622 399 2829 467 optimo
2880 398 3191 471 Christique
3244 401 3547 461 inuitatione

303 466 481 533 ἀγαθὸν
537 470 632 522 καὶ
676 473 1107 545 χριστομίμητον
1160 478 1370 535 ἄνακτα
1425 483 1854 540 Κωνσταντϊνον.

302 556 472 627 Τὴνδὲ
505 558 710 630 ἀρετὴν
740 562 833 615 καὶ
860 562 959 633 τὴν
993 566 1196 634 γνῶσιν
1248 568 1423 634 οὕτως
1485 574 1746 643 ἐτίμησεν
1782 575 1858 639 ὡς

302 644 437 709 ἄλλος
459 645 636 710 οὐδεὶς
668 649 779 703 τῶν
805 649 1275 721 βεδασιλευκότων
1311 672 1327 688 ·
1378 657 1472 711 καὶ
1504 659 1687 713 ὅντινα
1720 658 1859 728 γνῶ-

303 747 376 792 σιν
406 736 596 808 ἔχοντα
622 740 719 794 καὶ
766 745 904 814 πρὸς
940 746 1068 811 τοὺς
1086 748 1288 817 νόμους
1318 751 1482 819 φύσιν
1515 754 1611 807 καὶ
1666 754 1859 824 ἐπιτη-

299 831 531 902 δειότητα
562 833 816 905 εὑρηκὼς
843 833 933 909 ἧν,
964 841 1397 910 πρωνεὸίϐασεν
1422 845 1515 898 καὶ
1539 848 1620 909 είς
1658 847 1861 918 ὑψηλό-

301 939 439 994 τερον
467 924 658 996 θρόνον
696 928 1163 1003 ἀποκατέστησεν.
1191 936 1304 989 Καὶ
1328 931 1396 1007 ἧν
1439 938 1567 991 ἰδεῖν
1591 940 1860 993 δικαιοδο-

304 1016 409 1070 σίαν
437 1017 533 1071 καὶ
562 1019 823 1089 εὐνομίαν
852 1024 910 1076 ἐν
944 1024 1132 1091 πᾶσιν,
1155 1026 1230 1090 ὡς
1265 1027 1358 1081 τοῦ
1411 1032 1863 1103 Πορφυρογεννή-

302 1123 399 1171 του,
416 1107 623 1179 ταύτην
646 1112 1068 1183 φιλοσοφοῦντος
1085 1118 1181 1171 καὶ
1208 1104 1723 1197 κατασπαζομένου.
1758 1126 1866 1187 Καὶ

302 1196 446 1260 νόμον
487 1202 516 1254 δ
552 1202 909 1277 αὐτοκράτωρ
934 1208 1149 1274 ἐξέθετο
1173 1227 1187 1240 ·
1224 1212 1348 1266 ίδὼν
1368 1213 1476 1285 γὰρ
1506 1196 1642 1275 πολὺ
1673 1217 1867 1278 πλεον-

300 1288 503 1342 εκτικὸν
556 1294 707 1364 παρά
742 1295 850 1350 τῶν
876 1299 1187 1370 ἀκορέστων
1212 1303 1445 1372 ἐκχυθὲν
1493 1307 1588 1360 καλ⁹
1650 1309 1757 1361 τῶν
1812 1311 1868 1364 ὲν

302 1382 442 1452 μέσῳ
466 1384 573 1437 τῶν
599 1387 879 1459 ἐπαρχιῶν
924 1392 1019 1446 καὶ
1058 1393 1143 1466 [Ρ.
1176 1395 1305 1468 279]
1357 1398 1570 1468 χωρίων
1621 1401 1871 1465 ὑπεισελ-

299 1472 488 1527 θόντων
544 1476 821 1548 ἀρχόντων
866 1484 963 1549 καὶ
1018 1486 1143 1549 τοὺς
1205 1487 1583 1562 ταλαιπώρους
1633 1493 1872 1564 πένητας

300 1565 887 1641 καταδυναστευόντων,
920 1576 1013 1630 καὶ
1042 1578 1167 1633 καθ’
1195 1581 1455 1651 ἁρπαγὴν
1496 1583 1603 1637 τῶν
1631 1585 1872 1640 δυνατῶν

296 1657 586 1729 προάστεια
616 1670 1124 1747 προσκτησαμὲνων
1151 1669 1239 1724 διά
1289 1672 1544 1745 ποικίλης
1584 1676 1687 1745 τῆς
1739 1677 1872 1747 μεθ-

295 1747 408 1801 όδου
436 1749 635 1817 αἰτίας,
652 1742 890 1823 ἔγνωκεν
923 1761 1255 1832 ποιήσασθαι
1282 1764 1382 1836 τὴν
1409 1742 1614 1823 τούτων
1642 1742 1874 1841 ἀφαίρε-

298 1854 394 1890 σιν.
438 1839 506 1892 Τί
534 1845 725 1907 ποιεῐό
756 1846 918 1916 σοφὸς
949 1850 1007 1901 ὲν
1031 1852 1197 1905 πᾶσιν
1226 1871 1241 1921 ;
1299 1855 1633 1927 Συναγαγὼν
1662 1863 1727 1931 τῇ

295 1932 447 2028 χεῖρα
468 1930 788 2013 βουλευτικῇ
812 1943 1047 2009 ποιεῖται
1074 1945 1302 2018 μεθόδῳ,
1323 1950 1449 2013 τοὺς
1465 1932 1570 2005 ἀπὸ
1594 1952 1691 2022 τῆς
1707 1956 1873 2028 ἀναῤ-

294 2022 499 2090 ρήσεως
540 2026 702 2092 αὐτοῦ
764 2029 1185 2100 ὐπεισελθόντας
1244 2038 1529 2106 πλουσίους
1554 2045 1647 2097 καὶ
1668 2022 1871 2118 ἐξωνη-

296 2115 559 2185 σαμένους
579 2118 1070 2196 ἢδωρησαμένους
1093 2130 1188 2183 καὶ
1212 2135 1740 2203 κατακρατήσαντας
1780 2115 1871 2191 τό·

296 2221 390 2258 πια
423 2206 459 2277 ἥ
485 2208 692 2279 ἀγροὺς
734 2215 816 2277 είς
877 2217 1058 2293 χωρία
1100 2220 1444 2293 ἀναργύρους
1491 2225 1868 2296 ὲκδιώκεσθαι,

295 2300 387 2396 καὶ
432 2303 631 2396 μικρόν
672 2321 727 2358 τι
781 2306 883 2377 τῆς
931 2308 1114 2383 λώϐης
1152 2314 1255 2368 καὶκ
1282 2316 1381 2388 τῆς
1411 2316 1726 2386 πλεονεξίας
1755 2322 1871 2396 τῶν

291 2390 605 2462 ἀκορέστων
630 2397 1036 2471 ἀπερράπισεν.

365 2667 463 2727 ις’.
496 2663 562 2719 '0
587 2665 645 2719 δὲ
681 2669 936 2744 ἐπιεικὴς
958 2673 1051 2728 καὶ
1082 2675 1313 2749 γαληνὸς
1334 2679 1603 2754 δεσπότης
1637 2685 1755 2740 οὐδὲ
1774 2689 1872 2755 τὰς

284 2752 397 2805 τῶν
420 2758 757 2825 προσιόντων
777 2763 1218 2840 ἀμφισϐητήσεις
1256 2772 1349 2826 καὶ
1370 2752 1733 2846 δικαιολογίας
1779 2752 1873 2836 καί.

288 2845 512 2910 στάσεις
554 2850 880 2924 ἀπέγραφεν
917 2858 1011 2911 τοῦ
1041 2859 1286 2927 δικάζειν
1333 2863 1402 2918 δι’
1462 2845 1679 2934 ἑαυτοῦ,
1738 2871 1872 2927 ἀλλὰ

286 2936 384 2989 καὶ
409 2940 523 3036 τοῖς
546 2939 826 3010 δικασταῖς
844 2948 1183 3017 συνδικάζειν
1213 2955 1313 3010 οὐκ
1340 2957 1685 3015 ἀνεϐάλλετο.
1722 2966 1873 3036 Παρ-

1961 487 2258 541 mitissimo
2280 504 2344 544 ac
2372 489 2629 544 clementi
2662 489 2978 558 imperatori
2999 490 3364 547 €onstantino
3390 510 3547 549 acce-

1966 588 2116 647 ptam
2140 580 2373 634 salutem
2406 579 2701 635 referentes
2724 580 2921 659 faustis
2953 583 3027 638 illi
3060 585 3551 641 acclamationibus

1966 681 2469 738 comprecarentur.
2502 668 2703 725 Virtuti
2741 686 2804 726 ac
2828 672 3068 728 scientia:
3104 673 3364 743 majorem
3388 690 3549 745 supra

1964 756 2286 814 decessores
2338 774 2529 814 omnes
2580 760 2858 832 Augustos
2900 762 3166 817 honorem
3222 764 3433 820 habuit.
3492 764 3549 821 Si

1964 865 2124 919 quem
2156 860 2349 907 nactus
2365 861 2510 908 esset
2536 854 2713 906 virum
2733 854 3007 909 eruditum
3039 856 3333 927 legumque
3361 859 3547 912 scien-

1966 940 2054 996 tia:
2084 958 2147 995 ex
2176 942 2358 997 indole
2388 954 2764 1013 comparatum
2793 961 2856 1000 ac
2877 946 3155 1014 idoneum,
3192 949 3397 1005 honore
3426 967 3556 1019 pro-

1966 1033 2217 1086 movebat
2246 1048 2311 1087 ac
2335 1033 2645 1088 sublimiori
2667 1050 2791 1089 eum
2817 1037 2943 1090 sede
2961 1038 3283 1094 collocabat.
3309 1039 3555 1098 Vidisses

1967 1123 2108 1192 aequi
2140 1122 2387 1193 justique
2432 1124 2701 1179 rationem
2747 1125 2800 1179 in
2841 1127 3097 1182 omnibus
3136 1129 3447 1200 vigentem,
3495 1141 3555 1188 ut

1970 1214 2129 1283 cujus
2173 1215 2322 1270 cultu
2358 1215 2913 1286 Porpbyrogennetus
2960 1218 3443 1288 philosopharetur
3489 1238 3555 1278 ac

1970 1321 2136 1376 quam
2175 1306 2594 1376 amplcxaretur.
2632 1306 2829 1378 Legem
2866 1324 3087 1380 quoque
3116 1312 3287 1366 edidit
3313 1311 3554 1382 impera-

1972 1410 2076 1454 tor.
2110 1399 2310 1455 Videns
2356 1400 2501 1454 enim
2550 1400 2943 1458 insatiabilium
2982 1406 3264 1459 hominum
3310 1408 3555 1476 nequitia

1973 1490 2229 1561 injuriam
2276 1491 2549 1562 alienique
2596 1494 3008 1563 usurpationem
3066 1497 3226 1567 longe
3276 1496 3553 1564 diﬂ‘usam,

1973 1597 2339 1652 proceresque
2371 1583 2425 1637 in
2458 1584 2661 1639 medias
2693 1586 3006 1655 provincias
3030 1590 3337 1659 oppidaque
3362 1600 3415 1646 et
3436 1590 3556 1647 loca

1977 1674 2358 1743 subingressos
2390 1675 2669 1732 luctuosos
2702 1692 2967 1748 pauperes
2999 1681 3323 1750 opprimere,
3352 1683 3556 1753 vilique

1966 1760 2150 1834 pretio
2176 1780 2241 1821 ac
2266 1767 2455 1835 rapina
2480 1768 2647 1824 variis
2680 1770 2887 1824 artibus
2921 1780 3082 1840 atque
3112 1771 3397 1828 fraudibus
3428 1773 3555 1829 illo-

1974 1870 2095 1909 rum
2130 1856 2445 1912 suburbana
2489 1857 2593 1913 sibi
2639 1873 3010 1928 comparasse,
3046 1862 3161 1916 haec
3191 1863 3298 1919 illis
3338 1866 3558 1921 auferre

1973 1948 2278 2003 constituit.
2338 1947 2480 2015 Quid
2544 1964 2673 2019 ergo
2731 1951 2813 2003 vir
2864 1951 3066 2022 ubique
3121 1954 3556 2023 sapientissimus

1975 2039 2163 2096 facit?
2209 2038 2417 2112 Nempe
2471 2052 2800 2113 congregato
2868 2053 3065 2100 senatu
3133 2046 3279 2102 illius
3334 2041 3555 2111 decreto

1973 2134 2167 2197 sancit,
2197 2142 2252 2188 ut
2280 2134 2370 2206 qui
2396 2150 2461 2190 ex
2483 2150 2547 2190 eo
2575 2145 2815 2206 tempore
2836 2152 2945 2207 quo
2964 2138 3053 2194 ille
3071 2154 3255 2195 rerum
3278 2155 3551 2211 summam

1973 2226 2202 2296 adeptus
2240 2226 2417 2294 esset,
2462 2228 2803 2299 subingressi
2833 2229 3028 2287 divites
3064 2232 3148 2287 vel
3188 2235 3421 2303 pecunia
3454 2250 3556 2290 nu-

1973 2327 2174 2375 merata
2216 2319 2301 2374 vel
2337 2320 2478 2376 datis
2521 2322 2845 2379 muneribus
2891 2322 3205 2379 suburbana
3250 2334 3347 2379 aut
3392 2339 3555 2395 agros

1971 2411 2056 2465 vel
2092 2411 2289 2480 praedia
2312 2411 2396 2465 sui
2416 2412 2558 2481 juris
2590 2411 2870 2480 fecissent,
2914 2415 2999 2471 his
3030 2412 3196 2487 m
3218 2416 3369 2471 nullo
3396 2432 3555 2475 ποτε

1974 2511 2065 2570 pto
2097 2503 2267 2570 pretio
2300 2503 2671 2571 ejicerentur;
2721 2520 2825 2573 qua
2858 2521 2915 2561 re
2944 2507 3233 2562 hominum
3272 2508 3556 2567 insatiabi-

1973 2593 2104 2647 lium
2130 2592 2385 2661 injuriam
2418 2594 2683 2664 tantisper
2716 2595 3003 2664 repressit.

2045 2683 2133 2739 l6.
2159 2683 2300 2739 Mitis
2331 2699 2458 2739 vero
2479 2684 2976 2757 serenissimusque
2996 2687 3251 2758 princeps
3278 2702 3345 2744 ne
3364 2703 3553 2746 eorum

1974 2775 2191 2847 quidem
2220 2776 2311 2846 qui
2343 2777 2411 2836 ad
2442 2777 2617 2848 ipsum
2644 2778 2860 2835 adirent
2885 2781 3289 2837 controversias
3322 2783 3557 2854 litesque

1976 2884 2041 2924 ac
2087 2869 2506 2941 disceptationes
2553 2870 2762 2941 judicio
2809 2873 2964 2927 ﬁnire
3003 2873 3385 2943 detrectabat,
3422 2877 3554 2945 quin

1973 2961 2145 3017 etiam
2199 2961 2391 3021 lubens
2430 2962 2484 3017 in
2533 2961 2779 3033 iudicum
2833 2964 2951 3035 ipse
2995 2981 3258 3023 consessu
3311 2969 3556 3037 sedebat,

286 3029 604 3099 ισταμένων
625 3034 701 3105 τῷ
719 3036 929 3093 ἐκείνου
962 3041 1168 3113 βήματι
1187 3046 1297 3101 τῶν
1324 3065 1386 3103 τε
1407 3049 1736 3118 δικαζόντων
1765 3029 1873 3112 τῶν

1981 3051 2289 3113 astantibus
2317 3068 2417 3122 pro
2455 3029 2713 3108 tribunali
2747 3029 2871 3108 tum-
2899 3056 3177 3111 actoribus
3210 3066 3323 3111 tum
3361 3029 3554 3113 eorum

283 3136 346 3172 τε
366 3127 815 3216 συνηγορούντων
838 3131 946 3187 τῶν
971 3135 1365 3208 δικαζομένων,
1409 3141 1748 3216 ἀπεκρούετο
1777 3149 1876 3213 τὰς

282 3211 497 3267 τούτων
525 3216 893 3291 δικαιολογίας
923 3228 1017 3279 καὶ
1058 3228 1157 3292 τὰς
1185 3230 1400 3298 ἀπάτας
1449 3211 1631 3290 αὐτῶν
1663 3252 1678 3269 '
1725 3211 1875 3296 οὐδὲν

284 3303 400 3402 γὰρ
427 3304 528 3377 τὴν
554 3307 834 3379 ἀγχίνοιαν
858 3315 1026 3369 αὐτοῦ
1057 3317 1331 3389 διέφυγεν,
1392 3324 1454 3377 οὐ
1504 3326 1698 3396 ψεῦδος
1738 3330 1873 3402 ἀληο

283 3394 413 3468 θείᾳ
442 3400 826 3472 συγκείμενον,
857 3408 917 3459 οὐ
939 3407 1001 3461 τὸ
1034 3410 1254 3465 πιθανὸν
1312 3418 1377 3486 τῇ
1434 3394 1685 3489 διηγήσει
1741 3394 1876 3495 συγ-

283 3493 721 3588 κεραννύμενον,
750 3499 812 3551 οὐ
854 3500 1139 3573 περίεργοι
1169 3510 1485 3579 συγγραφαὶ
1522 3513 1617 3575 καὶ
1636 3493 1877 3588 κρύϐδην

285 3586 732 3657 συντεθειμέναι,
765 3592 970 3657 αἵτινες
1014 3595 1109 3648 καὶ
1143 3598 1269 3662 τοὺς
1334 3600 1479 3670 ἄγαν
1515 3586 1877 3678 δραστηρίους

280 3674 538 3770 διέλαθον
554 3679 612 3770 εν
638 3680 897 3752 ἀληθείας
927 3690 1410 3760 παραπετάσματι.
1456 3674 1742 3752 Ἐντεῦθεν
1798 3699 1877 3770 τῷ

471 3768 713 3861 «pars;
764 3774 1001 3847 κρίσεως
1026 3780 1564 3854 παιδαγωγηθέντες,
1618 3766 1878 3861 δικαστὴς

279 3857 354 3918 δι’
389 3859 590 3922 ἑαυτοῦ
618 3862 847 3930 ἕκαστος
892 3868 990 3939 τῆς
1034 3869 1193 3941 δίκης
1216 3871 1294 3943 τῷ
1325 3874 1606 3948 ἠδικηκότι
1638 3857 1874 3950 ἐγένετο.

362 4034 457 4100 ιζ’.
490 4037 612 4110 Χρὴ
666 4036 760 4096 οῦν
806 4048 934 4117 περὶ
956 4048 1150 4102 κοινῶν
1181 4052 1480 4123 φροντίδων
1524 4058 1619 4111 τοῦ
1647 4058 1879 4127 ἄνακτος

281 4128 387 4221 καί
421 4128 536 4183 τῶν
566 4132 810 4206 ἀπείρων
831 4138 1221 4212 διορθωμάτων
1260 4148 1354 4200 καὶ
1385 4146 1753 4221 διοικημάτων
1785 4155 1882 4207 αὑ-

280 4218 386 4313 τοῦ
448 4221 708 4287 ἐξειπεῖν.
759 4228 886 4283 Τῶν
936 4232 1251 4305 ἁπανταχοῦ
1288 4237 1399 4311 γάρ
1428 4218 1750 4313 στρατηγῶν
1787 4244 1880 4298 καὶ⁵

280 4309 600 4381 βασιλικῶν
618 4323 1069 4395 πρωτονοταρίων
1103 4328 1199 4381 καὶ
1227 4330 1335 4385 τῶν
1372 4333 1430 4385 ἐν
1462 4333 1676 4404 κώμαις
1705 4336 1877 4408 ὲπαρ-

1978 3142 2221 3212 patronis
2258 3143 2351 3212 qui
2391 3142 2444 3197 in
2486 3143 2578 3214 jus
2617 3144 2975 3200 vocabantur.
3021 3145 3424 3201 Advocatorum
3461 3148 3559 3202 dc-

1978 3231 2252 3288 fensiones
2267 3247 2567 3302 eorumque
2589 3231 2809 3288 fraudes
2836 3235 3217 3291 amoliebatur.
3240 3237 3392 3305 Quod
3413 3239 3556 3292 enim

1980 3324 2121 3379 illius
2152 3323 2501 3394 sagacitatem
2523 3322 2713 3379 lateret
2742 3325 2880 3379 nihil
2910 3336 3051 3389 erat,
3075 3343 3179 3382 non
3212 3329 3555 3383 mendacium

1979 3415 2191 3469 veritati
2239 3414 2489 3479 luerens,
2536 3430 2642 3469 non
2695 3415 2995 3484 probabilis
3038 3416 3195 3474 fucus
3257 3422 3561 3481 narrationi

1978 3504 2270 3570 admixtus,
2305 3521 2413 3560 non
2451 3506 2738 3576 superfluae
2776 3509 3061 3579 scripturte
3100 3511 3373 3582 libellique
3407 3514 3558 3574 clan.

1980 3595 2161 3649 culum
2197 3596 2515 3667 conscripti,
2556 3598 2646 3668 qui
2686 3599 2769 3655 vel
2807 3600 3199 3658 solertissimos
3240 3619 3560 3675 summeque

1979 3687 2467 3758 perspicacessub
2518 3691 2775 3747 ementita
2812 3693 3058 3750 veritatis
3081 3694 3230 3755 larva
3269 3694 3427 3759 facile
3469 3713 3563 3751 νει-

1982 3780 2403 3853 lcantdecipere.
2428 3779 2561 3837 Hinc
2587 3782 2751 3840 ﬁebat
2770 3794 2831 3841 ut
2848 3796 2902 3842 et
2932 3788 3340 3857 antejudicium
3367 3790 3561 3852 timom

1979 3873 2227 3945 castigati
2262 3888 2294 3927 a
2339 3889 2397 3929 se
2427 3886 2639 3945 sponte,
2674 3878 2764 3947 qui
2794 3878 3049 3935 fecissent
3081 3880 3359 3951 injmiam.
3402 3883 3453 3936 in
3502 3900 3568 3938 se
3664 3932 3669 3935 _

1982 3965 2084 4035 ipsi
2111 3965 2323 4034 judices
2353 3976 2535 4021 essent
2564 3983 2626 4027 ac
2646 3971 2970 4025 sententiam
3016 3973 3241 4028 ferrent.

2052 4055 2138 4109 17.
2191 4053 2358 4125 Igitur
2396 4070 2617 4119 necesse
2644 4068 2729 4114 est
2768 4069 2830 4115 ut
2857 4061 2925 4118 de
2950 4062 3183 4132 publicis
3214 4062 3561 4133 imperatoris

1982 4146 2131 4202 euris
2174 4145 2349 4217 deque
2388 4147 2693 4204 innumeris
2722 4150 2870 4206 illius
2904 4169 3135 4208 censura
3165 4153 3471 4208 emendatis
3498 4168 3561 4209 ac

1983 4237 2051 4294 de
2094 4239 2283 4310 ipsius.
2318 4239 2882 4306 administrationibus
2922 4261 3232 4301 sermonem
3284 4253 3560 4301 texamus.

1982 4328 2118 4386 Cum
2149 4332 2293 4389 enim
2329 4332 2495 4389 duces
2531 4348 2594 4389 ac
2638 4342 2896 4404 praetores
2927 4336 3125 4406 ubique
3154 4338 3393 4406 gentium
3428 4350 3563 4391 con-

276 4403 444 4500 χίαις
473 4407 655 4500 τεκαὶ
684 4411 925 4482 πόλεσιν,
959 4414 1040 4469 ἔτι
1072 4419 1179 4489 μὴν
1198 4422 1292 4475 καὶ
1315 4424 1394 4488 είς
1410 4397 1688 4498 ἀρχηγοὺς
1710 4397 1873 4484 ἐθνῶν

1985 4424 2161 4480 stituti
2212 4424 2548 4496 palatinique
2592 4397 2977 4495 protonotarii,
3031 4397 3087 4483 et
3123 4397 3215 4499 qui
3262 4429 3314 4485 in
3351 4428 3565 4500 oppidis

278 4494 785 4591 &1t_o:rtc).)topévwv
837 4509 1205 4579 γραμμάτων,
1235 4518 1329 4566 καὶ
1618 4519 1749 4591 παρ’
1784 4521 1874 4581 αὑ-

275 4584 387 4679 ¹τοῦ
419 4588 977 4679 ἀναγινωσκομένων,
999 4601 1163 4666 εὐθὺς
1209 4605 1272 4658 τὸ
1322 4606 1633 4678 φρόντισμα
1699 4584 1883 4679 αὐτῶν

273 4674 653 4776 διωρίζετοτί
678 4684 779 4754 μὲν
801 4686 919 4741 δέον
946 4690 1076 4762 περὶ
1107 4693 1217 4747 τῶν
1239 4694 1298 4762 ἐξ
1342 4674 1631 4770 Ἄνατολ-ῆς
1654 4674 1883 4776 γεγενῆ-

276 4768 530 4867 σθαι,τί
562 4773 619 4829 δὲ
654 4779 785 4850 napi.
813 4780 923 4835 τῶν
951 4784 1045 4854 ἀφ’
1092 4786 1383 4867 Ἑσπέρη,
1434 4794 1530 4859 καὶ
1554 4768 1765 4861 τούτοις
1808 4768 1883 4864 ῶς

268 4862 356 4918 τὰ
378 4866 561 4963 πολλά
585 4867 777 4944 ῶσπερ
808 4878 1010 4947 πτηνὸς
1055 4880 1330 4963 διήρχετο,
1366 4862 1682 4957 Δπρεσϐείας
1732 4862 1885 4963 δεχόέ·

273 4972 484 5054 μενος,
522 4961 783 5034 ἄρχουσιν
814 4970 1164 5039 ἐπιστέλλων,
1200 4961 1301 5043 τὰς
1330 4981 1621 5051 προπετῶς
1653 4961 1885 5054 γεγενη-

274 5049 473 5118 μένας
510 5058 819 5125 μεταϐολὰς
868 5049 1460 5137 ὲπανορθούμενοςξὈ
1512 5049 1675 5136 αὐτὸς
1726 5049 1883 5127 Κων-

271 5144 581 5238 σταν-τῐνος
607 5146 922 5227 βουλευτὴς,
962 5159 1307 5232 φροντιστὴς,
1341 5164 1669 5235 στρατηγὸς,
1697 5167 1883 5238 ’στρα-

266 5231 522 5324 τιὼτης,
556 5242 936 5324 στρατίαρχος,
968 5247 1189 5319 ήγεμὼν
1214 5231 1683 5319 ἀγεφαίζιετοξΚαὶ
1703 5231 1793 5319 τίς
1813 5256 1879 5311 ἂν

268 5322 357 5381 ὠ
381 5328 636 5385 τοιούτου
668 5322 1065 5409 προτερήματα
1101 5340 1309 5408 ἐξείποι
1336 5341 1369 5413 ἢ
1397 5344 1612 5416 φράσῃς

362 5510 465 5581 ιη’.
508 5513 553 5565 Χ
562 5513 751 5597 ρὴιοῦν
777 5519 872 5581 καὶ
903 5522 1043 5590 ’περὶ
1074 5522 1551 5596 τοῦίνοσοκομείου
1599 5525 1693 5586 τοῦ
1730 5526 1879 5581 ὁσίου

268 5599 560 5666 ἐξειπεῖν.
587 5605 673 5687 [Ρ.
691 5608 822 5682 2801
867 5610 923 5666 Ὀ
960 5613 1208 5682 βασιλεὺς
1239 5618 1641 5684 Κωνσταντῖνος
1676 5618 1878 5691 θεασά-

265 5711 462 5764 ιυνος
521 5698 655 5752 αὑτὸ
701 5705 1062 5777 σμικρότατον
1132 5710 1438 5781 οίκοδομαῖς
1509 5712 1879 5784 μακροτάταις

1989 4513 2409 4585 regionibusque
2436 4523 2485 4570 et
2516 4515 2744 4570 urbibus
2768 4518 3122 4585 magistratus
3144 4530 3319 4585 erant,
3347 4520 3479 4590 quin
3512 4530 3567 4574 et

1989 4603 2229 4672 gentium
2262 4605 2533 4674 principes
2564 4606 2627 4660 ad
2650 4621 2776 4660 eum
2810 4608 3131 4672 scriberent,
3164 4625 3353 4664 eorum
3382 4610 3563 4665 statim

1988 4707 2215 4761 scopum
2248 4692 2612 4761 discernebat,
2641 4696 2769 4766 quid
2801 4697 2868 4751 de
2900 4696 3177 4763 Asiaticis,
3203 4699 3331 4770 quid
3362 4700 3428 4754 de
3456 4699 3564 4754 Oc-

1989 4784 2165 4839 ciduis
2187 4786 2534 4841 statuendum
2558 4804 2573 4853 ;
2598 4804 2697 4844 nec
2719 4803 2844 4843 raro
2862 4789 2968 4845 illis
2992 4790 3227 4848 volucris
3260 4792 3316 4847 in
3342 4792 3564 4847 modum

1988 4875 2333 4945 praesentiam
2358 4875 2671 4945 adhibebat,
2703 4879 3005 4950 legationes
3034 4884 3359 4955 suscipiens,
3393 4885 3564 4955 magi-

1986 4967 2252 5024 stratibus
2293 4969 2563 5034 scribens,
2607 4987 2997 5044 perperamque
3026 4992 3089 5032 ac
3120 4985 3323 5033 temere
3356 4986 3563 5033 mutata

1985 5059 2289 5126 corrigens.
2321 5058 2487 5133 M9
2525 5059 2668 5117 Idem
2717 5063 2831 5135 ipse
2860 5064 3255 5129 Constantinus
3298 5079 3519 5124 senator
3546 5109 3561 5131 ,

1986 5158 2229 5217 curator,
2260 5152 2369 5206 dux
2402 5154 2678 5210 exercitus
2710 5171 2774 5211 ac
2810 5167 3029 5227 praetor,
3072 5159 3248 5225 miles,
3285 5159 3561 5220 tribunus,

1985 5259 2189 5317 praeses
2204 5252 2344 5311 erat,
2368 5262 2510 5301 unus
2535 5248 2775 5303 omnium
2798 5252 2999 5307 muniis
3019 5251 3338 5325 defungeus.
3366 5251 3565 5323 Ecquis

1985 5354 2116 5394 vero
2157 5338 2259 5393 viri
2302 5339 2427 5395 talis
2474 5340 2724 5411 tantique
2773 5353 3094 5412 pratstantes
3141 5345 3296 5401 dotes
3342 5361 3565 5401 narrare

1988 5431 2233 5501 satisque
2288 5432 2470 5488 verbis
2507 5434 2781 5504 explicare
2822 5450 2886 5492 ac
2923 5437 3225 5494 edisserere
3273 5438 3506 5495 suﬂiciat
3543 5438 3567 5492 τ

2060 5525 2149 5580 18.
2192 5525 2363 5597 Igitur
2408 5541 2588 5596 opera:
2621 5528 2853 5597 prctimn
2903 5530 3001 5593 sit,
3048 5537 3104 5585 ut
3145 5540 3199 5585 et
3238 5531 3303 5586 de
3344 5532 3562 5601 publico

1986 5617 2138 5673 urbis
2174 5616 2489 5673 nosocomio
2518 5615 2865 5687 (:egrotorum
2902 5618 3111 5675 scilicet
3133 5619 3314 5687 domo)
3350 5634 3558 5674 sermo-

1990 5727 2113 5767 nem
2145 5720 2343 5767 texam.
2379 5709 2581 5765 Videtis
2623 5711 2803 5782 itaque
2834 5711 3129 5783 imperator
3167 5710 3559 5769 Constantinus
