3962 6204
308 194 399 258 459

1014 193 1163 253 LIB.
1202 191 1302 255 VI.
1336 218 1401 228 -
1440 191 2021 252 CONSTANTlNUS
2057 182 2822 259 mururuoeexmis.

3442 208 3547 270 470

302 309 468 382 duxi};
508 307 696 361 ’Λετον
734 306 794 372 ἐξ
824 305 1066 378 ἀργύρου
1113 309 1179 378 τῇ
1228 305 1323 360 τοῦ
1359 305 1551 371 ὓδατος
1581 307 1865 378 ἐφίστησιν

1972 306 2294 376 magnificus
2351 309 2603 365 animus?
2665 309 2912 380 Aquilam
2972 324 3197 386 argento
3250 320 3539 378 conﬂatam

301 400 470 471 αὐλῷ,
523 400 624 452 οὐκ
693 398 854 469 ὀρθὸν
907 398 1196 469 βλέποντα,
1227 398 1342 451 ἀλλ’
1405 399 1865 470 ἀπεστραμμένον

299 490 684 560 καταπλάγιον,
729 491 1140 562 ὑψαυχενοῦντα
1178 493 1271 544 καὶ
1322 491 1754 562 σοϐαρευόμενον
1789 491 1864 556 ὡς

298 586 393 639 ἀπό
431 601 578 648 τινος
632 584 827 655 θήρας,
861 585 986 655 ὅφιν
1015 584 1072 637 δὲ
1117 586 1232 648 τοῖς
1265 584 1392 638 ποσὶ
1446 583 1866 656 περιειληθὲν-ια

299 677 378 730 καὶ
406 675 688 746 πνίγοντα.
727 677 838 730 Καὶ
883 675 1290 747 μουσοστίκτων
1332 676 1556 730 εἰκόνων
1599 675 1866 746 ἐντέχνων

298 771 394 822 τῶν
421 769 488 822 ὲκ
509 768 820 840 χρωμάτων
850 768 995 822 ὑλῶν
1041 769 1136 822 καὶ
1186 769 1410 840 μορφῶν
1435 769 1494 822 τὸ
1522 769 1778 838 διάφορον
1807 771 1866 822 ὲν

298 863 397 926 τοῖς
427 859 788 933 προπυλαίοις
845 860 942 914 τοῦ
980 859 1262 931 βασιλικοῦ
1293 861 1552 926 κοιτῶνος
1587 860 1860 931 ἐδείματο.

357 1051 458 1102 κε’.
505 1043 647 1097 Ἀλλ’
670 1043 795 1096 οὐδὲ
835 1043 1146 1112 ναυπηγίας
1181 1043 1409 1115 ἄπειρος
1441 1038 1510 1116 ἦν
1536 1045 1563 1097 6
1589 1044 1865 1115 αὐτοκρά-

297 1154 427 1206 τωρ·
477 1135 760 1207 διωρίζετο
801 1136 910 1208 γὰρ
955 1134 1267 1206 πολεμικῶν
1309 1135 1447 1190 νεῶν
1493 1135 1861 1206 κατασκευὴν,

295 1227 379 1280 καὶ
405 1219 484 1290 οἷς
517 1224 697 1291 ξύλοις
729 1225 996 1296 ἁρμόζειν
1026 1225 1120 1278 καὶ
1146 1225 1383 1290 κλείσεις
1426 1224 1608 1279 αὐτῶν
1649 1225 1744 1279 καὶ
1770 1225 1866 1296 άρ-

295 1319 500 1392 μονίας,
533 1320 630 1374 καὶ
661 1322 813 1385 ὅπως
852 1320 989 1391 πρὸς
1021 1317 1228 1391 ἄλληλα
1252 1319 1458 1390 ἔχουσι.

353 1506 468 1566 κς’.
497 1500 632 1574 Περὶ
666 1499 722 1552 δὲ
753 1498 862 1552 τῶν
897 1497 1180 1552 παλατίων
1217 1497 1326 1552 τῶν
1354 1498 1517 1571 Ἦρία
1545 1497 1864 1568 ἀναλογίζο-

290 1611 382 1661 μαι
415 1595 481 1663 τῇ
511 1591 722 1660 διανοίᾳ.
750 1592 958 1655 ὁποίοις
995 1592 1023 1645 6
1054 1591 1577 1662 Πορφυρογέννητος
1609 1591 1864 1662 ἐδείματο

288 1690 433 1758 ἡδέσι
465 1688 563 1743 καὶ
589 1690 864 1758 τερπνοῖς,
915 1687 1181 1758 πρότερον
1224 1686 1389 1742 οὖσαν
1430 1689 1543 1751 τοῖς
1578 1687 1862 1758 Χαλκηδο-

287 1780 415 1844 νίοις
450 1780 530 1839 εί;
561 1780 763 1849 ταφήν.
793 1778 911 1833 Νῦν
965 1778 1022 1832 δὲ
1064 1777 1323 1849 τέτρασιν
1373 1777 1557 1848 ἀψῖσιν
1594 1777 1862 1848 ἐπιϐεϐη-
1909 1769 1912 1772 ’

286 1875 429 1936 κυῖα,
447 1872 543 1924 καὶ
570 1873 666 1935 τὰς
691 1871 901 1931 τούτων
926 1870 1129 1941 γωνίας
1158 1871 1354 1943 ἑτέρας
1379 1869 1664 1941 βασιλικὰς
1684 1871 1861 1935 οἰκίας

285 1962 646 2028 ἀποτελοῦσα,
681 1965 804 2028 ταῖς
834 1963 943 2017 τῶν
976 1962 1205 2035 Θερινῶν
1250 1963 1469 2034 ἀνέμων
1491 1965 1586 2018 καὶ
1617 1965 1864 2036 πνευμά-

283 2072 388 2106 των
420 2054 948 2126 περικυκλουμένων
977 2054 1195 2119 πνοιαῖς
1218 2092 1233 2117 .
1259 2055 1360 2109 οὐκ
1394 2055 1541 2109 ἔστιν
1579 2058 1754 2110 εἰπεῖν
1781 2059 1862 2122 εἰς

282 2147 456 2218 πόσην
500 2147 772 2218 θυμηδίαν
831 2147 928 2201 καὶ
977 2146 1157 2219 χαρὰν
1215 2147 1478 2219 ἐμϐάλλει
1527 2150 1618 2204 τὸν
1679 2151 1861 2205 ἐκεῖσε

280 2240 729 2312 ἀναπαυόμενον..

350 2421 459 2486 κζ’.
487 2421 552 2475 τι
580 2420 647 2475 ἂν
674 2421 820 2475 εἴποι
863 2437 947 2484 τις
985 2423 1112 2492 περὶ
1141 2421 1250 2475 τῶν
1296 2423 1354 2476 ὲν
1388 2424 1557 2496 ἑτέρῳ
1585 2425 1737 2496 τόπῳ
1763 2427 1862 2498 τῆς

277 2512 389 2566 τῶν
424 2511 716 2582 βασιλίδων
737 2513 1030 2584 οίκοδομῆς
1049 2531 1063 2580 ;
1084 2515 1192 2568 Καὶ
1219 2514 1394 2569 ταῦτα
1419 2516 1528 2587 γάρ
1551 2520 1650 2586 τῆς
1667 2518 1859 2589 Ἦρίας

277 2604 375 2660 τοῦ
403 2608 688 2678 σχήματος
719 2606 814 2660 καὶ
853 2606 953 2677 τῆς
1004 2607 1326 2676 φιλοκαλίας
1355 2607 1432 2680 τῷ
1463 2610 1859 2680 ὑπερϐάλλοντι

276 2696 376 2750 καὶ
415 2696 804 2750 ἀποστίλϐοντι
843 2697 935 2750 καὶ
969 2698 1068 2768 τῆς
1113 2699 1177 2752 ἐκ
1206 2699 1300 2753 τοῦ
1345 2700 1576 2770 ἐδάφους
1615 2701 1860 2773 τέρψεως

274 2787 672 2858 ἀναδιδομένης
718 2787 956 2860 εὐωδίᾳ,
1002 2790 1090 2844 διὰ
1129 2791 1190 2844 τὸ
1239 2793 1633 2861 ῖιπανειρθοῦν⁹⁵
1680 2795 1873 2850 αὐτῶν.

275 2878 500 2945 κάλλος,
533 2881 630 2934 καὶ
661 2879 805 2934 κατὰ
836 2881 975 2934 πολὺ
1000 2867 1344 2954 ’διαφέροντα
1381 2884 1478 2938 καὶ
1529 2885 1862 2958 ὑπερκείμε-

1967 413 2122 469 ειιυιε
2159 399 2356 454 fistulae
2396 400 2646 469 imponit,
2675 417 2783 456 non
2827 415 2970 458 recta
3020 408 3398 477 aspicientem,
3450 415 3541 468 sed

1967 507 2162 547 averso
2194 491 2344 546 vultu
2374 493 2596 563 oblique
2645 502 2827 550 erecto
2876 496 3042 563 collo,
3098 513 3163 555 ac
3213 502 3358 556 velut
3390 515 3545 574 capta

1967 583 2154 653 praeda
2204 582 2556 639 ferocientem
2613 587 2956 658 pedibusque
2999 602 3308 662 serpentem
3375 597 3545 651 intor-

1967 686 2224 747 quentem
2280 693 2343 732 ac
2396 679 2776 734 suifocantem.
2835 679 2940 738 Sed
2995 693 3049 738 et
3104 687 3320 743 musivo
3357 705 3541 758 opere,

1966 777 2100 840 arte,
2137 766 2402 823 factarum
2457 770 2758 842 imaginum
2795 778 3157 845 comportatis
3207 780 3453 836 materiis
3492 789 3545 835 et

1966 859 2268 924 colo-ribus,
2301 861 2510 915 varium
2537 876 2892 934 conSpectum
2921 883 3020 938 pro
3053 869 3350 940 imperialis
3390 873 3546 928 cubi-

1965 949 2074 1004 culi
2105 951 2373 1005 veslibulo
2397 952 2540 1006 idem
2566 957 2893 1013 construxit.

2034 1043 2126 1096 25.
2165 1043 2234 1096 At
2284 1060 2463 1113 neque
2521 1047 2740 1101 navium
2779 1047 3000 1104 fabricae
3035 1050 3334 1123 imperator
3385 1056 3540 1111 rudis

1965 1149 2102 1194 erat.
2131 1138 2466 1210 Designabat
2499 1137 2644 1193 enim
2675 1154 2785 1209 quo
2811 1149 2969 1211 pacto
3003 1142 3212 1198 bellicae
3242 1162 3414 1202 naves
3454 1165 3544 1203 cs-

1966 1239 2088 1286 sent
2142 1229 2550 1291 construendm,
2602 1231 2804 1298 quibus
2847 1249 2911 1287 ex
2966 1232 3132 1301 lignis
3180 1251 3366 1291 earum
3431 1247 3542 1292 tum

1964 1321 2202 1377 claustra
2253 1321 2629 1392 componenda
2669 1331 2780 1376 tum
2811 1325 3211 1392 commissurae,
3269 1343 3334 1383 ac
3380 1345 3543 1397 quam

1965 1413 2053 1468 illa
2087 1413 2229 1467 inter
2258 1428 2316 1468 se
2349 1412 2757 1482 proportionem
2790 1413 3170 1485 rationemque
3203 1415 3460 1471 habeant.

2035 1501 2126 1558 26.
2168 1503 2247 1558 Ad
2277 1501 2416 1556 Erim
2445 1501 2643 1572 palatia
2684 1503 2830 1572 quod
2863 1515 3095 1573 spectat,
3149 1516 3330 1562 mente
3360 1507 3545 1578 cogito

1967 1610 2130 1665 quam
2153 1595 2220 1650 ad
2253 1595 2476 1651 delicias
2501 1595 2856 1667 iucundoque
2879 1608 3099 1669 aspectu
3131 1616 3159 1656 a
3182 1601 3546 1658 Constantino

1969 1685 2023 1740 in
2053 1683 2337 1757 Porpltyra
2369 1697 2499 1741 nato
2522 1699 2803 1743 exstructa
2837 1705 2900 1744 ac
2936 1691 3255 1748 fabrefacta.
3297 1694 3456 1750 Prius
3487 1696 3541 1751 in

1966 1776 2275 1846 sepulcrum
2308 1776 2669 1834 Chalcedonis
2698 1781 2912 1836 civibus
2944 1782 3168 1838 cedebat
3198 1783 3360 1853 Eria;
3398 1802 3545 1854 nunc

1967 1883 2098 1924 vero
2119 1869 2460 1941 quadruplici
2495 1871 2626 1925 nixa
2650 1872 2858 1940 apside,
2894 1873 3087 1929 barum
3111 1877 3340 1944 angulos
3373 1884 3545 1934 novas

1964 1964 2161 2021 domos
2198 1965 2378 2034 regias
2432 1965 2798 2032 constituens,
2832 1966 2941 2022 dici
2976 1983 3082 2023 non
3122 1979 3300 2040 potest
3327 1972 3545 2025 aestivo-

1964 2071 2087 2111 rum
2121 2066 2407 2111 ventorum
2437 2056 2874 2129 circumquaque
2899 2058 3146 2115 nantium
3200 2061 3541 2133 benigniori-

1965 2148 2069 2204 bus
2103 2147 2267 2221 452
2303 2149 2454 2205 auris
2486 2161 2693 2220 quanta
2743 2149 3091 2221 jucunditate
3151 2167 3214 2208 ac
3270 2155 3546 2225 voluptate

1964 2241 2208 2312 quietem
2269 2241 2342 2296 ibi
2386 2243 2726 2312 captantium
2783 2258 2848 2298 ac
2909 2244 3273 2300 reficientium
3328 2247 3542 2302 animos

1963 2331 2184 2386 allici-at.

2031 2422 2123 2478 27.
2166 2421 2436 2488 Quidnam
2464 2423 2590 2493 quis
2624 2423 2771 2479 dicat
2794 2424 2865 2480 de
2894 2426 3165 2496 regiarum
3208 2427 3404 2481 mdium
3434 2431 3544 2482 alio

1962 2514 2084 2569 loco
2154 2514 2475 2568 structura?
2527 2511 2663 2567 Nam
2717 2516 2799 2570 lue
2851 2531 3073 2586 quoque
3114 2516 3298 2573 Eriam
3358 2521 3544 2586 figura:

1963 2606 2260 2677 cultusque
2300 2614 2353 2660 et
2385 2613 2681 2661 structura:
2732 2607 3058 2662 excellentia
3114 2617 3280 2680 atque
3340 2611 3540 2674 nitore.

1963 2713 2065 2754 nec
2098 2712 2204 2752 non
2263 2711 2322 2754 se
2378 2697 2448 2752 ab
2496 2695 2607 2751 imo
2647 2699 2769 2753 solo
2792 2697 3149 2756 diﬂ‘undcntis
3180 2701 3544 2771 iucunditatis

1964 2787 2288 2858 fragrantia,
2343 2788 2624 2844 efllorente
2669 2787 2724 2843 in
2777 2790 2860 2846 eis
2898 2791 3116 2859 decore,
3161 2793 3322 2866 longe
3374 2797 3546 2852 etiam

1962 2890 2225 2953 superant
2278 2880 2743 2951 praecelluntque;
2791 2881 3098 2949 cuiusmodi
3154 2886 3542 2957 Apostolorum

275 2991 390 3039 νον,
447 2966 561 3035 οἶος
602 2973 632 3025 6
681 2973 792 3027 τῶν
831 2974 1170 3029 Ἀποστόλων
1221 2976 1452 3048 πλησίον
1506 2980 1858 3050 νεουργηθεὶς

1972 2975 2110 3029 haud
2137 2972 2327 3042 procul
2352 2987 2506 3027 nova:
2538 2971 2760 3029 fabrica:
2785 2975 3071 3046 templum,
3095 2977 3383 3046 pulchrum
3407 2995 3542 3034 sane

272 3063 607 3132 ναδς,καλὸς
627 3064 727 3135 μὲν
747 3064 898 3131 ἰδεῖν,
918 3066 1120 3137 ὡραῖος
1144 3067 1201 3121 δὲ
1227 3067 1523 3138 θαυμάσαι.
1648 3070 1777 3142 282]
1794 3073 1858 3125 Ei

274 3161 390 3232 γὰρ
418 3160 516 3214 καὶ
542 3159 637 3213 τοῦ
671 3159 936 3229 μεγέθους
958 3159 1058 3230 τῆς
1095 3160 1458 3231 παλαιότητος
1483 3162 1693 3229 ἀποδεῖ,
1723 3163 1859 3219 ἀλλά

276 3271 342 3324 γε
369 3253 470 3321 τῆς
496 3251 644 3305 ἔνδον
678 3251 1038 3324 φαιδρότητος
1067 3253 1258 3324 πόρρω
1286 3252 1617 3322 καθέστηκε.
1649 3255 1716 3307 Τί
1747 3255 1804 3308 δὲ
1832 3257 1861 3309 6

279 3343 474 3406 πιστὸς
517 3340 811 3412 βασιλεύς;
845 3343 1144 3413 Πατρίκιον
1181 3342 1273 3396 τὸν
1306 3341 1556 3396 Βελωνᾶν
1582 3343 1860 3416 Θεόδωρον

277 3435 356 3498 ὡς
396 3433 661 3504 συνεργὸν
691 3431 784 3486 τοῦ
811 3431 1068 3505 λαμπροῦ
1102 3433 1198 3487 καὶ
1223 3433 1698 3505 κατηγλαῖσμένου
1727 3437 1858 3492 ναοῦ

277 3526 562 3598 ὶιοίησεν.

1962 3073 2211 3133 aspectu,
2244 3078 2311 3117 ac
2341 3062 2488 3133 quod
2521 3063 2886 3119 admiratione
2945 3080 3043 3135 pro
3077 3081 3144 3121 eo
3173 3082 3281 3137 quo
3319 3076 3545 3136 prastat

1960 3155 2157 3211 decore
2211 3153 2410 3210 merito
2471 3155 2758 3208 habeatur.
2813 3155 3141 3228 Quanquam
3189 3157 3341 3212 enim.
3383 3158 3546 3214 molis

1961 3246 2271 3315 granditate
2322 3261 2352 3300 a
2412 3245 2586 3301 veteri
2618 3245 2734 3300 cede
2765 3247 2998 3311 deficiat,
3049 3247 3327 3302 interioris
3364 3258 3545 3301 tamen

1963 3339 2201 3395 ambitus
2260 3339 2556 3410 splendore
2596 3347 2761 3408 atque
2809 3347 3006 3392 ornatu
3047 3339 3204 3408 longe
3263 3340 3543 3407 praecellit.

1961 3430 2102 3498 Quid
2137 3446 2266 3486 vero
2301 3431 2476 3486 fidelis
2503 3431 2843 3501 imperator?
2869 3429 3220 3484 Theodorum
3259 3429 3542 3495 Belonam,

1964 3523 2109 3593 quod
2138 3523 2516 3594 praeelegantis
2535 3538 2598 3577 ac
2616 3521 3008 3593 prmmagnilici
3037 3522 3218 3591 templi
3252 3530 3548 3576 structurae

1875 3663 1881 3668 .
1967 3615 2042 3670 illi
2073 3616 2292 3686 adjutor
2319 3616 2627 3680 exstiterat,
2663 3615 2881 3685 patricii
2913 3613 3190 3684 dignitates
3212 3614 3457 3668 ornavit.

348 3704 463 3775 κη’.
485 3703 608 3759 Τῶν
639 3704 697 3759 δὲ
736 3705 779 3758 ίε
791 3703 898 3777 ρῶν
926 3703 1024 3758 καὶ
1052 3704 1274 3758 πέπλων
1305 3696 1380 3766 ᾧν
1411 3704 1674 3774 παρεῖχεν
1697 3705 1778 3769 εἰς
1802 3703 1862 3758 τὸ

277 3796 465 3849 κοινὸν
516 3796 832 3867 ἱλαστήριον
873 3795 934 3848 τὸ
984 3795 1126 3866 μέγα
1179 3795 1270 3849 καὶ
1318 3794 1744 3866 πανθαύμαστον
1778 3796 1860 3860 τίς

277 3887 527 3955 ὲξείποις
571 3887 798 3950 Ὁσάκις
833 3886 1086 3955 ἀφίκετο,
1128 3887 1229 3940 οὐκ
1255 3886 1434 3951 ἔδοξεν
1464 3887 1705 3940 ἐναντίον
1725 3887 1861 3940 Θεοῦ

274 3979 515 4050 όιρθῆναι
551 3979 860 4046 κενὸς,ὰλλ’
898 3980 1219 4049 ἀναθήμασι
1252 3979 1510 4049 μεγάλοις
1541 3978 1637 4032 καὶ
1666 3996 1865 4049 χρυσο-

273 4070 534 4135 τεύκτοις
565 4069 660 4125 καὶ
694 4070 1065 4144 μαργαρίταις
1101 4069 1195 4124 καὶ
1224 4069 1394 4133 λίθοις
1416 4071 1510 4123 καὶ
1546 4067 1866 4137 ὑφάσμασιν

274 4162 555 4230 ἐδεξιοῦτο
577 4163 672 4218 καὶ
699 4163 1058 4236 ἀντημείϐετο
1075 4180 1088 4194 ο
1114 4162 1149 4216 ἃ
1170 4161 1267 4217 καὶ
1288 4162 1356 4216 τὰ
1381 4161 1490 4215 τῶν
1510 4161 1680 4230 ἁγίων
1699 4161 1867 4229 ’Λγια

274 4255 696 4328 κατακοσμοῦσι
724 4256 816 4310 καὶ
844 4255 1273 4326 καταγλαϊζουσι
1309 4255 1401 4309 καὶ
1427 4252 1506 4326 τῷ
1532 4270 1858 4327 προσενηνο-

275 4347 405 4418 χὰτι
432 4346 832 4418 Κωνσταντίνῳ
861 4346 1218 4418 κηρύττεται.

2033 3704 2126 3761 28.
2152 3703 2352 3760 Sacras
2381 3714 2558 3759 vestes
2590 3711 2645 3758 et
2668 3703 2933 3773 stragula.
2971 3709 3175 3771 quanta
3209 3701 3264 3755 in
3297 3716 3545 3755 commu-

1964 3799 2053 3854 nis
2092 3797 2453 3869 propitiatorii
2475 3797 2683 3868 (magni
2713 3796 2863 3852 illius
2894 3808 3233 3866 prorsusque
3255 3793 3547 3853 mirabilis)

1967 3899 2225 3944 ornatum
2259 3896 2312 3942 et
2341 3888 2553 3942 cultum
2589 3887 2850 3952 contulit,
2875 3888 3000 3957 quis
3032 3901 3295 3942 enarrare
3326 3885 3554 3957 possit?

1968 3979 2416 4048 Quotiescunque
2474 3980 2618 4034 enim
2697 3994 2764 4034 eo
2826 3978 3016 4047 pedem
3077 3976 3342 4039 inferrett,
3405 3977 3549 4030 haud

1969 4071 2419 4127 committendum
2452 4070 2679 4140 putabat
2705 4077 2763 4123 ut
2788 4085 2974 4125 coram
3003 4069 3110 4122 Deo
3139 4083 3349 4122 vacuus
3379 4083 3548 4137 appa-

1969 4170 2133 4226 reret,
2185 4160 2278 4216 sed
2331 4169 2392 4216 ut
2428 4160 2639 4231 magnis
2685 4161 2934 4216 donariis
2988 4160 3342 4230 vestibusque
3389 4175 3549 4225 auro,

1970 4252 2284 4324 margaritis
2346 4251 2680 4323 reliquisque
2744 4252 2947 4322 lapillis
3007 4250 3284 4305 contextis
3339 4248 3548 4303 Numen

1895 4329 1948 4390 D
1974 4345 2240 4402 demereri
2275 4347 2434 4417 eique
2462 4345 2638 4401 vicem
2675 4345 2904 4399 reddere
2941 4343 3208 4400 studeret.
3247 4338 3438 4397 Vestes
3469 4341 3550 4394 lue

276 4459 353 4501 ac
376 4446 622 4517 stragula
653 4445 950 4500 etiamnum
985 4444 1186 4499 Sancta
1215 4455 1530 4499 sanctorum
1581 4443 1868 4514 magnifice
1909 4453 2110 4499 ornant
2153 4444 2528 4514 eximiumque
2589 4441 2712 4497 loco
2761 4439 3016 4496 decorem
3088 4439 3412 4503 conciliant,
3489 4450 3554 4490 ac

274 4539 735 4604 Constantinum,
769 4555 874 4610 qua
925 4536 1325 4608 magnificentia
1369 4551 1432 4591 ea
1463 4538 1679 4601 obtulit,
1715 4538 2030 4608 praedicant.

358 4629 470 4687 κδ’.
506 4631 614 4686 Τοῦ
645 4631 703 4685 δὲ
738 4628 1030 4702 πατρικίου
1062 4628 1343 4683 Βασιλείου
1385 4627 1732 4699 Ἐξαμιλίτου
1774 4629 1870 4683 καὶ

281 4723 608 4797 στρατηγοῦ
633 4724 744 4779 τῶν
775 4723 1179 4797 Κιϐυραιωτῶν
1210 4722 1476 4788 ταξείδιον
1520 4722 1626 4794 χρὴ
1678 4723 1872 4793 διηγή-

276 4817 512 4874 σασθαι.
556 4811 725 4882 Οὗτος
755 4818 785 4871 ὁ
811 4817 1101 4889 πατρίκιος
1135 4815 1414 4878 Βασίλειος
1459 4815 1763 4886 στρατηγὸς
1794 4813 1870 4868 ῶν

274 4912 401 4967 τῶν
431 4912 854 4986 Κιϐυραιωτῶν,
890 4912 1009 4974 νέος
1035 4908 1114 4982 τῷ
1141 4911 1377 4981 σώματι,
1425 4909 1606 4972 πολιὸς
1636 4911 1700 4979 τῇ
1739 4926 1872 4980 φρο-

277 5007 447 5078 νήσει
496 5005 592 5060 καὶ
626 5004 799 5077 μείζω
829 5003 929 5076 τῆς
978 5002 1194 5074 ἡλικίας
1242 5001 1346 5072 τὴν
1395 5000 1756 5071 πολυπειρίαν
1787 5001 1872 5052 ὲν-

279 5096 679 5169 δεικνὺμενος,
754 5095 1067 5168 πολεμικῶν
1144 5095 1424 5167 καραϐίων
1483 5093 1592 5147 ἀπὸ
1653 5092 1870 5163 Ταρσοῦ

280 5191 707 5263 ἔξωρμημένων
731 5191 828 5244 καὶ
864 5188 1182 5260 ’Λγαρηνῶν
1209 5189 1267 5242 ἂν
1294 5187 1476 5250 αὐτοῖς
1517 5187 1688 5240 ὄντων
1717 5203 1872 5256 περι-

282 5283 506 5352 φανῶν,
543 5283 732 5355 ἐπειδὴ
775 5283 970 5346 αὐτοὺς
1014 5283 1043 5335 ὁ
1095 5279 1401 5353 στρατηγὸς
1429 5277 1577 5350 ἐώρα
1604 5279 1742 5349 πρὸς
1773 5278 1874 5340 τὰς

300 5375 635 5448 Ῥωμαϊκὰς
661 5376 845 5448 χώρας
876 5375 1338 5446 προσϐάλλοντας,
1371 5372 1755 5442 λογιζομένους
1799 5371 1874 5433 ὡς

280 5467 521 5522 νοσσιὰν
572 5466 885 5537 περιλαϐεῖν
931 5466 1124 5532 αὑτὰς,
1159 5468 1186 5521 ό
1232 5463 1537 5538 στρατηγὸς
1573 5461 1671 5524 τὰς
1701 5460 1875 5524 οὕτως

2042 4629 2134 4685 29.
2176 4629 2364 4686 Basilii
2394 4625 2745 4684 [lexamelitat
2775 4624 2988 4695 patricii
3019 4639 3081 4677 ac
3117 4625 3548 4692 Ciliyrmotaiuzn

1974 4722 2131 4777 ducis
2156 4721 2431 4793 expeditio
2467 4719 2743 4776 narranda
2773 4727 2877 4774 est.
2913 4716 3150 4773 Basilius
3172 4716 3260 4770 hic
3289 4714 3555 4785 patricius

1973 4815 2403 4885 Cibyratotarum
2439 4812 2546 4868 dux
2592 4827 2715 4865 cum
2779 4819 2948 4875 esset,
2977 4809 3063 4863 vir
3087 4807 3249 4880 453
3279 4813 3438 4862 aetate
3459 4805 3553 4875 ju-

1971 4907 2146 4971 venis,
2185 4913 2240 4960 at
2271 4920 2440 4960 sensu
2469 4921 2644 4959 canus
2701 4903 3076 4973 maioremque
3106 4915 3272 4971 quam
3307 4914 3408 4968 pro
3450 4913 3551 4952 au-

1978 5014 2177 5054 norum
2241 4998 2454 5053 ratione
2503 4997 2903 5067 experientiam
2964 4993 3228 5066 prodens,
3284 4999 3552 5046 armatam

1977 5092 2211 5147 classem
2241 5089 2414 5144 Tarso
2457 5088 2756 5161 profectam
2789 5090 2956 5160 inque
2991 5101 3056 5142 ea
3093 5086 3364 5140 illustrem
3397 5082 3555 5153 plant:

1977 5184 2352 5254 Agarenorum
2389 5183 2710 5239 militantem
2734 5197 2957 5237 manum
2984 5177 3250 5234 Bottianis
3276 5175 3555 5233 littoribus

1978 5275 2203 5345 orisque
2236 5276 2598 5347 applicantem
2631 5276 2844 5338 videns,
2864 5272 3020 5345 quasi
3044 5270 3304 5327 Romanae
3332 5269 3556 5325 ditionis

1981 5367 2124 5422 haud
2160 5383 2320 5424 secus
2349 5385 2414 5425 ac
2446 5368 2558 5423 uidi
2594 5367 2866 5439 petituros
2926 5380 2986 5419 se
3011 5363 3086 5418 illi
3136 5363 3552 5421 arbitrarentur.

1979 5460 2258 5533 sulijcmas
2292 5462 2394 5533 ipsi
2425 5477 2593 5518 naves
2631 5468 2794 5516 tantae
2845 5456 3083 5514 hostium
3119 5455 3283 5512 classi
3309 5453 3551 5528 opponit.

1589 5557 1822 5613 ιἈιιιᾹᾱ
1863 5552 2270 5614 ιιευτιοδεε.

366 5658 412 5689 ’⁵
452 5655 554 5722 leg.
592 5654 878 5711 ἐπανθοῦν.
902 5655 1148 5712 (Zumbcf.
