3962 6204
273 421 356 492 νβ’.
387 421 675 489 Αύγουστα
733 419 922 490 Ἑλένη
960 422 1058 474 σὺν
1093 421 1187 475 καὶ
1213 424 1325 485 τοῖς
1352 423 1562 486 servet;
1603 424 1774 492 αὐτῆς

215 515 292 567 καὶ
317 512 384 582 τῷ
410 513 691 583 πατρικίῳ
714 513 807 565 καὶ
841 515 1328 586 παρακοιμωμένῳ
1357 515 1624 585 Βασιλείῳ
1673 516 1768 568 καὶ

211 610 304 667 τοῖς
327 604 688 669 κοιτωνίταις,
713 605 790 667 ὡς
823 603 1014 675 ἑώρων
1039 605 1132 658 τὸν
1157 606 1372 660 ἄνακτα
1421 606 1767 660 Κωνσταντῖ-

209 715 284 749 νον
308 695 755 767 ψυχορραγοῦντα
780 696 874 749 καὶ
898 699 1359 767 συγκοπτόμενον,
1381 697 1769 769 περιχυθέντες

206 790 262 858 τῇ
295 785 445 856 κλίνῃ
474 786 776 856 κλαυθμοῖς
797 787 892 839 καὶ
914 787 1171 856 ὀδυρμοῖς
1195 788 1455 860 ἀμέτροις
1485 805 1551 842 πε
1563 788 1770 859 ριρραί-

207 893 366 941 νοντες
396 877 818 946 ἀπωλοφύροντο
873 882 969 932 καὶ
1008 880 1361 951 ἀπωδύροντο
1400 880 1642 935 τοιοῦτον
1689 883 1772 934 δε-

211 974 414 1039 ςπνὲτην,
466 973 564 1024 καὶ
620 969 784 1023 πλέον
821 970 978 1024 οὐδὲν
1031 971 1323 1040 ὠφέλησαν
1367 971 1400 1042 ἢ
1437 975 1640 1042 κωφοῖς
1674 975 1768 1027 καὶ

205 1066 363 1123 κενοῖς
409 1061 638 1130 δάκρυσι
683 1063 1123 1128 καταπλύνοντες
1154 1065 1214 1117 τὸ
1271 1063 1550 1134 βασιλικὸν
1593 1066 1768 1119 ἐκεῖνο

206 1157 372 1225 σῶμα.
400 1155 510 1208 Καὶ
546 1155 611 1226 δὴ
640 1155 741 1226 τὴν
770 1155 962 1227 κλίνην
987 1157 1153 1211 αὐτοῦ
1184 1157 1514 1229 ἀμφοτέρων
1537 1175 1770 1228 περικυ-

205 1245 467 1299 κλούντων
517 1246 611 1299 καὶ
654 1249 775 1311 ταῖς
806 1247 1030 1312 πολλαῖς
1072 1250 1344 1317 οἰμωγαῖς
1394 1247 1766 1318 κοπτομένων,

204 1337 288 1387 καὶ
321 1336 453 1406 πρὸς
484 1336 553 1388 τὰ
582 1336 712 1407 τέλη
744 1338 921 1408 πάντη
951 1331 1026 1415 ὧν
1057 1339 1084 1391 ὁ
1112 1338 1317 1407 γλυκὺς
1357 1341 1450 1392 καὶ
1481 1339 1767 1394 πλουτοδό-

202 1444 292 1494 της
323 1427 593 1498 βασιλεὺς,
620 1432 973 1501 χοροστασίαι
1009 1432 1182 1500 ἁγίων
1216 1433 1312 1486 καὶ
1340 1433 1567 1488 δικαίων
1599 1450 1767 1504 μονα-

205 1520 307 1590 χῶν
339 1536 394 1573 τε
425 1523 519 1573 καὶ
547 1522 845 1592 μαρτύρων
867 1524 960 1577 καὶ
989 1525 1264 1595 ίεραρχῶν
1297 1525 1659 1595 παρίσταντο,
1678 1517 1771 1578 κάκ

201 1616 257 1665 τὸ
280 1615 544 1681 πανάγιον
592 1615 760 1668 αὑτοῦ
794 1615 1013 1684 πνεῦμα
1042 1618 1232 1688 χερσὶν
1280 1617 1599 1688 ἀγγελικαῖς
1632 1634 1772 1688 παρ-

201 1704 381 1758 έθεντο
412 1705 476 1761 ⁸³.
501 1706 612 1758 Καὶ
637 1705 824 1776 τάχιον
868 1707 1059 1761 τοῦτον
1087 1710 1504 1780 ἀποσμήξαντες
1532 1709 1770 1780 προέθη-

201 1815 299 1851 καν
325 1798 381 1850 ὲν
401 1800 514 1860 τοῖς
534 1798 827 1852 δεκαεννέα
855 1798 1182 1863 ἀκουὸίτοις.
1200 1801 1309 1853 Καὶ
1323 1801 1559 1872 ψαλμοῖς
1579 1799 1770 1854 τοῦτον

200 1889 510 1953 τελέσαντες
535 1889 781 1960 παρευΘὺ
815 1891 1108 1959 ἐξήγαγον,
1144 1893 1238 1944 καὶ
1269 1893 1406 1964 πρὸς
1426 1893 1527 1962 τὴν
1545 1893 1770 1962 Χαλκῆν

201 1979 510 2044 ἀποθέντες,
530 1981 841 2034 τελευταῖον
870 1981 1166 2052 ἀσπασμὸν
1212 1985 1238 2036 ὁ
1263 1984 1555 2053 ἀρχιερεὺς
1595 1984 1691 2038 καὶ
1721 1985 1769 2036 οἱ

203 2070 358 2138 ἱερεῖς
382 2071 476 2123 καὶ
509 2071 558 2124 οἱ
593 2071 884 2143 μάγιστροι
918 2074 1012 2126 καὶ
1041 2075 1091 2126 οἱ
1126 2074 1407 2144 πατρίκιοι
1441 2075 1534 2128 καὶ
1557 2077 1591 2146 ἠ
1620 2076 1769 2128 πᾶσα

200 2160 498 2230 σύγκλητος
553 2163 970 2231 κατησπάζοντο
991 2180 1004 2194 °
1041 2165 1134 2218 καὶ
1162 2165 1192 2218 ὁ
1237 2166 1337 2235 τῆς
1355 2167 1768 2232 καταστάσεως,

198 2251 268 2316 ὡς
290 2253 406 2315 ἔθος
433 2250 520 2324 ἦν,
545 2254 888 2325 ἀνακράξαςο
932 2255 1204 2324 Ἔξελθε,
1259 2258 1549 2321 βασιλεῦ’
1599 2261 1777 2317 καλεῖ

198 2361 269 2398 σε
294 2345 328 2397 ὁ
353 2344 657 2411 Βασιλεὺς
685 2343 803 2399 τῶν
819 2346 1280 2410 ,ϐασιλευόντων
1297 2349 1392 2402 καὶ
1418 2351 1632 2419 Κύριος
1654 2351 1773 2406 τῶν

199 2436 616 2502 κυριευόντων,
673 2436 888 2489 καὶτοῦ
927 2438 1167 2502 πλήθους
1215 2439 1309 2492 τοῦ
1336 2441 1491 2511 ὄχλου
1522 2441 1650 2513 βοὴν
1679 2444 1772 2496 καὶ

197 2528 440 2581 κωκυτὸν
495 2528 588 2581 καὶ
615 2528 852 2600 ὀδυρμὸν
908 2529 1234 2599 βαλλόντων,
1289 2534 1386 2586 καὶ
1437 2535 1530 2587 τοῦ
1583 2536 1771 2606 τρίτου

197 2619 351 2672 τοῦτο
411 2621 804 2691 φωνήσαντος,
863 2622 1113 2692 παρευθὺ
1158 2623 1392 2695 ἄραντες
1443 2626 1535 2680 τὸν
1563 2627 1772 2680 ἄνακτα

199 2712 465 2782 ἐξήγαγον
489 2713 596 2766 ἀπὸ
627 2714 737 2767 τῶν
764 2712 1056 2784 βασιλικῶν
1089 2715 1272 2786 δόμων
1318 2717 1411 2769 ἐπὶ
1440 2717 1536 2788 τὴν
1565 2718 1774 2789 λεωφό-

201 2820 309 2872 ρον,
348 2805 446 2857 καὶ
495 2805 631 2875 πρὸς
678 2805 770 2857 τὸν
821 2805 948 2860 ναὸν
997 2806 1106 2861 τῶν
1170 2807 1371 2876 Ἀγίων
1430 2809 1774 2866 Ἀποστόλων

198 2896 409 2966 ἔφερον,
436 2897 534 2967 τῆς
585 2899 892 2968 συγκλήτου
931 2899 1114 2971 πάσης
1166 2902 1628 2975 προπεμπούσης,
1681 2905 1774 2959 καὶ¹

196 2990 402 3060 ᾀτμασι
430 2991 800 3061 προπομπὲοις
830 2990 928 3064 τὴν
961 2993 1142 3060 ἔξοδον
1177 2996 1593 3065 μεγαλύνοντες.

265 3165 364 3232 v‘r'.
412 3167 522 3217 Καὶ
545 3165 598 3218 τί
624 3165 706 3219 δεῖ
739 3166 918 3234 λέγειν
946 3169 1024 3231 είς
1046 3167 1138 3222 τὸν
1174 3169 1499 3224 συνελθόντα
1527 3171 1654 3224 λαὸν
1685 3175 1778 3227 καὶ

195 3257 352 3324 θχλον
405 3255 508 3325 τῆς
542 3257 842 3320 πολιτείας,
884 3259 994 3310 τῶν
1028 3259 1126 3328 μὲν
1155 3259 1250 3326 ἀφ’
1279 3259 1449 3330 ὕψους
1477 3262 1538 3314 τὸ
1564 3261 1777 3332 βασιλιι

192 3349 289 3400 κον
340 3349 526 3400 ἐκεῖνο
571 3349 773 3417 σκῆνος
821 3351 1284 3418 κατοπτευὼτων,
1326 3353 1435 3406 τῶν
1460 3352 1514 3406 δὲ
1552 3356 1780 3427 πλησίον

195 3440 733 3510 παραθεωρούντων,
785 3445 878 3497 καὶ
912 3444 1090 3498 ἄλλων
1124 3444 1224 3514 μὲν
1270 3447 1328 3513 ἐξ
1354 3447 1652 3518 οἰκοδομῶν
1687 3450 1780 3503 καὶ

189 3535 521 3604 οἰκημάτων
547 3533 835 3606 μετεώρων
866 3535 962 3588 καὶ
987 3536 1208 3606 ὑψηλῶν
1239 3539 1662 3609 προκυπτόντων
1689 3541 1779 3594 καὶ

190 3627 331 3697 πρὸς
370 3625 473 3697 τὴν
512 3625 640 3679 θέαν
688 3626 788 3696 τῆς
847 3627 1039 3698 κλίνης
1097 3630 1551 3701 ὲπιρῤιπτὸντων,
1587 3632 1694 3684 τῶν
1723 3631 1780 3685 δὲ

187 3716 450 3787 κρυφίως
473 3715 807 3792 μυρομένων
843 3717 939 3769 καὶ
971 3721 1291 3789 στεναγμοῖς
1319 3718 1624 3790 ὲγκαρδίοις
1664 3718 1782 3773 κλο-

185 3809 500 3878 νουμένων,
535 3806 623 3880 [Ρ.
650 3807 779 3880 292]
811 3811 904 3860 καὶ
953 3809 1129 3863 ἄλλων
1160 3809 1414 3880 ὀδυρμοῖς
1458 3811 1780 3877 καταξαινο·

187 3902 405 3972 μένων,
459 3902 553 3955 xui.
586 3901 762 3956 ἄλλων
816 3901 979 3955 τινῶν
1033 3901 1287 3972 ὀξύτερον
1339 3903 1778 3970 ὲπικωκυόντων,

183 3996 288 4048 καὶ
315 3994 732 4064 συνθλιϐόμενοι
763 3996 858 4047 καὶ
881 3991 1346 4064 ἀπολοφυρόμενοι
1375 3993 1450 4064 τῷ
1473 3994 1638 4063 κοινῷ
1657 3993 1782 4049 δυσ-

179 4091 503 4158 τυχῆματι,
562 4086 724 4142 τινῶν
745 4087 801 4140 δὲ
827 4087 922 4140 καὶ
947 4087 1016 4140 τὰ
1061 4086 1274 4157 δάκρυα
1322 4088 1614 4156 κρουνηδὸν
1649 4103 1784 4158 προ-

180 4175 440 4244 χεόντων
499 4177 596 4228 καὶ
646 4175 748 4246 τὴν
796 4175 1232 4246 χρυσοκόλλητον
1280 4176 1470 4246 κλίνην
1505 4176 1548 4207 ⁸³
1578 4191 1784 4247 καταρ-

177 4266 466 4320 δευὸντων
515 4267 608 4320 καὶ
652 4269 1153 4341 καταρραινόντων.
1195 4268 1284 4332 Ὦς
1313 4268 1370 4322 δὲ
1393 4267 1471 4341 τῷ
1516 4269 1628 4341 ναῷ
1672 4270 1782 4323 τῶν

193 4355 415 4425 ’Δγίων
451 4359 790 4413 ’Λπὸστολων
824 4362 1203 4431 προσήγγισαν
1224 4363 1316 4414 καὶ
1348 4362 1456 4416 ἔσω
1482 4366 1543 4416 τὸ
1571 4360 1783 4433 βασιλι-

177 4449 290 4501 κὸν
313 4450 791 4521 δορυῳορούμενον
816 4451 1068 4520 ἐφαίνετο
1097 4452 1276 4524 σῶμα,
1314 4455 1342 4507 ὁ
1374 4455 1660 4526 πατρίκιος
1691 4455 1784 4509 καὶ

175 4543 711 4612 παρακοιμώμενος
739 4545 1022 4607 Βασίλειος
1043 4545 1103 4597 τὸ
1135 4545 1400 4613 πανάγιον
1431 4547 1597 4600 αὐτοῦ
1629 4547 1789 4618 σῶμα

175 4637 317 4697 ταῖς
346 4637 601 4700 οἰκείαις,
625 4636 701 4700 ὡς
731 4636 853 4699 ἔθος
882 4639 998 4700 τοῖς
1042 4639 1257 4708 νεκροῖς
1305 4641 1500 4702 ποιεῖν,
1533 4639 1786 4712 λαζαρώ-

179 4739 324 4793 σας,
351 4727 572 4781 καὶτοῦ
602 4730 773 4797 τάφου
807 4729 924 4797 ἦτοι
966 4729 1062 4782 τοῦ
1099 4729 1370 4800 λάρνακος
1398 4732 1787 4802 εὐτρεπισθέν-

175 4836 288 4882 τος
304 4823 427 4901 ⁵καὶ
455 4823 797 4890 σηκωοέντος
826 4823 889 4888 ⁸⁸,
912 4823 1173 4876 κατέθετο
1199 4823 1336 4892 μετά
1372 4826 1599 4888 Λέοντος
1633 4826 1792 4896 βασι-

181 4911 344 4976 λέως
401 4914 498 4967 τοῦ
552 4914 760 4982 πατρὸς
798 4913 987 4967 αὐτοῦ.
1019 4915 1130 4985 Τὴν
1161 4915 1214 4968 δὲ
1254 4918 1527 4988 πατρικὴν
1564 4919 1794 4989 ἑνότητα

181 5007 296 5057 καὶ
319 5007 551 5074 ἀγάπην
581 5007 703 5060 οὐδὲ
732 5005 872 5075 μετά
896 5006 1125 5060 Θάνατον
1151 5011 1245 5063 καὶ
1282 5012 1458 5081 ταφὴν
1481 5013 1508 5064 ὁ
1541 5011 1794 5081 φίλτατος

183 5096 316 5156 υἱὸς
350 5099 722 5167 ἀπέστρεψεν.
963 5147 970 5152 .

265 5189 372 5243 τίδ’.
416 5185 610 5261 Ἦντῇ
643 5192 756 5264 ίδέᾳ
777 5193 805 5246 ὁ
835 5193 1349 5264 Πορφυρογέννητος
1383 5193 1794 5258 Κωνσταντϊνος

181 5281 218 5332 ὁ
259 5281 530 5350 βασιλεὺς
561 5286 812 5357 εὐμήκης
837 5288 904 5357 τῇ
925 5286 1132 5357 ήλικέᾳ,
1156 5285 1350 5346 λευκὸς
1373 5287 1438 5355 τῇ
1470 5287 1629 5357 χροιᾷ
1659 5286 1794 5339 ὡσεὶ

183 5375 372 5440 γάλα,
432 5377 796 5447 εὐόφθαλμος,
857 5380 1183 5450 χαροποιοὺς
1243 5377 1381 5448 ἔχων
1457 5378 1790 5448 ὀροαλμοὺς,

179 5468 424 5534 γρυπὸς
472 5471 592 5541 ἢτοι
641 5470 845 5540 ἑπίριν,
885 5471 1380 5540 μακροπρὸσωπος,
1430 5470 1655 5540 ῥοδινος,
1692 5490 1795 5540 μα·-

182 5560 612 5633 κρστράχηλος,
656 5566 720 5635 τῇ
771 5563 959 5633 ἡλικίᾳ
1015 5561 1196 5633 ὄρθιος
1230 5562 1364 5613 ὡσεὶ
1427 5559 1790 5630 κυπάρισσος,

893 313 1038 370 LIB.
1071 313 1167 371 VI.
1208 338 1278 347 -—
1317 307 1902 371 CONSTAN'FINUS
1927 308 2693 370 PORPHYROGENITUS.

3337 305 3443 370 486

1803 429 1846 483 Α
1946 427 2036 481 59..
2074 424 2274 479 Helena
2305 437 2468 493 porro
2495 422 2737 490 Augusta
2768 431 2890 472 cum
2925 415 3108 472 liberis
3134 417 3445 488 Basilioque

1871 519 2106 591 patricio
2135 526 2189 572 ct
2229 517 2370 571 sacri
2407 512 2642 569 cubiculi
2695 509 2949 582 praefecto
2994 525 3095 564 nec
3145 525 3252 563 non
3290 511 3449 563 cubi-

1869 612 2114 677 culariis,
2171 611 2261 665 ubi
2311 610 2704 679 imperatorem
2738 602 3159 657 Constantinum
3203 599 3444 655 animam

1870 713 2117 773 agentem
2152 716 2214 755 ac
2251 700 2363 770 jam
2399 697 2571 766 linqui
2606 696 2880 757 viderunt,
2911 693 3055 746 lecto
3101 691 3492 769 circumfusi”

1871 794 2139 847 immenso
2169 785 2298 842 ﬂetu
2327 785 2486 858 5.67
2541 800 2606 838 ac
2635 784 2840 852 ejulatu
2881 781 3158 850 lacrymas
3189 781 3444 842 libantes,

1870 880 2061 936 herum
2095 881 2257 934 talem
2306 893 2368 931 ac
2399 876 2676 931 dominum
2713 874 3106 944 deplangehant
3139 886 3201 925 ac
3240 872 3450 923 lamen-

1872 975 2158 1039 tabantur;
2220 971 2465 1039 nihilque
2532 967 2660 1021 inde
2689 966 2917 1035 majoris
2959 963 3135 1034 frugis
3164 962 3448 1018 consecuti

1870 1075 2002 1124 sunt
2022 1080 2184 1137 quam
2218 1071 2278 1119 ut
2302 1061 2469 1116 mutis
2504 1058 2876 1128 inanibusque
2914 1056 3168 1126 lacryniis
3213 1055 3450 1123 impera-

1869 1161 2007 1216 toris
2044 1173 2246 1228 corpus
2299 1155 2430 1210 illud
2467 1153 2741 1221 funusque
2782 1149 3120 1220 proluerent.
3156 1147 3293 1201 lline
3322 1145 3450 1199 inde

1869 1253 2092 1322 itaque,
2148 1253 2267 1320 ejus
2325 1251 2524 1304 lectum
2584 1246 2834 1314 utrisque
2879 1241 3249 1296 ambientibus
3307 1237 3446 1293 mul-

1869 1331 2038 1414 toque
2065 1341 2270 1413 gemitu
2307 1335 2784 1408 deplangentibus,
2819 1347 2942 1387 cum
2991 1346 3218 1400 prorsus
3260 1329 3312 1380 in
3357 1345 3454 1381 ex-

1870 1436 2059 1489 tremis
2099 1438 2247 1486 esset
2282 1429 2457 1482 dulcis
2524 1442 2586 1480 ac
2639 1424 2885 1494 locuples
2941 1428 3258 1475 muneratur
3309 1419 3454 1472 Cun-

1849 1525 2168 1586 'stantiuus,
2229 1521 2523 1576 astiterunt
2579 1526 2898 1572 sanctorum
2947 1514 3336 1584 iustorumque
3397 1519 3454 1564 et

1871 1617 2272 1674 monachorum
2331 1621 2494 1682 atque
2564 1616 2866 1678 martyrum
2922 1621 2986 1659 ae
3031 1603 3450 1658 hierarcharum

1842 1708 2045 1770 'CllOl‘i,
2104 1720 2376 1774 suumque
2423 1703 2514 1756 ille
2583 1709 2834 1754 sant-tum
2897 1697 3146 1766 spiritum
3195 1693 3456 1763 angelicis

1801 1783 1844 1838 Β
1879 1801 2135 1855 :nauihus
2192 1795 2639 1860 commendavit;
2673 1793 2948 1860 citiusque
2978 1791 3353 1857 abstergcntes
3398 1788 3450 1838 in

1871 1889 2259 1947 Novemdecim
2295 1887 2648 1942 accubituum
2676 1889 3084 1953 exposuerunt;
3119 1878 3454 1948 psalmisque

1873 1985 1922 2039 ei
1963 1981 2322 2054 defungentes
2355 1977 2648 2035 confestim
2693 1974 3024 2035 eduxerunt,
3067 1987 3130 2025 ac
3162 1971 3216 2023 in
3254 1967 3454 2023 Chalee

1872 2073 2120 2146 deposito
2170 2084 2490 2141 supremum
2531 2066 2686 2122 urbis
2720 2065 3013 2135 episcopus
3045 2070 3100 2116 et
3140 2059 3455 2115 sacerdotes

1871 2176 1926 2222 et
1956 2165 2203 2235 magistri
2250 2173 2304 2220 et
2341 2160 2556 2232 patricii
2584 2158 2875 2227 omnisque
2928 2164 3156 2212 senatus
3198 2152 3451 2207 oseulum

1872 2257 2144 2314 dederunt
2183 2271 2248 2310 ac
2273 2253 2715 2310 consalutarunt.
2747 2248 2884 2302 Tum
2917 2261 2980 2301 ex
3019 2259 3170 2299 more
3201 2245 3456 2312 magister

1874 2350 2326 2409 caeremoniarum
2367 2346 2475 2400 alta
2510 2359 2639 2400 voce
2667 2350 2830 2412 atque
2862 2340 3125 2401 clamore,
3174 2334 3452 2403 Egredere,

1873 2447 2201 2513 imperator;
2261 2446 2411 2494 vocat
2477 2449 2525 2492 te
2565 2451 2656 2490 rex
2694 2447 2872 2504 regum
2904 2441 2952 2485 et
2988 2429 3246 2482 Dominus
3277 2425 3458 2480 domi-

1874 2535 2118 2589 nantium
2137 2513 2170 2596 ;’
2189 2530 2474 2601 plebisque
2498 2527 2718 2582 sublato
2751 2523 2993 2578 clamore
3025 2531 3077 2573 et
3106 2518 3309 2589 gemitu
3337 2515 3459 2569 lon-

1875 2641 2050 2696 goque
2084 2615 2298 2692 lugubri
2331 2633 2487 2681 voce,
2520 2631 2584 2670 ac
2617 2629 2742 2668 cum
2788 2611 2972 2675 tertio,
3003 2623 3166 2678 quem
3209 2607 3343 2667 dixi,
3371 2605 3457 2657 in-

1876 2724 2066 2786 ceptor
2112 2708 2543 2784 pronuntiasset,
2595 2702 2886 2759 confestim
2940 2698 3194 2754 tollentes
3223 2696 3457 2764 impera-

1877 2785 2049 2865 torem
2077 2821 2107 2859 e
2131 2803 2298 2874 regiis
2325 2785 2532 2856 aedibus
2554 2797 2884 2854 eduxerunt,
2907 2791 3234 2864 publicaque
3259 2787 3457 2841 vehen-

1875 2909 1958 2956 tes
1987 2898 2052 2954 ad
2110 2895 2214 2951 SS.
2258 2892 2645 2963 Apostolorum
2696 2886 3034 2945 detulerunt,
3075 2895 3326 2950 pompam
3359 2893 3456 2931 co-

1877 2993 2105 3048 mitante
2139 2987 2400 3043 universo
2453 2991 2671 3044 senatu,
2731 2994 2796 3034 ac
2857 2976 3184 3033 funebribus
3227 2969 3455 3027 canticis

1801 3121 1846 3179 ο
1879 3084 2164 3156 magnifice
2194 3082 2292 3135 viri
2321 3079 2528 3134 exitum
2564 3084 2889 3130 exornante.

1950 3177 2040 3231 55.
2075 3173 2216 3240 Quid
2250 3185 2380 3225 vero
2418 3169 2616 3223 attinet
2649 3165 2832 3238 populi
2867 3163 3176 3229 civiumque
3214 3159 3462 3212 multitu-

1881 3267 1950 3321 do
1990 3272 2190 3334 quanta
2232 3258 2556 3315 confluxerit
2588 3251 2856 3308 narrare?
2887 3268 3010 3307 cum
3051 3251 3142 3304 alii
3173 3266 3202 3302 e
3231 3249 3451 3304 sulzlimi

1883 3354 2092 3424 regium
2117 3350 2251 3405 illud
2287 3343 2700 3403 tabernaculum
2742 3347 3087 3410 aspectarent
3125 3338 3214 3390 alii
3253 3354 3281 3390 e
3313 3338 3454 3390 Vici-

1881 3463 1952 3501 no
1989 3443 2163 3500 obiter
2235 3446 2542 3500 cernerent,
2595 3435 2687 3488 alii
2719 3449 2748 3488 e
2792 3433 3080 3487 domorum
3127 3430 3249 3482 altis
3276 3443 3460 3481 emira—

1882 3538 2019 3594 culis
2045 3533 2212 3607 468
2241 3535 2507 3602 tantisper
2525 3524 3006 3599 prOSpieientcsin
3038 3521 3258 3576 feralem
3295 3521 3462 3574 let-tu-

1883 3629 1997 3685 lum
2044 3627 2238 3682 oculos
2299 3636 2536 3693 superne
2592 3617 2950 3687 conjicereut,
3003 3614 3095 3668 alii
3137 3629 3318 3668 secum
3358 3610 3460 3682 ipsi

1886 3721 2156 3790 taciteque
2192 3717 2462 3788 lugerent,
2495 3729 2557 3766 ac
2579 3711 2760 3766 cordis
2786 3707 3042 3778 suspiriis
3080 3715 3459 3776 quaterentur,

1885 3813 1974 3868 alii
2015 3809 2309 3883 gemitibus
2356 3805 2810 3864 dilacerarentur,
2874 3799 3122 3854 nonnulli
3157 3797 3318 3851 altius
3340 3797 3464 3866 qui-

1881 3893 2203 3962 ritarentur,
2237 3895 2541 3968 plangendo
2579 3908 2641 3949 ac
2683 3892 2933 3948 deflendo
2967 3905 3258 3946 commune
3292 3887 3466 3942 infor-

1885 3995 2120 4058 tunium,
2153 3992 2247 4046 alii
2282 3988 2520 4045 ubertim
2550 3986 2811 4042 torrentis
2847 3986 3018 4040 instar
3047 3984 3314 4054 lacrymas
3338 3981 3462 4033 luu-

1883 4090 2094 4151 derent.
2126 4099 2372 4155 auroque
2408 4091 2752 4152 compactam
2791 4077 3135 4147 sandapilam
3171 4077 3314 4129 illam
3348 4076 3456 4128 Iar-

1884 4181 2038 4254 giore
2079 4178 2207 4233 ﬂetu
2258 4182 2611 4245 aspergerent
2664 4186 2730 4226 ac
2795 4167 3204 4239 perfunderent.
3239 4163 3338 4219 Ubi
3392 4165 3459 4218 ad

1887 4274 1990 4332 SS.
2049 4268 2444 4342 Apostolorum
2499 4262 2871 4320 venerandam
2935 4261 3105 4316 ardent
3171 4265 3462 4321 venerunt,

1887 4365 2077 4436 sicque
2127 4375 2327 4433 pompa
2373 4358 2576 4412 elatum
2615 4353 2964 4424 imperatoris
3014 4351 3180 4405 funus
3227 4349 3280 4402 in
3334 4348 3467 4402 illud

1810 4455 1864 4514 D
1891 4457 2215 4516 intulerunt,
2256 4449 2492 4505 Basilius
2523 4447 2786 4517 patricius
2816 4460 2880 4500 ac
2905 4443 3045 4498 sacri
3075 4441 3311 4497 cubiculi
3341 4457 3470 4509 prre-

1881 4547 2071 4629 fectus
2100 4547 2216 4602 suis
2266 4544 2384 4613 ipse
2417 4541 2694 4602 manibus,
2743 4539 2822 4592 uti
2860 4536 3030 4610 moris
3061 4545 3144 4590 est
3174 4534 3467 4595 defunctis,

1893 4634 2306 4694 sanctissimum
2339 4631 2460 4702 ejus
2493 4631 2726 4684 cadaver
2771 4626 2953 4680 linteis
2989 4626 3304 4692 institisque
3336 4639 3470 4676 ron-

1888 4729 2137 4793 volvens,
2154 4724 2473 4793 tumuloque
2491 4737 2586 4776 seu
2606 4736 2740 4774 urna
2768 4721 2866 4772 rite
2885 4726 3069 4788 parata
3089 4733 3151 4770 ae
3173 4715 3468 4786 composita

1894 4835 2016 4876 cmn
2062 4818 2242 4871 Leone
2284 4815 2404 4886 ejus
2458 4825 2612 4886 patre
2662 4813 2988 4880 imperatore
3028 4813 3082 4864 in
3117 4816 3471 4863 monumento

1893 4917 2160 4982 condidit,
2196 4917 2271 4970 ita
2313 4932 2445 4970 sane
2482 4922 2541 4967 ut
2574 4913 2832 4966 unionem
2872 4922 2998 4962 eum
3051 4918 3203 4975 patre
3237 4918 3299 4955 ac
3345 4901 3473 4954 (ειμι.

1894 5013 2110 5066 ritatem
2145 5023 2244 5064 nec
2275 5018 2398 5078 post
2432 5022 2663 5062 mortem
2687 5020 2749 5058 ae
2775 5003 3113 5073 sepulturam
3146 4997 3473 5052 charissima

1895 5103 2074 5170 proles
2115 5109 2365 5155 aversata
2392 5101 2488 5153 sit.

1966 5194 2055 5248 54.
2090 5191 2219 5246 Erat
2257 5191 2651 5245 Constantinus
2697 5189 3252 5259 Porphyrogenuetus
3299 5183 3475 5249 impc-

1896 5297 2046 5343 rator
2071 5299 2294 5355 procera
2339 5293 2570 5346 statura,
2607 5283 2842 5337 candido
2887 5282 3045 5335 lactis
3073 5280 3244 5332 instar
3268 5278 3474 5336 colore,

1895 5379 2142 5452 pulchris
2175 5377 2348 5431 oculis
2393 5392 2456 5430 ac
2487 5376 2764 5446 gratiosis,
2823 5373 3100 5443 aquilinus
3139 5386 3233 5425 seu
3267 5371 3477 5423 adunco

1899 5487 2055 5535 naso,
2104 5471 2210 5524 lata
2243 5467 2445 5532 fronte,
2473 5484 2689 5531 roseus,
2718 5469 2957 5539 oblougo
2984 5465 3146 5528 collo,
3180 5472 3326 5518 recta
3355 5472 3477 5516 cor-

1895 5566 2043 5634 poris
2069 5572 2278 5616 statura
2311 5563 2458 5615 velut
2481 5576 2795 5632 cypressus,
2835 5561 2959 5616 latis
2996 5556 3262 5621 humeris,
3291 5553 3481 5624 probis

1349 5712 1363 5724 _
1522 5653 1751 5708 vanus
1785 5654 2184 5712 LECTIONES.

310 5750 358 5781 "
389 5750 685 5821 πυρέθετο,
790 5755 832 5788 ¹⁸
864 5749 1079 5825 κλίνην]
1117 5754 1334 5826 ἐκείνην
1369 5753 1408 5809 Ρ
1447 5773 1460 5809 :
1495 5754 1567 5810 cf.
1605 5771 1658 5825 p.
1693 5751 1801 5808 296
1828 5754 1892 5807 Α.
1974 5756 2018 5786 ¹δ
2051 5735 2389 5820 συκωθὲντςς
2420 5752 2479 5808 Ρ.
