3962 6204
344 379 424 413 cav
450 358 629 427 φύσιν,
658 351 816 426 ηῦξει
858 355 885 406 6
928 350 1165 420 ἀναυξὴς
1208 349 1332 412 re;
1361 348 1454 403 τοῦ
1506 347 1642 401 Θεοῦ
1682 350 1750 416 τῇ
1788 348 1895 418 hii;
1928 360 1966 409 Α

342 453 501 522 σαρκὶ.
544 446 873 517 ὲψυχωμένῃ
904 445 1049 514 ψυχῇ
1096 443 1287 512 λογικῇ
1336 458 1394 493 τε
1444 439 1540 492 καὶ
1570 440 1765 511 νοερᾷ’
1804 438 1900 493 καὶ

342 563 406 613 μη
429 542 654 611 τραπεὶς
678 542 705 591 6
727 538 854 599 Υἱὸς
880 535 974 588 τοῦ
1005 533 1142 586 Θεοῦ
1172 534 1310 601 ὅπερ
1333 527 1425 602 ἧν,
1456 532 1676 599 ἐγένετο
1703 530 1901 600 βρέφος

338 638 472 703 ἐνοτῇ
507 631 690 705 κοιλίᾳ
740 630 840 699 τῆς
885 627 1138 698 Μητρός·
1174 626 1272 678 καὶ
1319 621 1658 693 ἀπετελέσθη
1708 623 1901 684 ἐνωσις

338 723 627 791 ἀδιαίρετος
660 721 753 773 καὶ
801 718 1113 788 ἀσῦγχυτος
1160 715 1419 784 θεότητός
1446 731 1505 766 τε
1546 714 1642 767 καὶ⁸
1688 712 1901 782 ἀνθρω-

338 815 571 883 πότητος.
634 810 744 863 Καὶ
797 809 905 861 [iob
955 809 982 859 6
1036 804 1330 874 ἀσώματος
1376 805 1473 856 καὶ
1522 802 1899 872 ὰψηλάφητος,

339 904 716 974 σεσωμάτωται
768 900 862 951 καὶ
919 896 1269 967 ψτιλαφᾶται·
1317 896 1413 947 καὶ
1456 895 1482 947 6
1539 892 1645 963 πρὸ
1686 892 1902 946 πάντων

335 996 430 1049 τῶν
462 995 671 1049 αἰώνων
725 995 789 1045 ὲκ
827 990 920 1044 τοῦ
968 990 1183 1060 Πατρδς
1216 986 1534 1057 γεννηθεὶς,
1577 987 1687 1040 ἰδοὺ
1740 985 1903 1048 αὐτὸς

336 1088 422 1142 καὶ
452 1091 513 1141 ὲκ
544 1086 643 1155 τῆς
676 1084 839 1153 ἁγίας
867 1084 1144 1153 Παρθένου
1173 1077 1593 1151 σεσαρκωμένος
1623 1078 1901 1146 γεννᾶται.

336 1182 431 1235 Καὶ
455 1182 482 1233 6
508 1179 617 1233 τῶν
645 1178 865 1231 κόλπων
892 1175 1000 1228 τῶν
1030 1173 1321 1246 Πατρικῶν
1359 1171 1433 1243 μὴ
1462 1170 1777 1242 χωρισθεὶς,
1800 1170 1895 1223 καὶ

333 1275 392 1327 τὰ
423 1273 711 1340 σύμπαντα
743 1271 808 1340 τῇ
838 1268 1068 1337 δυνάμει
1095 1268 1195 1337 τῆς
1224 1265 1479 1335 θεότητος
1510 1265 1769 1334 συνέχων,
1800 1262 1897 1315 καὶ

330 1363 429 1418 τῶν
461 1362 679 1415 πάντων
708 1363 775 1430 τῇ
826 1359 1311 1430 παντοκρατορικῇ
1344 1356 1572 1427 δυνάμει
1614 1354 1907 1425 περιδρατ-

330 1458 561 1528 τόμενος,
588 1456 616 1507 6
645 1454 808 1515 αὐτὸς
832 1450 1260 1521 ὲνανθρωπήσας
1286 1451 1351 1503 ὲκ
1376 1450 1475 1520 τῆς
1505 1448 1666 1516 ἁγίας
1691 1446 1907 1516 Παρθέ-

330 1565 413 1601 νου
434 1550 524 1601 καὶ
554 1545 856 1615 γεννηθεὶς,
885 1545 1065 1597 κεῖται
1090 1544 1149 1595 ὲν
1179 1542 1354 1613 φάτνῃ
1380 1542 1591 1595 παιδίον
1621 1541 1908 1608 ἐσπαργα-

331 1642 579 1711 νωμένον,
638 1639 735 1710 τῆς
784 1638 947 1703 ἁγίας
984 1635 1261 1710 Παρθένου
1300 1634 1573 1705 παρθένου
1620 1632 1903 1702 μεινάσης.

327 1736 403 1790 Τὰ
426 1734 529 1806 γὰρ
558 1734 678 1787 θεῖα
719 1731 947 1785 τοιαῦτά
973 1731 1113 1783 ἐστι.
1151 1724 1365 1799 Ὥσπερ
1388 1728 1497 1797 γὰρ
1520 1728 1553 1796 ἡ
1585 1726 1779 1788 ἓνωσις
1810 1724 1906 1793 τῆς
1935 1717 1981 1775 Β

330 1827 517 1897 σαρκὸς
541 1827 632 1878 καὶ
667 1826 767 1893 τῆς
803 1822 1057 1892 θεότητος
1086 1816 1837 1890 ἁνεξερεύνητος,οῦτως·καὶ
1870 1815 1904 1885 ἡ

328 1922 589 1989 γέννησις.
608 1915 871 1986 Ἐδυνήθη
895 1915 1005 1984 γὰρ
1036 1915 1063 1967 6
1080 1912 1222 1976 θεῖος
1254 1912 1423 1978 Λόγος
1446 1911 1473 1963 6
1499 1908 1906 1977 παντοδύναμος

329 2011 461 2064 κατὰ
489 2007 747 2078 ἀλήθειαν
776 2004 1131 2077 σαρκωθῆναι
1163 2006 1256 2058 καὶ
1287 2001 1710 2073 ἐνανθρωπῆσαι
1746 2001 1803 2053 ὲν
1836 2001 1900 2069 τῇ

327 2098 591 2169 Δεσποίνῃ
624 2097 718 2149 καὶ
743 2095 1073 2166 γεννηθῆναι
1108 2095 1165 2160 ἐξ
1206 2092 1401 2162 αὐτῆς,
1435 2092 1530 2144 καὶ⁵
1562 2090 1660 2161 τὴν
1699 2088 1907 2155 παρθε-

329 2191 441 2243 νίαν
477 2186 927 2259 ἐσφραγισμένην
960 2184 1319 2254 διαφυλάξαι·
1358 2183 1550 2253 ὥσπερ
1582 2179 1674 2236 οὖν
1712 2180 1905 2253 ἀμέλει

328 2286 415 2337 καὶ
449 2283 554 2336 τῶν
597 2280 780 2355 θυρῶν
828 2278 1239 2350 κεκλεισμένων
1288 2278 1420 2350 ἑστη
1480 2279 1539 2333 ὲν
1597 2278 1749 2349 μέσῳ
1793 2276 1903 2329 τῶν

327 2375 605 2447 μαθητῶν.

390 2468 458 2541 η’.
494 2469 595 2522 Διᾶ
624 2467 785 2522 τοῦτο
830 2469 865 2539 ἡ
914 2466 1044 2533 ἁγία
1078 2465 1173 2519 καὶ
1210 2463 1545 2534 ἁποστολικὴ
1605 2461 1904 2531 Ἐκκλησία

325 2564 496 2617 πάντα
534 2560 804 2622 εὐπειθῶς
832 2563 900 2613 τὰ
930 2560 1050 2613 θεῖα
1083 2559 1432 2627 ἀποδέχεται,
1461 2556 1637 2609 πάντα
1673 2555 1902 2618 πιστῶς,

321 2655 497 2708 πάντα
555 2652 1069 2720 ἀπολυπραγμόνως
1121 2648 1266 2701 σέϐει
1322 2648 1417 2702 καὶ
1459 2650 1759 2719 προσκυνεῖ
1805 2649 1901 2699 καὶ

318 2747 474 2818 τιμᾷ.
518 2746 693 2810 Δῦτδς
727 2741 822 2799 οὖν
854 2747 882 2799 6
921 2744 1050 2805 Υἱὸς
1090 2741 1191 2795 τοῦ
1227 2740 1364 2794 Θεοῦ
1403 2742 1431 2793 6
1461 2740 1713 2809 ἀληθινὸς
1748 2740 1903 2805 Θεὸς,

317 2840 408 2892 διὰ
430 2840 533 2909 τὴν
558 2838 835 2907 ἡμετέραν
861 2836 1135 2905 σωτηρίαν
1163 2834 1371 2886 παιδίον
1392 2832 1694 2902 γεννηθεὶς,
1722 2831 1905 2899 αὕξειν

313 2928 536 2996 λζγεται
589 2931 655 3000 τῇ
711 2928 816 3000 ἰδίᾳ
876 2928 1064 2998 σαρκὶ,
1110 2927 1182 2979 τά
1228 2925 1475 2997 ήμέτερα
1533 2925 1915 2994 οξκειούμενοῖ

317 3018 622 3089 ἀδιάϐλητα
657 3018 807 3087 παθη
829 3033 842 3049 ’
867 3019 962 3072 καὶ
993 3017 1326 3087 προκόπτειν
1362 3017 1527 3087 σοφίᾳ
1570 3017 1666 3070 καὶ
1718 3017 1905 3087 ἡλικίᾳ

312 3112 401 3165 διὰ
434 3111 535 3181 τὴν
569 3109 716 3164 κατὰ
768 3110 933 3180 μέρος
987 3106 1284 3173 ἀνάδειξιν,
1321 3109 1467 3171 ὅπως
1519 3108 1668 3180 δείξῃ
1702 3109 1906 3179 κυρίως

315 3205 414 3258 καὶ
455 3204 600 3259 κατὰ
659 3201 921 3274 ἀλήθειαν
973 3196 1115 3255 εἶναι
1168 3201 1266 3269 τὴν
1324 3199 1763 3271 ὲνανθρώπησιν.
1797 3200 1908 3253 Καὶ

314 3297 519 3367 κοπιᾷν
558 3295 799 3365 λέγεται.
836 3295 931 3348 καὶ
965 3295 1158 3363 πεινῇν
1197 3295 1291 3345 καὶ
1319 3291 1503 3361 διψῇν,
1543 3294 1635 3345 καὶ
1667 3293 1779 3355 τοῖς
1810 3292 1907 3345 ἁν-

312 3388 563 3459 θρεῖιποις
624 3389 1142 3457 συναναστραφῆναι
1175 3423 1192 3448 .
1251 3385 1468 3448 διδάξας
1512 3384 1609 3437 καὶ
1665 3384 1908 3452 φωτίσας

309 3480 500 3535 πάντα
548 3478 837 3549 ἄνθρωπον
865 3480 1163 3549 ἐρχόμενον
1218 3478 1298 3541 είς
1331 3477 1423 3531 τὸν
1473 3477 1699 3546 κόσμον.
1732 3475 1907 3540 Αὐτὸς

308 3574 425 3643 γάρ
455 3573 577 3625 ἐστι
605 3570 665 3624 τὸ
693 3572 808 3638 φὼς
842 3569 904 3623 τὸ
934 3569 1208 3641 ἀληθινόν.
1596 3604 1599 3607 -

1931 3062 1978 3120 C

383 3749 457 3804 0'.
516 3749 721 3803 Λοιπὸν
772 3746 827 3800 δὲ
878 3746 965 3799 διὰ
1003 3745 1102 3817 τὴν
1134 3746 1370 3815 ἄμετρον
1404 3742 1567 3797 αὑτοῦ
1606 3742 1909 3812 φιλανθρωη

303 3846 470 3902 πίαν,
506 3844 602 3895 καὶ
632 3840 801 3893 ἔπαθε
831 3843 897 3910 τῇ
935 3839 1043 3909 ἰδίᾳ
1082 3838 1267 3908 σαρκί.
1297 3838 1469 3898 Αὐτὸς
1499 3838 1607 3905 γὰρ
1638 3838 1666 3887 6
1703 3834 1907 3905 Κύριος

298 3939 411 4005 τῆς
442 3934 603 4003 δόξης
632 3933 773 4005 ὑπὲρ
793 3933 948 4003 ἡμῶν
968 3930 1289 4001 ἐσταυρώθη
1312 3930 1404 3982 καὶ
1432 3928 1519 4001 [Ρ.
1548 3928 1677 3999 508]
1708 3928 1906 3995 πάσχει

300 4028 568 4097 άληθῶς.
607 4026 812 4095 Πάσχει
842 4026 949 4095 γὰρ
986 4026 1046 4077 οὐ
1089 4026 1154 4093 τῇ
1196 4021 1432 4090 θεότητι.
1473 4021 1608 4073 ἀλλὰ
1637 4026 1702 4091 τῇ
1736 4020 1909 4072 ἀδιαι-

297 4123 493 4191 ρέτως
530 4116 868 4185 συναφθείση
899 4113 1049 4186 αὐτῷ
1082 4114 1188 4185 ἰδίᾳ
1223 4113 1387 4184 σαρκὶ¹
1420 4110 1770 4181 ἐψυχωμένῃ,
1811 4109 1907 4161 καὶ

289 4213 693 4282 ἀποθνήσκει·
749 4211 847 4277 τῆς
899 4207 1079 4278 ψυχῆς
1115 4207 1360 4275 δηλονότι
1394 4204 1760 4277 χωρισθείσης
1809 4199 1905 4254 τοῦ

288 4307 601 4378 σώματος.
640 4304 701 4356 Ἥ
732 4305 842 4375 γὰρ
869 4303 1084 4370 θεότης,
1116 4298 1421 4369 ἀδιαίρετος
1455 4298 1550 4351 καὶ
1575 4295 1906 4365 ἁσύγχυτος,

289 4406 407 4455 καὶ
434 4404 502 4469 τῇ
534 4400 682 4468 ψυχῇ
713 4398 969 4467 ἡνωμένη
1000 4389 1069 4464 ἦν
1101 4394 1195 4444 καὶ
1223 4390 1299 4460 τῷ
1333 4389 1572 4459 σώματι.
1623 4388 1905 4457 Κατῆλθεν

286 4496 403 4551 οὖν
439 4497 469 4545 ὁ
490 4495 617 4555 Υἱὸς
640 4491 731 4545 τοῦ
758 4488 895 4543 Θεοῦ
921 4491 987 4557 τῇ
1017 4486 1123 4558 ἰδίᾳ
1146 4485 1293 4554 ψυχῇ
1312 4483 1449 4553 πρὸς
1467 4484 1565 4542 τὰς
1594 4483 1702 4535 τῶν
1734 4483 1903 4551 ἁγίων

284 4588 526 4657 ψυχὰς,
563 4585 657 4636 καὶ
689 4582 851 4635 πάλιν
894 4581 1119 4648 ἀνέστη,
1160 4576 1259 4645 τῆς
1293 4575 1471 4645 ψυχῆς
1503 4574 1796 4643 ἑνωοείσης
1828 4573 1905 4644 τῷ

286 4677 565 4745 σώματι.
614 4671 837 4741 Ἀνέστη
869 4669 962 4723 οῦν
1001 4671 1030 4721 ὁ
1077 4667 1239 4730 αὐτὸς
1301 4665 1595 4735 μονογενὴς
1642 4664 1767 4727 Υἱὸς
1811 4665 1903 4717 τοῦ

284 4767 455 4820 Θεοῦ
482 4768 552 4836 τῇ
595 4766 702 4837 ἰδίᾳ
747 4763 1016 4830 δυνάμευ
1063 4758 1392 4823 Ἐξουσιάν
1421 4757 1531 4827 γὰρ
1567 4756 1707 4826 ἔχω,
1750 4759 1908 4827 φησι,

284 4858 436 4923 τὴν
460 4853 676 4925 ψυχήν
718 4870 837 4922 μου
873 4850 1085 4915 θεῖναι,
1116 4851 1213 4904 καὶ
1256 4847 1551 4913 ἐξουσίαν
1579 4849 1696 4918 ἔχω
1722 4848 1911 4903 πάλιν

282 4947 530 5003 λαϐεῖν
561 4945 778 5011 αὐτήν.

377 5048 448 5097 ι’.
493 5041 761 5103 ’Δναστὰς
788 5037 970 5091 τοίνυν
992 5038 1020 5090 6
1049 5037 1177 5100 Υἱὸς
1198 5037 1293 5090 τοῦ
1323 5037 1458 5091 Θεοῦ
1490 5040 1553 5091 ἐκ
1582 5038 1812 5106 νεκρῶν,
1844 5039 1908 5107 τῇ

292 5129 427 5200 ἰδίᾳ
460 5128 879 5201 ἑνανθρωπήσει
903 5126 1185 5196 ἀνελήφθη
1215 5129 1293 5190 εἰς
1315 5130 1442 5192 τοὺς
1472 5126 1767 5198 οὐρανούς·
1797 5129 1824 5181 6
1850 5127 1910 5179 τὸ

288 5224 451 5290 πρὶν
484 5220 806 5290 ἀσώματος,
852 5219 945 5273 νῦν
977 5219 1006 5271 6
1042 5218 1205 5281 αὐτὸς
1258 5218 1697 5290 σεσαρκωμένος.
1753 5216 1810 5271 Ὀ
1851 5218 1911 5270 τὸ

281 5312 451 5379 πρὶν
489 5310 721 5374 ἁπλοῦς,
754 5308 851 5363 νῦν
881 5311 909 5364 6
954 5308 1119 5371 αὐτὸς
1168 5306 1443 5369 σύνθετος,
1492 5304 1623 5368 Θεὸς
1653 5304 1789 5373 ὁμοῦ
1819 5313 1913 5357 και

280 5404 627 5476 ὄρθρωπος.
691 5404 858 5460 Μένει
912 5404 1021 5472 γὰρ
1064 5403 1123 5455 ὲν
1186 5400 1337 5471 αὑτῷ
1385 5400 1545 5470 καὶὴ
1594 5398 1757 5469 φύσις
1815 5398 1913 5467 τῆς

376 5631 433 5661 τι
458 5627 626 5681 Joan.
664 5641 756 5687 xx,
833 5624 918 5678 l9.
1001 5623 1041 5653 "
1077 5621 1205 5675 an.
1243 5636 1300 5685 ιι,
1328 5622 1414 5676 60.
1525 5622 1567 5653 ⁸³
1599 5618 1727 5674 Luc.
1758 5636 1818 5675 ιι.

286 5704 339 5735 ⁸⁸
394 5699 417 5756 ἱ
453 5700 585 5753 (lor.
620 5714 677 5760 ιι,
720 5699 771 5752 8.
847 5693 1069 5749 "hau.
1110 5709 1160 5756 κ,
1196 5694 1275 5746 18.

1326 236 1403 295 IN
1414 234 1730 295 VECTIVA
1751 234 2051 293 CONTRA
2084 234 2554 295 ILERETICOS.

3420 259 3425 265 '
3478 240 3580 307 510

2000 348 2091 402 illa
2130 349 2482 418 sumpsisset,
2523 359 2744 413 natura.
2781 352 3061 407 crescebat
3098 351 3188 406 Dei
3216 336 3388 409 Filius
3415 372 3581 414 carne

2003 440 2245 508 propria,
2280 440 2460 493 anima
2492 450 2679 496 utcnte
2704 441 2917 497 ratione
2942 450 2995 496 ct
3032 453 3216 497 mente
3242 444 3489 511 pra'dita,
3525 447 3580 499 in

2001 549 2161 601 quem
2197 534 2348 585 nulla
2382 534 2584 587 cadant
2623 543 2902 589 crementa
2939 552 2952 588 :
2993 536 3241 605 nihilque
3273 535 3366 590 Dei
3399 536 3575 593 Filius

2003 634 2248 679 mutatus
2283 626 2350 677 ab
2378 641 2443 680 eo
2483 627 2629 695 quod
2664 635 2806 686 erat.
2858 629 2913 681 in
2948 626 3140 683 Matris
3186 637 3341 683 utero
3400 628 3583 685 infans

2004 713 2183 769 factus
2212 724 2328 781 est;
2365 715 2717 786 pcrl’ewtaque
2754 717 2989 772 indivisa
3023 730 3077 771 et
3134 718 3425 773 incoul‘nsa
3463 722 3585 774 dei-

2001 808 2133 863 tatis
2168 824 2231 862 ac
2267 808 2628 865 humanitatis
2665 812 2793 865 nnio
2846 812 2989 866 facta
3027 821 3132 867 est.
3173 811 3237 865 Et
3286 829 3434 873 ecce,
3489 817 3581 882 qui

2004 900 2362 969 incorporeus
2402 912 2522 966 est,
2548 918 2648 956 nec
2681 904 2829 973 tangi
2873 913 3073 972 potest.
3130 915 3452 974 corporatus
3499 915 3584 959 est

2005 1008 2069 1047 ac
2101 1003 2480 1048 contrectator
2520 1012 2533 1049 :
2566 1002 2620 1049 ct
2646 995 2738 1065 qui
2768 1011 2832 1050 ex
2873 994 3035 1049 Patre
3076 1006 3203 1050 ante
3231 996 3432 1050 secula
3486 1012 3583 1066 ge-

2008 1083 2156 1138 nitus
2188 1093 2327 1146 erat,
2362 1100 2493 1140 cccc
2526 1086 2574 1141 is
2608 1087 2723 1155 ipse
2752 1103 2817 1141 ex
2850 1097 3040 1141 sancta
3081 1085 3303 1157 Virgine
3336 1090 3587 1142 incarna-

2008 1186 2094 1231 tus
2121 1179 2391 1233 nascitur.
2426 1178 2642 1248 Quique
2677 1180 2812 1234 adeo
2845 1190 3073 1249 paterno
3100 1181 3223 1234 sinu
3259 1196 3364 1237 non
3392 1197 3585 1237 exces-

2011 1272 2105 1338 sit,
2148 1282 2459 1345 cunctaque
2504 1277 2726 1332 deitatis
2784 1278 3029 1347 potentia
3079 1278 3357 1341 continet,
3421 1288 3585 1347 atque

2011 1367 2259 1421 ontnium
2293 1370 2711 1425 conservatrice
2738 1370 2941 1425 virtute
2990 1372 3175 1427 omnia
3208 1372 3590 1440 complectitur

2008 1459 2399 1531 astringitque,
2435 1461 2553 1530 ipse
2580 1478 2644 1516 ex
2693 1472 2884 1518 sancta
2914 1460 3140 1532 Virgine
3190 1464 3370 1517 factus
3425 1463 3590 1517 homo

2010 1566 2074 1606 ac
2109 1565 2293 1616 natus,
2328 1554 2380 1607 in
2409 1555 2636 1625 praesepi
2669 1554 2852 1610 infans
2882 1557 3077 1626 pannis
3115 1556 3398 1610 involutus
3420 1556 3587 1623 jacet,

2012 1654 2203 1698 sancta
2258 1644 2491 1715 Virgine
2520 1648 2730 1716 virgine
2794 1655 3168 1716 permanente.
3231 1647 3385 1701 Sicut
3442 1647 3589 1701 eniut

2011 1736 2142 1791 uuio
2172 1740 2361 1793 carnis
2394 1748 2449 1793 et
2483 1740 2704 1794 deitatis
2733 1740 3115 1794 inscrutahilis
3142 1750 3245 1804 est,
3287 1740 3367 1794 sie
3398 1748 3453 1794 et
3489 1755 3589 1792 na-

2010 1828 2199 1885 tivitas
2232 1846 2297 1884 ac
2332 1839 2545 1901 partus.
2584 1830 2768 1885 Potuit
2802 1832 2946 1886 cnim
2973 1830 3067 1885 Dei
3121 1830 3360 1887 Verbum
3410 1831 3592 1885 omni-

2010 1929 2207 1991 potens
2245 1922 2676 1976 vcreincarnari
2711 1937 2776 1976 ac
2816 1908 2991 1976 Ἰιοιιιο
3048 1922 3165 1977 lieri
3235 1922 3287 1975 in
3341 1921 3589 1987 Domina,

2009 2029 2189 2083 exque
2222 2014 2312 2068 illa
2353 2015 2530 2077 nasci,
2588 2029 2651 2069 ac
2686 2014 3020 2083 virginitatis
3062 2014 3343 2085 signacula
3398 2014 3594 2068 incon-

2010 2121 2173 2161 cussa
2210 2123 2432 2162 servare
2462 2125 2474 2158 :
2516 2106 2981 2177 quemadmodum
3018 2107 3212 2176 utique
3250 2107 3457 2163 clausis
3500 2105 3590 2177 ja-

2008 2199 2138 2257 nuis
2159 2201 2309 2256 stetit
2343 2200 2397 2255 in
2436 2199 2619 2255 medio
2651 2199 3047 2269 discipulorum
3083 2200 3144 2252 ”.

2076 2462 2274 2534 4811]
2305 2463 2359 2518 8.
2392 2463 2759 2529 Quamobrem
2808 2472 3001 2520 sancta
3040 2471 3095 2518 et
3150 2463 3449 2533 apostolica
3485 2465 3593 2520 Ec-

2008 2555 2178 2610 clesia
2240 2565 2440 2610 cuncta
2498 2556 2721 2618 divina,
2758 2557 2926 2625 proba
2968 2556 3164 2625 recipit
3219 2555 3592 2623 credulitate;

2006 2658 2207 2703 cunt-ta
2266 2648 2389 2712 ﬁde,
2445 2657 2644 2703 cuncta
2712 2650 2859 2703 nulla
2891 2649 3220 2704 curiositate
3273 2658 3589 2711 veneratur,

2008 2741 2309 2810 aderatque
2340 2754 2392 2795 et
2436 2742 2593 2795 colit.
2630 2742 2753 2812 Ipse
2810 2742 2979 2811 igitur
3040 2742 3132 2798 Dei
3198 2739 3372 2797 Filius
3423 2757 3592 2797 verus

2008 2830 2172 2897 Deus,
2214 2842 2436 2902 propter
2468 2843 2714 2887 nostram
2761 2834 2998 2887 salutem
3030 2834 3294 2903 puerulus
3343 2832 3590 2899 effectus,

2008 2940 2263 2980 crescere
2296 2926 2502 2981 dicitur
2534 2943 2633 2981 sua
2660 2942 2829 2981 carne
2862 2928 2928 2988 ",
2978 2926 3073 2995 qui
3111 2926 3368 2982 videlicet
3421 2926 3598 2979 incul-

2013 3027 2169 3086 patos
2201 3026 2420 3071 nostros
2445 3017 2675 3073 allectus
2704 3032 2767 3071 ac
2800 3017 3091 3087 passiones
3120 3019 3174 3071 in
3205 3033 3264 3073 se
3299 3018 3592 3086 receperit.

2016 3108 2335 3178 Proﬁciebat
2367 3126 2589 3179 quoque
2635 3111 2899 3178 sapientia
2951 3122 3000 3164 et
3062 3120 3220 3164 a'tate
3266 3111 3331 3176 ¹³,
3389 3111 3596 3165 idcirco

2015 3202 2160 3272 quod
2189 3202 2303 3255 luec
2337 3202 2596 3269 paulatim
2620 3201 2940 3266 exhibebat,
2973 3210 3033 3255 nt
3062 3218 3122 3257 se
3145 3202 3363 3272 proprie
3385 3217 3447 3255 ac
3468 3217 3597 3257 vere

2016 3290 2294 3347 neminem
2335 3292 2538 3347 factum
2594 3291 2931 3348 ostenderet.
2982 3292 3185 3347 Fessus
3221 3307 3440 3361 quoque
3470 3306 3599 3348 esse

2015 3384 2222 3439 dicitur
2260 3385 2301 3416 “
2330 3394 2385 3439 ct
2442 3384 2660 3439 esurire
2704 3394 2757 3439 et
2811 3384 2968 3438 sitire
3011 3383 3075 3449 ⁸⁵,
3137 3392 3191 3437 et
3236 3391 3599 3439 conversatus

2014 3493 2137 3532 csse
2169 3494 2292 3531 cum
2336 3477 2655 3531 hominibus
2686 3476 2749 3541 “,
2780 3476 2985 3531 docens
3018 3485 3071 3530 et
3102 3476 3423 3530 illuminans
3476 3491 3599 3530 om-

2020 3588 2141 3625 nem
2179 3572 2456 3624 hominem
2500 3570 2809 3623 venientem
2868 3568 2921 3622 in
2982 3568 3249 3623 mundum
3276 3568 3343 3635 ",
3395 3567 3599 3638 quippe

2015 3663 2107 3732 qui
2153 3662 2269 3731 ipse
2305 3662 2394 3716 lux
2426 3677 2549 3715 vera
2584 3660 2875 3715 exsisteret
2913 3659 2976 3712 ".

2086 3752 2143 3808 9.
2211 3751 2495 3807 Postremo
2528 3758 2710 3803 autem
2758 3758 2983 3818 prepter
3025 3747 3351 3801 immensam
3383 3746 3597 3799 bonita-

2013 3852 2121 3896 tem
2165 3858 2347 3907 suam,
2375 3841 2542 3895 etiam
2570 3854 2735 3894 carne
2773 3839 2994 3910 prepria
3029 3854 3229 3909 passus
3273 3847 3358 3892 est
3384 3837 3445 3893 ¹⁹.
3480 3836 3599 3905 Ipse

2014 3935 2159 3989 enim
2192 3932 2455 3985 Dominus
2480 3931 2673 4002 gloria:
2723 3947 2822 4000 pro
2859 3932 3020 3987 nobis
3061 3948 3188 3987 vere
3222 3930 3373 3985 cruci
3406 3930 3599 3985 aliisus

2014 4036 2069 4082 et
2113 4041 2307 4095 passus
2358 4034 2462 4080 cst.
2510 4024 2723 4079 Patitur
2768 4025 2915 4079 enim
2951 4040 3059 4079 non
3093 4024 3316 4087 deitate,
3343 4022 3437 4077 sed
3472 4024 3597 4076 ani-

2015 4126 2159 4173 mata
2188 4132 2355 4171 carne
2411 4132 2509 4172 sua
2563 4116 2667 4172 sibi
2730 4116 2962 4171 indivise
3008 4117 3185 4177 unita,
3222 4130 3286 4170 ac
3331 4115 3596 4181 moritur;

2014 4211 2193 4265 anima
2216 4208 2428 4264 scilicet
2484 4216 2733 4277 separata
2785 4222 2814 4261 ιι
2845 4222 3097 4277 corpore.
3128 4205 3311 4261 Deitas
3359 4221 3598 4275 namque

2015 4300 2246 4355 indivisa
2276 4297 2699 4361 etcineonfusa,
2764 4305 2880 4349 tum
2937 4296 3154 4359 animae,
3205 4302 3319 4349 tum
3378 4295 3596 4362 corpori

2016 4392 2269 4461 copulata
2327 4399 2466 4445 erat.
2543 4388 2837 4444 Descendit
2888 4387 3052 4457 igitur
3122 4385 3295 4441 Filius
3348 4385 3440 4441 Dei
3499 4401 3597 4439 sua

2014 4486 2194 4539 anima
2233 4493 2285 4537 et
2314 4492 2631 4537 sanctorum
2666 4482 2901 4542 animas,
2938 4496 3001 4534 ac
3044 4494 3242 4533 rursus
3277 4481 3595 4543 resnrrctit,

2014 4576 2197 4629 anima
2231 4575 2380 4628 unita
2404 4574 2645 4643 corpori.
2670 4572 2922 4626 Surrexit
2954 4587 3083 4625 vero
3119 4573 3235 4640 ipse
3283 4573 3599 4639 unigenitus

2016 4668 2109 4720 Dei
2140 4666 2311 4721 Ftlins
2333 4667 2550 4734 propria
2602 4665 2804 4719 virtute
2834 4679 2849 4728 ;
2882 4661 3202 4717 I’oteslatem
3233 4662 3379 4716 enim
3409 4661 3599 4725 habeo,

2014 4761 2209 4830 inquit,
2234 4758 2459 4827 ponendi
2484 4758 2721 4811 animam
2766 4772 2957 4823 meam,
2993 4766 3043 4809 et
3079 4764 3395 4825 potestatem
3434 4752 3600 4807 habeo

2015 4852 2205 4906 iterum
2232 4848 2471 4903 sumendi
2517 4864 2633 4901 eam
2658 4848 2726 4902 ‘°.

2092 5027 2177 5081 10.
2218 5025 2532 5095 Resurgens
2561 5027 2726 5098 igitur
2762 5043 2829 5082 cx
2891 5026 3125 5081 mortuis
3161 5024 3253 5079 Dei
3302 5022 3495 5083 Filius.
3530 5037 3594 5076 ea

2017 5118 2231 5174 ratione
2266 5133 2373 5187 qua
2425 5120 2586 5172 homo
2640 5120 2874 5185 exstitit,
2906 5120 2957 5172 in
2990 5119 3160 5172 cmlos
3196 5124 3447 5187 receptus
3481 5125 3599 5180 est;

2020 5210 2268 5280 quiante
2298 5210 2483 5264 carnis
2533 5226 2728 5282 expers
2773 5221 2913 5277 erat,
2968 5225 3114 5265 mmc
3179 5210 3318 5263 idem
3380 5223 3598 5261 carnem

2022 5302 2248 5358 indutus
2293 5320 2306 5357 :
2335 5303 2427 5373 qui
2461 5313 2588 5359 ante
2616 5306 2866 5375 simplex,
2904 5318 3048 5358 nunc
3083 5302 3220 5356 idem
3240 5300 3600 5370 compositus.

2026 5396 2169 5452 Deus
2203 5396 2366 5452 simul
2398 5407 2452 5451 ct
2485 5397 2667 5452 homo.
2728 5396 2906 5452 Manet
2956 5396 3102 5451 enim
3141 5395 3193 5451 in
3250 5394 3369 5465 ipso
3401 5406 3599 5448 natura

2024 5619 2063 5650 ”
2097 5616 2253 5673 Joan.
2292 5618 2436 5681 tv,6.
2548 5617 2661 5648 “’"7
2710 5615 2829 5673 Dur.
2891 5618 3083 5683 ιιι,58.
3166 5610 3236 5651 ’⁸⁸
3276 5617 3434 5676 Joan.
3470 5634 3509 5686 ι,
3538 5623 3587 5675 9.
