3962 6204
256 315 337 385 521
1216 323 1318 383 EX
1354 323 1777 386 MIRACULIS
1818 324 2196 388 DEMETRII
2230 329 2458 392 MART.
3380 342 3486 411 522

250 433 449 499 pretiosa
475 430 798 500 supellectile
832 449 849 488 :
878 450 995 488 cum
1031 435 1159 503 ipse,
1190 438 1422 507 sociique
1452 436 1507 491 in
1547 453 1668 491 eum
1720 437 1936 493 modum
1960 443 2200 509 jseroati,
2228 459 2347 496 cum
2386 444 2607 513 captivis
2648 444 2771 499 aliis
2804 443 3091 501 Saracenis
3111 447 3231 515 pari
3261 464 3484 507 numero

255 520 375 575 Tarsi
402 522 457 575 in
492 520 693 576 Cilicia
724 537 791 577 ea:
820 539 964 577 more
988 534 1162 578 essent
1208 524 1592 579 commutandi.
1620 524 1854 581 Dederat
1894 527 2001 583 Leo
2028 529 2259 584 Allatius
2293 531 2348 584 in
2379 528 2698 602 Symrnictis
2727 534 2837 588 suis
2866 549 2885 588 :
2916 535 3042 589 mihi
3073 535 3185 606 ipse
3206 552 3323 592 mea
3352 555 3483 596 vena

251 610 506 662 versionem
536 610 829 677 composui,
862 626 957 664 nec
980 609 1141 679 plura
1169 611 1460 667 admodum
1501 612 1673 682 (clara
1698 613 1833 670 adeo
1866 618 2199 690 narratione)
2230 620 2541 674 adnotanda
2580 622 2739 677 duxi.

307 695 421 750 Erat
445 697 593 787 aliud
620 703 759 767 quod
790 699 1133 753 succurrebat
1162 701 1215 754 in
1260 699 1662 766 Thessalonica,
1692 702 1903 771 imperii
1935 721 2029 775 per
2056 706 2167 760 htec
2211 716 2448 775 tempora
2471 708 2714 781 (ipsaque
2755 713 3048 785 anteriora)
3082 716 3271 783 ocello,
3298 733 3488 772 secun-
3510 766 3525 787 ,

247 784 399 853 daque
426 784 710 873 dignitatis
750 788 986 853 civitate,
1007 788 1072 841 ab
1107 790 1224 857 ipsa
1262 791 1591 857 imperante;
1629 799 1687 843 ut
1713 790 1969 844 nimirum
2009 798 2159 844 tanta
2199 791 2298 845 illa
2325 790 2386 845 S.
2429 790 2660 848 Joannis
2698 794 3183 855 Thessalonicensis
3219 803 3486 873 archiepi-

246 875 381 942 δευρί,
410 872 725 930 Iustiniano
750 874 946 947 Magno
986 876 1358 950 Mauricioque
1388 879 1825 949 imperatoribus,
1865 879 1922 932 in
1967 893 2064 932 suo
2107 878 2375 933 Demetrio
2395 882 2710 949 proferrem,
2747 884 3092 956 deincepsque
3138 888 3251 941 alia
3287 892 3486 944 secutis

246 964 537 1033 temporibus
559 965 667 1019 alio
695 978 911 1021 auctore
927 967 1212 1037 producta,
1248 968 1441 1038 quibus
1466 985 1567 1022 non
1593 969 1754 1022 semel
1791 975 1997 1022 tentata
2036 968 2252 1032 civitas,
2278 970 2393 1039 ipso
2429 970 2743 1040 quandoque
2773 970 3048 1043 Cltagana,
3077 978 3179 1046 ipsi
3216 976 3486 1033 Mauricio

248 1053 719 1123 farmidolosissimo
755 1055 924 1119 hoste,
950 1059 1095 1111 omni
1125 1066 1317 1111 conatu
1343 1058 1774 1127 auxiliorumque
1821 1059 1976 1127 copia
2000 1058 2290 1122 obsidente,
2316 1060 2497 1112 divina
2528 1061 2731 1128 potius,
2760 1078 2920 1130 quant
2957 1066 3193 1118 humana
3227 1084 3324 1136 ope
3348 1069 3486 1122 libe.

252 1150 355 1193 rata
375 1151 449 1196 est
489 1156 509 1195 :
547 1143 747 1212 apertis
803 1146 988 1215 magni
1044 1145 1300 1199 Demetrii
1363 1146 1688 1209 miraculis;
1731 1145 1847 1215 ejus
1893 1148 2120 1216 generis,
2163 1155 2221 1199 ut
2260 1163 2353 1201 nec
2388 1151 2808 1217 pervicacissimi
2840 1154 3174 1223 maximeque
3201 1156 3487 1224 increduli,

244 1231 381 1299 ﬁdem
410 1230 569 1299 facile
589 1232 819 1287 abnuere
838 1235 1040 1302 possint
1074 1250 1095 1289 :
1122 1252 1282 1307 quam
1314 1236 1370 1290 in
1409 1252 1533 1316 _rem
1560 1234 1773 1290 laudati
1801 1235 1903 1289 uiri
1926 1236 2253 1288 sanctissimi
2281 1234 2513 1291 Joannis
2565 1240 2951 1309 archiepiscopi
2989 1241 3255 1296 industria
3285 1247 3489 1316 egregie

239 1318 494 1373 incumbit.
536 1318 658 1374 Etsi
677 1337 783 1375 non
809 1322 1001 1376 desunt
1028 1324 1277 1393 utrinque
1335 1333 1745 1395 stratagemata,
1779 1322 2005 1390 bellique
2038 1325 2287 1393 facinora
2334 1326 2593 1394 praetore
2615 1329 2782 1382 edita.
2818 1330 2951 1394 Quae
2980 1330 3119 1398 forte
3142 1335 3344 1399 omnia,
3378 1337 3492 1391 alia

238 1423 268 1460 ο
312 1423 381 1461 me
433 1410 729 1475 occasione,
781 1421 937 1465 erunt
988 1412 1352 1482 producenda,
1384 1422 1443 1467 ut
1481 1423 1531 1468 et
1559 1413 1753 1467 ultima
1799 1412 2039 1483 ejusdem
2092 1412 2237 1467 urbis
2264 1416 2585 1485 expugnatio
2623 1434 2655 1469 a
2686 1415 2896 1471 Joanne
2928 1419 3491 1493 Anagnosta.egregic

238 1494 503 1563 descripta.
535 1494 638 1551 Hic
670 1515 790 1552 vero
811 1500 1136 1567 parcendum
1166 1501 1296 1557 moli
1323 1502 1471 1567 libri,
1498 1517 1591 1571 per
1619 1518 1801 1573 quam,
1830 1516 1894 1555 ne
1918 1510 2075 1555 eastra
2121 1512 2293 1557 metas
2327 1504 2614 1573 quidquam
2660 1519 3015 1571 excurrerem,
3039 1508 3171 1561 mihi
3193 1510 3303 1578 ipse
3326 1510 3492 1581 legem

236 1584 479 1651 imposui;
503 1594 552 1639 et
591 1595 647 1639 ut
669 1604 831 1642 unum
853 1589 1122 1645 duntaxat
1149 1605 1214 1643 ea:
1248 1591 1422 1660 spisso
1449 1590 1545 1645 illo
1568 1606 1723 1658 opere
1752 1598 1909 1659 caput
1938 1589 2302 1658 praelibarem,
2326 1593 2467 1660 quod
2490 1592 2626 1646 hanc
2654 1593 2828 1662 ipsam
2859 1595 3052 1650 excisae
3084 1598 3230 1651 urbis
3261 1597 3493 1654 Thessa-

234 1674 403 1726 lonica:
428 1672 733 1742 historiam,
765 1688 998 1732 extremo
1031 1678 1202 1732 limite
1231 1679 1465 1747 attingit.
1519 1676 1628 1731 Cur
1660 1694 1778 1731 vero
1822 1677 2144 1743 Demetrius,
2190 1688 2269 1733 tot
2316 1680 2485 1734 modis
2541 1682 2805 1751 tantisque
2848 1682 3087 1737 hostibus
3118 1684 3244 1739 olim
3282 1700 3493 1743 serrata

232 1775 322 1812 sua
370 1761 603 1825 ciuitate,
635 1764 796 1818 semel
827 1775 877 1817 et
916 1765 1106 1819 iterum
1152 1782 1185 1819 a
1239 1762 1440 1819 Christi
1474 1764 1717 1819 hostibus
1745 1765 1910 1833 diripi
1942 1766 2145 1831 siverit,
2191 1782 2474 1837 eorumque
2511 1777 2777 1839 postremo
2810 1769 2972 1840 ﬁrma
3002 1775 3333 1841 possessione
3345 1775 3493 1845 juris

228 1847 357 1917 ﬁeri,
384 1849 495 1903 alta
532 1850 629 1905 Dei
646 1852 858 1921 judicia
879 1862 1001 1907 sunt
1032 1869 1054 1908 :
1086 1870 1119 1907 a
1150 1854 1339 1923 quibus
1361 1862 1411 1907 et
1450 1852 1603 1907 nobis
1636 1853 1826 1907 merito
1863 1852 2155 1909 timendum
2193 1853 2288 1916 sit.

384 2164 486 2221 ΕΚ
521 2164 661 2219 ΤΩΝ
720 2165 853 2219 ΥΟΥ
892 2166 1337 2221 ΑΘΛΟΦΟΡΟΥ
1381 2168 1806 2224 ΔΗΜΗΤΡΙΟΥ
1832 2168 1935 2222 ΕΝ
1976 2167 2256 2237 MEle
2282 2172 2645 2227 ΔΙΗΓΗΣΕΙ
2677 2174 3313 2231 ΘΔΥΜΑΤΟΥΡΓΙΩΝ.
3390 2130 3406 2141 ’

1466 2438 1589 2499 EX
1636 2440 2226 2502 TRIUMPHALIS

599 2559 1035 2621 MARTYRIS
1078 2561 1520 2623 DEMETRII
1587 2562 2096 2628 SIGILLATIM
2161 2562 2589 2628 NARRATIS
2642 2566 3131 2637 MIRACULIS.

291 2846 379 2921 μ’.
410 2846 542 2920 δη]
584 2854 655 2902 α’.
689 2848 938 2919 Ἕτερον,
975 2842 1020 2901 ὦ
1055 2849 1344 2920 παρόντες,
1370 2851 1482 2906 τῶν
1513 2853 1612 2908 τοῦ
1639 2872 1801 2926 μεγα-

1987 2857 2041 2910 1.
2070 2852 2232 2909 Aliud
2258 2868 2423 2924 porro
2459 2851 2807 2925 (auditores)
2848 2854 3033 2924 magni
3068 2855 3329 2927 martyris
3363 2872 3495 2929 pro-

210 2942 559 3016 λομάρτυρος
608 2942 913 3013 τεραστίων
955 2943 1129 3012 λέγων
1174 2944 1430 3016 ἔρχομαι,
1482 2949 1590 3002 τῶν
1646 2953 1802 3022 είρη-

212 3034 396 3106 μένων
430 3034 571 3105 τάχα
611 3034 711 3086 οὐκ
742 3033 961 3087 ἔλαττον
983 3051 996 3063 ·
1029 3033 1113 3106 [Ρ.
1135 3035 1262 3108 515]
1296 3040 1442 3102 ὅπως
1471 3040 1572 3109 μὲν
1604 3043 1636 3113 ἡ
1668 3044 1806 3098 Θεσ.

210 3128 473 3199 σαλονίκη
502 3128 718 3197 χρόνοις
740 3127 961 3190 πολλοῖς
994 3130 1262 3200 πρότερον
1299 3130 1402 3184 ὑπὸ
1429 3132 1537 3185 τῶν
1560 3133 1661 3204 τῆς
1681 3136 1804 3190 δού-

209 3222 308 3291 λης
342 3221 489 3275 ἑάλω
537 3221 769 3286 τέκνων,
796 3223 898 3292 τῆς
936 3223 1139 3293 Ἀγαρ,
1175 3225 1272 3277 καὶ
1320 3225 1601 3296 μαχαίρας
1644 3228 1805 3300 ἔργον

207 3317 455 3385 ἐγένετο,
502 3316 731 3378 Λέοντος
775 3317 842 3369 τὰ
903 3316 1159 3390 σκῆπτρα
1202 3317 1503 3386 διέποντος,
1539 3322 1804 3394 κρίμασιν

206 3402 287 3474 οἷς
317 3408 483 3471 αὐτὸς
518 3408 677 3477 μόνος
706 3408 1044 3480 ἁπορῤήτοις
1078 3410 1397 3477 ἐπίστασαι,
1433 3409 1630 3483 Κύριε,
1659 3430 1803 3485 παρ-

208 3502 337 3557 ιδὼν
382 3501 452 3556 τὰ
491 3501 743 3561 τοιαῦτα.
778 3502 872 3554 καὶ
903 3499 1050 3556 οὕτω
1077 3501 1167 3555 διὰ
1194 3502 1293 3568 τὰς
1315 3505 1593 3577 ἡμετέρας
1621 3507 1803 3577 ἁμαρ-

201 3596 329 3659 τίας
378 3595 641 3663 γενέσθαι
682 3593 1265 3667 διοικονομησάμενος,
1297 3596 1455 3650 ἄλλαι
1487 3615 1547 3651 τε
1588 3599 1804 3662 πάντως

199 3685 432 3757 δηλοῦσι
479 3684 721 3755 γραφαί·
761 3685 917 3755 καὶὴ
960 3686 1147 3757 μνήμη
1199 3686 1551 3759 διαῤῥέουσα,
1592 3687 1670 3743 ἔτι
1709 3688 1804 3742 καὶ

201 3777 302 3831 νῦν
330 3778 403 3831 τὰ
440 3778 829 3848 ἐπισυμὸἀντα
859 3776 1167 3849 τηνικαῦτα
1200 3780 1590 3852 ἐπιτραγῳδεῖ.

271 3962 348 4036 β’.
388 3966 533 4021 Κατ’
560 3964 726 4018 αὑτὸν
753 3962 845 4018 οὖν
890 3962 983 4015 τὸν
1026 3963 1218 4035 καιρὸν
1248 3963 1348 4033 τῆς
1388 3965 1662 4029 ἁλώσεως,
1705 3964 1803 4017 ἇν-

191 4057 425 4128 θρωποὶ
458 4075 605 4123 τινες
661 4056 969 4111 Ἰταλιῶται
1012 4056 1113 4127 τῆς
1148 4057 1355 4110 ἑαυτῶν
1399 4056 1803 4127 ἐξορμήσαντες

187 4152 378 4222 εὐχῆς
434 4154 645 4225 ἕνεκεν,
677 4152 773 4205 καὶ
836 4151 1077 4223 ἱστορίας
1128 4149 1237 4203 τῶν
1282 4148 1800 4220 ἑκασταχόθιναῶν,

185 4248 300 4301 καὶ
338 4247 407 4316 δὴ
442 4228 581 4318 προς
608 4245 740 4299 αὐτὸ
760 4245 821 4299 τὸ
852 4243 1136 4315 ζωηφόρον
1166 4242 1435 4306 τείνοντες
1466 4241 1677 4313 μνῆμα,
1701 4244 1799 4315 τὴν

184 4341 337 4396 εὐθὺ
360 4343 505 4407 τέως
534 4342 630 4396 τοῦ
662 4342 965 4415 μαρτυρίου
985 4341 1241 4414 ἀνῄεσαν.
1271 4340 1380 4398 Καὶ
1400 4341 1632 4412 ἐπείπερ
1659 4339 1800 4394 αὐτὰ

182 4430 259 4502 δὴ
311 4433 444 4486 τότε
489 4434 561 4487 τὰ
591 4433 794 4505 Τέμπη
832 4432 1092 4499 διεξιέναι
1129 4431 1339 4494 τούτοις
1370 4430 1526 4501 ἔτυχε
1571 4432 1641 4485 τὰ
1664 4431 1797 4484 Θετ-

180 4522 435 4588 ταλικὰ,
455 4525 598 4595 ἁνήρ
624 4541 710 4587 τις
733 4525 1011 4593 ἄγνωστος
1033 4523 1217 4585 αὐτοῖς
1245 4523 1511 4593 πρότερον
1532 4522 1624 4575 καὶ
1648 4520 1800 4575 οὔπω

177 4614 571 4688 τεθεαμένος,
628 4617 949 4689 καθεωρᾶτο
982 4610 1434 4686 συνοδοιπορῶν,
1471 4614 1658 4678 πολιὸς
1702 4617 1800 4685 τὴν

180 4709 395 4779 τρίχα,
432 4710 532 4780 τὴν
563 4711 690 4781 ὕψιν
725 4711 931 4782 ἱλαρὸς,
962 4710 1062 4779 τὴν
1102 4707 1400 4780 περιϐολὴν
1436 4707 1671 4778 σεμνός’
1705 4708 1800 4762 καὶ

177 4803 257 4872 τῇ
326 4802 435 4873 θέᾳ
474 4804 639 4875 μόνῃ,
685 4803 822 4861 πολὺ
873 4804 934 4856 τὸ
991 4801 1289 4872 σεβάσμιον
1341 4800 1658 4869 ὑποφαίνων
1707 4802 1802 4854 καὶ

177 4896 413 4959 πρᾶον.
458 4892 593 4950 Εἶτα
648 4896 836 4967 ἕτερός
881 4912 965 4959 τις
1008 4896 1263 4965 ἐφαίνετο
1310 4893 1447 4965 πρὸς
1495 4893 1692 4955 αὐτοὺς
1737 4894 1801 4946 ὲκ

174 4985 294 5039 τοῦ
335 4988 534 5059 πρόσω
574 4987 768 5051 ἐπιὼν.
817 4988 1051 5056 ἱππότης
1081 4986 1282 5059 ὡραῖος
1330 4986 1430 5055 μὲν
1452 4985 1552 5039 ὅσα
1598 4984 1801 5039 θεάσα-

172 5071 363 5137 σθαι,
402 5075 503 5128 καὶ
548 5075 686 5130 πολὺ
716 5074 777 5129 τὸ
822 5076 887 5128 ὲκ
935 5074 1149 5144 φύσεως
1182 5075 1475 5146 ἐπιτερπὲς
1525 5075 1665 5145 ἔχων
1707 5075 1803 5128 καὶ

168 5164 441 5234 χαρίενο
477 5168 735 5239 κατηφὴς
775 5167 833 5221 δὲ
879 5170 971 5221 καὶ
1005 5167 1407 5239 μαραινόμενον
1437 5168 1498 5222 τὸ
1534 5168 1632 5235 τῆς
1672 5183 1800 5235 φαι-

158 5255 480 5329 δρότητος
505 5261 791 5331 suaenam
820 5260 1088 5331 χαροπόν.
1115 5259 1210 5313 καὶ
1242 5258 1435 5329 ὥσπερ
1465 5259 1575 5312 τινὶ
1613 5258 1802 5312 πένθει

150 5348 589 5425 ἀπαρακλήτῳ
611 5355 921 5424 καταϐεϐλη
932 5353 1093 5424 μένον
1118 5354 1211 5407 καὶ
1238 5350 1798 5422 ἐπιστυγναζόμενονο

148 5439 275 5506 ὃς,
311 5444 520 5513 ὁμοίαν
559 5449 625 5517 τῇ
654 5446 776 5516 ὄψει
812 5448 907 5501 καὶ
937 5445 1121 5517 φωνὴν
1164 5445 1347 5511 ἀφεὶς,
1387 5443 1801 5517 προσηγόρευσὲ

150 5546 255 5584 τι
291 5536 579 5608 πρότερον
607 5538 701 5591 τὸν
741 5537 1077 5608 πρεσϐύτην,
1108 5535 1402 5605 ’Λχίλλειον
1442 5533 1632 5589 τοῦτον
1669 5551 1803 5588 κατ-

146 5632 520 5698 ονομάτας,
574 5632 693 5694 καὶ,
749 5632 874 5687 Ποῦ
925 5631 1192 5699 nepetit];
1227 5630 1482 5703 ἐπήρετο.
1546 5628 1688 5697 Ἐγὼ
1726 5626 1801 5684 δὲ

144 5712 323 5782 τὴν
354 5722 515 5790 πρὸς
548 5722 646 5785 σὲ,
693 5723 773 5789 ὡς
806 5720 970 5791 ὁρᾷς,
1003 5722 1223 5786 διεξίω.
1265 5722 1374 5774 Καὶ
1414 5723 1441 5773 ὁ
1486 5719 1801 5793 πρεσϐύτης

1907 2945 2180 3019 digiorum
2216 2954 2548 3003 narraturus
2585 2945 2788 3002 accedo
2837 2965 2851 3001 :
2891 2951 3037 3019 quod
3070 2949 3273 3019 ipsum,
3304 2967 3494 3011 eorum

1908 3054 2028 3111 quae
2047 3041 2192 3096 dicta
2216 3047 2367 3106 sunt,
2398 3039 2535 3094 nulli
2562 3039 2795 3095 forsitan
2818 3040 3014 3095 cedere
3042 3042 3319 3100 videatur.
3351 3045 3496 3102 Sane

1907 3149 2067 3204 quem
2101 3134 2156 3188 in
2194 3134 2415 3188 modum
2449 3142 2577 3187 ante
2601 3148 2777 3188 annos
2813 3135 3000 3203 plures
3042 3136 3175 3191 urbs
3204 3136 3495 3195 Thessalo-

1909 3226 2055 3291 nica,
2076 3225 2145 3279 ab
2175 3224 2387 3278 ancilla:
2411 3223 2538 3277 ﬁliis
2576 3223 2657 3294 (i.
2690 3239 2738 3277 e.
2775 3224 2955 3295 Agar)
2988 3235 3149 3297 capta
3185 3226 3348 3284 fuerit
3378 3231 3495 3301 gla-

1907 3317 2111 3388 dioque
2140 3317 2348 3381 excisa,
2403 3315 2586 3371 Leone
2637 3315 2855 3386 imperii
2910 3326 3123 3387 sceptra
3173 3321 3495 3377 moderante

1910 3409 2131 3481 (quibus
2164 3416 2221 3462 tu
2254 3408 2409 3463 solus
2438 3407 2556 3476 ipse
2585 3406 3077 3478 inenarrabilibus,
3106 3407 3358 3477 Domine,
3395 3428 3494 3469 no-

1906 3503 1978 3557 sli
2012 3502 2263 3573 judiciis,
2300 3501 2431 3556 talia
2482 3500 2573 3554 illa
2626 3500 2959 3571 despiciens,
3004 3502 3170 3572 inque
3200 3521 3322 3561 cum
3375 3522 3494 3564 ηιυ-

1907 3596 2059 3661 dum,
2093 3604 2247 3649 certa
2278 3593 2499 3649 consilii
2542 3593 2777 3657 ratione,
2808 3593 2881 3648 ob
2912 3594 3121 3650 scelera
3157 3604 3369 3659 nostra,
3400 3615 3489 3659 res

1905 3687 2125 3743 evenire
2154 3687 2502 3756 disponens),
2532 3693 2645 3738 tum
2671 3683 2767 3737 alii
2794 3684 3019 3739 omnino
3046 3688 3340 3760 conscripti
3368 3688 3492 3745 libri

1907 3779 2129 3844 docent,
2160 3786 2274 3832 tum
2302 3775 2568 3832 memoria
2601 3774 2879 3838 dilliuens,
2903 3791 2966 3830 ea
2995 3792 3118 3846 qua:
3155 3787 3286 3832 tunc
3311 3781 3494 3836 contio

1907 3851 2128 3940 gerunt,
2154 3870 2457 3925 etiamnum
2494 3866 2926 3923 lamentabiliter
2954 3866 3135 3922 deﬂet.

1976 3963 2030 4016 2.
2068 3962 2194 4031 ipso
2224 3963 2392 4029 igitur
2422 3970 2670 4029 tempore
2691 3973 2802 4029 quo
2828 3968 2986 4031 capta
3018 3960 3148 4018 urbs
3190 3976 3254 4016 ac
3280 3962 3491 4034 direpta

1905 4063 2014 4116 est,
2046 4054 2149 4108 viri
2186 4053 2411 4124 quidam
2474 4050 2615 4114 Itali,
2657 4049 2774 4104 voti
2818 4065 3009 4118 causa,
3039 4065 3069 4105 e
3099 4052 3216 4108 suis
3268 4052 3493 4112 sedibus

1908 4145 2197 4216 patriaque
2229 4141 2485 4213 profecti,
2511 4150 2565 4196 et
2580 4143 2647 4196 ad
2674 4140 3012 4209 lustrandas,
3044 4157 3167 4213 quae
3182 4144 3307 4197 aliis
3333 4146 3491 4201 aliis-

1904 4252 2012 4308 que
2062 4236 2200 4293 locis
2246 4244 2510 4301 exstant,
2548 4236 2892 4291 venerandas
2948 4234 3093 4291 sedes
3138 4251 3202 4290 ac
3262 4238 3487 4308 templa.

1906 4329 2291 4400 lliqueI-adco,
2340 4342 2467 4382 cunt
2516 4326 2793 4383 viviﬁcum
2847 4328 3025 4397 ipsum
3070 4336 3489 4387 monumentum

1907 4422 2095 4476 animo
2151 4420 2549 4487 destinassent,
2606 4427 2757 4477 recta
2803 4419 3067 4473 hactenus
3116 4418 3182 4475 ad
3230 4420 3489 4495 martyris

1902 4514 2099 4580 aedem,
2130 4514 2235 4571 iter
2258 4512 2685 4569 contendebant.
2716 4510 2988 4583 Quodque
3019 4510 3134 4581 jam
3166 4509 3487 4571 Thessalica

1904 4608 2022 4678 ipsa
2056 4607 2259 4677 Tempe
2298 4607 2569 4664 transisse
2605 4620 2701 4661 eos
2753 4606 3082 4675 contigerat,
3123 4605 3208 4660 vir
3241 4604 3487 4674 quidam.

1905 4700 2041 4771 ipsis
2094 4700 2248 4768 prius
2298 4699 2540 4769 ignotus,
2586 4711 2652 4752 ac
2703 4710 2868 4768 quem
2922 4696 3164 4754 nondum
3214 4697 3486 4761 videram,

1905 4811 2014 4849 una
2049 4796 2130 4850 eis
2161 4796 2261 4849 via:
2292 4810 2478 4850 comes
2500 4792 2726 4863 adjungi
2752 4791 3112 4861 conspicitur,
3143 4791 3257 4861 ipse
3287 4805 3483 4855 canus.

1905 4887 2068 4945 hilari
2100 4887 2274 4951 vultu,
2308 4886 2461 4957 gravi
2487 4885 2849 4954 modesteque
2880 4884 3126 4949 amictu;
3178 4897 3241 4937 ac
3282 4884 3376 4954 qui
3418 4899 3484 4939 ex

1903 4979 2025 5049 ipso
2053 4993 2149 5034 ore
2184 4975 2550 5033 venerabilem
2583 4976 2879 5033 admodum
2928 4976 3227 5045 mitemque
3257 4973 3486 5045 ιιι-πίοιε-

1904 5083 2008 5125 ret.
2044 5069 2295 5140 Tumque
2347 5069 2490 5124 alius
2533 5068 2760 5139 quidam
2790 5082 2961 5139 eques
2985 5066 3249 5128 cernitur.
3289 5065 3427 5135 ipsis
3455 5082 3485 5124 τι

1905 5162 2089 5216 fronte
2122 5175 2426 5217 occurrens
2455 5176 2470 5225 ;
2504 5159 2624 5231 ipse
2653 5157 2901 5231 quidem,
2935 5165 3201 5228 quantum
3227 5164 3485 5225 aspectus

1906 5256 2155 5322 ferebat,
2206 5256 2484 5312 formosus
2510 5296 2527 5321 ,
2574 5270 2752 5325 exque
2792 5254 2976 5310 indole
3003 5254 3284 5321 jucundns
3327 5250 3486 5308 valde

1904 5350 2220 5420 multasque
2246 5349 2452 5419 gratias
2478 5350 2727 5417 habens;
2768 5364 2893 5405 cum
2920 5347 3044 5416 ejus
3076 5344 3482 5413 vultusjucnn-

1906 5442 2134 5497 ditatem
2196 5440 2369 5498 oﬂusa
2397 5442 2718 5498 mmstitudo
2750 5441 3026 5509 obtegeret
3076 5453 3354 5509 propeque
3399 5454 3488 5491 ex-

1909 5536 2234 5607 stingueret,
2256 5552 2320 5590 ac
2346 5536 2494 5591 velut
2518 5536 2666 5590 luctu
2697 5532 2932 5602 quodam
2954 5532 3358 5599 inconsolabiii,
3393 5547 3485 5604 ge.-

1909 5630 2111 5685 mentis
2135 5628 2325 5684 habitu
2362 5636 2630 5698 gestuque
2668 5627 2842 5697 ipsius
2875 5628 2968 5681 lux
3007 5626 3245 5696 collapsa
3287 5636 3435 5683 esset
3466 5640 3487 5683 :

1907 5720 1998 5776 cui
2021 5729 2074 5776 et
2107 5718 2319 5776 amnem
2351 5734 2541 5774 vocem
2569 5719 2761 5785 edens,
2790 5728 2916 5774 ante
2945 5720 3126 5775 omnia
3152 5720 3305 5790 gravi
3329 5727 3493 5773 aetate

146 5814 541 5887 περιχαριῖκ
587 5816 1099 5885 ἀντασπασάμενος,
1133 5817 1444 5886 Δημήτριον
1483 5814 1672 5869 τοῦτον
1704 5830 1801 5890 χαρ-

1910 5827 2097 5870 senetn
2148 5812 2299 5869 illum
2336 5810 2683 5883 (Acltillcutn
2720 5811 2953 5882 vocans)
2986 5827 3052 5866 ac
3094 5825 3334 5881 quonam
3382 5805 3492 5867 iret

547 5916 819 5978 Ρηιιοι..
868 5917 985 5978 Gn.
1034 5915 1165 5978 CIX

3056 5909 3131 5969 17
