3962 6204
218 296 315 359 5‘25
1271 300 1368 358 DE
1410 297 1728 359 EXCIDIO
1755 298 2374 364 THESSALONICxE.
3377 309 3482 373 526
3534 400 3543 411 Ι

220 442 3468 489 nam

581 636 1083 727 ΙΩΑΝΝΟΥ
1162 639 1750 727 ΚΛΗΡΙΚΟΥ
1824 642 2016 729 ΚΑΙ
2097 642 3094 740 ΚΟΥΒΟΥΚΛΕΙΣΙΟΥ

1533 826 1672 881 ΤΟΥ
1697 825 2163 881 ΚΑΜΕΝῘΑΤΟΥ

1151 985 1281 1040 ειΣ
1318 984 1458 1042 MN
1487 984 1759 1040 ΑΛΩΣῙΝ
1790 986 1922 1041 ΤΗΣ
1952 987 2530 1048 ΘΕΣΣΑΛΟΝΙΚΗΣ.

1014 1327 1635 1422 JOANNIS
1770 1334 2645 1426 CAMENIATJE

1435 1545 1673 1590 CLBRICI
1744 1545 1823 1591 AC
1901 1546 2243 1593 CAPELLANI

1158 1708 1277 1769 DE
1318 1704 1690 1771 EXCIDIO
1732 1706 2549 1778 THESSALONICENSI.

255 2028 347 2102 [P.
385 2027 519 2101 517]
556 2036 628 2084 α’.
675 2029 764 2096 Ὠς
787 2032 987 2105 ἀρίστη
1022 2033 1133 2087 τῶν
1189 2031 1415 2101 ἀγαθῶν
1459 2034 1495 2104 ἡ
1556 2034 1782 2105 φιλοπο-

1956 2032 2320 2107 486-487
2366 2035 2413 2088 l.
2436 2036 2625 2100 .Quam
2654 2036 2923 2106 optimum
2955 2046 3042 2092 est
3076 2052 3261 2095 rerum
3287 2039 3480 2095 lauda-

187 2122 299 2185 νὶα,
317 2121 413 2174 καὶ
443 2122 628 2193 πάσης
659 2123 860 2194 ἀρετῆς
886 2125 1083 2196 κτῆσιν
1111 2124 1169 2177 ἐν
1195 2125 1365 2197 ἑαυτῇ
1388 2125 1778 2198 μαρτυροῦσαί

186 2210 290 2264 Σοῦ
321 2212 383 2265 δὲ
426 2212 572 2283 μετὰ
614 2213 725 2267 τῶν
771 2216 957 2271 ,ἄλλων
1009 2214 1507 2287 πλεονεκτημάτων
1557 2216 1783 2289 ἔκδηλον

183 2305 281 2358 καὶ
303 2307 365 2357 ἐν
397 2305 575 2375 τούτῳ
602 2306 912 2377 καθέστηκε
938 2308 983 2341 ³⁸
1014 2307 1075 2362 τὸ
1105 2309 1417 2378 φιλόπονον,
1462 2302 1508 2364 ὦ
1567 2310 1782 2383 ἀνδρῶν

184 2398 432 2468 βέλτιστε
474 2400 569 2454 καὶ
596 2400 1046 2472 πολυμαθέστατε
1072 2403 1368 2474 Γρηγόριε,
1402 2397 1484 2468 οἷς
1525 2422 1585 2459 τε
1644 2406 1781 2475 πρὸς

181 2494 336 2564 ἡμᾶς
374 2493 612 2565 γράφεις
649 2495 747 2548 καὶ
794 2490 876 2559 οἷς
927 2496 1059 2568 παρ’
1107 2497 1289 2567 ἡμῶν¹
1339 2497 1619 2569 ἐπιζητεῖς
1688 2498 1781 2551 διὰ

180 2588 537 2657 γραμμάτων
566 2588 777 2659 μαθεῖν.
811 2589 925 2642 Οὐκ
964 2588 1155 2660 ὀλίγης
1185 2588 1294 2662 γὰρ
1330 2590 1535 2661 ἀρετῆς
1566 2590 1659 2644 καὶ
1687 2608 1778 2660 φι⁴

177 2677 415 2733 λοπόνου
448 2680 690 2749 σπουδῆς
742 2680 1003 2747 ἐπίδειξιν
1042 2682 1157 2753 ἔχει
1204 2681 1267 2736 τὸ
1304 2682 1514 2737 πολλῶν
1576 2682 1780 2736 ἐθέλειν

178 2768 474 2840 εἰληφέναι
505 2772 846 2841 πραγμάτων
883 2772 1110 2840 γνῶσιν,
1145 2771 1226 2844 [Ρ.
1260 2772 1389 2839 518]
1418 2774 1513 2827 καὶ
1541 2774 1778 2844 μάλιστα

174 2863 243 2914 δι’
297 2857 376 2915 ῶν
427 2863 462 2933 ἡ
526 2862 675 2936 ψυχὴ
707 2865 796 2918 τὸν
820 2863 961 2919 θεῖον
1007 2865 1170 2934 φόϐον
1202 2867 1501 2937 ἐγκυμονεῖ
1544 2867 1640 2921 καὶ
1665 2860 1778 2919 οἷον

176 2954 469 3025 χρειώδεις
500 2955 652 3018 τινάς
682 2956 941 3027 ἀφορμὰς
972 2957 1037 3010 ἐκ
1073 2955 1265 3011 τούτου
1310 2957 1390 3029 τῷ
1456 2957 1778 3029 θεωρητικῷ

177 3047 345 3118 μέρει
374 3048 471 3100 τοῦ
498 3048 616 3111 νοὸς
639 3047 950 3117 ἐμϐιϐάζει,
983 3048 1043 3115 ἐξ
1093 3042 1169 3104 ὧν
1207 3050 1517 3105 διδάσκεται
1546 3050 1645 3121 τῆς
1678 3048 1777 3121 μὲν

176 3140 466 3213 ἁμαρτίας
505 3140 775 3196 ἐκκλίνειν
837 3142 915 3206 ὡς
968 3143 1308 3215 δημιουργοῦ
1360 3143 1455 3198 τοῦ
1516 3144 1773 3207 θανάτου,

171 3234 403 3304 ἔχεσθαι
431 3234 488 3288 δὲ
517 3235 618 3305 τῆς
647 3236 870 3307 ἀρετῆς,
900 3231 966 3310 ἦς
1005 3239 1066 3290 τὺ
1086 3237 1238 3301 τέλος
1266 3237 1379 3309 ζωὴ
1413 3236 1631 3303 αίώνιος
1664 3240 1776 3301 τοῖς

172 3327 532 3398 αἱρουμένοις
556 3329 749 3399 αὑτήν.
786 3329 931 3398 Ἐγὼ
979 3330 1036 3384 δὲ
1069 3330 1169 3402 τὴν
1218 3329 1488 3403 ἐπιταγὴν
1548 3331 1775 3403 πληρώ-

174 3437 296 3472 σειν
328 3419 730 3473 ἀναϐἀλλεσθαι
756 3421 801 3451 ¹⁶
826 3420 967 3485 τέως
1000 3421 1219 3476 ἐδόκουν
1259 3423 1407 3476 δυοῖν
1445 3425 1655 3491 ἕνεκεν,
1712 3426 1772 3480 τό

168 3531 229 3567 τε
266 3513 411 3584 πρὸς
449 3512 509 3565 at
539 3514 669 3582 περὶ
698 3512 957 3568 τοιούτων
986 3514 1221 3585 γράφειν
1252 3516 1495 3587 ἐπαχθὲς
1541 3518 1769 3589 κρίνων,

171 3607 347 3676 ἄνδρα
370 3604 651 3673 τοσοῦτον,
681 3601 742 3661 οὗ
764 3607 912 3676 λόγοι
946 3607 1047 3678 μὲν
1075 3608 1177 3672 τὰς
1221 3608 1455 3679 πράξεις
1505 3608 1768 3677 ίθύνουσι,

173 3696 413 3769 πράξεις
441 3700 498 3752 δέ
530 3698 923 3769 συμφωνοῦσαι
948 3702 1063 3764 τοῖς
1084 3700 1263 3769 λόγοις
1293 3701 1355 3753 τὸ
1396 3700 1623 3773 ἀκριϐὲς
1674 3703 1771 3757 ἀλ-

170 3793 361 3863 λήλοις
392 3791 757 3845 ἀντιδιδόασιν
796 3791 921 3864 (ἤδη
950 3792 1062 3864 γάρ
1094 3794 1312 3865 ἡφήμη
1374 3793 1475 3866 βοᾷ
1520 3794 1620 3866 τὴν
1671 3796 1771 3869 σὴν

166 3887 229 3941 ἐν
256 3886 435 3939 ἅπασι
460 3882 802 3954 τελειότητα,
856 3884 952 3937 καὶ
985 3884 1266 3939 σιωπῶντι
1307 3886 1429 3948 ταῖς
1470 3885 1771 3958 ἡμετέραις

168 3973 480 4043 ἐγνώρισεν
511 3972 751 4044 ἀκοαῖς),
783 3974 878 4027 καὶ
906 3972 969 4027 τὸ
1000 3972 1078 4044 μὴ
1105 3972 1370 4029 δύνασθαι
1404 3975 1535 4042 περὶ
1565 3969 1641 4031 ῶν
1670 3978 1772 4048 τὴν

171 4064 417 4135 ζήτησιν
448 4064 700 4133 ἐποιήσω
730 4063 912 4127 καλῶς
957 4064 1355 4136 ἐξηγήσασθαι,
1408 4066 1509 4137 τὴν
1560 4068 1771 4123 οἰκείαν

162 4154 420 4225 ἀμαθίαν
450 4154 530 4217 ὡς
560 4155 925 4227 εὐπρόσωπον
970 4157 1411 4229 προϐαλλόμενος
1447 4158 1767 4230 ἀπολογίαν,

160 4244 316 4297 «Bm
354 4236 432 4315 μὴ
463 4246 800 4317 καθυϐρίσαι
857 4247 995 4318 μηδέ
1045 4250 1345 4321 σμικρῦναι
1397 4250 1481 4323 τῷ
1530 4251 1676 4323 λόγῳ
1708 4253 1770 4307 τὸ

164 4338 482 4407 περιφανὲς
510 4336 622 4391 τῶν
680 4338 834 4411 παρὰ
871 4339 968 4394 σοῦ
1006 4340 1356 4413 ζητηθέντων
1398 4344 1766 4415 πραγμάτων,

159 4427 269 4480 καὶ
307 4429 659 4499 πραγμάτων
704 4430 931 4487 ἐκείνων
995 4433 1106 4486 τῶν
1148 4434 1349 4506 μικροῦ
1387 4434 1499 4490 δεῖν
1546 4437 1769 4492 ἃπασαν

156 4520 589 4593 πληρωσάντων
614 4527 682 4597 τῇ
712 4525 853 4597 ἀκοῇ
879 4527 981 4595 τὴν
1013 4525 1102 4594 ὑφ’
1132 4525 1300 4596 ἥλιον.
1374 4526 1515 4581 Ἀλλ’
1577 4522 1767 4601 ἐπειδὴ

155 4619 268 4671 καὶ
298 4616 461 4672 τοῦτό
490 4636 580 4688 μοι
619 4621 759 4691 μετά
796 4618 909 4673 τῶν
932 4618 1033 4690 ήδη
1066 4618 1367 4689 λεχθέντων
1423 4619 1653 4691 ἐπῆλθε,
1688 4621 1767 4694 μὴ

1890 2133 2068 2180 tarum
2094 2126 2363 2190 studium,
2394 2142 2727 2198 omnemque
2755 2127 2858 2183 sibi
2896 2128 3182 2186 vindicare
3212 2130 3470 2187 virtutem

1888 2217 2096 2288 liquido
2129 2225 2497 2273 monstratur.
2531 2218 2709 2273 Tuum
2744 2235 2876 2275 vero
2917 2236 3043 2277 cum
3085 2221 3230 2289 aliis,
3267 2224 3475 2294 quibus

1886 2311 2180 2381 magniﬁce
2208 2321 2462 2380 pra35tas,
2493 2311 2578 2364 vir
2599 2311 2805 2381 optime
2836 2327 2900 2367 ac
2932 2314 3307 2371 eruditissime
3336 2315 3476 2372 Gre-

1886 2402 2027 2472 gori,
2057 2400 2282 2457 dotibus
2330 2417 2402 2463 ea,
2428 2418 2654 2473 quoque
2695 2405 2911 2460 ratione
2966 2406 3316 2463 manifestum
3354 2419 3475 2464 stu-

1884 2491 2036 2546 dium
2093 2502 2179 2546 est
2236 2502 2399 2563 atque
2432 2507 2620 2563 opera,
2654 2501 2769 2547 tum
2810 2496 2952 2564 quod
2985 2495 3054 2551 ad
3090 2512 3191 2554 nos
3249 2498 3470 2563 scribis,

1884 2587 1998 2635 tum
2027 2581 2177 2652 quod
2209 2597 2307 2652 per
2338 2582 2554 2637 litteras
2587 2596 2618 2636 a
2647 2581 2810 2636 nobis
2835 2582 2902 2637 de
2924 2583 3011 2638 his
3031 2584 3220 2640 doceri
3249 2586 3470 2657 quaeris.

1882 2672 2005 2727 Non
2035 2674 2184 2728 enim
2224 2673 2442 2745 pusillae
2486 2673 2710 2728 virtutis
2755 2680 2862 2739 cst,
2901 2675 3234 2747 solertisqne
3289 2684 3481 2749 operat

1880 2765 2156 2820 indicium
2192 2765 2378 2832 habet,
2415 2766 2715 2820 multarum
2750 2782 2932 2822 rerum
2956 2770 3327 2841 cognitionem
3364 2772 3469 2827 sibi

1881 2857 2243 2928 conquirere,
2279 2873 2343 2913 ac
2378 2857 2728 2928 potissimum
2768 2859 2812 2914 si
2844 2874 2943 2930 per
2974 2860 3095 2917 illas
3127 2862 3344 2919 animus
3373 2863 3468 2919 Dei

1881 2949 2139 3005 timorem
2192 2951 2474 3021 concipit,
2530 2950 2769 3022 indeque
2828 2953 2980 3007 velut
3025 2964 3469 3025 pempportunas

1879 3042 2146 3113 quasdam
2175 3041 2499 3099 occasiones
2530 3044 2673 3114 parti
2718 3045 2941 3112 mentis,
2981 3045 3151 3119 488
3194 3048 3353 3120 cujus
3384 3062 3470 3105 est

1880 3134 2201 3204 speculandi
2241 3134 2347 3198 vis,
2386 3133 2657 3201 innectit;
2715 3135 2919 3204 quibus
2962 3150 2993 3190 a
3043 3146 3292 3207 peccato,
3343 3148 3468 3196 tan-

1879 3241 2043 3296 quam
2083 3226 2278 3281 mortis
2328 3238 2588 3294 auetore,
2638 3227 2917 3284 declinare
2952 3230 3262 3299 condiscit,
3302 3243 3467 3303 atque

1879 3318 2067 3373 virtuti
2099 3317 2440 3383 incumbere,
2468 3318 2629 3390 cujus
2676 3319 2800 3374 linis
2840 3320 2954 3377 vita
2988 3329 3213 3389 aeterna,
3246 3326 3334 3380 his
3369 3328 3463 3395 qui

1877 3424 1997 3465 eam
2022 3410 2407 3480 amplexantur
2442 3419 2609 3481 atque
2635 3410 2898 3482 diligunt,
2923 3416 3015 3469 sit.
3040 3414 3337 3472 Enimvero
3362 3433 3464 3488 ego

1876 3504 2168 3569 hactenus,
2201 3504 2347 3574 quod
2381 3504 2578 3573 jussus
2605 3518 2780 3570 eram,
2812 3505 3017 3576 duplici
3057 3521 3125 3563 ex
3156 3522 3324 3567 causa
3355 3513 3463 3567 dir-

1876 3596 2024 3653 ferrc
2053 3596 2299 3660 videbar,
2337 3603 2452 3650 tum
2491 3596 2757 3651 nimirum
2794 3598 2938 3669 quod
2987 3601 3279 3656 molestum
3311 3604 3463 3674 judi~

1874 3689 2064 3744 cabam
2101 3690 2165 3744 ad
2229 3698 2281 3745 te
2330 3690 2599 3757 scribere,
2628 3692 2808 3747 virum
2857 3701 3099 3762 tantum,
3131 3696 3293 3768 cujus
3347 3715 3465 3755 ser-

1875 3798 2069 3839 mones
2104 3784 2352 3841 actiones
2401 3783 2671 3857 dirigunt,
2718 3796 2773 3842 et
2822 3789 3072 3845 actiones
3112 3793 3462 3850 sermonibus

1874 3880 2177 3935 concordes
2208 3878 2312 3933 sibi
2357 3887 2551 3934 mutuo
2584 3888 2850 3948 praestant
2894 3882 3039 3952 quod
3072 3884 3373 3953 perfectum
3407 3897 3461 3940 ct

1873 3978 2127 4024 exactum
2172 3978 2251 4025 est
2289 3969 2420 4039 (jam
2469 3970 2614 4025 enim
2656 3969 2801 4025 fama
2858 3980 3008 4027 tuam
3063 3974 3457 4047 perfectionem

1873 4061 2093 4118 cunctis
2120 4062 2346 4126 clamat,
2397 4072 2450 4117 et
2502 4062 2631 4116 licet
2673 4063 2793 4132 ipse
2842 4071 3049 4130 taceas,
3096 4067 3302 4123 nostris
3339 4084 3457 4123 eam

1876 4154 2063 4209 intulit
2105 4154 2383 4221 auribus),
2433 4163 2547 4207 tum
2581 4154 2762 4224 quod,
2812 4154 2881 4210 de
2928 4157 3132 4226 quibus
3166 4159 3456 4228 quaesiisti,

1872 4262 1979 4302 non
2010 4262 2078 4301 ex
2119 4262 2180 4301 re
2224 4246 2363 4302 satis
2397 4245 2676 4303 disserere
2711 4247 2947 4314 valeam,
2977 4250 3071 4320 qui
3128 4267 3302 4306 meam
3339 4254 3457 4323 ipse

1873 4341 2149 4398 inscitiam
2182 4341 2328 4396 velut
2358 4342 2777 4398 convenientem
2813 4342 3225 4400 excusationem
3258 4348 3455 4402 obten-

1870 4439 2016 4502 dam,
2043 4454 2112 4494 ne
2135 4453 2275 4509 pene
2300 4438 2509 4496 violare
2532 4438 2745 4506 videar,
2770 4453 3077 4511 earumque
3100 4455 3283 4498 rerum
3314 4459 3453 4515 quas

1868 4547 1937 4585 ex
1974 4546 2061 4586 me
2110 4530 2417 4587 sciscitarls
2464 4530 2814 4603 splendorem
2868 4531 3222 4601 imminuam,
3268 4552 3451 4593 rerum

1870 4622 2081 4679 scilicet
2127 4620 2399 4691 ejusmodi
2438 4630 2498 4677 ut
2538 4622 2725 4678 auditu
2758 4632 2924 4693 atque
2968 4638 3190 4680 rumore
3230 4640 3448 4683 omnem

156 4712 312 4784 πρὸς
343 4715 460 4777 τοῖς
491 4713 674 4777 ἄλλοις
699 4712 980 4784 ὀφλήμασι
1022 4712 1120 4766 καὶ
1168 4712 1457 4784 παρακοῆς
1522 4713 1792 4785 άπαιτηη

1874 4729 2041 4786 prope
2071 4721 2345 4769 terrarum
2395 4713 2583 4769 orbem
2645 4713 2999 4785 repleverint.
3058 4715 3448 4774 Verumtamen

154 4803 326 4875 θείην
375 4803 556 4870 δίκας,
616 4802 789 4860 τᾶλλα
831 4806 932 4877 μὲν
984 4805 1146 4875 φύσει
1198 4806 1372 4863 δεινοῦ
1421 4806 1628 4874 πάθους
1662 4812 1757 4864 καὶ

148 4898 437 4969 ὀλεθρίου,
463 4899 559 4952 καὶ
589 4898 758 4954 αὐτοῦ
780 4899 840 4953 δὲ
876 4899 971 4952 τοῦ
998 4899 1145 4954 θείου
1170 4901 1337 4971 νόμου
1357 4904 1757 4974 περιφρονῆσαι

144 4990 295 5054 τοὺς
347 4990 618 5062 γενάρχας
648 4992 809 5064 ήμῶν
864 4991 921 5059 ἐξ
973 4992 1150 5064 ἀρχῆς
1193 4994 1605 5062 ἀναπείσαντος,
1635 4997 1757 5069 ἥκω

141 5083 479 5155 πληρὼσων
510 5086 573 5138 τὸ
600 5085 848 5157 αἰτηθὲν,
884 5088 951 5157 τῇ
996 5088 1063 5157 σῇ
1112 5084 1399 5159 θαρρήσας
1448 5087 1754 5159 εὐγνώμονι

140 5175 258 5226 καὶ
292 5172 729 5249 συμπαθεστάτῃ
756 5177 930 5249 φιλίᾳ.
970 5176 1044 5231 E6
1061 5177 1169 5249 γάρ
1200 5175 1318 5232 οίδα
1346 5179 1485 5250 μήτε
1516 5183 1638 5244 ταῖς
1661 5183 1754 5234 σοῦ

134 5270 446 5335 τεχνικαῖς
484 5262 733 5339 μεθόδοις
758 5269 825 5336 ⁸⁷,
860 5271 999 5342 μήτε
1029 5270 1137 5343 μὴν
1160 5272 1280 5336 ταῖς
1300 5272 1759 5343 ἐπιστημονικαῖς

130 5360 459 5430 τρυτάναις
495 5362 594 5433 τῆς
622 5362 725 5431 σῆς
748 5362 1087 5434 ἀκραιφνοῦς
1134 5366 1229 5420 καὶ
1273 5364 1516 5435 μεγάλης
1563 5366 1757 5436 σοφίας

122 5452 215 5505 τὸ
273 5453 513 5519 ἀκαλλές
559 5453 659 5507 τοῦ
706 5456 833 5528 τῇδε
858 5454 1025 5527 λόγου
1075 5460 1174 5513 καὶ
1197 5459 1545 5532 ἀνάρμοστον
1576 5460 1608 5529 ἢ
1644 5460 1755 5512 τῶν

128 5543 474 5615 λεγομένων
501 5545 594 5599 τὸν
617 5545 744 5600 νοῦν
765 5548 1288 5619 ἀποδοκιμάζεσθαι,
1315 5549 1496 5622 άληθῆ
1534 5550 1592 5605 δὲ
1624 5552 1755 5620 μᾶλ-

1866 4822 1991 4862 cum
2037 4804 2093 4860 id
2128 4820 2346 4877 quoque
2400 4805 2556 4871 mihi,
2590 4821 2713 4861 cum
2750 4806 2816 4862 iis
2856 4822 2980 4878 quae
3012 4805 3161 4864 dicta
3209 4818 3360 4877 sunt,
3397 4812 3449 4867 in

1864 4905 2103 4955 mentem
2162 4898 2395 4962 veniret,
2428 4913 2497 4954 ne
2549 4907 2747 4969 praeter
2782 4899 2889 4955 alia
2927 4899 3114 4956 debita
3164 4902 3331 4959 etiam
3367 4903 3451 4957 in-

1864 4991 2189 5046 obedientiae
2243 4989 2516 5047 obnoxius
2578 4990 2784 5056 liorem,
2844 4992 2976 5049 dirae
3025 4994 3231 5067 alioqui
3285 5006 3448 5068 atque

1866 5084 2043 5140 noxia:
2092 5091 2287 5154 suapte
2343 5084 2530 5139 indole
2575 5084 2919 5156 egritudinis
2947 5085 3198 5157 Vitiique,
3232 5103 3342 5158 quo
3392 5100 3447 5142 vl.

1866 5177 2086 5233 adducti
2139 5176 2301 5249 primi
2362 5184 2620 5247 parentes
2656 5185 2717 5231 ut
2740 5175 2988 5232 divinam
3039 5177 3217 5249 ipsam
3270 5180 3443 5252 legent

1862 5280 2300 5336 contemnerent,
2340 5271 2545 5327 accedo
2592 5271 2762 5342 petita
2796 5270 3172 5343 praestiturus,
3207 5272 3441 5328 candida

1860 5376 1952 5419 tua
2011 5364 2481 5435 humanitatisque
2538 5363 2861 5434 plenissima
2935 5365 3178 5419 amicitia
3240 5364 3437 5421 fretus.

1860 5457 2037 5512 Probe
2058 5457 2205 5512 enim
2234 5456 2360 5511 novi
2388 5470 2491 5511 nec
2520 5469 2617 5526 per
2645 5454 2977 5510 artiﬁciosas
3005 5464 3127 5512 tuas
3154 5456 3440 5513 methodos

1863 5566 1966 5606 nec
1992 5565 2091 5621 per
2113 5550 2497 5619 argutissimas
2520 5562 2661 5605 verae
2685 5562 3005 5621 magnaque
3029 5550 3313 5621 sapientiae
3334 5560 3440 5605 tua:

1445 5660 1683 5717 VARle
1725 5660 2137 5719 LECTIONES.

252 5748 311 5821 ’⁸,
336 5749 649 5821 καθέστηκε
678 5768 786 5807 om.
825 5750 884 5805 P.

126 5832 267 5875 om.
289 5820 357 5876 Α.

983 5754 1026 5783 ι·
1055 5721 1418 5809 ἀναϐαλέσθαι
1452 5758 1489 5809 Α
1528 5757 1637 5812 i.e.
1713 5755 1882 5812 cditio
1938 5756 2229 5813 Allatiana.

2343 5757 2385 5789 ’⁷
2427 5755 2565 5829 μήτε
2595 5757 2716 5821 ταῖς
2741 5773 2835 5810 σου
2891 5760 3164 5829 τεχνικαῖς
3196 5754 3439 5829 μεθόδοις
