3962 6204
454 277 555 343 527

1706 260 2043 327 JOANNES
2078 263 2222 324 (1AM
2232 262 2509 323 ENIATA

3575 264 3662 328 ωδ

451 389 714 453 trutinas,
762 384 907 455 quod
939 381 1221 440 orationis
1270 378 1437 450 hujus
1483 374 1803 431 indecorum
1852 382 1937 430 est
1972 385 2037 426 ac

2145 372 2228 427 λον
2258 373 2353 426 καὶ
2385 372 2585 435 παντὸς
2618 369 2909 441 ἀλλοτρίαν
2943 368 3037 422 καὶ
3059 368 3284 437 ψεύδους
3312 372 3397 424 καὶ
3446 373 3659 444 πλάσμα.

450 482 872 543 incon'cinnum,
927 477 1095 548 489
1153 472 1421 542 rejectum
1460 468 1550 532 iri,
1604 480 1867 522 eorumve
1917 477 2042 535 qua:

451 585 585 634 sunt
616 572 848 630 dicenda
879 564 1382 631 sententiam,.setl
1424 562 1606 631 potius
1655 573 1842 615 veram
1880 565 1935 612 et
1970 556 2040 612 ab

2148 483 2238 531 τος
2278 466 2378 537 τὴν
2401 465 2511 517 τῶν
2550 461 2943 534 ῥηθησομένιιιν
2964 462 3359 534 προϐαίνουσαν
3392 472 3665 539 συγγραφὴν

2146 554 2368 626 ἁπάσης
2396 555 2660 627 μέμψεως
2688 555 3042 609 ἀπολύεσθαι.

450 670 603 728 omni
654 662 944 723 mendacio
984 661 1350 732 tigmentoque
1394 656 1629 713 alienam
1674 651 2035 711 dicendorum
2074 650 2452 708 narrationem
2490 649 2642 707 omni
2666 651 2767 707 abs
2794 658 2848 708 te
2868 652 3103 708 crimine
3132 664 3198 707 ac
3224 650 3339 709 labe
3400 652 3506 713 fore
3554 658 3671 713 tibe-

392 756 403 781 ’
450 765 701 823 randam.

521 863 576 915 2.
615 832 747 913 Data
773 856 1007 929 epistola
1040 852 1256 908 discere
1288 847 1556 921 quaesiisti
1588 845 1838 912 modum,
1874 843 2040 915 cujus

451 954 628 1024 gratia
682 964 963 1007 carcerem
1033 956 1285 1001 tenemus
1334 941 1818 1007 Barbarorumque
1875 935 2047 992 dediti

450 1045 709 1100 manibus
764 1055 984 1106 smnus,
1024 1053 1087 1093 ac
1138 1050 1247 1107 qua
1299 1033 1516 1089 ratione
1564 1030 1805 1086 alienum
1865 1029 2044 1085 solum

449 1139 629 1211 patrio
663 1132 1163 1196 eommutavimus;
1194 1141 1305 1199 qua
1335 1127 1466 1181 item
1497 1124 1604 1179 orti
1637 1122 1817 1194 patria
1850 1121 2044 1188 simus,

448 1240 505 1287 et
555 1245 678 1302 quae
712 1228 861 1283 illius
908 1240 999 1281 res
1035 1222 1231 1294 quisve
1275 1228 1475 1277 status.
1512 1215 1727 1272 Etenim
1773 1213 2046 1283 conjicere

450 1326 639 1380 aiebas
668 1338 735 1378 ex
786 1320 937 1377 brevi
982 1318 1075 1373 illa
1112 1314 1452 1372 fabulatione
1479 1327 1611 1384 qua,
1651 1324 1775 1365 cum
1810 1323 1909 1379 per
1946 1306 2047 1364 via:

450 1414 804 1472 occasionem
854 1410 1122 1481 Tripolim
1183 1405 1530 1469 devenisscs,
1584 1401 1869 1473 paululum
1913 1414 2048 1454 con-

450 1506 626 1578 gressi
684 1518 899 1567 sumus,
958 1514 1125 1572 quam
1188 1497 1350 1569 longa
1404 1493 1726 1550 narratione
1784 1498 2043 1546 onustum

453 1606 650 1667 pectus
708 1606 1049 1664 gereremus,
1122 1588 1355 1657 diraque
1417 1584 1665 1656 quaedam
1729 1591 1783 1638 et
1838 1580 2046 1651 tragico

451 1688 603 1743 omni
638 1687 910 1743 cothurno
941 1680 1380 1754 lacrymahiliora
1410 1691 1532 1734 esse
1565 1684 1680 1730 tum
1709 1688 1771 1730 ea
1797 1687 1919 1744 quae
1938 1672 2049 1742 jam

452 1781 615 1837 nobis
655 1784 979 1839 evenerant,
1036 1781 1152 1827 tum
1208 1785 1328 1841 qua:
1390 1768 1754 1838 imposterum
1815 1772 2049 1818 ventura

451 1869 943 1941 exspectabantur.
969 1864 1109 1919 Nam
1155 1872 1211 1917 tu
1251 1873 1472 1932 quoque
1517 1858 1637 1928 pari
1670 1855 1829 1910 nobis
1875 1852 2050 1908 infor-

454 1965 609 2020 tunio
639 1958 990 2019 errabundus
1023 1966 1078 2012 et
1106 1970 1233 2011 cum
1288 1950 1615 2024 quibusdam
1648 1946 1879 2019 captivis
1919 1947 2047 2000 illuc

453 2054 837 2119 abducebaris,
874 2065 1014 2122 quos
1057 2051 1209 2104 cives
1264 2060 1387 2102 esse
1424 2056 1549 2099 tuos
1598 2041 1885 2097 asserebas
1909 2038 2048 2109 Cap-

454 2147 714 2218 padoces,
746 2158 872 2199 cum
902 2142 1108 2212 quibus
1135 2138 1299 2195 etiam
1329 2135 1679 2192 Antiochiam
1710 2132 2042 2195 mittebaris,

452 2240 704 2297 referens
738 2237 947 2293 nullam
978 2232 1224 2305 requiem
1258 2230 1527 2286 malorum
1564 2226 1831 2291 invenire,
1865 2239 2042 2296 quau-

453 2332 650 2387 donos
692 2341 913 2400 quoque
970 2324 1221 2389 videbas,
1272 2329 1331 2376 ut
1373 2329 1426 2375 et
1463 2320 1580 2391 ipse
1630 2316 1888 2379 testaris,
1928 2323 2041 2368 tum

453 2426 733 2476 recentem
766 2417 974 2472 luctum
1008 2420 1121 2468 tum
1157 2409 1419 2482 praeteriti
1462 2407 1681 2463 timoris
1728 2405 1957 2476 vestigia
1986 2404 2041 2457 iu

452 2511 595 2566 facie
659 2520 920 2579 expressa
972 2504 1137 2571 ferre,
1198 2510 1258 2557 ut
1310 2510 1364 2557 et
1413 2499 1667 2566 tacendo,
1702 2498 1887 2553 vultus
1922 2497 2041 2567 ipso

451 2603 637 2657 colore
689 2599 818 2655 mali
865 2596 1268 2651 immanitatem
1320 2593 1709 2647 clamaremus.
1742 2588 1945 2644 Verum
1993 2589 2040 2645 si

453 2694 523 2749 de
572 2693 658 2749 his
709 2690 927 2760 singula
973 2700 1264 2743 recensere
1307 2684 1493 2749 velim,
1543 2683 1758 2754 longior
1789 2681 1922 2736 mihi
1964 2691 2041 2736 te-

451 2784 631 2840 xenda
677 2797 778 2837 nec
814 2781 982 2851 justa:
1030 2777 1167 2833 satis
1198 2776 1549 2832 necessitatis
1604 2774 1782 2829 oratio
1829 2782 1933 2837 est,
1978 2781 2037 2826 ut

451 2891 577 2946 qua:
616 2869 1017 2929 mediocritatis
1055 2868 1228 2938 legem
1279 2867 1349 2921 slt
1400 2881 1727 2933 excessura;
1759 2880 1827 2919 ne
1856 2864 2036 2917 dicam

448 2965 615 3037 490
664 2963 785 3019 fore
851 2970 911 3016 ut
949 2972 1242 3030 nunquam
1288 2957 1540 3013 socordia
1595 2953 2036 3026 torpescentibus

2218 848 2288 921 β’.
2324 849 2630 921 Ἐζὴτησας
2661 849 2857 919 μαθεῖν
2882 848 2972 903 διὰ
3006 848 3105 920 τῆς
3135 846 3415 918 ἐπιστολῆς
3448 846 3531 901 τὸν
3571 832 3675 917 τρό-

2146 958 2248 995 πον
2274 940 2344 995 δι’
2364 940 2424 994 ὃν
2452 941 2552 1011 τὴν
2582 939 2830 1011 φρουρὰν
2876 938 3135 1009 οίκοῦμεν
3180 937 3461 1009 βαρϐάρων
3524 939 3681 1009 χερσὶν

2145 1032 2480 1098 ἐκδοθέντες,
2506 1033 2599 1087 καὶ
2629 1032 2746 1095 πῶς
2786 1031 2885 1104 τὴν
2924 1030 3216 1102 ἀλλοτρίαν
3276 1032 3392 1086 ἀντὶ
3435 1029 3523 1101 τῆς
3570 1031 3682 1095 ιδίας

2144 1122 2580 1195 διημειψάμεοα,
2611 1122 2773 1187 ποίας
2802 1123 2861 1176 τέ
2887 1124 3055 1193 ἐσμεν
3080 1120 3360 1193 πατρίδος,
3388 1122 3476 1174 καὶ
3495 1120 3601 1174 τίνα
3627 1121 3683 1175 τὰ

2148 1217 2269 1269 κατ’
2297 1215 2489 1285 αὐτήν.
2522 1212 2934 1285 Τεκμαίρεσθαι
2967 1213 3078 1284 γάρ
3111 1211 3248 1283 ἔφης
3276 1214 3339 1265 ἐκ
3372 1214 3465 1282 τῆς
3515 1212 3685 1281 μικρᾶς

2148 1308 2364 1378 ἐκείνης
2385 1306 2623 1378 ὁμιλίας,
2665 1305 2732 1359 δι’
2761 1300 2831 1378 ἧς
2858 1303 3214 1378 παροδεύοντί
3242 1321 3325 1357 σοι
3351 1303 3443 1375 τὴν
3466 1298 3690 1373 Τρίπολιν

2146 1402 2326 1471 ὀλίγον
2386 1398 2814 1468 συνεγενόμεθα,
2873 1398 3107 1470 πλήρεις
3152 1397 3253 1468 μὲν
3307 1391 3512 1450 εἶναι’⁸
3570 1398 3691 1467 ἡμᾶς

2152 1496 2370 1566 μακρᾶς
2401 1493 2735 1565 ἐξηγήσεως,
2763 1492 2977 1562 μεγάλα
2993 1491 3050 1546 δέ
3082 1508 3207 1543 τινα
3237 1490 3335 1544 καὶ
3360 1490 3532 1560 πάσης
3556 1505 3690 1559 τραγ-

2149 1589 2312 1659 ῳδίας
2360 1588 2621 1641 ἐπέκεινα
2663 1586 2733 1640 τά
2775 1603 2834 1640 τε
2872 1586 2974 1656 ἤδη
3028 1583 3421 1655 συμϐεϐηκότα
3452 1584 3574 1653 ἡμῖν
3620 1580 3691 1633 καὶ

2153 1680 2223 1733 τὰ
2259 1681 2318 1743 ἐς
2346 1678 2573 1749 ὕστερον
2611 1676 3064 1749 προσδοκώμενα,
3100 1676 3210 1730 Καὶ
3235 1676 3353 1746 γὰρ
3376 1674 3556 1744 ἔτυχες
3599 1673 3696 1725 τότε

2152 1774 2247 1829 καὶ
2278 1772 2441 1836 αὐτὸς
2473 1771 2757 1842 ἀλητεύων
2788 1769 2932 1823 κατά
2953 1769 3052 1841 τὴν
3078 1769 3255 1837 αὐτὴν
3287 1768 3332 1800 ²⁹
3390 1768 3540 1837 ἡμῶν
3583 1782 3697 1834 συμ-

2151 1866 2349 1937 φορὰν,
2384 1863 2467 1937 [Ρ.
2492 1863 2619 1935 519]
2653 1863 2745 1917 καί
2777 1880 2918 1916 τισιν
2947 1860 3330 1932 αἰχμαλώτοις
3368 1861 3543 1913 ἐκεῖσε
3595 1874 3700 1910 συν-

2150 1958 2509 2028 επαγόμενος,
2535 1954 2627 2019 οὓς
2647 1954 2828 2023 ἔλεγες
2848 1951 3218 2025 ὁμοπατρίους
3244 1946 3390 2004 εἷναί
3414 1946 3695 2003 σοιΚαππάο

2147 2054 2332 2118 δοκας,
2371 2051 2491 2121 μεθ’
2518 2044 2593 2103 ὧν
2627 2048 2721 2102 καὶ
2750 2048 2848 2118 τὴν
2880 2046 3016 2118 πρὸς
3048 2046 3145 2117 τὴν
3176 2046 3220 2078 ³⁸
3280 2044 3552 2113 Ἀντιόχου
3578 2040 3705 2094 πόλιν

2148 2145 2423 2211 ἐστέλλου,
2459 2140 2714 2215 μηδαμοῦ
2748 2140 2942 2210 στῆναι
2973 2138 3082 2196 τῶν
3120 2137 3402 2206 ἀλγεινῶν
3439 2133 3708 2207 ἐξηγούμε-

2146 2251 2237 2298 νος
2265 2250 2279 2265 ·
2321 2232 2484 2286 ὁπότε
2506 2234 2600 2286 καὶ
2624 2232 2776 2302 ἡμᾶς
2804 2230 3001 2300 ἐώρας,
3035 2228 3112 2292 ώς
3163 2230 3268 2281 καὶ
3304 2227 3467 2290 αὐτὸς
3534 2240 3710 2297 μαρτν·

2148 2330 2283 2399 ρεῖς,
2306 2326 2368 2381 τό
2400 2343 2460 2379 τε
2486 2325 2681 2396 νεαρὸν
2707 2324 2801 2378 τοῦ
2820 2321 3050 2385 πένθους
3082 2320 3322 2392 ἔχοντας
3356 2321 3453 2375 καὶ
3498 2319 3564 2372 τά
3615 2317 3712 2387 ἴχνη

2142 2419 2238 2473 τοῦ
2263 2418 2628 2491 προλαϐόντος
2657 2416 2826 2487 φόϐου
2849 2417 2963 2479 τοῖς
2992 2413 3319 2484 προσώποις
3342 2412 3500 2484 ἡμῶν
3537 2407 3714 2480 ἐγκαθ-

2145 2513 2346 2583 ήμενα,
2401 2511 2475 2575 ὼς
2494 2510 2590 2564 καὶ
2625 2508 2945 2572 σιωπῶντας
2990 2508 3119 2579 βοᾷν
3158 2505 3271 2576 τὴν
3329 2503 3613 2575 συμφορὰν
3661 2502 3717 2553 ἐκ

2144 2604 2238 2658 τοῦ
2277 2602 2588 2675 χρώματος.
2636 2601 2799 2656 Ἀλλά
2832 2601 2962 2672 περὶ
2994 2599 3200 2653 τούτων
3256 2601 3307 2653 εί
3340 2598 3467 2652 καθ’
3518 2598 3719 2650 ἕκαστον

2142 2697 2422 2762 ἐπεξιέναι
2454 2694 2793 2767 βουληθείην,
2831 2693 3044 2766 μακρὸν
3073 2694 3139 2747 ἂν
3188 2694 3291 2763 εἴη
3316 2692 3415 2745 καὶ
3465 2692 3531 2761 τῇ
3584 2688 3721 2759 χρείᾳ

2145 2790 2220 2861 μὴ
2244 2788 2578 2860 κατάλληλον
2604 2786 2693 2840 τὸν
2722 2786 2880 2856 λόγον
2904 2786 3235 2855 ποιήσομαι,
3270 2784 3378 2854 τῆς
3401 2778 3719 2853 συμμετρίας

2140 2880 2232 2934 τὸν
2261 2880 2425 2951 νόμον
2458 2876 2916 2949 καθυπερϐαίνων
2941 2891 2956 2907 ⁸
2989 2877 3079 2930 ἵνα
3100 2876 3175 2946 μὴ
3204 2875 3368 2944 λέγω
3402 2876 3486 2927 ὅτι
3514 2872 3605 2927 καί
3644 2870 3726 2938 τὴν

2143 2973 2243 3043 σὴν
2273 2970 2593 3044 ἀρρᾴθυμον
2625 2971 2795 3041 ἀκοὴν
2826 2968 3165 3031 ἀποκναίσω,
3190 2970 3249 3021 εί
3283 2968 3384 3021 καὶ
3416 2965 3582 3020 ϐτιδι’
3617 2963 3725 3031 ἐφέ-

450 3058 682 3114 auribus
712 3053 959 3111 audienti
1000 3051 1094 3109 tibi
1127 3050 1449 3117 obtundam,
1477 3050 1604 3105 licet
1633 3046 1889 3105 audiendi
1923 3047 2035 3101 avi-

2145 3084 2282 3128 σεως
2335 3065 2480 3135 ἔχεις
2534 3066 2647 3127 τοῖς
2698 3062 3016 3133 λεγομένοις
3062 3059 3565 3132 ἐπακροὰσασθαι.
3611 3053 3732 3110 Ἀλλ’

450 3148 617 3206 ditate
670 3148 740 3204 ad
796 3161 861 3205 ea
914 3159 1036 3218 quae
1082 3144 1312 3200 dicenda
1374 3157 1404 3196 a
1464 3158 1549 3197 me
1616 3149 1745 3197 sunt
1797 3140 2039 3195 animum

451 3245 727 3298 advertas.
791 3239 1024 3307 Quando
1083 3239 1251 3309 igitur
1302 3237 1415 3307 jam
1476 3235 1633 3290 initio
1703 3241 2043 3303 pcrattcntas

452 3350 615 3390 aures
661 3333 944 3405 pollicitus
989 3346 1047 3388 es
1069 3371 1082 3397 ,
1116 3330 1182 3386 ad
1219 3337 1407 3385 nostra
1464 3325 1777 3383 enarranda
1810 3325 1862 3379 in
1897 3326 2042 3380 hunc

453 3428 677 3483 modum
733 3426 1040 3498 aggredior.

521 3514 576 3567 5.
644 3510 867 3577 Nostra,
916 3525 948 3566 ο
996 3508 1193 3574 amice,
1244 3507 1446 3579 patria.
1486 3504 1883 3561 Thessalonica
1936 3513 2038 3560 est.

452 3599 604 3653 llane
642 3599 789 3653 enim
848 3597 1085 3667 primum
1115 3596 1212 3650 tibi
1249 3604 1434 3649 notam
1477 3591 1699 3660 faciam,
1742 3609 1837 3664 per
1873 3608 2039 3663 quam

452 3690 584 3745 mihi
637 3689 810 3743 multa
868 3702 1203 3760 cognoscere
1238 3687 1391 3743 licuit
1447 3702 1569 3758 quae
1636 3698 1794 3743 antea
1856 3686 2042 3743 nullus

453 3794 712 3836 noveram
742 3797 757 3847 ;
791 3787 844 3835 et
884 3780 978 3852 qui
1008 3780 1064 3835 in
1095 3779 1173 3835 tui
1205 3777 1326 3849 jam
1366 3778 1739 3850 cognitionem
1772 3779 2039 3845 venerim,

451 3873 572 3943 ejus
646 3872 819 3943 ipsius
899 3883 1147 3927 exaCtam
1216 3870 1381 3927 edere
1449 3870 1818 3941 cognitionem
1880 3869 2044 3944 cilicii

451 3966 611 4037 quasi
663 3964 789 4035 jure
831 3963 941 4020 tuis
974 3964 1116 4019 votis
1161 3961 1483 4033 compellor.
1513 3959 1719 4033 Nempe
1762 3961 1895 4018 urbs
1924 3976 2043 4016 ma-

451 4071 556 4128 gua
599 4054 735 4110 mihi
768 4053 1117 4127 explicanda,
1150 4062 1205 4108 et
1259 4066 1382 4123 qua:
1436 4052 1617 4125 gentis
1682 4052 2041 4108 Macedonum

450 4147 710 4220 primaria
767 4148 1017 4204 exsistat.
1080 4144 1223 4204 Urbs
1274 4147 1437 4203 rebus
1484 4148 1631 4213 aliis,
1690 4149 1888 4219 quibus
1937 4143 2039 4202 sibi

451 4243 679 4297 nimium
717 4249 949 4297 sumunt
997 4240 1252 4296 civitates
1295 4255 1359 4295 ac
1383 4240 1769 4306 honestantur,
1822 4240 2042 4312 conspi-

448 4350 575 4400 cua,
613 4340 668 4389 et
701 4348 823 4405 quae
864 4332 999 4389 nulli
1044 4332 1351 4387 vicinarum
1388 4332 1695 4397 civitatum,
1740 4332 1858 4401 pari
1909 4346 2036 4387 cum

2144 3152 2335 3224 ἐπειδὴ
2364 3153 2547 3206 τοίνυν
2573 3152 2732 3207 τοῦτο
2756 3151 2878 3205 κατ’
2894 3152 3068 3222 ἀρχὰς
3096 3152 3379 3221 ὑπέσχου,
3400 3149 3466 3204 τὸ
3489 3144 3730 3215 νουνεχῶς

2144 3247 2383 3311 ἀκούειν,
2422 3244 2656 3316 ἄρχομαι
2691 3242 2800 3296 τῶν
2829 3242 2963 3296 καθ’
2984 3242 3131 3312 ἡμᾶς
3161 3233 3302 3295 ὧδε.

3030 3338 3041 3355 I

2215 3531 2283 3582 γ.
2330 3514 2540 3581 ⁹[1μεις,;,
2575 3510 2620 3563 is
2664 3510 2837 3578 φίλος,
2874 3507 3133 3579 πατρίδος
3188 3509 3379 3576 ἐσμὲν
3435 3500 3742 3559 Θεσσαλονί-

2144 3604 2484 3677 κηςοαῦτὴν
2534 3596 2643 3673 γὰρ
2700 3601 2927 3674 πρώτην
2978 3599 3351 3670 γνωριοῦμαί
3408 3616 3522 3663 σοι,
3566 3594 3628 3650 δι’
3686 3588 3745 3665 ἧς

2142 3698 2314 3766 ἔγνων
2332 3690 2407 3750 ὧν
2437 3695 2588 3749 οῦπω
2622 3694 2882 3763 ἐγνώκειν
2901 3692 3071 3746 πολλά
3093 3710 3107 3724 ν
3127 3694 3232 3746 καὶ
3272 3693 3367 3747 σοί
3404 3710 3473 3761 γε
3500 3688 3745 3761 γνωσθες

2142 3790 2264 3863 ἄρτι
2285 3789 2384 3860 τὴν
2416 3788 2745 3863 περὶιαῦτῆς
2772 3787 2989 3857 ἐκείνης
3035 3785 3251 3856 γνῶσιν
3306 3790 3745 3857 είσπράττομαι,

2143 3858 2352 3946 πόλεως
2391 3858 2636 3950 μεγάλης
2669 3878 2767 3932 καὶ
2783 3876 3009 3949 πρώτης
3034 3876 3143 3930 τῶν
3174 3878 3570 3945 Μακεδόνων,
3595 3871 3749 3930 τᾶλλα

2145 3974 2245 4044 μὲν
2273 3969 2611 4044 περιφανοῦς
2640 3963 2723 4032 οἷς
2753 3966 3080 4039 σεμνύνεται
3118 3967 3319 4033 πόλις,
3355 3969 3467 4023 καὶ
3528 3962 3753 4039 μηδεμιᾷ

2140 4065 2250 4119 τῶν
2312 4062 2540 4134 ἔγγιστα
2606 4059 3046 4133 παραχωρούσης
3117 4059 3195 4130 μὴ
3251 4061 3352 4115 ὅτι
3412 4061 3546 4115 κατ’
3600 4057 3755 4124 αὐτὴν

2139 4156 2395 4228 ὀφθῆναι,
2433 4154 2911 4225 περιφανεστέρας
2955 4151 3013 4206 δέ
3051 4151 3152 4223 τὴν
3193 4153 3545 4221 εὐσέϐειαν,
3592 4151 3660 4223 ἠν
3706 4146 3757 4212 ἐξ

2140 4249 2315 4322 ἀρχῆς
2339 4247 2559 4315 ἐδέξατο
2583 4247 2678 4300 καὶ
2706 4245 2977 4316 δεξαμένη
3008 4245 3174 4316 μέχρι
3241 4246 3361 4300 τοῦ
3418 4247 3526 4301 νῦν
3582 4240 3760 4300 διεσώ-

2142 4357 2292 4395 σατο.
2351 4338 2526 4394 Αὑτὸν
2568 4339 2678 4408 γὰρ
2726 4338 2887 4409 αὐχεῖ
2944 4334 3347 4409 Θεσσαλονίκη
3395 4339 3506 4392 τὸν
3558 4334 3756 4391 Παῦλον

449 4427 708 4483 omnibus
739 4439 958 4483 certans
985 4426 1259 4491 claritate,
1296 4426 1474 4491 cedat,
1508 4425 1711 4496 pietate
1736 4440 1865 4480 vero
1896 4440 2033 4481 cun-

2145 4435 2285 4505 ἔχειν
2310 4433 2412 4499 τῆς
2443 4431 2727 4495 εὐσεϐείας
2757 4429 3101 4496 διδάσκαλον,
3148 4428 3217 4482 τὸ
3264 4431 3499 4497 σκεῦος
3547 4432 3652 4502 τῆς
3681 4430 3761 4480 ἐκ·

448 4522 556 4577 ctis
592 4520 859 4575 illustrior
906 4518 1158 4581 exsistat,
1192 4532 1356 4588 quam
1405 4530 1435 4570 a
1473 4515 1743 4587 principio
1791 4516 2037 4587 suscepit

448 4622 872 4683 susceptamque
906 4611 1173 4667 hactenus
1209 4608 1539 4665 incolumem
1566 4608 1827 4665 servavit.
1850 4606 2032 4679 Ipsum

380 4740 385 4745 -
447 4707 591 4760 enim
632 4705 883 4771 Paulum,
910 4717 1007 4759 vas
1036 4702 1344 4767 electionis,
1377 4701 1592 4771 pietatis
1620 4700 1728 4757 sibi
1770 4700 2038 4773 gloriatur

450 4796 807 4866 magistrum;
836 4796 926 4865 qui
966 4793 1219 4850 videlicet
1250 4793 1317 4850 ab
1342 4791 1644 4849 Jerusalem
1674 4793 1729 4847 in
1768 4793 2025 4861 circuitu,

447 4898 501 4942 et
567 4901 740 4956 usque
814 4885 870 4938 in
937 4883 1210 4956 Illyricum
1273 4884 1589 4956 evangelica
1641 4884 2029 4954 praedicatione

448 4981 767 5035 universum
835 4978 1028 5033 orbem
1089 4977 1430 5047 complexus.
1489 4977 1563 5032 illi
1624 4993 1735 5048 pra:
1797 4978 2025 5049 reliquis

2130 4527 2318 4599 λογῆς,
2345 4527 2405 4591 ὃς
2435 4525 2544 4580 ἀπὸ
2615 4524 2973 4597 Ἰερουσαλὴμ
3032 4522 3226 4594 κύκλῳ
3295 4525 3411 4580 καὶ
3474 4524 3647 4597 μέχρι
3676 4518 3759 4575 τοῦ

2144 4618 2441 4691 Ἰλλυρικοῦ
2473 4618 2550 4690 τῷ
2583 4616 2929 4687 εὐαγγελικῷ
2949 4613 3283 4687 περιλαϐὼν
3340 4618 3465 4690 τὴν
3519 4614 3768 4685 οἱκουμέο

2132 4729 2231 4783 νην
2257 4710 2596 4784 κηρύγματι,
2628 4711 2687 4763 ἐν
2724 4710 2861 4780 αὐτῇ
2899 4707 3103 4780 μᾶλλον
3137 4708 3239 4760 τὸν
3270 4709 3395 4779 τῆς
3436 4706 3765 4780 θεογνωσίις

2135 4800 2338 4871 σπόρον
2371 4801 2639 4855 κατέϐαλε
2672 4800 2770 4854 καὶ
2801 4798 3072 4872 πολύχουν
3111 4798 3526 4857 ἀποδίδοσθαι
3557 4802 3650 4855 τὸν
3682 4796 3771 4865 τῆς

2134 4892 2371 4958 πίστεως
2401 4895 2617 4964 καρπὸν
2663 4891 3020 4947 διεσπούδασε
3054 4909 3067 4925 ·
3103 4893 3230 4961 μετ’
3269 4895 3527 4948 ἐκεῖνον
3580 4893 3640 4947 δέ
3690 4887 3768 4941 τὸν

2133 4985 2308 5054 μέγαν
2347 4986 2405 5039 ἐν
2426 4986 2664 5054 μάρτυσι
2692 4984 2787 5039 καὶ
2832 4982 3296 5053 ἀξιοθαύμαστον
3335 4988 3408 5041 ἐν
3445 4984 3772 5057 ἀθλοφόροις

446 5071 642 5126 divina:
715 5069 1045 5142 cognitionis
1108 5084 1295 5124 semen
1362 5068 1659 5135 commisit,
1726 5086 1791 5126 ex
1851 5085 2028 5142 eoque

2145 5077 2441 5147 ὶημὴτριον
2466 5077 2558 5129 τὸν
2588 5075 2953 5148 μυροϐλύτην,
2984 5075 3149 5128 πολὺν
3180 5073 3419 5143 ἀγῶνα
3457 5078 3595 5147 καὶ,
3626 5073 3773 5128 αὑτὸν

448 5163 755 5218 uberrimos
823 5161 946 5216 ﬁdei
997 5160 1208 5217 fructus
1264 5175 1487 5231 surgere
1537 5162 1687 5216 omni
1742 5161 2028 5233 diligentia

446 5256 681 5310 curavit.
713 5254 846 5313 Post
874 5253 1104 5310 Paulum
1136 5269 1265 5311 vero
1297 5254 1441 5310 inter
1468 5265 1737 5328 martyres
1766 5272 2023 5328 magnum

449 5346 702 5420 interque
754 5351 993 5407 victores
1058 5357 1355 5405 coronatos
1425 5349 1585 5420 digne
1641 5350 2023 5407 admirandum

447 5442 809 5514 myrohlytam
841 5444 1157 5514 (unguentis
1187 5443 1403 5500 scilicet
1449 5443 1788 5515 manantem)
1828 5443 2025 5501 Demc-

445 5532 636 5599 trium,
680 5536 772 5604 qui
798 5544 851 5591 et
876 5537 994 5606 ipse
1028 5550 1129 5606 pro
1159 5538 1362 5607 pietate
1394 5536 1693 5606 plurimum
1717 5537 2025 5594 desudavit.

2130 5168 2266 5239 ὑπὲρ
2296 5167 2395 5238 τῆς
2425 5167 2709 5230 εὐσεϐείας
2739 5167 3185 5238 καταϐαλόμενον
3241 5167 3295 5199 ³¹
3341 5168 3487 5240 (καὶ
3549 5169 3669 5239 γὰρ
3718 5158 3781 5234 ἢν

2129 5258 2264 5327 πρὸς
2287 5260 2397 5321 τοῖς
2428 5256 2607 5321 ἄλλοις
2637 5258 2739 5328 τῆς
2766 5257 2967 5330 ἀρετῆς
2988 5256 3337 5327 αὐχήμασιν
3376 5258 3476 5314 ἔτι
3505 5260 3611 5313 καὶ
3627 5256 3779 5313 θείοις

2134 5352 2434 5422 ἐμπρέπων
2484 5351 2812 5421 διδάγμασιν
2850 5352 2947 5405 καὶ
2994 5352 3063 5421 τῇ
3094 5349 3239 5419 περὶ
3289 5352 3433 5409 τῶν
3492 5352 3786 5424 δογμάτων

2133 5444 2392 5516 ἀκριϐείᾳ
2433 5446 2865 5516 κεκοσμημένος,
2916 5444 2975 5510 ἐξ
3003 5438 3063 5498 οὗ
3086 5443 3177 5498 καί
3223 5447 3484 5515 μᾶλλον
3539 5448 3610 5500 τὸ
3667 5440 3787 5507 περὶ

2139 5537 2302 5592 αὐτοῦ
2337 5536 2544 5607 διεδόθη
2572 5536 2727 5600 κλέος
2755 5538 2867 5601 τοῖς
2896 5535 3148 5607 πέρασιν)
3189 5551 3207 5565 ⁸
3252 5534 3409 5594 εἶτα.
3476 5540 3621 5607 τοὺς
3670 5531 3785 5591 καθ.

1769 5626 1999 5683 ΥΑΒΙΑΞ
2043 5627 2334 5683 LECTION
2342 5626 2443 5681 ES.

526 5716 571 5751 ⁸⁸
598 5711 762 5787 εῖναι]
792 5714 948 5778 ὂντας
976 5716 1040 5771 Α.
1118 5718 1163 5751 ’⁸
1195 5717 1363 5788 αὐτὴν
1398 5732 1508 5773 om.
1553 5717 1611 5775 Ρ.
1690 5719 1733 5751 ³ο
1756 5718 1854 5791 τὴν
1881 5730 2001 5789 pust
2028 5719 2161 5791 πρὸς
2191 5735 2302 5774 om.
2334 5720 2397 5773 A.
2478 5720 2517 5750 ³¹
2551 5719 3107 5789 καταϐαλλόμενονά.
