3962 6204
216 310 308 380 529

1260 327 1357 389 DE
1391 330 1710 392 EXCIDIO
1743 333 2359 399 THESSALONIC/E.

3361 354 3466 418 530

210 431 318 501 εξῆς
340 430 613 503 ἀρχιερεῖς
637 431 845 524 πάντας
883 431 980 486 τοῦ
1026 437 1297 508 σωτηρίου
1331 438 1493 509 λόγου
1524 443 1755 515 στερρῶς

1873 445 1926 500 Is
1965 461 2223 519 namque,
2253 457 2455 520 praeter
2483 449 2727 523 reliquas
2776 452 2897 524 ejus
2955 460 3186 516 eximias
3244 463 3467 523 virtutis

208 521 588 592 ἀπεχομένους,
617 521 680 588 ἐξ
706 520 781 577 ὧν
808 525 895 578 ἀεὶ
925 525 1364 601 καταρτιζομένη
1402 533 1501 585 καὶ
1554 536 1758 588 παιδα-

207 619 499 689 γωγουμένη
549 619 650 688 τὴν
701 619 981 692 θειοτέραν
1035 623 1319 678 παίδευσιν
1381 626 1758 697 δαιμονιὼδεις

207 711 287 763 καὶ
313 712 557 781 μυσαρὰς
591 709 676 783 [Ρ.
709 712 839 784 520]
864 713 1069 776 πλάνας
1102 717 1196 769 καὶ
1223 717 1381 783 δόξας
1416 720 1509 773 καὶ
1543 708 1756 776 εἰδωλί-

205 800 293 865 κὰς
312 802 678 873 είκαιομυθὶας
702 807 815 868 τοῖς
841 807 1046 876 τιμῶσι
1072 809 1198 870 τοὺς
1219 788 1760 885 δαίμοναςάπεπέμ-

202 893 338 962 dare,
374 895 642 967 ὀρθοδόξῳ
691 897 747 951 δὲ
779 899 968 971 διδαχῇ
1008 900 1108 971 τὴν
1154 901 1339 957 πίστιν
1383 907 1754 975 σφραγίσασα,

204 988 284 1038 καὶ
306 989 398 1040 πᾶν
427 987 744 1054 ξιξανιῶδες
774 992 944 1059 φυτὸν
973 993 1068 1046 καὶ
1094 994 1372 1065 αἱρετικὸν
1403 999 1497 1053 καὶ
1522 1000 1759 1071 ἀλλόφυ-

199 1077 279 1131 λον
294 1078 542 1147 οὐμενοῦν
583 1081 841 1136 οὐδέποτε
874 1084 954 1153 τῷ
1004 1084 1134 1157 θείῳ
1175 1087 1363 1160 σπόρῳ
1407 1095 1752 1166 συγκαταμε-

198 1170 316 1237 ξασα
334 1172 393 1237 ³³,
417 1171 668 1244 καθαρὰν
690 1175 787 1230 καὶ
808 1176 1103 1247 ἀκίϐδηλον
1120 1178 1422 1236 διεσώσατο
1449 1184 1550 1255 τὴν
1592 1187 1753 1240 εὐσέ-

197 1256 453 1328 ϐειαν.Ἧς
470 1265 647 1322 πολλὰ
672 1266 775 1335 μὲν
789 1268 882 1323 καὶ
906 1268 1042 1324 ἄλλα
1055 1272 1436 1345 γνωρίσματα.
1471 1275 1530 1343 ἐξ
1550 1277 1597 1310 ³³
1623 1271 1698 1333 ὧν
1722 1280 1755 1339 ὴ

195 1358 330 1427 φήμη
388 1357 484 1421 τὰς
536 1357 793 1429 ἀφορμὰς
850 1360 1207 1428 λαμϐάνουσα
1234 1364 1490 1437 λαμπρὸν
1537 1369 1598 1422 τὸ
1626 1371 1757 1443 περὶ

192 1449 341 1519 αὐτῆς
360 1450 655 1521 ἐκήρυττεν
667 1452 859 1523 ὄνομα,
884 1453 943 1506 ἒν
966 1455 1022 1509 δὲ
1038 1454 1201 1510 τοῦτο
1229 1458 1447 1529 πρῶτον
1476 1462 1571 1515 καὶ
1602 1462 1758 1517 ἰδιαί-

190 1558 331 1594 τατον
369 1542 722 1609 διεδείκνυτο,
741 1544 801 1598 τὸ
832 1545 1114 1616 ὀρθόδοξον
1145 1550 1320 1622 αὐτὴν
1373 1553 1469 1606 καὶ
1495 1549 1635 1609 εἶναι
1662 1556 1758 1610 καὶ

187 1633 553 1703 ὀνομάζεσθαι,
574 1636 669 1690 καὶ
688 1636 868 1709 τούτῳ
895 1638 938 1673 ³⁵
971 1640 1173 1711 μᾶλλον
1200 1642 1347 1715 ἥπερ
1404 1647 1521 1710 τοῖς
1575 1646 1755 1714 ἄλλοις

188 1725 555 1795 σεμνύνεσθαι.
589 1728 730 1783 Ἀλλ’
765 1731 956 1803 ἐπειδὴ
980 1733 1073 1787 καὶ
1102 1733 1172 1789 τὰ
1204 1736 1329 1790 κατ’
1382 1738 1557 1811 αὐτὴν
1614 1740 1757 1794 ὲκεί-

1868 538 2084 606 laudes,
2121 541 2323 596 divinae
2358 541 2521 598 etiam
2579 544 2848 602 doctrina:
2904 548 3025 605 luce
3098 551 3337 624 fulgebat
3375 573 3468 613 ex-

1869 638 2101 701 actaque
2158 632 2473 703 dogmatum
2522 639 2840 707 cognitione
2890 652 3121 699 ornatus
3169 657 3317 715 erat,
3355 666 3467 719 quo

1865 720 2024 793 49],
2065 730 2119 778 et
2159 726 2334 795 magis
2369 727 2489 797 ejus
2527 730 2768 787 nominis
2795 733 3022 791 claritas
3050 738 3104 792 in
3138 740 3288 796 orbis
3332 741 3467 799 ﬁnes

1866 815 2032 869 didita
2082 826 2189 874 est.
2225 816 2364 873 Tum
2404 821 2496 890 qui
2542 822 2801 896 deinceps
2838 830 3015 883 secuti
3073 842 3225 896 sunt,
3264 849 3462 892 omnes

1867 909 2154 976 prmsules,
2191 911 2452 967 salutaris
2487 914 2751 972 doctrina!
2798 920 2901 990 ipsi
2932 921 3072 977 ﬁrmi
3115 934 3422 984 assertores
3446 970 3460 995 ,

1867 1016 2100 1071 quorum
2149 1018 2339 1074 opera,
2394 1005 2523 1061 dum
2581 1008 2854 1067 diviniore
2911 1029 3130 1085 semper
3173 1019 3463 1088 perﬁcitur

1866 1110 2145 1167 manuque
2201 1098 2427 1153 ducitur
2468 1113 2533 1155 ac
2578 1103 2835 1157 eruditur
2882 1105 3199 1176 disciplina,
3250 1110 3461 1166 darmo-

1868 1186 2058 1243 niacos
2115 1189 2477 1262 impurosque
2533 1207 2752 1251 errores
2806 1211 2871 1252 ac
2921 1198 3213 1268 opiniones
3273 1204 3456 1261 idolo.

1865 1292 2096 1349 rumque
2161 1296 2401 1352 nugaces
2460 1284 2689 1342 fabellas
2749 1301 2815 1344 ac
2873 1291 3147 1347 vanitates
3214 1293 3462 1363 ipsorum

1864 1370 2466 1443 cultoribusrdimisit,
2522 1386 2794 1451 rectaeque
2855 1368 3134 1452 opinionis
3208 1385 3465 1443 doctrina

1867 1464 2025 1519 ﬁdem
2062 1467 2382 1540 obsignans,
2424 1486 2487 1526 ac
2519 1475 2794 1545 quidquid
2822 1477 3164 1533 zizaniorum
3192 1487 3247 1535 et
3282 1481 3460 1537 hmre-

1865 1559 2102 1614 ticorum
2158 1560 2705 1636 alienigenarumque
2767 1568 3129 1639 plantationis
3186 1580 3290 1641 est,
3327 1573 3464 1628 nihil

1865 1665 2095 1720 usquam
2153 1652 2353 1708 divinae
2414 1658 2649 1712 sementi
2712 1659 3072 1730 conjunctum
3142 1662 3463 1730 admittens,

1866 1756 2059 1810 puram
2111 1744 2491 1819 illibatamque
2542 1751 2797 1821 pietatem
2865 1758 3231 1812 conservavit.
3289 1757 3463 1828 Cujus

296 1819 393 1889 τὴν
414 1820 571 1873 πόλιν
600 1820 907 1890 φιλοπόνως
943 1824 1140 1894 μαθεῖν
1184 1828 1554 1901 ἐπεζήτησας,
1596 1833 1755 1888 τοῦτο

1862 1848 1986 1889 cum
2013 1845 2067 1891 et
2099 1836 2205 1892 alia
2237 1839 2474 1911 insignia
2511 1818 2577 1899 ac
2598 1855 2741 1901 notas
2771 1858 3094 1918 suppetunt,
3134 1851 3281 1907 unde
3312 1818 3459 1906 fama

180 1906 687 2009 δὲόυσεπιχείρητόν
714 1929 773 1965 τε
806 1914 883 1977 ὡς
914 1914 959 1945 ³⁵
979 1914 1104 1986 ἐμοὶ
1125 1918 1190 1987 τῇ
1221 1934 1282 1971 τε
1310 1919 1562 1993 παρούσῃ
1603 1924 1750 1997 ὁρμῇ

1862 1931 2189 1986 occasiones
2218 1944 2383 1989 nacta
2432 1936 2583 1994 illius
2631 1940 2843 1995 clarum
2890 1957 3091 1998 nomen
3116 1942 3319 2005 eﬁ‘ecit,
3348 1954 3460 1998 tum

180 1997 264 2104 :36
283 1997 442 2067 λόγου
479 2002 631 2072 παρὰ
665 2003 863 2074 μικρὸν
894 2005 1276 2074 ἀνακόλουθον,
1304 2008 1465 2079 ὀλίγα
1499 2012 1641 2082 τινὰ,
1666 2016 1755 2069 καὶ

1862 2036 2031 2076 unum
2062 2024 2197 2080 illud
2237 2026 2477 2097 primum
2520 2045 2587 2087 ac
2633 2032 3139 2104 singularissimum
3182 2044 3461 2092 monstra-

180 2084 244 2154 οἷς
280 2093 514 2161 μάλιστα
542 2094 722 2161 ἔξεστι
751 2096 930 2151 δοκεῖν
962 2098 1097 2170 ὀρᾷν
1127 2117 1187 2153 σε
1220 2102 1332 2156 τῶν
1350 2102 1662 2176 λεγομένων
1688 2107 1755 2162 τά

1862 2121 1973 2184 tur,
2027 2118 2175 2188 quod
2210 2129 2375 2178 rectae
2406 2123 2527 2181 ﬁdei
2567 2132 2734 2181 tenax
2771 2128 3003 2184 exsistat
3031 2144 3095 2185 ac
3121 2130 3454 2197 celebretur,

178 2184 489 2255 πράγματα,
533 2189 599 2259 τῇ
626 2186 880 2261 διηγήσει
926 2191 1187 2261 προσθεὶς
1249 2195 1295 2227 ³⁸
1341 2195 1443 2253 ἐπὶ⁴
1490 2198 1589 2268 τὴν
1631 2199 1755 2254 καθ’

1862 2205 2072 2279 hocque
2124 2213 2302 2284 magis
2363 2229 2528 2285 quam
2581 2217 2708 2274 ullis
2762 2218 2886 2274 aliis
2941 2222 3283 2277 ornamentis
3341 2184 3452 2278 sibi

176 2276 311 2344 ἡμᾶς
342 2278 544 2343 αὐτοὺς
566 2282 921 2353 τραπήσομαι
945 2286 1252 2357 συμφοράν.

1862 2299 2069 2371 placeat
2102 2312 2271 2376 atque
2308 2276 2598 2365 clarescat.
2648 2308 2755 2367 Sed
2792 2312 2920 2383 quia
2950 2313 3067 2380 ejus
3096 2313 3273 2382 ipsius
3313 2313 3455 2367 civi-

172 2380 421 2480 tati—sues
468 2384 725 2480 ac‘cura-te
776 2393 841 2435 ex
888 2394 977 2436 me
1003 2380 1218 2439 discere
1244 2386 1537 2480 quaesiisti,
1585 2389 1750 2462 idque
1787 2404 1850 2451 ut
1902 2411 2158 2469 praestem
2199 2404 2432 2460 arduum
2481 2407 2614 2463 mihi
2652 2423 2755 2463 nec
2808 2380 3134 2480 vprzesenlis—
3180 2412 3458 2471 sermonis

172 2466 421 2567 iusti-tuto
476 2466 772 2567 admodum
822 2483 1256 2567 consentaneum
1287 2479 1533 2547 exsistit,
1564 2485 1758 2552 paucis
1795 2466 2102 2555 non—nullis,
2128 2504 2192 2547 ae
2220 2495 2425 2563 quibus
2456 2497 2693 2552 maxime
2727 2512 2791 2553 ea
2824 2466 2960 2567 ⁸(ιιιίιξ
3026 2498 3258 2553 dicenda
3326 2466 3456 2555 sunt

170 2562 337 2662 oculis
369 2577 636 2634 usurpare
675 2564 772 2621 tibi
822 2566 941 2637 ipse
986 2568 1164 2627 videri
1202 2574 1409 2644 possis,
1442 2576 1749 2635 narrationi
1789 2581 2089 2655 adjunctis,
2164 2562 2249 2643 ad,
2285 2597 2532 2646 nostratn
2584 2591 2827 2662 ipsorum
2856 2562 3245 2649 calamitatem
3334 2606 3461 2648 ora-

169 2668 367 2712 uenem
421 2670 743 2716 convertam
753 2701 768 2716 .

230 2752 295 2806 δ’.
334 2752 523 2807 Ἔστιν
549 2754 643 2809 οὖν
672 2757 705 2827 ὴ
734 2756 908 2821 πόλις.
929 2757 1005 2823 ὡς
1032 2759 1273 2832 εἴρηται,
1312 2765 1525 2837 μεγάλη
1570 2784 1627 2821 τε
1662 2769 1755 2823 καὶ

1938 2774 1991 2831 4.
2027 2774 2100 2830 Ea
2142 2774 2332 2847 igitur,
2368 2774 2445 2830 uti
2475 2774 2684 2831 dictum
2725 2782 2833 2840 est,
2865 2788 3060 2844 magna
3092 2773 3284 2829 civitas
3316 2773 3459 2828 lato-

165 2848 371 2916 εὐρεῖα,
400 2847 610 2918 τείχεσι
633 2851 730 2903 καὶ
753 2851 1042 2921 προϐόλοις
1072 2859 1287 2925 συχνοῖς
1305 2861 1751 2933 κατωχυρωμένη

1864 2879 1972 2935 que
2018 2865 2141 2921 fusa
2184 2866 2412 2931 ambitu,
2448 2880 2511 2920 ac
2568 2866 2846 2923 moenibus
2904 2867 3225 2936 crebrisque
3256 2880 3459 2936 propu~

162 2939 255 2991 καὶ
288 2940 349 2992 τὸ
370 2940 616 3009 ἀσφαλὲς
648 2944 763 3006 τοῖς
802 2945 1120 3016 οἰκήτορσιν
1140 2948 1264 3001 ὅσον
1297 2950 1362 3003 ἐκ
1408 2952 1509 3022 τῆς
1548 2953 1755 3009 τούτων

1866 2954 2117 3025 gnaculis
2161 2964 2323 3024 atque
2380 2954 2603 3010 arcibus
2647 2955 2879 3017 munita.
2932 2955 3207 3026 ejusmodi
3242 2955 3459 3010 scilicet

157 3031 452 3102 οἰκοδομῆς
475 3034 854 3107 παρεχομένη,
894 3037 1188 3093 θαλάσσιον
1222 3040 1425 3111 ἔχουσα
1461 3045 1664 3101 κόλπον
1692 3051 1755 3103 ἐκ

1866 3060 1989 3115 quae
2018 3044 2255 3111 civibus,
2303 3054 2572 3116 quantum
2609 3047 2675 3100 ad
2708 3047 2904 3101 horum
2964 3055 3294 3103 structuram
3326 3048 3456 3101 atti-

157 3125 314 3179 νότου
350 3126 808 3199 καθηπλωμένον,
862 3126 907 3200 ᾧ
940 3133 1037 3188 καὶ
1088 3138 1526 3211 περικλυζομένη
1566 3142 1666 3215 τὴν
1695 3145 1755 3199 ἑκ

1867 3143 1985 3199 net,
2014 3143 2191 3190 tutum
2227 3136 2605 3192 habitaculum
2653 3136 2817 3208 5.92
2862 3140 3127 3208 praebeat.
3180 3137 3453 3195 Marinum

153 3217 393 3284 πλαγίου
428 3217 672 3290 πλευρὰν
706 3222 824 3286 ταῖς
860 3202 1239 3294 ἁπανταχόθεν
1269 3202 1755 3300 εἰσρεούσαιξιόλ-

1868 3229 2053 3283 sinum
2101 3228 2169 3282 ad
2220 3237 2411 3281 notum
2466 3202 2816 3297 protens—u'm—
2845 3202 3031 3293 habet,
3066 3230 3455 3300 quo,obliquo

154 3311 322 3365 misti:
347 3312 678 3370 εὐεπίϐατον
699 3316 801 3387 τὴν
831 3317 968 3387 πρὸς
987 3316 1158 3390 αὐτὴν
1182 3321 1409 3389 πορείαν
1432 3322 1755 3395 παρέχεται.

164 3404 641 3462 Ὑποκοιλαινεται
682 3409 791 3480 γάρ
842 3426 928 3473 τις
968 3411 1150 3465 ἐκεῖσε
1189 3412 1506 3483 θαυμαστὸς
1555 3415 1745 3487 λιμὴν,

148 3496 420 3566 ἀσφαλῶς
451 3499 732 3566 ὑπτιάζων
761 3504 876 3567 τοῖς
904 3502 1191 3574 πλωτῆρσι
1229 3504 1328 3577 τὴν
1374 3506 1599 3571 εἴσοδον,
1635 3510 1758 3573 ταῖς

148 3592 213 3642 ἐκ
243 3592 581 3659 πνευμάτων
608 3594 890 3659 παντελῶς
920 3596 1217 3668 ἀπείρατος
1252 3601 1519 3670 ταραχαῖς
1542 3601 1639 3654 καὶ
1664 3600 1757 3655 τὸν

149 3683 327 3751 ὅρμον
361 3684 620 3755 ἀκύμονα
646 3686 942 3741 καθιστῶν.
984 3690 1082 3743 Ὃν
1111 3692 1174 3743 ἐκ
1200 3691 1301 3761 τῆς
1325 3691 1520 3763 λοιπῆς
1553 3692 1755 3747 θαλάσ-

151 3790 256 3843 σης
292 3777 323 3828 ὁ
351 3776 613 3846 τεχνίτης
644 3778 890 3848 ἀπέτεμε
932 3794 947 3809 ⁶
996 3780 1162 3851 μέσον
1204 3784 1312 3853 γὰρ
1340 3784 1611 3856 ἀπείρξας
1669 3786 1757 3841 διά

146 3882 300 3929 τινος
331 3867 547 3939 τείχους
573 3869 672 3940 τὴν
696 3870 805 3923 τῶν
826 3871 1036 3925 ὑδάτων
1065 3873 1372 3944 ὲπίρροιαν,
1398 3877 1757 3949 συναπεῖρξεν

146 3955 213 4007 ἑκ
257 3956 359 4010 τοῦ
402 3959 540 4027 πρὸς
567 3959 843 4015 θάλασσαν
870 3961 963 4015 καὶ
994 3962 1106 4015 τῶν
1141 3964 1476 4033 πνευμάτων
1502 3967 1595 4020 τὸν
1621 3967 1755 4019 κλύ-

147 4045 318 4101 δωνα.
363 4049 433 4103 Ἥ
464 4049 711 4105 θάλασσα
750 4053 858 4124 γὰρ
885 4053 962 4123 τῷ
1000 4052 1147 4124 βυθῷ
1192 4056 1487 4127 φυσωμένη
1528 4057 1620 4111 καὶ
1656 4058 1756 4128 τὴν

146 4139 437 4214 nepam
474 4145 613 4216 πρὸς
637 4146 734 4217 τὴν
767 4148 962 4217 χέρσον
991 4150 1352 4224 ἐρευγομένη,
1415 4152 1495 4225 τῷ
1523 4154 1756 4227 διαφρά-

146 4247 331 4297 γματι
358 4234 459 4288 τοῦ
480 4237 606 4309 τῇδε
644 4239 861 4309 τείχους
882 4242 1223 4315 κωλυομένη,
1255 4245 1330 4314 μὴ
1389 4245 1592 4316 ἔχουσα
1644 4250 1753 4302 τίνι

144 4326 248 4393 τὴν
271 4328 515 4401 ἀπειλὴν
540 4331 839 4403 ὲπαφήσει,
873 4336 1040 4404 χωρεῖ
1058 4338 1170 4398 τοῖς
1226 4335 1312 4406 ἐφ’
1366 4338 1605 4410 ἑκάτερα
1658 4341 1755 4395 τοῦ

142 4419 373 4491 τείχους
419 4422 630 4494 μέρεσι,
659 4426 755 4479 καὶ
798 4425 861 4479 τὸ
880 4424 1024 4496 ὕδωρ
1048 4426 1239 4498 ἠρέμα
1288 4446 1408 4490 πως
1457 4415 1755 4504 ὀλισθῆσαν

142 4511 584 4615 ςάλῃςᾳάπάσης
628 4518 788 4584 ἐκτὸς
830 4520 925 4575 τὸν
978 4521 1221 4573 τοιοῦτον
1259 4522 1431 4593 ὅρμον
1476 4525 1745 4598 διατηρεῖ.
1784 4560 1827 4615 D

155 4603 214 4659 ’0
237 4606 301 4660 δὲ
330 4608 403 4679 δὴ
432 4610 634 4674 κόλπος
655 4611 721 4664 ἐκ
745 4612 845 4682 τῆς
882 4612 1125 4683 μεγάλης
1169 4612 1449 4683 θαλάσσης
1484 4618 1751 4690 ’ἀποτμη-

142 4693 260 4760 θεὶς
287 4698 389 4752 διά
420 4717 566 4766 τινος
600 4702 849 4773 αὐχένος,
874 4703 1123 4773 ἀγκῶνος
1164 4704 1321 4777 δίκην
1362 4707 1750 4780 προϐεϐλημέ-

141 4804 235 4841 νου
266 4792 375 4845 καὶ
406 4795 499 4847 ἐπὶ
531 4797 797 4866 μήκιστον
821 4799 933 4861 τοῖς
984 4796 1142 4852 ὕδασι
1170 4798 1570 4869 διικνουμὲνου,
1605 4801 1665 4855 ὃν
1700 4804 1751 4857 οί

141 4884 291 4937 κατά
321 4884 521 4957 χώραν
542 4888 588 4920 ⁸⁷
641 4888 905 4942 Ἔκϐολον
933 4890 1261 4959 ὀνομάζουσι
1318 4892 1407 4946 διὰ
1458 4893 1521 4947 τὸ
1562 4895 1753 4967 πόρῤω

139 4987 244 5028 που
269 4980 403 5041 τοῖς
435 4976 628 5034 ὕδασιν
677 4980 1069 5053 ἐκϐεϐλῆσθαι,
1112 4984 1473 5054 στενούμενός
1509 5006 1569 5042 τε
1616 4990 1754 5061 πρὸς

132 5064 236 5135 τὴν
270 5069 483 5139 ἑτέραν
513 5070 573 5137 ἐξ
609 5073 862 5137 ἐναντίας
886 5073 1079 5145 χέρσον
1110 5073 1192 5146 [Ρ.
1225 5076 1354 5148 39.1]
1402 5081 1468 5150 τῇ
1512 5080 1607 5134 τοῦ
1656 5084 1752 5137 αὖ·

128 5154 305 5222 χένος
360 5162 566 5217 τούτου
612 5165 968 5238 καινοτομίᾳ,
1030 5167 1217 5237 ἕτερος
1272 5168 1438 5241 λιμὴν
1494 5172 1754 5241 πελάγιος

120 5244 361 5310 γίνεται
400 5269 415 5280 ·
448 5251 510 5318 ἐξ
528 5247 591 5308 οὗ
620 5253 685 5324 δή
704 5271 809 5323 περ
827 5255 1077 5324 ἀγκῶνος
1102 5254 1297 5326 μέχρις
1326 5256 1492 5311 αὐτοῦ
1512 5257 1607 5311 τοῦ
1639 5260 1756 5313 τεί-

100 5356 267 5408 (ou;
281 5345 402 5414 τῆς
436 5347 648 5410 πόλεως
678 5346 877 5402 κύκλον
906 5348 1269 5420 πανευπρεπῆ
1303 5350 1365 5403 τὸ
1395 5349 1540 5423 ὕδωρ
1563 5355 1751 5422 μιμεῖ-

84 5444 245 5499 fat,
278 5440 413 5501 τοῖς
430 5439 518 5508 ἐφ’
545 5440 786 5510 ἑκάτερα
819 5441 1043 5512 μέρεσιν
1092 5441 1188 5495 ἐπὶ
1246 5441 1382 5496 πολὺ
1433 5444 1749 5516 ἐκτεινόμε-

68 5536 216 5579 νειν
256 5527 316 5560 ³⁸
342 5531 451 5585 καὶ
478 5531 618 5603 πρὸς
640 5532 741 5604 τὴν
766 5533 921 5587 πόλιν
940 5532 1082 5586 κατὰ
1103 5531 1280 5605 βραχὺ
1303 5535 1748 5606 συστελλόμενον.

1867 3318 2036 3373 latere
2084 3316 2439 3383 eircumluta,
2490 3317 2725 3372 navibus
2779 3317 3019 3388 undique
3054 3335 3274 3373 versum
3317 3334 3455 3374 con-

1863 3410 2159 3467 ﬂuentibus
2210 3409 2424 3466 facilem
2471 3409 2526 3465 in
2579 3418 2754 3465 semet
2816 3418 3040 3479 praestat
3086 3410 3313 3464 aditum.
3354 3408 3455 3466 Hic

1862 3505 2009 3559 enim
2046 3511 2239 3574 portus
2284 3503 2506 3573 quidam
2541 3501 2814 3558 mirabilis
2845 3517 2981 3557 cavo
3014 3518 3232 3558 recessu
3264 3503 3453 3558 fundi-

1864 3606 1973 3662 tur,
2021 3611 2307 3667 pronoque
2336 3595 2389 3649 in
2421 3611 2480 3650 se
2508 3594 2660 3649 aditu
2696 3594 3086 3665 navigantibus
3122 3602 3241 3649 tuto
3292 3611 3452 3650 resu-

1863 3687 2104 3758 pinatur,
2137 3700 2168 3740 a
2214 3695 2504 3741 ventorum
2564 3685 2787 3755 injuriis
2839 3701 3068 3755 prorsus
3110 3686 3371 3740 innoxius
3399 3694 3453 3741 et

1862 3780 2085 3834 navium
2150 3779 2375 3835 stationi
2440 3779 2691 3849 placidus
2744 3793 2809 3833 ac
2882 3778 3237 3848 tranquillus.
3291 3776 3450 3832 Hunc

1860 3870 2054 3935 artifex
2089 3887 2118 3924 a
2142 3872 2358 3941 reliquo
2384 3871 2521 3925 mari
2542 3871 2754 3934 divisit,
2792 3872 2977 3926 medio
2995 3871 3263 3942 siquidem
3293 3886 3451 3925 muro

1859 3976 2126 4032 aquarum
2172 3960 2380 4015 inﬁuxu
2429 3963 2690 4027 coercito,
2730 3977 2837 4015 una
2897 3977 3122 4033 quoque
3170 3963 3450 4031 praeclusit

1859 4068 1984 4125 quae
2032 4068 2099 4108 ex
2141 4053 2325 4107 vicino
2384 4054 2520 4107 mari
2564 4062 2969 4127 ventorumque
3014 4054 3143 4109 ﬁatu
3182 4052 3448 4108 ﬂuctuum

1859 4149 1945 4203 vis
1985 4146 2334 4217 procellaque
2359 4145 2613 4201 illiditur.
2646 4144 2794 4202 Mare
2821 4161 3062 4217 namque
3094 4146 3207 4199 alto
3234 4146 3449 4217 gurgite

1860 4239 2109 4295 inﬂatum
2168 4239 2542 4300 continentem
2577 4253 2902 4305 excurrens,
2933 4253 3092 4293 muro
3124 4237 3449 4309 interposito

1859 4330 2257 4400 praepeditum,
2305 4345 2431 4386 eum
2492 4345 2604 4386 non
2668 4332 2869 4396 habeat
2927 4345 3037 4402 quo
3088 4332 3266 4387 minas
3317 4345 3448 4387 suas

1859 4431 2145 4489 exoneret,
2201 4424 2256 4478 in
2307 4423 2479 4479 latera
2542 4424 2683 4479 muri
2743 4424 3135 4492 convolvitur;
3191 4430 3246 4479 et
3304 4438 3447 4496 aqua

1861 4516 2010 4570 leuto
2061 4516 2301 4587 quodam
2335 4517 2500 4572 modo
2529 4518 2734 4573 sensim
2767 4516 3021 4574 dilabeus
3043 4518 3113 4573 ab
3142 4517 3290 4573 omni
3327 4516 3450 4572 salo

1855 4617 2104 4677 aestuque
2167 4608 2402 4663 liberum
2465 4616 2755 4664 conservat
2822 4608 3132 4665 istiusmodi
3199 4618 3442 4678 portum.

1858 4697 2028 4754 Sinus
2080 4714 2249 4770 porro
2296 4715 2327 4755 a
2380 4715 2583 4773 magno
2638 4702 2774 4756 mari
2830 4701 3046 4758 cervice
3095 4700 3332 4773 quadam
3380 4714 3444 4756 ae

1858 4791 2113 4847 faucibus
2171 4793 2343 4848 cubiti
2411 4794 2589 4848 instar
2654 4792 3099 4864 promittentibus
3163 4806 3222 4847 ac
3278 4806 3442 4863 quam

1856 4885 2180 4952 longissime
2204 4885 2316 4939 alto
2338 4900 2562 4955 aequore
2587 4886 3044 4956 procurrentibus
3083 4885 3223 4959 (eam
3243 4884 3446 4939 accola:

1856 4978 2126 5034 cervicem
2162 4978 2427 5034 Ecbolum
2465 4979 2762 5049 appellant,
2787 4978 2933 5051 quod
2964 4980 3017 5033 in
3053 4993 3204 5034 mare
3250 4978 3443 5049 procul
3508 4998 3517 5003 θ

1861 5069 2105 5139 projecta
2168 5068 2491 5142 eﬁunditur)
2548 5070 2862 5135 abscissus,
2922 5070 3089 5140 inque
3152 5068 3441 5124 adversam

1861 5164 2079 5233 sihique
2153 5161 2461 5233 oppositam
2538 5164 2911 5219 continent-em
2978 5162 3212 5218 cervicis
3275 5161 3443 5231 hujus

1862 5257 2100 5311 artiﬁcio
2130 5271 2193 5310 ac
2224 5255 2505 5310 molimine
2539 5264 2839 5321 coartatus,
2861 5255 3027 5308 alium
3054 5263 3269 5325 portum
3298 5255 3439 5309 intra

1863 5349 2089 5419 pelagus
2115 5347 2271 5403 cﬁicit
2296 5367 2311 5415 ;
2340 5366 2405 5404 ex
2438 5365 2547 5421 quo
2572 5348 2824 5404 videlicet
2867 5348 3055 5402 cubitu
3097 5347 3349 5418 ﬂexuque
3372 5347 3441 5404 ad

1859 5443 2037 5513 ipsum
2068 5442 2222 5498 urbis
2252 5458 2470 5499 murum
2507 5444 2693 5498 orbem
2716 5441 3165 5511 pulcherrimum,
3190 5441 3439 5510 partibus

1859 5536 2120 5605 utrinque
2159 5535 2266 5591 late
2306 5533 2444 5591 fusis
2495 5550 2798 5603 versusque
2850 5532 3040 5588 urbem
3072 5536 3275 5588 sensim
3316 5550 3439 5591 sese

1420 5649 1655 5706 VARIA'S
1686 5648 2090 5707 LECTIONES.

197 5733 252 5764 "
279 5738 752 5805 συγκαταδέξασα
771 5738 829 5792 Ρ.
937 5740 981 5771 ⁸³
1013 5740 1071 5806 ἑξ
1101 5756 1209 5799 om.
1241 5744 1299 5801 Ρ.

93 5811 240 5867 ῖιτις
271 5808 392 5865 AP.
478 5809 522 5844 ³⁸
552 5809 918 5882 ἐπιτεινόμενον
950 5809 1009 5867 Ρ.

1405 5744 1449 5777 ³⁸
1486 5744 1642 5800 τοῦτο
1676 5742 1785 5800 ΑΡ.

1862 5744 1906 5777 ³⁵
1933 5745 2070 5810 τέως
2098 5744 2203 5800 AP.
2250 5748 2253 5759 '
2322 5744 2364 5776 "
2389 5743 2607 5815 προθεὶς
2638 5742 2929 5801 Combeﬁs.
2968 5759 3141 5817 marg.
3256 5743 3301 5776 ’ν
3329 5740 3435 5816 χόλ-
