3962 6204
522 308 621 372 531

1741 318 2076 381 JOANNES
2129 323 2569 387 CAMENIATA

3676 328 3763 393 532

524 432 1003 497 contrahentibus,
1027 432 1323 492 en‘ormare
1364 433 1603 492 videtur.
1639 434 1705 491 Et
1733 436 1956 509 respicit
1986 436 2108 507 qui-

2217 443 2320 495 Καὶ
2353 444 2535 514 ἀφορᾷ
2567 440 2714 512 μδνδ
2747 442 2944 503 κόλπος
2968 440 3033 493 ἐκ
3058 440 3211 494 νότου
3244 440 3343 512 τὴν
3375 441 3567 512 λοιπὴν
3585 441 3761 497 θάλασ-

522 524 643 579 dem
674 523 836 597 493
870 524 1026 581 sinus
1056 524 1124 579 ab
1161 532 1353 582 austro
1379 527 1655 597 reliquum
1698 542 1872 592 mare,
1906 539 2097 599 portus

522 617 727 682 sinum,
778 617 910 672 urbs
938 624 1179 686 portum.
1230 619 1309 674 Ac
1354 629 1545 690 portus
1585 620 1805 690 quidem
1863 632 2101 689 quatuor

520 712 738 780 angulis
779 710 1285 780 comprehenditur,
1340 713 1498 770 sinus
1558 715 1757 771 ﬂexum
1831 714 2097 771 inorbcm

521 806 677 860 alveo
724 822 885 875 quam
956 806 1193 861 maxime
1242 806 1513 872 profundo
1576 808 1792 879 agitur;
1836 808 2100 863 extremis

523 899 743 963 ﬁnibus,
789 907 841 952 ct
886 898 1046 969 longe
1093 915 1121 953 a
1154 899 1494 967 continente,
1537 916 1733 971 magna
1764 910 1916 972 parte
1947 916 2102 971 aqua:

520 992 864 1049 minuuntur.

589 1086 645 1139 5.
704 1084 771 1139 Et
828 1085 931 1140 hoc
981 1085 1144 1140 modo
1186 1100 1246 1141 se
1289 1084 1453 1141 habet
1498 1099 1628 1155 pars
1672 1086 1826 1143 urbis
1872 1101 2001 1158 qua
2035 1087 2101 1143 ad

524 1186 710 1235 notum
764 1188 1011 1249 spectat:
1048 1194 1171 1248 qua:
1220 1193 1354 1233 vero
1397 1179 1463 1233 ad
1518 1179 1855 1249 aquilonem,
1911 1195 2104 1250 asper-

522 1271 656 1324 rima
715 1278 799 1324 est
850 1277 904 1325 et
952 1284 1121 1341 prope
1167 1269 1458 1341 impervia.
1506 1270 1665 1326 Mons
1709 1270 1857 1326 enim
1913 1271 2106 1328 altiora

522 1362 819 1429 supercilio
864 1363 1091 1418 tumulis
1137 1363 1519 1434 superpositus
1558 1363 1784 1429 eminet,
1819 1378 1931 1420 non
1978 1380 2106 1436 par-

523 1466 643 1506 vam
695 1452 939 1509 civitatis
978 1460 1191 1523 partem
1245 1468 1275 1508 a
1316 1453 1527 1524 reliqua
1578 1453 1747 1519 humo
1784 1456 2103 1522 sustollens,

521 1543 659 1600 adeo
704 1551 763 1597 ut
819 1558 946 1613 pars
982 1542 1130 1599 illius
1177 1543 1230 1599 in
1281 1544 1506 1615 planitie
1548 1546 1865 1602 accolarum
1914 1547 2107 1603 usibus

520 1643 769 1706 coaptata
796 1634 1000 1704 jaceat,
1044 1652 1173 1707 pars
1205 1637 1259 1692 iu
1292 1638 1525 1693 collibus
1556 1638 1934 1708 montiumque
1958 1638 2107 1709 jugia

525 1742 647 1784 sese
685 1727 967 1783 extendat.
1006 1727 1157 1783 Nihil
1204 1738 1385 1785 tamen
1439 1726 1625 1785 damni
1661 1745 1726 1787 ea
1769 1730 1975 1787 montis
2011 1747 2109 1787 ex-

2209 552 2330 601 σαν,
2381 534 2563 605 ἀφορᾷ
2584 532 2642 587 δδ
2668 532 2859 586 τοῦτον
2890 532 3092 603 ὁμοίως
3111 534 3139 587 ὁ
3162 532 3326 603 λιμὴν
3352 533 3446 587 καὶ
3478 532 3570 586 τὸν
3592 532 3763 603 λιμένα

2206 630 2240 698 ὴ
2276 626 2449 689 πόλις.
2499 624 2640 677 Ἀλλ’
2661 626 2689 678 ό
2719 625 2817 695 μὲν
2846 623 3014 694 λιμὴν
3040 624 3265 694 τέτρασι
3297 626 3522 692 γωνίαις
3555 627 3765 695 ἐμπερι-

2210 719 2488 789 είληπται,
2524 716 2553 769 ὁ
2580 715 2853 780 δὲκόλπος
2886 717 3003 776 ἐστὶ
3036 716 3365 793 περιφερὴς,
3383 716 3441 769 τὸ
3473 718 3633 781 κύτος
3648 718 3766 788 ἔχων

2208 812 2298 865 διὰ
2322 811 2579 864 πλείστου
2618 809 2817 881 βάθους
2847 808 3079 881 χωροῦν,
3110 810 3179 864 τά
3220 804 3441 881 ’πέρατα
3467 810 3525 865 δὲ
3563 812 3655 865 καὶ
3678 812 3770 881 πρὸ

2211 900 2409 956 πολλοῦ
2453 900 2553 971 τῆς
2609 901 2806 972 χέρσου
2871 898 2940 954 τὰ
2997 898 3169 953 πολλὰ
3203 899 3311 953 τῶν
3341 899 3550 954 ύδάτων
3582 902 3771 955 συστεί-

2210 994 2398 1048 λαντα.

2280 1093 2342 1142 ε’.
2384 1086 2524 1140 Ἀλλ’
2546 1085 2607 1141 ὲν
2626 1085 2839 1150 τούτοις
2863 1083 2924 1139 τὸ
2965 1084 3107 1139 κατά
3136 1085 3289 1138 νότον
3329 1084 3498 1157 μέρος
3540 1086 3643 1155 τῆς
3691 1087 3776 1139 πό-

2209 1178 2347 1242 λεως
2372 1178 2604 1247 βάσιμον
2631 1176 2702 1242 ",
2722 1177 2784 1231 τὸ
2809 1175 2947 1247 πρὸς
2984 1175 3189 1248 βορρᾶν
3246 1175 3305 1229 δὲ
3344 1176 3422 1239 ὡς
3465 1176 3587 1229 λίαν
3617 1175 3778 1247 τραχῦ

2212 1270 2307 1323 καὶ
2353 1268 2640 1323 δύσϐατον.
2682 1269 2848 1340 Ὅρος
2903 1269 3012 1339 γὰρ
3066 1267 3408 1339 ύπερκύπτει
3433 1268 3561 1332 τοὺς
3597 1267 3778 1337 λόφους

2212 1362 2685 1435 ὕπερανεστηκδς,
2711 1362 2813 1415 οὐκ
2851 1361 3033 1430 ὀλίγον
3064 1361 3230 1433 μέρος
3278 1360 3448 1430 αὐτῆς
3474 1360 3575 1429 τῆς
3607 1356 3653 1392 ⁸⁸
3690 1360 3778 1413 πό-

2213 1455 2352 1518 λεως
2402 1455 2503 1527 τῆς
2545 1453 2742 1522 λοιπῆς
2784 1453 3086 1524 ὑπεραῖρον
3128 1452 3253 1521 γῆς,
3296 1452 3372 1515 ὡς
3403 1450 3466 1503 τὸ
3495 1451 3595 1519 μὶν
3628 1448 3781 1516 αὐτῆς

2214 1546 2535 1617 πεδιάσιμον
2562 1542 2822 1601 εῐναικαὶ
2858 1547 2979 1609 ταῖς
3017 1544 3231 1617 χρείαις
3279 1544 3388 1599 τῶν
3437 1544 3779 1598 ἐνοικούντων

2214 1640 2574 1711 κατάλληλον,
2601 1639 2664 1694 τὸ
2684 1638 2741 1694 δὲ
2782 1640 2899 1703 τοῖς
2921 1638 2967 1673 ⁵⁸
3002 1638 3215 1709 βουνοῖς
3234 1638 3331 1692 καὶ
3358 1638 3481 1701 ταῖς
3514 1637 3626 1690 τῶν
3655 1638 3785 1709 δρῶν

2213 1734 2513 1805 ἀκρότησιν
2534 1730 2939 1787 ἀνατείνεσθαιῐ
2986 1728 3128 1784 Ἀλλ’
3168 1728 3324 1784 οὐδὲν
3348 1730 3529 1785 ἀδικεῖ
3569 1728 3664 1800 τὴν
3695 1731 3785 1781 πο-

521 1821 703 1878 tensio
732 1822 1028 1893 oppidanis
1063 1821 1346 1892 importat,
1369 1830 1633 1893 tanquam
1661 1839 1690 1878 a
1726 1824 2107 1895 superioribus

2217 1827 2358 1899 λινή
2405 1826 2503 1881 τοῦ
2546 1825 2709 1897 ὅρους
2741 1824 3055 1893 παράτασις
3103 1823 3179 1887 ὡς
3237 1822 3580 1894 ἐμπαρέχειν
3615 1822 3786 1877 ἄδειαν

523 1931 623 1982 per
679 1930 803 1969 eum
857 1916 1078 1972 assilire
1131 1932 1428 1987 murosque
1485 1932 1803 1987 oppugnare
1860 1918 2113 1974 hostibus

525 2010 704 2063 liceat.
749 2005 987 2061 Parvum
1045 2008 1193 2063 enim
1255 2008 1323 2063 ad
1366 2008 1707 2066 amoliendas
1754 2023 2113 2079 quascunque

525 2100 777 2166 insidias,
811 2101 1142 2172 interposito
1187 2116 1404 2171 campo,
1457 2101 1613 2155 bicce
1655 2101 2115 2157 tumulus'relin-

522 2195 641 2266 quit
688 2194 953 2265 spatium,
985 2210 1095 2265 quo
1133 2194 1256 2249 inde
1291 2195 1443 2248 cives
1479 2193 1692 2249 facilem
1729 2192 1943 2264 possint
1981 2208 2114 2263 pro-

523 2288 748 2359 pulsare
774 2288 1069 2344 assultum.
1100 2287 1312 2342 Exinde
1367 2302 1527 2343 mons
1562 2287 1722 2357 longe
1771 2286 2115 2359 protenditur

514 2381 763 2453 jugoque
816 2382 1077 2453 assurgit,
1111 2382 1347 2437 collibus
1391 2391 1560 2451 atque
1594 2381 1828 2437 vallibus
1879 2395 2115 2450 exaspc-
2146 2444 2150 2449 7

522 2484 703 2542 ratus,
755 2476 810 2530 in
873 2476 1113 2530 medium
1160 2475 1353 2545 procul
1404 2489 1465 2529 se
1517 2475 1784 2529 orientem
1843 2472 2111 2537 inferens,

520 2579 788 2642 quantum
848 2569 1108 2637 utrinque
1161 2568 1395 2638 subjecti
1446 2568 1549 2624 soli
1612 2568 1839 2639 agrique
1893 2566 2116 2637 oblique

520 2663 869 2718 subducitur.
913 2661 969 2715 In
1012 2661 1219 2732 duplici
1281 2677 1519 2730 namque
1564 2659 1879 2716 istiusmodi
1913 2659 2114 2714 montis

521 2756 713 2817 latere,
738 2763 852 2809 tum
880 2754 1092 2809 scilicet
1121 2752 1243 2822 ejus
1277 2754 1423 2822 quod
1450 2751 1514 2805 ad
1545 2760 1791 2806 austrum
1825 2760 1940 2804 tum
1967 2748 2112 2819 quod

522 2850 590 2903 ad
645 2847 960 2918 aquilonem
1017 2854 1120 2911 est,
1167 2845 1348 2914 campi
1403 2844 1759 2899 eﬂunduntur
1805 2842 1906 2913 ipsi
1940 2842 2109 2912 pervii

522 2946 689 3007 atque
749 2936 934 3003 utilvs,
990 2935 1196 3006 quique
1246 2936 1459 2990 civibus
1511 2934 1678 3006 494,
1723 2933 1990 3003 quidquid
2044 2932 2111 2986 ad

522 3029 694 3082 vitam
762 3027 1055 3083 commode
1132 3026 1553 3083 sustentandam
1620 3025 1881 3081 conducit
1947 3025 2113 3079 ubere

496 3104 794 3190 'proventu
828 3120 1120 3176 suiIiciant.
1156 3118 1360 3173 Horum
1404 3119 1563 3184 alter,
1602 3120 1806 3188 quippe
1848 3117 1914 3172 ad
1954 3133 2111 3171 mon-

443 3261 451 3269 .
524 3213 596 3267 tis
645 3221 897 3267 austrum
937 3227 1171 3283 vergens
1206 3212 1475 3281 urbisque
1527 3210 1829 3274 meridiem,
1872 3209 1978 3264 dici
2002 3224 2109 3263 non

522 3314 703 3374 potest
734 3322 897 3374 quam
930 3304 1001 3360 sit
1029 3320 1281 3360 ammnus
1327 3312 1677 3373 quantasque
1712 3302 1939 3358 delicias
1977 3317 2112 3371 prte-

525 3397 670 3452 beat.
714 3394 1016 3451 Frondosis
1053 3396 1199 3451 enim
1261 3394 1558 3462 densisque
1598 3393 1999 3448 condecoratur
2026 3407 2115 3444 ar-

524 3488 776 3552 boribus,
824 3488 999 3541 hortis
1057 3486 1194 3540 varii
1246 3486 1463 3554 generis
1515 3494 1569 3538 ct
1643 3485 1890 3548 vivariis,
1948 3484 2114 3553 aquis

525 3594 667 3643 pene
730 3576 1058 3640 innumeris,
1105 3576 1305 3646 partim
1357 3575 1588 3630 fontium
1638 3574 1774 3630 rivis
1812 3575 2011 3645 partim
2062 3582 2116 3629 ct

525 3669 735 3730 ﬂuviis,
804 3667 1010 3737 quibus
1080 3675 1357 3722 montana:
1418 3667 1570 3722 silva:
1636 3667 1858 3736 lucique
1920 3682 2115 3737 campo

524 3758 899 3827 gratiﬁcantes
952 3759 1131 3829 ipsum
1190 3774 1342 3813 mare
1394 3760 1699 3829 accipiunt.
1761 3759 1914 3815 Vites
1966 3760 2113 3815 enim

526 3852 759 3906 alternis
792 3852 1020 3907 consitae
1041 3867 1171 3909 arva
1198 3860 1492 3916 coronant,
1517 3853 1844 3923 pulchrique
1872 3862 2117 3909 amantes

524 3946 719 4001 oculos
791 3944 1072 3999 fructuum
1140 3945 1481 4003 abundantia
1553 3946 1621 4000 ad
1686 3946 2118 4016 iucundissimas

524 4038 834 4106 voluptates
869 4037 1121 4091 invitant.
1154 4035 1549 4091 Monachorum
1594 4036 1753 4107 plura
1803 4038 2115 4107 spissaque,

527 4127 784 4197 religiosa
844 4128 1119 4196 palmstra,
1169 4126 1433 4197 hospitia,
1465 4136 1579 4181 tum
1652 4128 1855 4183 montis
1911 4127 2121 4183 declive

528 4228 643 4272 tum
695 4218 807 4286 agri
838 4218 1033 4287 reliqui
1082 4216 1329 4287 subjecta
1381 4217 1640 4282 colcntia,
1673 4218 1922 4288 locisque
1955 4234 2123 4275 amas.

527 4309 777 4364 uissimis
843 4308 1058 4379 posita.
1113 4323 1315 4363 novum
1388 4309 1665 4378 quoddam
1738 4310 2118 4379 spectaculum

529 4400 837 4471 peregrinis
889 4400 1136 4471 ipsisque
1187 4400 1325 4455 adeo
1368 4401 1583 4457 civibus
1635 4398 1965 4468 oii‘eruntur.
2013 4401 2120 4457 Sed

2212 1922 2326 1984 τοῖς
2354 1918 2638 1989 πολεμίοις
2664 1918 2758 1987 ἀφ’
2799 1916 2971 1985 ὕψους
3001 1914 3361 1986 ἐπεμϐαίνειν
3392 1914 3489 1969 καὶ
3535 1913 3629 1968 τοῦ
3683 1914 3789 1967 τεί-

2214 2031 2341 2087 χους
2369 2010 2856 2084 κατεπαμύνεσθαι
2892 2027 2909 2041 ο
2937 2010 3105 2063 ἔδωκε
3128 2011 3239 2079 γὰρ
3274 2008 3465 2081 ὀλίγην
3519 2007 3643 2063 τινὰ
3681 2024 3790 2078 σχο-

2212 2107 2313 2178 λὴν
2349 2106 2378 2160 ό
2407 2104 2597 2177 βουνὸς
2629 2105 2836 2167 ἐκεῖνος
2861 2102 2907 2135 δ’
2947 2101 3086 2173 πρὸς
3114 2101 3175 2155 τὸ
3202 2098 3567 2171 φυλάττεσθαι
3616 2102 3790 2155 πᾶσαν

2213 2199 2527 2269 ἐπιϐουλὴν,
2561 2196 2639 2269 τῷ
2667 2196 2753 2250 διὰ
2783 2193 2950 2266 μέσου
2970 2193 3133 2265 χώρῳ
3167 2193 3268 2264 τὴν
3303 2193 3520 2263 ,εὐχερῆ
3564 2192 3791 2262 προσβοο

2212 2292 2309 2363 λὴν
2327 2288 2699 2361 ἀποκρούσας.
2745 2287 2820 2341 To
2862 2287 2907 2341 δ’
2940 2286 3193 2341 ιντεῦθεν
3238 2284 3580 2340 ἀνατείνεται
3635 2285 3794 2355 μέχρι

2211 2382 2408 2440 πολλοῦ
2440 2382 2501 2436 τὸ
2522 2381 2764 2453 ὅρος-καὶ
2798 2379 3181 2452 ὕπερίδρυται,
3204 2380 3320 2443 τοῖς
3347 2377 3533 2446 λόφοις
3559 2379 3656 2430 καὶ
3679 2379 3795 2441 ταῖς

2211 2475 2516 2549 χαράδραις
2548 2473 3040 2545 ἑντραχυνόμενον,
3088 2470 3190 2544 τὴν
3233 2469 3573 2541 μεσαιτάτην
3606 2469 3796 2522 ἀνατο-

2211 2565 2310 2639 λὴν
2340 2565 2699 2636 ἐπειγόμενον
2729 2580 2746 2596 ⁸
2777 2562 3035 2619 τοσοῦτον
3062 2564 3127 2617 ἑκ
3157 2561 3388 2630 πλαγίου
3414 2560 3507 2630 ἀφ’
3540 2560 3587 2592 ⁸³
3611 2559 3796 2613 Exars-

2216 2678 2312 2731 pou
2354 2660 2555 2731 μέρους
2577 2657 2939 2728 ὑποκείμενον
2971 2656 3258 2725 διαφεύγει
3281 2654 3381 2724 τῆς
3412 2653 3540 2723 γῆς.
3577 2653 3667 2705 Ἐν
3693 2651 3799 2723 γὰρ

2211 2756 2336 2819 ταῖς
2356 2752 2476 2808 δυσὶ
2509 2752 2773 2823 πλευραῖς
2797 2748 2952 2805 τοῦδε
2987 2747 3082 2801 τοῦ
3114 2748 3297 2819 ὅρους,
3349 2744 3447 2801 τοῦ
3476 2762 3540 2799 τε
3568 2744 3615 2776 ⁸⁵
3667 2743 3798 2814 πρὸς

2213 2844 2390 2909 νότον,
2415 2842 2579 2913 φημὶ,
2596 2842 2690 2894 καὶ
2709 2838 2805 2894 τοῦ
2831 2837 2967 2910 πρὸς
2990 2837 3214 2909 βορρᾶν,
3240 2836 3398 2891 πεδία
3411 2834 3736 2906 ἀφήπλωται
3755 2830 3798 2865 ⁸⁸

2214 2934 2424 3009 βάσιμά
2446 2951 2508 2988 τε
2554 2933 2649 2989 καὶ
2693 2932 2965 3004 χρήσιμα,
3025 2932 3209 2985 πᾶσαν
3262 2927 3521 3000 ἀφορμὴν
3574 2926 3799 2990 εὐζωῖας

2212 3030 2327 3094 τοῖς
2349 3027 2597 3089 πολίταις
2621 3023 2945 3097 δωρούμενα
2972 3040 2985 3054 ·
3017 3016 3093 3076 ὧν
3114 3022 3175 3075 τὸ
3205 3022 3306 3092 μὲν
3339 3022 3417 3087 ὡς
3463 3019 3602 3092 πρὸς
3655 3019 3801 3073 νότον

2212 3123 2307 3177 τοῦ
2328 3122 2511 3192 ὅρους,
2549 3118 2688 3191 πρὸς
2727 3116 2997 3187 ἀνατολὴν
3017 3115 3075 3169 δὲ
3126 3115 3229 3186 τῆς
3278 3114 3513 3179 πόλεως,
3565 3114 3644 3177 ὡς
3684 3112 3804 3165 λίαν

2215 3214 2333 3269 ἐστὶ
2361 3210 2679 3281 παγκαλλὲς
2708 3209 2804 3263 καὶ
2820 3208 3106 3279 ἐράσμιον.
3142 3205 3504 3277 Κεκόσμηται
3534 3204 3649 3276 γὰρ
3685 3205 3800 3260 δέν-

2210 3307 2398 3377 δρεσιν
2451 3302 2823 3375 ἀμφιλαφέσι,
2872 3299 3228 3372 παραδείσοις
3279 3298 3569 3363 ποικίλοις,
3621 3298 3802 3351 ὕδασιν

2213 3398 2488 3469 ἀπείροις,
2527 3398 2642 3460 τοῖς
2693 3396 2791 3466 μὲν
2827 3394 3089 3464 πηγαίοις
3120 3395 3237 3456 τοῖς
3278 3392 3337 3446 δὲ
3369 3390 3682 3461 ποταμίοις.
3724 3384 3803 3453 οἷς

2215 3491 2270 3545 αἱ
2305 3488 2617 3560 λόχμαιτοῦ
2646 3488 2808 3559 ὅρους
2841 3486 2919 3558 τῷ
2946 3486 3114 3557 πεδίῳ
3144 3484 3465 3556 χαρίζονται
3493 3484 3588 3537 καὶ
3638 3482 3805 3553 αὐτὴν

2215 3582 2272 3635 δὲ
2311 3580 2614 3645 δεξιοῦνται
2639 3578 2739 3650 τὴν
2771 3579 3047 3633 Θάλασσαν
3063 3577 3131 3634 ⁸⁵.
3158 3578 3432 3648 ’Δμπελοι
3471 3577 3579 3649 γὰρ
3643 3577 3804 3647 ἀλλὴο

2217 3674 2338 3737 λαις
2378 3671 2944 3744 παραπεφυτευμέναι
2987 3670 3058 3725 τὰ
3107 3670 3285 3741 χωρία
3329 3669 3659 3740 στεφανοῦσι
3713 3669 3804 3723 καὶ

2217 3767 2309 3820 τὸν
2358 3764 2648 3836 φιλόκαλον
2697 3765 2976 3837 ὀφθαλμὸν
3027 3766 3094 3835 τῇ
3151 3763 3356 3834 πληθύῖ
3418 3762 3529 3817 τῶν
3579 3762 3806 3835 καρπῶν

2219 3861 2300 3922 είς
2336 3858 2681 3931 εὐφροσύνην
2724 3857 3164 3932 προτρέπονται·
3224 3856 3387 3927 μοναὶ
3443 3854 3505 3909 δὲ
3557 3854 3806 3927 μοναχῶν

2221 3948 2416 4003 πολλαὶ
2448 3949 2543 4003 καὶ
2567 3950 2758 4019 συχναὶ
2805 3948 2867 4001 τό
2902 3965 2961 4001 τε
3000 3946 3264 4011 ύπτιάζον
3291 3944 3389 3999 τοῦ
3417 3945 3577 4016 ὅρους
3605 3945 3696 3998 καὶ
3748 3944 3804 3996 τὸ

2220 4044 2320 4115 τῆς
2352 4044 2549 4115 λοιπῆς
2584 4044 2687 4113 γῆς
2728 4043 3092 4112 ὑποκείμενον
3131 4039 3507 4107 κατοικοῦσαι,
3561 4038 3654 4093 καί
3693 4054 3803 4090 τισι

2222 4137 2609 4208 τερπνοτάτοις
2664 4134 2887 4205 χωρίοις
2944 4134 3402 4204 ἑγκαθεζόμεναι,
3453 4132 3637 4186 καινόν
3659 4130 3705 4164 δ’
3754 4146 3807 4182 τι

2224 4227 2414 4297 χρῆμα
2442 4228 2552 4289 τοῖς
2581 4243 2637 4278 τε
2663 4226 2865 4287 δδίταις
2900 4224 2995 4279 καὶ
3043 4224 3229 4288 αὐτοῖς
3250 4224 3364 4287 τοῖς
3422 4221 3672 4281 πολίταις
3704 4233 3807 4270 πε·-

2225 4318 2455 4386 φύκασι.
2499 4315 2581 4389 [Ρ.
2623 4316 2753 4388 322]
2826 4318 2900 4370 Τὸ
2928 4316 2985 4371 δὲ
3025 4317 3167 4371 κατᾶ
3210 4316 3373 4368 λαιὰν
3411 4313 3653 4386 πλευρὰν
3707 4308 3803 4363 τοῦ

2227 4409 2389 4481 ὅρους
2420 4409 2603 4462 πεδίον
2634 4408 2751 4463 ἔστι
2784 4410 2881 4462 καὶ
2910 4408 3044 4463 αὐτὸ
3070 4408 3371 4479 τεταμένον
3396 4408 3478 4469 είς
3508 4410 3677 4477 μῆκος
3704 4420 3804 4455 πο·

527 4504 581 4548 et
624 4510 854 4565 campus
900 4511 930 4551 a
987 4496 1191 4550 montis
1243 4495 1397 4561 lmva,
1446 4494 1565 4565 ipse
1610 4508 1829 4564 quoque
1861 4493 2112 4566 longissi-

2225 4500 2312 4566 λὺ,
2350 4501 2635 4574 εὐρύνεται
2662 4500 2720 4554 δὲ
2748 4500 2943 4571 μέχρις
2983 4501 3158 4557 ἄλλων
3208 4498 3382 4568 ὀρέων
3412 4515 3428 4530 ο
3492 4492 3697 4558 οὗτινος
3744 4494 3807 4545 ἐν

528 4601 615 4642 me
662 4585 840 4653 fusus,
870 4587 937 4642 ad
984 4587 1123 4644 alios
1171 4602 1346 4658 usque
1378 4594 1600 4641 montes
1621 4586 1920 4655 dilatatur;
1955 4586 2120 4655 cujus

530 4678 714 4734 medio
747 4680 858 4736 duo
899 4681 1007 4735 late
1053 4690 1377 4752 stagnantes
1403 4681 1561 4737 lacus
1607 4681 1879 4751 potiorem
1913 4690 2119 4752 partem

529 4780 827 4841 occupant,
874 4773 968 4843 qui
1034 4774 1139 4844 ipsi
1194 4788 1305 4829 non
1356 4774 1744 4829 contemnendi
1786 4790 1922 4830 usus
1969 4775 2119 4830 exsi-

530 4871 698 4918 stant.
749 4864 915 4919 Alunt
944 4864 1089 4920 enim
1144 4874 1258 4920 tum
1293 4880 1492 4937 parvos
1525 4874 1637 4921 tum
1680 4881 1906 4936 magnos
1932 4867 2116 4922 diver-

532 4957 691 5027 sique
723 4959 941 5027 generis
972 4967 1025 5013 et
1064 4960 1219 5031 copia
1270 4977 1408 5032 pcne
1435 4962 1864 5021 innumerabiles
1909 4965 2112 5033 pisces,

534 5049 628 5120 qui
659 5057 774 5103 tum
830 5049 1029 5107 vicinis
1081 5052 1301 5123 oppidis
1350 5062 1463 5107 tum
1503 5054 1607 5125 ipsi
1654 5055 1861 5111 civitati
1899 5055 2113 5110 uberri-

534 5157 621 5197 me
670 5141 901 5197 obsonia
956 5142 1271 5213 victumque
1314 5143 1611 5203 suiﬁciant.
1651 5145 1917 5201 Videntur
1964 5147 2111 5200 enim

534 5232 656 5290 hice
684 5234 838 5292 lacus
876 5236 993 5290 suis
1024 5234 1401 5304 largitionibus
1440 5251 1562 5291 cum
1604 5239 1739 5292 mari
1791 5254 1956 5308 prope
1983 5254 2113 5294 con-

533 5326 758 5416 tepdere
811 5338 1112 5399 mutuoque
1148 5338 1381 5394 certare,
1432 5338 1554 5385 utra
1607 5329 1765 5399 plura
1797 5330 2111 5386 exhibeant.

532 5415 776 5473 Alterum
824 5429 1005 5477 tamen
1058 5421 1126 5476 ab
1173 5421 1348 5478 altero
1378 5421 1638 5485 vincitur,
1681 5437 1783 5478 nec
1826 5423 1987 5492 cujus
2036 5422 2117 5477 vi-

2228 4595 2379 4667 μέσῳ
2402 4594 2787 4665 πελαγίζονται
2825 4593 2921 4648 δύο
2934 4594 3077 4658 τινὶς
3106 4593 3313 4664 εὐρεῖαι
3338 4592 3553 4663 λίμναι,
3581 4590 3640 4645 τὸ
3660 4586 3801 4641 πλατο

2226 4704 2353 4741 στον
2406 4686 2599 4741 τούτου
2650 4687 3078 4757 διακατέχουσαι
3123 4685 3218 4741 καί
3254 4703 3378 4739 τινα
3433 4685 3676 4756 μεγάλην
3707 4676 3807 4730 καὶ

2224 4771 2386 4831 αὗται
2425 4776 2879 4847 συνεισφέρουσαι
2906 4775 3120 4846 χρείαν.
3155 4775 3430 4845 Τρέφουσι
3458 4775 3570 4843 γὰρ
3622 4767 3806 4841 ἰχθύας

2224 4869 2317 4921 καὶ
2348 4868 2576 4937 μικροὺς
2604 4867 2700 4920 καὶ
2732 4867 3026 4938 μεγάλους,
3060 4867 3153 4920 καὶ
3182 4870 3295 4929 τοις
3318 4865 3488 4919 είδεσι
3518 4865 3803 4933 διαφόρους

2222 4960 2316 5016 καὶ
2345 4961 2576 5024 πολλοὺς
2606 4959 2684 5032 τῷ
2720 4960 2939 5029 πλήθει,
2969 4962 3091 5024 ταῖς
3114 4976 3175 5013 τε
3200 4958 3410 5027 γείτοσι
3468 4957 3680 5029 κώμαις
3704 4947 3807 5003 καὶ

2220 5052 2358 5124 αὐτῇ
2394 5052 2452 5105 δὲ
2474 5055 2539 5123 τῇ
2574 5053 2727 5107 πόλει
2766 5050 3166 5123 δαψιλεστάτην
3192 5050 3651 5121 ἀποπληροῦντος
3675 5042 3806 5112 τρὼ

2222 5145 2414 5217 πεζαν.
2444 5146 2556 5199 Καὶ
2606 5144 2713 5215 γὰρ
2735 5140 2847 5200 οἷον
2903 5142 3304 5213 φιλονεικοῦσιν
3355 5144 3416 5197 αἱ
3463 5142 3653 5213 λίμναι
3682 5133 3807 5194 ι’αῇ

2221 5236 2425 5291 τούτων
2446 5237 2662 5291 ὲπιδόσε
2672 5254 2723 5292 σι
2741 5237 2878 5310 πρὸς
2896 5238 2996 5308 τὴν
3018 5237 3318 5303 Θάλασσαν,
3346 5237 3443 5292 καὶ
3471 5231 3803 5305 ἁμιλλῶνται

2221 5330 2304 5395 τίς
2327 5329 2509 5385 αὐτῶν
2539 5330 2600 5383 τὸ
2633 5330 2816 5385 πλεῖον
2845 5330 3219 5403 παράσχηται.
3249 5329 3398 5401 Πλὴν
3431 5328 3687 5396 ἑκάτεραι
3711 5334 3809 5368 νι-

2224 5419 2427 5474 κῶνται
2451 5420 2512 5485 ἐξ
2538 5421 2839 5492 ἑκατέρων,
2871 5423 2968 5476 καὶ
2987 5424 3022 5494 ἡ
3046 5422 3256 5483 νικῶσα
3283 5422 3387 5477 οὐκ
3414 5422 3528 5492 ἔχει
3556 5419 3655 5472 τίνι
3695 5408 3815 5479 τὴν

1852 5558 2085 5614 VARIAE
2124 5558 2528 5615 LECTIONES.

602 5646 647 5681 ³⁸
674 5648 901 5718 βάσιμον
958 5657 1167 5727 sumpsi
1188 5674 1216 5711 a
1244 5656 1286 5710 L
1312 5658 1347 5712 i.
1378 5672 1428 5712 e.
1455 5657 1636 5713 Leone
1663 5657 1861 5712 Allatio
1912 5657 1965 5709 iu
2022 5655 2120 5711 Ge.
2153 5657 2454 5725 Acropolit.
2501 5662 2620 5710 not.
2654 5670 2706 5725 p.
2735 5654 2843 5710 225
2872 5653 2959 5710 ed.
2996 5651 3171 5710 Paris.

604 5719 703 5782 τῆς
731 5720 840 5776 AL.
914 5725 958 5756 “
998 5730 1107 5782 τοῖς
1138 5743 1247 5782 om.
1284 5728 1344 5780 L.
1418 5729 1462 5761 “
1489 5730 1666 5782 ἐκεῖσε
1697 5727 1806 5781 AL.
1909 5729 1951 5758 ³³
1985 5727 2050 5780 τὰ
2106 5730 2167 5780 ἐκ
2221 5727 2451 5782 πλαγίου
2516 5727 2600 5782 ἐφ’
2629 5725 2689 5780 L.
2717 5724 2801 5782 ἐφ’
2832 5726 2996 5782 etiam
3055 5726 3117 5779 A.

1909 5732 1951 5758 ³⁸
1985 5732 2050 5780 τὰ
2106 5732 2167 5780 ἐκ
2221 5732 2451 5795 πλαγίου
2516 5732 2600 5795 ἐφ’
2629 5732 2689 5780 L.
2717 5732 2800 5796 ἐφ’
2832 5732 2996 5782 etiam
3055 5732 3117 5779 Δ.

945 5726 1666 5854 ὶῗοῖῑεοὸἳδαξιαςῖίῗῗίεῖπ
1691 5727 1864 5851 iis.
1896 5729 1957 5851 if.

3263 5655 3310 5685 "
3351 5650 3512 5720 αὐτῆς
3547 5640 3661 5720 τῆς]
3700 5636 3826 5720 κὲὶ

3228 5724 3273 5757 ts
3309 5727 3371 5795 τῇ
3412 5708 3548 5775 ut.
3576 5708 3662 5766 ut
3691 5713 3781 5779 τῇ
3802 5708 3831 5759 ?
