3962 6204
261 323 341 386 533
1284 327 1387 389 DE
1412 328 1730 391 EXCIDIO
1765 327 2382 392 THESSALONICIE.

3378 326 3494 396 ’524

254 438 390 509 ἧτταν
410 441 877 513 καταψηφίσεται.
906 424 984 497 νΤδ
1011 440 1069 497 δὴ
1116 440 1305 499 λοιπὸν
1335 444 1428 499 τοῦ
1457 444 1640 499 πεδίου
1668 444 1813 499 ἀνεῖ-

1926 443 2092 499 ctoria
2124 451 2230 510 est,
2255 441 2367 498 utri
2400 441 2530 499 victi
2561 425 2801 500 dedecus
2834 442 3136 507 adscribat,
3156 441 3320 516 5,95
3350 446 3494 499 valet

252 537 437 598 τιιτοῖς
466 536 754 606 γεωργοῖς.
786 536 1197 608 παραχωρεῖται
1225 537 1340 601 τοῖς
1373 535 1554 602 ζώοις,
1586 539 1699 601 τοῖς
1739 554 1800 590 τε

1907 547 2172 594 statuere.
2218 534 2351 608 Agri
2412 551 2544 607 pars
2602 535 2817 606 reliqua
2868 535 3238 608 agricolarum
3300 535 3494 591 usibus

253 624 563 695 πειθομένοις
594 627 714 688 ταῖς
751 626 860 680 τῶν
917 623 1222 699 ἀνθρώπων
1276 628 1497 699 τέχναις
1542 629 1637 681 καὶ
1686 628 1801 692 τοῖς

1926 629 2081 696 :edit;
2131 627 2500 683 animantibus
2546 644 2765 700 quoque
2815 629 3149 701 indulgetur,
3199 636 3314 684 tum
3373 644 3497 699 quas

251 715 504 788 ἂλεύθερον
532 716 736 785 ἀφιεῖσι
768 716 828 771 τὸ
865 719 1007 790 ἴχνος
1036 720 1150 783 τοῖς
1174 719 1380 791 ὄρεσιν.
1421 719 1653 789 Ἐλαφοι
1691 720 1801 792 γάρ

250 811 308 865 τὰ
333 809 422 880 ὅρη
445 802 698 864 λιποῦσαι
719 811 814 866 καὶ
854 812 976 876 ταῖς
1020 810 1240 883 λίμναις
1277 811 1466 884 ῶσπερ
1516 813 1626 867 τῶν
1671 813 1801 867 ὑδά-

248 920 339 956 των
358 902 775 975 ὲπιτερπόμεναι
803 902 938 975 ὁμοῦ
958 920 1019 958 τε
1039 903 1253 975 ἔχουσιν
1270 903 1500 974 ἄφθονον
1524 905 1584 959 τὸ
1617 904 1800 972 ποτὸν,

253 996 332 1050 καὶ
349 996 460 1059 ταῖς
487 994 672 1065 βουσὶν
706 997 764 1049 ἐν
802 994 953 1068 αὐτῷ
1000 995 1498 1068 συναγελαζόμεναι
1538 997 1696 1052 κοινά
1735 997 1804 1052 τὰ

250 1091 354 1141 σῖτα
380 1086 794 1158 προσφέρονται.

312 1179 377 1247 ς’.
410 1180 550 1235 Ἀλλ’
586 1182 789 1247 ἱκανῶς
815 1181 873 1237 ὲν
891 1179 1103 1246 τούτοις
1132 1181 1199 1238 τά
1231 1201 1291 1236 τε
1342 1182 1479 1253 πρδς
1540 1183 1805 1256 ἀνατολὴν

245 1274 331 1329 καὶ
360 1273 555 1347 βορρᾶν
582 1276 684 1345 τῆς
710 1275 939 1341 πόλεως,
970 1276 1129 1346 ἔτιγε
1164 1277 1270 1348 μὴν
1302 1276 1391 1330 καὶ
1419 1276 1485 1331 τὰ
1524 1274 1661 1349 πρὸς
1716 1278 1803 1332 νό-

241 1382 326 1418 τον
349 1366 777 1437 διαγραψάμενοι
799 1367 898 1438 τὴν
930 1368 1066 1440 πρὸς
1094 1367 1249 1422 δύσιν
1287 1369 1456 1440 αὐτῆς
1480 1370 1525 1403 ⁸⁸
1580 1369 1672 1423 τοῦ
1699 1389 1807 1443 χω⁸

247 1457 345 1528 ρίου
372 1456 518 1513 θέσιν
548 1458 691 1513 κατὰ
710 1458 771 1512 τὸ
800 1458 1025 1514 δυνατὸν
1053 1458 1449 1533 ἱστορήσωμεν.
1488 1460 1674 1515 Ἔστιν
1690 1461 1810 1516 ἕτε-

243 1565 325 1619 ρον
370 1549 566 1613 πεδίον,
623 1549 720 1603 ἀπ’
758 1550 926 1605 αὐτοῦ
979 1550 1073 1604 τοῦ
1112 1552 1328 1622 τείχους
1388 1552 1489 1623 τῆς
1548 1552 1810 1625 Ἐκῦολῆς

240 1642 626 1713 ἀπαρχόμενον,
669 1645 735 1715 τῇ
792 1642 944 1715 δεξιᾷ
998 1643 1093 1697 τοῦ
1150 1644 1311 1717 ὅρους
1361 1644 1687 1716 ἀπτόμενον,
1739 1648 1807 1717 τῇ

237 1733 353 1804 λαιᾷ
383 1732 437 1787 δὲ
471 1735 538 1804 τῇ
581 1733 828 1807 Θαλάσσῃ
864 1732 1225 1807 συνομοροῦν,
1281 1734 1562 1809 ἀμύθητον
1620 1734 1810 1791 κάλλει

236 1828 347 1889 ταῖς
373 1824 481 1879 τῶν
512 1825 768 1896 ὁρώντων
800 1804 1183 1897 -ὗποκείμενον
1226 1804 1464 1898 ὄψεσιν.-
1485 1827 1643 1883 Ἐστι
1701 1828 1809 1900 γὰρ
1838 1804 1886 1866 Β

234 1916 292 1971 τὸ
321 1917 415 1987 μὲν
448 1916 615 1972 αὑτοῦ
641 1917 931 1990 διάϐροχον
974 1918 1185 1987 ὕδασιν,
1241 1919 1365 1976 ὅσον
1414 1919 1576 1991 αὐχεῖ
1608 1921 1710 1993 τήν
1748 1938 1809 1975 τε

238 2010 379 2064 πόλιν
410 2010 556 2082 ἔχειν
581 2010 677 2065 καὶ
706 2012 806 2081 τὴν
832 2011 1113 2066 θάλασσαν
1142 2010 1383 2081 γείτονα,
1416 2012 1685 2085 ἀμπέλοις
1714 2012 1811 2068 καὶ

233 2096 464 2175 δένδρεσι
509 2103 847 2175 κατακόμοις
892 2106 987 2160 καὶ
1029 2086 1376 2176 παραδείσοις
1432 2107 1812 2179 κατεστεμμέ-

235 2213 335 2263 νον,
362 2196 627 2269 οίκήμασί
650 2213 711 2250 τε
750 2197 846 2252 καί
872 2214 983 2251 τισι
1024 2196 1303 2262 πλείστοις
1339 2197 1665 2269 σεδασμίοις
1710 2216 1812 2270 ση-

235 2292 343 2357 κοῖς
370 2291 816 2363 κεκοσμημένον,
846 2284 921 2345 ὧν
953 2292 1081 2356 τοὺς
1106 2291 1359 2356 πλείονας
1393 2292 1647 2363 μοναχῶν
1686 2292 1814 2361 ἀγέο

232 2382 313 2435 λαι
345 2381 624 2457 διείλοντο,
672 2384 781 2440 πᾶν
810 2378 945 2448 εἶδος
969 2382 1172 2455 ἀρετῆς
1211 2381 1507 2446 ἀσκοῦντες
1567 2383 1662 2438 καὶ
1695 2382 1816 2455 Θεῷ

236 2472 375 2543 μόνῳ
402 2471 628 2537 ζῶντες,
667 2472 805 2544 πρὸς
834 2471 891 2525 ὃν
920 2471 1233 2539 ἐπείγονται
1270 2470 1364 2525 καὶ
1389 2469 1459 2523 δι’
1484 2469 1543 2523 ὃν
1590 2469 1692 2534 τάς
1720 2487 1817 2523 πο-

230 2565 436 2629 λιτικὰς
458 2563 708 2638 ταραχὰς
736 2564 987 2628 λιπόντες
1033 2562 1132 2635 τὴν
1157 2564 1294 2636 πρὸς
1321 2563 1484 2617 αὑτὸν
1519 2562 1614 2616 καὶ
1656 2560 1817 2634 μόνον

229 2656 500 2726 φέρουσαν
542 2655 730 2726 τρίϐον
777 2655 1072 2709 ἀνείλοντο.
1127 2655 1201 2708 Τὸ
1252 2654 1298 2707 δ’
1357 2652 1609 2707 ἐντεῦθεν
1651 2651 1817 2707 αὐτοῦ

225 2749 495 2819 διαχεῖται
526 2750 591 2820 τῇ
614 2747 799 2821 χέρσῳ
840 2749 1005 2820 μέχρι
1040 2745 1262 2814 πολλοῦ,
1297 2745 1500 2814 ἅξυλον
1519 2746 1618 2817 μὲν
1654 2744 1730 2810 ὡς
1759 2744 1820 2798 τὰ

227 2840 397 2894 πολλά
414 2840 513 2912 τὴν
544 2839 785 2913 βλάστην
804 2839 947 2910 ἕχον,
978 2840 1161 2911 πάσης
1186 2840 1243 2894 δὲ
1275 2840 1589 2911 γεωργικῆς
1627 2838 1823 2910 ἐπιμε-

226 2935 383 2999 λείας
415 2935 772 3006 ἐπιτήδευσιν
792 2933 1192 3007 παρεχόμενον.
1214 2934 1405 3004 Διήκει
1437 2933 1495 2987 δὲ
1538 2932 1637 3005 τὴν
1666 2932 1819 3005 ἡλίου

223 3028 380 3083 δύσιν
412 3026 786 3095 ἀποσκοποῦν,
814 3027 920 3091 ἕως
945 3026 1110 3081 τινῶν
1143 3026 1319 3082 ἄλλων
1379 3025 1551 3099 ὀρέων
1600 3024 1821 3099 ὑψηλῶν

1909 719 2169 774 immanis
2203 728 2398 789 parent
2430 720 2643 776 artibus
2679 735 2744 775 ac
2776 729 3196 785 mansuescunt,
3231 730 3346 775 tum
3375 734 3498 791 quae

1910 827 2007 884 per
2062 821 2321 867 montana
2352 811 2527 867 libero
2561 812 2695 884 pede
2739 822 3031 885 vagantur.
3064 812 3222 869 Cervi
3260 827 3497 883 namque

1912 902 2119 959 relictis
2150 901 2454 968 montibus,
2496 902 2751 973 velutque
2784 902 3001 959 lacuum
3040 904 3198 975 aquis
3235 903 3493 966 recreati,

1912 1006 2028 1051 tum
2074 995 2245 1050 ubere
2295 992 2554 1049 fruuntur
2604 1003 2756 1065 potu,
2790 1002 2904 1051 tum
2945 995 3010 1050 ad
3055 996 3234 1067 ipsum
3296 1011 3499 1053 conve-

1912 1088 2125 1144 nientes
2170 1087 2448 1143 communi
2480 1102 2603 1142 cum
2658 1086 2830 1142 bobus
2858 1087 3059 1156 pabulo
3101 1099 3423 1145 vescuntur.

1979 1180 2033 1235 6.
2073 1179 2309 1252 Sedjam
2345 1180 2481 1235 satis
2507 1180 2563 1233 in
2595 1178 2741 1246 istis,
2772 1193 2894 1248 quae
2931 1178 2999 1233 ad
3038 1186 3223 1233 ortum
3251 1176 3499 1249 et‘aqu'h-

1912 1272 2095 1328 lenem
2162 1287 2226 1328 ac
2276 1287 2397 1342 quae
2456 1272 2585 1327 item
2619 1271 2686 1327 ad
2751 1277 3002 1326 austrum
3029 1269 3185 1325 urbis
3218 1278 3369 1336 sunt,
3398 1270 3494 1325 de-

1913 1367 2162 1438 scriptis,
2195 1365 2361 1421 situm
2395 1366 2500 1420 loci
2537 1366 2631 1437 qui
2665 1365 2729 1419 ad
2756 1379 3016 1420 occasum
3043 1364 3239 1435 vergit,
3261 1363 3339 1417 uti
3379 1360 3495 1416 ﬁeri

1913 1459 2137 1529 poterit,
2203 1458 2607 1514 enarrabimus.
2664 1458 2820 1515 Alius
2871 1473 3099 1528 campus
3149 1469 3234 1511 est
3280 1454 3347 1511 ab
3379 1446 3497 1524 ipso

1914 1551 2100 1607 Ecboli
2136 1566 2295 1606 muro
2329 1551 2598 1623 incipiens
2622 1551 2932 1622 dextraeque
2956 1548 3162 1605 montis
3189 1548 3495 1612 adhaerens,

1914 1645 2048 1700 laeva
2073 1659 2203 1702 vero
2233 1646 2889 1715 maricontiguus,quam
2932 1657 3096 1697 nemo
3128 1640 3264 1696 satis
3296 1639 3499 1710 capiat,

1915 1737 2327 1809 pulchritudine
2391 1736 2693 1792 videntium
2743 1735 2939 1791 oculos
2998 1733 3065 1787 ad
3120 1748 3181 1789 se
3230 1731 3501 1787 alliciens.

1915 1832 2013 1889 Est
2051 1832 2203 1887 enim
2236 1830 2395 1901 aquis
2423 1829 2685 1901 irriguus,
2712 1842 2819 1899 qua
2855 1835 3010 1898 parte
3035 1812 3185 1881 urbis
3224 1823 3505 1890 marisque

1915 1924 2200 1981 vicinitate
2225 1922 2519 1994 gloriatur,
2547 1921 2869 1992 vitibusque
2899 1927 2953 1975 et
2998 1917 3183 1973 densis
3214 1914 3505 1971 arboribus

1916 2036 1981 2075 ac
1999 2018 2228 2076 vivariis
2288 2018 2580 2088 bortisque
2616 2023 2936 2079 coronatus,
2994 2027 3099 2068 nec
3140 2024 3248 2065 non
3294 2008 3506 2064 aedibus

1917 2114 2280 2184 plurimisque
2364 2110 2779 2167 venerabilibus
2845 2105 3093 2164 delubris
3165 2102 3505 2168 decoratus;

1917 2220 2151 2275 quorum
2179 2204 2443 2275 pleraque
2470 2203 2865 2260 monachorum
2896 2199 3115 2272 agmina
3142 2197 3287 2254 inter
3305 2212 3363 2253 se
3380 2211 3509 2267 par-

1920 2297 2004 2351 titi
2040 2302 2191 2362 sunt,
2229 2295 2513 2353 viriomne
2568 2294 2837 2351 virtutum
2872 2308 3048 2365 genus
3094 2290 3337 2348 colentes
3378 2288 3509 2344 soli-

1918 2404 2026 2461 que
2076 2388 2189 2444 Deo
2253 2388 2536 2452 viventes,
2585 2386 2653 2444 ad
2685 2402 2848 2459 quem
2896 2394 2951 2441 et
3001 2383 3302 2447 festinant,
3348 2378 3510 2452 cujus

1919 2480 2086 2535 etiam
2122 2493 2292 2535 causa
2343 2477 2556 2534 relictis
2609 2476 2799 2533 saeculi
2841 2474 3020 2531 turbis
3063 2488 3254 2535 unam,
3297 2486 3416 2541 qua:
3442 2469 3513 2524 ad

1922 2572 2099 2643 ipsum
2147 2570 2326 2627 tendit
2388 2577 2553 2641 atque
2595 2568 2721 2634 fert,
2750 2567 3006 2624 semitam
3058 2566 3358 2636 elegerunt.
3391 2562 3519 2629 Qua

1921 2680 2055 2721 vero
2078 2663 2205 2721 inde
2229 2665 2376 2720 intra
2410 2673 2611 2719 terram
2636 2660 2965 2732 longissimo
2996 2659 3286 2715 intervallo
3318 2656 3513 2713 diﬁun-

1923 2758 2089 2824 ditur,
2123 2758 2274 2814 nullo
2299 2756 2413 2813 fere
2444 2756 2709 2813 silvarum
2746 2762 2840 2811 aut
2872 2753 3229 2810 arbustorum
3247 2757 3513 2819 Opacatur

1923 2850 2190 2922 germine,
2229 2849 2327 2907 sed
2371 2848 2465 2922 qui
2492 2847 2750 2904 idoneum
2799 2846 2979 2903 solum
3019 2843 3279 2899 exhibeat
3307 2841 3512 2913 agrico-

1927 2947 2101 3001 larum
2135 2944 2445 3001 industrias.
2494 2941 2783 2999 Procurrit
2835 2954 2968 2997 vero
3020 2953 3217 2994 versus
3259 2937 3394 2993 solis
3425 2950 3514 2992 or-

1927 3047 2065 3104 tum,
2087 3035 2256 3109 496
2289 3036 2355 3091 ad
2391 3035 2532 3091 alios
2564 3049 2738 3105 usque
2769 3032 3018 3089 excelsos
3068 3045 3133 3085 ac
3162 3028 3517 3100 praegrandes

225 3122 322 3174 καὶ
381 3120 633 3189 μεγάλων
680 3119 1183 3191 παρατεινόμενον·
1236 3116 1367 3172 ἔνθα
1412 3119 1505 3172 καὶ
1535 3118 1693 3182 πόλις
1736 3135 1819 3182 τις

1928 3139 2143 3186 montes
2174 3136 2493 3200 protensus,
2549 3127 2642 3183 ubi
2694 3135 2749 3183 et
2773 3125 2968 3181 civitas
3013 3122 3104 3179 cui
3148 3136 3347 3177 nomen
3384 3119 3514 3174 Ber-

222 3208 462 3283 Βέρῤοια
493 3212 804 3285 καλουμένη
829 3210 1188 3282 κατῴκισται,
1216 3211 1311 3265 καὶ
1344 3210 1483 3279 αὑτὴ
1520 3227 1821 3283 περιφανε-

223 3307 401 3377 στάτη
434 3308 545 3369 τοῖς
574 3306 856 3378 οίκήτορσί
879 3323 939 3359 τε
971 3305 1069 3360 καὶ
1092 3306 1227 3359 πᾶσι
1260 3306 1372 3369 τοῖς
1401 3304 1580 3368 ἄλλοις
1616 3301 1696 3369 οἷς
1726 3304 1825 3359 αὖ·

218 3400 309 3467 χεῖ
351 3398 505 3462 πόλις
521 3399 618 3471 τὴν
648 3398 929 3454 σύστασιν.
964 3398 1317 3471 Ἐμπεριέχει
1347 3398 1404 3452 δὲ
1431 3398 1508 3471 τῷ
1543 3399 1629 3454 διὰ
1655 3399 1821 3471 μέσου

217 3493 392 3565 χώρῳ
430 3492 697 3547 τὺπεδίον
729 3492 890 3547 τοῦτο
946 3494 1045 3548 καὶ
1091 3493 1470 3564 ἀμφιμίκτους
1515 3492 1670 3554 τινὰς
1714 3491 1824 3546 κὼ-

220 3600 359 3653 μας,
390 3576 466 3637 ὧν
500 3586 553 3638 αἱ
585 3585 684 3656 μὲν
713 3585 847 3658 πρὸς
873 3587 939 3657 τῇ
978 3586 1131 3641 πόλει
1162 3585 1400 3653 τελοῦσι,
1434 3584 1823 3657 Δρουγουσῖταί

213 3694 372 3743 τινες
408 3679 503 3731 καὶ
528 3678 857 3748 Σαγουδάτοι
892 3678 992 3751 τὴν
1044 3678 1239 3750 κλῆσιν
1298 3676 1717 3749 ὀνομαζόμενοι,
1766 3675 1825 3731 αἱ

210 3770 274 3823 δὲ
319 3769 407 3841 τῷ
444 3769 841 3843 συνομοροῦντι
885 3770 997 3825 τῶν
1034 3769 1259 3824 Σκυθῶν
1312 3770 1459 3824 ἔθνει
1505 3770 1565 3823 οὐ
1604 3767 1825 3841 μακρὰν

208 3862 336 3916 ὄντι
370 3863 502 3927 τοὺς
530 3863 733 3936 φόρους
757 3862 1090 3917 ἀποδιδόασι.
1124 3858 1211 3934 [Ρ.
1248 3860 1377 3933 52⁸5]
1406 3860 1551 3932 Πλὴν
1582 3859 1825 3930 γειτνιά-

209 3953 417 4015 ζουσιν
448 3952 706 4025 ἀλλήλαις
720 3954 783 4006 ,αἱ
814 3952 998 4024 κῶμαι
1024 3950 1126 4023 τὴν
1151 3948 1387 4020 οἴκησιν,
1419 3950 1516 4002 κα)⁸
1560 3950 1679 4002 ἔστι
1731 3949 1827 4003 καὶ

206 4044 391 4099 τοῦτο
426 4045 564 4116 πρὸς
583 4047 697 4110 τοῖς
729 4045 911 4110 ἀλλοις
956 4042 1450 4101 Θεσσαλονικεῦσιν
1490 4042 1552 4095 οὐ
1613 4041 1828 4114 μικρῶς

208 4138 706 4210 συμϐαλλόμενον,
745 4138 806 4193 τδ
836 4137 975 4211 πρὸς
995 4136 1124 4201 τοὺς
1157 4133 1371 4199 Σκύθας
1393 4133 1483 4188 διὰ
1513 4133 1623 4187 τῶν
1652 4134 1828 4204 ὲμποι

208 4237 404 4308 ρικῶν
437 4236 679 4308 μεθόδων
731 4234 1261 4307 συναναμίγνυσθαι,
1308 4233 1405 4287 καὶ
1452 4229 1671 4303 μάλισθ’
1698 4230 1829 4285 ὅταν

201 4331 399 4401 ἔχωσι
424 4331 562 4400 πρὸς
586 4329 849 4401 ἀλλήλους
907 4327 1091 4392 καλῶς
1142 4326 1239 4381 καὶ
1285 4326 1360 4397 μὴ
1412 4322 1639 4379 κινῶσιν
1688 4319 1830 4376 ὅπλα

199 4423 319 4492 τὴν
356 4423 543 4493 μάχην
577 4420 996 4494 ἐξαγριαίνοντα
1027 4435 1043 4453 ·
1076 4418 1104 4473 ὃ
1140 4419 1203 4490 δὴ
1235 4417 1330 4472 καὶ
1382 4414 1563 4484 πολλῷ
1597 4432 1706 4469 τινι
1751 4413 1829 4485 τῷ

1928 3221 2097 3276 rhmae
2137 3219 2362 3275 condita
2414 3227 2519 3285 est,
2576 3218 2696 3289 ipsa
2748 3210 2970 3287 quoque
3000 3214 3375 3270 habitatorum
3406 3212 3516 3266 frc-

1927 3312 2153 3384 quentia
2185 3326 2250 3368 ac
2272 3311 2502 3381 reliquis
2532 3310 2789 3366 omnibus
2814 3308 3019 3379 quibus
3041 3321 3102 3362 se
3128 3306 3517 3375 urbesjactare

1927 3404 2108 3461 solent
2134 3403 2536 3460 illustrissima.
2592 3400 2862 3457 Planities
2922 3398 3109 3456 medio
3157 3413 3260 3453 suo
3306 3394 3515 3450 ambitu

1928 3494 2125 3568 oppida
2169 3498 2487 3569 promiscue
2542 3494 2808 3559 continet,
2866 3506 3103 3565 quorum
3148 3492 3329 3563 aliqua
3359 3489 3517 3544 urbis

1927 3590 2153 3646 ditionis
2209 3597 2339 3647 sunt
2390 3589 2552 3659 eique
2599 3587 3056 3652 contribuuntur,
3107 3585 3422 3658 Drugubitae
3464 3592 3520 3639 ct

1928 3682 2192 3756 Sagudati
2221 3682 2465 3749 nomine,
2492 3682 2677 3752 aliqua
2710 3679 2958 3737 ﬁnitimae
2983 3679 3318 3752 Scytharum
3344 3677 3514 3749 genti,

1928 3792 2039 3833 non
2062 3777 2223 3848 longe
2250 3775 2482 3842 dissitze,
2508 3775 2718 3831 tributa
2750 3775 2993 3832 solvunt.
3013 3773 3282 3830 Caeterum
3318 3771 3519 3843 oppida

1929 3883 1960 3924 e
1986 3869 2241 3939 proximo
2285 3867 2625 3933 habitantur,
2657 3866 2805 3938 quod
2854 3866 3033 3938 ipsum
3089 3875 3288 3936 praeter
3316 3862 3422 3917 alia
3464 3863 3519 3917 in

1930 3960 2520 4016 Thessalonicensium
2545 3976 2659 4016 rem
2704 3975 2811 4015 non
2843 3974 3038 4030 parum
3071 3956 3357 4021 conducit,
3391 3958 3518 4012 dum

1930 4059 2247 4125 quaastuo’sa
2270 4059 2589 4108 mercatura
2650 4051 2983 4124 Scytharum
3039 4049 3375 4104 commercia
3409 4063 3523 4101 am-

1933 4143 2128 4211 biunt;
2165 4151 2282 4198 tum
2317 4144 2625 4214 praesertim
2654 4158 2780 4198 cum
2829 4142 3049 4214 utrique
3079 4142 3225 4213 genti
3281 4142 3424 4196 inter
3462 4154 3525 4194 se

1932 4238 2075 4294 bene
2104 4237 2443 4301 convenerit,
2478 4250 2582 4291 nec
2642 4235 2847 4307 quibus
2883 4234 2951 4290 ad
2982 4234 3171 4306 praelia
3222 4230 3524 4288 eﬂ‘erantur

1935 4338 2091 4407 arma
2124 4330 2398 4386 moverint
2431 4327 2599 4401 (quod
2632 4328 2821 4398 utique
2855 4327 2923 4382 ab
2952 4326 3194 4396 antiquis
3222 4323 3350 4378 olim
3385 4330 3523 4376 tem-

1934 4424 2161 4496 poribus
2188 4423 2257 4478 iis
2285 4422 2577 4493 diligenter
2603 4420 2943 4493 quaasitum),
2975 4418 3363 4473 communibus
3400 4414 3526 4467 vitae

200 4516 405 4570 πάλαι
434 4516 614 4587 χρόνῳ
644 4516 789 4588 παρ’
822 4513 1104 4586 ἑκατέρων
1160 4510 1478 4583 μελετηθὲν,
1546 4510 1819 4579 κοινότητα

1942 4515 2249 4571 rationibus
2273 4529 2484 4570 merces
2515 4513 2655 4569 alias
2698 4511 2823 4568 aliis
2852 4520 3216 4577 commutant,
3248 4510 3527 4565 admiran—

197 4609 383 4679 ζωῆς
406 4609 507 4672 τὰς
534 4609 726 4680 χρείας
753 4608 1003 4680 ἀλλήλοις
1032 4604 1346 4677 ἀμείϐουσι,
1370 4602 1680 4673 θαυμασίαν
1709 4601 1830 4655 τινὰ

197 4702 317 4754 καὶ
379 4698 609 4769 βαθεῖαν
652 4700 875 4771 εἰρήνην
929 4698 990 4752 ὲν
1018 4695 1063 4730 δ’
1100 4697 1317 4759 ἑαυτοῖς
1375 4692 1825 4765 συντηρούμενοι.

199 4790 487 4861 Ποτειμοὶ
504 4790 563 4844 δέ
584 4807 730 4855 τινες
765 4787 1149 4859 παμμεγέθεις
1179 4787 1244 4841 ὲκ
1289 4787 1391 4857 τῆς
1417 4785 1641 4838 Σκυθῶν
1676 4783 1832 4856 ὲξορο

200 4883 490 4953 μὼμενοι
520 4882 615 4935 καὶ
652 4882 714 4936 τὸ
765 4880 1065 4953 προλεχθὲν
1094 4878 1277 4935 πεδίον
1328 4878 1451 4933 καθ’
1480 4878 1709 4943 ἑαυτοὺς
1757 4879 1836 4932 δι-

195 4979 489 5049 ελόμενοι
523 4978 725 5051 πολλὴν
769 4978 1048 5047 δαψίλειαν
1079 4977 1175 5031 καί¹
1204 4976 1357 5031 αὐτοὶ
1385 4976 1452 5049 τῇ
1499 4974 1654 5029 πόλει
1694 4991 1836 5046 παρ-

196 5071 459 5140 ἔχονται
489 5071 604 5133 ταῖς
630 5086 689 5123 τε
719 5070 1007 5141 χορηγίαις
1040 5070 1161 5133 ταῖς
1206 5069 1314 5124 ἀπὸ
1343 5068 1451 5123 τῶν
1485 5067 1686 5138 ἰχθύων
1740 5066 1837 5120 καὶ

194 5164 351 5227 ταῖς
383 5160 456 5215 δι’
486 5160 668 5214 αὐτῶν
697 5161 807 5214 ἀπὸ
829 5161 930 5224 τῆς
959 5159 1238 5230 θαλάσσης
1265 5159 1375 5214 τῶν
1406 5161 1551 5231 νηῶν
1608 5159 1838 5229 ἀναδρο-

197 5256 395 5333 μαῐς,
454 5254 522 5308 δι’
582 5244 658 5308 ὧν
693 5254 990 5308 ἐπινοεῖται
1025 5253 1246 5323 ποικίλη
1289 5269 1373 5315 τις
1415 5251 1676 5322 πρόσοδος
1723 5251 1834 5305 τῶν

193 5345 449 5417 χρειῶν
481 5345 592 5400 τῶν
621 5345 832 5402 ὑδάτων
860 5345 1087 5401 ἐκείνων
1107 5345 1618 5418 συγκαταρῥέουσα.

284 5437 375 5505 ζ’.
423 5441 588 5494 Ἀλλά
610 5440 719 5513 γάρ
750 5439 939 5495 ἔλαθον
962 5438 1199 5512 ἐμαυτὸν
1227 5438 1445 5511 μακράν
1470 5437 1540 5507 ⁸⁸,
1572 5437 1606 5510 ἢ
1631 5438 1707 5504 ὡς
1744 5439 1839 5492 ἀπ’

192 5530 424 5603 ἀρχῆς
465 5532 813 5604 ὑπεσχόμην,
842 5532 934 5586 τδν
968 5531 1098 5605 περὶ
1126 5531 1334 5586 τούτων
1369 5532 1711 5604 παρατείνας
1745 5531 1838 5586 λό-

192 5638 347 5684 Tw.
391 5622 673 5694 Πεποίηκε
695 5623 753 5677 δὲ
779 5622 939 5678 τοῦτο
967 5623 1141 5694 ὅπερὶ
1201 5622 1302 5693 τὴν
1360 5623 1593 5695 πατρίδα
1638 5624 1821 5689 πόθος,

1942 4608 2064 4663 dam
2085 4609 2379 4679 quamdam
2410 4610 2689 4679 altamque
2738 4605 2885 4661 inter
2915 4621 2973 4661 se
2993 4613 3279 4663 servantes
3312 4620 3523 4676 pacem.

1940 4700 2071 4758 item
2104 4700 2278 4768 ﬂuvii,
2318 4703 2466 4773 iique
2495 4702 2771 4772 ingentes,
2804 4716 2871 4756 ex
2915 4698 3245 4772 Scytharum
3305 4700 3529 4770 regione

1942 4802 2293 4865 erumpentes
2315 4802 2391 4861 et,
2420 4809 2582 4865 quem
2612 4793 2885 4860 dicebam,
2931 4807 3148 4863 agrum,
3184 4791 3329 4847 inter
3357 4807 3417 4847 se
3444 4790 3529 4845 di-

1944 4889 2213 4955 videntes,
2248 4889 2354 4960 ipsi
2406 4903 2627 4959 quoque
2690 4886 2914 4944 uberem
2966 4886 3089 4942 urbi
3140 4895 3400 4957 praestant
3432 4900 3529 4940 an—

1945 4996 2171 5047 nonam,
2198 4987 2313 5035 tum
2340 4981 2574 5054 piscium
2635 4979 3108 5053 praestationibus,
3151 4988 3267 5034 tum
3305 4978 3529 5033 navium

1946 5090 2044 5146 per
2069 5089 2167 5128 eos
2216 5089 2247 5129 e
2305 5074 2441 5129 mari
2480 5074 2900 5131 ascendentium
2937 5082 3188 5138 vectura,
3220 5071 3423 5142 quibus
3450 5085 3531 5123 rc-

1947 5178 2067 5215 rum
2093 5162 2161 5216 ad
2206 5163 2331 5219 vitae
2381 5179 2539 5219 usum
2582 5164 3041 5229 conducentium,
3072 5178 3181 5217 una
3224 5178 3347 5217 cum
3374 5163 3530 5226 aquis

1948 5255 2055 5311 illis
2086 5257 2392 5321 continens,
2444 5256 2634 5311 varius
2698 5256 3045 5328 exc0gitatus
3089 5262 3175 5311 est
3209 5262 3530 5326 proventus.

2027 5438 2077 5491 7.
2105 5436 2396 5493 Enimvero
2452 5435 2776 5507 imprudens
2841 5449 2941 5489 nec
2981 5432 3144 5488 nimis
3188 5437 3347 5487 caute
3370 5430 3506 5501 proli

1955 5530 2080 5588 xius
2108 5531 2193 5587 his
2216 5531 2286 5587 de
2308 5531 2474 5587 rebus
2520 5529 2687 5604 497
2749 5528 3050 5585 orationem
3106 5526 3335 5598 produxi
3368 5541 3531 5596 quam

1934 5621 2055 5693 ipse
2094 5623 2253 5680 initio
2302 5623 2356 5679 in
2412 5638 2499 5680 me
2548 5636 2885 5693 receperam.
2930 5619 2986 5675 In
3020 5635 3187 5676 causa
3233 5618 3336 5675 fuit
3382 5622 3535 5671 auter

1520 5716 1755 5775 VARUE
1790 5715 2193 5777 LECTIONES.

286 5813 357 5847 ⁸⁸
396 5812 581 5878 αὐτοῖς
613 5813 722 5871 ιιι.
804 5816 845 5849 δ’
884 5816 940 5870 ὲν
968 5830 1077 5873 om.
1114 5814 1175 5871 L.
1245 5815 1288 5846 '°
1322 5813 1530 5888 μακρὸν
1560 5815 1669 5870 AL.
