3962 6204
438 259 543 325 535

1698 261 1732 323 J
1737 261 1941 324 OANN
1948 262 2038 325 ES
2075 264 2367 329 CAMENI
2376 268 2517 330 ΑΤΑ
3616 268 3704 334 536

439 376 649 447 patriae,
687 388 794 429 non
848 374 1154 431 insuaviter
1199 390 1324 429 cum
1388 373 1653 431 memoria
1696 372 2019 444 distractus,

2129 379 2301 451 ἡδέως
2328 384 2394 452 τῇ
2432 400 2489 436 τε
2520 384 2713 455 μνήμῃ
2749 383 3233 453 συνεφελκόμενος,
3271 383 3366 438 καὶ
3414 385 3533 448 ταῖς
3581 386 3703 438 ἀναν

440 480 732 538 rerumque
765 464 1121 540 imaginibus,
1159 481 1313 539 teque
1367 483 1429 523 ac
1478 484 1745 540 prtesens,
1788 469 1856 524 iis
1882 468 2021 540 ipsis

437 561 797 634 dicendisque
830 563 1051 628 infixus,
1087 577 1188 617 nec
1232 578 1340 617 non
1388 570 1656 633 prompta:
1686 578 1750 619 ac
1776 563 2023 635 explora-

438 656 604 711 trices
640 666 743 711 tuae
784 657 1097 712 sedulitatis
1115 672 1298 721 aures,
1322 671 1461 728 quas
1481 645 1642 713 nobis
1661 658 2016 724 concredere,

439 748 590 803 nullo
626 749 734 803 alio
768 765 862 804 eas
910 750 1270 805 subtrahente
1317 765 1418 804 nec
1462 750 1531 802 ab
1566 749 1669 805 ista
1704 752 2022 807 narratione

437 843 727 904 avellente.
777 842 935 897 initio
987 842 1269 914 pollicitus
1310 857 1389 898 es.
1432 842 1495 897 Et
1526 844 1641 898 haec
1672 842 1890 911 quidem
1946 846 2021 899 ita

436 952 497 991 se
536 936 758 989 habent.
794 934 867 990 Ea
899 937 1045 991 enim
1082 951 1203 1005 quae
1231 936 1405 991 amori
1459 932 1732 990 habentur
1777 952 1841 990 ac
1873 935 2023 991 desi-

436 1024 725 1093 derantur,
761 1036 815 1083 et
872 1032 1188 1083 narrantem
1232 1036 1287 1082 et
1324 1026 1640 1082 audientem
1675 1028 2024 1084 necessitatis

435 1120 672 1176 vinculis
702 1122 964 1176 continuo
986 1118 1165 1176 solent
1189 1119 1475 1188 colligare,
1504 1126 1563 1174 ut
1593 1136 1700 1175 non
1734 1116 1808 1174 ita
1861 1118 2025 1176 facile

436 1229 617 1285 neque
645 1217 797 1270 visus
828 1229 857 1267 a
880 1214 1299 1284 jucundissimis
1327 1213 1661 1285 spectaculis
1697 1226 1877 1284 neque
1924 1228 2025 1268 au-

437 1301 512 1362 ris
560 1322 591 1362 a
647 1305 993 1363 suavissimis
1050 1306 1431 1363 auditionibus
1491 1304 1781 1373 avellatur,
1848 1323 2026 1378 neque

434 1395 614 1453 dulcis
665 1398 937 1453 orationis
1005 1397 1244 1468 impetus
1309 1397 1767 1468 interrumpatur,
1849 1397 2025 1453 donec

436 1493 733 1548 terminum
770 1492 1021 1565 attigerit
1049 1492 1115 1547 ad
1171 1507 1332 1563 quem
1396 1491 1464 1546 ab
1512 1490 1673 1546 initio
1717 1488 2021 1547 contendit.

433 1580 829 1651 Nihilominus,
860 1582 903 1639 si
956 1583 1129 1649 lubet,
1184 1582 1252 1637 ad
1313 1582 1561 1637 eamdem
1615 1582 1792 1653 ipsam
1830 1582 2021 1638 urbem

436 1694 819 1737 recurremus.
853 1676 1157 1749 Quousque
1188 1676 1333 1732 enim
1370 1677 1517 1730 velut
1552 1675 1605 1730 in
1643 1676 1870 1746 speculo
1912 1683 2027 1731 sta-

436 1778 587 1826 tuam
614 1766 921 1840 elﬁngimus
950 1777 1004 1824 et
1047 1765 1218 1823 variis
1270 1764 1492 1822 aliunde
1540 1766 1788 1837 quasitis
1829 1764 2026 1821 colori-

436 1862 538 1919 bus
572 1863 808 1934 primum
835 1859 1114 1931 exemplar
1135 1856 1375 1930 elligiare
1399 1872 1689 1925 conamur,
1711 1871 1835 1913 cum
1864 1856 2029 1913 liceat

438 1951 531 2010 illa
573 1954 692 2025 ipsa
735 1968 833 2025 per
886 1968 1071 2008 rerum
1102 1951 1583 2020 jnecessariarum
1637 1949 2021 2005 narrationem

438 2044 609 2112 adire.
672 2054 732 2101 ut
773 2044 1019 2116 apertius
1087 2043 1403 2099 innotescat
1478 2043 1625 2113 quod
1688 2043 2029 2099 subobscure

436 2139 845 2211 quodammodo
870 2136 1187 2193 indicatur?
1217 2136 1669 2191 Thessalonicam
1723 2136 2025 2205 siquidem,

436 2234 619 2303 qualis
646 2242 751 2297 est,
796 2232 1050 2285 oratione
1108 2229 1447 2293 describere,
1476 2227 1623 2299 quod
1666 2228 1780 2282 tieri
1825 2236 2023 2297 potest,

438 2326 597 2382 initio
636 2324 886 2396 polliciti,
941 2332 993 2379 et
1024 2324 1203 2394 qualis
1234 2338 1360 2376 cum
1404 2332 1550 2377 esset
1583 2328 1765 2383 antea,
1801 2321 1853 2375 in
1892 2320 2023 2391 quid

436 2430 630 2490 postea
671 2418 887 2474 redacta
916 2417 1011 2482 sit,
1050 2416 1295 2487 pulchris
1324 2415 1524 2485 quibus
1550 2415 1641 2469 illa
1672 2415 1878 2469 circum
1912 2428 2029 2468 am-

436 2512 553 2569 bitu
578 2512 873 2568 decoratur
902 2509 1136 2579 abrepti,
1172 2516 1227 2564 et
1275 2507 1329 2562 in
1358 2506 1735 2562 exterioribus
1762 2521 2028 2561 enarran-

437 2602 547 2670 dis,
577 2615 636 2660 ut
666 2604 941 2675 quispiam
964 2600 1190 2667 dixerit,
1209 2602 1480 2657 hactenus
1505 2599 1805 2664 immorati,
1832 2615 2025 2670 parum

436 2708 522 2757 est
554 2706 612 2755 ut
638 2699 706 2755 iis
733 2714 853 2770 qua:
877 2697 1151 2769 prmcipua
1186 2702 1316 2750 sunt
1346 2710 1409 2750 ac
1427 2694 1741 2750 necessaria
1764 2708 2027 2748 enarran-

436 2792 525 2849 dis
553 2802 773 2862 torpere
811 2790 1118 2844 videamur.
1149 2786 1339 2857 Operae
1376 2786 1615 2857 pretium
1646 2784 1816 2857 igitur
1857 2793 1940 2839 est
1968 2794 2027 2839 ttt

436 2895 490 2941 et
523 2885 591 2940 ad
620 2884 795 2954 ipsam
827 2878 1024 2937 iterum
1059 2894 1316 2935 sermone
1340 2879 1653 2943 redeamus,
1684 2878 2029 2947 primamque

435 2972 607 3050 498
638 2975 788 3029 illius
844 2970 1313 3043 pulchritudinem
1368 2986 1431 3026 ac
1467 2970 1776 3025 claritatem
1826 2984 2026 3025 nosca-

2125 473 2439 528 τυπώσεσιν
2459 467 2570 528 οἷον
2604 475 2779 529 δοκῶν
2825 477 3065 530 συνεῖναι
3096 478 3208 538 τοῖς
3242 470 3579 547 λεγομένοις.
3621 472 3703 530 καὶ

2124 564 2185 619 τὸ
2205 565 2485 637 πρόθυμον
2502 567 2598 620 καὶ
2616 564 2907 637 ζητητικόν
2924 565 3025 638 τῆς
3039 564 3136 637 σῆς
3159 562 3495 637 φιλομαθοῦς
3519 568 3695 639 ἀκοῆςν

2124 657 2190 728 ἢν
2206 656 2263 721 ἐξ
2289 657 2464 728 ἀρχῆς
2485 659 2825 731 παραθέσθαι
2846 656 3025 713 πΞσαν
3044 662 3178 729 ἡμῖν
3208 659 3583 731 καθυπέσχου.
3612 678 3704 731 μη·

2122 746 2273 813 δενδς
2292 749 2456 803 ἄλλου
2480 751 2862 822 περισπῶντος
2884 749 3053 822 αὑτὴν
3081 752 3112 822 ἢ
3141 746 3298 805 τοῦδε
3324 752 3419 805 τοῦ
3448 753 3705 824 διηγήμα-

2126 860 2216 907 τος
2241 841 2629 914 ὑποσὺροντος.
2659 836 2844 898 Ταῦτα
2888 843 2943 897 δὲ
2979 838 3155 907 οὕτως
3190 842 3324 913 ἔχει.
3356 840 3576 897 Φιλοΰσι
3612 840 3706 913 γὰρ

2126 934 2217 988 άεὶ
2246 936 2314 988 τὰ
2350 934 2665 1006 ποθούμενα
2698 935 2807 989 τῶν
2827 936 3174 1008 πραγμάτων
3218 934 3469 1008 ἀνάγκης
3496 930 3704 1004 δεσμοῖς

2128 1022 2225 1075 καὶ
2248 1024 2340 1077 τὸν
2369 1023 2602 1094 λέγοντα
2632 1042 2701 1078 πε
2712 1026 2765 1097 pl.
2784 1024 2964 1079 αὐτῶν
2999 1025 3254 1096 κατέχειν
3277 1027 3371 1081 καὶ
3392 1027 3483 1081 τὸν
3500 1024 3708 1082 ἀκούον-

2125 1134 2196 1170 τα
2230 1132 2243 1147 ⁸
2304 1117 2399 1170 καὶ
2452 1116 2553 1170 οὐκ
2604 1116 2671 1171 ἀν
2724 1115 2897 1179 οὕτως
2949 1111 3191 1189 εὐχερῶς
3224 1118 3321 1173 καὶ
3366 1118 3565 1192 ῥᾳδίως
3597 1119 3707 1175 οὔτε

2127 1207 2249 1279 όψις
2268 1207 2377 1263 τῶν
2398 1206 2633 1279 ἡδίστων
2654 1206 2947 1281 θεαμάτων
2976 1208 3100 1264 οὔτε
3125 1211 3263 1283 ἀκοὴ
3312 1212 3421 1265 τῶν
3473 1214 3710 1285 τερπνῶν

2128 1302 2497 1373 ἀποστήσεται
2514 1303 2907 1374 ἀκουσμάτων,
2934 1302 3058 1358 οὔτε
3084 1304 3244 1374 λόγος
3272 1304 3404 1376 ἡδὺς
3418 1304 3521 1377 τῆς
3546 1306 3709 1377 ὁρμῆς

2126 1391 2559 1467 ἀνακοπήσεται,
2620 1395 2817 1469 μέχρις
2854 1396 2921 1450 ἂν
2959 1396 3141 1468 φθάσῃ
3193 1397 3255 1451 τὸ
3303 1398 3479 1469 πέρας
3518 1398 3649 1469 πρὸς
3682 1399 3710 1453 ὅ

2128 1489 2249 1541 κατ’
2275 1487 2451 1560 ἀρχάς
2478 1487 2778 1558 ἐπείγεται.
2806 1489 2957 1562 Πλὴν
2993 1490 3044 1543 εί
3081 1490 3250 1558 δοκεῖ,
3281 1491 3447 1546 πάλιν
3474 1492 3709 1562 ἀναδρά-

2130 1597 2326 1651 μωμεν
2367 1577 2505 1652 πρὸς
2550 1580 2720 1651 αὐτὴν
2755 1579 2974 1651 εκείνην
3007 1580 3107 1652 τὴν
3133 1582 3291 1636 πόλιν
3320 1600 3336 1617 '
3395 1584 3558 1656 μέχρι
3613 1584 3711 1653 γάρ

2127 1672 2273 1736 τίνος
2304 1669 2380 1735 ὠς
2419 1673 2475 1725 ὲν
2502 1671 2801 1745 κατόπτρῳ
2820 1672 2912 1726 τὸν
2942 1673 3239 1744 ἀνδριάντα
3285 1674 3708 1748 διαμορφοῦμεν,

2131 1766 2225 1819 καὶ
2245 1766 2366 1828 ταῖς
2390 1761 2591 1829 ἔξωθεν
2627 1764 2736 1819 τῶν
2763 1766 3074 1837 χρωμάτων
3104 1767 3404 1834 ποικιλίαις
3446 1770 3712 1825 ἀπεικονί-

2132 1858 2244 1925 ζειν
2277 1859 2595 1931 πειρώμεθα
2627 1858 2687 1915 τδ
2716 1858 3047 1932 ἀρχέτυπον,
3095 1861 3217 1927 ἐξὸν
3265 1863 3449 1927 αὐτοῖς
3497 1863 3713 1930 ἐκείνοις

2131 1953 2375 2024 ἐντυχεῖν
2400 1952 2487 2008 διὰ
2519 1953 2628 2007 τῶν
2654 1952 2885 2025 καιρίων
2917 1955 3274 2026 διηγημάτων
3315 1958 3429 2020 τοῖς
3459 1957 3713 2029 πράγμα-

2134 2062 2237 2110 σιν,
2267 2046 2342 2108 ὡς
2366 2044 2432 2099 ἂν
2456 2044 2885 2117 γνωριμώτερον
2910 2047 2996 2114 εἰη
3027 2046 3087 2100 τδ
3116 2045 3377 2117 ἀμυδρῶς
3412 2065 3531 2112 πως
3552 2066 3716 2120 παρα-

2129 2136 2496 2207 δηλούμενον;
2530 2137 2937 2208 Θεσσαλονίκην
2977 2138 3109 2210 γὰρ,
3132 2138 3292 2193 ὁποία
3333 2141 3612 2210 τυγχάνει,
3644 2140 3718 2211 τῷ

2130 2227 2272 2295 λόγῳ
2311 2226 2611 2299 διαγράψαι
2639 2228 2762 2282 καθ’
2793 2228 2917 2281 ὅσον
2936 2224 3047 2281 οἷόν
3078 2245 3137 2281 τε
3195 2229 3320 2281 κατ’
3355 2227 3535 2300 ἀρχάς
3588 2228 3715 2282 ὑπο·

2134 2318 2629 2389 σχόμενοι,καὶτίς
2657 2318 2792 2373 οὖσα
2846 2320 3111 2393 πρότερον
3161 2320 3242 2384 εἰς
3286 2320 3338 2374 τί
3401 2320 3718 2393 κεχώρηκεν

2134 2410 2384 2482 ὕστερον,
2406 2410 2670 2482 τοῖςπερὶ
2700 2411 2872 2483 αὐτὴν
2916 2410 3101 2484 ῶσπερ
3146 2413 3582 2478 ὑποκλαπέντες,
3630 2412 3719 2466 καὶ

2131 2504 2243 2564 τοῖς
2268 2500 2489 2566 ἔξωθεν,
2515 2502 2589 2566 ὡς
2619 2504 2685 2557 ἂν
2717 2504 2860 2557 εἴποι
2893 2522 3001 2569 τις,
3029 2505 3198 2577 μέχρι
3222 2506 3377 2559 τοῦδε
3426 2506 3716 2576 σχολάσαν-

2131 2614 2219 2660 τες
2248 2595 2573 2667 διηγήμασι,
2623 2597 3013 2669 κινδυνεύομεν
3065 2598 3422 2670 βραδύνοντες
3476 2599 3575 2669 τὴν
3616 2599 3720 2651 τῶν

2133 2688 2365 2760 καιρίων
2384 2688 2876 2761 διήγησιν.Χρεὼν
2924 2690 3161 2745 οὖνέστι
3223 2692 3319 2746 καὶ¹
3379 2692 3546 2745 πάλιν
3587 2692 3720 2762 πρὸς

2133 2779 2305 2852 αὐτὴν
2336 2782 2617 2836 ἐπανιέναι
2637 2781 2715 2853 τῷ
2772 2783 2914 2853 λόγῳ
2976 2782 3060 2856 [Ρ.
3091 2784 3222 2857 524]
3266 2784 3362 2839 καὶ
3402 2785 3465 2838 τὸ
3506 2784 3721 2856 πρῶτον

2133 2891 2199 2928 πε
2209 2875 2262 2946 pl.
2290 2874 2458 2946 αὐτὴν
2486 2874 2829 2946 καταμαθεῖν
2849 2874 3069 2943 κάλλος,
3093 2875 3215 2932 εἶτα
3241 2877 3385 2931 οὕτω
3412 2896 3474 2949 γε
3496 2877 3593 2932 τοῦ
3617 2877 3719 2937 πά-

2134 2967 2260 3031 θους
2292 2968 2531 3034 ἐξειπεῖν
2564 2971 2620 3023 ὲν
2650 2969 2863 3043 ὑστέρῳ
2888 2971 2949 3025 τὸ
2983 2971 3234 3043 μέγεθος,
3263 2972 3349 3027 ἵνα
3378 2974 3504 3026 ὅσον
3527 2971 3721 3042 φανείη

440 3084 587 3135 mus,
621 3083 684 3122 ac
744 3074 858 3121 tum
909 3064 1170 3135 deinceps
1224 3063 1364 3132 ejus,
1416 3076 1581 3133 quam
1640 3076 1896 3133 perpessa
1921 3068 2022 3124 est,

2132 3058 2241 3111 τῶν
2274 3058 2451 3113 ἄλλων
2475 3060 2683 3113 πόλεων
2720 3061 3071 3134 ἀσυγκρίτως
3107 3062 3581 3134 ὑπερτερεύονσα,
3634 3080 3721 3115 το-

437 3162 613 3217 τιιίητε
642 3175 707 3217 ac
733 3155 1372 3228 cladisimagnitudinem
1394 3154 1725 3217 referamus,
1763 3162 1823 3207 ut
1848 3168 2025 3224 quan-

435 3263 551 3310 tum
590 3252 821 3324 reliquis
857 3251 1088 3306 urbibus
1135 3248 1561 3319 incomparabili
1620 3263 1853 3303 excessu
1892 3262 2029 3318 prte-

2140 3150 2332 3206 σοῦτον
2380 3152 2507 3217 ἀξία
2552 3154 2769 3227 κριθείη
2822 3156 2979 3228 παρᾶ
3018 3156 3209 3209 πασῶν
3263 3155 3586 3229 θρηνεῖσθαι
3631 3155 3724 3209 καὶ

2138 3244 2611 3312 κατοικτίζεσθαι.

437 3361 587 3407 stare
654 3349 966 3415 videbatur,
1023 3356 1235 3404 tantum
1289 3346 1453 3418 digna
1508 3344 1793 3416 iudicetur
1851 3359 2016 3415 quam
2058 3344 2339 3399 communi
2366 3358 2561 3400 omnes
2623 3346 2777 3402 luctu
2838 3356 3247 3418 prosequantur
3312 3351 3549 3422 ejusque
3624 3348 3724 3406 mi-

436 3445 713 3502 seratione
733 3444 1027 3499 ducantur.

509 3540 562 3595 8.
588 3538 840 3595 Diximus
891 3553 1055 3608 quam
1096 3536 1224 3591 latis
1274 3534 1537 3607 pomeriis
1591 3541 1758 3603 atque
1815 3532 2023 3587 ambitu

437 3646 748 3702 magnaque
770 3630 990 3693 civitas,
1014 3639 1066 3684 et
1088 3645 1208 3698 quas
1238 3637 1451 3682 vastum
1498 3624 1734 3681 limitem
1760 3640 1825 3681 eo
1850 3625 2023 3680 inter-

436 3723 663 3781 cludat:
701 3723 794 3778 sed
837 3738 1030 3780 murus
1066 3722 1439 3778 continentem
1464 3735 1658 3776 versus
1706 3718 2025 3774 tutissimus

434 3828 521 3875 est
548 3830 601 3872 et
632 3824 927 3873 structura:
952 3816 1207 3874 crassitie
1248 3814 1656 3869 munitissimus
1676 3852 1691 3875 ,
1737 3812 2021 3867 exteriori-

438 3928 546 3983 que
579 3926 740 3966 muro
760 3926 824 3966 ac
856 3910 1271 3983 prOpugnaeulo
1302 3916 1418 3963 tuta
1452 3907 1697 3974 undique
1716 3905 2024 3961 munitione

437 4008 724 4078 obseptus,
762 4002 1195 4077 propugnaculis
1234 4012 1289 4059 et
1330 4002 1516 4073 pinnis
1556 4000 1705 4055 omni
1737 4014 1864 4056 area
1892 4014 2027 4055 con-

437 4100 700 4170 stipatus,
727 4114 827 4154 nec
852 4098 1019 4153 ullam
1065 4095 1357 4169 oppidanis
1377 4094 1515 4166 justi
1543 4093 1759 4149 timoris
1782 4091 2025 4149 necessi-

434 4173 601 4249 tatem
660 4190 929 4262 praebens.
956 4187 1093 4245 Pars
1142 4189 1289 4245 illius
1338 4187 1403 4243 ad
1434 4194 1623 4242 notum
1668 4184 1892 4241 humilis
1935 4190 2024 4240 est

434 4302 500 4343 ac
522 4300 769 4356 prorsus
813 4283 1077 4355 depressa
1135 4282 1389 4351 belloque
1423 4280 1587 4351 plane
1624 4276 1857 4332 inutilis.
1882 4272 2021 4330 Nam

434 4394 587 4463 reor»
611 4377 903 4444 artiﬁcem,
965 4374 1113 4445 quod
1154 4372 1361 4429 nullam
1415 4372 1722 4441 antiquitus
1750 4384 1814 4423 ex
1848 4366 2020 4424 maris

2185 3539 2277 3605 ιη’.
2307 3533 2552 3605 Εἴπομεν
2570 3533 2644 3598 ὡς
2668 3536 2857 3608 εὐρεῖά
2887 3554 2972 3601 τις
2992 3537 3087 3591 καὶ
3112 3535 3325 3608 μεγάλη
3354 3538 3389 3607 ὴ
3416 3535 3594 3600 πόλις,
3630 3532 3726 3589 καὶ

2134 3625 2212 3696 τῷ
2239 3626 2551 3699 περιέχοντι
2591 3629 2760 3683 πολὺν
2794 3630 2886 3684 τὸν
2923 3630 3181 3701 διαμέσον
3213 3630 3257 3661 ⁸⁸
3300 3629 3484 3701 χῶρον
3526 3630 3725 3683 Evanu-

2134 3721 2419 3776 κλείσασα.
2486 3722 2630 3775 Ἀλλ’
2675 3723 2801 3777 ὅσον
2864 3724 2963 3793 μὲν
2993 3724 3087 3777 τοῦ
3140 3722 3356 3792 τείχους
3400 3721 3500 3794 τὴν
3528 3720 3724 3792 χέρσον

2133 3815 2855 3887 ἀποσκοπεῖ,ὲρυμνότατόν
2892 3815 2953 3869 τέ
2985 3817 3101 3869 ἐστι
3143 3814 3239 3869 καὶ
3288 3812 3367 3883 τῷ
3422 3814 3590 3884 πάχει
3626 3812 3722 3880 τῆς

2130 3905 2423 3976 οἰκοδομῆς
2458 3906 2953 3979 κατωχυρωμένον,
2976 3905 3056 3976 τῷ
3106 3904 3305 3971 ἔξωθέν
3346 3923 3406 3958 τε
3448 3903 3720 3974 προτειχί-

2133 4016 2303 4070 σματι
2332 3998 2395 4052 τὸ
2423 3998 2665 4067 ἀσφαλὲς
2692 3999 2958 4054 πάντοθεν
2984 4000 3031 4031 ⁸⁸
3061 3997 3389 4068 συντηροῧν,
3436 3997 3720 4070 προϐόλοις

2131 4092 2228 4145 καὶ
2256 4090 2546 4156 ὶπάλεεσιν
2578 4090 2724 4145 ἅπαν
2754 4088 3356 4161 καταπεπυκνωμένον,
3406 4088 3501 4141 καὶ
3560 4084 3719 4156 μηδε-

2137 4184 2268 4254 μίαν
2286 4185 2533 4254 ἀνάγκην
2566 4184 2733 4254 φόϐου
2764 4184 2810 4216 ⁸³
2840 4185 2955 4247 τοῖς
2987 4184 3269 4254 οἰκήτορσι
3317 4180 3715 4251 παρεχόμενον.

2131 4278 2205 4331 Τὸ
2232 4278 2290 4331 δὲ
2321 4278 2456 4348 πρὸς
2479 4278 2631 4332 νότον
2655 4278 2821 4332 αὐτοῦ
2852 4277 3129 4349 χθαμαλὸν
3157 4276 3217 4329 τέ
3265 4276 3381 4328 ἐστι
3439 4269 3717 4331 παντελῶς

2131 4368 2226 4424 καὶ
2257 4369 2396 4441 πρὸς
2423 4369 2659 4441 πόλεμον
2692 4370 3085 4443 ἀπαράσκευον
3112 4384 3126 4398 ⁸
3159 4365 3315 4439 οῒμαι
3351 4365 3464 4438 γὰρ
3494 4364 3571 4436 τῷ
3608 4378 3715 4434 μη·

433 4485 532 4526 nra
562 4452 816 4526 hostium
880 4466 1296 4540 aggressionem
1348 4471 1643 4526 metueret,
1684 4469 2021 4516 structuram

2129 4461 2322 4533 δεμίαν
2346 4460 2658 4533 ὑφορᾶσθαι
2707 4462 3018 4535 προσϐολὴν
3074 4460 3277 4533 βλάϐης
3324 4460 3390 4513 ὲκ
3436 4456 3531 4511 τοῦ
3584 4452 3716 4525 πρὸς

432 4565 759 4635 neglexisse.
819 4561 1018 4619 Fertur
1066 4576 1197 4617 vero
1246 4559 1479 4629 antiquo
1531 4571 1777 4620 rumore,
1806 4554 1900 4627 qui
1950 4552 2020 4609 ad

431 4666 625 4715 nostra
649 4658 765 4714 hac
806 4664 1053 4727 tempora
1109 4652 1383 4726 pervenit,
1416 4651 1609 4707 urbem
1640 4666 1706 4704 ex
1766 4663 1831 4704 ea
1865 4654 2021 4718 parte

430 4766 527 4821 per
564 4750 769 4805 multos
805 4764 979 4806 annos
1009 4747 1161 4803 omni
1215 4760 1374 4801 muro
1427 4751 1692 4813 septoque
1741 4739 2015 4803 caruisse,

431 4859 496 4899 ac
520 4842 696 4899 donec
726 4840 927 4898 Xerxis
954 4841 1233 4913 quondam
1279 4837 1562 4895 Medorum
1615 4835 1761 4903 regis
1818 4833 2014 4888 timore

431 4933 578 5005 (ejus
636 4934 850 4989 scilicet
884 4934 978 5003 qui
1040 4941 1242 4987 terram
1303 4928 1672 5001 navigabilem
1731 4924 2020 4981 fecerat‘et

429 5023 672 5094 00piosis
702 5024 1013 5093 agminibus
1041 5022 1267 5080 Graecia:
1314 5019 1517 5076 bellum
1562 5019 1855 5089 indixerat)
1907 5016 2019 5075 R0-

430 5130 722 5170 manorum
756 5130 940 5170 rerum
998 5113 1316 5168 dominator
1350 5111 1576 5182 pusillo,
1607 5118 1661 5167 et
1691 5120 1751 5166 ut
1784 5126 1903 5167 sese
1933 5126 2020 5167 oc-

432 5206 588 5262 casio
620 5208 844 5271 tulerat,
880 5222 1077 5277 aggere
1096 5220 1214 5261 eam
1234 5212 1443 5276 partem
1470 5204 1898 5274 eircumsepsit;
1927 5204 2019 5274 qui

434 5298 551 5369 ipse
591 5315 758 5372 agger
782 5316 849 5357 ex
879 5316 946 5357 eo
1001 5307 1250 5371 tempore
1299 5297 1367 5354 ad
1432 5296 1537 5353 hoc
1584 5298 1685 5353 aevi
1740 5298 2016 5361 snbsisrit,

430 5392 641 5448 nullam
701 5394 829 5450 inde
868 5409 1070 5450 noxam
1134 5392 1451 5463 atrocisque
1515 5391 1593 5445 rei
1643 5391 2017 5460 suspicionem

431 5501 675 5555 unquam
703 5488 822 5545 fore
854 5489 1200 5546 existimans.
1239 5486 1394 5543 Licet
1425 5483 1594 5559 499
1633 5486 1779 5541 enim
1837 5485 2019 5556 plera-

430 5594 541 5653 qtte
567 5582 770 5651 saepius
788 5582 953 5647 bella,
983 5598 1160 5655 eaque
1192 5581 1598 5649 crudelissima,
1632 5579 1848 5640 civitas.
1899 5584 2013 5631 tum

2130 4553 2409 4608 θάλασσαν
2435 4554 2463 4607 ό
2492 4554 2749 4625 τεχνίτης
2792 4552 2962 4608 πάλαι
2993 4553 3091 4623 τῆς
3130 4551 3425 4622 οἰκοδομῆς
3472 4545 3711 4620 κατημέα

2124 4643 2279 4716 λησε.
2300 4644 2532 4717 Φέρεται
2555 4644 2613 4698 δέ
2635 4658 2719 4709 te;
2742 4645 2836 4698 καὶ
2867 4643 3099 4707 παλαιὸς
3127 4643 3289 4712 λόγος
3331 4642 3530 4715 μέχρις
3553 4638 3703 4711 ἡμῶν

2125 4735 2363 4807 φθάσας.
2402 4736 2479 4799 ὡς
2511 4735 2816 4806 ἀτείχιστος
2839 4729 2907 4806 ἦν
2930 4734 2991 4799 ἐξ
3017 4734 3227 4788 ἐκείνου
3281 4731 3374 4787 τοῦ
3433 4732 3632 4803 μέρους
3672 4727 3703 4794 ἡ

2123 4829 2278 4892 πόλις
2304 4828 2531 4899 χρόνους
2560 4827 2811 4892 πολλοὺς,
2843 4829 2891 4882 εἰ
2923 4827 2999 4899 μὴ
3029 4826 3108 4899 τῷ
3150 4826 3261 4881 δέει
3292 4827 3427 4880 ποτὲ
3463 4824 3560 4880 τοῦ
3590 4823 3701 4890 Mf;-

2118 4920 2476 4991 δωνἘέρξου,
2508 4920 2731 4994 πλωτὴν
2754 4922 2857 4991 γῆν
2882 4920 3291 4991 τεκτηναμένου
3327 4919 3423 4973 καὶ
3453 4916 3595 4973 κατά
3611 4914 3703 4981 τῆς

2129 5012 2384 5077 Ἑλλάδος
2430 5012 2998 5084 στρατοπεδεύσαντος
3065 5012 3163 5068 καὶ
3212 5011 3429 5066 πολλῶν
3504 5008 3703 5079 πληθὺν

2120 5104 2542 5175 ἐπιφερομένου,
2582 5108 2610 5160 ό
2658 5106 2768 5159 τῶν
2824 5105 3114 5177 Ῥωμαίων
3167 5104 3235 5159 τά
3278 5104 3541 5177 σκῆπτρα
3590 5096 3701 5154 κατ’

2120 5200 2364 5264 ἐκείνους
2394 5202 2522 5265 τοὺς
2556 5203 2785 5272 καιροὺς
2821 5201 3017 5256 ίθὺνων
3050 5201 3248 5273 μικρόν
3271 5218 3394 5255 τινα
3422 5203 3519 5256 καὶ
3543 5200 3617 5262 ὡς
3642 5198 3701 5247 ἐκ

2125 5292 2220 5347 τοῦ
2251 5294 2659 5365 παρατυχόντος
2695 5294 2951 5366 φραγμὸν
2992 5294 3069 5365 τῷ
3096 5294 3223 5366 τῇδε
3271 5294 3572 5364 περιένὲηκε
3610 5286 3700 5359 μὲ-

2128 5404 2233 5457 ρει.
2281 5386 2399 5457 Ἀφ’
2429 5380 2492 5441 οὗ
2521 5388 2585 5458 δὴ
2610 5388 2802 5459 χρόνον
2834 5388 2929 5442 καὶ
2956 5388 3117 5459 μέχρι
3151 5386 3244 5441 τοῦ
3276 5386 3439 5457 δεῦρο
3468 5387 3528 5439 τὸ
3578 5378 3702 5437 αὐτὸ

2123 5480 2283 5534 τοῦτο
2306 5481 2731 5553 διαμεμένηκεν,
2763 5481 3023 5536 οὐδέποτε
3052 5481 3153 5551 τῆς
3213 5480 3422 5535 ἐκεῖθεν
3479 5475 3699 5549 βλάσηςο

2124 5570 2201 5636 ὡς
2229 5572 2389 5644 ᾤετο,
2408 5573 2511 5630 κᾶν
2545 5575 2601 5629 ἐν
2634 5574 2860 5646 ὑπονοίᾳ
2888 5573 3032 5631 τισὶν
3056 5572 3344 5644 ἐσομένης.
3373 5573 3437 5628 Et
3476 5569 3578 5641 γὰρ
3602 5563 3704 5620 καὶ

1724 5672 1961 5729 νΑιιυΕ
1994 5669 2395 5727 LECTIONES.

504 5769 549 5805 “
576 5769 664 5825 διὰ
695 5768 858 5841 μίσον
881 5772 918 5825 Α
955 5789 966 5824 :
1006 5786 1071 5827 an
1099 5770 1183 5825 διὰ
1219 5771 1426 5841 uisos?
1501 5772 1545 5805 "
1576 5769 1804 5824 πάντοτε
1838 5765 1900 5823 Ρ.
1978 5767 2024 5798 ⁵³
2046 5764 2208 5835 φόϐον
2242 5767 2307 5819 Α.
