3962 6204
238 230 336 297 531

1299 229 1398 292 DE
1429 231 1747 294 EXCIDIO
1782 226 2397 294 THESSALONICE.

3400 228 3508 292 538

235 338 454 406 πολλοὺς
484 341 746 406 πολλάκις
774 338 975 412 ἀνέτλη
1008 342 1280 413 πολέμους
1307 344 1401 397 καὶ
1430 343 1553 398 λίαν
1582 345 1812 415 σφοδρο-

1926 340 2288 397 Barbarorum
2323 348 2438 392 tum
2489 336 2846 393 ﬁnitimorum
2898 337 3252 412 Scytharum,
3306 340 3519 394 machi-

238 437 424 499 τάτους
455 437 489 505 ὴ
526 430 702 501 πόλις,
734 434 862 500 τούς
892 454 953 490 τε
981 438 1044 490 ἐκ
1065 430 1173 489 τῶν
1206 436 1511 507 Βαρϐάρων
1560 439 1653 490 καὶ
1716 437 1819 491 αὑ-

236 529 341 582 τῶν
367 527 423 583 δέ
451 526 561 583 τῶν
586 525 1034 601 συνομορούντων
1066 528 1311 596 Σκυθῶν,
1339 532 1448 583 πᾶν
1475 519 1615 595 εἶδος
1646 531 1823 601 ἀμυν-

237 620 433 691 τηρίων
455 620 577 675 κατ’
598 616 769 693 αὐτῆς
794 620 1201 693 ἐπινοουμένων
1255 622 1350 676 καὶ
1379 622 1609 694 ψάμμου
1664 621 1822 692 δίκην

235 711 313 785 τῷ
369 712 566 785 πλήθει
628 709 727 784 τῆς
788 716 1051 786 στρατιᾶς
1101 714 1425 787 εἰσρεόντων
1483 716 1578 769 καὶ
1609 717 1747 787 μηδέ
1774 715 1821 748 ⁵⁸

237 804 530 876 ὑποφέρειν
559 804 659 877 τὴν
686 804 917 875 ἀπειλὴν
959 805 1140 859 αὐτῶν
1194 806 1647 875 φιλονεικούντων
1704 805 1823 875 (καὶ

236 898 346 970 γάρ
370 897 444 961 ὡς
473 897 687 968 ἀληθῶς
710 894 848 970 ἦσαν
878 897 1177 952 άκάθεκτοι
1206 899 1328 961 ταῖς
1357 899 1557 969 ὁρμαῖς
1584 898 1676 952 καὶ
1702 914 1823 952 ποι-

237 987 360 1063 κίλῃ
385 990 494 1044 τινὶ
516 991 789 1061 πανοπλίᾳ
826 987 1253 1062 πεφραγμένοι),
1287 989 1402 1044 ἀλλ’
1432 985 1501 1062 ἦν
1526 990 1635 1061 ἄρα
1666 989 1825 1062 περί-

234 1096 379 1151 γειος
407 1080 598 1152 ῶσπερ
639 1084 673 1153 ἡ
702 1083 875 1154 μάχη,
895 1083 989 1137 καὶ
1021 1082 1273 1151 διέφευγε
1302 1084 1399 1147 τὰς
1431 1080 1725 1146 ἐπιϐουλὰς
1744 1080 1825 1152 τῷ

232 1176 469 1245 ἀσφαλεῖ
493 1174 588 1229 τοῦ
634 1175 849 1245 τείχους
888 1175 988 1248 τὴν
1049 1178 1238 1246 ἔφοδον
1265 1174 1662 1241 ὁπεκκλίνασα,
1730 1173 1826 1229 καὶ

231 1268 311 1340 τῷ
336 1268 580 1341 συνήθως
605 1268 744 1339 αύτῇ
770 1268 866 1322 καὶ
914 1267 1134 1341 θερμῶς
1191 1265 1628 1341 ὁπερμαχοῦντι,
1676 1266 1824 1336 λέγω

229 1363 297 1433 δὴ
343 1362 420 1433 τῷ
475 1361 783 1433 πανενδόξῳ
833 1361 1075 1434 μάρτυρι
1133 1362 1460 1435 Δημητρίῳ,
1486 1359 1585 1433 τὴν
1619 1360 1823 1431 ἑαυτῆς

232 1449 513 1523 σωτηρίαν
542 1448 1044 1507 καταπιστεύουσα.
1093 1449 1191 1507 Ἐκ
1237 1451 1452 1507 πολλῶν
1499 1451 1610 1522 γάρ
1650 1448 1823 1519 αὐτὴν

230 1543 495 1599 κινδύνων
556 1547 585 1597 ὁ
625 1543 672 1577 ⁸³
722 1544 1061 1617 σωσίπατρις
1089 1537 1247 1613 οὗτος
1297 1544 1592 1617 ἐρρύσατο,
1635 1540 1825 1597 καὶτὸ

227 1637 385 1709 νικᾷν
405 1635 545 1708 αὐτῇ
585 1634 682 1691 καὶ
715 1637 885 1709 μήπω
911 1636 1007 1693 τοῦ
1038 1638 1279 1710 πολέμου
1311 1636 1639 1709 πειραθείσῃ
1691 1634 1825 1689 πολ-

1928 441 2188 488 namenta
2214 441 2268 487 ct
2296 432 2733 502 oppugnantium
2784 419 2940 488 astus
2988 433 3173 488 varios
3199 433 3519 504 excogitan-

1926 527 2059 581 tiutn
2116 540 2408 594 arenzeque
2462 525 2764 593 exaequatis
2825 527 2999 596 copiis
3047 527 3393 581 influentiutn
3452 541 3518 580 ac

1924 626 2156 673 cunctos
2191 618 2355 672 minis
2387 617 2707 671 terrentium
2752 617 2931 689 (erant
2978 635 3214 689 namque
3249 618 3521 675 effrenato

1927 709 2131 779 impetu
2155 717 2207 764 et
2238 724 2517 762 armorum
2542 710 2690 763 omni
2722 726 2920 779 genere
2953 712 3141 780 septi),
3164 711 3520 778 sustinuerit,

1927 817 2053 857 cum
2096 811 2243 858 esset
2274 802 2558 857 terrestris
2603 803 2915 868 conflictus,
2959 804 3192 859 insidias
3240 802 3520 865 eludebat,

1926 892 2095 963 hujus
2122 894 2265 948 muri
2296 895 2596 949 securitate
2643 894 3008 964 irruptionem
3034 896 3343 960 declinans,
3380 895 3519 949 soli-

1926 996 2093 1057 toque
2129 996 2296 1059 atque
2324 987 2559 1044 ferventi
2615 1002 2718 1044 suo
2771 987 3076 1050 defensori.
3118 988 3523 1057 gloriosissimo

1926 1096 2127 1152 nempe
2182 1082 2418 1152 martyri
2463 1081 2768 1147 Demetrio,
2810 1096 2968 1136 suam
3002 1081 3347 1137 concredens
3373 1082 3523 1137 salu-
3627 1137 3633 1144 ,

1925 1185 2058 1234 tem.
2089 1177 2171 1232 Ex
2200 1177 2395 1233 multis
2420 1177 2569 1233 enim
2608 1177 2875 1249 periculis
2910 1185 3161 1232 servator
3211 1177 3303 1231 hic
3330 1180 3524 1247 patriae

1926 1271 2104 1342 ipsam
2136 1271 2408 1338 liberavit,
2443 1285 2546 1326 nec
2578 1284 2729 1333 raro,
2754 1284 2881 1325 cum
2933 1269 3173 1325 necdum
3200 1268 3363 1342 etiam
3402 1268 3523 1325 bel-

1926 1363 2041 1418 lum
2070 1369 2300 1434 experta
2323 1370 2493 1425 esset,
2518 1361 2807 1416 victoriam
2848 1362 3189 1430 perhumaue
3216 1359 3517 1415 concessit.

1927 1453 2133 1510 Verum
2184 1454 2300 1510 haec
2350 1454 2511 1510 libris
2554 1454 2647 1525 qui
2688 1455 2756 1509 de
2793 1454 2939 1508 illius
2977 1450 3263 1507 miraculis
3303 1457 3524 1506 exstant

1927 1544 2210 1600 narranda
2243 1544 2645 1615 permittentes,
2668 1558 2731 1600 ea
2765 1530 3164 1613 prosequamur
3211 1553 3333 1610 qua:
3354 1535 3523 1593 dein-

1930 1649 2061 1706 ceps
2102 1641 2434 1705 sequuntur.

224 1732 385 1800 λάκις
422 1730 728 1804 συμπαθῶς
759 1732 1115 1808 ἐδωρήσατο.
1175 1734 1340 1790 Ἀλλὰ
1368 1733 1545 1789 ταῦτα
1566 1734 1685 1797 ταῖς
1708 1730 1820 1785 τῶν
1858 1730 2153 1802 θαυμάτων
2206 1729 2375 1785 αὑτοῦ
2404 1729 2611 1802 βίϐλοις
2660 1728 2928 1801 ἐξηγῆσαι
2956 1728 3001 1760 ⁵⁸
3082 1726 3525 1798 παραχωρήσαν-

222 1846 319 1894 τες
347 1831 461 1892 τοῖς
485 1825 616 1898 ἑξῆς
642 1826 808 1899 ἡμεῖς
832 1829 945 1883 τῶν
972 1828 1073 1901 ήδη
1106 1827 1412 1899 λεχθέντων
1440 1825 1745 1899 προΐωμεν.

296 1920 341 1981 θ’
346 1922 478 1983 ,την
508 1922 603 1980 οὖν
619 1927 737 1989 ταῖς
767 1925 1047 1996 ῥηθείσαις
1073 1924 1276 1990 αἰτίαις
1291 1922 1541 1996 ἀνωτέρα
1567 1922 1820 1976 κινδύνου

1999 1920 2054 1976 9.
2085 1919 2291 1976 Civitas
2336 1918 2621 1992 igitur‘ob
2677 1932 2773 1973 eas
2827 1931 2964 1986 quas
3017 1914 3267 1970 dicebam
3320 1926 3523 1989 causas

223 2018 428 2084 παντὸς
455 2020 490 2089 ἡ
542 2018 720 2082 πόλις.
753 2017 844 2085 Ἐξ
876 2018 1001 2072 ὅτου
1051 2018 1162 2089 γάρ
1224 2020 1258 2089 ἡ
1301 2015 1662 2087 κολυμϐήθρα
1720 2013 1816 2068 τοῦ

220 2104 370 2161 θείου
387 2102 433 2138 ’τ
448 2102 827 2177 βαπτίσματος
851 2105 912 2159 τὸ
931 2105 1041 2160 τῶν
1070 2105 1295 2160 Σκυθῶν
1330 2106 1484 2171 ἔθνος
1519 2106 1597 2177 τῷ
1628 2122 1817 2177 χριστ-

215 2198 423 2270 ωνύμῳ
479 2197 594 2269 λαῷ
636 2195 719 2269 [Ρ.
746 2196 874 2269 525]
903 2197 1293 2269 συνεμόρφωσε
1352 2197 1447 2251 καλ⁵
1502 2197 1562 2251 τὸ
1591 2197 1693 2268 τῆς
1723 2197 1816 2251 εύ-

219 2292 439 2355 σεϐείας
467 2291 609 2361 γάλα
640 2291 833 2355 κοινῶς
874 2289 1208 2361 ἀμφοτέροις
1242 2289 1468 2345 διείλετο
1492 2331 1507 2358 ,
1567 2290 1818 2345 πέπαυτο

224 2385 329 2455 μὲν
360 2387 393 2454 ἠ
420 2384 530 2437 τῶν
561 2383 771 2438 πόλεων
801 2382 993 2447 στάσις
1014 2383 1084 2448 ⁸⁸,
1105 2383 1289 2437 ἀνεῖτο
1312 2383 1369 2436 δέ
1395 2384 1495 2454 τῆς
1534 2382 1818 2454 ἐνεργείας

221 2480 254 2548 ἡ
290 2476 391 2539 τάς
423 2475 640 2545 σφαγὰς
675 2474 1078 2546 ἐπιτηδεύουσα
1110 2474 1380 2547 μάχαιρα,
1418 2476 1513 2529 καὶ
1563 2476 1632 2530 τά
1681 2493 1821 2547 προ-

220 2568 487 2641 λεχθέντα
500 2568 577 2638 τῷ
596 2552 1101 2639 μεγάλοιρωνοτάτῳ
1115 2568 1224 2622 τῶν
1247 2567 1543 2638 προφητῶν
1559 2566 1622 2622 Ἦ
1630 2570 1757 2640 σαῖᾳ
1769 2568 1815 2602 ⁵⁸

220 2659 475 2733 ἐναργῶς
531 2659 619 2730 ἐφ’
659 2660 790 2731 ἡμῖν
860 2658 1208 2732 ἐπληροῦτο·
1258 2660 1314 2713 αἱ
1389 2661 1655 2733 μάχαιραι
1708 2660 1818 2731 γὰρ

220 2730 386 2825 ἡμῶν
414 2753 684 2824 μετῆλθον
721 2753 800 2817 είς
827 2730 1073 2824 δρέπανα
1104 2753 1199 2806 atati.
1227 2753 1283 2805 αί
1306 2730 1524 2816 ζιϐύναί
1564 2730 1655 2818 θείς
1686 2730 1820 2825 apo;

216 2864 351 2919 τρα,
402 2846 499 2900 καὶ
558 2846 796 2917 πόλεμος
842 2840 913 2917 ἦν
941 2843 1204 2915 οὐδαμοῦ,
1252 2845 1345 2898 καὶ
1375 2844 1475 2915 τὴν
1507 2846 1819 2918 περίχωρον

217 2939 449 2993 ἃπασαν
469 2938 663 3009 εἰρήνη
688 2938 1156 3009 κατεπρυτάνευε,
1193 2937 1291 2991 καὶ
1323 2937 1554 3009 οὐδεμία
1604 2935 1674 3011 ἦν
1721 2939 1816 2995 εὐ-

218 3030 395 3097 ζωῖας
416 3029 643 3102 ἀφορμὴ
671 3024 742 3103 ἧς
771 3030 872 3084 οὐκ
903 3031 982 3094 είς
1018 3030 1180 3100 κόρον
1228 3031 1393 3101 ἡμεῖς
1443 3031 1815 3105 ἀπελαύομεν,

218 3122 378 3177 ῐνθεν
408 3123 468 3176 αί
485 3122 588 3192 τῆς
616 3123 892 3194 γεωργίας
921 3121 1203 3192 ἀφθονίαι,
1234 3122 1448 3177 ἐκεῖθεν
1491 3124 1549 3179 αἱ
1582 3125 1684 3196 τῆς
1710 3125 1818 3197 ιμ-

217 3216 427 3288 πορίας
453 3215 734 3286 χορηγίαι.
772 3215 847 3284 Γῆ
880 3214 991 3287 γὰρ
1046 3216 1144 3271 καὶ
1184 3214 1431 3269 θάλασσα
1480 3216 1818 3288 λειτουργεῖν

217 3309 356 3379 ἡμῖν
376 3307 443 3372 ἐξ
466 3306 644 3379 ἀρχῆς
666 3304 947 3377 ταχθεῖσαι
982 3305 1242 3360 πλουσίαν
1281 3306 1374 3360 καὶ
1401 3305 1676 3360 ἀδάπανον
1720 3306 1821 3379 τὴν

216 3400 354 3475 περὶ
409 3399 644 3454 ἕκαστον
692 3396 1088 3471 ἐδωροφόρουν.
1146 3391 1247 3452 Ὦν
1286 3398 1397 3469 γὰρ
1453 3396 1523 3471 ἦν
1557 3400 1756 3465 ἐνδεῶς
1785 3401 1820 3472 ἢ

217 3495 318 3548 καὶ
339 3490 746 3562 ἀνεπιτηδείως
796 3487 998 3561 ἔχουσα
1042 3490 1181 3561 πρὸς
1225 3490 1597 3562 καρπογονίαν
1642 3492 1676 3562 ἡ
1725 3492 1823 3564 γῆ.

217 3586 437 3641 τούτων
475 3581 608 3655 παρ’
642 3584 846 3654 ἑαυτῆς
876 3584 912 3655 ὴ
936 3581 1182 3637 θάλασσα
1202 3584 1303 3655 τὴν
1325 3586 1521 3655 κτῆσιν
1562 3602 1824 3656 μηχανω-

224 3678 366 3751 μένη
395 3677 495 3733 καὶ
519 3680 642 3741 ταῖς
679 3676 873 3732 ὁλκάσι
909 3676 1405 3746 συνεισκομίζουσα
1467 3677 1714 3741 ἀνενδεές
1762 3678 1827 3732 τὸ

219 3770 411 3825 λεῖπον
440 3769 612 3823 ἐδίδου
643 3770 756 3832 τοῖς
794 3768 1080 3840 χρῄζουσι.
1111 3768 1176 3821 Τί
1205 3767 1262 3821 δὲ
1285 3767 1394 3822 τῶν
1444 3768 1827 3840 ἁπανταχόθεν

220 3862 646 3934 ἐπιδημούντων
672 3859 886 3929 εἴποιμι
915 3859 1155 3930 πρῶτον,
1189 3857 1285 3912 καὶ
1314 3856 1549 3928 μάλιστα
1574 3852 1658 3923 οἷς
1706 3860 1827 3927 ἐφι-

220 3951 551 4023 λοτιμοῦντο
581 3951 711 4014 τοὺς
734 3948 963 4012 πολίτας
988 3948 1160 4020 ἡμᾶς,
1189 3946 1259 4001 τά
1296 3948 1428 4017 παρ’
1474 3946 1687 3999 ἐαυτῶν
1744 3946 1827 4000 δι-

217 4044 407 4108 δόντες
436 4044 532 4097 καὶ
550 4042 619 4096 τά
649 4042 782 4112 παρ’
831 4039 991 4112 ἡμῶν
1034 4038 1530 4111 ἀντιλαμϐάνοντες
1558 4055 1573 4105 ;
1600 4038 1828 4108 Λεωφὸ-

220 4153 322 4207 ρου
350 4134 466 4205 γὰρ
486 4132 756 4204 δημοσίας
781 4131 883 4203 τῆς
928 4132 1069 4203 πρὸς
1113 4131 1381 4201 ἀνατολὴν
1437 4129 1680 4203 ἀγούσης
1717 4131 1830 4185 ἀπὸ

218 4225 322 4296 τῆς
349 4223 562 4287 δύσεως
589 4223 680 4277 διὰ
717 4222 884 4296 μέσου
927 4222 1090 4292 τῆσδε
1126 4221 1413 4295 χωρούσης
1456 4223 1560 4293 τῆς
1593 4222 1826 4293 πόλεως,

220 4318 322 4371 καὶ
348 4314 676 4384 ἀναγκαίως
735 4313 1034 4387 πειθούσης
1074 4315 1202 4379 τοὺς
1246 4314 1650 4386 παροδεύοντας
1675 4316 1830 4387 ι’πρὸς

218 4410 377 4481 ἡμᾶς
410 4406 777 4480 ἐνδιατρίϐειν
808 4407 906 4460 καὶ
947 4406 1020 4460 τὰ
1051 4405 1188 4478 πρὸς
1219 4405 1319 4476 τὴν
1355 4406 1548 4477 χρείαν
1607 4406 1831 4478 πορίζε-

218 4501 378 4567 σθαι,
404 4501 517 4555 πᾶν
550 4499 731 4553 ὁτιοῦν
762 4498 831 4553 ἂν
862 4497 1009 4551 εῖποι
1039 4514 1124 4561 τις
1154 4496 1265 4551 τῶν
1299 4497 1485 4553 καλῶν
1535 4498 1596 4564 ἐξ
1647 4498 1830 4554 αὐτῶν

1924 2016 2105 2071 omnis
2138 2014 2369 2085 periculi
2396 2028 2593 2071 secura
2619 2009 3153 2089 agebat.Quoenim
3178 2023 3240 2062 ex
3275 2014 3523 2075 tempore

1924 2107 2256 2180 Scytharum
2285 2121 2441 2179 gens,
2475 2105 2623 2162 sacri
2662 2103 2835 2160 fontis
2869 2103 3030 2174 aquis
3052 2101 3239 2156 abluta
3275 2114 3340 2153 ac
3357 2096 3519 2154 Clui-

1922 2204 2104 2260 stiano
2145 2202 2349 2274 populo
2378 2200 2616 2261 sociata.
2653 2199 2772 2270 pari
2804 2198 2880 2253 illi
2914 2211 3143 2251 munere
3185 2191 3408 2264 pietatis
3438 2192 3522 2246 lac

1922 2307 2120 2364 sugere
2175 2291 2589 2354 destinaverat,
2637 2289 2859 2344 urbium
2912 2285 3285 2341 desolationes
3350 2281 3516 2336 linem

1920 2388 2258 2451 habuerant;
2278 2384 2345 2439 ad
2373 2384 2550 2439 caedes
2581 2380 2835 2439 instructi
2856 2379 3007 2436 ensis
3028 2391 3217 2432 mucro
3246 2374 3516 2429 inhibitus

1919 2486 2040 2535 erat
2085 2488 2445 2548 retusumque
2508 2474 2754 2539 ferrum,
2780 2488 2845 2528 ac
2895 2487 3018 2540 quae
3071 2470 3201 2524 olim
3238 2466 3523 2536 propheta'

1920 2587 2044 2628 l'llm
2113 2570 2503 2628 vocalissimus
2547 2567 2718 2623 lsaias
2756 2565 2927 2633 (ΞΛ)
2966 2562 3142 2617 fuerat
3169 2558 3518 2622 vaticinatus,

1920 2671 2114 2720 nostro
2152 2663 2273 2718 .boc
2323 2676 2441 2717 aevo
2475 2659 2637 2730 500
2674 2656 2972 2727 adimpleta
3008 2650 3518 2723 conspiciebantur.

1918 2756 2107 2813 Nostri
2136 2754 2283 2812 enim
2313 2752 2485 2826 gladii
2538 2751 2874 2806 transierant
2920 2751 2974 2804 in
3017 2746 3188 2801 falces
3226 2752 3280 2798 et
3315 2744 3524 2797 lancem

1921 2850 1981 2905 in
2008 2861 2285 2913 vomeres,
2327 2860 2431 2901 nec
2481 2858 2717 2914 usquam
2766 2841 2970 2896 bellum
3023 2843 3178 2902 erat;
3216 2846 3522 2900 omnesque

1918 2941 2130 3013 ubique
2148 2938 2397 2995 finitimas
2436 2944 2627 3007 gentes
2675 2934 2731 2989 in
2761 2947 2899 3004 pace
2943 2930 3217 3001 agebant;
3249 2925 3512 2992 nullaque

1918 3041 2040 3089 erat
2072 3026 2472 3088 commodioris
2520 3025 2649 3083 vita:
2687 3024 2831 3080 ratio
2875 3037 2942 3077 ac
2972 3019 3217 3081 occasio,
3248 3031 3356 3087 qua
3402 3028 3516 3068 non

1921 3122 2130 3178 affatim
2181 3120 2519 3176 fruerentur.
2591 3115 2726 3171 Inde
2783 3114 2997 3184 frugum
3052 3110 3324 3173 ubertas,
3385 3104 3521 3161 inde

1929 3221 2255 3270 mercaturas
2302 3209 2702 3267 emolumenta.
2739 3205 2914 3261 Terra
2959 3203 3107 3258 enim
3162 3209 3217 3255 et
3266 3212 3414 3252 mare
3452 3196 3523 3251 ab

1929 3306 2089 3363 initio
2116 3304 2183 3360 ad
2235 3300 2606 3373 praestandum
2638 3297 2802 3352 nobis
2842 3294 3170 3364 obsequium
3208 3291 3513 3345 constituta

1926 3402 2153 3459 uberem
2186 3406 2495 3470 sponteque
2542 3402 2790 3465 paratam
2839 3389 3171 3460 quandoque
3207 3398 3363 3440 suam
3394 3397 3522 3452 gra-

1928 3495 2058 3550 tiam
2079 3504 2397 3562 munusque
2418 3485 2799 3545 conferebant.
2826 3483 2962 3550 Quae
2982 3482 3132 3538 enim
3168 3488 3314 3535 terra
3337 3476 3524 3530 minus

1926 3583 2317 3655 suppeditabat
2362 3587 2460 3636 aut
2521 3592 2588 3635 ex
2644 3592 2705 3634 se
2766 3573 3015 3646 proferre
3063 3585 3171 3626 non
3217 3568 3354 3623 satis
3404 3572 3523 3618 erat

1926 3679 2144 3744 idonea,
2181 3677 2298 3733 haec
2326 3689 2502 3738 mare,
2526 3667 3014 3727 mercimoniorum
3053 3662 3277 3720 solertia
3305 3672 3527 3728 compa-

1927 3781 2049 3828 rata
2076 3779 2245 3842 atque
2274 3768 2513 3824 navibus
2537 3766 2778 3826 invecta,
2809 3761 2953 3833 quod
2984 3758 3277 3829 egentibus
3306 3756 3523 3816 deerat,

1929 3863 2146 3919 abunde
2204 3860 2516 3930 supplebat.
2545 3856 2689 3923 Quid
2719 3870 2851 3911 vero
2898 3852 3266 3921 undequaquc
3316 3847 3526 3899 adven-

1930 3954 2160 4009 tantium
2190 3951 2427 4021 primum
2482 3947 2743 4011 dixerim,
2787 3961 2851 4001 ac
2878 3944 3083 4014 quibus
3117 3939 3392 4012 praecipue
3420 3950 3526 3990 nos

1929 4046 2079 4102 cives
2105 4041 2284 4097 amice
2307 4040 2679 4111 accipiebant,
2712 4053 2811 4093 sua
2866 4035 3176 4090 tribuentes
3234 4038 3399 4098 atque
3442 4030 3527 4081 vi-

1928 4135 2118 4193 cissim
2147 4143 2336 4189 nostra
2360 4129 2730 4201 recipientes?
2762 4127 2898 4182 Nam
2929 4140 3057 4180 cum
3090 4123 3174 4176 via
3204 4119 3425 4191 publica
3454 4117 3528 4173 ab

1929 4242 2133 4286 occasu
2158 4224 2226 4281 ad
2256 4236 2438 4280 ortum
2473 4238 2573 4294 per
2602 4221 2839 4277 mediam
2877 4219 3019 4273 hanc
3044 4216 3232 4269 urbem
3274 4211 3525 4275 duceret,

1928 4328 2261 4392 cogeretque
2286 4300 2529 4371 viatores
2551 4314 2609 4369 in
2632 4328 2697 4369 ea
2718 4308 2915 4367 moras
2938 4309 3287 4376 interponere
3327 4310 3382 4355 et
3400 4315 3524 4370 quae

1932 4409 1987 4466 in
2011 4422 2175 4464 usum
2208 4420 2372 4461 suum
2405 4412 2592 4460 essent
2644 4414 2863 4471 parare,
2888 4394 3157 4468 quidquid
3189 4392 3316 4464 quis
3358 4392 3527 4446 bono-

1929 4515 2053 4557 rum
2085 4497 2257 4562 dicat,
2294 4512 2361 4552 ex
2416 4495 2525 4550 illis
2555 4494 3043 4562 consequebantur
3092 4486 3363 4554 nobisque
3394 4498 3524 4552 pro-

215 4592 631 4668 ἀκαρπούμεθά
680 4608 742 4645 τε
808 4591 906 4645 καὶ
962 4589 1423 4661 πῳσεκτώμεθα.
1478 4590 1671 4646 Ἔνθεν
1730 4591 1821 4645 καὶ

1933 4591 2246 4650 veniebant.
2323 4587 2467 4643 Hinc
2520 4586 2838 4658 promiscua
2905 4597 2972 4638 ex
3037 4579 3190 4637 omni
3237 4577 3524 4633 hominum

214 4687 529 4759 παμμιγὴς
553 4702 640 4750 τις
666 4684 823 4756 ὁχλος
850 4684 940 4738 ἀεὶ
968 4682 1462 4755 περιεστοίχειζτάς
1491 4682 1691 4753 ἀγυιὰς
1718 4683 1830 4756 τῶν

1930 4699 2131 4758 genere
2180 4680 2495 4745 multitudo,
2551 4688 2665 4735 tum
2700 4678 3111 4747 indigenarum
3158 4681 3272 4728 tum
3300 4685 3527 4742 quoquo

218 4795 291 4833 τε
322 4778 668 4850 αὐτοχθόνων
699 4777 798 4831 καὶ
814 4776 923 4832 τῶν
962 4776 1140 4841 άλλως
1191 4776 1653 4848 ἐπιξενουμένων,
1685 4774 1763 4840 ῶς
1782 4776 1821 4809 ⁵¹

1930 4778 2097 4835 modo
2135 4774 2381 4847 hospitio
2405 4780 2783 4845 receptarum,
2819 4772 3034 4842 plateas
3067 4782 3288 4838 semper
3332 4764 3527 4821 circui-

214 4872 627 4944 εὐχερέστερον
654 4867 799 4925 εἶναι
834 4870 1063 4941 ψάμμον
1110 4869 1379 4942 παράλιον
1427 4868 1749 4939 ἐξαριθμεῖν
1793 4867 1830 4941 ἦ

213 4966 359 5030 τοὺς
384 4964 487 5037 τὴν
511 4964 726 5035 ἀγοράν
753 4963 1116 5029 διοδεύοντας,
1164 4964 1261 5017 καὶ
1299 4962 1410 5019 τῶν
1438 4962 1831 5033 συναλλαγμά-

210 5076 343 5113 των
363 5058 729 5129 ποιουμένους
766 5057 811 5089 ⁸⁸
836 5056 937 5129 τὴν
964 5056 1210 5127 μέθοδον.
1273 5056 1553 5112 Ἐντεῦθεν
1600 5057 1828 5127 χρυσίου

213 5152 332 5206 καὶ
358 5153 626 5223 ἀργυρίου
656 5150 751 5204 καὶ
774 5150 937 5203 λίθων
966 5149 1165 5221 τιμίων
1214 5149 1566 5221 παμπληθεῖς
1625 5149 1832 5218 θησαυ-

214 5242 325 5313 ροὶ
386 5244 500 5308 τοῖς
556 5240 775 5304 πολλοῖς
843 5240 1107 5309 ἐγίνοντο,
1135 5240 1228 5293 καὶ
1268 5239 1337 5294 τά
1362 5240 1428 5294 ἐκ
1466 5237 1656 5309 Σηρῶν
1688 5238 1833 5306 ὑφά-

1930 4873 2105 4940 bant;
2146 4878 2205 4926 ut
2230 4869 2452 4925 facilius
2477 4866 2552 4924 sit
2598 4881 2800 4923 arenas
2835 4863 3005 4919 maris
3032 4875 3323 4917 numerare
3358 4871 3523 4929 quam

1930 4979 2124 5022 eorum
2152 4962 2245 5028 qui
2275 4960 2456 5017 forum
2514 4958 2861 5029 occupabant
2915 4972 2981 5012 ac
3028 4955 3121 5027 qui
3170 4949 3526 5009 commerciis

1934 5055 2314 5112 miscebantur
2350 5067 2579 5109 censum
2635 5050 2796 5106 inire.
2852 5049 2991 5104 Hinc
3020 5049 3164 5113 auri,
3206 5042 3417 5115 argenti
3473 5045 3529 5097 et

1938 5146 2307 5219 pretiosorum
2344 5143 2586 5214 lapidum
2644 5141 2896 5211 ingentes
2923 5154 2987 5194 ac
3015 5136 3226 5208 (εορίοεί
3280 5130 3524 5189 thesauri

1940 5244 2107 5314 vulgo
2134 5244 2525 5300 accrescebant
2548 5259 2563 5308 ;
2589 5250 2880 5309 vestesque
2900 5239 3090 5292 serica:
3113 5232 3340 5306 perinde
3363 5239 3528 5301 atque

210 5349 423 5403 σματα
470 5334 547 5399 ὡς
583 5334 655 5387 τὰ
692 5330 754 5398 ἐξ
782 5331 943 5404 ἐρίων
975 5337 1090 5398 τοῖς
1120 5333 1301 5398 ἀλλοις
1337 5332 1673 5403 ἐπινενόητο.
1701 5331 1821 5403 napi

1946 5333 2071 5391 aliis
2115 5335 2285 5431 lapew
2352 5333 2509 5405 501
2562 5330 3042 5403 excogitabantur.
3094 5326 3342 5382 Aliarqu
3396 5337 3528 5378 vero

1552 5513 1787 5571 VARUE
1828 5512 2243 5571 LECTIONES.

336 5644 587 5716 "_uq6lv
619 5643 683 5716 Α.
762 5644 806 5677 ³³
832 5645 941 5716 γὰρ
965 5642 1147 5716 αὐτῶν
1175 5636 1625 5716 κινδύνωνμαὸτὴν
1648 5638 1676 5690 ὁ
1848 5635 2288 5716 ’ζέξηγεῑσθαιῖ
2361 5636 2405 5670 ⁸⁷
2429 5632 2583 5705 ἁγίου
2615 5630 2679 5687 Ρ.

2776 5633 2822 5667 ⁸⁸
2869 5632 2926 5685 αἱ
2965 5629 3072 5686 τῶν
3135 5626 3344 5685 πόλεων
3400 5625 3528 5682 στά-

218 5728 365 5782 σις
390 5714 449 5771 Ρ.
479 5704 489 5716 ’
527 5716 574 5749 ³⁸
625 5712 793 5788 Ἰοαῖᾳ
825 5704 887 5772 Ᾱ.
910 5704 923 5713 ’
965 5716 1011 5748 ⁸⁸
1044 5714 1119 5778 ὡς
1152 5727 1261 5771 om.
1290 5709 1353 5766 Δ.
1431 5711 1471 5742 ⁶¹
1507 5704 1847 5778 ποιουμένων
1875 5704 1935 5761 Ρ.
