3962 6204
465 267 573 328 539

1661 254 1695 315 Ι
1700 254 1903 316 OANN
1908 254 1999 314 ES
2027 251 2501 321 ΟΑΜΕΝΙΑΤΑἻ

3616 260 3716 325 διο

464 370 1000 437 materiarunt,:eris,
1022 366 1175 432 ferri,
1194 365 1401 428 stanni,
1424 364 1652 432 plumbi,
1674 364 1821 430 vitri,
1843 364 2043 435 quibus

2163 373 2255 446 {dp
2280 371 2388 425 τῶν
2417 370 2591 424 ἄλλων
2622 369 2783 437 ὑλῶν,
2816 369 3017 441 χαλκοῦ
3067 371 3159 425 καὶ
3194 371 3409 444 σιδήρου
3465 379 3715 433 κασσιτὺ

464 467 532 525 ad
563 467 742 534 ignem
774 478 915 534 opus
978 460 1246 516 facientes
1300 466 1447 514 artes
1501 459 1671 514 vitam
1704 468 1928 514 tuentur
1975 473 2041 515 ac

468 561 672 623 fovent,
713 556 799 611 vel
830 553 1146 609 meminisse
1180 550 1518 623 superﬂuum
1551 549 1717 618 duco,
1750 558 1903 605 tanta
1933 551 2043 606 sci-

466 653 595 709 licet
646 665 843 706 eorum
884 646 1046 717 copia
1080 651 1140 699 ut
1197 660 1265 699 ex
1308 644 1422 700 illis
1475 643 1610 701 urbs
1650 643 1900 714 quaedam
1933 643 2040 698 alia

467 744 677 802 exstrui
710 751 878 812 atque
911 736 1101 810 perlici
1139 744 1327 808 posset

538 926 625 981 10.
669 924 788 979 Hac
844 922 1033 990 itaque
1088 917 1326 983 ratione,
1372 912 1524 970 omni
1570 927 1637 968 ex
1686 918 1842 983 parte
1876 912 2043 968 rebus

468 1015 749 1087 prosperis
779 1012 848 1068 ad
875 1013 1214 1067 voluntatem
1248 1004 1567 1068 ﬂuentibus,
1601 1003 1734 1059 urbs
1764 1002 2045 1058 fortunata

468 1117 523 1168 et
555 1107 832 1164 artiﬁcum
881 1102 1120 1174 ingeniis
1191 1098 1582 1161 condecorata,
1615 1108 1827 1151 necnon
1872 1092 2048 1149 aditi-

466 1204 682 1259 eiorum
747 1195 1158 1268 magniﬁcentia
1199 1191 1545 1263 superbiens,
1576 1204 1707 1244 num
1745 1188 1829 1243 vel
1863 1186 2044 1256 legum

466 1292 855 1351 observatione
908 1288 991 1344 vel
1050 1286 1232 1342 civilis
1265 1286 1341 1339 rei
1388 1281 1679 1338 ordinibus
1711 1278 1798 1334 vel
1828 1276 2046 1333 dicendi

468 1387 642 1459 gloria
684 1394 847 1455 atque
907 1380 1163 1436 doctrina
1220 1376 1343 1431 aliis
1374 1374 1603 1430 inferior
1631 1370 1796 1427 erat?
1822 1370 2049 1427 Minime

468 1496 641 1536 vero:
678 1494 802 1533 nam
857 1476 932 1531 illi
968 1473 1200 1530 scientia
1238 1485 1390 1542 atque
1435 1482 1583 1522 cura:
1625 1472 1743 1522 erat
1782 1480 1846 1520 ae
1893 1465 2070 1521 visus.

470 1574 671 1638 oculis,
725 1568 957 1640 aequitas
997 1566 1204 1637 pariter
1241 1562 1388 1619 baud
1419 1563 1577 1618 aliter
1622 1574 1687 1615 ac
1722 1559 1848 1615 vitae
1879 1571 2049 1630 nego-

470 1666 626 1721 tiatio
651 1681 666 1730 ;
694 1663 1039 1731 vidissesque
1067 1660 1331 1728 juvenqu
1358 1671 1449 1711 'ae
1504 1654 1916 1710 adolescentum
1948 1667 2050 1722 pu-

471 1760 593 1811 bem
620 1754 753 1809 nulli
786 1762 1047 1823 praeterea
1101 1764 1266 1821 quam
1292 1746 1602 1818 disciplinis
1645 1760 1709 1800 ac
1739 1746 2051 1800 litterarum

472 1845 675 1902 studiis
700 1857 918 1908 vacare,
979 1840 1125 1895 unde
1173 1837 1419 1894 scientiae
1457 1846 1512 1891 et
1536 1844 1685 1889 artes
1707 1834 1878 1889 robur
1907 1832 2051 1887 obti-

473 1935 626 1991 i‘tent.
661 1934 1011 1989 llarmonica:
1040 1948 1171 1987 vero
1231 1931 1473 1987 musices
1512 1929 1799 1983 cautiones
1838 1934 1933 1980 aut
1957 1940 2054 1979 ca-

474 2029 720 2082 neutittm
757 2025 1090 2093 suavissima
1115 2023 1257 2079 mele
1293 2022 1499 2093 Deique
1532 2020 1788 2075 laudibus
1814 2032 1879 2073 ac
1904 2017 2054 2072 clero

474 2120 908 2189 mancipatorum
936 2117 1118 2173 studia
1148 2116 1423 2179 dicturus,
1455 2113 1598 2167 haud
1638 2110 1896 2181 equidem
1924 2109 2047 2166 seio

471 2212 676 2281 quibus
736 2224 800 2265 ea
849 2208 1027 2264 modis
1057 2206 1384 2277 exprimam.
1416 2202 1497 2258 Ad
1535 2203 1675 2258 hanc
1705 2202 1852 2257 enim
1878 2214 2054 2271 usque

474 2300 844 2356 narrationem
892 2298 1079 2355 nescio
1154 2294 1433 2367 quomodo
1510 2293 1778 2349 orationis
1847 2293 2052 2362 impetu

472 2400 686 2461 raptus,
742 2403 807 2445 ac
865 2390 1014 2445 velut
1067 2388 1299 2459 propriae
1362 2385 1602 2441 inscitiae
1671 2400 1739 2441 ac
1794 2384 2054 2440 ruditatis

473 2484 702 2547 oblitus,
736 2482 981 2538 conabar
1032 2480 1339 2543 moderate,
1369 2486 1424 2534 et
1465 2487 1526 2533 ut
1584 2493 1696 2534 non
1731 2477 1873 2532 alius
1901 2478 2057 2547 quis-

472 2577 618 2646 piam
672 2576 868 2630 harum
912 2574 1071 2629 valde
1121 2572 1441 2644 imprudens
1484 2587 1669 2628 rerum
1722 2570 2056 2644 ignarusque

475 2670 721 2727 omnium
750 2683 814 2723 ac
850 2669 1126 2737 stupidus,
1179 2682 1303 2739 qua:
1356 2682 1387 2722 a
1437 2674 1530 2722 tua
1579 2667 1784 2722 virtute
1829 2674 2053 2737 rogatus

473 2773 645 2819 eram.
691 2759 1159 2829 scriptodigerere
1193 2773 1257 2812 ac
1309 2758 1583 2828 explicare
1612 2773 1625 2809 :
1652 2755 1852 2812 exinde
1898 2768 2051 2821 vero,

477 2865 540 2906 ac
571 2852 844 2922 prmcipue
882 2851 1026 2922 quod
1085 2850 1334 2906 suavium
1402 2849 1745 2905 canticorum
1790 2847 1949 2917 ,οε
1989 2862 2051 2902 ac

477 2945 837 3000 melodiarum
875 2944 1009 2999 mihi
1070 2942 1262 2998 incidit
1307 2943 1536 3005 mentio,
1567 2956 1679 3012 quo
1729 2955 1819 2995 me
1843 2947 2051 2995 vertam

2141 484 2239 538 ρου
2270 466 2315 498 ⁸⁸
2342 483 2403 518 τε
2437 466 2530 519 καὶ
2567 463 2820 535 μολίϐδου
2854 465 2948 519 καὶ
2976 463 3152 531 ὑέλου,
3188 460 3270 528 οἷς
3312 467 3369 520 ai
3408 465 3496 520 διά
3548 470 3716 541 πυρὸς

2142 556 2329 626 τέχναι
2353 556 2443 609 τὸν
2477 554 2590 626 βίον
2610 555 2910 625 συνέχουσι,
2930 555 3023 609 καὶ
3042 556 3346 627 μνησθῆναι
3378 558 3538 626 μόνον
3575 577 3717 631 παρ-

2144 646 2301 700 ἐλκον
2358 645 2597 716 ἡγοῦμαι
2626 685 2641 709 ,
2696 644 2964 698 τοσούτων
3017 645 3186 698 ὄντων
3232 645 3308 710 ὡς
3362 647 3530 718 ἄλλην
3600 650 3721 703 τινά

2145 738 2407 831 δύνασθαι
2437 739 2592 793 πόλιν
2611 737 2679 793 δι’
2707 737 2887 793 αὐτῶν
2912 738 3193 831 δομεῖσθαί
3240 754 3297 792 τε
3336 739 3430 794 καὶ
3483 740 3721 814 ἀπαρτί-

2148 826 2356 893 ζεσθαι.

2224 925 2276 974 ι’.
2312 917 2469 974 Οὕτω
2491 918 2548 974 δέ
2582 919 2919 991 πανταχόθεν
2955 918 3324 992 εὖθηνουμένη
3374 922 3469 975 καὶ
3507 922 3725 978 πλεονά-

2148 1012 2338 1079 ζουσα,
2372 1015 2493 1077 ταῖς
2511 1015 2786 1083 τεχνικατς
2814 1030 2873 1066 τε
2899 1012 3269 1084 καλλυνομένη
3320 1013 3569 1085 μεθόδοις
3630 1017 3725 1072 καὶ

2147 1108 2267 1170 ταῖς
2292 1104 2399 1158 τῶν
2423 1106 2743 1177 οἰκημάτων
2762 1104 2863 1159 ὑπε
2874 1104 3287 1177 ρηφανευομένη
3316 1106 3361 1137 ⁸³
3400 1106 3725 1180 λαμπρότη-

2152 1214 2257 1264 σιν,
2290 1192 2399 1267 ἆρα
2429 1199 2552 1261 ταῖς
2586 1198 2649 1250 ἐκ
2688 1195 2869 1268 νόμων
2900 1198 3351 1269 παρατηρήσεσιν
3377 1199 3411 1271 ἢ
3439 1202 3562 1265 ταῖς
3597 1205 3725 1273 περὶ

2148 1288 2209 1344 τὸ
2251 1289 2554 1361 πολίτευμα
2582 1288 2802 1355 τάξεσιν
2837 1291 2869 1362 ἢ
2903 1292 3023 1354 ταῖς
3048 1291 3177 1365 περὶ
3207 1292 3400 1361 λόγους
3428 1292 3726 1363 αὐχήσεσιν

2151 1381 2401 1450 ἐφαίνετο
2415 1380 2706 1435 τῶνᾶλλων
2727 1382 2922 1446 ἐνδεῶς
2936 1374 3156 1454 Excussi;
3185 1383 3458 1453 Οὺμενοῦν
3485 1401 3499 1414 ·
3530 1386 3728 1438 ἐσπου-

2150 1468 2341 1537 δάζετο
2415 1470 2526 1545 γὰρ
2586 1474 2722 1545 αὐτῇ
2780 1475 2983 1543 γνῶσις
3030 1474 3106 1539 ὡς
3166 1475 3463 1547 ὀφθαλμοῖς
3515 1475 3727 1547 βλέψις,

2154 1564 2238 1637 [Ρ.
2281 1563 2410 1638 39.6]
2439 1566 2534 1619 καὶ
2562 1566 2788 1636 εὐνομία
2814 1566 2889 1631 ὡς
2918 1567 3062 1638 ζωῆς
3094 1566 3468 1640 πραγματεία.
3520 1568 3634 1621 Καὶ
3656 1566 3732 1622 εἷ-

2153 1658 2240 1722 δες
2269 1658 2335 1711 ἂν
2365 1658 2493 1726 περὶ
2521 1659 2686 1729 μηδὲν
2713 1658 2839 1714 ἄλλο
2866 1660 2966 1731 τὴν
3012 1660 3308 1725 νεάζουσαν
3358 1661 3465 1714 τῶν
3522 1660 3730 1714 παίδων

2156 1751 2336 1822 κῆραν
2367 1750 2411 1783 ⁸⁸
2447 1750 2815 1820 σχολάζουσαν
2844 1751 2876 1824 ἢ
2914 1744 3286 1823 περὶλὸγους,
3312 1753 3370 1821 ἐξ
3397 1749 3471 1809 ὧν
3507 1756 3733 1825 ἐπιστῆ-

2159 1862 2255 1915 μαι
2281 1843 2375 1898 καὶ
2395 1847 2577 1915 τέχναι
2596 1843 2653 1897 τὸ
2684 1844 2884 1915 κράτος
2905 1844 3107 1917 ἔχουσι.
3130 1846 3211 1901 Τά
3239 1846 3296 1901 δὲ
3338 1847 3465 1918 περὶ
3489 1848 3589 1918 τῆς
3630 1850 3733 1921 άρ-

2160 1936 2345 2007 μονίου
2378 1936 2646 2007 μουσικῆς
2667 1936 2777 1993 τῶν
2810 1937 3154 2011 ᾴσμάτων,ῆ
3207 1941 3317 1994 τῶν
3375 1940 3607 2013 ᾀδόντων
3666 1944 3735 1996 τά

2154 2027 2476 2099 ψυχοτερπῆ
2531 2029 2667 2100 μέλη
2733 2031 2826 2083 καὶ
2866 2029 2975 2083 τῶν
3005 2030 3083 2101 τῷ
3124 2030 3243 2102 Θεῷ
3300 2032 3736 2103 κεκληρωμένων

2156 2122 2547 2191 σπουδάσματα
2581 2123 2671 2174 ἐπὶ
2726 2121 2805 2191 τῷ
2841 2121 2987 2191 λόγῳ
3012 2122 3057 2154 ⁸⁸
3110 2123 3339 2193 σημάνω
3376 2126 3420 2158 ⁸⁵
3452 2143 3465 2190 ;
3499 2126 3618 2189 πῶς
3674 2126 3735 2179 δέ

2154 2213 2255 2282 τὴν
2283 2212 2488 2268 τούτων
2514 2212 2903 2284 διαγράψωμαι
2937 2204 3171 2285 δήλωσιν
3201 2215 3414 2286 ;Μέχρι
3435 2216 3544 2286 γὰρ
3578 2216 3739 2271 τοῦδε

2156 2303 2248 2357 τοῦ
2283 2303 2622 2376 διηγήματος
2674 2305 2775 2359 οὐκ
2823 2302 2919 2358 οἶδ’
2946 2305 3095 2369 ὅπως
3145 2308 3211 2377 τῇ
3242 2306 3391 2379 ῥύμῃ
3436 2306 3529 2360 τοῦ
3580 2307 3744 2376 λόγου

2157 2397 2548 2467 συναπαχθεὶς,
2579 2398 2674 2452 καὶ
2723 2398 2823 2468 τῆς
2853 2398 3059 2462 οίκείας
3091 2398 3278 2470 ῶσπερ
3321 2398 3589 2464 ἰδιωτείας
3621 2403 3746 2454 ἐπι-

2154 2488 2471 2559 λαθόμενος,
2507 2489 2824 2562 ἐπειρώμην
2851 2491 3071 2561 μέτριόν
3100 2509 3218 2555 πως
3245 2492 3315 2558 ⁸⁷,
3380 2493 3476 2546 καὶ
3523 2491 3599 2556 ῶς
3640 2494 3743 2545 οὐκ

2154 2580 2220 2636 ἄν
2246 2599 2330 2646 τις
2377 2582 2532 2647 ἄλλος
2584 2583 2693 2637 τῶν
2743 2582 2865 2637 λίαν
2918 2583 3149 2654 ἀμαθῶν
3185 2584 3281 2639 καὶ
3312 2585 3604 2655 ἀγροίκων,
3636 2585 3747 2640 τῶν

2156 2672 2307 2743 παρὰ
2368 2672 2468 2744 τῆς
2540 2673 2638 2745 σῆς
2690 2673 2892 2743 ἀρετῆς
2959 2675 3294 2745 αἰτηθέντων
3335 2676 3432 2748 τὴν
3500 2676 3743 2747 δήλωσιν

2156 2763 2553 2835 δῖαγράφεσθαι
2590 2781 2605 2797 ο
2644 2765 2705 2819 τὸ
2739 2764 2784 2819 δ’
2827 2765 2938 2820 άπὸ
2979 2766 3193 2832 τούτου,
3236 2767 3331 2821 καὶ
3402 2766 3623 2838 μάλισθ’
3659 2768 3746 2825 δτι

2155 2856 2255 2927 τῆς
2327 2854 2601 2925 εὐρύθμου
2680 2854 2790 2910 τῶν
2862 2856 3123 2928 ᾀσμάτων
3183 2858 3464 2930 ἐμνήσθην
3524 2854 3746 2929 assem.

2156 2946 2297 3012 νίας,
2325 2947 2426 3000 οὐκ
2458 2943 2576 3001 οῖδα
2610 2948 2692 3011 τίς
2720 2947 3025 3021 γένωμαιῆ
3056 2951 3148 3002 ποτ
3184 2949 3260 3020 τῷ
3283 2949 3427 3020 λόγῳ
3485 2951 3747 3021 χωρήσω,

478 3039 685 3103 nescio,
716 3046 809 3092 aut
838 3051 948 3109 quo
982 3035 1257 3091 sermonis
1277 3036 1470 3090 ducam
1500 3034 1699 3089 lineam
1727 3050 1743 3100 ;
1774 3032 2052 3103 quodnam

2166 3040 2317 3092 ποῖον
2340 3037 2396 3092 δέ
2427 3038 2756 3109 παραλείπω
2784 3040 2831 3071 ⁸³
2857 3040 2969 3092 τῶν
3006 3040 3237 3110 ἡδίστων
3260 3038 3484 3093 ἐκείνων
3512 3045 3609 3092 καὶ
3654 3040 3747 3092 εὖ-

480 3133 608 3186 item
641 3130 1090 3185 dulcissimarum
1121 3129 1634 3196 conciunarumque
1656 3124 2060 3180 modolatarum

481 3224 799 3279 cantionum
831 3222 1053 3277 illarum
1089 3221 1365 3287 omittam,
1399 3219 1604 3290 quibus
1635 3218 1904 3274 mortales
1931 3231 2060 3272 cum

482 3317 797 3372 caelestibus
844 3314 1213 3385 potestatibus
1259 3312 1569 3383 psallebant
1603 3324 1668 3366 ac
1725 3311 1845 3367 dies
1895 3310 2065 3368 festos

484 3409 738 3479 agebant.
770 3407 984 3463 Etenim
1012 3407 1056 3462 si
1091 3406 1217 3475 quis
1272 3420 1393 3459 eam
1442 3402 1863 3468 modulantiam,
1900 3417 2065 3472 quam

482 3516 595 3555 uno
622 3514 719 3553 ore
748 3501 803 3552 iu
847 3512 1013 3552 unum
1055 3496 1369 3566 congregati
1408 3509 1601 3549 omnes
1644 3494 1850 3549 divinis
1886 3494 2068 3547 canti-

484 3592 589 3656 cis,
633 3592 686 3644 in
717 3590 951 3659 publicis
974 3586 1358 3652 conventibus,
1393 3584 1461 3640 ad
1503 3585 1672 3640 Deum
1720 3585 2066 3651 emittebant,

487 3680 812 3751 angelorum
856 3680 1013 3734 sonis
1046 3674 1580 3742 concelebrantium,
1624 3676 1717 3731 ubi
1764 3676 2069 3732 laztantium

485 3774 731 3828 omnium
797 3770 1064 3827 habitatio
1106 3776 1214 3838 est,
1268 3768 1677 3837 assimilaverit,
1726 3768 1781 3826 is
1830 3782 1861 3825 a
1902 3783 2069 3840 scopo

486 3881 725 3937 veroque
755 3882 824 3923 na
849 3867 937 3922 vel
968 3866 1255 3921 minimum
1278 3863 1637 3921 aberraverit.

560 3961 645 4016 11.
670 3956 895 4029 Templa
927 3958 1073 4013 enim
1115 3956 1364 4028 quaedam
1417 3970 1728 4028 praemagna
1761 3970 1825 4012 ac
1852 3955 2067 4028 magni-

486 4051 589 4107 tlca
653 4051 919 4121 varioque
975 4057 1171 4105 ornatu
1222 4048 1629 4119 pulcherrima,
1688 4062 1786 4119 per
1832 4049 2069 4103 mediam

488 4141 676 4197 urbem
704 4140 972 4197 exstantia
991 4155 1057 4196 ac
1108 4139 1379 4210 exposita,
1414 4138 1581 4194 veluti
1620 4139 1934 4194 communia
1956 4137 2071 4193 Nu-

487 4233 654 4288 minis
695 4232 1094 4304 propitiatorio,
1132 4247 1256 4287 cum
1289 4232 1485 4302 primis
1517 4247 1674 4298 vero,
1709 4232 1967 4302 interque
2001 4246 2073 4288 ea

489 4326 849 4396 praecipuum,
909 4324 1155 4379 omnium
1222 4323 1521 4381 ell'ectricis
1558 4326 1757 4381 divina:
1783 4335 1839 4382 et
1876 4340 2065 4396 super-

2163 3127 2378 3182 τάκτων
2416 3128 2844 3201 μελῳδημάτων,
2874 3125 2956 3195 οἷς
3011 3129 3339 3202 συνέψαλλον
3388 3131 3481 3185 καὶ
3526 3132 3751 3204 συνεδρ-

2163 3222 2328 3287 ταζον
2354 3224 2633 3295 ἄνθρωποι
2663 3228 2784 3289 ταῖς
2822 3226 3106 3298 οὐρανίαις
3156 3227 3469 3298 δυνάμεσιν.
3528 3228 3593 3280 Ei
3641 3227 3750 3297 γάρ

2165 3334 2251 3381 τις
2281 3316 2379 3390 τὴν
2401 3316 2608 3388 μοῦσαν
2636 3319 2876 3393 ἐκείνην,
2907 3319 3007 3391 τὴν
3039 3322 3101 3373 ἐκ
3131 3321 3335 3384 παντὸς
3358 3320 3625 3392 στόματος
3658 3320 3752 3390 ὑφ’

2167 3409 2225 3464 ἓν
2253 3411 2330 3481 τῷ
2361 3411 2480 3481 Θεῷ
2506 3412 2977 3483 άναπεμπομένην
3003 3415 3126 3479 τοὺς
3156 3412 3358 3483 ὕμνους
3388 3414 3445 3467 ἐν
3468 3416 3587 3476 ταῖς
3618 3430 3754 3466 παν-

2165 3502 2360 3572 δήμοις
2413 3503 2684 3570 συνάξεσι,
2750 3506 2830 3577 τῷ
2883 3506 3001 3577 ἤχῳ
3030 3507 3139 3560 τῶν
3188 3508 3555 3578 ἑορταζόντων
3586 3506 3754 3576 ἀγγέ-

2166 3592 2293 3656 λων,
2319 3592 2446 3647 ἐνθα
2478 3594 2926 3668 εὐφραινομένων
2961 3599 3181 3653 πάντων
3208 3602 3240 3670 ἡ
3281 3599 3554 3665 κατοικία,
3609 3599 3751 3665 ἐξει-

2168 3684 2381 3739 κονίσαι
2403 3684 2702 3758 θελήσειεν,
2730 3688 2879 3743 οὐδὲν
2911 3689 3004 3743 τοῦ
3029 3689 3241 3755 δέοντος
3280 3691 3679 3764 ἁμαρτήσεται.

2242 3955 2334 4004 ια’.
2363 3949 2500 4005 Neci
2527 3949 2639 4021 γάρ
2666 3968 2813 4016 τινες
2840 3950 3219 4023 παμμεγέθεις
3253 3969 3352 4006 κα.
3407 3951 3751 4025 περικαλλείς

2166 4042 2237 4113 τῇ
2266 4042 2489 4116 ποικίλῃ
2537 4043 2914 4114 διακοσμήσει,
2950 4043 3037 4098 διὰ
3100 4042 3267 4115 μέσου
3318 4042 3751 4114 προϐεϐλημένοι

2168 4134 2268 4204 τῆς
2294 4133 2499 4196 πόλεως
2523 4132 2714 4203 ὥσπερ
2742 4132 2865 4187 τινὰ
2904 4132 3065 4187 κοινᾶ
3087 4133 3223 4205 πρὸς
3245 4133 3306 4187 τὸ
3341 4134 3486 4189 θεῖον
3537 4133 3752 4205 ἱλαστή-

2171 4240 2265 4295 ρια
2294 4223 2361 4292 ⁸⁸,
2389 4222 2715 4278 καὶτούτων
2754 4222 2991 4295 μάλιστα
3027 4226 3067 4279 6
3111 4225 3210 4295 τῆς
3253 4224 3592 4296 παντουργοῦ
3653 4224 3749 4275 καὶ

2172 4314 2322 4379 θείας
2361 4314 2455 4368 τοῦ
2484 4314 2813 4386 ὑπερουσίου
2835 4316 3010 4385 Λόγου
3032 4316 3234 4387 Σοφίας
3270 4310 3440 4381 οἶκος,
3475 4313 3623 4369 καὶ’ὁ
3648 4314 3752 4380 τῆς

490 4417 875 4475 substantialis
904 4415 1066 4472 Verbi
1088 4416 1393 4487 sapientia,
1433 4418 1677 4485 itemque
1707 4432 1924 4488 semper
1952 4417 2059 4473 Vir.

2191 4408 2574 4479 ’Δειπαρθένου
2605 4409 2883 4478 πανάγνω
2910 4410 3007 4464 καὶ
3035 4409 3401 4480 Θεομήτορος,
3452 4406 3586 4462 ἀλλὰ
3638 4405 3752 4474 μὴν

494 4512 639 4583 ginis
665 4510 1030 4565 immaculata
1059 4524 1123 4566 ac
1142 4510 1404 4580 Deiparae,
1438 4524 1540 4566 nec
1572 4525 1681 4566 non
1714 4510 1876 4580 cujus
1907 4525 2072 4582 supra

493 4602 737 4670 memini,
770 4602 1157 4674 gloriosissimi
1210 4602 1567 4674 prmclarique
1602 4601 1850 4668 victoris,
1881 4600 2075 4658 Deme-

490 4695 582 4749 trii
607 4694 883 4765 martyris,
902 4693 995 4748 ubi
1017 4694 1199 4747 divina
1217 4690 1735 4765 peregitccrtamina
1755 4699 1807 4746 et
1836 4691 2077 4747 victoria;

491 4786 732 4856 palmam
764 4785 1087 4855 reportavit,
1119 4786 1237 4840 haec
1264 4785 1523 4840 nimirum
1540 4785 1954 4841 recurrentibus
1980 4798 2077 4857 per

493 4880 624 4934 anni
664 4879 930 4934 circulum
965 4877 1233 4934 festorum
1265 4879 1551 4934 solemuiis
1577 4878 1854 4934 universae
1887 4877 2073 4933 multi-

493 4972 706 5027 tudinis
736 4972 791 5025 in
812 4987 872 5027 se
899 4973 1218 5027 concionem
1244 4972 1493 5041 cogentia
1514 4971 1753 5027 laetitiam
1786 4971 2075 5027 inenarra-

496 5063 659 5119 bilem
689 5071 744 5120 et
766 5062 1016 5133 spiritale
1036 5063 1295 5133 gaudium
1340 5064 1605 5119 convenis
1654 5062 1986 5128 inferebant,
2018 5063 2074 5117 in

496 5151 695 5209 borum
756 5152 803 5209 si
872 5153 1094 5223 quidem
1151 5152 1389 5223 singulis
1436 5152 1791 5209 sacerdotum
1849 5154 2075 5211 ordines

495 5242 631 5300 cieri
662 5245 1008 5300 matriculam
1039 5244 1361 5315 implebant,
1390 5259 1625 5314 quorum
1674 5259 1839 5315 opera
1874 5246 2073 5317 mysti-

496 5349 601 5390 cus
630 5336 814 5392 cultus
858 5353 1062 5408 resque
1091 5351 1251 5393 sacra
1286 5338 1607 5407 peragitur;
1643 5334 1905 5392 lectorum
1943 5337 2070 5392 item

497 5437 698 5495 coetus,
718 5431 808 5501 qui
825 5430 1188 5488 concinendis
1210 5429 1440 5485 canticis
1455 5428 1793 5501 diligentiam
1817 5428 2073 5495 habeant,

2173 4501 2271 4556 καὶ
2296 4500 2440 4555 ὁτοῦ
2483 4500 2870 4573 πωλεχθέντος
2923 4500 3247 4567 πανενδόξου
3300 4500 3398 4554 καὶ
3444 4498 3751 4553 καλλινίκου

2177 4595 2455 4666 μάρτυρος
2483 4595 2819 4666 Δημητρίου,
2876 4594 3006 4648 ἔνθα
3038 4594 3166 4657 τοὺς
3194 4592 3373 4657 θείους
3426 4592 3615 4653 ἄθλους
3668 4589 3749 4641 δι-

2174 4688 2340 4758 ήνυσε
2370 4690 2465 4743 καὶ
2491 4690 2554 4743 τὸ
2589 4689 2838 4758 βραϐεῖον
2863 4690 2964 4759 τῆς
3017 4690 3174 4761 νίκης
3204 4689 3441 4756 ἐδέξατο,
3461 4690 3511 4742 oi
3546 4687 3630 4741 xui
3656 4684 3748 4738 τὸν

2176 4782 2392 4838 ἅπαντα
2422 4783 2596 4853 δῆμον
2622 4785 2743 4847 ταῖς
2772 4782 2915 4837 κατὰ
2945 4782 3194 4853 περίοδον
3252 4781 3599 4843 ἐπανιούσαις
3640 4776 3745 4829 τῶν

2173 4877 2376 4948 ἑορτῶν
2406 4876 2644 4947 ἡμέραις
2672 4876 2731 4929 ἐν
2760 4876 2973 4939 ἑαυτοῖς
3011 4873 3491 4946 ἐκκλησιάζοντες,
3528 4870 3744 4928 ἀνεκλά-

2172 4966 2334 5040 λητον
2358 4968 2699 5038 εὐφροσύνην
2727 4966 2822 5021 καὶ
2868 4967 3245 5038 πνευματικὴν
3307 4967 3601 5037 χαρμονὴν·
3636 4961 3746 5021 τοῖς

2175 5058 2447 5113 συνιοῦσιν
2481 5059 2794 5129 ἐϐράϐευον.
2831 5058 3240 5130 Ἐκεκλήρωντο
3265 5061 3376 5128 γάρ
3433 5068 3503 5114 εν
3544 5054 3743 5121 ἑκάστῳ

2174 5152 2381 5207 τούτων
2405 5152 2661 5224 τάγματα
2696 5152 2907 5225 ίερέων,
2944 5152 3013 5205 δι’
3061 5146 3137 5206 ὧν
3185 5153 3217 5225 ἡ
3258 5152 3501 5225 puerul-
3525 5150 3745 5204 τελεῖται

2181 5244 2432 5316 λατρεία,
2454 5243 2547 5298 καὶ
2576 5244 2942 5312 άναγνωστῶν
2980 5246 3323 5314 συστήματα,
3366 5243 3436 5297 δι’
3455 5236 3531 5299 ὧν
3555 5244 3586 5313 ἡ
3635 5238 3747 5290 τῶν

2183 5338 2444 5408 ᾀσμάτων
2476 5336 2837 5402 σπουδάζεται
2863 5336 3126 5409 ὑμνῳδία,
3159 5335 3454 5407 ἁμοιδαδδν
3478 5334 3595 5396 τοὺς
3630 5330 3746 5383 στί-

2183 5446 2309 5500 κους
2334 5428 2713 5494 ἀλαλάζοντες,
2747 5429 2843 5483 καὶ
2878 5431 2997 5493 ταῖς
3035 5428 3404 5501 χειρονομίαις
3450 5429 3552 5481 τῶν
3573 5421 3747 5495 μελῶν

1789 5540 2021 5599 VARI/ﬁ
2051 5538 2454 5597 LECTIONES.

572 5633 616 5666 ”
642 5637 974 5707 κασσιτήρου
1002 5635 1106 5691 ΑΡ.
1184 5638 1230 5669 ⁸³
1272 5636 1739 5707 περιφανευομένη
1778 5637 1840 5689 Α·

499 5708 543 5739 ⁸⁸
570 5706 798 5778 σημανῶ
828 5706 893 5763 Α,

1942 5635 1990 5667 ⁸⁵
2020 5634 2266 5707 κίοῦρανῗ
2292 5636 2363 5690 cf.
2398 5652 2451 5703 p.
2490 5637 2593 5692 ’567
2638 5638 2701 5692 Α.

1003 5710 1045 5739 ⁸⁷
1076 5708 1292 5777 μέτριόν
1330 5706 1464 5781 πως]
1492 5706 1759 5778 μετρίωςῖ
1828 5707 1872 5738 ⁸⁸
1899 5706 2233 5777 παραλίπωί
2295 5707 2336 5741 ⁶⁹
2372 5707 2719 5782 ἐξιλαστήρια
2751 5712 2815 5765 Λ.

2803 5639 2848 5672 ⁸⁸
2871 5637 2936 5694 τά
2965 5639 3354 5711 σπουδάσματα
3404 5637 3535 5708 ποίῳ
3568 5632 3703 5701 λόγῳ
3726 5632 3755 5686 ?
