3962 6204
295 236 384 300 541

1353 239 1450 298 DE
1488 237 1804 300 EXEI-D10
1829 238 2446 323 'I‘HESSALONICE.

3423 253 3530 319 542

292 348 373 402 τὸν
401 346 636 417 φθόγγον
665 347 1014 415 διατιθέντες,
1040 348 1134 402 καὶ
1169 347 1414 419 μεγάλην
1436 349 1556 404 τινὰ
1593 350 1690 404 καὶ
1715 349 1860 416 ἀξιο-

1985 359 2018 405 :t
2057 352 2286 408 alternis
2308 369 2501 409 versus
2537 355 2795 425 tinniant,
2830 374 3201 432 manuumque
3233 361 3395 434 503
3424 379 3548 418 mo-

294 440 471 493 θὲατον
500 439 717 511 χορείαν
746 442 1124 506 συνιστῶντες,
1164 440 1241 511 τῷ
1268 456 1325 493 τε
1364 441 1498 495 εἴδει
1533 442 1633 513 τῆς
1660 443 1866 514 ἀστρα·

293 529 523 602 πτοῦσης
552 531 745 600 στολῆς
772 530 857 604 [Ρ.
890 529 1020 603 327]
1046 531 1144 595 τὰς
1167 529 1276 586 τῶν
1302 531 1556 604 ὁρώντων
1579 533 1866 603 θέλγοντες

291 621 453 691 δψεις,
473 621 568 674 καὶ
595 625 662 692 τῇ
688 621 1003 694 τεχνωμένη
1022 622 1133 676 τῶν
1154 621 1385 692 ψαλμῶν
1406 622 1548 695 λύρᾳ
1570 623 1670 695 τὴν
1696 625 1865 696 ἀκοὴν

292 715 746 786 κατατέρποντες.
768 715 833 768 Τί
856 715 964 786 γὰρ
992 710 1061 786 ἦν
1092 715 1230 788 πρὸς
1267 714 1458 769 τοῦτον
1499 716 1592 770 τὸν
1642 715 1809 788 ῦμνον
1836 716 1866 771 ὁ

296 806 514 876 μυθικὸς
593 807 826 878 Ὀρφεὺς
874 806 908 878 ἢ
961 808 995 878 ἡ
1030 807 1304 880 Ὁμηρικὴ
1359 807 1537 878 μοῦσα
1591 806 1726 878 ῆτὰ
1757 805 1867 860 τῶν

293 901 560 972 Σειρήνων
583 901 721 972 ληρή
732 917 897 969 ματα,
921 897 1199 972 τῷψεύδει
1228 900 1337 954 τῶν
1364 899 1700 968 πλασμάτων
1732 900 1866 952 ἀνα-

294 993 629 1064 γραφόμενα,
666 987 811 1054 οἴς⁷⁹
850 990 1009 1060 λόγος
1038 989 1138 1062 μὲν
1180 989 1418 1044 ἐπαίνων
1439 990 1610 1053 οὐδεὶς
1639 987 1864 1061 ἀληθὴς,

293 1087 464 1156 φῆμαι
487 1083 543 1138 δὲ
569 1083 784 1154 ψευδεῖς
812 1081 938 1147 τοὺς
956 1081 1052 1137 ἀνθ
1062 1081 1275 1155 ρώπους
1310 1080 1592 1135 πλανῶσαι
1614 1081 1708 1135 καὶ
1731 1081 1867 1151 πρὸς

293 1177 506 1248 ἀπάτην
551 1175 1034 1248 ἀνδραποδίζουσαι
1070 1193 1085 1242 ;
1128 1173 1322 1245 Μάτην
1374 1172 1470 1228 οῦν
1533 1176 1592 1227 ἐν
1658 1171 1870 1238 τούτοις

292 1269 770 1341 ἀψευδοκτύπησαν
797 1269 845 1322 0i
865 1269 908 1300 "
946 1267 1225 1340 Ἕλληνες,
1280 1270 1381 1340 τὴν
1432 1266 1606 1338 ἀληθῆ
1667 1265 1870 1336 γνῶσιν

290 1364 396 1418 τῶν
429 1363 772 1437 πραγμάτων
823 1362 1172 1434 ἀφῃρημένοι
1218 1363 1313 1416 καὶ
1361 1361 1484 1425 ταῖς
1534 1357 1872 1425 κενολογίαις

291 1456 387 1525 τῆς
441 1455 622 1509 αὐτῶν
668 1452 1090 1524 δεισιδαιμονίας
1130 1453 1176 1483 ⁷³
1233 1451 1356 1506 καθ’
1405 1449 1616 1504 ἑαυτῶν
1646 1446 1870 1501 ὁπλισάο

294 1564 460 1618 μενοι.
509 1546 669 1616 Ἡμῖν
698 1545 756 1598 δὲ
788 1545 882 1598 καὶ
907 1543 968 1599 τδ
998 1544 1362 1614 σεϐαζόμενον
1401 1530 1481 1614 ’ἦν
1523 1539 1722 1612 ἀληθὲς
1777 1536 1872 1593 καὶ

291 1642 420 1696 αὐτὸ
447 1641 504 1696 δὲ
527 1641 600 1726 τὸ.
613 1642 640 1692 ὑ
651 1639 784 1710 μνοῦ
793 1655 975 1708 μενον.

333 1825 336 1827 ’
362 1821 452 1891 ιβ’.
479 1819 651 1875 Ἔνθα
682 1821 749 1890 δή
780 1837 868 1890 μοι
895 1817 993 1872 καὶ
1015 1815 1225 1888 θάμϐος
1249 1813 1548 1886 ἐπέρχεται
1576 1813 1672 1866 καὶ
1696 1811 1871 1882 φρίκη

289 1918 384 1971 καὶ
415 1913 702 1984 ἔκπληξις,
756 1913 887 1964 ὅταν
915 1906 1061 1966 κατά
1085 1907 1212 1963 νοῦν
1241 1906 1393 1961 λάϐω
1425 1905 1543 1970 πῶς
1571 1906 1598 1959 ὁ
1631 1903 1874 1968 τοιοῦτος

294 2008 388 2064 καὶ
423 2006 682 2070 τοσοῦτος
709 2001 902 2075 ὕμνος,
940 2004 970 2056 ὁ
999 2002 1168 2072 μήπω
1195 1999 1305 2054 τινὶ
1348 1998 1456 2053 τῶν
1486 1998 1670 2054 ἄλλων
1707 2012 1874 2069 προσ-

294 2099 610 2171 φερομένων
673 2095 721 2129 η
771 2093 976 2149 θυσιῶν
1031 2093 1110 2164 τῷ
1158 2091 1379 2163 μεγέθει
1437 2087 1871 2170 ἐξομοιούμενος,

293 2192 487 2264 ἀθρόον
516 2187 689 2252 οὕτως
715 2188 940 2260 ὲσίγησε
975 2187 1074 2240 καὶ
1097 2187 1177 2249 είς
1206 2185 1359 2238 οὐδὲν
1389 2183 1646 2255 ἐλογίσθη
1675 2183 1768 2237 καὶ
1797 2180 1874 2247 ὡς

293 2283 422 2353 δναρ
455 2278 873 2349 ὑπανεχώρησε.
909 2277 1058 2347 Πλὴν
1093 2291 1156 2344 γε
1178 2273 1336 2327 τοῦτο
1363 2272 1673 2341 λογίζομαι,
1701 2271 1785 2325 ὅτι
1815 2270 1874 2325 ὲν

292 2374 413 2437 ταῖς
441 2371 489 2404 ’⁵
510 2369 806 2442 ἁμαρτίαις
834 2367 987 2430 ὄντες
1015 2366 1082 2421 τά
1131 2365 1250 2419 θεῖα
1287 2363 1425 2418 κατὰ
1453 2363 1543 2415 τὸν
1569 2360 1874 2431 Ψαλμῳδὸν

294 2462 658 2534 ιδιηγοῦμεθα
686 2458 1056 2529 δικαιώματα,
1080 2455 1176 2510 καὶ
1201 2455 1264 2508 τὸ
1295 2453 1568 2526 μοχθηρὸν
1587 2453 1618 2524 ἡ
1628 2452 1743 2523 μῶν
1765 2450 1875 2504 τῶν

291 2559 511 2632 τρῧπων
536 2544 800 2621 άδῦκιμον
824 2551 887 2605 τὸ
921 2549 1224 2623 περιφανὲς
1251 2546 1410 2601 τοῦτο
1438 2547 1533 2598 καὶ
1581 2544 1876 2614 σεϐάσμιον

293 2649 691 2721 ἀπειργάσατο,
733 2643 954 2709 ἀνάξιον
991 2641 1278 2715 κρίναντος
1327 2636 1424 2691 τοῦ
1458 2635 1594 2691 Θεοῦ
1628 2634 1879 2708 βεϐήλοις

292 2745 388 2798 καὶ
414 2740 636 2810 ἐναγέσι
678 2737 914 2810 χείλεσιν
944 2732 1236 2806 ὑμνεῖσθαί
1258 2744 1324 2785 ’τε
1354 2730 1450 2784 καὶ
1497 2727 1874 2801 γεραίρεσθαι.

289 2834 474 2904 Μέχρι
509 2830 619 2900 γὰρ
646 2830 793 2892 τίνος
815 2825 913 2897 τὴν
947 2822 1125 2894 ἀληθῆ
1160 2821 1342 2876 αἰτίαν
1361 2817 1455 2872 τοῦ
1488 2817 1667 2872 πάντα
1699 2816 1880 2870 κίνδυα

288 2942 382 2979 νον
405 2919 772 2991 ἐπενεχθῆναι
801 2918 935 2988 ἡμῖν
981 2915 1062 2978 είς
1111 2911 1278 2983 μέσον
1308 2911 1371 2964 οὐ
1403 2907 1780 2981 παριστῶμεν,
1810 2907 1878 2960 ἵν’

1973 442 2120 500 tibus
2149 444 2580 500 modulationum
2625 461 2795 506 sonos
2830 450 3149 522 disponant,
3174 451 3249 509 ac
3293 470 3548 526 magnam

1974 535 2272 602 quamdam
2309 537 2584 609 digneque
2635 543 2988 611 spectabilem
3044 547 3299 602 eboreum
3335 551 3549 604 consti-

1973 633 2150 692 tuant,
2179 634 2294 682 tum
2344 628 2640 700 eﬂ‘ulgente
2689 637 2926 692 vestium
2980 637 3152 692 forma
3180 641 3547 708 spectantium

1973 719 2164 776 oculos
2190 719 2586 790 demulcentes,
2610 732 2724 780 tum
2749 728 3044 785 artificiosa
3065 731 3400 800 psalmorum
3423 734 3548 804 lyra

1974 809 2221 864 auditum
2250 812 2610 870 obiectantes.
2645 815 2786 882 Quid
2828 821 2972 873 enim
3002 829 3142 884 erat,
3185 823 3230 876 si
3267 823 3381 877 tunc
3415 839 3551 878 can-

1975 899 2083 954 tica
2115 900 2455 969 consideres,
2507 903 2792 961 fabulosus
2823 906 3077 978 Orpbeus
3127 921 3220 968 aut
3254 911 3408 967 Musa
3442 911 3551 967 llo-

1975 992 2178 1047 merica
2207 1001 2302 1048 aut
2329 993 2582 1051 Sirenum
2640 996 2995 1056 deliramenta
3015 1043 3030 1068 ,
3083 1003 3366 1060 ﬁetionum
3400 1021 3553 1061 meu-

1976 1081 2150 1138 daciis
2174 1084 2410 1154 digesta,
2441 1093 2501 1141 ut
2530 1087 2680 1142 nulla
2708 1088 2933 1148 laudum
2975 1107 3102 1146 vera
3148 1094 3286 1148 ratio
3317 1096 3412 1158 sit,
3455 1097 3548 1152 sed

1979 1173 2098 1229 falsi
2133 1190 2405 1243 rumores,
2452 1178 2764 1234 mortalium
2792 1196 2966 1250 genus
3012 1183 3340 1240 sedueentes
3389 1196 3554 1257 atque

1976 1267 2151 1324 errori
2206 1270 2624 1340 mancipantes?
2659 1269 2893 1328 Frustra
2944 1274 3113 1346 igitur
3146 1276 3202 1330 in
3242 1277 3328 1333 bis
3376 1277 3553 1336 ϐιτεοί
3651 1341 3656 1345 ,

1977 1359 2333 1432 crepantibus
2389 1361 2582 1419 buccis
2631 1378 2754 1419 sese
2805 1362 3038 1431 iactant,
3070 1366 3161 1436 qui
3211 1382 3338 1422 vera
3369 1383 3553 1423 rerum
3663 1355 3668 1359 ’

1938 1529 1945 1533 _
1979 1447 2450 1506 scientiacarcant
2474 1452 2741 1522 vanisque
2789 1457 3136 1513 sermonibus
3165 1459 3267 1528 ipsi
3298 1443 3558 1517 sibimet.-

1978 1538 2115 1612 ipsis
2155 1551 2430 1613 pugnent:
2473 1545 2632 1600 nobis
2664 1562 2792 1601 vero
2824 1556 2939 1602 tum
2982 1547 3194 1605 Numen
3232 1566 3418 1606 verum
3449 1563 3555 1617 est,

1981 1640 2096 1686 tum
2129 1634 2306 1705 ipsum
2331 1637 2477 1705 quod
2527 1639 2782 1696 canimus
2825 1641 3114 1712 laudisque
3142 1644 3412 1714 obsequio
3445 1645 3556 1700 fre-

1898 1711 1940 1767 B
1973 1735 2327 1796 quentamus.

2046 1817 2133 1871 l2.
2164 1816 2267 1874 Hic
2299 1818 2432 1873 mihi
2461 1825 2516 1874 et
2552 1817 2848 1876 admiratio
2879 1821 3033 1878 subit
3061 1823 3408 1893 incessitque
3431 1824 3578 1879 ltor-'

1975 1925 2069 1965 ror
2090 1925 2155 1965 ac
2182 1922 2400 1982 smper,
2437 1912 2568 1968 dum
2611 1919 2795 1968 mente
2831 1916 3014 1970 recolo
3044 1919 3322 1985 quomodo
3351 1917 3476 1972 talis
3501 1925 3560 1970 et

1975 2010 2126 2057 tanta
2153 2003 2477 2073 modulatio,
2501 2003 2621 2075 ipsa
2653 2003 2792 2059 nulli
2815 2019 2926 2060 non
2955 2005 3050 2086 alii
3076 2006 3407 2069 hostiarum,
3433 2023 3558 2076 qua

1975 2094 2086 2151 Deo
2111 2093 2444 2162 offeruntur,
2475 2095 2859 2169 magnitudine
2891 2107 3180 2168 praestans,
3204 2098 3286 2154 sic
3339 2109 3562 2170 repente

1976 2186 2247 2243 conticuit
2278 2198 2335 2242 et
2379 2189 2436 2243 in
2485 2189 2720 2245 nihilum
2777 2188 2914 2243 abiit
2967 2189 3229 2259 velutque
3283 2190 3559 2245 somnium

1977 2282 2269 2337 abscessit.
2297 2279 2456 2338 Enim
2485 2296 2617 2338 vero
2645 2279 2752 2336 hoc
2775 2283 3020 2351 recogito
3053 2299 3067 2337 :
3117 2297 3314 2352 nempe
3344 2297 3470 2337 eum
3506 2282 3560 2339 in

1977 2375 2218 2446 peccatis
2253 2389 2522 2439 essemus,
2559 2375 2711 2444 iuxta
2757 2372 3063 2428 Psalmistte
3095 2373 3272 2444 (Psal.
3300 2389 3450 2438 XLI-1,
3482 2373 3556 2438 ti)

1977 2463 2559 2527 sententiam,divinas
2600 2463 2995 2519 enarrabamus
3026 2462 3290 2532 justitias,
3317 2479 3563 2516 mormu-

1977 2569 2087 2625 que
2107 2565 2418 2610 nostrorum
2438 2553 2760 2622 improbitas
2791 2552 3058 2608 illustrem
3082 2552 3228 2608 hunc
3249 2567 3312 2606 ac
3334 2568 3566 2610 venera-

1976 2629 2142 2700 bilem
2167 2645 2374 2700 cultum
2425 2643 2719 2714 reprobum
2749 2641 2954 2704 cﬂecit.
2975 2642 3260 2712 indignum
3280 2642 3566 2711 iudicante

1979 2729 2214 2799 Numine
2247 2741 2492 2814 profanis
2540 2741 2881 2812 impurisque
2915 2741 3078 2797 labiis
3128 2740 3342 2796 laudari
3373 2755 3434 2797 se
3463 2740 3567 2795 ho.

1982 2833 2220 2904 norique
2284 2832 2498 2888 haberi.
2559 2831 2862 2901 Quousque
2909 2831 3057 2885 enim
3111 2829 3332 2885 tandem
3378 2844 3564 2888 verall

1981 2940 2228 2989 causam,
2261 2924 2332 2979 ob
2356 2939 2518 2994 quam
2549 2923 2706 2979 nobis
2728 2923 2912 2978 omnis
2939 2923 3055 2977 haec
3083 2921 3230 2976 illata
3257 2920 3422 2993 5M
3443 2937 3565 2976 ma-

291 3015 462 3086 ἔχωσι
510 3011 718 3083 γνῶναι
765 3009 856 3063 διὰ
903 3004 1001 3060 τοῦ
1052 3004 1175 3060 καθ’
1203 3005 1352 3074 ἡμᾶς
1403 3001 1805 3070 ὑποδείγματος
1829 2998 1879 3051 oi

1985 3014 2164 3072 lorum
2195 3015 2301 3078 vis,
2334 3015 2388 3070 in
2421 3014 2659 3070 medium
2701 3029 2810 3069 non
2862 3013 3216 3078 adducimus,
3241 3069 3244 3072 ί
3269 3021 3332 3067 ιιι
3374 3020 3567 3068 nostro

294 3109 598 3182 μετέπειτα
616 3108 768 3169 ὅπως
797 3104 878 3158 δεῖ
899 3099 1186 3170 λατρεύειν
1205 3097 1325 3169 Θεῷ
1347 3096 1510 3162 ζῶντι
1529 3094 1622 3150 καλ⁸
1643 3093 1882 3164 ἀληθινῷ

291 3203 389 3257 καὶ
420 3199 653 3262 ἑαυτοὺς
676 3195 933 3266 ὑπεράνω
961 3190 1162 3253 παντὸς
1196 3189 1422 3258 ὀλέθρου
1465 3187 1767 3256 διατηρεῖν,
1796 3185 1885 3239 ἵνα

296 3299 372 3370 μὴ
401 3297 517 3358 τοῖς
570 3292 778 3364 ὁμοίοις
827 3291 860 3360 ἡ
873 3286 987 3359 μῶν
1017 3286 1119 3357 τῆς
1159 3282 1358 3347 κακίας
1393 3281 1885 3356 ,ὑπολισθαίνοντες

291 3387 738 3462 πλημμελήμασι
773 3383 870 3454 τὴν
910 3382 1066 3436 θείαν
1115 3378 1494 3447 ἀγανάκτησιν
1544 3373 1631 3458 ἐφ’
1660 3372 1884 3434 ἑαυτοὺς

291 3480 664 3538 ἑπισπῶνται.
693 3475 830 3531 Οὐδὲ
857 3473 969 3544 γὰρ
999 3471 1162 3527 άλλου
1190 3468 1336 3532 τινος
1363 3467 1552 3521 ἕνεκεν
1584 3464 1684 3534 τῆς
1719 3462 1886 3533 μεγά-

291 3575 391 3644 λης
427 3569 660 3641 ἀπειλῆς
681 3566 921 3636 ἐκείνης,
944 3561 1013 3636 ῆς
1039 3563 1133 3618 καὶ
1167 3557 1512 3631 μεμνημένος
1537 3555 1826 3624 ἐξίσταμαι
1858 3593 1874 3619 ,

290 3667 381 3721 διὰ
413 3664 616 3735 πείρας
641 3658 973 3730 γεγόναμεν,
991 3655 1119 3710 ’ἀλλ’
1169 3653 1202 3724 ἢ
1232 3651 1320 3707 διὰ
1355 3649 1636 3722 μοχθηρᾶς
1663 3647 1757 3701 καὶ
1789 3663 1889 3735 καῖ

293 3759 401 3827 κῆς
456 3733 856 3823 προαιρέσεως,
917 3745 1027 3798 εἴτε
1072 3742 1159 3796 διὰ
1191 3741 1252 3794 τδ
1306 3736 1765 3810 παρηλλαγμένον
1792 3733 1888 3790 καὶ

292 3847 564 3915 διάφορον
588 3841 689 3911 τῆς
720 3856 778 3892 τε
804 3834 1083 3899 πολιτείας
1113 3833 1208 3888 καὶ
1233 3833 1343 3885 τῶν
1361 3829 1531 3901 ἠθῶν,
1550 3827 1659 3882 τῶν
1679 3841 1890 3880 συνεισ-

296 3940 540 4012 ρεόντων
567 3935 618 3967 τ’
644 3936 710 4006 τῇ
760 3932 913 3986 πόλει
945 3926 1252 4000 ἀνθρώπων
1291 3924 1341 3956 ’⁸
1365 3925 1430 3976 ὲκ
1468 3919 1672 3982 παντὸς
1703 3918 1889 4012 ἔθνους

295 4007 395 4088 καὶ
421 4030 594 4086 τόπου
625 4027 804 4083 ἄλλων
842 4025 974 4080 ἄλλο
1001 4039 1055 4075 τι
1102 4015 1568 4087 συνεισφερόντων
1600 4011 1768 4065 κακὸν
1795 4007 1890 4062 καὶ

290 4125 497 4180 τούτου
545 4121 625 4194 τῷ
673 4118 907 4190 πλησίον
944 4112 1341 4187 μεταδιδόντων
1396 4108 1514 4180 (καὶ
1551 4106 1662 4176 γὰρ
1705 4103 1775 4158 δι’
1823 4101 1891 4172 ῆν

293 4221 538 4288 ιίπομεν
557 4215 792 4286 ἄφθονον
818 4210 929 4264 τῶν
950 4207 1149 4281 χρειῶν
1171 4203 1440 4278 χορηγίαν
1461 4202 1509 4256 οἱ
1533 4199 1643 4253 τῶν
1665 4196 1892 4268 πλησίον

295 4310 504 4384 χωρῶν
535 4307 630 4362 καὶ
667 4305 876 4360 πόλεων
919 4302 1198 4372 ἄνθρωποι
1235 4299 1295 4351 ὲν
1336 4295 1510 4366 ταύτῃ
1537 4291 1893 4384 τὴντοϊκησιν

1985 3106 2238 3176 exemplo
2289 3106 2508 3163 discant
2562 3105 2770 3176 posteri
2822 3120 3060 3176 quonam
3113 3111 3276 3176 pacto
3305 3104 3567 3164 colendus

1987 3199 2060 3256 sit
2086 3197 2237 3254 Deus.
2269 3198 2430 3252 vivus
2466 3211 2531 3252 ac
2567 3212 2752 3263 verus,
2793 3210 2964 3266 seque
3021 3195 3090 3250 ab
3135 3195 3283 3252 omni
3346 3203 3568 3250 servent

1987 3287 2257 3343 immunes
2285 3284 2537 3351 interitu,
2561 3299 2630 3339 ne
2663 3283 2858 3338 iisdem
2889 3291 3052 3352 atque
3081 3297 3182 3336 nos
3213 3279 3444 3335 delectis
3468 3281 3569 3332 ob-

1987 3381 2134 3436 noxii
2166 3379 2405 3434 divinam
2436 3377 2492 3432 in
2525 3392 2582 3433 se
2604 3375 2886 3430 attrahunt
2917 3373 3342 3444 indignationem
3379 3371 3402 3423 ?
3430 3368 3566 3423 Nam

1987 3471 2137 3528 nulla
2163 3470 2269 3525 alia
2297 3483 2466 3526 causa
2496 3465 2754 3522 immanis
2777 3466 2928 3520 illius
2943 3478 3120 3534 ptenaa
3148 3463 3372 3532 ineque,
3407 3459 3568 3530 cujus

1987 3564 2070 3618 vel
2099 3563 2214 3620 sola
2245 3560 2510 3616 memoria
2543 3567 2700 3614 extra
2740 3555 2943 3612 mentis
2975 3556 3161 3612 sedem
3209 3569 3368 3617 exeo.
3425 3552 3572 3623 peri-

1988 3656 2171 3711 culum
2203 3652 2436 3710 fecimus
2465 3651 2573 3706 uisi
2616 3648 2687 3704 ob
2715 3663 2938 3721 pravam
2969 3647 3350 3719 perditamque
3373 3644 3570 3698 volun-

1990 3755 2176 3810 tatem,
2203 3745 2320 3802 sive
2352 3750 2576 3814 propter
2610 3742 2867 3798 dissonos
2904 3740 3264 3809 diversasque
3299 3751 3480 3791 mores
3509 3751 3574 3790 ac

1989 3837 2209 3910 ingenia
2244 3852 2340 3891 seu
2367 3837 2642 3899 instituta,
2672 3835 2822 3888 omni
2848 3848 2914 3888 ex
2950 3841 3114 3902 gente
3147 3845 3212 3886 ac
3247 3830 3371 3886 loco
3396 3829 3450 3883 in
3478 3844 3574 3882 ur-

1989 3928 2113 3982 bem
2153 3925 2549 3982 conﬂuentium
2580 3932 2745 3995 atque
2773 3922 2921 3979 aliud
2957 3923 3096 3978 alias
3129 3921 3336 3976 malum
3365 3920 3576 3989 impor-

1993 4016 2228 4072 tantium
2267 4029 2332 4070 ac
2364 4030 2489 4071 cum
2525 4013 2778 4085 proximo
2827 4011 2961 4067 illud
3018 4010 3573 4068 communicantium.

1993 4107 2135 4163 Nam
2168 4114 2398 4178 propter
2424 4120 2570 4172 eam,
2607 4119 2773 4176 quam
2813 4102 3076 4170 diximus,
3123 4102 3344 4156 uberem
3387 4114 3573 4154 rerum

1993 4200 2050 4256 in
2078 4199 2204 4255 vita:
2229 4213 2390 4257 usum
2415 4195 2910 4267 suppeditationem
2942 4192 3248 4250 vicinarum
3288 4189 3574 4260 regionum

1994 4304 2157 4364 atque
2183 4289 2404 4349 urbium
2430 4288 2627 4347 incolas
2665 4286 2897 4344 mutatis
2935 4285 3159 4343 sedibus
3184 4285 3240 4338 in
3287 4283 3390 4338 bac
3421 4283 3578 4337 habi-

300 4374 766 4474 μετ-ηλλάττοντο,
805 4395 902 4450 καὶ
943 4389 1163 4465 μάλισθ’
1211 4389 1327 4444 ὅσοι
1360 4389 1480 4448 ταῖς
1505 4385 1608 4456 ῆδη
1642 4382 1880 4455 προαλω-

1993 4387 2254 4442 tationem
2284 4385 2579 4449 locabant;
2609 4397 2676 4438 ac
2705 4380 2982 4453 praecipue
3006 4379 3099 4450 qui
3131 4393 3199 4433 ex
3243 4375 3432 4447 captis
3454 4374 3571 4444 jam

296 4493 520 4557 θείσαις
537 4493 724 4563 νήσοις
745 4491 812 4544 ὲκ
843 4487 941 4558 τῆς
971 4485 1016 4518 ⁷⁷
1041 4483 1151 4538 τῶν
1181 4479 1514 4550 δυσωνύμων
1575 4475 1892 4548 Ἀγαρηνῶν

297 4583 614 4656 ἐπιδρομῆς
670 4578 1102 4649 ὑπελείφθησαν,
1154 4572 1249 4627 ἐπὶ
1301 4571 1462 4640 τήνδε
1495 4567 1894 4640 προσέφευγον,

305 4673 614 4747 μηδεμίαν,
640 4672 716 4736 ὼς
749 4666 1154 4738 ὑπελάμϐανον,
1182 4664 1240 4716 ὲν
1266 4662 1403 4734 αὐτῇ
1436 4659 1713 4730 πολεμίων
1736 4675 1898 4726 φρον-

300 4769 434 4822 τίδα
474 4765 570 4820 τοῦ
616 4761 805 4821 λοιποῦ
836 4756 1239 4832 ποιησόμενοι),
1275 4756 1388 4811 εῐτε
1419 4755 1477 4808 δὲ
1525 4753 1687 4806 πάλιν
1715 4751 1802 4805 διὰ
1836 4749 1897 4804 τδ

303 4859 599 4930 ἀνειμένον
623 4855 709 4930 [Ρ.
727 4853 858 4927 328]
895 4853 994 4924 τῆς
1021 4850 1234 4923 τρυφῆς
1268 4847 1363 4903 καὶ
1385 4846 1743 4917 ἀφρόντιστον
1799 4842 1894 4896 καὶ

308 4951 452 5021 πρὸς
485 4950 667 5003 πᾶσαν
694 4947 890 5020 ἡδονὴν
917 4942 1162 4999 ποικίλον
1213 4940 1313 5012 τῆς
1338 4938 1527 5014 χρείας
1576 4939 1671 4992 καὶ
1702 4935 1893 5006 ἐπιτή-

305 5041 458 5094 δειον
481 5039 672 5110 ὥσπερ
694 5036 816 5092 τινά
852 5035 1026 5107 λήθην
1048 5031 1405 5100 πεπόνθαμεν
1436 5027 1532 5082 τοῦ
1583 5025 1740 5094 Θεοῦ,
1790 5036 1895 5097 μα-

1997 4479 2198 4536 insulis
2226 4476 2598 4549 perimpuros
2635 4474 2918 4547 Agarenos
2978 4472 3197 4528 illorum
3250 4467 3581 4539 grassatiuni

2000 4568 2330 4642 superstites
2380 4567 2629 4633 fuerant,
2678 4563 2747 4620 ad
2805 4578 2925 4624 eam
2973 4558 3387 4631 confugiebant,
3433 4555 3582 4636 nulla

1996 4662 2280 4731 deinceps,
2315 4667 2376 4714 ut
2409 4659 2516 4716 sibi
2555 4647 2863 4722 videbatur,
2896 4653 3134 4710 hostium
3166 4665 3296 4706 cura
3326 4646 3580 4710 solliciti,

1998 4759 2163 4822 atque
2207 4750 2264 4805 in
2309 4763 2426 4803 eam
2487 4746 2732 4801 rationes
2786 4759 2933 4799 suas.
2980 4736 3404 4795 transferebant.
3457 4731 3584 4786 Sive

1999 4858 2196 4899 rursus
2229 4839 2394 4896 etiam
2423 4848 2647 4910 propter
2678 4835 2880 4892 molles
2907 4831 3134 4890 delicias
3168 4824 3445 4898 nullisque
3463 4831 3582 4880 stu-

2001 4935 2108 4991 diis
2139 4933 2380 4988 animum
2414 4931 2780 5002 implicatum,
2832 4935 2948 4984 tum
3001 4923 3068 4980 ad
3118 4936 3337 4978 omnem
3395 4915 3583 4972 libidi-

2004 5041 2151 5089 nem,
2180 5025 2253 5080 ita
2305 5039 2407 5079 usu
2458 5021 2934 5084 subministrante,
2986 5015 3233 5089 proclive
3278 5009 3584 5080 ingenium,

313 5133 460 5203 κράν
487 5148 608 5184 τινα
640 5130 737 5183 καὶ
759 5126 1127 5194 ἀδιεξὸδευτον
1155 5121 1502 5192 πλανώμενοι
1537 5119 1766 5189 πλάνην,
1804 5118 1880 5172 κα

2007 5118 2154 5175 velut
2177 5117 2232 5172 in
2277 5114 2369 5171 Dei
2398 5117 2696 5186 quamdam
2723 5112 3059 5169 oblivionem
3102 5106 3380 5167 venimus,
3425 5102 3589 5170 longe

313 5223 505 5287 καθώς
536 5237 704 5294 φησιν
725 5223 754 5275 ὁ
780 5220 839 5273 ’Δ
851 5217 1130 5281 πόστολος,
1184 5215 1410 5276 ἕκαστος
1439 5213 1559 5276 ταῖς
1600 5212 1756 5275 ίδίαις
1781 5213 1902 5265 ἐπι-

313 5315 544 5388 θυμίαις
574 5309 977 5384 ἐπορευόμεθα,
1026 5306 1197 5370 ἀδεῶς
1227 5304 1368 5358 κατά
1399 5302 1581 5373 πάσης
1618 5300 1896 5373 ἁμαρτίας

2000 5209 2242 5281 quodam
2275 5216 2330 5264 et
2363 5207 2737 5264 inextricabili
2773 5206 2986 5260 viarum
3015 5214 3204 5257 errore
3233 5197 3300 5252 ab
3349 5197 3446 5250 illo
3485 5194 3586 5247 ali--

1994 5298 2196 5372 juncti.
2225 5297 2310 5364 Et,
2339 5308 2400 5354 ut
2431 5300 2506 5353 ait
2537 5297 2856 5370 Apostolus,
2883 5293 3270 5365 unusquisque
3295 5285 3590 5344 desideriis

1606 5462 1844 5520 ἾΑΒΙᾸΞ
1883 5455 2286 5519 LECTIONES.

391 5619 440 5650 "
471 5617 546 5683 ὡς
588 5618 646 5674 Ρ.
759 5616 868 5669 ⁷¹οί
905 5630 1015 5671 οιη.
1056 5613 1119 5666 Α.

321 5689 366 5718 "
407 5678 782 5744 euvs'tat'ivttov
811 5687 870 5741 P.
945 5687 990 5719 "
1013 5681 1315 5754 ἀνθρώπων
1339 5678 1447 5736 om.
1484 5678 1544 5734 Ρ.

1225 5613 1270 5644 ’⁸
1297 5608 1396 5679 τῆς
1427 5605 2079 5728 αὑῐτῶνῖτδεᾷσιδαιμοῐιςίας
2129 5620 2238 5660 om.
2292 5601 2350 5658 Ρ.
2420 5601 2462 5633 ⁷³
2508 5595 2930 5670 προφερομίνων
2959 5592 3022 5648 Α.

1225 5700 1315 5728 :mv
1339 5697 1447 5728 mn.
1533 5720 1544 5728 .
1688 5695 1782 5728 της
1813 5692 1922 5728 Olli.
2002 5716 2013 5728 .

1688 5692 1782 5747 της
1813 5692 1922 5731 οιιι.
1956 5692 2013 5728 ι’.

3127 5593 3170 5625 ⁷³
3193 5592 3310 5653 ταῖς
3372 5603 3480 5642 om.
3518 5583 3582 5636 Α.
