3962 6204
400 246 509 315 ιιι

1636 250 1977 314 IOANNES
2015 251 2452 319 CAMENIATA

3560 250 3665 315 544

392 361 603 417 nostris
635 362 1074 428 ambulabamus,
1105 364 1171 419 ad
1228 365 1415 419 omnia
1472 364 1707 423 licenter
1757 366 1970 423 scelera

2088 370 2379 441 ίωροῦντες
2407 369 2503 423 καὶ
2553 368 2651 438 τῆς
2683 365 2819 439 πρὸς
2852 364 3052 440 ἀρετὴν
3100 364 3342 436 ἀγούσης
3392 365 3665 439 μηδεμίαν

392 465 801 523 procurrentes,
836 463 891 510 et
932 455 1077 509 viam
1103 470 1228 527 quae
1260 455 1328 511 ad
1357 456 1620 513 virtutem
1670 457 1837 515 ducat
1875 472 1976 529 pro

393 545 567 599 nihilo
601 545 887 602 habentes.

463 638 627 709 505
662 640 751 694 t5.
785 638 941 705 Quod
971 639 1116 695 enim
1158 642 1383 697 malitia:
1434 658 1631 714 genus.
1674 652 1735 700 ut
1779 660 1973 701 verum

391 729 662 794 dicamus,
686 730 741 784 in
778 732 940 786 nobis
974 747 1082 787 non
1106 736 1507 791 exercebatur?
1535 733 1973 805 Fornicationes,

390 822 684 886 adulteria,
719 823 1102 891 immunditire,
1131 827 1280 894 odia,
1306 829 1611 895 mendacia,
1636 830 1800 895 furta,
1826 832 1975 899 lites,

389 915 801 982 contentiones,
832 917 1107 982 convicia,
1143 918 1258 983 irae,
1295 921 1523 990 rapinae,
1558 922 1844 993 injustitiae
1870 942 1886 994 ;
1916 935 1974 980 et

390 1006 663 1060 malorum
687 1008 936 1061 omnium
964 1022 1153 1074 causa,
1183 1009 1511 1078 invidentia,
1538 1026 1833 1069 commune
1857 1029 1976 1068 om-

391 1098 542 1153 nium
578 1099 823 1154 studium
856 1108 910 1154 et
942 1102 1324 1170 quotidianum
1360 1113 1528 1173 atque
1568 1102 1812 1161 forensis
1860 1121 1977 1161 me-

390 1189 587 1244 ditatio
624 1199 767 1246 erat.
801 1189 992 1262 Neque
1020 1193 1168 1247 enim
1207 1192 1353 1249 ullus
1379 1202 1633 1250 nostrum
1678 1195 1782 1251 hoc
1821 1205 1975 1253 sata-

392 1282 554 1353 gebat
588 1291 649 1338 ut
684 1284 754 1340 de
803 1286 1057 1355 proximo
1090 1285 1229 1341 bene
1277 1295 1608 1354 mereretur,
1651 1289 1747 1346 sed
1788 1298 1848 1345 ut
1896 1291 1975 1347 illi

392 1374 632 1430 invisum
664 1376 874 1446 aliquid
908 1378 1223 1448 malumque
1265 1378 1499 1435 inferret
1529 1381 1727 1438 stolide
1761 1383 1974 1438 machi-

391 1466 649 1523 nabatur.
691 1466 803 1523 Nec
836 1479 894 1523 ut
925 1483 992 1523 ex
1019 1484 1122 1525 suo
1168 1472 1347 1542 egenti
1398 1473 1686 1539 tribueret,
1743 1474 1975 1545 implens

390 1560 536 1626 quod
573 1558 971 1615 misericordiae
1000 1568 1107 1627 est,
1141 1562 1325 1617 animo
1354 1565 1663 1633 reputabat,
1692 1567 1785 1621 sed
1824 1576 1880 1621 ut
1907 1568 1977 1624 de

389 1648 569 1702 alieno
600 1651 964 1706 substantiam
1005 1664 1248 1724 augeret,
1280 1655 1575 1725 gentilibus
1614 1659 1730 1713 suis
1762 1674 1972 1730 pugna-

2080 461 2395 531 ποιούμενοι
2426 459 2771 531 ἐπιμέλειαν.

2150 638 2239 709 ιγ’.
2255 641 2415 694 Ποῖον
2430 640 2537 709 γὰρ
2562 632 2701 702 εἶδος
2717 638 2939 700 κακίας,
2962 639 3009 691 εἰ
3028 637 3112 692 δεῖ
3137 634 3372 706 ταληοὲς
3393 638 3591 703 εἰπεῖν,
3612 638 3669 691 ἐν

2076 732 2209 803 ἡμῖν
2229 732 2330 785 οῦκ
2353 730 2658 801 ἐπράττετο
2678 749 2692 795 ;
2714 732 2989 802 Πορνεῖαι,
3018 731 3281 799 μοιχεῖαι,
3301 728 3669 801 ἀκαθαρσίαι,

2082 826 2238 894 μίση,
2267 823 2459 894 ψεύδη,
2488 822 2711 888 κλοπαὶ,
2751 820 2950 894 ἔριδες,
2982 820 3333 892 φιλονεικίαι,
3384 822 3669 892 λοιδορίαι,

2080 915 2269 985 θυμοὶ,
2304 914 2632 981 πλεονεξίαι,
2654 913 2879 968 ἀδικίαιο
2907 897 2999 967 καὶ
3028 915 3056 967 ὁ
3086 913 3327 983 ἀρχηγὸς
3350 912 3458 965 τῶν
3482 912 3673 965 κακῶν

2079 1006 2278 1075 φθόνος
2308 1006 2488 1061 κοινὸν
2511 1005 2873 1077 ἐμμελέτημα
2896 1006 3021 1059 καθ’
3052 1006 3293 1076 ἑκάστην
3320 1007 3368 1039 ⁷⁸
3397 1008 3495 1059 καί
3543 1007 3676 1073 ἁγο-

2080 1100 2232 1169 ραῖον
2253 1092 2343 1169 ἦν.
2366 1100 2442 1152 Οὐ
2467 1098 2576 1169 γὰρ
2597 1098 2744 1162 ὅστις
2762 1098 2918 1169 ἡμῶν
2938 1098 3015 1170 τῷ
3030 1098 3258 1169 πλησίον
3277 1097 3472 1171 πράξει
3491 1098 3673 1163 καλῶς

2076 1192 2167 1245 διά
2204 1190 2446 1261 σπουδῆς
2481 1186 2651 1261 εἶχεν,
2676 1190 2791 1245 ἀλλ’
2834 1191 2983 1255 ὅστις
3016 1190 3165 1261 αύτῷ
3206 1190 3316 1244 τῶν
3352 1191 3673 1261 ἀϐουλήτων

2077 1279 2401 1348 ἐπενεγκεῖν
2427 1297 2481 1334 τι
2524 1279 2911 1352 φρενοϐλαϐῶς
2946 1281 3321 1334 ἐτεκταίνετο·
3376 1281 3488 1335 οὐδ’
3522 1283 3675 1346 ὅστις

2078 1373 2143 1425 ἐκ
2178 1370 2273 1425 τοῦ
2307 1371 2513 1425 οίκείου
2546 1370 2871 1442 μεταδοῦναι
2901 1371 2979 1443 τῷ
3011 1371 3270 1443 χρῄζοντι
3301 1374 3361 1427 τὺ
3386 1374 3675 1443 συμπαθὲς

2078 1461 2307 1534 πληρῶν
2331 1462 2681 1532 ἐϐεϐούλητο,
2710 1462 2826 1515 ἀλλ’
2853 1464 3005 1527 ὅστις
3038 1465 3102 1517 ἐκ
3143 1463 3238 1517 τοῦ
3292 1465 3576 1535 ἀλλοτρίου
3612 1468 3673 1521 τὸ

2077 1559 2279 1610 οἰκεῖον
2322 1556 2619 1610 πλεονάσαι
2655 1555 2795 1627 πρὸς
2827 1556 2919 1609 τὸν
2971 1556 3019 1588 τ’
3048 1556 3321 1626 ὁμόφυλον
3358 1557 3675 1629 διεμάχετο,

2081 1648 2204 1701 κατ’
2239 1645 2488 1717 ἀλλήλων
2533 1646 2974 1716 εἰρωνευόμενοι,
3013 1646 3283 1718 ἀλλήλους
3321 1647 3675 1719 πλήττοντες,

389 1739 503 1803 bat,
539 1755 663 1795 cum
697 1758 757 1797 se
789 1742 1025 1798 invicem
1051 1744 1393 1813 deriderent,
1432 1761 1627 1805 mutuo
1678 1752 1972 1820 caaderent,

2088 1738 2349 1809 ἀλλήλους
2386 1736 2772 1801 διαϐάλλοντες
2810 1737 2881 1805 ⁸⁸,
2903 1739 3012 1792 πᾶν
3033 1738 3215 1792 ὁτιοῦν
3247 1738 3418 1793 κακὸν
3451 1741 3510 1792 ἐν
3549 1741 3679 1794 ἐαυ-

390 1833 529 1886 alter
554 1833 710 1888 alteri
742 1834 1080 1890 calumniam
1116 1844 1356 1893 strueret
1387 1854 1451 1894 ac
1486 1841 1823 1910 detraheret,
1854 1846 1974 1900 nul-

392 1926 503 1979 lum
542 1940 648 1981 non
683 1927 886 1981 malum
921 1942 1110 1983 secum
1155 1930 1262 2001 ipsi
1296 1934 1693 2003 excogitarent,
1735 1938 1974 2008 pupillos

392 2017 750 2083 suﬂ'ocarent,
784 2019 1076 2077 viduarum
1111 2020 1250 2079 ﬁnes
1278 2023 1620 2092 invaderent,
1656 2028 1975 2089 inimicitias

390 2118 693 2167 necterent.
730 2112 1023 2170 Enimvero
1052 2115 1177 2184 quis
1209 2118 1410 2173 horum
1463 2121 1711 2175 omnium
1749 2123 1977 2180 exitus?

392 2202 599 2274 Torpet
630 2206 847 2262 animus
870 2222 1167 2278 rerumque
1191 2211 1553 2280 magnitudini
1576 2214 1818 2284 linguam
1850 2215 1978 2285 inji-

392 2313 519 2352 cere
539 2298 764 2365 horret;
798 2314 901 2355 nec
928 2315 1125 2357 rursus
1156 2302 1449 2370 malorum,
1483 2304 1687 2374 quibus
1707 2305 1820 2374 jam
1851 2323 1978 2377 per-

393 2388 570 2443 functi
594 2404 810 2456 sumus,
837 2390 1161 2447 meminisse
1190 2392 1559 2447 sustinebam.
1611 2394 1752 2460 Quia
1792 2404 1974 2453 tamen

394 2479 510 2534 fieri
542 2493 654 2533 non
689 2488 872 2550 potest
898 2489 957 2535 ut
983 2481 1298 2537 istiusmodi
1350 2484 1735 2539 narrationum
1776 2503 1980 2543 memo-

390 2570 532 2624 riam
561 2569 820 2637 vitemus,
864 2587 971 2642 qua
1009 2574 1222 2629 ratione
1266 2589 1408 2631 nova
1444 2576 1692 2645 quaedam
1721 2593 1784 2631 ac
1816 2580 1980 2633 terri-

392 2662 523 2717 bilis
556 2670 802 2718 narratto
833 2664 1038 2719 mundo
1070 2665 1248 2720 relicti
1301 2681 1517 2731 sumus,
1582 2668 1816 2738 periculi
1864 2684 1981 2724 ma-

392 2753 734 2823 gnitudinem
767 2765 1096 2812 narraturus
1119 2756 1348 2824 accedo,
1378 2767 1438 2812 ut
1462 2766 1517 2812 et
1538 2758 1653 2827 ipse
1679 2775 1981 2831 cognoscas

391 2861 641 2917 quanam
674 2848 788 2902 sint
845 2850 1057 2917 peccati
1093 2851 1322 2905 obsonia
1349 2858 1515 2917 atque
1547 2853 1767 2922 praemia
1799 2852 1973 2925 (Rom.

391 2953 467 3002 vt,
491 2938 764 3008 23).Cum
794 2941 939 2995 enim
976 2942 1106 2995 luxu
1155 2942 1351 3011 perditi
1393 2958 1662 3009 essemus,
1692 2945 1977 3015 voluptate

396 3030 833 3099 liquesceremus
862 3047 926 3087 ac
949 3032 1181 3089 mollitie
1204 3032 1526 3101 flueremus,
1558 3036 1829 3107 malisque
1858 3052 1976 3092 om-

2083 1834 2196 1895 τοῖς
2222 1830 2656 1900 ἐξευρίσκοντες,
2683 1830 3262 1901 ὁρφανοὺςἚγχοντες,
3296 1829 3462 1901 ὁρίοις
3486 1833 3676 1904 χηρῶν

2084 1919 2532 1991 ἐπεμϐαίνοντες,
2594 1920 2796 1991 ἔχθρας
2843 1920 3228 1985 συνάπτοντες.
3286 1923 3400 1977 Καὶ
3434 1923 3487 1976 τί
3515 1923 3583 1994 δὴ
3609 1922 3676 1976 τὸ

2084 2012 2237 2076 τέλος
2266 2011 2474 2065 τούτων
2500 2010 2792 2077 ἁπάντωνς
2842 2011 3016 2065 Ὀκνῶ
3060 2011 3158 2083 μὲν
3182 2012 3282 2082 τὴν
3312 2012 3564 2080 γλῶτταν
3598 2015 3678 2084 τῷ

2088 2106 2310 2178 μεγέθει
2343 2104 2453 2158 τῶν
2481 2102 2826 2173 πραγμάτων
2857 2106 3175 2174 ἐπαφιέναι,
3207 2105 3303 2160 καὶ
3332 2106 3432 2160 οὐκ
3462 2106 3528 2159 ἂν
3580 2108 3681 2177 ὴν-

2084 2203 2327 2274 εσχὸμην
2350 2204 2458 2256 τῶν
2505 2202 2774 2272 ἀλγεινῶν
2807 2198 3031 2253 ἐκείνων
3066 2192 3141 2252 ὧν
3173 2199 3271 2270 ἤδη
3320 2198 3680 2270 πεπόνθαμεν

2086 2297 2181 2351 καὶ
2211 2296 2371 2349 πάλιν
2407 2295 2854 2366 ἐπιμνησθῆναι·
2888 2292 3003 2346 ἀλλ’
3046 2292 3235 2362 ἐπειδὴ
3268 2291 3374 2345 τῶν
3415 2293 3682 2349 τοιούτων

2084 2387 2444 2458 διηγημάτων
2467 2388 2566 2440 οὐκ
2596 2384 2743 2439 ἔστιν
2773 2385 2923 2447 ὅπως
2950 2382 3274 2437 ὑπεκκλῖναι
3300 2382 3396 2454 τὴν
3428 2385 3677 2455 μνήμην.

2085 2480 2153 2535 δι’
2185 2475 2259 2535 ὧν
2296 2479 2373 2552 τῷ
2407 2480 2505 2550 βίῳ
2536 2478 2723 2532 καινόν
2776 2496 2828 2530 τι
2855 2475 2950 2530 καὶ
2985 2475 3215 2545 φοϐερὸν
3266 2475 3681 2546 ύπελείφθημεν

2086 2573 2362 2643 ἄκουσμα,
2396 2571 2567 2635 λέξων
2604 2569 2838 2641 ἔρχομαι
2881 2566 2975 2621 τοῦ
3026 2567 3277 2623 κινδύνου
3313 2568 3373 2621 τὸ
3422 2568 3677 2638 μέγεθος,

2088 2666 2157 2720 ἶν’
2183 2665 2332 2735 εἰδῇς
2353 2663 2449 2717 καὶ
2472 2660 2635 2724 αὐτὸς
2664 2663 2827 2715 ὁποῖα
2861 2661 2959 2731 τῆς
2990 2659 3273 2731 ἁμαρτίας
3306 2660 3415 2713 εἰσὶ
3441 2661 3509 2713 τὰ
3534 2661 3681 2731 ὀψώ-

2088 2779 2196 2814 νια.
2237 2758 2326 2810 Ἐν
2356 2755 2466 2827 ὅσῳ
2495 2755 2602 2825 γὰρ
2643 2752 2991 2823 ἐτρυφῶμεν,
3047 2754 3104 2805 ἐν
3135 2753 3245 2822 ὅσῳ
3279 2754 3677 2824 ἐσπαταλῶμεν

2089 2849 2185 2903 καὶ
2208 2851 2378 2901 πᾶσιν
2406 2847 2631 2907 ἀτόποις
2661 2843 2926 2914 διεζῶμεν
2947 2843 3399 2913 ἐπιτηδεύμασιν,
3422 2845 3511 2897 ὅτε
3540 2847 3680 2898 κατὰ

2087 2944 2149 2996 τδ
2169 2940 2458 3012 ψαλμικῶς
2488 2938 2648 3011 ῥηθὲν
2680 2935 2903 3002 πάντες
2917 2935 3263 3004 ἐξέκλιναν,
3286 2937 3404 3006 ἅμα
3433 2939 3682 3008 autem»

2090 3038 2311 3102 θησαν,
2348 3031 2449 3088 καί
2481 3032 2594 3085 οὐκ
2617 3024 2699 3101 ἦν
2723 3032 2756 3085 ό
2792 3027 3051 3097 ἐκζητῶν
3094 3028 3202 3082 τὸν
3232 3030 3400 3093 θεὸν,
3429 3031 3551 3083 τότε
3578 3032 3679 3102 τῆς

394 3122 563 3179 nibus
603 3122 871 3181 institutis
900 3125 1067 3181 vitam
1094 3126 1424 3184 duceremus
1449 3145 1465 3195 ;
1494 3100 1641 3194 cum,
1685 3140 1742 3186 ut
1768 3130 1978 3191 Psaltcs

2088 3100 2325 3199 φοϐερᾶς
2362 3125 2576 3195 ἐκείνης
2628 3100 3002 3194 ἐπειράθημεν
3058 3122 3308 3193 ἀπειλῆς,
3362 3123 3567 3193 μᾶλλον
3622 3100 3678 3177 δὲ

392 3215 634 3271 concinit
660 3216 835 3289 (Psal.
878 3233 998 3285 xm,
1024 3218 1113 3288 3),
1143 3234 1336 3277 omnes
1366 3220 1761 3291 declinassent,
1802 3226 1967 3281 simul

394 3304 617 3365 inutiles
641 3308 768 3364 facti
800 3320 1005 3377 essent,
1029 3326 1128 3367 nec
1151 3320 1298 3369 esset
1320 3314 1413 3383 qui
1448 3313 1613 3369 Deum
1642 3318 1966 3388 requireret,

2085 3217 2495 3291 καταστροφῆς,
2530 3215 2597 3271 ἵν’
2620 3214 2949 3288 οἰκειότερον
2980 3212 3141 3282 εἴπω,
3182 3211 3214 3285 ἦ
3244 3212 3465 3278 δικαίας
3513 3215 3681 3269 ἀντα-

2079 3317 2371 3377 ποδόσεως.

395 3396 557 3471 506
579 3410 710 3456 tunc
736 3405 1081 3458 tremendum
1115 3403 1251 3459 illud
1299 3405 1573 3462 minarum
1621 3409 1841 3480 pondus
1878 3412 2089 3483 experti
2121 3424 2339 3475 sumus,
2367 3405 2499 3478 quin
2526 3404 2660 3466 imo.
2732 3408 2791 3455 ut
2850 3400 3037 3456 verius
3098 3398 3303 3466 dicam,
3372 3398 3681 3455 eversionis

332 3540 337 3543 .
395 3508 493 3546 seu
510 3493 674 3561 justzn
698 3496 1099 3551 retributionis.

470 3582 554 3637 ιι.
596 3583 662 3637 Et
691 3586 980 3639 considera
1009 3586 1098 3642 hic
1139 3601 1359 3658 quoque
1412 3588 1509 3645 Dei
1560 3591 1981 3660 humanitatem,

396 3674 489 3745 qui
516 3688 626 3729 non
665 3676 782 3729 vult
825 3685 1057 3733 mortem
1090 3682 1425 3748 peccatoris,
1466 3683 1560 3738 sed
1592 3695 1650 3738 ut
1688 3698 1980 3743 converta-

396 3773 488 3817 tur
516 3771 570 3818 et
598 3762 746 3818 vivat
799 3764 1018 3837 (Ezech.
1049 3783 1244 3835 χχχιιι,
1272 3769 1397 3843 Η).
1440 3772 1579 3828 Cum
1622 3776 1768 3831 enim
1817 3778 1985 3834 sciret

398 3856 697 3926 projectam
731 3858 1299 3933 sceleStissimamque
1330 3866 1498 3921 animi
1525 3870 1701 3923 nostri
1736 3868 1803 3924 ad
1838 3871 1981 3926 mala

399 3946 755 4015 pronitatem‘,
801 3948 933 4018 quid
984 3951 1333 4007 machinatur
1380 3967 1445 4008 ac
1496 3954 1715 4010 consilii
1766 3955 1889 4025 init,
1922 3964 1983 4011 ut

397 4038 669 4106 perditum
702 4038 855 4096 illum
893 4040 1132 4098 furorem
1159 4044 1405 4101 inhibeat
1449 4055 1505 4102 et
1541 4048 1609 4102 ad
1664 4050 1982 4105 conversio-

400 4145 521 4185 nem
556 4130 784 4186 inducat
819 4131 843 4186 ἵ
869 4130 1114 4189 Primum
1145 4136 1390 4206 quidem,
1419 4154 1541 4210 qua:
1570 4138 1717 4195 dicta
1750 4156 1779 4196 a
1819 4142 1980 4200 nobis

396 4232 501 4285 est,
536 4219 894 4291 Berrhocam,
922 4224 1115 4281 urbem
1149 4226 1461 4294 ﬁnitimam,
1483 4243 1607 4284 cum
1641 4237 1756 4285 tota
1778 4232 1981 4289 vicinia

398 4323 719 4372 terraemotu
787 4318 1094 4388 quassavit,
1144 4320 1282 4375 adeo
1315 4330 1373 4376 ut
1408 4321 1565 4375 multi
1617 4336 1684 4378 eo
1729 4324 1980 4394 Oppressi

2170 3589 2253 3644 ιδ’.
2281 3588 2393 3641 Καὶ
2434 3587 2628 3640 σκόπει
2680 3583 2963 3639 κάνταῦθα
2999 3582 3094 3636 τοῦ
3131 3581 3269 3635 Θεοῦ
3302 3583 3343 3614 ⁸⁸
3378 3583 3442 3635 το
3500 3584 3683 3652 φιλανθ

2095 3683 2337 3754 θρωπον,
2367 3679 2462 3734 τοῦ
2500 3681 2576 3750 μὴ
2608 3677 2933 3749 βουλομένου
2989 3676 3079 3729 τὸν
3109 3675 3347 3729 Θάνατον
3378 3676 3473 3729 τοῦ
3505 3678 3683 3746 ἀμαρ-

2087 3773 2286 3839 τωλοῦ,
2315 3775 2389 3836 ὼς
2415 3771 2476 3824 τὸ
2508 3768 2839 3841 ἐπιστρέψαι
2874 3768 2968 3823 καὶ
3015 3768 3115 3839 ζῇν
3142 3768 3326 3822 αὐτόν.
3377 3768 3549 3832 Είδὼς
3576 3770 3678 3839 γὰρ

2082 3870 2144 3923 τὸ
2166 3868 2475 3923 ἀκάθεκτον
2500 3863 2593 3919 καὶ
2622 3862 2900 3935 μοχθηρὸν
2925 3862 3023 3932 τῆς
3049 3861 3277 3932 γνώμης
3306 3862 3470 3933 ἡμῶν
3497 3863 3587 3916 ὲπί
3612 3862 3680 3915 τὰ

2088 3959 2323 4031 πονηρὰ,
2380 3958 2432 4011 τί
2469 3957 2781 4028 μηχανᾶται
2821 3954 2957 4024 πρὸς
2987 3954 3046 4008 τὸ
3081 3954 3181 4025 τὴν
3231 3954 3410 4025 ὁρμὴν
3437 3955 3679 4025 ἐπισχεῖν

2074 4050 2323 4125 ·[Ρ.’5⁶29]
2357 4050 2457 4120 τῆς
2482 4048 2678 4111 κακίας
2719 4047 2814 4100 καὶ
2849 4046 3187 4118 ἐπιστροφῆς
3219 4046 3379 4117 ήμῶν
3424 4047 3676 4116 ἐμϐαλεῖν

2090 4147 2309 4213 αἰτίαν;
2338 4144 2562 4215 Πρῶτον
2601 4141 2701 4213 μὲν
2734 4142 2834 4213 τὴν
2884 4142 2986 4213 ἤδη
3020 4139 3306 4213 λεχθεῖσαν
3339 4141 3559 4211 γείτονα
3586 4141 3679 4194 πό-

2090 4238 2196 4303 λιν,
2220 4238 2319 4309 τὴν
2340 4237 2606 4309 Βέρῤοιαν
2628 4234 2793 4303 λέγω,
2833 4234 3364 4305 ἐπικατασεισθῆναι
3414 4234 3675 4307 πεποίηκε

2090 4331 2203 4390 τοῖς
2228 4327 2529 4399 περιοίκοις
2563 4325 2639 4389 ὡς
2670 4323 2897 4387 πολλοὺς
2922 4321 2969 4354 ⁸⁸
3000 4323 3108 4377 τῶν
3137 4325 3317 4375 ἐκεῖσε
3351 4322 3677 4394 συλληφθέν-

398 4409 688 4478 perierint.
723 4410 865 4477 Quid
909 4412 1035 4468 inde
1079 4411 1381 4481 disponens
1428 4428 1493 4469 ac
1528 4416 1876 4486 procurans?
1905 4416 1978 4473 Ut

2088 4439 2191 4475 των
2212 4417 2572 4485 ἐξαναλῶσαι,
2591 4417 2643 4471 τί
2662 4416 3033 4485 διοικούμενος
3062 4418 3126 4470 ἐκ
3149 4414 3340 4469 τούτου
3361 4433 3376 4483 ;
3403 4416 3505 4469 ’ῐν’
3523 4418 3675 4487 ἡμεῖς

397 4515 503 4557 nos
523 4500 760 4568 scilicet,
795 4502 1066 4558 malorum
1111 4502 1300 4561 divina
1341 4503 1553 4561 ultione
1584 4506 1709 4561 aliis
1740 4504 1978 4561 inﬂicto-

2088 4514 2303 4577 πάντως
2327 4513 2436 4566 τῶν
2468 4510 2681 4583 ἐτέροις
2715 4509 3126 4581 ἀπειλουμένων
3161 4508 3261 4575 τὴν
3287 4508 3547 4580 αἴσθησιν
3584 4508 3671 4562 λα-

397 4609 521 4649 ι·ιιιιι
555 4611 720 4651 scnsu
758 4604 1040 4667 percepto,
1079 4598 1301 4654 tandem
1347 4598 1647 4669 aliquando
1677 4615 1707 4654 a
1742 4602 1984 4672 propriis

399 4687 507 4757 ipsi
542 4689 702 4746 malis
748 4691 1155 4748 abstineremus
1208 4700 1480 4764 actusque
1524 4701 1745 4750 nostros
1779 4694 1845 4749 ad
1879 4694 1989 4749 vir-

398 4787 573 4836 tutem
613 4780 1001 4852 dirigeremus.
1037 4781 1268 4851 Deinde,
1310 4785 1439 4856 quia
1499 4800 1568 4842 ne
1614 4786 1709 4841 illo
1760 4786 1980 4859 quidem

398 4888 533 4930 casu
556 4874 623 4930 de
651 4876 821 4931 veteri
846 4876 1066 4948 vigente
1094 4878 1150 4933 in
1184 4878 1350 4935 nobis
1385 4877 1786 4935 consuetudine
1818 4879 1982 4950 quid-

399 4980 563 5036 quam
601 4978 1009 5035 remtseramus,
1029 4967 1098 5022 ad
1130 4969 1275 5023 aliud
1305 4969 1574 5024 machinae
1604 4984 1775 5041 genus
1795 4976 1985 5025 trans-

400 5056 464 5122 it,
500 5058 555 5114 in
583 5060 709 5115 aliis
737 5066 862 5115 ante
888 5061 1164 5130 specimen
1187 5062 1355 5117 edens
1377 5060 1498 5131 ejus
1515 5061 1847 5119 calamitatis
1871 5075 1993 5133 qua:

401 5154 559 5210 nobis
594 5154 728 5225 ipsis
766 5154 1071 5210 obventura
1101 5162 1270 5221 esset,
1299 5153 1427 5208 dum
1463 5155 1612 5209 nulla
1644 5155 1987 5225 paenitudine

404 5259 782 5314 pcecaremus.
818 5245 1122 5301 Demetrias
1152 5259 1388 5315 namque
1418 5244 1501 5300 sic
1530 5244 1705 5313 dicta,
1758 5240 1989 5300 Graeciae

404 5337 509 5391 alia
541 5338 696 5403 urbs,
726 5338 872 5394 haud
905 5340 1064 5411 longe
1092 5354 1121 5392 a
1165 5338 1329 5394 nobis
1360 5337 1581 5405 dissita,
1609 5344 1726 5392 tum
1768 5340 1987 5394 accola-

404 5444 528 5484 rum
566 5430 905 5501 frequentia,
944 5440 1061 5487 tum
1089 5433 1256 5489 rebus
1301 5432 1448 5499 aliis,
1473 5430 1673 5502 quibus
1700 5422 1868 5486 urbes
1901 5430 1985 5483 al-

405 5529 520 5575 tum
553 5535 747 5591 sapere
776 5539 841 5579 ac
866 5523 1090 5594 gloriari
1147 5524 1347 5593 solent,
1377 5537 1548 5593 supra
1579 5520 1845 5576 ﬁnitimas
1875 5520 1984 5575 alte

2087 4605 2297 4671 ϐὁντες,
2321 4604 2430 4659 τῶν
2461 4603 2606 4658 ἰδίων
2632 4602 2820 4658 κακῶν
2849 4601 3063 4672 ἀποχὴν
3096 4602 3197 4655 κᾶν
3231 4600 3332 4670 ὀψὲ
3365 4602 3501 4670 γοῦν
3528 4620 3672 4672 ποιηο

2054 4698 2317 4771 νσώμεθα
2373 4697 2469 4752 καὶ
2514 4695 2652 4766 πρὸς
2711 4694 2912 4763 ἀρετὴν
2942 4692 3039 4756 τὰς
3089 4691 3320 4762 πράξεις
3384 4694 3668 4765 ἰθύνωμεν.

2097 4789 2230 4847 Εἶτα
2256 4790 2441 4862 ἐπειδὴ
2478 4788 2670 4842 τούτου
2721 4785 3016 4855 γενομένου
3052 4787 3153 4837 οὐκ
3180 4784 3539 4856 ἐνεδώκαμεν
3585 4785 3671 4855 τῆς

2092 4883 2404 4956 κρατούσης
2432 4883 2492 4935 ἐν
2540 4881 2675 4953 ἡμῖν
2716 4876 2955 4941 παλαιᾶς
2998 4876 3311 4948 συνηθείας,
3357 4879 3447 4947 ἐφ’
3496 4881 3668 4949 ἓτερον

2093 4971 2233 5037 εἶδος
2264 4971 2514 5049 μηχανῆς
2548 4966 3138 5042 ps1a6a£vst,_xa1ﬁ1v
3168 4970 3300 5038 ἡμῖν
3353 4970 3543 5033 αὐτοῖς
3567 4972 3668 5024 Es:-

2095 5062 2222 5117 σθαι
2254 5062 2556 5135 μέλλουσαν
2590 5060 2988 5132 ἀμεταμέλητα
3044 5061 3345 5131 πράττουσι
3392 5063 3668 5135 συμφορὰν

2097 5155 2156 5206 ὲν
2211 5153 2390 5217 ἄλλοις
2427 5151 2846 5224 προῦποδείξας.
2898 5152 3221 5223 Δημητριάς
3262 5153 3372 5224 γὰρ
3408 5155 3556 5209 οὕτω
3588 5173 3671 5209 κα-

2096 5242 2334 5315 λουμένη
2364 5246 2463 5315 τῆς
2499 5243 2750 5307 Ἑλλάδος
2782 5240 2954 5313 ἐτέρα
2997 5243 3173 5310 πόλις,
3199 5244 3259 5296 οὐ
3287 5247 3508 5318 μακρὰν
3532 5247 3667 5319 ημῶν

2097 5335 2482 5407 ἀπῳκισμένη,
2511 5335 2692 5406 πολλῷ
2722 5333 2917 5405 πλήθει
2946 5333 3056 5387 τῶν
3091 5336 3396 5407 οἰκητόρων
3443 5342 3537 5391 καὶ
3575 5340 3666 5399 τοῖς

2098 5427 2279 5493 ἄλλοις
2306 5426 2387 5493 οἷς
2412 5430 2553 5500 μέγα
2576 5426 2890 5499 καυχῶνται
2921 5427 3104 5490 πόλεις
3124 5428 3237 5481 τῶν
3263 5429 3493 5498 ἔγγιστα
3518 5432 3668 5498 ὑπερ·

2091 5520 2355 5591 αιρομένη
2382 5521 2451 5587 ⁸⁸,
2479 5522 2541 5575 οὐ
2567 5520 2674 5593 πρὸ
2705 5517 2899 5572 πολλοῦ
2927 5519 3025 5589 τῆς
3053 5517 3213 5591 ἡμῶν
3237 5519 3492 5585 ἁλώσεως
3516 5522 3657 5591 ἔργον

1720 5612 1949 5668 VARUS
1986 5610 2389 5668 LECTIONES.

474 5711 519 5744 τ’
548 5710 775 5765 ἕκαστον
800 5706 857 5765 P.
920 5709 962 5742 "
996 5704 1108 5779 τὸν]
1136 5706 1194 5761 τὺ
1219 5706 1279 5764 Ρ.
1338 5709 1397 5793 ’σέ
1423 5707 1858 5769 ἐνδιαϐάλλοντες
1882 5704 1948 5760 Α.

2024 5704 2065 5739 ⁸⁸
2110 5703 2168 5759 τὸ
2200 5702 2289 5758 τοῦ
2321 5702 2455 5759 Θεοῦ
2486 5702 2545 5761 Ρ.
2627 5703 2668 5735 ⁸⁹
2704 5700 2908 5759 πολλῶν
2935 5701 2992 5759 Ρ.
3022 5700 3065 5731 ⁸³
3098 5701 3533 5774 ὑπεραιροκμμένη
3561 5697 3652 5753 ΑΡ.
