3962 6204
274 294 358 359 545
1301 297 1399 357 DE
1428 296 1744 358 EXCIDIO
1780 296 2392 359 THESSALONIC/E.

3388 297 3497 366 546

270 405 455 471 ἐγένετο
481 402 591 456 τῶν
647 402 969 475 Βαρϐάρων.
1010 402 1445 475 Πολιορκηθεῖσα
1483 405 1591 475 γὰρ
1629 405 1706 468 ὼς
1736 422 1814 476 μι-

1929 408 2285 477 supercilium
2317 408 2540 474 tollens,
2574 409 2721 465 haud
2754 410 2928 467 multo
2953 419 3082 468 ante
3113 421 3319 468 nostra
3346 418 3497 471 urbis

269 497 376 567 κροῦ
418 496 530 548 δεῖν
560 495 782 550 πάντων
814 496 861 528 ⁸⁸
890 495 1003 551 τῶν
1033 496 1125 549 ὑπ’
1150 498 1319 568 αὐτὴν
1353 498 1410 550 ἐν
1440 497 1687 569 μαχαίρᾳ
1719 515 1818 551 πε-

268 591 377 653 σεῖν,
400 588 549 642 οὐδὲν
578 588 766 657 ἓτερον
795 591 1028 659 παρεῖχε
1070 590 1213 642 νοεῖν
1236 589 1270 656 ἦ
1297 591 1409 652 τοῖς
1448 592 1639 652 κακοῖς
1667 591 1821 660 ἡμᾶς

265 681 599 751 ἐπιμένοντας
626 680 727 751 τὴν
759 681 955 751 ὁμοίαν
982 683 1181 750 πεῖραν
1215 680 1321 733 τῶν
1343 682 1690 751 πραγμάτων
1725 685 1819 734 ἐκ-

261 772 481 843 δέχεσθαι
514 773 605 826 καὶ
646 771 903 843 καθάπερ
936 773 1017 836 είς
1071 772 1317 843 ἔμψυχον
1348 772 1550 844 στήλην
1581 775 1640 827 ἐν
1674 774 1815 846 αύτῇ

260 867 319 919 τὰ
340 864 791 937 κεχρεωστημένα
819 867 956 937 ἡμῖν
988 863 1389 935 ἀναγινώσκειν
1415 864 1741 936 παθήματα.

318 1131 388 1189 ιε’.
426 1134 584 1187 Ἀ).λά
618 1134 811 1206 μηδεὶς
841 1133 1282 1206 ἀποφαινόμενόν
1324 1151 1393 1206 με
1418 1134 1616 1189 οίὲσθω
1640 1134 1813 1189 ταῦτα

255 1229 459 1298 λέγοντα
488 1228 534 1260 ⁸⁸
564 1229 645 1281 ὅτι
666 1227 732 1281 δι’
761 1230 908 1300 ἡμᾶς
938 1230 993 1283 αί
1023 1228 1211 1291 πόλεις
1236 1222 1397 1282 αὗται
1424 1226 1535 1280 τῶν
1566 1227 1813 1298 φοϐερῶν

252 1319 339 1392 τὴν
378 1322 570 1390 πεῖραν
619 1320 887 1387 ἐδέξαντο.
963 1320 1240 1390 Ὠφείλετο
1288 1318 1397 1391 γὰρ
1460 1320 1679 1385 αὐταῖς,
1736 1321 1812 1385 ὡς

250 1410 409 1482 οἶμαι,
436 1413 529 1464 καὶ
552 1411 622 1466 δι’
650 1411 861 1467 οἰκείαν
901 1412 1202 1485 μοχθηρίαν
1242 1413 1272 1467 ό
1313 1413 1575 1482 κίνδυνος,
1608 1414 1684 1478 ὡς
1718 1415 1813 1471 καὶ

250 1508 367 1577 ἡμῖν
392 1504 512 1576 μετ’
545 1505 783 1568 ὲκείνας.
815 1504 973 1572 ἀξίας
1003 1505 1556 1578 τῶνιήμαρτημένων
1594 1509 1812 1581 ἑκάστῳ

246 1599 335 1663 τὰς
361 1597 631 1669 τιμωρίας
655 1597 953 1667 ἐπάγοντος
980 1597 1074 1652 τοῦ
1104 1597 1261 1653 Θεοῦ.
1314 1599 1454 1653 Ἀλλ’
1502 1602 1561 1653 ἐν
1600 1602 1810 1665 τούτοις

245 1691 329 1740 καὶ
350 1690 494 1760 ἡμᾶς
512 1689 573 1741 ού
601 1688 701 1759 τὴν
729 1688 1000 1758 τυχοῦσαν
1026 1688 1282 1761 ἀφορμὴν
1304 1690 1402 1760 τῆς
1429 1690 1524 1744 ἐπὶ
1543 1692 1607 1744 τὸ
1625 1696 1810 1763 κρείτ-ι

244 1799 326 1835 τον
375 1781 713 1852 ἐπιστροφῆς
744 1785 841 1834 καὶ
876 1783 1155 1852 σωτηρίας
1192 1781 1416 1837 εὔκολον
1448 1778 1517 1853 ἦν
1543 1782 1804 1855 ἐξευρεῖν,
1838 1765 1884 1825 Β

241 1873 333 1943 τὴν
370 1873 597 1928 ἐκείνων
626 1874 1015 1945 καταστροφὴν
1049 1874 1260 1928 οἰκείαν
1288 1874 1594 1943 ἀσφάλειαν
1627 1893 1812 1930 ποιου-

244 1965 451 2035 μένους.
508 1964 701 2033 Ὀμως
729 1964 918 2035 ἐπειδὴ
952 1965 1042 2018 τὸν
1072 1964 1196 2018 νοῦν
1224 1966 1382 2035 ἡμῶν
1409 1960 1550 2019 εἶδεν
1582 1963 1628 1999 ⁸⁸
1652 1965 1681 2017 δ
1710 1964 1811 2030 τὰς

243 2058 465 2128 καρείας
522 2056 761 2127 ἐρευνῶν
810 2058 963 2129 πάσῃ
1000 2057 1203 2129 σπουδῇ
1258 2057 1359 2128 τῆς
1421 2058 1509 2111 ἐπ’
1564 2058 1813 2131 ἀπωλείᾳ

238 2150 475 2220 ἀγούσης
515 2148 793 2220 ἐχόμενον,
848 2148 1126 2219 μηδεμίαν
1174 2150 1219 2182 ⁸⁷
1256 2149 1356 2220 μὲν
1386 2149 1494 2203 τῶν
1528 2149 1811 2220 σωτηρίων

237 2242 461 2294 ἐντολῶν
492 2241 587 2293 καὶ
625 2240 995 2293 παιδευτικῶν
1044 2241 1339 2312 ἐνεργειῶν
1368 2241 1809 2309 ύπολειφθεῖσαν,

237 2330 298 2395 ἐξ
316 2323 388 2384 ὧν
416 2330 713 2402 αἰσθητικὴ
757 2331 854 2384 καὶ
880 2331 1126 2403 νὴφουσα
1158 2333 1303 2403 ψυχὴ
1346 2333 1409 2386 τὸ
1448 2333 1612 2387 καλὸν
1645 2351 1812 2404 μεταν

238 2422 521 2491 μανθάνει,
550 2421 922 2491 διαφεύγουσα
955 2423 1064 2477 τῶν
1115 2426 1377 2495 χειρόνων
1400 2426 1502 2487 τὰς
1558 2425 1808 2497 πράξεις,

234 2515 302 2567 δι’
334 2514 398 2578 a;
428 2515 724 2587 ἐπέρχεται
758 2517 791 2587 ἡ
846 2516 982 2588 ὀργὴ
1014 2517 1107 2570 ἐπὶ
1149 2518 1276 2583 τοὺς
1326 2520 1478 2583 υίοίις
1519 2520 1621 2591 τῆς
1656 2521 1814 2575 ἀπει-

234 2608 403 2670 θείας.
451 2606 528 2670 ῶς
586 2625 751 2679 φησιν
780 2610 808 2662 ὁ
832 2608 1179 2675 ’Λπόστολος,
1239 2611 1348 2665 ἔδει
1376 2612 1434 2664 δὲ
1465 2611 1563 2683 τὴν
1611 2614 1811 2667 κακίαν

231 2699 579 2772 ἐκτριϐἧναι,
618 2700 705 2753 ἵνα
745 2701 820 2774 μὴ
876 2704 942 2773 τῇ
971 2703 1064 2755 ἐπὶ
1109 2703 1294 2758 πλεῖον
1328 2705 1541 2777 προόδῳ
1570 2707 1663 2759 καὶ
1690 2707 1813 2761 ἐτέ-

229 2806 362 2858 ρους
392 2788 732 2858 λυμαίνοιτο,
761 2790 851 2843 διά
871 2790 1030 2844 τοῦτο
1051 2791 1265 2860 ἀφῆκεν
1294 2794 1425 2864 ἡμῖν
1451 2795 1813 2867 ἐπενεχθῆναι

228 2882 333 2949 τὴν
369 2882 611 2954 φοϐερὰν
641 2882 860 2954 ἐκείνην
895 2885 990 2937 καὶ
1016 2884 1261 2957 φρικώδη
1298 2885 1511 2960 πληγὴν
1536 2928 1553 2954 ,
1587 2889 1650 2943 ἵν’
1674 2891 1812 2961 ὅπερ

226 2974 415 3031 ἄλλων
467 2976 790 3045 πασχόντων
843 2978 1009 3047 ἡμεῖς
1060 2978 1161 3031 οὐκ
1207 2979 1619 3051 ἐδιδασκόμεοα,
1654 2983 1813 3038 τοῦτο

219 3070 395 3139 ἡμεῖς
423 3068 686 3133 παθόντες
707 3068 886 3133 ἄλλοις
916 3070 1222 3142 ὑπόδειγμα
1260 3072 1642 3146 ποιησώμεθα.

292 3333 391 3409 [Ρ.
427 3333 558 3405 5501
587 3331 684 3398 ις’.
722 3332 885 3387 Ἀλλά
933 3333 987 3387 τί
1045 3334 1126 3387 δεῖ
1189 3335 1583 3406 μακρολογεῖνς
1622 3336 1811 3408 καιρὸς

205 3428 330 3499 γὰρ
356 3427 465 3498 ἤδη
500 3426 605 3479 τῶν
660 3427 891 3497 καιρίων
943 3426 1303 3497 διηγημάτων
1346 3428 1679 3498 ἐφάψασθαι,
1717 3430 1813 3483 καὶ

206 3521 378 3580 ὅπως
432 3519 536 3589 τὴν
590 3518 859 3591 ὀδυνηρὰν
911 3518 1123 3591 ἐκείνην
1158 3519 1477 3591 πολιορκίαν
1501 3520 1814 3591 ὑπέστημεν

206 3611 588 3683 παραστῆσαι
610 3610 688 3682 τῷ
716 3610 878 3682 λόγῳ,
902 3613 978 3674 ὡς
1008 3607 1147 3665 εἶναι
1167 3614 1281 3675 τοῖς
1305 3613 1596 3682 μετέπειτα
1627 3613 1811 3667 νουθε-

205 3706 343 3768 σίας
382 3702 649 3756 ὑπόθεσιν
674 3701 767 3754 καὶ
795 3700 1061 3773 ἐναργοῦς
1081 3701 1432 3768 διδασκαλίας
1465 3703 1809 3775 παραίνεσιν.

217 3799 318 3851 Ἐν
361 3797 586 3859 τούτοις
624 3795 734 3866 γὰρ
768 3793 937 3848 όντων
971 3793 1129 3865 ἡμῶν
1186 3791 1291 3867 ἧκέ
1328 3813 1413 3859 τις
1471 3796 1814 3867 ταχυδρόμος

204 3887 465 3956 ἄγγελος
503 3884 613 3939 ἀπὸ
637 3884 732 3938 τοῦ
761 3882 1089 3956 κρατοῦντος
1119 3882 1187 3936 τά
1212 3882 1319 3937 τῶν
1360 3884 1647 3957 Ῥωμαίων
1681 3885 1815 3955 σκῆ-

210 3997 399 4052 πτρα,
436 3979 669 4041 Λέοντος
697 3976 789 4031 τοῦ
818 3975 1168 4046 φιλευσεϐοῦς
1200 3976 1449 4044 ἄνακτος,
1504 3976 1604 4048 τὴν
1627 3977 1814 4046 ἔφοδον

211 4075 332 4128 τῶν
364 4073 698 4146 Βαρϐάρων,
723 4069 869 4139 λέγω
890 4068 954 4139 δὴ
980 4068 1087 4122 τῶν
1113 4067 1445 4139 δυσωνύμων
1473 4068 1809 4140 Ἀγαρηνῶν,

210 4166 605 4240 καταμηνύων
652 4165 747 4218 καὶ
803 4163 878 4226 ὡς
909 4162 1052 4234 τάχα
1103 4159 1445 4227 ὁπλίζεσθαι,
1495 4162 1814 4233 πρόσφυγάς

206 4280 379 4325 τινας
430 4260 526 4315 ἀπ’
584 4257 766 4312 αὐτῶν
798 4256 1024 4310 ἐκείνων
1071 4255 1181 4310 τῶν
1237 4253 1537 4328 Βαρϐάρων
1589 4252 1812 4325 ἀφῖχθαι

204 4354 431 4423 λέγων,
452 4352 548 4407 καὶ
568 4350 666 4422 τὴν
696 4348 895 4422 βουλὴν
912 4346 1111 4412 αὐτῶν,
1133 4348 1256 4419 ἧτις
1286 4347 1425 4413 ἐστὶ,
1452 4346 1813 4418 προειπόντας

1922 499 2192 555 excidium
2223 499 2277 552 in
2305 497 2672 554 Barbarorum
2702 509 3027 572 potestatem
3060 504 3231 559 venit.
3261 503 3498 561 Obsessa

1920 588 2067 643 enim
2098 603 2162 643 ac
2197 596 2378 658 capta,
2409 597 2470 643 ut
2498 604 2638 659 pene
2662 606 2852 650 omnes
2887 593 2981 658 qui
3013 595 3068 648 in
3093 609 3155 650 ea
3184 603 3343 650 erant
3376 596 3497 665 gla-

1920 679 2013 733 dio
2046 678 2372 742 ceciderint,
2403 679 2540 734 nihil
2563 680 2713 735 aliud
2737 679 2897 751 507
2920 683 3271 753 cogitandum
3297 685 3497 741 animis

1919 770 2382 841 ingerebatquam
2407 770 2522 827 fore
2540 782 2596 826 ut
2612 773 2709 843 qui
2740 773 2794 827 in
2819 774 2978 830 malis
2999 790 3501 845 perseveraremus,

1919 877 2105 931 parem
2141 862 2206 917 in
2239 877 2336 919 eos
2363 862 2626 919 ultionem
2665 866 3067 935 exciperemus,
3097 875 3152 921 et
3180 876 3238 923 ut
3263 869 3421 922 velut
3442 868 3496 923 in

1919 955 2161 1010 animata
2232 958 2491 1011 columna
2552 971 2618 1012 ac
2673 959 2855 1028 cippo,
2920 975 3041 1029 qua:
3106 962 3265 1017 nobis
3318 961 3496 1017 debita

1917 1058 2103 1104 essent
2132 1049 2276 1103 mala
2330 1050 2592 1121 diraque,
2621 1050 2923 1120 perscripta
2960 1053 3284 1122 legeremus.

1990 1140 2081 1195 15.
2113 1140 2309 1196 Nullus
2361 1148 2544 1197 tamen
2590 1141 2893 1207 existimet,
2937 1141 3066 1197 dum
3103 1145 3220 1200 haec
3253 1146 3329 1199 ita
3371 1160 3495 1216 ιιι-οι

1914 1232 2134 1300 nuntio,
2162 1249 2249 1288 me
2269 1234 2410 1288 velle
2440 1234 2608 1289 hasce
2641 1232 2810 1288 urbes
2832 1233 3005 1288 nostri
3030 1249 3196 1289 causa
3216 1237 3496 1294 tremenda

1915 1322 2028 1378 hare
2060 1333 2317 1394 expertas
2348 1323 2523 1379 fuisse
2556 1324 2780 1396 illisque
2802 1325 2962 1380 malis
2994 1325 3171 1381 factas
3201 1328 3494 1383 obnoxias.

1911 1413 2046 1469 Nam
2088 1427 2143 1471 et
2188 1416 2318 1482 illis,
2357 1431 2575 1486 opinor,
2608 1417 2681 1471 ob
2711 1417 2885 1487 ipsam
2910 1433 3098 1473 earum
3128 1420 3484 1487 pravitatem,

1912 1522 2068 1575 aeque
2098 1523 2163 1562 ac
2188 1508 2352 1563 nobis
2384 1518 2509 1581 post
2539 1509 2712 1578 ipsas,
2743 1510 3150 1564 animadversio
3172 1510 3496 1577 debebatur,

1919 1596 2031 1653 Deo
2064 1599 2278 1654 scilicet
2304 1601 2520 1670 singula
2569 1615 2802 1671 quaeque
2855 1601 3065 1656 scelera
3146 1601 3310 1671 digne
3356 1602 3493 1657 ulci-

1912 1697 2121 1744 secnte.
2143 1689 2342 1745 Verum
2373 1691 2428 1745 in
2452 1691 2520 1745 iis
2543 1707 2645 1747 nos
2677 1706 2893 1762 quoque
2909 1692 3053 1746 haud
3068 1692 3237 1747 levem
3253 1693 3495 1747 occasio-

1912 1797 2035 1837 nem
2066 1782 2500 1853 meliorisjfrugis
2520 1784 2772 1839 ineunda:
2789 1792 2955 1855 atque
2977 1784 3173 1839 salutis
3209 1784 3372 1840 facile
3392 1785 3495 1839 fuit

1914 1875 2181 1940 invenire,
2232 1876 2308 1930 ita
2338 1876 2600 1930 nimirum
2638 1884 2697 1931 ιιι
2735 1892 2923 1932 carum
2957 1891 3091 1931 casu
3127 1891 3378 1947 noxaque
3406 1893 3495 1933 res

1913 1977 2132 2023 nostras
2156 1969 2208 2021 in
2237 1976 2356 2022 tuto
2373 1968 2792 2023 collocaremus.
2826 1968 3308 2022 Verumenimvero
3360 1968 3493 2037 quia

1911 2057 1959 2113 is
1998 2059 2089 2127 qui
2121 2057 2284 2112 corda
2314 2065 2597 2112 scrutatur
2621 2057 2813 2127 (Psal.
2844 2072 2943 2122 vn,
2978 2056 3077 2125 10)
3117 2055 3360 2110 animum
3389 2072 3490 2111 n0-

1913 2158 2092 2203 strum
2126 2149 2277 2204 omni
2311 2149 2495 2204 studio
2525 2149 2734 2204 haerere
2767 2156 2998 2204 noverat
3040 2149 3140 2203 viae
3179 2163 3302 2218 quae
3338 2147 3495 2204 ducit

1913 2241 1982 2296 ad
2010 2242 2315 2307 interitum,
2347 2256 2474 2297 cum
2506 2242 2646 2297 nihil
2671 2241 2720 2297 ei
2747 2241 3072 2297 salutarium
3108 2239 3490 2295 mandatorum

1914 2334 2454 2405 castigationumque
2490 2335 2735 2399 deesset,
2780 2349 3017 2405 quorum
3067 2348 3235 2388 sensu
3288 2332 3356 2387 ad
3401 2348 3494 2387 so-

1913 2425 2207 2482 brietatem
2241 2427 2504 2482 reduetus
2546 2428 2765 2483 animus
2795 2434 3008 2481 mutato
3059 2426 3313 2490 consilio,
3344 2425 3492 2496 quod

1914 2518 2206 2573 honestum
2237 2533 2303 2573 ac
2344 2518 2507 2573 officii
2542 2526 2657 2585 est,
2710 2518 3001 2585 condiscit,
3057 2518 3236 2571 vitans
3286 2517 3492 2571 scelera

1915 2609 1988 2665 ob
2023 2624 2144 2680 quae
2172 2611 2252 2665 ira
2300 2610 2505 2680 ingruit
2553 2610 2608 2664 in
2664 2609 2806 2664 ﬁlios
2859 2607 3263 2673 iuobedientiae,
3318 2616 3378 2661 ut
3415 2605 3494 2662 ait

1911 2702 2209 2773 Apostolus
2270 2701 2510 2774 (Ep/tes.
2550 2718 2619 2765 v,
2679 2701 2773 2769 ϐ),
2838 2701 3175 2771 decebatque
3225 2699 3492 2756 malitiam

1913 2794 2040 2850 elidi
2065 2809 2129 2849 ac
2156 2794 2385 2862 aboleri,
2423 2809 2492 2851 ne
2525 2794 2706 2865 majus
2747 2793 3141 2848 incrementum
3172 2791 3376 2847 faceret
3404 2802 3490 2846 at-

1913 2897 2020 2954 que
2052 2882 2178 2938 aliis
2210 2899 2408 2939 noxam
2441 2881 2692 2947 inferret,
2729 2881 2938 2937 idcirco
2964 2880 3297 2937 tremendam
3343 2879 3488 2935 illam

1916 2983 2082 3046 atque
2124 2974 2457 3029 horrendam
2490 2975 2710 3045 plagam
2756 2974 2918 3029 nobis
2970 2972 3188 3039 inflixit,
3235 2982 3293 3027 ut
3344 2970 3492 3043 quod

1837 3102 1881 3162 α
1917 3068 2147 3122 aliorum
2178 3067 2338 3123 malis
2362 3066 2667 3136 praeumniti
2694 3080 2800 3120 non
2824 3065 3212 3130 didiceramus,
3239 3065 3360 3133 ejus
3389 3077 3493 3119 nos

1916 3157 2061 3224 aliis,
2096 3165 2285 3211 nostro
2313 3155 2419 3224 ipsi
2452 3154 2730 3226 periculo,
2755 3153 3007 3223 exemplo
3035 3168 3281 3209 essemus
3310 3167 3375 3208 ac
3395 3153 3494 3208 do-

1916 3256 2193 3304 cumcnto.

1986 3336 2150 3408 508
2175 3337 2261 3392 16.
2297 3336 2402 3393 Sed
2431 3337 2564 3407 quid
2592 3352 2814 3392 necesse
2869 3337 3174 3391 orationem
3224 3335 3443 3393 trahere
3469 3336 3493 3391 ί

1914 3427 2033 3483 σιίιιιι
2072 3430 2219 3485 enim
2252 3440 2467 3501 tempus
2499 3440 2582 3486 est
2628 3432 2941 3484 necessaria
2998 3444 3180 3484 rerum
3214 3437 3490 3484 momenta

1916 3522 2158 3594 aggredi,
2191 3537 2256 3577 ac
2292 3522 2511 3578 modum
2552 3537 2662 3593 quo
2718 3522 2893 3576 diram
2948 3519 3095 3574 illam
3148 3518 3490 3575 obsidionem

1919 3615 2241 3685 pertulimus
2282 3630 2541 3670 sermone
2571 3614 2797 3679 referre,
2822 3628 2930 3683 quo
2955 3613 3170 3668 scilicet
3208 3610 3335 3665 inde
3385 3626 3491 3682 po-

1916 3706 2080 3762 steris
2111 3706 2504 3763 admonitionis
2546 3716 2927 3778 argumentum
2953 3721 3015 3759 ac
3051 3705 3189 3759 ratio
3220 3704 3493 3773 clamque

1915 3798 2178 3854 doctrinae
2205 3796 2520 3852 adhortatio
2549 3797 2642 3853 sit.
2704 3795 2921 3852 Etenim
2974 3810 3099 3849 cum
3149 3810 3240 3850 res
3286 3800 3494 3849 nostra:

1916 3890 1993 3944 ita
2030 3905 2091 3944 se
2117 3889 2408 3955 haberent,
2458 3888 2608 3943 celer
2659 3888 2884 3956 quidam
2942 3902 3140 3942 cursor
3200 3885 3427 3939 nuntius
3459 3899 3489 3938 a

1915 3979 2116 4048 Leone,
2145 3980 2393 4050 piissimo
2418 3979 2752 4049 imperatore
2808 3987 2923 4033 tum
2987 3978 3203 4048 imperii
3254 3975 3489 4031 Romani

1915 4083 2131 4144 sceptra
2160 4070 2501 4137 moderante,
2526 4070 2676 4125 venit
2702 4086 2717 4125 :
2742 4070 3109 4125 Barbarorum
3141 4067 3490 4140 (inauspicati

1914 4166 2121 4223 scilicet
2147 4164 2385 4220 nominis
2405 4172 2568 4235 atque
2588 4163 2787 4219 ominis
2809 4163 3204 4234 Agarenorum)
3232 4160 3495 4229 irruptio-

1914 4273 2037 4314 nem
2068 4254 2420 4323 denuntians,
2463 4257 2531 4311 ad
2556 4269 2708 4309 arma
2757 4255 2942 4312 statim
2975 4253 3272 4309 convolare
3310 4251 3490 4322 jubet.

1916 4350 2147 4406 Venisse
2178 4348 2442 4422 profugos
2473 4348 2743 4420 quosdam
2770 4362 2837 4402 ex
2889 4346 3024 4416 ipsis
3070 4343 3351 4410 Barbaris,
3393 4357 3493 4398 eo»

202 4446 294 4516 τῷ
334 4444 584 4516 βασιλεῖ,
608 4441 703 4496 καὶ
740 4441 824 4494 ὅτι
854 4440 1036 4492 πᾶσαν
1063 4436 1162 4507 τὴν
1192 4437 1369 4509 ὁρμὴν
1413 4437 1507 4491 ἐπὶ
1535 4436 1689 4507 τήνδε
1717 4453 1814 4489 πε-

1920 4459 2150 4516 rumque
2180 4442 2397 4498 consilii
2448 4442 2835 4513 imperatorem
2899 4436 3345 4510 praemonuisse:
3391 4434 3496 4489 in:-

201 4537 513 4607 ποίηνται,
540 4533 647 4589 ὑπὸ
680 4531 889 4585 πολλῶν
924 4530 1026 4602 ἤδη
1045 4528 1155 4581 τῶν
1182 4528 1275 4581 ὑπ’
1294 4528 1474 4581 αὐτῶν
1506 4545 1814 4599 προχειρω-

199 4629 441 4683 θέντων
499 4624 889 4699 βεϐαιωθέντες
939 4622 1016 4685 ὡς
1065 4618 1374 4692 ἀτείχιστός
1424 4620 1572 4672 ἐστιν
1619 4620 1684 4672 ἐκ
1716 4619 1810 4673 τοῦ

205 4720 367 4788 πρὸς
399 4720 679 4774 θάλασσαν
706 4717 906 4788 μέρους
923 4714 1018 4768 καὶ
1041 4714 1163 4774 ταῖς
1180 4710 1287 4766 ἀπὸ
1307 4711 1414 4764 τῶν
1441 4710 1585 4781 νηῶν
1613 4709 1813 4781 μάχαις

215 4814 668 4886 εύεπιχείρητος.
703 4810 918 4880 Ταύτης
938 4808 1030 4862 οὖν
1062 4805 1423 4877 ἀγγελθείσης
1445 4805 1544 4876 τῆς
1571 4806 1814 4876 πονηρᾶς

218 4902 522 4973 ἀγγελίας,
557 4901 722 4974 θροῦς
755 4902 854 4972 μὲν
884 4899 1100 4968 ἐγένετο
1144 4896 1288 4951 κατά
1319 4898 1502 4950 πᾶσαν
1526 4896 1623 4967 τὴν
1658 4895 1813 4949 πόλιν

213 4995 319 5047 καὶ
349 4996 527 5065 φόϐος
561 4994 661 5047 καὶ
688 4993 949 5064 τάραχος,
1002 4988 1307 5060 ἀσυνήθους
1342 4987 1668 5059 πράγματος
1720 4986 1815 5041 καὶ

213 5087 477 5159 φοϐεροῦ
502 5088 623 5149 ταῖς
644 5086 838 5147 ἀκοαῖς
868 5083 1024 5154 ἡμῶν
1059 5082 1118 5135 ἐν
1157 5081 1355 5151 ἀρχαῖς
1389 5079 1811 5150 προσπεσόντος,

208 5172 689 5251 ὲϐουλευσάμεθα
709 5177 789 5242 δέ,
813 5174 981 5246 οῐμοιί
1002 5174 1103 5245 τὴν
1122 5173 1327 5226 οίκείαν
1354 5171 1815 5244 περιποιήσασθαι

201 5274 539 5346 σωτηρίαν,
572 5272 671 5326 καὶ
705 5272 806 5325 ὅσα
833 5268 970 5340 πρὸς
1016 5267 1116 5337 τὴν
1154 5268 1262 5320 τῶν
1295 5265 1553 5319 ἐναντίων
1602 5265 1815 5335 ἄμυναν

191 5368 613 5438 καταρτίξειν,
649 5362 747 5418 καὶ
794 5362 931 5433 πρὸς
960 5360 1051 5413 τὸν
1080 5357 1203 5413 κατ’
1243 5356 1422 5411 αὐτῶν
1464 5357 1699 5426 πόλεμον
1734 5356 1813 5409 δι-

179 5460 573 5531 εγείρεσθαι.
634 5454 783 5527 Πλὴν
837 5454 1042 5523 ἔκαμνε
1080 5451 1180 5522 μέν
1224 5451 1253 5503 ὁ
1295 5448 1553 5520 λογισμὸς
1582 5448 1814 5502 ἑκάστου

173 5554 324 5605 καὶ
358 5557 487 5615 ταῖς
522 5551 710 5613 ἄλλαις
746 5540 1042 5620 μερίμναις
1100 5541 1199 5614 τῆς
1227 5540 1487 5612 ἀπειρίας
1521 5539 1616 5593 τοῦ
1646 5540 1816 5610 μάχε-

1922 4544 2106 4608 petum
2158 4548 2375 4589 omnem
2410 4548 2604 4587 versus
2656 4530 3110 4587 Thessalonicam
3142 4538 3376 4593 vertere,
3427 4540 3491 4580 ea

1921 4629 2131 4684 scilicet
2168 4628 2403 4693 ratione,
2434 4623 2582 4696 quod
2610 4640 2673 4681 ex
2713 4622 2960 4694 pluribus
2990 4620 3100 4691 jam
3134 4620 3202 4674 ab
3238 4619 3320 4675 eis
3350 4617 3492 4673 bello

1924 4717 2098 4792 captis
2129 4734 2193 4773 ac
2244 4717 2554 4789 subjugatis
2608 4725 2757 4771 certo
2820 4712 3138 4777 didicerint,
3180 4725 3284 4781 qua
3340 4718 3493 4781 parte

1920 4812 2147 4883 respicit
2178 4825 2349 4876 mare,
2388 4810 2556 4864 nullis
2596 4824 2717 4863 eam
2767 4806 2912 4878 cingi
2981 4804 3254 4859 moenibus
3317 4816 3492 4872 exque

1922 4908 2155 4961 navibus
2204 4911 2458 4960 conserta
2510 4914 2692 4971 pugna
2743 4897 2904 4953 facile
2962 4894 3261 4967 expugnari
3312 4906 3489 4963 posse.

1923 4998 2062 5051 Malo
2115 4997 2219 5050 hoc
2269 4994 2436 5065 igitur
2495 4993 2660 5047 allato
2705 4990 2899 5045 nuntio
2946 5003 3042 5059 pcr
3080 4995 3246 5041 totam
3299 4978 3495 5037 urbem

1923 5103 2112 5143 rumor
2145 5087 2377 5151 diditur,
2414 5085 2685 5155 timorque
2720 5099 2783 5138 ac
2811 5080 3069 5137 titubatio
3099 5092 3291 5133 omnes
3322 5090 3490 5129 occu-

1926 5189 2035 5249 pat,
2058 5180 2272 5235 insueta
2306 5178 2465 5250 plane
2501 5194 2559 5232 re
2596 5186 2760 5248 atque
2797 5172 3078 5229 tremenda
3112 5178 3224 5223 tum
3251 5166 3488 5237 primum

1926 5271 2128 5327 nostris
2193 5273 2419 5327 auribus
2483 5270 2697 5341 illapsa.
2753 5268 2829 5322 Eo
2880 5265 3038 5320 nobis
3088 5258 3296 5332 (heu!)
3332 5270 3491 5313 versa

1923 5363 2176 5430 consilia,
2210 5372 2269 5417 ut
2318 5362 2550 5418 salutem
2606 5367 2850 5414 nostram
2900 5364 3229 5415 tutarentur,
3276 5364 3340 5403 ac
3367 5362 3492 5419 qua:

1922 5451 2159 5507 arcendo
2192 5454 2379 5508 hostes
2412 5460 2599 5508 essent
2631 5449 2813 5505 omnia
2851 5458 3191 5516 pararemus,
3223 5448 3385 5511 atque
3422 5439 3488 5492 ad

1921 5543 2123 5597 bellum
2165 5545 2550 5601 sustinendum
2604 5539 2803 5596 animis
2850 5536 3233 5593 etcitanemur.
3286 5529 3487 5585 Verum

1502 5630 1739 5688 VARIA'I
1771 5633 2175 5693 LECTIONES.

259 5730 343 5765 ,δ
366 5731 635 5797 “in”?
710 5729 755 5763 ιι
776 5728 956 5800 λέγειν
982 5726 1007 5780 2
1095 5727 1141 5761 ⁸⁸
1158 5722 1298 5783 οἶδεν
1328 5725 1438 5783 AP.
1514 5725 1560 5759 ⁸⁷
1585 5723 1880 5798 μηδεμίαν]
1904 5726 1999 5782 καλ
2021 5727 2293 5801 μηδεμίαν
2313 5729 2335 5786 7
