3962 6204
452 285 557 348 {47

1685 278 2025 341 JOANNES
2050 273 2489 338 CAMENIATA

3622 258 3725 322 548·

453 400 776 456 concidebat
831 400 1103 471 cujusque
1141 398 1383 463 animus,
1434 411 1558 451 cum
1602 394 1727 451 aliis
1768 394 2037 465 disiectus

2168 392 2285 453 θαι,
2319 390 2485 460 μήπω
2511 385 2606 441 τοῦ
2633 385 2961 459 πράγματος
3008 380 3083 433 ὣν
3112 380 3171 435 δν
3202 376 3391 471 πείρα,
3424 375 3546 471 μηδ’

452 494 626 558 curis,
654 494 801 564 quod
832 495 973 549 bello
1029 492 1305 562 inexperti
1356 504 1582 546 eramus
1638 488 1903 560 nulloque
1955 487 2035 543 rei

456 603 583 653 usu,
614 602 713 643 nec
743 597 801 642 ut
830 588 949 659 ipsa
980 586 1101 656 ejus
1130 584 1377 640 ducenda
1409 583 1633 639 exordia
1665 595 2035 649 noveramus;

457 690 569 733 tum
601 696 733 735 vero
766 680 940 749 magis
985 678 1130 749 quod
1188 693 1383 732 murus
1431 677 1569 732 nihil
1619 676 1851 732 idoneus
1899 682 2038 740 erat,

456 783 568 837 quo
614 777 671 823 et
733 768 901 838 509
956 768 1195 822 hostium
1249 767 1515 837 impetum
1561 766 2039 836 exspectabamus,

456 860 701 913 omnium
746 860 961 914 animos
991 859 1382 929 desperatione
1414 858 1725 927 mergebat.
1782 858 1860 912 Ac
1908 871 2043 912 sane

457 966 543 1005 res
579 959 836 1021 suspecta
866 961 1005 1013 erat,
1044 967 1153 1006 non
1211 952 1390 1007 solum
1454 948 1615 1004 nobis
1681 949 1829 1003 bello
1890 949 2041 1004 inex-

459 1045 629 1113 periis
683 1059 747 1099 ac
806 1044 1136 1107 inermibus,
1192 1042 1287 1099 sed
1347 1052 1400 1097 ct
1457 1043 1501 1097 si
1558 1042 1651 1112 qui
1715 1041 1828 1110 jam
1888 1056 2049 1097 eser-

458 1138 608 1191 citati
659 1137 975 1193 istiusmodi
1030 1152 1216 1191 rerum
1306 1151 1505 1192 causas
1582 1136 1832 1207 apprime
1881 1134 2047 1191 calle-

460 1236 603 1281 rent.

540 1320 631 1372 17.
660 1317 852 1389 Itaque
878 1318 930 1371 in
961 1331 1083 1371 eam
1139 1316 1468 1373 sententiam
1519 1317 1741 1383 ivimus,
1804 1317 1851 1373 si
1917 1315 2049 1388 quid

462 1419 614 1467 esset
643 1411 1007 1471 moliendum,
1043 1410 1095 1463 id
1118 1424 1242 1464 esse
1278 1409 1331 1464 in
1360 1411 1483 1480 ipso
1512 1424 1672 1466 muro
1713 1412 2048 1476 conandum,

460 1509 515 1554 et
540 1509 667 1556 ante
710 1501 898 1555 omnia
951 1501 1105 1556 illius
1167 1501 1457 1556 securitati
1490 1510 1545 1557 et
1577 1503 1632 1557 in
1659 1503 1856 1558 melius
1908 1503 2052 1557 refe-

462 1591 629 1646 ctioni
660 1591 1127 1661 prospiciendum.
1162 1590 1410 1662 Cogitata
1438 1607 1545 1646 non
1574 1591 1829 1647 laudabat
1856 1594 1951 1664 qui
1986 1594 2057 1649 ab

464 1685 797 1753 imperatore
828 1685 1082 1737 nuntium
1124 1684 1287 1740 nobis
1332 1685 1594 1740 attulerat
1633 1685 1908 1757 (Petronte
1956 1701 2055 1741 no-

2139 483 2238 554 τὴν
2261 482 2437 553 ἀρχὴν
2460 479 2730 552 λαμὸάνει
2784 474 3167 544 δεδιδαγμένος
3189 489 3203 504 ’
3248 470 3415 524 πλέον
3461 468 3518 523 δὶ
3555 468 3621 521 τὸ
3646 467 3717 538 μὴ

2142 573 2448 644 ἐπιτήδειον
2473 567 2614 626 εἶναι
2643 571 2705 624 τὸ
2727 570 2772 603 ⁸⁸
2804 572 2983 639 τεῖχος
3009 564 3141 621 ἔνθα
3166 564 3262 619 καὶ
3290 563 3391 633 τὴν
3418 560 3720 631 προσϐολὴν

2142 663 2506 735 ἐσκοποῦμεν,
2541 663 2640 727 τὰς
2700 662 2961 716 ἁπάντων
2996 660 3178 730 ψυχὰς
3228 653 3598 718 κατεδύονζε·
3632 653 3722 706 xui.

2142 756 2253 829 γὰρ
2275 752 2346 829 ἦν
2369 755 2443 819 ὡς
2463 754 2681 825 άληθῶς
2704 754 2972 817 ῦποπτον,
3000 754 3064 806 οὐ
3097 752 3260 823 μόνον
3283 752 3398 814 τοῖς
3428 750 3723 818 diruptam-

2142 849 2331 921 λέμοις
2357 848 2450 903 καὶ
2476 848 2698 913 ἀόπλοις
2724 849 2877 919 ἡμῖν,
2908 844 3143 917 ἀλλ’ἧδη
3172 846 3270 899 καὶ
3288 844 3470 908 αὐτοῖς
3493 842 3610 904 τοῖς
3638 856 3727 907 γι-

2148 945 2559 1014 γυμνασμένοις
2583 942 2678 997 καὶ
2714 941 3189 1013 προαποκειμένας
3217 938 3398 1010 ἔχουσι
3424 938 3469 971 ⁸⁸
3489 935 3589 997 τὰς
3625 933 3727 987 τῶν

2144 1036 2406 1090 τοιούτων
2438 1037 2788 1107 πραγμάτιον
2820 1035 3023 1098 αἰτίας.

2226 1301 2312 1368 ιζ’.
2361 1300 2841 1372 Ὲῦουλευσάμεθα
2869 1299 2914 1353 δ’
2953 1295 3068 1365 οῦν,
3106 1301 3161 1353 ετ
3199 1315 3254 1353 τι
3280 1298 3375 1354 καὶ
3415 1298 3526 1352 δέοι
3559 1297 3736 1369 πράτ-

2150 1417 2288 1461 τειν,
2311 1400 2369 1452 ὲν
2387 1399 2536 1467 αὐτῷ
2565 1398 2827 1469 πράττειν
2850 1396 2931 1468 τῷ
2953 1395 3129 1467 τείχει
3150 1394 3244 1450 καὶ
3265 1391 3491 1467 πρώτης
3520 1392 3732 1463 εχεσθαι

2153 1493 2253 1563 τῆς
2277 1490 2442 1547 αὐτοῦ
2467 1490 2773 1560 ἀσφαλείας
2795 1489 2892 1543 καὶ
2921 1488 3060 1559 πρὸς
3083 1486 3146 1541 τὸ
3164 1490 3416 1558 κρεῖττον
3439 1487 3737 1558 μεταποιή-

2157 1601 2316 1648 σεως.
2351 1584 2427 1637 Οὐ
2470 1581 2825 1637 συνεϐούλευε
2858 1581 2903 1635 δ’
2936 1583 3072 1651 ἡμῖν
3101 1580 3262 1635 τοῦτο
3289 1580 3430 1644 τέως
3474 1579 3506 1633 ό
3533 1576 3737 1648 ταύτην

2155 1679 2290 1749 ἡμῖν
2319 1676 2419 1747 τὴν
2452 1676 2715 1746 ἀγγελίαν
2738 1676 2877 1748 πρὸς
2906 1675 3000 1730 τοῦ
3046 1674 3316 1747 βασιλέως
3347 1673 3588 1745 κομίσας
3610 1673 3735 1742 (Πε-

463 1791 587 1829 men
616 1775 782 1846 erat),
816 1776 900 1829 vir
948 1777 1515 1847 protospathariorum
1578 1756 1853 1849 ascriptus
1897 1789 2051 1834 cata-

2168 1771 2365 1841 ερωνᾶς
2396 1769 2451 1824 δὲ
2480 1761 2637 1833 οὗτος
2668 1769 2940 1836 ἐκαλεῖτο,
2974 1767 3053 1839 τῷ
3084 1766 3371 1838 καταλόγῳ
3395 1766 3505 1821 τῶν
3528 1782 3740 1837 πρωτο-

466 1867 748 1936 logo;cui
812 1876 931 1923 erat
989 1869 1307 1939 impositum
1376 1878 1437 1925 ut
1483 1870 1767 1936 paululum
1829 1871 1885 1926 in
1916 1871 2056 1927 urbe

463 1971 906 2014 commoraretur
948 1975 1221 2031 opemque
1269 1976 1426 2017 suam
1483 1961 1761 2018 conferret
1805 1971 1860 2017 et
1890 1962 2056 2020 rebus

466 2052 654 2105 debita
690 2052 939 2106 subsidia
980 2053 1450 2109 subministraret.
1483 2053 1533 2110 Is
1559 2053 1706 2109 aliud
1756 2055 2055 2125 sapientis-

464 2145 662 2197 simum
701 2145 1019 2212 consilium,
1061 2146 1265 2217 quippe
1294 2147 1452 2202 valde
1472 2147 1665 2203 eliicax
1697 2163 1761 2203 ac
1792 2135 2054 2214 salttiare,

470 2252 532 2291 se
571 2237 848 2292 invenisse
876 2239 1079 2305 aiebat,
1115 2238 1223 2294 nisi
1256 2238 1388 2294 illud
1428 2254 1645 2311 quoque
1704 2242 1913 2297 seclera
1962 2258 2059 2298 no-

467 2337 581 2383 stra
610 2330 992 2397 dissipassent,
1057 2346 1181 2401 quae
1227 2341 1420 2388 nostro
1470 2332 1686 2388 excidio
1744 2336 2061 2391 sternebant

467 2422 634 2478 viam.
666 2421 915 2492 Namque
951 2438 1078 2477 cum
1112 2425 1238 2480 aliis
1270 2425 1354 2479 vir
1391 2425 1505 2491 ille,
1552 2426 1649 2481 sed
1685 2428 1923 2484 maxime
1969 2445 2060 2485 re-

471 2527 592 2567 rum
625 2515 963 2583 experientia
992 2522 1301 2585 praestaret,
1348 2517 1491 2571 intra
1528 2532 1588 2573 se
1621 2518 1801 2588 ipsum
1856 2521 2063 2574 exami-

471 2620 628 2667 nans,
666 2607 712 2659 si
764 2605 817 2659 in
856 2608 1219 2663 exstruendis
1270 2609 1442 2664 muris
1503 2622 1638 2664 cura
1690 2610 2059 2674 adhiberetur,

476 2699 713 2752 maxima
751 2700 874 2754 urbi
908 2700 1165 2755 adfutura
1198 2700 1569 2768 incommoda,
1600 2710 1654 2756 et
1686 2703 1860 2758 nihilo
1894 2704 2064 2775 magis

474 2790 542 2844 iis
567 2805 626 2845 se
661 2791 1042 2860 profecturum
1075 2793 1167 2862 qui
1198 2802 1329 2847 ante
1363 2793 1541 2863 ipsmn
1580 2795 1767 2850 simile
1802 2809 1940 2864 Opus
1968 2800 2065 2866 ag;

474 2883 646 2953 gressi
677 2891 886 2948 essent,
916 2884 984 2937 ad
1012 2883 1162 2937 aliud
1194 2885 1514 2939 securitatis
1565 2899 1740 2955 genus
1794 2886 1885 2956 (et
1933 2893 2062 2939 nota

473 2986 641 3042 quam
667 2981 850 3040 aptum
885 2986 949 3026 ac
980 2972 1495 3044 peropportunum)
1530 2974 1771 3028 animum
1807 2974 2059 3029 advertit.

474 3062 874 3119 Considerabat
914 3065 1083 3128 enim,
1116 3080 1242 3119 cum
1297 3080 1426 3136 pars
1461 3065 1614 3122 urbis
1660 3077 1794 3121 noto
1838 3066 2063 3122 adversa

475 3157 705 3213 marinis
737 3158 899 3228 aquis
924 3166 1037 3213 tota
1067 3158 1549 3228 circumlueretur,
1581 3159 1628 3216 si
1672 3158 1801 3215 inde
1841 3159 2067 3216 Barbari

476 3263 627 3304 arma
658 3251 977 3317 movissent,
1007 3252 1271 3322 quidquid
1296 3252 1634 3318 libuisset,in
1658 3268 1721 3309 ea
1752 3252 1911 3308 facile
1938 3252 2069 3308 οιτο-

477 3352 686 3409 cturos,
744 3356 868 3398 cum
925 3359 1084 3400 nemo
1144 3345 1386 3414 ipsorum
1443 3346 1696 3401 ascensui
1767 3346 1821 3400 in
1884 3361 2070 3401 muros

479 3436 500 3504 (
526 3435 678 3505 ipsos
734 3436 971 3493 humiles
1000 3452 1065 3491 ac
1098 3444 1259 3492 terrae
1293 3438 1623 3508 contiguos)
1674 3436 2071 3505 impedimento

480 3529 644 3599 510
670 3545 794 3585 esse
826 3536 1013 3596 posset
1040 3545 1054 3582 :
1103 3543 1228 3581 nam
1256 3529 1478 3582 navium
1513 3529 1713 3598 puppis
1748 3530 1822 3583 ita
1848 3528 2063 3585 emine-

481 3620 595 3683 bat,
631 3628 689 3671 ut
728 3635 792 3674 ex
822 3634 885 3672 ea
934 3628 1195 3688 tanquam
1231 3633 1300 3674 ex
1334 3620 1458 3675 loco
1502 3621 1779 3690 superiori
1831 3622 1886 3675 in
1943 3635 2073 3692 pro-

482 3712 810 3782 pugnaculis
840 3711 1201 3767 immorantes
1232 3712 1475 3769 hostium
1502 3711 1702 3782 iaculis
1729 3713 1953 3769 obnoxii
1976 3729 2071 3770 es-

482 3810 626 3859 sent.
700 3803 905 3858 Statuit
960 3804 1127 3877 igitur
1179 3821 1432 3875 aggerem
1490 3805 1782 3877 quemdam
1847 3814 2073 3877 arteque

483 3895 767 3952 factitatas
791 3895 1027 3954 insidias
1059 3898 1114 3952 in
1153 3900 1311 3968 aquis
1363 3899 1500 3969 ipsis
1537 3899 1835 3965 occultare,
1869 3899 2073 3970 quibus

485 3989 757 4045 securitas
789 3990 1213 4063 urbisimulque
1245 3992 1500 4047 hostibus
1531 3992 1876 4047 obstaculum
1912 3990 2071 4048 foret.

484 4080 656 4137 Erant
686 4097 922 4154 namque
960 4084 1015 4138 in
1050 4093 1224 4139 tractu
1253 4085 1407 4140 urbis
1446 4084 1513 4139 ad
1551 4083 1827 4141 Orientem
1873 4101 1937 4140 ac
1976 4083 2076 4141 Oc-

485 4176 756 4233 cidentem
790 4187 1048 4250 vergente
1090 4178 1328 4250 plurima
1362 4194 1429 4233 ex
1459 4192 1569 4233 uno
1599 4179 1778 4250 lapide
1811 4189 2074 4234 excavata

485 4269 765 4341 sepulcra,
822 4271 1025 4341 quibus
1071 4273 1376 4343 antiquitus
1423 4274 1671 4343 gentiles,
1713 4274 1807 4343 qui
1838 4287 1957 4327 eam
1987 4272 2074 4327 in-

485 4363 889 4429 habitarerant,
922 4380 1054 4421 suos
1090 4375 1335 4421 mortuos
1369 4364 1701 4420 condebant.
1734 4364 1861 4421 Haec
1884 4365 1975 4421 ille
2000 4367 2057 4421 in

2158 1862 2476 1933 σπαθαρίων
2532 1862 3024 1934 ὲναριθμούμενος,
3082 1862 3142 1926 ὃς
3172 1857 3242 1933 ἦν
3270 1859 3740 1930 ἐπιτετραμμένος

2156 1954 2473 2026 ἐγχρονίσαι
2505 1955 2703 2026 μικρὸν
2727 1956 2793 2025 τῇ
2824 1954 2978 2009 πόλει
3011 1954 3104 2009 καί
3139 1971 3284 2018 τινος
3307 1954 3446 2024 αὐτῇ
3484 1951 3745 2023 μεταδοῦ-

2158 2058 2245 2101 ναι
2276 2046 2530 2118 βοηθείας
2556 2049 2651 2102 καὶ
2680 2046 2910 2116 δεούσης
2936 2049 2996 2102 ὲν
3044 2050 3156 2111 τοῖς
3195 2046 3488 2116 πράγμασι
3549 2061 3743 2117 συνερ-

2160 2139 2357 2209 γείας),
2384 2139 2552 2211 άλλην
2579 2139 2637 2193 δὲ
2660 2139 2981 2210 σοφωτάτην
3006 2138 3189 2208 ἔλεγεν
3216 2136 3459 2209 ἐξευρεῖν
3480 2135 3742 2196 ἐπίνοιαν,

2159 2230 2235 2293 ὡς
2267 2230 2388 2284 λίαν
2434 2230 2633 2301 ὲνεργῆ
2681 2229 2778 2285 καὶ
2816 2228 3105 2301 σωτήριον,
3143 2229 3191 2282 εί
3224 2227 3301 2299 μὴ
3323 2226 3419 2281 καὶ
3451 2224 3662 2295 ταύτης
3687 2223 3746 2278 ai

2162 2323 2615 2395 προοδοποιοῦσαι
2643 2321 2743 2393 τὴν
2793 2322 2918 2377 καθ’
2951 2320 3113 2392 ἡμῶν
3161 2319 3442 2373 ἀπώλειαν
3476 2318 3747 2388 ἁμαρτίαι

2162 2416 2444 2487 ἀναίρεσιν
2495 2415 2901 2471 καθυπέὁαλον.
2943 2413 3262 2484 Ἐλλόγιμος
3293 2410 3404 2482 γὰρ
3426 2411 3503 2464 ὣν
3534 2412 3560 2464 ό
3609 2409 3748 2479 ἀνὴρ

2164 2510 2258 2563 καὶ
2282 2508 2484 2579 πολλὴν
2515 2509 2859 2579 πραγμάτων
2884 2505 3138 2578 ἐσχηκὼς
3160 2508 3378 2577 πεῖραν,
3409 2504 3532 2558 καθ’
3557 2502 3751 2556 ἑαυτὸν

2168 2600 2396 2656 συνιδὼν
2428 2601 2504 2665 ὡς
2533 2603 2581 2654 εί
2607 2601 2826 2671 θελήσοι
2856 2599 2940 2673 [Ρ.
2967 2598 3094 2673 551]
3118 2597 3212 2653 τοῦ
3233 2598 3449 2669 τείχους
3480 2598 3581 2668 τῆς
3607 2597 3756 2649 οίκο-

2164 2695 2337 2765 δομῆς
2384 2694 2808 2766 ἐπιμεληθῆναι,
2843 2695 2940 2748 καὶ
2998 2693 3199 2756 κόπους
3232 2692 3458 2764 παρέξει
3504 2692 3570 2762 τῇ
3600 2688 3754 2743 πόλει

2168 2787 2260 2839 καὶ
2292 2785 2453 2839 πλέον
2471 2785 2624 2838 οὐδὲν
2649 2786 2760 2838 τῶν
2796 2784 2901 2855 πρὸ
2948 2783 3115 2839 αὑτοῦ
3160 2783 3290 2854 περὶ
3314 2782 3507 2836 τούτου
3536 2797 3756 2852 φροντι-

2170 2880 2381 2932 σάντων
2430 2878 2703 2949 ὀνήσειεν,
2760 2876 2847 2947 ἐφ’
2873 2878 3063 2946 ἕτερον
3099 2873 3242 2937 εἶδος
3286 2874 3592 2945 ἀσφαλείας
3629 2872 3755 2946 (καὶ

2170 2971 2363 3024 σκόπει
2409 2970 2527 3033 πῶς
2558 2970 2757 3038 εὐφυὲς
2808 2970 2900 3023 καὶ
2932 2968 3213 3042 ἁρμόδιον)
3241 2969 3334 3022 τὸν
3354 2966 3483 3022 νοῦν
3512 2966 3756 3037 μετηγὰ-

2168 3080 2316 3131 γετο.
2342 3063 2513 3126 Εἰδὼς
2532 3063 2642 3134 γὰρ
2660 3062 2735 3125 ὡς
2760 3062 2907 3116 ἅπαν
2936 3059 3328 3132 περικλύζεται
3353 3059 3416 3114 τὸ
3444 3059 3591 3113 κατὰ
3610 3058 3761 3113 νότον

2175 3160 2339 3230 μέρος
2365 3161 2465 3227 τῆς
2500 3160 2711 3223 πόλεως
2762 3159 2869 3213 ὑπὸ
2900 3159 2947 3192 ’⁸
2991 3160 3102 3213 τῶν
3158 3159 3474 3214 θαλασσίων
3526 3159 3761 3223 ὑδάτων,

2172 3252 2383 3306 ἐκεῖθεν
2413 3253 2469 3307 δὲ
2493 3252 2933 3323 προσπίπτοντος
2955 3251 3049 3306 τοῦ
3078 3252 3317 3323 πολέμου
3345 3252 3591 3326 εὐχερῶς
3618 3253 3763 3323 ἔχειν

2171 3348 2297 3410 τοὺς
2324 3345 2645 3418 Βαρῦὰρους
2672 3348 2780 3400 πᾶν
2802 3345 2980 3401 ὁτιοῦν
3011 3346 3269 3417 βούλοιντ’
3291 3345 3357 3400 ἂν
3379 3350 3436 3400 ὲν
3466 3346 3621 3416 αύτῷ
3650 3346 3764 3400 δια·

2175 3438 2512 3508 πράξασθαι,
2548 3437 2779 3510 μηδενὸς
2803 3437 3109 3503 κωλύοντος
3148 3438 3347 3502 αὐτοῦς
3375 3439 3641 3511 ὑπεράνω
3665 3438 3765 3509 τῆς

2176 3530 2468 3601 οἰκοδομῆς
2530 3530 2787 3599 γενέσθαι
2818 3531 2915 3584 τοῦ
2976 3533 3193 3603 τείχους
3223 3532 3312 3587 διά
3358 3532 3421 3586 τὸ
3472 3533 3763 3604 πρόσγειον

2175 3621 2269 3675 καὶ
2290 3620 2721 3691 χθαμαλώτατον
2750 3623 2793 3655 ⁹¹
2823 3618 2964 3677 εἶναι
2988 3624 3085 3689 τάς
3113 3642 3173 3678 τε
3204 3625 3336 3694 νῆας
3367 3624 3573 3695 μᾶλλον
3598 3626 3767 3695 διπρ-

2174 3711 2386 3782 ανέχειν
2451 3711 2515 3765 ὲκ
2570 3713 2665 3766 τοῦ
2703 3715 2845 3770 κατὰ
2906 3714 3162 3786 πρύμναν
3218 3714 3444 3787 μέρους,
3507 3715 3605 3769 καί
3658 3714 3765 3769 ἀπὺ

2178 3804 2455 3878 μετεώρου
2518 3806 2777 3863 δύνασθαι
2826 3809 2954 3873 τοὺς
3006 3808 3063 3861 ἐν
3096 3810 3227 3871 ταῖς
3270 3808 3569 3875 ἐπάλξεσιν
3607 3808 3765 3872 δντας

2177 3900 2666 3970 κατατιτρώσκειν,
2700 3900 3059 3954 ἐϐουλεύσατο
3087 3901 3343 3974 φραγμόν
3374 3920 3501 3955 τινα
3546 3901 3641 3955 καὶ
3674 3918 3764 3955 τε·

2176 3990 2520 4063 τεχνημένην
2556 3993 2777 4064 ἐνέδραν
2803 3994 2860 4045 ὲν
2884 3995 3066 4056 αὐτοῖς
3093 3994 3367 4065 ἐγκρύψαι
3396 3996 3515 4059 τοῖς
3553 3994 3761 4060 ὕδασιν,

2184 4085 2258 4146 ὡς
2292 4084 2358 4137 ἂν
2388 4085 2482 4138 καὶ
2512 4086 2576 4155 τῇ
2610 4085 2760 4138 πόλει
2787 4085 2847 4138 τὸ
2877 4086 3116 4155 ἀσφαλὲς
3148 4087 3242 4141 καὶ
3270 4089 3385 4152 τοῖς
3416 4089 3635 4161 ἐχθροῖς
3662 4090 3762 4161 ἐμ-

2179 4178 2363 4230 πόδιον
2384 4177 2506 4230 κατ’
2533 4176 2664 4230 αὐτὸ
2692 4178 2939 4250 γένηται.
2980 4179 3172 4233 Πολλοὶ
3198 4179 3306 4249 γὰρ
3333 4175 3480 4253 ἦσαν
3511 4184 3577 4236 ὲκ
3608 4199 3761 4253 μονο-

2176 4267 2327 4321 λῖθου
2355 4268 2726 4340 γεγλυμμένοι
2748 4271 2812 4323 τύ
2823 4271 2948 4341 μόοι
2978 4272 3123 4341 ,κατά
3160 4290 3219 4326 τε
3240 4274 3301 4326 τὸ
3338 4273 3481 4343 πρὸς
3502 4273 3760 4345 ἀνατολὴν

2180 4364 2277 4416 καὶ
2298 4362 2449 4417 δύσιν
2481 4363 2645 4434 μέρος
2691 4364 2790 4434 τῆς
2822 4363 3052 4431 πόλεως,
3078 4365 3135 4419 ὲν
3158 4358 3239 4431 οἷς
3275 4366 3447 4421 πάλαι
3485 4368 3614 4432 τοὺς
3640 4369 3763 4421 ἑαυ-

493 4469 668 4508 υιιιιιιι·
698 4455 1037 4522 convehens,
1073 4472 1137 4511 ac
1173 4456 1413 4512 mirabili
1439 4457 1675 4527 quodam
1698 4458 1953 4527 artiﬁcio,
1976 4474 2062 4514 cu-

2178 4454 2287 4508 τῶν
2312 4456 2542 4525 νεκροὺς
2577 4457 2627 4511 oi
2649 4456 2809 4525 τήνδε
2838 4456 3218 4523 κατοικοῦντες
3248 4459 3607 4529 ὲνεταφίαζον
3638 4459 3762 4514 Ἕλ-

482 4543 573 4614 jus
605 4546 722 4617 ipse
759 4550 909 4604 solus
955 4548 1059 4604 sibi
1111 4559 1306 4605 auctor
1344 4551 1657 4619 exstiterat,
1707 4552 1761 4606 in
1794 4566 1944 4607 mare
1981 4550 2078 4608 de-

491 4653 771 4710 tucrgeus,
807 4648 862 4696 et
896 4656 1164 4713 perparvo
1195 4642 1483 4698 intervallo
1524 4657 1557 4699 a
1605 4658 1665 4700 se
1699 4643 1954 4718 dissitas,
1996 4652 2079 4699 0r-

486 4731 614 4787 dine
633 4742 810 4789 tamen
829 4734 1073 4806 digestos
1099 4735 1244 4791 inter
1268 4750 1442 4807 aquas
1465 4745 1780 4810 contegens,
1804 4739 2077 4794 marinum

485 4826 764 4897 quoddam
798 4842 859 4882 ac
886 4845 1025 4900 pene
1052 4828 1369 4887 inauditum
1402 4832 1832 4900 munimentum,
1860 4848 1926 4889 eo
1956 4833 2079 4904 ipso

486 4932 645 4972 muro
680 4920 771 4989 qui
808 4921 877 4975 ad
928 4922 1299 4979 continentem
1335 4923 1532 4980 altiore
1561 4933 1840 4981 structura
1872 4926 2082 4983 emine-

486 5011 578 5066 bat
605 5011 838 5069 validius
870 5028 934 5069 ac
966 5016 1243 5085 securius,
1285 5016 1585 5075 artiﬁciosa
1619 5034 1750 5075 vere
1790 5019 2080 5076 sedulitate

486 5102 780 5159 condebat.
821 5104 886 5159 Et
926 5106 1038 5177 jam
1068 5123 1232 5179 opere
1266 5110 1569 5181 priestitum
1605 5110 1820 5178 fuisset,
1859 5127 2077 5167 omnem

488 5197 613 5253 urbi
647 5200 1000 5256 securitatem
1033 5213 1329 5273 praestans,
1361 5217 1485 5257 cum
1514 5220 1623 5259 non
1648 5215 1876 5275 possent
1908 5221 2075 5262 naves

490 5293 764 5362 appellere
808 5309 1065 5366 noxaque
1102 5295 1293 5351 urbem
1325 5294 1563 5361 allicere,
1609 5298 1665 5352 ni
1716 5299 1819 5353 hoc
1854 5314 2076 5370 quoque

491 5394 715 5453 propter
756 5396 1007 5444 uestram
1038 5388 1447 5462 improbitatem
1482 5390 1849 5463 interruptum
1894 5392 1948 5447 in
1992 5392 2075 5447 ni-

490 5474 661 5535 hilum
687 5480 993 5540 recidisset.

2177 4549 2337 4620 ληνες
2356 4566 2370 4582 ο
2396 4549 2491 4615 οὒς
2519 4549 2611 4605 καὶ
2648 4551 2902 4621 συνάγων
2931 4551 3028 4606 καί
3057 4569 3165 4607 τινι
3209 4552 3503 4625 παραδόξῳ
3536 4553 3755 4626 μεθόδῳ,

2177 4643 2244 4716 ἣν
2269 4643 2433 4708 αὐτὸς
2468 4644 2629 4715 μόνος
2664 4643 2878 4718 ἐξεῦρε,
2906 4648 2973 4717 τῇ
3001 4644 3247 4718 θαλάσσῃ
3283 4644 3544 4717 βυθίζων,
3573 4648 3663 4702 καὶ
3685 4645 3759 4709 ὡς

2178 4738 2289 4791 ἀπὸ
2348 4737 2549 4810 μικροῦ
2602 4757 2753 4804 τινος
2810 4740 3185 4813 διαστήματος
3229 4742 3517 4812 στοιχηδὸν
3544 4742 3759 4801 τούτους

2179 4832 2293 4896 τοῖς
2319 4831 2884 4903 ῦδασινάποκρύϐων,
2910 4834 3204 4889 θαλάσσιόν
3220 4852 3272 4889 τι
3290 4836 3384 4889 καὶ
3412 4835 3569 4902 ξένον
3593 4836 3760 4907 ἔρυμα

2181 4925 2279 4980 καὶ
2305 4924 2398 4980 τοῦ
2435 4925 2572 4998 πρὸς
2599 4926 2732 4997 ῦψος
2758 4929 2825 4998 τῇ
2852 4928 3036 4998 χέρσῳ
3074 4927 3528 5000 προϐεϐλημένου
3560 4928 3758 4997 τείχευς

2180 5017 2522 5089 ὀχυρώτερόν
2547 5035 2606 5072 τε
2631 5020 2725 5074 καὶ
2755 5020 3163 5092 ἀσφαλέστερον
3190 5023 3256 5092 τῇ
3279 5020 3512 5093 ἀληθείᾳ
3550 5032 3757 5075 κατετεο

2181 5112 2432 5184 χνάζετο.
2466 5111 2576 5166 Καὶ
2596 5112 2661 5184 δὴ
2689 5111 2785 5165 καὶ
2811 5113 2891 5176 εἰς
2918 5112 3079 5185 ἔργον
3102 5114 3168 5168 ἂν
3193 5113 3357 5183 ἐξέϐη
3380 5116 3565 5167 πᾶσαν
3595 5107 3759 5176 ἀσφά-

2179 5204 2333 5258 λειαν
2385 5206 2453 5276 τῇ
2510 5204 2664 5259 πόλει
2701 5205 3183 5277 περιποιούμενον,
3237 5206 3313 5269 ὡς
3344 5205 3479 5276 μηδὲ
3509 5200 3759 5258 δύνασθαι

2182 5298 2283 5363 τὰς
2336 5299 2469 5369 νῆας
2519 5297 2819 5369 πλησιάσαι
2880 5298 3231 5369 τοπαράπαν
3264 5299 3359 5353 καὶ
3407 5297 3509 5367 τῆς
3560 5289 3759 5351 ἑαυτῶν

2189 5390 2515 5462 μεταδοῦναι
2554 5389 2779 5460 βλάϐης,
2811 5391 2859 5443 εί
2893 5390 2968 5460 μὴ
2998 5391 3093 5443 καί
3124 5388 3286 5443 τοῦτο
3314 5389 3403 5443 διὰ
3435 5390 3533 5455 τὴν
3563 5383 3745 5456 μοχθη-

2191 5483 2315 5556 ρίαν
2353 5482 2511 5555 ἡμῶν
2535 5468 2784 5554 ἐκωλύθη
2810 5484 2905 5537 καὶ
2933 5484 3013 5547 είς
3038 5484 3191 5537 οὐδὲν
3214 5481 3613 5556 προεχώρησεν.

1774 5618 2009 5674 VARUS
2048 5612 2451 5675 LECTIONES.

566 5753 614 5787 "
635 5752 695 5807 τὸ
710 5768 823 5809 om.
858 5754 919 5809 P.
959 5756 1004 5791 ”
1031 5759 1215 5822 αὐτοῖς
1242 5760 1707 5832 γεγυμνασμένοις
1729 5758 1912 5830 ἔχουσι
1940 5756 2003 5816 Ρ.
2074 5760 2117 5795 ⁸⁸
2147 5759 2253 5815 ἀπὸ
2279 5758 2386 5813 ΑΡ.
2459 5762 2498 5793 9‘
2524 5760 2617 5815 καὶ
2650 5758 3078 5831 χθαμαλώτατον
3112 5774 3220 5814 om.
3250 5756 3308 5812 Ρ.
