3962 6204
188 304 280 368 διο
1218 301 1317 363 DE
1348 300 1665 363 EXCIDIO
1693 301 2309 367 THESSALONlC/E.

3320 310 3427 373 550

244 416 323 487 ιη’.
349 416 485 487 Ἤδη
515 414 623 486 γὰρ
657 415 786 485 περὶ
810 414 876 468 τὰ
907 415 1047 486 μέσα
1099 432 1204 469 που
1227 416 1322 471 τοῦ
1372 416 1730 481 κινδυνὼδους

1909 420 1998 476 18.
2029 420 2165 475 Cum
2191 422 2338 476 enim
2372 437 2543 493 prope
2567 423 2683 494 jam
2718 424 2863 481 circa
2908 426 3147 483 medium
3182 427 3289 483 loci
3323 446 3425 501 pe-

183 514 323 567 τόπου
342 509 680 579 πεφθακότος
717 508 811 564 τοῦ
840 509 1086 563 τοιούτου
1107 510 1418 565 διαποντίου
1450 512 1730 583 φραγμοῦ,

180 606 262 659 καὶ
295 607 465 659 πᾶσαν
521 602 681 674 ἡμῶν
710 603 972 657 ὑπόνοιαν
1022 604 1285 672 ἐπίφοϐον
1334 604 1432 658 καὶ
1488 605 1735 676 πονηρὰν

181 697 569 767 ὑποτέμνοντος,
592 694 743 748 ῐκετό
789 712 873 758 τις
901 695 1110 766 ἕτερος,
1137 696 1232 749 καὶ
1259 696 1425 759 αὑτὸς
1452 696 1590 767 πρὸς
1634 695 1733 751 τοῦ

180 788 418 861 βασιλέως
440 787 737 857 πεμφθεὶς,
755 787 848 841 τὸν
876 788 957 851 είς
1006 787 1167 841 τοῦτο
1192 789 1514 859 πεμφθέντα
1551 792 1597 824 ³⁸
1628 792 1733 845 lle-

175 880 367 949 τρωνᾶν
414 877 723 940 σπουδαίως
765 879 1266 949 μεταπεμπόμενος
1313 881 1410 935 καὶ
1438 880 1536 953 τὴν
1567 898 1734 954 φρον-

173 970 279 1024 τίδα
305 971 478 1023 πᾶσαν
498 969 598 1039 τῆς
632 969 845 1032 πόλεως
875 973 955 1033 είς
981 971 1176 1025 ἑαυτὸν
1205 973 1539 1043 μετατιθείς.
1576 976 1735 1029 Λέων

172 1062 229 1115 ει
254 1056 390 1125 οὗτος
419 1059 688 1126 ἐκαλεῖτο,
726 1062 911 1133 πάσης
932 1063 1035 1133 τῆς
1077 1063 1394 1135 περιχώρου
1449 1082 1732 1137 προχειρι-

174 1153 310 1215 σθεὶς
356 1154 660 1223 στρατηγὸς
717 1156 813 1209 καὶ
868 1158 1050 1210 πᾶσαν
1080 1156 1406 1227 ἐπιμέλειαν
1456 1159 1567 1213 τῶν
1595 1160 1733 1231 πρὸς

170 1244 261 1314 τὴν
296 1246 338 1278 ⁸³
366 1244 544 1316 μάχην
566 1246 1042 1319 εὑτρεπιζομένων
1087 1249 1436 1320 πραγμάτων
1471 1252 1732 1318 ἀναδεξά-

170 1355 338 1408 μενος.
370 1332 436 1410 ᾯ
487 1341 583 1393 καὶ
608 1340 757 1406 ἔδοξε
784 1340 882 1410 τὴν
915 1342 1009 1395 τοὺ
1048 1341 1212 1412 ἔργου
1245 1343 1437 1397 τούτου
1470 1346 1735 1415 σχολάσαι

168 1430 297 1494 τέως
338 1432 612 1501 φροντίδα,
650 1436 745 1487 καὶ
767 1432 861 1486 τοῦ
895 1434 1112 1505 τείχους
1151 1434 1251 1507 τὴν
1315 1436 1608 1508 οἰκοδομὴν
1646 1438 1734 1505 ἒξ-

165 1522 434 1576 ανὺεσθαι.
465 1524 620 1594 ’Ἅμα
662 1526 769 1595 γὰρ
819 1520 945 1597 ἦκε,
980 1528 1074 1580 καὶ
1097 1527 1414 1602 μεθίστησιν
1440 1530 1605 1594 εὐθὺς
1640 1531 1735 1585 τὸν

164 1614 323 1685 δῆμον
349 1615 562 1668 ἅπαντα
592 1616 682 1669 τὸν
710 1620 792 1680 εἰς
822 1616 980 1672 τοῦτο
1007 1621 1346 1691 τεταγμένον
1377 1621 1516 1692 πρὸς
1544 1623 1608 1675 τὸ
1633 1624 1733 1688 τὰς

163 1706 425 1777 χρειώδεις
453 1706 588 1770 ὕλας
612 1710 726 1771 τοῖς
749 1710 1025 1779 τεχνίταις
1051 1711 1417 1783 ὲπικομίζειν,
1458 1714 1534 1776 ὡς
1564 1713 1632 1768 ἂν
1663 1718 1729 1787 τῇ

162 1797 467 1869 πολυχειρίᾳ
494 1800 657 1869 τυχὸν
671 1800 766 1855 καὶ
786 1803 852 1872 τῇ
874 1801 984 1855 τῶν
1004 1803 1232 1857 δεόντων
1254 1804 1469 1875 δαψιλεί
1495 1807 1731 1879 χορηγία

160 1890 215 1943 τὸ
246 1889 676 1961 σπουδαζόμενον
704 1891 791 1964 [Ρ.
828 1893 955 1966 552]
1006 1897 1088 1959 είς
1131 1898 1295 1967 ἔργον
1339 1898 1548 1966 ἄγοιτο.
1588 1900 1730 1969 Ἤδη

161 1974 372 2049 μὲνοῦν
411 1979 691 2043 πάλινἽτὰ
734 1983 834 2053 τῆς
887 1984 1177 2056 οἰκοδομῆς
1230 1981 1299 2057 ἦν
1325 1988 1546 2059 ὲνεργῆ.
1588 1987 1730 2042 Ἀλλ’

158 2073 273 2126 ὅσον
308 2074 484 2127 ἐδόκει
540 2074 600 2127 τὸ
636 2075 773 2145 πρὸς
809 2074 944 2144 ὕψος
996 2078 1349 2148 ἐγειρόμενον
1394 2080 1488 2133 τοῦ
1512 2080 1731 2151 τείχους

155 2166 250 2237 τὴν
307 2166 414 2219 τῶν
459 2166 718 2222 ἐναντίων
742 2167 1034 2239 ἀπείργειν
1094 2173 1428 2237 κακόνοιαν,
1470 2172 1731 2226 τοσοῦτον

156 2259 405 2329 ἔφαίνετο
436 2260 499 2313 τὸ
530 2260 714 2314 λεῖπον
738 2263 853 2325 τοῖς
876 2262 1125 2326 πολίταις
1150 2264 1283 2334 ἡμῖν
1313 2265 1515 2328 παντὸς
1548 2266 1731 2320 κινδύσο

154 2368 244 2404 νου
289 2350 739 2422 καθυπεμφαίνον
778 2354 1058 2409 ὑπόνοιαν.
1094 2355 1234 2411 Οὑτε
1257 2358 1368 2429 γὰρ
1405 2360 1551 2414 ἆπαν
1579 2360 1729 2432 διορ-

154 2444 386 2515 θωθῆναι
440 2445 686 2511 δυνατῶς
734 2442 848 2517 εἶχε
900 2448 1085 2519 πολλῷ
1134 2451 1301 2521 μήκει
1324 2452 1729 2523 διατεινόμενον

152 2538 285 2610 πρὸς
313 2538 375 2590 τὸ
409 2538 606 2610 μηκέτι
644 2539 745 2609 τὴν
773 2539 833 2605 ἐξ
866 2541 1034 2595 αὑτοῦ
1065 2544 1357 2615 συμφορὰν
1413 2547 1562 2616 ἡμᾶς
1624 2546 1730 2600 ὑπ-

152 2633 416 2697 οπτεύειν,
458 2635 552 2686 καὶ
600 2635 628 2687 ὁ
674 2634 864 2705 χρόνος
912 2634 1015 2707 τὴν
1064 2636 1174 2691 τῶν
1228 2628 1505 2708 πολεμίων
1538 2639 1729 2709 ἔφοδον

151 2725 441 2793 ἐφεστάναι
475 2725 931 2795 προεμαρτύρατο
966 2726 1135 2795 μήπω
1174 2726 1269 2780 τοῦ
1330 2728 1497 2798 μέσου
1546 2728 1731 2801 χώρου

148 2820 245 2888 τῆς
267 2818 557 2887 οίκοδομῆς
586 2817 894 2888 ἁψαμένης,
920 2817 979 2885 ἐξ
1003 2810 1065 2872 οὗ
1095 2820 1190 2873 καὶ
1245 2820 1343 2891 τὴν
1386 2821 1592 2893 βλάϐην
1626 2823 1729 2875 ὑπ-

148 2909 530 2980 ωπτευόμεθα.
562 2908 842 2977 Ἀγγελίαι
866 2911 976 2982 γὰρ
994 2912 1103 2965 τῶν
1123 2913 1407 2984 προτέρων
1424 2914 1731 2986 φοϐερώτε-
1755 2967 1768 2975 ,

149 3022 237 3075 ραι
264 3005 362 3057 καὶ
402 3006 625 3074 συχνίτε
637 3022 726 3076 ραι
760 3004 858 3067 τὰς
887 3006 1145 3060 ἁπάντων
1176 3007 1335 3077 ἡμῶν
1368 3008 1540 3072 ἀκοὰς

1843 515 2073 571 riculosi
2099 531 2198 586 per
2242 533 2393 573 mare
2438 518 2670 574 ductum
2714 520 3078 591 sepitnentum
3110 523 3422 580 istiusmodi

1839 610 2199 678 pervenisset,
2248 624 2582 681 omnemque
2633 614 2794 669 nobis
2843 623 3047 670 metum
3105 632 3169 671 ac
3226 617 3424 672 malam

1837 702 2211 772 suspicionem
2244 702 2472 768 levaret,
2510 705 2659 760 venit
2694 707 2836 763 alius
2864 707 2933 761 ab
2965 708 3155 762 eodem
3187 690 3428 779 imperaa

1836 800 1959 848 tore
1990 793 2214 857 missus,
2245 794 2359 850 Lco
2393 797 2636 863 nomine,
2674 799 2769 869 qui
2802 799 2859 854 in
2887 815 3006 854 eam
3039 818 3151 857 rem
3190 805 3421 860 missum

1836 881 2129 939 Petronam
2164 884 2275 939 cito
2310 900 2598 952 revocans,
2641 904 2858 943 onmem
2920 890 3077 961 511
3114 893 3169 947 in
3201 908 3261 948 se
3284 894 3426 950 civi-

1837 975 1966 1030 tatis
1999 989 2191 1030 curam
2216 977 2444 1046 recepit.
2484 976 2597 1034 Leo
2628 979 2811 1050 itaque
2844 982 3088 1040 finitimae
3125 986 3305 1041 ouinis
3333 1002 3424 1041 re-

1836 1066 2015 1135 gionis
2041 1080 2106 1121 ac
2131 1067 2430 1136 provinciae
2472 1078 2678 1139 praetor
2710 1082 2950 1137 creatus,
2986 1076 3275 1145 omnisque
3308 1077 3424 1133 bel-

1836 1157 1929 1212 lici
1957 1170 2254 1227 apparatus
2299 1173 2433 1214 cura
2494 1162 2548 1215 in
2596 1176 2659 1216 se
2703 1163 2993 1228 translata,
3045 1168 3209 1233 ccepti
3260 1167 3424 1237 hujus

1837 1248 2023 1319 operis
2072 1250 2317 1306 laborem
2384 1252 2606 1308 interim
2658 1252 3139 1310 intermittendum
3189 1260 3424 1327 putavit,

1838 1356 2122 1397 murorum
2151 1352 2349 1399 contra
2380 1345 2784 1402 exstructionis
2833 1361 2973 1417 opus
3005 1347 3421 1404 absolvendum.

1839 1433 2038 1489 Statim
2074 1436 2219 1491 enim
2251 1446 2417 1506 atque
2444 1439 2676 1507 appulit,
2707 1454 2925 1494 omnem
2954 1455 3081 1494 mox
3114 1440 3425 1496 multitudi-

1837 1541 1961 1581 nem
1994 1526 2049 1581 in
2081 1526 2186 1583 hoc
2209 1529 2570 1584 constitutam
2605 1530 2673 1585 ad
2719 1533 3088 1586 necessariam
3120 1533 3427 1590 artificibus

1836 1617 2121 1673 materiam
2147 1619 2556 1675 convehendam
2587 1622 2869 1687 transfert,
2898 1639 3006 1695 quo
3032 1625 3242 1679 scilicet
3273 1625 3426 1681 laboo

1836 1710 2079 1767 rantium
2137 1711 2493 1767 multitudine
2554 1720 2610 1769 et
2678 1715 2905 1785 cupiosa
2976 1719 3421 1772 necessariarum

1758 1793 1807 1854 Β
1837 1816 2021 1856 rerum
2065 1803 2511 1871 suppeditatione
2542 1804 2971 1861 substructionis
3011 1822 3291 1861 murorum
3324 1808 3422 1863 de-

1834 1892 2097 1949 stinatum
2134 1909 2274 1964 opus
2295 1894 2554 1952 efﬁceret.
2589 1894 2709 1950 Jam
2746 1897 2931 1966 itaque
2962 1897 3090 1953 huic
3118 1898 3272 1967 operi
3299 1898 3425 1953 dili~

1833 1986 2015 2056 gentia
2049 1986 2379 2053 habebatur,
2404 1989 2593 2057 reique
2625 1988 2923 2044 instabant.
2947 1988 3221 2055 Quantum
3248 1992 3422 2045 enim-

1832 2092 1963 2133 vero
1986 2078 2240 2135 sublatus
2288 2081 2344 2133 in
2378 2079 2551 2133 altum
2584 2094 2776 2134 murus
2818 2080 3058 2136 hostium
3086 2081 3420 2138 destinatam

1832 2168 2100 2225 malitiam
2131 2186 2320 2227 arcere
2368 2171 2681 2237 videbatur,
2726 2179 2938 2227 tantum
2991 2174 3150 2228 nobis
3181 2175 3419 2237 civibus.

1831 2262 1981 2333 quod
2033 2263 2157 2332 ejus
2206 2265 2478 2334 reliquum
2522 2274 2667 2331 erat,
2700 2266 2828 2321 mali
2864 2266 3067 2322 ominis
3096 2282 3161 2321 ac
3190 2268 3418 2336 periculi

1832 2354 2205 2425 suspicionem
2238 2371 2575 2426 sensumque
2595 2358 2917 2426 conjectura
2959 2359 3103 2412 haud
3132 2358 3235 2413 levi
3270 2360 3423 2428 iuge-

1832 2447 2010 2503 rebat.
2037 2445 2157 2503 Non
2179 2449 2322 2502 enim
2352 2455 2521 2515 totus,
2550 2448 2606 2502 in
2640 2449 3037 2519 longitudinem
3070 2449 3294 2505 nimiam
3322 2467 3421 2505 cx-

1831 2554 2061 2609 pansus,
2121 2540 2196 2594 ita
2229 2541 2474 2608 reparari
2507 2548 2724 2609 poterat
2774 2549 2831 2593 ut
2884 2555 3107 2594 onmem
3162 2539 3422 2612 deinceps

1831 2642 2162 2703 exspectata;
2187 2648 2254 2687 ex
2283 2646 2349 2688 eo
2382 2632 2554 2688 cladis
2583 2633 2836 2688 timorem
2865 2632 3142 2699 auferret;
3176 2640 3421 2704 tempus-

1831 2740 1937 2796 que
1968 2724 2078 2794 jam
2116 2738 2288 2793 prope
2326 2723 2568 2779 hostium
2612 2724 2974 2794 irruptionem
3016 2725 3222 2780 instare
3249 2735 3421 2781 testa-

1829 2816 2015 2881 batur,
2046 2831 2171 2870 cum
2213 2816 2461 2875 necdum
2500 2824 2785 2871 structura
2814 2817 3053 2872 medium
3103 2818 3286 2888 ipsum
3333 2820 3416 2873 lo-

1831 2924 1956 2963 cum
1989 2909 2287 2980 attigisset,
2319 2926 2386 2964 ex
2421 2924 2534 2979 quo
2582 2911 2741 2966 nobis
2768 2919 3088 2981 suspectum
3123 2912 3326 2966 malum
3365 2921 3420 2966 et

1830 2991 2062 3071 exitium
2113 3003 2278 3058 foret.
2328 3001 2516 3075 Nuntii
2549 3002 2696 3058 enim
2739 3003 3017 3073 prioribus
3060 3004 3420 3059 terribiliorcs

144 3088 426 3177 εθρύλουν,
455 3097 550 3151 καὶ
580 3098 704 3159 τοὺς
733 3097 1054 3169 Βαρϐάρους
1083 3098 1326 3166 ἐγγίζειν
1356 3101 1453 3171 ήδη
1486 3102 1545 3154 τὸ
1580 3081 1729 3192 ἐξέτι

1833 3081 1897 3177 ξε
1917 3094 2229 3151 crebriores
2265 3104 2516 3151 nostrum
2549 3095 2795 3149 omnium
2829 3111 2992 3150 aures
3015 3096 3416 3161 obtundebant,

146 3205 267 3243 στον
315 3187 415 3241 τοῦ
452 3188 613 3251 πλοὸς
644 3187 1025 3252 διανύσαντας.
1067 3190 1183 3243 Οὐκ
1208 3185 1277 3260 ἦν
1325 3190 1433 3261 γὰρ
1461 3192 1596 3245 ὅπου
1631 3181 1730 3257 iis).

1833 3185 2054 3255 iamque
2103 3185 2372 3240 barbaros
2421 3200 2591 3254 prope
2636 3186 2947 3249 imminere,
2993 3188 3230 3240 maxima
3267 3196 3421 3255 parte

145 3282 281 3352 πρὸς
311 3280 511 3351 μικρὸν
532 3281 733 3344 αὐτοὺς
760 3281 1118 3352 ἐμϐραδῦναι.
1146 3281 1237 3336 διὰ
1264 3275 1326 3335 τὸ
1353 3284 1453 3346 τὰς
1476 3284 1745 3348 πλείονας·

142 3380 339 3447 νήσους
388 3374 483 3426 ὑπ’
535 3373 718 3427 αὐτῶν
766 3374 1308 3445 προεκπορθηθῆναι,
1340 3378 1432 3429 καὶ
1461 3377 1558 3441 τὰς
1592 3378 1729 3448 πρὸς

143 3466 425 3520 θάλασσαν
445 3464 675 3534 ἐχούσας
708 3465 893 3529 πόλεις
920 3465 1019 3537 τὴν
1052 3466 1270 3536 οἴκησιν
1296 3470 1361 3538 τῇ
1389 3469 1730 3541 καταπλήξει

144 3559 281 3630 μόνῃ
317 3560 419 3629 τῆς
459 3560 632 3627 ἀκοῆς
658 3557 839 3610 αὐτῶν
866 3558 1002 3629 πρὸς
1027 3557 1207 3629 φυγὴν
1246 3560 1608 3630 ἐκτραπῆναι,
1633 3562 1729 3615 καὶ

144 3652 314 3721 μηδὲν
348 3649 619 3720 ὑπάρχειν
644 3649 673 3702 ὃ
710 3650 809 3720 τὴν
826 3651 1004 3720 ὁρμὴν
1026 3651 1207 3705 αὐτῶν
1236 3652 1268 3723 ἢ
1293 3654 1389 3722 τὴν
1418 3653 1525 3705 τῶν
1547 3653 1729 3708 ὅπλων

142 3744 427 3813 συνέχειαν
464 3742 718 3815 ἐξαρκεῖν
746 3744 1058 3814 ὑπομεῖναι.
1109 3744 1389 3815 Τέτταρας
1444 3746 1554 3818 γὰρ
1587 3747 1729 3815 ὁμοῦ

141 3838 240 3891 καὶ
284 3836 630 3908 πεντήκοντα
676 3838 777 3901 τὰς
839 3838 1183 3910 βαρϐαρικὰς
1237 3834 1379 3893 εἶναι
1431 3840 1728 3911 προέλεγον

136 3934 298 4000 νῆας,
322 3930 481 3986 οὐδὲν
504 3925 669 4002 ἦττον
690 3930 901 3995 πόλεως
932 3933 1169 4002 ἑκάστης
1196 3933 1376 3986 αὐτῶν
1402 3932 1481 4004 τῷ
1506 3933 1729 4004 μεγέθει

136 4021 239 4075 καὶ
270 4024 390 4085 ταῖς
416 4020 609 4084 ἄλλοις
646 4024 1014 4084 κατασκευαῖς
1044 4020 1445 4093 τυγχανούσης,
1483 4023 1542 4075 ὲν
1572 4018 1660 4086 αἷς
1682 4024 1729 4055 ’δ

129 4109 204 4182 ἦν
229 4114 533 4185 παμμιγὴς
568 4131 656 4177 τις
690 4114 847 4184 ὄχλος
883 4114 1342 4185 ἀπονενοημένων
1392 4116 1489 4169 καὶ
1519 4132 1727 4185 μανιω-

130 4208 269 4273 δῶν,
298 4208 412 4262 τῶν
440 4224 503 4261 τε
526 4207 627 4274 τὴν
655 4207 855 4278 Συρίαν
882 4207 1192 4276 οἰκούντων,
1230 4208 1592 4278 Ἰσμαηλιτῶν
1631 4209 1728 4262 καὶ

127 4301 249 4354 τῶν
274 4299 627 4372 ὁμορούντων
655 4299 978 4365 Αἰγυπτίοις
1003 4298 1304 4367 Αἰθιόπων,
1324 4302 1542 4355 πάντων
1564 4301 1727 4371 αἱμο-

126 4394 320 4462 6ὀρων
354 4391 456 4447 καὶ
484 4391 943 4468 θηριογνωμόνων
971 4391 1294 4462 ἀνθρώπων,
1317 4392 1521 4465 πολλὴν
1546 4392 1646 4463 τὴν
1668 4394 1728 4446 ὲν

1799 3266 2199 3346 ιιιάνίεωίοιιίε
2234 3276 2345 3331 illis
2399 3276 2633 3345 expleta.
2676 3274 2867 3345 Neque
2900 3278 3047 3331 enim
3096 3288 3218 3332 erat
3269 3278 3417 3346 quod

1831 3369 1916 3426 vel
1950 3368 2234 3423 minimum
2263 3369 2346 3425 eis
2379 3383 2561 3424 moras
2592 3368 2864 3434 injiceret,
2893 3383 3017 3424 cum
3050 3368 3161 3437 jam
3197 3370 3410 3439 pleras-

1832 3475 1941 3531 que
1991 3460 2203 3516 insulas
2260 3460 2504 3530 pOpulati
2535 3468 2747 3525 essent,
2801 3461 3074 3529 urbesque
3128 3461 3418 3515 maritimae

1831 3553 1949 3609 sola
1975 3553 2196 3608 auditus
2228 3568 2419 3608 eorum
2454 3553 2903 3613 consternatione
2924 3553 3086 3622 512
3115 3568 3179 3608 ac
3213 3568 3419 3623 pavore

1832 3646 2015 3717 fugam
2052 3647 2436 3718 arripuissent,
2469 3648 2717 3717 nihilque
2740 3657 2887 3703 esset
2917 3647 3064 3717 quod
3092 3662 3283 3701 eorum
3315 3648 3418 3701 im-

1832 3753 2016 3810 petum
2049 3741 2355 3798 subsistere
2388 3753 2483 3795 aut
2520 3741 2893 3810 constipatam
2936 3742 3109 3795 aciem
3139 3743 3417 3797 sustinere

1829 3844 2038 3904 posset.
2084 3833 2334 3900 Quatuor
2378 3833 2528 3889 enim
2579 3849 2748 3903 supra
2802 3834 3203 3904 quinquaginta
3247 3834 3414 3889 slmnl

1830 3942 1956 3982 esse
2011 3925 2332 3980 barbaricas
2384 3940 2553 3980 naves
2609 3926 2961 3989 nuntiabant,
3013 3943 3136 3996 qua:
3186 3926 3415 3995 singulae

1830 4016 2065 4071 urbibus
2096 4014 2475 4084 magnitudine
2505 4029 2570 4070 ac
2599 4015 2815 4085 reliquo
2861 4025 3123 4086 apparatu
3157 4032 3414 4086 exaequa-

1830 4110 2051 4176 bantur,
2089 4108 2142 4161 in
2179 4108 2382 4178 quibus
2416 4108 2730 4177 promiscua
2770 4124 3098 4163 vesanorum
3130 4110 3410 4163 hominum

1831 4217 1897 4258 ac
1926 4200 2226 4256 furentium
2278 4200 2440 4267 turba
2488 4200 2797 4265 veheretur,
2834 4210 2946 4256 tum
2986 4200 3409 4268 lsmaclitarum,

1829 4295 1927 4366 qui
1982 4292 2197 4364 Syriam
2250 4292 2584 4358 inhabitant,
2642 4304 2756 4348 tum
2810 4293 3132 4362 Ethiopum
3181 4292 3410 4364 dtgypto

1832 4392 2154 4455 confinium,
2182 4400 2543 4446 cruentarum
2580 4389 2833 4443 omnium
2867 4387 3170 4458 ferinisque
3212 4390 3410 4444 animis

120 4488 246 4547 τοῖς
307 4485 496 4555 φόνοις
548 4485 866 4555 ἐπιστήμην
925 4484 1319 4555 ἐξησκημένων
1350 4485 1446 4539 καὶ
1480 4487 1601 4549 ταῖς
1626 4485 1722 4556 λῃ-

1833 4493 1993 4554 atque
2024 4483 2206 4541 indole
2250 4482 2629 4553 preditorum,
2664 4481 2759 4553 qui
2803 4480 3038 4537 cxdium
3069 4496 3192 4538 arte
3233 4481 3409 4552 pluri-

122 4581 392 4647 πρικαίς
422 4577 689 4641 ἐπινοίαις
718 4577 818 4647 τὰς
856 4576 1073 4646 σφαγὰς
1111 4576 1625 4648 ὲμμελετησάντων,
1650 4577 1732 4641 ὡς

119 4671 215 4741 μὴ
234 4670 507 4725 δύνασθαί
545 4687 668 4725 τινα
699 4669 807 4725 κᾶν
848 4670 985 4741 ἀκοῇ
1024 4668 1123 4739 τὴν
1165 4668 1373 4722 τούτων
1403 4668 1726 4733 ἐκδέξασθαι

115 4768 357 4836 πεῖραν,
398 4764 537 4821 ἀλλᾶ
564 4764 818 4819 σπεύδειν
840 4764 1070 4818 ἕκαστον
1101 4763 1409 4834 ὑποχωρεῖν
1444 4763 1547 4833 τῆς
1572 4765 1726 4832 ἐνεγ-

114 4856 404 4925 καμένης,
425 4858 674 4925 κρεῖττον
697 4853 1004 4925 ἡγούμενον
1019 4852 1119 4925 τὴν
1137 4853 1277 4923 μετὰ
1301 4853 1486 4926 θηρῶν
1514 4854 1725 4927 ἀγρίων

112 4949 182 4997 ὲν
219 4950 341 5010 τοῖς
376 4948 564 5019 ὄρεσιν
593 4947 808 5017 οἷκησιν
838 4945 872 5016 ἢ
900 4945 961 5001 τὸ
992 4945 1083 5000 ὑπ’
1124 4945 1305 5005 αὐτῶν
1332 4946 1602 5018 ληφθῆναι
1632 4947 1725 5001 καὶ

112 5041 484 5097 πολυώδυνον
509 5040 929 5109 ἀπενέγκασθαι
947 5038 1200 5095 θάνατον.

193 5222 290 5278 ιθ’.
322 5226 476 5297 Πλὴν
505 5226 565 5279 ὲν
602 5224 813 5287 τούτοις
861 5222 1069 5277 τούτων
1100 5223 1335 5292 ἐχόντων
1367 5221 1533 5275 πάλιν
1562 5220 1722 5291 φοϐε-

1830 4592 1978 4632 mum
2016 4576 2303 4631 exercitati
2339 4584 2545 4641 essent,
2592 4574 3015 4644 latrociniisque
3065 4575 3196 4629 olim
3235 4573 3409 4630 dediti

1830 4668 1938 4727 fusi
1971 4685 2168 4725 noxam
2195 4670 2409 4725 cruoris
2428 4671 2691 4737 necisque
2715 4667 2959 4725 studiqu
2992 4682 3158 4726 omne
3179 4670 3412 4725 habuis-

1830 4771 1974 4829 sent,
2008 4771 2066 4818 ut
2097 4778 2199 4817 nec
2228 4762 2311 4818 vel
2341 4762 2533 4818 auditu
2564 4777 2753 4819 eorum
2785 4762 3075 4833 quisquam
3109 4761 3411 4833 periculum

1829 4852 2109 4908 sustinere
2153 4862 2359 4922 posset,
2392 4852 2487 4908 sed
2520 4852 2726 4923 singuli
2764 4855 2970 4924 quique
3005 4852 3208 4909 festiue
3237 4856 3414 4924 patria

1831 4945 2179 5011 emetlerent,
2206 4943 2410 5014 quibus
2453 4946 2636 5014 potius
2676 4954 2824 5001 esset
2873 4947 2926 5000 in
2961 4947 3244 5002 montibus
3286 4964 3409 5001 cum

1832 5037 1966 5095 feris
2016 5037 2209 5094 bestiis
2241 5038 2489 5093 habitare
2521 5052 2687 5109 quam
2729 5048 2789 5093 ut
2824 5038 2895 5094 ab
2924 5040 3010 5096 eis
3038 5039 3184 5112 capti
3211 5056 3413 5097 acrum-

1832 5146 1968 5188 nosa
2001 5139 2180 5186 morte
2207 5129 2437 5202 diroque
2469 5132 2718 5187 cruciatu
2745 5133 3012 5203 perirent.

1904 5224 1993 5279 l9.
2045 5222 2312 5279 Ctterum
2366 5224 2532 5282 rebus
2584 5240 2644 5279 se
2690 5226 2765 5280 ita
2821 5226 3171 5291 habentibus,
3218 5241 3412 5284 rursus

1831 5314 1974 5371 alius
2004 5314 2231 5371 nuntius
2262 5314 2446 5370 dictus
2458 5318 2572 5386 jam
2613 5328 2679 5369 ac
2700 5316 3077 5384 superioribus
3109 5315 3412 5369 terribilior

1830 5406 1996 5471 venit,
2025 5404 2296 5461 Barbaros
2329 5423 2496 5477 quam
2520 5408 2771 5477 proxime
2797 5407 2992 5463 adesse
3018 5406 3283 5462 omnibus
3320 5421 3409 5461 rc-

100 5314 380 5388 ρῶτερός
422 5334 507 5381 τις
536 5316 645 5370 τῶν
668 5316 769 5388 ἤδη
800 5314 1105 5386 λεχθέντων
1127 5312 1446 5383 ἐξελήλυθεν
1466 5312 1722 5381 ἄγγελος,

95 5408 234 5460 τῶν
274 5411 327 5442 ⁸⁸
388 5409 691 5480 Βαρϐάρων
737 5409 835 5477 τὴν
883 5405 1070 5477 ἔφοδον
1119 5406 1509 5477 πλησιέστερον
1559 5403 1726 5459 οὖσαν

92 5498 304 5552 ἅπασι
368 5497 938 5571 προδηλῶν.Νικήτας
964 5496 1020 5550 δὲ
1047 5490 1199 5559 οὗτος
1226 5496 1495 5563 ἐκαλεῖτο,
1525 5511 1727 5565 στρατ-

1833 5495 2271 5554 ferens.-Nicetaa
2327 5515 2527 5555 nomen
2571 5500 2713 5567 fuit;
2761 5501 2858 5571 qui
2907 5511 2965 5555 ut
3002 5501 3288 5572 dignitate.
3325 5503 3406 5556 sic

92 5590 258 5661 ητις
303 5594 415 5664 τὴν
452 5593 613 5658 ἀξίαν
667 5594 762 5648 καὶ
798 5591 899 5662 τὴν
929 5591 988 5643 ιν
1025 5592 1138 5654 τοῖς
1178 5588 1543 5661 βουλεύμασιν
1564 5590 1727 5643 εὐτα-

1833 5588 2081 5646 consiliis
2108 5592 2487 5661 componendo
2517 5589 2754 5649 civitatis
2783 5594 2974 5648 ordine
2997 5593 3105 5650 dux
3132 5602 3268 5650 erat.
3294 5594 3408 5648 Suo

1428 5675 1664 5735 vitam
1719 5678 2128 5749 LECTIONES.

150 5772 221 5859 f3
259 5778 548 5849 ταχθέντα
567 5780 634 5836 Α.
713 5775 884 5865 "sint
910 5774 972 5832 P.
1083 5767 1238 5856 “.oY;
1261 5773 1322 5830 P.
1388 5776 1456 5853 ,⁸⁵
1478 5774 1584 5830 τῶν
1602 5783 1727 5831 ante
1754 5772 1925 5847 Βαρδ.
1962 5788 2072 5831 om.
2120 5772 2205 5865 PL
