  <div class='ocr_page' id='page_1' title='image "/cluster/home/n/w/nwhite01/storage/ocr_20150623/109/hvd.32044073502312/293.png"; bbox 0 0 3962 6204; ppageno 0'>
   <div class='ocr_carea' id='block_1_1' title="bbox 537 304 647 375">
    <p class='ocr_par' dir='ltr' id='par_1_1' title="bbox 537 304 647 375">
     <span class='ocr_line' id='line_1_1' title="bbox 537 304 647 375; baseline 0 -1"><span class='ocrx_word' id='word_1_1' title='bbox 537 304 647 375; x_wconf 79' lang='lat'><strong>551</strong></span> 
     </span>
    </p>
   </div>
   <div class='ocr_carea' id='block_1_2' title="bbox 1785 297 2593 363">
    <p class='ocr_par' dir='ltr' id='par_1_2' title="bbox 1785 297 2593 363">
     <span class='ocr_line' id='line_1_2' title="bbox 1785 297 2593 363; baseline -0.005 -1"><span class='ocrx_word' id='word_1_2' title='bbox 1785 300 2123 363; x_wconf 76' lang='lat' dir='ltr'><strong>JOANNES</strong></span> <span class='ocrx_word' id='word_1_3' title='bbox 2159 297 2593 359; x_wconf 74' lang='lat' dir='ltr'><strong>CAMENIATA</strong></span> 
     </span>
    </p>
   </div>
   <div class='ocr_carea' id='block_1_3' title="bbox 3703 295 3795 361">
    <p class='ocr_par' dir='ltr' id='par_1_3' title="bbox 3703 295 3795 361">
     <span class='ocr_line' id='line_1_3' title="bbox 3703 295 3795 361; baseline -0.011 0"><span class='ocrx_word' id='word_1_4' title='bbox 3703 295 3795 361; x_wconf 72' lang='lat'><strong>552</strong></span> 
     </span>
    </p>
   </div>
   <div class='ocr_carea' id='block_1_4' title="bbox 525 405 2109 491">
    <p class='ocr_par' dir='ltr' id='par_1_4' title="bbox 525 412 2109 491">
     <span class='ocr_line' id='line_1_4' title="bbox 525 412 2109 491; baseline -0.006 -13"><span class='ocrx_word' id='word_1_5' title='bbox 525 440 571 479; x_wconf 81' lang='lat' dir='ltr'><strong>is</strong></span> <span class='ocrx_word' id='word_1_6' title='bbox 606 436 832 477; x_wconf 77' lang='lat' dir='ltr'><strong>accessu</strong></span> <span class='ocrx_word' id='word_1_7' title='bbox 880 435 1039 491; x_wconf 87' lang='lat' dir='ltr'><strong>opem</strong></span> <span class='ocrx_word' id='word_1_8' title='bbox 1089 435 1148 473; x_wconf 89' lang='lat' dir='ltr'><strong>sc</strong></span> <span class='ocrx_word' id='word_1_9' title='bbox 1198 418 1319 471; x_wconf 88' lang='lat' dir='ltr'><strong>urbi</strong></span> <span class='ocrx_word' id='word_1_10' title='bbox 1362 416 1659 470; x_wconf 73' lang='lat' dir='ltr'><strong>allaturum</strong></span> <span class='ocrx_word' id='word_1_11' title='bbox 1690 412 2109 485; x_wconf 81' lang='lat' dir='ltr'><strong>&#39;pollicebatur;</strong></span> 
     </span>
    </p>
   </div>
   <div class='ocr_carea' id='block_1_5' title="bbox 2214 405 3793 491">
    <p class='ocr_par' dir='ltr' id='par_1_5' title="bbox 2222 405 3793 480">
     <span class='ocr_line' id='line_1_5' title="bbox 2222 405 3793 480; baseline -0.002 -16"><span class='ocrx_word' id='word_1_12' title='bbox 2222 410 2344 476; x_wconf 81' lang='grc' dir='ltr'><strong>ξίαν</strong></span> <span class='ocrx_word' id='word_1_13' title='bbox 2374 411 2441 466; x_wconf 81' lang='grc'><strong>⁸⁸.</strong></span> <span class='ocrx_word' id='word_1_14' title='bbox 2477 406 2648 475; x_wconf 76' lang='grc' dir='ltr'><strong>υῦτος</strong></span> <span class='ocrx_word' id='word_1_15' title='bbox 2679 408 2851 464; x_wconf 79' lang='grc' dir='ltr'><strong>ἐλθὼν</strong></span> <span class='ocrx_word' id='word_1_16' title='bbox 2888 405 3271 480; x_wconf 73' lang='grc' dir='ltr'><strong>συνεπαμῦναι</strong></span> <span class='ocrx_word' id='word_1_17' title='bbox 3315 425 3382 479; x_wconf 75' lang='grc' dir='ltr'><strong>τη</strong></span> <span class='ocrx_word' id='word_1_18' title='bbox 3412 407 3563 461; x_wconf 84' lang='grc' dir='ltr'><strong>πόλει</strong></span> <span class='ocrx_word' id='word_1_19' title='bbox 3600 424 3793 480; x_wconf 74' lang='grc' dir='ltr'><strong>κατηγσ⁸</strong></span> 
     </span>
    </p>
   </div>
   <div class='ocr_carea' id='block_1_6' title="bbox 524 504 2109 575">
    <p class='ocr_par' dir='ltr' id='par_1_6' title="bbox 524 504 2109 575">
     <span class='ocr_line' id='line_1_6' title="bbox 524 504 2109 575; baseline -0.005 -10"><span class='ocrx_word' id='word_1_20' title='bbox 524 513 590 566; x_wconf 87' lang='lat' dir='ltr'><strong>ad</strong></span> <span class='ocrx_word' id='word_1_21' title='bbox 628 512 731 565; x_wconf 92' lang='lat' dir='ltr'><strong>hoc</strong></span> <span class='ocrx_word' id='word_1_22' title='bbox 760 512 907 566; x_wconf 89' lang='lat' dir='ltr'><strong>enim</strong></span> <span class='ocrx_word' id='word_1_23' title='bbox 936 510 1114 563; x_wconf 97' lang='lat' dir='ltr'><strong>aiebat</strong></span> <span class='ocrx_word' id='word_1_24' title='bbox 1148 522 1207 561; x_wconf 87' lang='lat' dir='ltr'><strong>se</strong></span> <span class='ocrx_word' id='word_1_25' title='bbox 1234 506 1484 572; x_wconf 83' lang='lat' dir='ltr'><strong>venisse;</strong></span> <span class='ocrx_word' id='word_1_26' title='bbox 1519 520 1581 558; x_wconf 84' lang='lat' dir='ltr'><strong>ac</strong></span> <span class='ocrx_word' id='word_1_27' title='bbox 1607 505 1651 559; x_wconf 92' lang='lat' dir='ltr'><strong>si</strong></span> <span class='ocrx_word' id='word_1_28' title='bbox 1675 504 1806 575; x_wconf 84' lang='lat' dir='ltr'><strong>quid</strong></span> <span class='ocrx_word' id='word_1_29' title='bbox 1836 504 2109 575; x_wconf 89' lang='lat' dir='ltr'><strong>agendum</strong></span> 
     </span>
    </p>
   </div>
   <div class='ocr_carea' id='block_1_7' title="bbox 523 596 2112 669">
    <p class='ocr_par' dir='ltr' id='par_1_7' title="bbox 523 596 2112 669">
     <span class='ocr_line' id='line_1_7' title="bbox 523 596 2112 669; baseline -0.005 -11"><span class='ocrx_word' id='word_1_30' title='bbox 523 615 690 668; x_wconf 81' lang='lat' dir='ltr'><strong>esset,</strong></span> <span class='ocrx_word' id='word_1_31' title='bbox 744 603 812 657; x_wconf 89' lang='lat' dir='ltr'><strong>ad</strong></span> <span class='ocrx_word' id='word_1_32' title='bbox 870 604 1055 655; x_wconf 84' lang='lat' dir='ltr'><strong>omnia</strong></span> <span class='ocrx_word' id='word_1_33' title='bbox 1115 616 1175 654; x_wconf 89' lang='lat' dir='ltr'><strong>se</strong></span> <span class='ocrx_word' id='word_1_34' title='bbox 1218 608 1467 669; x_wconf 84' lang='lat' dir='ltr'><strong>paratum</strong></span> <span class='ocrx_word' id='word_1_35' title='bbox 1526 598 1848 653; x_wconf 74' lang='lat' dir='ltr'><strong>afﬁrmabat.</strong></span> <span class='ocrx_word' id='word_1_36' title='bbox 1880 596 2112 653; x_wconf 80' lang='lat' dir='ltr'><strong>Verum-</strong></span> 
     </span>
    </p>
   </div>
   <div class='ocr_carea' id='block_1_8' title="bbox 523 690 2114 763">
    <p class='ocr_par' dir='ltr' id='par_1_8' title="bbox 523 690 2114 763">
     <span class='ocr_line' id='line_1_8' title="bbox 523 690 2114 763; baseline -0.003 -14"><span class='ocrx_word' id='word_1_37' title='bbox 523 696 805 749; x_wconf 89' lang='lat' dir='ltr'><strong>enimvero</strong></span> <span class='ocrx_word' id='word_1_38' title='bbox 838 709 933 763; x_wconf 88' lang='lat' dir='ltr'><strong>per</strong></span> <span class='ocrx_word' id='word_1_39' title='bbox 960 708 1080 747; x_wconf 90' lang='lat' dir='ltr'><strong>cam</strong></span> <span class='ocrx_word' id='word_1_40' title='bbox 1115 692 1332 746; x_wconf 91' lang='lat' dir='ltr'><strong>interim</strong></span> <span class='ocrx_word' id='word_1_41' title='bbox 1371 706 1691 760; x_wconf 77' lang='lat' dir='ltr'><strong>suspensam</strong></span> <span class='ocrx_word' id='word_1_42' title='bbox 1733 690 1973 744; x_wconf 83' lang='lat' dir='ltr'><strong>hostium</strong></span> <span class='ocrx_word' id='word_1_43' title='bbox 2018 705 2114 744; x_wconf 59' lang='lat' dir='ltr'><strong>exc</strong></span> 
     </span>
    </p>
   </div>
   <div class='ocr_carea' id='block_1_9' title="bbox 524 782 2110 857">
    <p class='ocr_par' dir='ltr' id='par_1_9' title="bbox 524 782 2110 857">
     <span class='ocr_line' id='line_1_9' title="bbox 524 782 2110 857; baseline -0.004 -16"><span class='ocrx_word' id='word_1_44' title='bbox 524 788 943 857; x_wconf 78' lang='lat' dir='ltr'><strong>spectationem,</strong></span> <span class='ocrx_word' id='word_1_45' title='bbox 980 786 1366 841; x_wconf 87' lang='lat' dir='ltr'><strong>scandalorum</strong></span> <span class='ocrx_word' id='word_1_46' title='bbox 1399 783 1643 838; x_wconf 82' lang='lat' dir='ltr'><strong>auctoris</strong></span> <span class='ocrx_word' id='word_1_47' title='bbox 1675 797 1740 837; x_wconf 89' lang='lat' dir='ltr'><strong>ac</strong></span> <span class='ocrx_word' id='word_1_48' title='bbox 1783 782 2110 853; x_wconf 75' lang='lat' dir='ltr'><strong>nequissimi</strong></span> 
     </span>
    </p>
   </div>
   <div class='ocr_carea' id='block_1_10' title="bbox 525 860 2113 949">
    <p class='ocr_par' dir='ltr' id='par_1_10' title="bbox 525 860 2113 949">
     <span class='ocr_line' id='line_1_10' title="bbox 525 860 2113 949; baseline -0.003 -15"><span class='ocrx_word' id='word_1_49' title='bbox 525 879 687 949; x_wconf 76' lang='lat'><strong>513</strong></span> <span class='ocrx_word' id='word_1_50' title='bbox 740 878 1006 934; x_wconf 63' lang='lat' dir='ltr'><strong>daemonis</strong></span> <span class='ocrx_word' id='word_1_51' title='bbox 1050 860 1528 941; x_wconf 66' lang='lat' dir='ltr'><strong>machinamento,</strong></span> <span class='ocrx_word' id='word_1_52' title='bbox 1580 876 1851 947; x_wconf 80' lang='lat' dir='ltr'><strong>ejusmodi</strong></span> <span class='ocrx_word' id='word_1_53' title='bbox 1903 875 2113 947; x_wconf 85' lang='lat' dir='ltr'><strong>aliquid</strong></span> 
     </span>
    </p>
   </div>
   <div class='ocr_carea' id='block_1_11' title="bbox 524 969 2111 1043">
    <p class='ocr_par' dir='ltr' id='par_1_11' title="bbox 524 969 2111 1043">
     <span class='ocr_line' id='line_1_11' title="bbox 524 969 2111 1043; baseline -0.001 -18"><span class='ocrx_word' id='word_1_54' title='bbox 524 973 741 1035; x_wconf 84' lang='lat' dir='ltr'><strong>accidit.</strong></span> <span class='ocrx_word' id='word_1_55' title='bbox 764 985 827 1027; x_wconf 93' lang='lat' dir='ltr'><strong>ut</strong></span> <span class='ocrx_word' id='word_1_56' title='bbox 850 988 1045 1043; x_wconf 86' lang='lat' dir='ltr'><strong>nempe</strong></span> <span class='ocrx_word' id='word_1_57' title='bbox 1080 972 1333 1027; x_wconf 85' lang='lat' dir='ltr'><strong>laudatus</strong></span> <span class='ocrx_word' id='word_1_58' title='bbox 1351 978 1569 1040; x_wconf 69' lang='lat' dir='ltr'><strong>prtetor,</strong></span> <span class='ocrx_word' id='word_1_59' title='bbox 1597 971 1727 1026; x_wconf 91' lang='lat' dir='ltr'><strong>dum</strong></span> <span class='ocrx_word' id='word_1_60' title='bbox 1763 971 1818 1024; x_wconf 94' lang='lat' dir='ltr'><strong>in</strong></span> <span class='ocrx_word' id='word_1_61' title='bbox 1840 969 2111 1037; x_wconf 80' lang='lat' dir='ltr'><strong>Nicetam,</strong></span> 
     </span>
    </p>
   </div>
   <div class='ocr_carea' id='block_1_12' title="bbox 521 1062 2112 1135">
    <p class='ocr_par' dir='ltr' id='par_1_12' title="bbox 521 1062 2112 1135">
     <span class='ocr_line' id='line_1_12' title="bbox 521 1062 2112 1135; baseline 0 -18"><span class='ocrx_word' id='word_1_62' title='bbox 521 1066 615 1135; x_wconf 89' lang='lat' dir='ltr'><strong>qui</strong></span> <span class='ocrx_word' id='word_1_63' title='bbox 655 1080 830 1133; x_wconf 89' lang='lat' dir='ltr'><strong>nuper</strong></span> <span class='ocrx_word' id='word_1_64' title='bbox 856 1064 1154 1117; x_wconf 73' lang='lat' dir='ltr'><strong>advenerat</strong></span> <span class='ocrx_word' id='word_1_65' title='bbox 1184 1064 1201 1132; x_wconf 94' lang='lat'>(</span> <span class='ocrx_word' id='word_1_66' title='bbox 1232 1062 1323 1117; x_wconf 89' lang='lat' dir='ltr'><strong>ubi</strong></span> <span class='ocrx_word' id='word_1_67' title='bbox 1360 1072 1474 1116; x_wconf 84' lang='lat' dir='ltr'><strong>turn</strong></span> <span class='ocrx_word' id='word_1_68' title='bbox 1516 1064 1563 1117; x_wconf 89' lang='lat' dir='ltr'><strong>is</strong></span> <span class='ocrx_word' id='word_1_69' title='bbox 1583 1064 1922 1119; x_wconf 74' lang='lat' dir='ltr'><strong>exstruendo</strong></span> <span class='ocrx_word' id='word_1_70' title='bbox 1953 1077 2112 1118; x_wconf 87' lang='lat' dir='ltr'><strong>muro</strong></span> 
     </span>
    </p>
   </div>
   <div class='ocr_carea' id='block_1_13' title="bbox 522 1154 2115 1225">
    <p class='ocr_par' dir='ltr' id='par_1_13' title="bbox 522 1154 2115 1225">
     <span class='ocr_line' id='line_1_13' title="bbox 522 1154 2115 1225; baseline 0.001 -15"><span class='ocrx_word' id='word_1_71' title='bbox 522 1171 743 1225; x_wconf 83' lang='lat' dir='ltr'><strong>operam</strong></span> <span class='ocrx_word' id='word_1_72' title='bbox 780 1156 965 1225; x_wconf 79' lang='lat' dir='ltr'><strong>dabat)</strong></span> <span class='ocrx_word' id='word_1_73' title='bbox 1007 1170 1149 1224; x_wconf 83' lang='lat' dir='ltr'><strong>equo</strong></span> <span class='ocrx_word' id='word_1_74' title='bbox 1182 1155 1430 1209; x_wconf 73' lang='lat' dir='ltr'><strong>insidens</strong></span> <span class='ocrx_word' id='word_1_75' title='bbox 1462 1154 1768 1219; x_wconf 76' lang='lat' dir='ltr'><strong>incidisset,</strong></span> <span class='ocrx_word' id='word_1_76' title='bbox 1796 1164 1851 1209; x_wconf 86' lang='lat' dir='ltr'><strong>et</strong></span> <span class='ocrx_word' id='word_1_77' title='bbox 1885 1170 2011 1210; x_wconf 89' lang='lat' dir='ltr'><strong>cum</strong></span> <span class='ocrx_word' id='word_1_78' title='bbox 2046 1170 2115 1211; x_wconf 84' lang='lat' dir='ltr'><strong>eo</strong></span> 
     </span>
    </p>
   </div>
   <div class='ocr_carea' id='block_1_14' title="bbox 523 1247 2112 1318">
    <p class='ocr_par' dir='ltr' id='par_1_14' title="bbox 523 1247 2112 1318">
     <span class='ocr_line' id='line_1_14' title="bbox 523 1247 2112 1318; baseline 0.001 -17"><span class='ocrx_word' id='word_1_79' title='bbox 523 1248 685 1318; x_wconf 88' lang='lat' dir='ltr'><strong>quasi</strong></span> <span class='ocrx_word' id='word_1_80' title='bbox 706 1247 887 1301; x_wconf 79' lang='lat' dir='ltr'><strong>amico</strong></span> <span class='ocrx_word' id='word_1_81' title='bbox 911 1257 1234 1301; x_wconf 88' lang='lat' dir='ltr'><strong>consuetam</strong></span> <span class='ocrx_word' id='word_1_82' title='bbox 1262 1247 1467 1301; x_wconf 86' lang='lat' dir='ltr'><strong>mutuis</strong></span> <span class='ocrx_word' id='word_1_83' title='bbox 1493 1247 1873 1316; x_wconf 79' lang='lat' dir='ltr'><strong>complexibus</strong></span> <span class='ocrx_word' id='word_1_84' title='bbox 1901 1249 2112 1303; x_wconf 85' lang='lat' dir='ltr'><strong>saluta-</strong></span> 
     </span>
    </p>
   </div>
   <div class='ocr_carea' id='block_1_15' title="bbox 521 1338 2112 1412">
    <p class='ocr_par' dir='ltr' id='par_1_15' title="bbox 521 1338 2112 1412">
     <span class='ocr_line' id='line_1_15' title="bbox 521 1338 2112 1412; baseline 0.003 -21"><span class='ocrx_word' id='word_1_85' title='bbox 521 1340 729 1393; x_wconf 83' lang='lat' dir='ltr'><strong>tionem</strong></span> <span class='ocrx_word' id='word_1_86' title='bbox 781 1338 1058 1408; x_wconf 90' lang='lat' dir='ltr'><strong>complere</strong></span> <span class='ocrx_word' id='word_1_87' title='bbox 1106 1340 1287 1393; x_wconf 82' lang='lat' dir='ltr'><strong>visum</strong></span> <span class='ocrx_word' id='word_1_88' title='bbox 1329 1347 1495 1401; x_wconf 85' lang='lat' dir='ltr'><strong>esset,</strong></span> <span class='ocrx_word' id='word_1_89' title='bbox 1542 1338 1662 1408; x_wconf 89' lang='lat' dir='ltr'><strong>ipso</strong></span> <span class='ocrx_word' id='word_1_90' title='bbox 1712 1348 1932 1412; x_wconf 76' lang='lat' dir='ltr'><strong>quoque</strong></span> <span class='ocrx_word' id='word_1_91' title='bbox 1968 1356 2112 1411; x_wconf 86' lang='lat' dir='ltr'><strong>equo</strong></span> 
     </span>
    </p>
   </div>
   <div class='ocr_carea' id='block_1_16' title="bbox 524 1428 2111 1496">
    <p class='ocr_par' dir='ltr' id='par_1_16' title="bbox 524 1428 2111 1496">
     <span class='ocr_line' id='line_1_16' title="bbox 524 1428 2111 1496; baseline 0.003 -14"><span class='ocrx_word' id='word_1_92' title='bbox 524 1428 817 1496; x_wconf 83' lang='lat' dir='ltr'><strong>insidente,</strong></span> <span class='ocrx_word' id='word_1_93' title='bbox 858 1444 960 1484; x_wconf 87' lang='lat' dir='ltr'><strong>nec</strong></span> <span class='ocrx_word' id='word_1_94' title='bbox 988 1437 1150 1485; x_wconf 91' lang='lat' dir='ltr'><strong>caute</strong></span> <span class='ocrx_word' id='word_1_95' title='bbox 1192 1430 1327 1486; x_wconf 87' lang='lat' dir='ltr'><strong>satis</strong></span> <span class='ocrx_word' id='word_1_96' title='bbox 1374 1430 1528 1485; x_wconf 87' lang='lat' dir='ltr'><strong>frena</strong></span> <span class='ocrx_word' id='word_1_97' title='bbox 1564 1440 1758 1486; x_wconf 87' lang='lat' dir='ltr'><strong>tenens</strong></span> <span class='ocrx_word' id='word_1_98' title='bbox 1783 1471 1797 1496; x_wconf 86' lang='lat'><strong>,</strong></span> <span class='ocrx_word' id='word_1_99' title='bbox 1830 1432 1950 1487; x_wconf 89' lang='lat' dir='ltr'><strong>diro</strong></span> <span class='ocrx_word' id='word_1_100' title='bbox 1978 1450 2111 1487; x_wconf 88' lang='lat' dir='ltr'><strong>casu</strong></span> 
     </span>
    </p>
   </div>
   <div class='ocr_carea' id='block_1_17' title="bbox 524 1519 2113 1591">
    <p class='ocr_par' dir='ltr' id='par_1_17' title="bbox 524 1519 2113 1591">
     <span class='ocr_line' id='line_1_17' title="bbox 524 1519 2113 1591; baseline 0.001 -18"><span class='ocrx_word' id='word_1_101' title='bbox 524 1521 823 1590; x_wconf 83' lang='lat' dir='ltr'><strong>multisque</strong></span> <span class='ocrx_word' id='word_1_102' title='bbox 872 1520 1133 1591; x_wconf 86' lang='lat' dir='ltr'><strong>Iacrymis</strong></span> <span class='ocrx_word' id='word_1_103' title='bbox 1166 1519 1553 1590; x_wconf 86' lang='lat' dir='ltr'><strong>prosequendo</strong></span> <span class='ocrx_word' id='word_1_104' title='bbox 1608 1520 1924 1574; x_wconf 62' lang='lat' dir='ltr'><strong>Iaaderetur.</strong></span> <span class='ocrx_word' id='word_1_105' title='bbox 1976 1519 2113 1574; x_wconf 80' lang='lat' dir='ltr'><strong>Nam</strong></span> 
     </span>
    </p>
   </div>
   <div class='ocr_carea' id='block_1_18' title="bbox 523 1612 2112 1683">
    <p class='ocr_par' dir='ltr' id='par_1_18' title="bbox 523 1612 2112 1683">
     <span class='ocr_line' id='line_1_18' title="bbox 523 1612 2112 1683; baseline 0.001 -19"><span class='ocrx_word' id='word_1_106' title='bbox 523 1613 800 1666; x_wconf 89' lang='lat' dir='ltr'><strong>obturbati</strong></span> <span class='ocrx_word' id='word_1_107' title='bbox 829 1613 979 1682; x_wconf 84' lang='lat' dir='ltr'><strong>equi,</strong></span> <span class='ocrx_word' id='word_1_108' title='bbox 1013 1622 1067 1668; x_wconf 86' lang='lat' dir='ltr'><strong>et</strong></span> <span class='ocrx_word' id='word_1_109' title='bbox 1094 1614 1388 1667; x_wconf 83' lang='lat' dir='ltr'><strong>immanius</strong></span> <span class='ocrx_word' id='word_1_110' title='bbox 1422 1613 1467 1667; x_wconf 91' lang='lat' dir='ltr'><strong>is</strong></span> <span class='ocrx_word' id='word_1_111' title='bbox 1508 1628 1618 1683; x_wconf 89' lang='lat' dir='ltr'><strong>quo</strong></span> <span class='ocrx_word' id='word_1_112' title='bbox 1653 1614 1769 1683; x_wconf 85' lang='lat' dir='ltr'><strong>ipse</strong></span> <span class='ocrx_word' id='word_1_113' title='bbox 1810 1612 2112 1678; x_wconf 81' lang='lat' dir='ltr'><strong>ferebatur,</strong></span> 
     </span>
    </p>
   </div>
   <div class='ocr_carea' id='block_1_19' title="bbox 523 1704 2116 1776">
    <p class='ocr_par' dir='ltr' id='par_1_19' title="bbox 523 1704 2116 1776">
     <span class='ocr_line' id='line_1_19' title="bbox 523 1704 2116 1776; baseline 0.002 -19"><span class='ocrx_word' id='word_1_114' title='bbox 523 1704 757 1757; x_wconf 82' lang='lat' dir='ltr'><strong>naturali</strong></span> <span class='ocrx_word' id='word_1_115' title='bbox 796 1704 983 1759; x_wconf 80' lang='lat' dir='ltr'><strong>furore</strong></span> <span class='ocrx_word' id='word_1_116' title='bbox 1018 1704 1282 1775; x_wconf 81' lang='lat' dir='ltr'><strong>percitus,</strong></span> <span class='ocrx_word' id='word_1_117' title='bbox 1320 1705 1545 1759; x_wconf 87' lang='lat' dir='ltr'><strong>reducta</strong></span> <span class='ocrx_word' id='word_1_118' title='bbox 1591 1708 1805 1761; x_wconf 79' lang='lat' dir='ltr'><strong>cervice</strong></span> <span class='ocrx_word' id='word_1_119' title='bbox 1843 1714 2008 1776; x_wconf 87' lang='lat' dir='ltr'><strong>atque</strong></span> <span class='ocrx_word' id='word_1_120' title='bbox 2043 1708 2116 1760; x_wconf 90' lang='lat' dir='ltr'><strong>ri-</strong></span> 
     </span>
    </p>
   </div>
   <div class='ocr_carea' id='block_1_20' title="bbox 2212 502 3794 575">
    <p class='ocr_par' dir='ltr' id='par_1_20' title="bbox 2212 502 3794 575">
     <span class='ocr_line' id='line_1_20' title="bbox 2212 502 3794 575; baseline 0.001 -19"><span class='ocrx_word' id='word_1_121' title='bbox 2212 505 2383 573; x_wconf 81' lang='grc' dir='ltr'><strong>γυᾶτο</strong></span> <span class='ocrx_word' id='word_1_122' title='bbox 2416 504 2516 575; x_wconf 86' lang='grc' dir='ltr'><strong>(είς</strong></span> <span class='ocrx_word' id='word_1_123' title='bbox 2542 504 2702 557; x_wconf 87' lang='grc' dir='ltr'><strong>τοῦτο</strong></span> <span class='ocrx_word' id='word_1_124' title='bbox 2743 503 2853 575; x_wconf 83' lang='grc' dir='ltr'><strong>γάρ</strong></span> <span class='ocrx_word' id='word_1_125' title='bbox 2873 502 3071 571; x_wconf 73' lang='grc' dir='ltr'><strong>-ἐλεγεν</strong></span> <span class='ocrx_word' id='word_1_126' title='bbox 3119 502 3396 573; x_wconf 80' lang='grc' dir='ltr'><strong>ἀφῖχθαι),</strong></span> <span class='ocrx_word' id='word_1_127' title='bbox 3417 503 3513 555; x_wconf 84' lang='grc' dir='ltr'><strong>καὶ</strong></span> <span class='ocrx_word' id='word_1_128' title='bbox 3536 502 3592 555; x_wconf 87' lang='grc' dir='ltr'><strong>εῖ</strong></span> <span class='ocrx_word' id='word_1_129' title='bbox 3614 521 3666 556; x_wconf 90' lang='grc' dir='ltr'><strong>τι</strong></span> <span class='ocrx_word' id='word_1_130' title='bbox 3689 504 3794 557; x_wconf 75' lang='grc' dir='ltr'><strong>δέοι</strong></span> 
     </span>
    </p>
   </div>
   <div class='ocr_carea' id='block_1_21' title="bbox 2214 596 3794 669">
    <p class='ocr_par' dir='ltr' id='par_1_21' title="bbox 2214 596 3794 669">
     <span class='ocr_line' id='line_1_21' title="bbox 2214 596 3794 669; baseline 0.003 -21"><span class='ocrx_word' id='word_1_131' title='bbox 2214 600 2504 669; x_wconf 80' lang='grc' dir='ltr'><strong>πράττειν,</strong></span> <span class='ocrx_word' id='word_1_132' title='bbox 2561 598 2797 668; x_wconf 68' lang='grc' dir='ltr'><strong>ἑτοίμως</strong></span> <span class='ocrx_word' id='word_1_133' title='bbox 2853 597 2998 668; x_wconf 72' lang='grc' dir='ltr'><strong>ἔχειν</strong></span> <span class='ocrx_word' id='word_1_134' title='bbox 3050 596 3471 651; x_wconf 83' lang='grc' dir='ltr'><strong>καθυπετίθετο.</strong></span> <span class='ocrx_word' id='word_1_135' title='bbox 3533 596 3678 669; x_wconf 76' lang='grc' dir='ltr'><strong>Πλὴν</strong></span> <span class='ocrx_word' id='word_1_136' title='bbox 3718 600 3794 652; x_wconf 75' lang='grc' dir='ltr'><strong>δτι</strong></span> 
     </span>
    </p>
   </div>
   <div class='ocr_carea' id='block_1_22' title="bbox 2217 686 3795 758">
    <p class='ocr_par' dir='ltr' id='par_1_22' title="bbox 2217 686 3795 758">
     <span class='ocr_line' id='line_1_22' title="bbox 2217 686 3795 758; baseline -0.001 -18"><span class='ocrx_word' id='word_1_137' title='bbox 2217 686 2421 756; x_wconf 70' lang='grc' dir='ltr'><strong>συνέϐη</strong></span> <span class='ocrx_word' id='word_1_138' title='bbox 2441 705 2495 741; x_wconf 87' lang='grc' dir='ltr'><strong>τι</strong></span> <span class='ocrx_word' id='word_1_139' title='bbox 2521 687 2614 742; x_wconf 74' lang='grc' dir='ltr'><strong>καὶ</strong></span> <span class='ocrx_word' id='word_1_140' title='bbox 2637 687 2883 742; x_wconf 88' lang='grc' dir='ltr'><strong>τοιοῦτον</strong></span> <span class='ocrx_word' id='word_1_141' title='bbox 2911 688 3169 757; x_wconf 83' lang='grc' dir='ltr'><strong>γενέσθαι</strong></span> <span class='ocrx_word' id='word_1_142' title='bbox 3206 687 3413 758; x_wconf 79' lang='grc' dir='ltr'><strong>μεταξὺ</strong></span> <span class='ocrx_word' id='word_1_143' title='bbox 3439 688 3541 757; x_wconf 79' lang='grc' dir='ltr'><strong>τῆς</strong></span> <span class='ocrx_word' id='word_1_144' title='bbox 3576 688 3795 757; x_wconf 79' lang='grc' dir='ltr'><strong>προσδο-</strong></span> 
     </span>
    </p>
   </div>
   <div class='ocr_carea' id='block_1_23' title="bbox 2215 778 3794 851">
    <p class='ocr_par' dir='ltr' id='par_1_23' title="bbox 2215 778 3794 851">
     <span class='ocr_line' id='line_1_23' title="bbox 2215 778 3794 851; baseline 0.001 -19"><span class='ocrx_word' id='word_1_145' title='bbox 2215 778 2341 843; x_wconf 86' lang='grc' dir='ltr'><strong>κίας</strong></span> <span class='ocrx_word' id='word_1_146' title='bbox 2382 779 2493 834; x_wconf 80' lang='grc' dir='ltr'><strong>τῶν</strong></span> <span class='ocrx_word' id='word_1_147' title='bbox 2541 780 2818 851; x_wconf 86' lang='grc' dir='ltr'><strong>πολεμίων</strong></span> <span class='ocrx_word' id='word_1_148' title='bbox 2850 780 2909 847; x_wconf 83' lang='grc' dir='ltr'><strong>ἐξ</strong></span> <span class='ocrx_word' id='word_1_149' title='bbox 2938 781 3187 842; x_wconf 74' lang='grc' dir='ltr'><strong>ἐπινοίας</strong></span> <span class='ocrx_word' id='word_1_150' title='bbox 3231 778 3326 831; x_wconf 81' lang='grc' dir='ltr'><strong>τοῦ</strong></span> <span class='ocrx_word' id='word_1_151' title='bbox 3365 778 3794 849; x_wconf 83' lang='grc' dir='ltr'><strong>σκανδαλουργοῦ</strong></span> 
     </span>
    </p>
   </div>
   <div class='ocr_carea' id='block_1_24' title="bbox 2216 872 3797 945">
    <p class='ocr_par' dir='ltr' id='par_1_24' title="bbox 2216 872 3797 945">
     <span class='ocr_line' id='line_1_24' title="bbox 2216 872 3797 945; baseline -0.001 -18"><span class='ocrx_word' id='word_1_152' title='bbox 2216 874 2311 927; x_wconf 79' lang='grc' dir='ltr'><strong>καὶ</strong></span> <span class='ocrx_word' id='word_1_153' title='bbox 2376 875 2747 945; x_wconf 76' lang='grc' dir='ltr'><strong>πονηροτάτου</strong></span> <span class='ocrx_word' id='word_1_154' title='bbox 2795 872 3075 943; x_wconf 81' lang='grc' dir='ltr'><strong>δαῖμονος.</strong></span> <span class='ocrx_word' id='word_1_155' title='bbox 3145 873 3204 927; x_wconf 89' lang='lat'><strong>&#39;0</strong></span> <span class='ocrx_word' id='word_1_156' title='bbox 3263 872 3376 943; x_wconf 85' lang='grc' dir='ltr'><strong>γάρ</strong></span> <span class='ocrx_word' id='word_1_157' title='bbox 3436 873 3539 943; x_wconf 70' lang='grc' dir='ltr'><strong>ἤδη</strong></span> <span class='ocrx_word' id='word_1_158' title='bbox 3594 872 3797 943; x_wconf 80' lang='grc' dir='ltr'><strong>λεχθεὶς</strong></span> 
     </span>
    </p>
   </div>
   <div class='ocr_carea' id='block_1_25' title="bbox 2218 965 3798 1039">
    <p class='ocr_par' dir='ltr' id='par_1_25' title="bbox 2218 965 3798 1039">
     <span class='ocr_line' id='line_1_25' title="bbox 2218 965 3798 1039; baseline -0.001 -18"><span class='ocrx_word' id='word_1_159' title='bbox 2218 968 2526 1039; x_wconf 82' lang='grc' dir='ltr'><strong>στρατηγὸς</strong></span> <span class='ocrx_word' id='word_1_160' title='bbox 2572 967 2749 1038; x_wconf 86' lang='grc' dir='ltr'><strong>τούτῳ</strong></span> <span class='ocrx_word' id='word_1_161' title='bbox 2798 967 2863 1039; x_wconf 79' lang='grc' dir='ltr'><strong>δὴ</strong></span> <span class='ocrx_word' id='word_1_162' title='bbox 2895 967 2975 1036; x_wconf 83' lang='grc' dir='ltr'><strong>τῷ</strong></span> <span class='ocrx_word' id='word_1_163' title='bbox 3003 968 3201 1020; x_wconf 76' lang='grc' dir='ltr'><strong>νεωστὶ</strong></span> <span class='ocrx_word' id='word_1_164' title='bbox 3241 965 3673 1036; x_wconf 71' lang='grc' dir='ltr'><strong>παραγενομένῳ</strong></span> <span class='ocrx_word' id='word_1_165' title='bbox 3703 965 3798 1019; x_wconf 79' lang='lat' dir='ltr'><strong>Nt-</strong></span> 
     </span>
    </p>
   </div>
   <div class='ocr_carea' id='block_1_26' title="bbox 2216 1054 3796 1133">
    <p class='ocr_par' dir='ltr' id='par_1_26' title="bbox 2216 1054 3796 1133">
     <span class='ocr_line' id='line_1_26' title="bbox 2216 1054 3796 1133; baseline -0.001 -20"><span class='ocrx_word' id='word_1_166' title='bbox 2216 1061 2359 1130; x_wconf 78' lang='grc' dir='ltr'><strong>κήτᾳ</strong></span> <span class='ocrx_word' id='word_1_167' title='bbox 2409 1060 2576 1112; x_wconf 82' lang='grc' dir='ltr'><strong>αὑτοῦ</strong></span> <span class='ocrx_word' id='word_1_168' title='bbox 2626 1059 2710 1133; x_wconf 85' lang='grc' dir='ltr'><strong>[Ρ.</strong></span> <span class='ocrx_word' id='word_1_169' title='bbox 2739 1058 2871 1130; x_wconf 76' lang='grc'><strong>555]</strong></span> <span class='ocrx_word' id='word_1_170' title='bbox 2909 1076 3012 1112; x_wconf 89' lang='grc' dir='ltr'><strong>που</strong></span> <span class='ocrx_word' id='word_1_171' title='bbox 3069 1054 3201 1128; x_wconf 75' lang='grc' dir='ltr'><strong>περὶ</strong></span> <span class='ocrx_word' id='word_1_172' title='bbox 3249 1059 3351 1127; x_wconf 83' lang='grc' dir='ltr'><strong>τὴν</strong></span> <span class='ocrx_word' id='word_1_173' title='bbox 3390 1056 3681 1129; x_wconf 73' lang='grc' dir='ltr'><strong>οἰκοδομὴν</strong></span> <span class='ocrx_word' id='word_1_174' title='bbox 3703 1058 3796 1113; x_wconf 87' lang='grc' dir='ltr'><strong>τοῦ</strong></span> 
     </span>
    </p>
   </div>
   <div class='ocr_carea' id='block_1_27' title="bbox 2214 1150 3797 1225">
    <p class='ocr_par' dir='ltr' id='par_1_27' title="bbox 2214 1150 3797 1225">
     <span class='ocr_line' id='line_1_27' title="bbox 2214 1150 3797 1225; baseline -0.001 -19"><span class='ocrx_word' id='word_1_175' title='bbox 2214 1154 2428 1223; x_wconf 80' lang='grc' dir='ltr'><strong>τείχους</strong></span> <span class='ocrx_word' id='word_1_176' title='bbox 2476 1152 2598 1207; x_wconf 80' lang='grc' dir='ltr'><strong>κατ’</strong></span> <span class='ocrx_word' id='word_1_177' title='bbox 2660 1154 2836 1225; x_wconf 81' lang='grc' dir='ltr'><strong>ἀρχάς</strong></span> <span class='ocrx_word' id='word_1_178' title='bbox 2870 1150 3110 1223; x_wconf 86' lang='grc' dir='ltr'><strong>ἐντυχὼν</strong></span> <span class='ocrx_word' id='word_1_179' title='bbox 3142 1153 3295 1224; x_wconf 83' lang='grc' dir='ltr'><strong>ῖππῳ</strong></span> <span class='ocrx_word' id='word_1_180' title='bbox 3350 1151 3695 1221; x_wconf 71' lang='grc' dir='ltr'><strong>ἐφεζόμενος,</strong></span> <span class='ocrx_word' id='word_1_181' title='bbox 3724 1150 3797 1217; x_wconf 76' lang='grc' dir='ltr'><strong>ὡς</strong></span> 
     </span>
    </p>
   </div>
   <div class='ocr_carea' id='block_1_28' title="bbox 2214 1241 3795 1315">
    <p class='ocr_par' dir='ltr' id='par_1_28' title="bbox 2214 1241 3795 1315">
     <span class='ocr_line' id='line_1_28' title="bbox 2214 1241 3795 1315; baseline 0.001 -20"><span class='ocrx_word' id='word_1_182' title='bbox 2214 1241 2315 1313; x_wconf 80' lang='grc' dir='ltr'><strong>τὴν</strong></span> <span class='ocrx_word' id='word_1_183' title='bbox 2343 1242 2549 1315; x_wconf 82' lang='grc' dir='ltr'><strong>συνήθη</strong></span> <span class='ocrx_word' id='word_1_184' title='bbox 2585 1242 2723 1315; x_wconf 78' lang='grc' dir='ltr'><strong>πρὸς</strong></span> <span class='ocrx_word' id='word_1_185' title='bbox 2770 1243 2866 1297; x_wconf 80' lang='grc' dir='ltr'><strong>τὸν</strong></span> <span class='ocrx_word' id='word_1_186' title='bbox 2925 1244 3082 1313; x_wconf 81' lang='grc' dir='ltr'><strong>φίλον</strong></span> <span class='ocrx_word' id='word_1_187' title='bbox 3110 1243 3292 1308; x_wconf 77' lang='grc' dir='ltr'><strong>ἔδοξεν</strong></span> <span class='ocrx_word' id='word_1_188' title='bbox 3345 1242 3696 1315; x_wconf 82' lang='grc' dir='ltr'><strong>ἐκπληρῶσαι</strong></span> <span class='ocrx_word' id='word_1_189' title='bbox 3720 1242 3795 1311; x_wconf 83' lang='grc' dir='ltr'><strong>τῷ</strong></span> 
     </span>
    </p>
   </div>
   <div class='ocr_carea' id='block_1_29' title="bbox 2215 1333 3796 1407">
    <p class='ocr_par' dir='ltr' id='par_1_29' title="bbox 2215 1333 3796 1407">
     <span class='ocr_line' id='line_1_29' title="bbox 2215 1333 3796 1407; baseline 0.002 -21"><span class='ocrx_word' id='word_1_190' title='bbox 2215 1333 2496 1405; x_wconf 80' lang='grc' dir='ltr'><strong>ἀσπασμῷ</strong></span> <span class='ocrx_word' id='word_1_191' title='bbox 2520 1338 2920 1406; x_wconf 77' lang='grc' dir='ltr'><strong>προσηγορίαν,</strong></span> <span class='ocrx_word' id='word_1_192' title='bbox 2944 1336 3040 1390; x_wconf 82' lang='grc' dir='ltr'><strong>καὶ</strong></span> <span class='ocrx_word' id='word_1_193' title='bbox 3070 1336 3236 1389; x_wconf 79' lang='grc' dir='ltr'><strong>αὐτὸν</strong></span> <span class='ocrx_word' id='word_1_194' title='bbox 3264 1337 3417 1407; x_wconf 79' lang='grc' dir='ltr'><strong>ἵππῳ</strong></span> <span class='ocrx_word' id='word_1_195' title='bbox 3446 1336 3489 1368; x_wconf 82' lang='grc'><strong>⁸⁷</strong></span> <span class='ocrx_word' id='word_1_196' title='bbox 3514 1336 3796 1404; x_wconf 79' lang='grc' dir='ltr'><strong>ἐγκαθεζό-</strong></span> 
     </span>
    </p>
   </div>
   <div class='ocr_carea' id='block_1_30' title="bbox 2220 1426 3793 1499">
    <p class='ocr_par' dir='ltr' id='par_1_30' title="bbox 2220 1426 3793 1499">
     <span class='ocr_line' id='line_1_30' title="bbox 2220 1426 3793 1499; baseline 0.003 -21"><span class='ocrx_word' id='word_1_197' title='bbox 2220 1442 2401 1495; x_wconf 84' lang='grc' dir='ltr'><strong>μενον,</strong></span> <span class='ocrx_word' id='word_1_198' title='bbox 2460 1426 2553 1480; x_wconf 83' lang='grc' dir='ltr'><strong>τοῦ</strong></span> <span class='ocrx_word' id='word_1_199' title='bbox 2613 1428 2848 1499; x_wconf 78' lang='grc' dir='ltr'><strong>ῥυτῆρος</strong></span> <span class='ocrx_word' id='word_1_200' title='bbox 2910 1428 3198 1498; x_wconf 79' lang='grc' dir='ltr'><strong>ἀμελήσας</strong></span> <span class='ocrx_word' id='word_1_201' title='bbox 3257 1429 3435 1481; x_wconf 89' lang='grc' dir='ltr'><strong>δεινόν</strong></span> <span class='ocrx_word' id='word_1_202' title='bbox 3483 1446 3536 1481; x_wconf 84' lang='grc' dir='ltr'><strong>τι</strong></span> <span class='ocrx_word' id='word_1_203' title='bbox 3569 1428 3793 1482; x_wconf 72' lang='grc' dir='ltr'><strong>πέπονθε</strong></span> 
     </span>
    </p>
   </div>
   <div class='ocr_carea' id='block_1_31' title="bbox 2217 1519 3797 1591">
    <p class='ocr_par' dir='ltr' id='par_1_31' title="bbox 2217 1519 3797 1591">
     <span class='ocr_line' id='line_1_31' title="bbox 2217 1519 3797 1591; baseline 0.003 -22"><span class='ocrx_word' id='word_1_204' title='bbox 2217 1520 2450 1589; x_wconf 72' lang='grc' dir='ltr'><strong>πρᾶγμα</strong></span> <span class='ocrx_word' id='word_1_205' title='bbox 2474 1519 2569 1572; x_wconf 80' lang='grc' dir='ltr'><strong>καὶ</strong></span> <span class='ocrx_word' id='word_1_206' title='bbox 2598 1519 2812 1573; x_wconf 82' lang='grc' dir='ltr'>πολλῶν</span> <span class='ocrx_word' id='word_1_207' title='bbox 2831 1520 3087 1591; x_wconf 78' lang='grc' dir='ltr'><strong>δακρύων</strong></span> <span class='ocrx_word' id='word_1_208' title='bbox 3117 1520 3363 1587; x_wconf 78' lang='grc' dir='ltr'><strong>ἐπάξιον.</strong></span> <span class='ocrx_word' id='word_1_209' title='bbox 3406 1520 3797 1590; x_wconf 76' lang='grc' dir='ltr'><strong>Ἐκταραχθὲνο</strong></span> 
     </span>
    </p>
   </div>
   <div class='ocr_carea' id='block_1_32' title="bbox 2216 1606 3795 1684">
    <p class='ocr_par' dir='ltr' id='par_1_32' title="bbox 2216 1606 3795 1684">
     <span class='ocr_line' id='line_1_32' title="bbox 2216 1606 3795 1684; baseline 0.003 -22"><span class='ocrx_word' id='word_1_210' title='bbox 2216 1626 2307 1672; x_wconf 89' lang='grc' dir='ltr'><strong>τες</strong></span> <span class='ocrx_word' id='word_1_211' title='bbox 2357 1610 2408 1663; x_wconf 80' lang='lat' dir='ltr'><strong>oi</strong></span> <span class='ocrx_word' id='word_1_212' title='bbox 2457 1611 2636 1677; x_wconf 63' lang='grc' dir='ltr'><strong>ἢτποι,</strong></span> <span class='ocrx_word' id='word_1_213' title='bbox 2674 1613 2771 1666; x_wconf 80' lang='grc' dir='ltr'><strong>καὶ</strong></span> <span class='ocrx_word' id='word_1_214' title='bbox 2809 1612 2979 1665; x_wconf 81' lang='grc' dir='ltr'><strong>πλέον</strong></span> <span class='ocrx_word' id='word_1_215' title='bbox 3028 1606 3185 1677; x_wconf 74' lang='grc' dir='ltr'><strong>οὗτος</strong></span> <span class='ocrx_word' id='word_1_216' title='bbox 3234 1613 3322 1682; x_wconf 77' lang='grc' dir='ltr'><strong>ἐφ’</strong></span> <span class='ocrx_word' id='word_1_217' title='bbox 3354 1612 3463 1666; x_wconf 66' lang='lat' dir='ltr'><strong>avo</strong></span> <span class='ocrx_word' id='word_1_218' title='bbox 3502 1613 3795 1684; x_wconf 63' lang='grc' dir='ltr'><strong>στρατηγὸς</strong></span> 
     </span>
    </p>
   </div>
   <div class='ocr_carea' id='block_1_33' title="bbox 2220 1703 3794 1777">
    <p class='ocr_par' dir='ltr' id='par_1_33' title="bbox 2220 1703 3794 1777">
     <span class='ocr_line' id='line_1_33' title="bbox 2220 1703 3794 1777; baseline 0.002 -22"><span class='ocrx_word' id='word_1_219' title='bbox 2220 1703 2527 1768; x_wconf 82' lang='grc' dir='ltr'><strong>κεκαθίκει,</strong></span> <span class='ocrx_word' id='word_1_220' title='bbox 2552 1707 2618 1775; x_wconf 78' lang='grc' dir='ltr'><strong>τῇ</strong></span> <span class='ocrx_word' id='word_1_221' title='bbox 2656 1708 2860 1776; x_wconf 80' lang='grc' dir='ltr'><strong>φυσικῇ</strong></span> <span class='ocrx_word' id='word_1_222' title='bbox 2896 1705 3069 1777; x_wconf 75' lang='grc' dir='ltr'><strong>μανίᾳ</strong></span> <span class='ocrx_word' id='word_1_223' title='bbox 3118 1705 3351 1776; x_wconf 79' lang='grc' dir='ltr'><strong>πληγεὶς</strong></span> <span class='ocrx_word' id='word_1_224' title='bbox 3376 1704 3469 1758; x_wconf 83' lang='grc' dir='ltr'><strong>τόν</strong></span> <span class='ocrx_word' id='word_1_225' title='bbox 3498 1722 3559 1760; x_wconf 80' lang='grc' dir='ltr'><strong>τε</strong></span> <span class='ocrx_word' id='word_1_226' title='bbox 3603 1706 3794 1775; x_wconf 78' lang='grc' dir='ltr'><strong>αὐχένα</strong></span> 
     </span>
    </p>
   </div>
   <div class='ocr_carea' id='block_1_34' title="bbox 524 1797 2109 1871">
    <p class='ocr_par' dir='ltr' id='par_1_34' title="bbox 524 1800 2109 1871">
     <span class='ocr_line' id='line_1_34' title="bbox 524 1800 2109 1871; baseline 0.004 -18"><span class='ocrx_word' id='word_1_227' title='bbox 524 1800 646 1871; x_wconf 82' lang='lat' dir='ltr'><strong>gide</strong></span> <span class='ocrx_word' id='word_1_228' title='bbox 674 1812 855 1855; x_wconf 88' lang='lat' dir='ltr'><strong>erecta</strong></span> <span class='ocrx_word' id='word_1_229' title='bbox 899 1803 1028 1870; x_wconf 85' lang='lat' dir='ltr'><strong>jnba</strong></span> <span class='ocrx_word' id='word_1_230' title='bbox 1058 1845 1071 1865; x_wconf 83' lang='lat'><strong>,</strong></span> <span class='ocrx_word' id='word_1_231' title='bbox 1105 1810 1317 1855; x_wconf 81' lang='lat' dir='ltr'><strong>rectum</strong></span> <span class='ocrx_word' id='word_1_232' title='bbox 1351 1818 1473 1856; x_wconf 90' lang='lat' dir='ltr'><strong>sese</strong></span> <span class='ocrx_word' id='word_1_233' title='bbox 1498 1803 1797 1857; x_wconf 83' lang='lat' dir='ltr'><strong>sustollens</strong></span> <span class='ocrx_word' id='word_1_234' title='bbox 1828 1818 1952 1859; x_wconf 86' lang='lat' dir='ltr'><strong>eum</strong></span> <span class='ocrx_word' id='word_1_235' title='bbox 1985 1802 2109 1859; x_wconf 85' lang='lat' dir='ltr'><strong>sede</strong></span> 
     </span>
    </p>
   </div>
   <div class='ocr_carea' id='block_1_35' title="bbox 2214 1797 3794 1871">
    <p class='ocr_par' dir='ltr' id='par_1_35' title="bbox 2222 1797 3794 1871">
     <span class='ocr_line' id='line_1_35' title="bbox 2222 1797 3794 1871; baseline 0.003 -23"><span class='ocrx_word' id='word_1_236' title='bbox 2222 1797 2471 1865; x_wconf 86' lang='grc' dir='ltr'><strong>σιμώσας</strong></span> <span class='ocrx_word' id='word_1_237' title='bbox 2504 1800 2597 1852; x_wconf 72' lang='grc' dir='ltr'><strong>καὶ</strong></span> <span class='ocrx_word' id='word_1_238' title='bbox 2631 1797 2730 1869; x_wconf 82' lang='grc' dir='ltr'><strong>τὴν</strong></span> <span class='ocrx_word' id='word_1_239' title='bbox 2764 1799 2943 1869; x_wconf 80' lang='grc' dir='ltr'><strong>κόμην</strong></span> <span class='ocrx_word' id='word_1_240' title='bbox 2997 1798 3217 1870; x_wconf 79' lang='grc' dir='ltr'><strong>φρίξας,</strong></span> <span class='ocrx_word' id='word_1_241' title='bbox 3249 1799 3432 1871; x_wconf 76' lang='grc' dir='ltr'><strong>δρθιον</strong></span> <span class='ocrx_word' id='word_1_242' title='bbox 3481 1798 3671 1870; x_wconf 79' lang='grc' dir='ltr'><strong>ἀρθεὶς</strong></span> <span class='ocrx_word' id='word_1_243' title='bbox 3702 1801 3794 1868; x_wconf 75' lang='grc' dir='ltr'><strong>τῆς</strong></span> 
     </span>
    </p>
   </div>
   <div class='ocr_carea' id='block_1_36' title="bbox 522 1890 2117 1963">
    <p class='ocr_par' dir='ltr' id='par_1_36' title="bbox 522 1890 2117 1963">
     <span class='ocr_line' id='line_1_36' title="bbox 522 1890 2117 1963; baseline 0 -16"><span class='ocrx_word' id='word_1_244' title='bbox 522 1893 764 1962; x_wconf 76' lang='lat' dir='ltr'><strong>expulit,</strong></span> <span class='ocrx_word' id='word_1_245' title='bbox 801 1895 891 1961; x_wconf 80' lang='lat' dir='ltr'><strong>qui</strong></span> <span class='ocrx_word' id='word_1_246' title='bbox 921 1908 1014 1961; x_wconf 86' lang='lat' dir='ltr'><strong>per</strong></span> <span class='ocrx_word' id='word_1_247' title='bbox 1035 1890 1266 1946; x_wconf 88' lang='lat' dir='ltr'><strong>caudam</strong></span> <span class='ocrx_word' id='word_1_248' title='bbox 1298 1892 1593 1947; x_wconf 78' lang='lat' dir='ltr'><strong>devolutus</strong></span> <span class='ocrx_word' id='word_1_249' title='bbox 1620 1901 1673 1947; x_wconf 91' lang='lat' dir='ltr'><strong>et</strong></span> <span class='ocrx_word' id='word_1_250' title='bbox 1705 1893 1758 1946; x_wconf 91' lang='lat' dir='ltr'><strong>in</strong></span> <span class='ocrx_word' id='word_1_251' title='bbox 1780 1892 1958 1948; x_wconf 79' lang='lat' dir='ltr'><strong>solum</strong></span> <span class='ocrx_word' id='word_1_252' title='bbox 1992 1908 2117 1963; x_wconf 89' lang='lat' dir='ltr'><strong>pro-</strong></span> 
     </span>
    </p>
   </div>
   <div class='ocr_carea' id='block_1_37' title="bbox 523 1984 2117 2056">
    <p class='ocr_par' dir='ltr' id='par_1_37' title="bbox 523 1984 2117 2056">
     <span class='ocr_line' id='line_1_37' title="bbox 523 1984 2117 2056; baseline 0.003 -19"><span class='ocrx_word' id='word_1_253' title='bbox 523 1995 752 2048; x_wconf 82' lang='lat' dir='ltr'><strong>stratus,</strong></span> <span class='ocrx_word' id='word_1_254' title='bbox 784 2000 921 2038; x_wconf 73' lang='lat' dir='ltr'><strong>coxa</strong></span> <span class='ocrx_word' id='word_1_255' title='bbox 955 1984 1148 2038; x_wconf 75' lang='lat' dir='ltr'><strong>dextra</strong></span> <span class='ocrx_word' id='word_1_256' title='bbox 1177 1994 1230 2037; x_wconf 93' lang='lat' dir='ltr'><strong>et</strong></span> <span class='ocrx_word' id='word_1_257' title='bbox 1257 1986 1407 2037; x_wconf 84' lang='lat' dir='ltr'><strong>circa</strong></span> <span class='ocrx_word' id='word_1_258' title='bbox 1433 1987 1668 2056; x_wconf 89' lang='lat' dir='ltr'><strong>cotyletn</strong></span> <span class='ocrx_word' id='word_1_259' title='bbox 1699 1987 1960 2041; x_wconf 87' lang='lat' dir='ltr'><strong>membris</strong></span> <span class='ocrx_word' id='word_1_260' title='bbox 1997 1986 2117 2041; x_wconf 83' lang='lat' dir='ltr'><strong>col-</strong></span> 
     </span>
    </p>
   </div>
   <div class='ocr_carea' id='block_1_38' title="bbox 524 2074 2114 2150">
    <p class='ocr_par' dir='ltr' id='par_1_38' title="bbox 524 2074 2114 2150">
     <span class='ocr_line' id='line_1_38' title="bbox 524 2074 2114 2150; baseline 0.004 -22"><span class='ocrx_word' id='word_1_261' title='bbox 524 2076 666 2137; x_wconf 86' lang='lat' dir='ltr'><strong>lisis,</strong></span> <span class='ocrx_word' id='word_1_262' title='bbox 695 2076 766 2128; x_wconf 88' lang='lat' dir='ltr'><strong>ita</strong></span> <span class='ocrx_word' id='word_1_263' title='bbox 799 2076 997 2130; x_wconf 87' lang='lat' dir='ltr'><strong>misere</strong></span> <span class='ocrx_word' id='word_1_264' title='bbox 1030 2074 1250 2129; x_wconf 86' lang='lat' dir='ltr'><strong>habitus</strong></span> <span class='ocrx_word' id='word_1_265' title='bbox 1273 2084 1357 2128; x_wconf 87' lang='lat' dir='ltr'><strong>est</strong></span> <span class='ocrx_word' id='word_1_266' title='bbox 1391 2084 1527 2130; x_wconf 90' lang='lat' dir='ltr'><strong>utet</strong></span> <span class='ocrx_word' id='word_1_267' title='bbox 1557 2076 1623 2129; x_wconf 88' lang='lat' dir='ltr'><strong>de</strong></span> <span class='ocrx_word' id='word_1_268' title='bbox 1646 2077 1750 2130; x_wconf 82' lang='lat' dir='ltr'><strong>vita</strong></span> <span class='ocrx_word' id='word_1_269' title='bbox 1773 2078 1892 2147; x_wconf 84' lang='lat' dir='ltr'><strong>ipsa</strong></span> <span class='ocrx_word' id='word_1_270' title='bbox 1915 2078 2114 2150; x_wconf 84' lang='lat' dir='ltr'><strong>despe-</strong></span> 
     </span>
    </p>
   </div>
   <div class='ocr_carea' id='block_1_39' title="bbox 525 2166 2112 2235">
    <p class='ocr_par' dir='ltr' id='par_1_39' title="bbox 525 2166 2112 2235">
     <span class='ocr_line' id='line_1_39' title="bbox 525 2166 2112 2235; baseline 0.001 -14"><span class='ocrx_word' id='word_1_271' title='bbox 525 2177 690 2221; x_wconf 88' lang='lat' dir='ltr'><strong>raret.</strong></span> <span class='ocrx_word' id='word_1_272' title='bbox 759 2166 893 2221; x_wconf 83' lang='lat' dir='ltr'><strong>Eunt</strong></span> <span class='ocrx_word' id='word_1_273' title='bbox 957 2167 1213 2222; x_wconf 67' lang='lat' dir='ltr'><strong>militaris</strong></span> <span class='ocrx_word' id='word_1_274' title='bbox 1268 2168 1514 2222; x_wconf 90' lang='lat' dir='ltr'><strong>cohortis</strong></span> <span class='ocrx_word' id='word_1_275' title='bbox 1559 2169 1865 2235; x_wconf 89' lang='lat' dir='ltr'><strong>satellites,</strong></span> <span class='ocrx_word' id='word_1_276' title='bbox 1926 2171 2112 2223; x_wconf 88' lang='lat' dir='ltr'><strong>statim</strong></span> 
     </span>
    </p>
   </div>
   <div class='ocr_carea' id='block_1_40' title="bbox 526 2260 2115 2327">
    <p class='ocr_par' dir='ltr' id='par_1_40' title="bbox 526 2260 2115 2327">
     <span class='ocr_line' id='line_1_40' title="bbox 526 2260 2115 2327; baseline 0.002 -14"><span class='ocrx_word' id='word_1_277' title='bbox 526 2261 778 2315; x_wconf 86' lang='lat' dir='ltr'><strong>manibus</strong></span> <span class='ocrx_word' id='word_1_278' title='bbox 804 2261 1107 2324; x_wconf 80' lang='lat' dir='ltr'><strong>sublatum,</strong></span> <span class='ocrx_word' id='word_1_279' title='bbox 1132 2260 1355 2314; x_wconf 89' lang='lat' dir='ltr'><strong>domum</strong></span> <span class='ocrx_word' id='word_1_280' title='bbox 1390 2261 1759 2327; x_wconf 76' lang='lat' dir='ltr'><strong>adduxerunt,</strong></span> <span class='ocrx_word' id='word_1_281' title='bbox 1790 2261 2017 2325; x_wconf 87' lang='lat' dir='ltr'><strong>nullam,</strong></span> <span class='ocrx_word' id='word_1_282' title='bbox 2055 2270 2115 2316; x_wconf 89' lang='lat' dir='ltr'><strong>ut</strong></span> 
     </span>
    </p>
   </div>
   <div class='ocr_carea' id='block_1_41' title="bbox 527 2353 2116 2424">
    <p class='ocr_par' dir='ltr' id='par_1_41' title="bbox 527 2353 2116 2424">
     <span class='ocr_line' id='line_1_41' title="bbox 527 2353 2116 2424; baseline 0.001 -18"><span class='ocrx_word' id='word_1_283' title='bbox 527 2368 627 2424; x_wconf 90' lang='lat' dir='ltr'><strong>par</strong></span> <span class='ocrx_word' id='word_1_284' title='bbox 662 2363 783 2417; x_wconf 90' lang='lat' dir='ltr'><strong>cst,</strong></span> <span class='ocrx_word' id='word_1_285' title='bbox 821 2354 1081 2423; x_wconf 88' lang='lat' dir='ltr'><strong>deinceps</strong></span> <span class='ocrx_word' id='word_1_286' title='bbox 1117 2369 1310 2407; x_wconf 86' lang='lat' dir='ltr'><strong>eorum</strong></span> <span class='ocrx_word' id='word_1_287' title='bbox 1354 2369 1477 2424; x_wconf 63' lang='lat' dir='ltr'><strong>quae</strong></span> <span class='ocrx_word' id='word_1_288' title='bbox 1516 2353 1570 2407; x_wconf 90' lang='lat' dir='ltr'><strong>in</strong></span> <span class='ocrx_word' id='word_1_289' title='bbox 1624 2354 1877 2409; x_wconf 82' lang='lat' dir='ltr'><strong>inanibus</strong></span> <span class='ocrx_word' id='word_1_290' title='bbox 1924 2362 2116 2410; x_wconf 87' lang='lat' dir='ltr'><strong>essent</strong></span> 
     </span>
    </p>
   </div>
   <div class='ocr_carea' id='block_1_42' title="bbox 523 2444 2116 2515">
    <p class='ocr_par' dir='ltr' id='par_1_42' title="bbox 523 2444 2116 2515">
     <span class='ocr_line' id='line_1_42' title="bbox 523 2444 2116 2515; baseline 0.001 -16"><span class='ocrx_word' id='word_1_291' title='bbox 523 2460 713 2499; x_wconf 82' lang='lat' dir='ltr'><strong>curam</strong></span> <span class='ocrx_word' id='word_1_292' title='bbox 762 2445 1098 2499; x_wconf 89' lang='lat' dir='ltr'><strong>habiturum.</strong></span> <span class='ocrx_word' id='word_1_293' title='bbox 1141 2444 1365 2500; x_wconf 71' lang='lat' dir='ltr'><strong>Iacebat</strong></span> <span class='ocrx_word' id='word_1_294' title='bbox 1405 2446 1590 2515; x_wconf 86' lang='lat' dir='ltr'><strong>itaque</strong></span> <span class='ocrx_word' id='word_1_295' title='bbox 1631 2446 1714 2499; x_wconf 85' lang='lat' dir='ltr'><strong>vir</strong></span> <span class='ocrx_word' id='word_1_296' title='bbox 1754 2444 2116 2501; x_wconf 89' lang='lat' dir='ltr'><strong>intolerandis</strong></span> 
     </span>
    </p>
   </div>
   <div class='ocr_carea' id='block_1_43' title="bbox 524 2537 2114 2610">
    <p class='ocr_par' dir='ltr' id='par_1_43' title="bbox 524 2537 2114 2610">
     <span class='ocr_line' id='line_1_43' title="bbox 524 2537 2114 2610; baseline 0.001 -18"><span class='ocrx_word' id='word_1_297' title='bbox 524 2537 753 2593; x_wconf 69' lang='lat' dir='ltr'><strong>ali‘cctus</strong></span> <span class='ocrx_word' id='word_1_298' title='bbox 800 2538 1107 2605; x_wconf 86' lang='lat' dir='ltr'><strong>doloribus,</strong></span> <span class='ocrx_word' id='word_1_299' title='bbox 1163 2539 1418 2593; x_wconf 91' lang='lat' dir='ltr'><strong>nesciens</strong></span> <span class='ocrx_word' id='word_1_300' title='bbox 1460 2539 1550 2593; x_wconf 92' lang='lat' dir='ltr'><strong>cui</strong></span> <span class='ocrx_word' id='word_1_301' title='bbox 1591 2538 1829 2610; x_wconf 88' lang='lat' dir='ltr'><strong>primum</strong></span> <span class='ocrx_word' id='word_1_302' title='bbox 1868 2540 2114 2595; x_wconf 87' lang='lat' dir='ltr'><strong>animum</strong></span> 
     </span>
    </p>
   </div>
   <div class='ocr_carea' id='block_1_44' title="bbox 525 2629 2113 2704">
    <p class='ocr_par' dir='ltr' id='par_1_44' title="bbox 525 2629 2113 2704">
     <span class='ocr_line' id='line_1_44' title="bbox 525 2629 2113 2704; baseline 0.004 -23"><span class='ocrx_word' id='word_1_303' title='bbox 525 2630 829 2685; x_wconf 86' lang='lat' dir='ltr'><strong>adhiberet.</strong></span> <span class='ocrx_word' id='word_1_304' title='bbox 861 2629 1139 2686; x_wconf 86' lang='lat' dir='ltr'><strong>Traltebat</strong></span> <span class='ocrx_word' id='word_1_305' title='bbox 1178 2633 1325 2685; x_wconf 88' lang='lat' dir='ltr'><strong>ettim</strong></span> <span class='ocrx_word' id='word_1_306' title='bbox 1361 2632 1543 2701; x_wconf 90' lang='lat' dir='ltr'><strong>ipsum</strong></span> <span class='ocrx_word' id='word_1_307' title='bbox 1597 2634 1938 2688; x_wconf 77' lang='lat' dir='ltr'><strong>imminentis</strong></span> <span class='ocrx_word' id='word_1_308' title='bbox 1973 2634 2113 2704; x_wconf 85' lang='lat' dir='ltr'><strong>peri-</strong></span> 
     </span>
    </p>
   </div>
   <div class='ocr_carea' id='block_1_45' title="bbox 522 2722 2119 2793">
    <p class='ocr_par' dir='ltr' id='par_1_45' title="bbox 522 2722 2119 2793">
     <span class='ocr_line' id='line_1_45' title="bbox 522 2722 2119 2793; baseline 0.003 -18"><span class='ocrx_word' id='word_1_309' title='bbox 522 2722 632 2775; x_wconf 90' lang='lat' dir='ltr'><strong>culi</strong></span> <span class='ocrx_word' id='word_1_310' title='bbox 679 2724 1021 2787; x_wconf 80' lang='lat' dir='ltr'><strong>sollicitudo,</strong></span> <span class='ocrx_word' id='word_1_311' title='bbox 1050 2725 1325 2791; x_wconf 86' lang='lat' dir='ltr'><strong>quomodo</strong></span> <span class='ocrx_word' id='word_1_312' title='bbox 1358 2739 1534 2793; x_wconf 88' lang='lat' dir='ltr'><strong>quave</strong></span> <span class='ocrx_word' id='word_1_313' title='bbox 1572 2725 1786 2779; x_wconf 86' lang='lat' dir='ltr'><strong>ratione</strong></span> <span class='ocrx_word' id='word_1_314' title='bbox 1820 2725 2012 2779; x_wconf 87' lang='lat' dir='ltr'><strong>urbem</strong></span> <span class='ocrx_word' id='word_1_315' title='bbox 2046 2726 2119 2780; x_wconf 87' lang='lat' dir='ltr'><strong>ab</strong></span> 
     </span>
    </p>
   </div>
   <div class='ocr_carea' id='block_1_46' title="bbox 525 2814 2116 2889">
    <p class='ocr_par' dir='ltr' id='par_1_46' title="bbox 525 2814 2116 2889">
     <span class='ocr_line' id='line_1_46' title="bbox 525 2814 2116 2889; baseline 0.003 -23"><span class='ocrx_word' id='word_1_316' title='bbox 525 2814 811 2869; x_wconf 86' lang='lat' dir='ltr'><strong>iuvasioue</strong></span> <span class='ocrx_word' id='word_1_317' title='bbox 842 2814 1209 2869; x_wconf 87' lang='lat' dir='ltr'><strong>Barbarorum</strong></span> <span class='ocrx_word' id='word_1_318' title='bbox 1246 2826 1416 2870; x_wconf 85' lang='lat' dir='ltr'><strong>tutam</strong></span> <span class='ocrx_word' id='word_1_319' title='bbox 1452 2826 1698 2872; x_wconf 86' lang='lat' dir='ltr'><strong>servaret</strong></span> <span class='ocrx_word' id='word_1_320' title='bbox 1728 2835 1742 2885; x_wconf 92' lang='lat'><strong>;</strong></span> <span class='ocrx_word' id='word_1_321' title='bbox 1776 2820 1950 2889; x_wconf 88' lang='lat' dir='ltr'><strong>magis</strong></span> <span class='ocrx_word' id='word_1_322' title='bbox 1986 2834 2116 2872; x_wconf 88' lang='lat' dir='ltr'><strong>vero</strong></span> 
     </span>
    </p>
   </div>
   <div class='ocr_carea' id='block_1_47' title="bbox 523 2908 2115 2979">
    <p class='ocr_par' dir='ltr' id='par_1_47' title="bbox 523 2908 2115 2979">
     <span class='ocr_line' id='line_1_47' title="bbox 523 2908 2115 2979; baseline 0.003 -21"><span class='ocrx_word' id='word_1_323' title='bbox 523 2914 715 2961; x_wconf 86' lang='lat' dir='ltr'><strong>contra</strong></span> <span class='ocrx_word' id='word_1_324' title='bbox 748 2908 1003 2962; x_wconf 88' lang='lat' dir='ltr'><strong>trahebat</strong></span> <span class='ocrx_word' id='word_1_325' title='bbox 1030 2908 1098 2962; x_wconf 89' lang='lat' dir='ltr'><strong>ad</strong></span> <span class='ocrx_word' id='word_1_326' title='bbox 1126 2923 1295 2979; x_wconf 88' lang='lat' dir='ltr'><strong>seque</strong></span> <span class='ocrx_word' id='word_1_327' title='bbox 1326 2910 1642 2965; x_wconf 85' lang='lat' dir='ltr'><strong>retrahebat</strong></span> <span class='ocrx_word' id='word_1_328' title='bbox 1670 2913 1977 2965; x_wconf 88' lang='lat' dir='ltr'><strong>acerrimus</strong></span> <span class='ocrx_word' id='word_1_329' title='bbox 2008 2912 2115 2965; x_wconf 83' lang='lat' dir='ltr'><strong>dn-</strong></span> 
     </span>
    </p>
   </div>
   <div class='ocr_carea' id='block_1_48' title="bbox 524 2996 2112 3070">
    <p class='ocr_par' dir='ltr' id='par_1_48' title="bbox 524 2996 2112 3070">
     <span class='ocr_line' id='line_1_48' title="bbox 524 2996 2112 3070; baseline 0.005 -22"><span class='ocrx_word' id='word_1_330' title='bbox 524 2996 608 3050; x_wconf 94' lang='lat' dir='ltr'><strong>lor</strong></span> <span class='ocrx_word' id='word_1_331' title='bbox 636 3008 689 3052; x_wconf 89' lang='lat' dir='ltr'><strong>et</strong></span> <span class='ocrx_word' id='word_1_332' title='bbox 726 2999 1097 3054; x_wconf 88' lang='lat' dir='ltr'><strong>membrorum</strong></span> <span class='ocrx_word' id='word_1_333' title='bbox 1134 2999 1375 3054; x_wconf 86' lang='lat' dir='ltr'><strong>fractura</strong></span> <span class='ocrx_word' id='word_1_334' title='bbox 1404 3040 1418 3061; x_wconf 86' lang='lat'><strong>,</strong></span> <span class='ocrx_word' id='word_1_335' title='bbox 1453 3016 1577 3070; x_wconf 72' lang='lat' dir='ltr'><strong>qua-</strong></span> <span class='ocrx_word' id='word_1_336' title='bbox 1618 3013 1847 3056; x_wconf 87' lang='lat' dir='ltr'><strong>mortem</strong></span> <span class='ocrx_word' id='word_1_337' title='bbox 1887 3003 2112 3055; x_wconf 87' lang='lat' dir='ltr'><strong>minita-</strong></span> 
     </span>
    </p>
   </div>
   <div class='ocr_carea' id='block_1_49' title="bbox 2218 1888 3794 1963">
    <p class='ocr_par' dir='ltr' id='par_1_49' title="bbox 2218 1888 3794 1963">
     <span class='ocr_line' id='line_1_49' title="bbox 2218 1888 3794 1963; baseline 0.002 -22"><span class='ocrx_word' id='word_1_338' title='bbox 2218 1888 2379 1959; x_wconf 77' lang='grc' dir='ltr'><strong>ἔδρας</strong></span> <span class='ocrx_word' id='word_1_339' title='bbox 2433 1889 2480 1921; x_wconf 81' lang='grc'><strong>’⁸</strong></span> <span class='ocrx_word' id='word_1_340' title='bbox 2536 1889 2698 1944; x_wconf 75' lang='grc' dir='ltr'><strong>αὑτὸν</strong></span> <span class='ocrx_word' id='word_1_341' title='bbox 2751 1890 3080 1954; x_wconf 78' lang='grc' dir='ltr'><strong>ἀπεδάλετο,</strong></span> <span class='ocrx_word' id='word_1_342' title='bbox 3116 1892 3210 1945; x_wconf 66' lang='grc' dir='ltr'><strong>καλ⁵</strong></span> <span class='ocrx_word' id='word_1_343' title='bbox 3240 1894 3303 1945; x_wconf 85' lang='grc' dir='ltr'><strong>ἐκ</strong></span> <span class='ocrx_word' id='word_1_344' title='bbox 3332 1891 3424 1944; x_wconf 85' lang='grc' dir='ltr'><strong>τοῦ</strong></span> <span class='ocrx_word' id='word_1_345' title='bbox 3472 1893 3609 1963; x_wconf 69' lang='grc' dir='ltr'><strong>πρὸς</strong></span> <span class='ocrx_word' id='word_1_346' title='bbox 3638 1891 3794 1961; x_wconf 75' lang='grc' dir='ltr'><strong>οὐρὰν</strong></span> 
     </span>
    </p>
   </div>
   <div class='ocr_carea' id='block_1_50' title="bbox 2217 1980 3795 2053">
    <p class='ocr_par' dir='ltr' id='par_1_50' title="bbox 2217 1980 3795 2053">
     <span class='ocr_line' id='line_1_50' title="bbox 2217 1980 3795 2053; baseline 0.001 -20"><span class='ocrx_word' id='word_1_347' title='bbox 2217 1980 2556 2052; x_wconf 81' lang='grc' dir='ltr'><strong>κυδιστήσας</strong></span> <span class='ocrx_word' id='word_1_348' title='bbox 2602 1982 2696 2035; x_wconf 80' lang='grc' dir='ltr'><strong>καὶ</strong></span> <span class='ocrx_word' id='word_1_349' title='bbox 2750 1982 2887 2053; x_wconf 75' lang='grc' dir='ltr'><strong>πρὸς</strong></span> <span class='ocrx_word' id='word_1_350' title='bbox 2911 1981 3176 2050; x_wconf 77' lang='grc' dir='ltr'><strong>τοῦδαφος</strong></span> <span class='ocrx_word' id='word_1_351' title='bbox 3209 1984 3391 2053; x_wconf 74' lang='grc' dir='ltr'><strong>ῥιφεὶς</strong></span> <span class='ocrx_word' id='word_1_352' title='bbox 3420 1982 3514 2034; x_wconf 73' lang='grc' dir='ltr'><strong>τὸν</strong></span> <span class='ocrx_word' id='word_1_353' title='bbox 3544 1981 3716 2046; x_wconf 79' lang='grc' dir='ltr'><strong>δεξιόν</strong></span> <span class='ocrx_word' id='word_1_354' title='bbox 3740 1999 3795 2035; x_wconf 82' lang='grc' dir='ltr'><strong>τι</strong></span> 
     </span>
    </p>
   </div>
   <div class='ocr_carea' id='block_1_51' title="bbox 2221 2070 3797 2144">
    <p class='ocr_par' dir='ltr' id='par_1_51' title="bbox 2221 2070 3797 2144">
     <span class='ocr_line' id='line_1_51' title="bbox 2221 2070 3797 2144; baseline 0.001 -20"><span class='ocrx_word' id='word_1_355' title='bbox 2221 2070 2399 2143; x_wconf 79' lang='grc' dir='ltr'><strong>μηρὸν</strong></span> <span class='ocrx_word' id='word_1_356' title='bbox 2420 2072 2513 2125; x_wconf 72' lang='grc' dir='ltr'><strong>καὶ</strong></span> <span class='ocrx_word' id='word_1_357' title='bbox 2533 2072 2602 2126; x_wconf 78' lang='grc' dir='ltr'><strong>τὰ</strong></span> <span class='ocrx_word' id='word_1_358' title='bbox 2626 2072 2763 2143; x_wconf 80' lang='grc' dir='ltr'><strong>πρὸς</strong></span> <span class='ocrx_word' id='word_1_359' title='bbox 2793 2072 2893 2143; x_wconf 83' lang='grc' dir='ltr'><strong>τὴν</strong></span> <span class='ocrx_word' id='word_1_360' title='bbox 2931 2072 3167 2144; x_wconf 82' lang='grc' dir='ltr'><strong>κοτύλην</strong></span> <span class='ocrx_word' id='word_1_361' title='bbox 3196 2072 3333 2143; x_wconf 77' lang='grc' dir='ltr'><strong>μέλη</strong></span> <span class='ocrx_word' id='word_1_362' title='bbox 3356 2072 3611 2137; x_wconf 60' lang='lat' dir='ltr'><strong>arma;</strong></span> <span class='ocrx_word' id='word_1_363' title='bbox 3636 2073 3797 2127; x_wconf 66' lang='grc' dir='ltr'><strong>ἐλεειε</strong></span> 
     </span>
    </p>
   </div>
   <div class='ocr_carea' id='block_1_52' title="bbox 2217 2158 3796 2237">
    <p class='ocr_par' dir='ltr' id='par_1_52' title="bbox 2217 2158 3796 2237">
     <span class='ocr_line' id='line_1_52' title="bbox 2217 2158 3796 2237; baseline 0.003 -21"><span class='ocrx_word' id='word_1_364' title='bbox 2217 2162 2307 2226; x_wconf 75' lang='grc' dir='ltr'><strong>νὸς</strong></span> <span class='ocrx_word' id='word_1_365' title='bbox 2335 2158 2405 2233; x_wconf 79' lang='grc' dir='ltr'><strong>ἦν</strong></span> <span class='ocrx_word' id='word_1_366' title='bbox 2449 2163 2543 2217; x_wconf 81' lang='grc' dir='ltr'><strong>καὶ</strong></span> <span class='ocrx_word' id='word_1_367' title='bbox 2590 2164 2765 2234; x_wconf 79' lang='grc' dir='ltr'><strong>αὐτῆς</strong></span> <span class='ocrx_word' id='word_1_368' title='bbox 2792 2163 2894 2234; x_wconf 85' lang='grc' dir='ltr'><strong>τῆς</strong></span> <span class='ocrx_word' id='word_1_369' title='bbox 2947 2165 3093 2236; x_wconf 77' lang='grc' dir='ltr'><strong>ζωῆς</strong></span> <span class='ocrx_word' id='word_1_370' title='bbox 3130 2164 3384 2217; x_wconf 84' lang='grc' dir='ltr'><strong>ἀπειπών</strong></span> <span class='ocrx_word' id='word_1_371' title='bbox 3406 2182 3419 2195; x_wconf 91' lang='grc'><strong>·</strong></span> <span class='ocrx_word' id='word_1_372' title='bbox 3448 2166 3508 2219; x_wconf 80' lang='grc' dir='ltr'><strong>ὃν</strong></span> <span class='ocrx_word' id='word_1_373' title='bbox 3541 2168 3591 2219; x_wconf 80' lang='grc' dir='ltr'><strong>οῖ</strong></span> <span class='ocrx_word' id='word_1_374' title='bbox 3629 2169 3725 2237; x_wconf 82' lang='grc' dir='ltr'><strong>τῆς</strong></span> <span class='ocrx_word' id='word_1_375' title='bbox 3754 2167 3796 2199; x_wconf 75' lang='grc'><strong><em>⁵⁸</em></strong></span> 
     </span>
    </p>
   </div>
   <div class='ocr_carea' id='block_1_53' title="bbox 2220 2256 3797 2331">
    <p class='ocr_par' dir='ltr' id='par_1_53' title="bbox 2220 2256 3797 2331">
     <span class='ocr_line' id='line_1_53' title="bbox 2220 2256 3797 2331; baseline 0.004 -23"><span class='ocrx_word' id='word_1_376' title='bbox 2220 2258 2622 2326; x_wconf 81' lang='grc' dir='ltr'><strong>στρατιωτικῆς</strong></span> <span class='ocrx_word' id='word_1_377' title='bbox 2668 2256 2879 2321; x_wconf 80' lang='grc' dir='ltr'><strong>τάξεως</strong></span> <span class='ocrx_word' id='word_1_378' title='bbox 2931 2256 3224 2328; x_wconf 82' lang='grc' dir='ltr'><strong>δορυφόροι</strong></span> <span class='ocrx_word' id='word_1_379' title='bbox 3279 2258 3625 2331; x_wconf 83' lang='grc' dir='ltr'><strong>παραχρῆμα</strong></span> <span class='ocrx_word' id='word_1_380' title='bbox 3682 2262 3797 2324; x_wconf 85' lang='grc' dir='ltr'><strong>ταῖς</strong></span> 
     </span>
    </p>
   </div>
   <div class='ocr_carea' id='block_1_54' title="bbox 2216 2348 3796 2421">
    <p class='ocr_par' dir='ltr' id='par_1_54' title="bbox 2216 2348 3796 2421">
     <span class='ocr_line' id='line_1_54' title="bbox 2216 2348 3796 2421; baseline 0.006 -24"><span class='ocrx_word' id='word_1_381' title='bbox 2216 2348 2403 2417; x_wconf 79' lang='grc' dir='ltr'><strong>χερσὶν</strong></span> <span class='ocrx_word' id='word_1_382' title='bbox 2442 2348 2760 2419; x_wconf 78' lang='grc' dir='ltr'><strong>ἀνελόμενοι</strong></span> <span class='ocrx_word' id='word_1_383' title='bbox 2800 2349 3012 2419; x_wconf 80' lang='grc' dir='ltr'><strong>ἀπῆγον</strong></span> <span class='ocrx_word' id='word_1_384' title='bbox 3033 2348 3240 2415; x_wconf 84' lang='grc' dir='ltr'><strong>οἴκαδε,</strong></span> <span class='ocrx_word' id='word_1_385' title='bbox 3272 2352 3458 2421; x_wconf 77' lang='grc' dir='ltr'><strong>μηδὲν,</strong></span> <span class='ocrx_word' id='word_1_386' title='bbox 3477 2350 3553 2414; x_wconf 85' lang='grc' dir='ltr'><strong>ὡς</strong></span> <span class='ocrx_word' id='word_1_387' title='bbox 3584 2352 3728 2414; x_wconf 71' lang='grc' dir='ltr'><strong>είκδς</strong></span> <span class='ocrx_word' id='word_1_388' title='bbox 3756 2355 3796 2417; x_wconf 81' lang='grc'><strong>⁸,</strong></span> 
     </span>
    </p>
   </div>
   <div class='ocr_carea' id='block_1_55' title="bbox 2216 2439 3797 2515">
    <p class='ocr_par' dir='ltr' id='par_1_55' title="bbox 2216 2439 3797 2515">
     <span class='ocr_line' id='line_1_55' title="bbox 2216 2439 3797 2515; baseline 0.004 -24"><span class='ocrx_word' id='word_1_389' title='bbox 2216 2440 2347 2509; x_wconf 80' lang='grc' dir='ltr'><strong>περὶ</strong></span> <span class='ocrx_word' id='word_1_390' title='bbox 2381 2439 2491 2493; x_wconf 84' lang='grc' dir='ltr'><strong>τῶν</strong></span> <span class='ocrx_word' id='word_1_391' title='bbox 2515 2441 2896 2511; x_wconf 80' lang='grc' dir='ltr'><strong>προκειμένων</strong></span> <span class='ocrx_word' id='word_1_392' title='bbox 2924 2442 3269 2513; x_wconf 82' lang='grc' dir='ltr'><strong>πραγμάτων</strong></span> <span class='ocrx_word' id='word_1_393' title='bbox 3299 2446 3395 2496; x_wconf 86' lang='grc' dir='ltr'><strong>τοῦ</strong></span> <span class='ocrx_word' id='word_1_394' title='bbox 3424 2443 3615 2497; x_wconf 77' lang='grc' dir='ltr'><strong>λοιποῦ</strong></span> <span class='ocrx_word' id='word_1_395' title='bbox 3636 2461 3797 2515; x_wconf 80' lang='grc' dir='ltr'><strong>φρον-</strong></span> 
     </span>
    </p>
   </div>
   <div class='ocr_carea' id='block_1_56' title="bbox 2215 2529 3797 2609">
    <p class='ocr_par' dir='ltr' id='par_1_56' title="bbox 2215 2529 3797 2609">
     <span class='ocr_line' id='line_1_56' title="bbox 2215 2529 3797 2609; baseline 0.004 -26"><span class='ocrx_word' id='word_1_396' title='bbox 2215 2529 2333 2585; x_wconf 83' lang='grc' dir='ltr'><strong>τιού</strong></span> <span class='ocrx_word' id='word_1_397' title='bbox 2342 2549 2524 2602; x_wconf 88' lang='grc' dir='ltr'><strong>μενον.</strong></span> <span class='ocrx_word' id='word_1_398' title='bbox 2560 2534 2781 2587; x_wconf 86' lang='grc' dir='ltr'><strong>Ἕκειτο</strong></span> <span class='ocrx_word' id='word_1_399' title='bbox 2806 2533 2872 2605; x_wconf 81' lang='grc' dir='ltr'><strong>δὴ</strong></span> <span class='ocrx_word' id='word_1_400' title='bbox 2892 2536 2922 2587; x_wconf 86' lang='grc' dir='ltr'><strong>ό</strong></span> <span class='ocrx_word' id='word_1_401' title='bbox 2949 2534 3089 2605; x_wconf 77' lang='grc' dir='ltr'><strong>ἀνὴρ</strong></span> <span class='ocrx_word' id='word_1_402' title='bbox 3116 2535 3329 2600; x_wconf 77' lang='grc' dir='ltr'><strong>ὀδύναις</strong></span> <span class='ocrx_word' id='word_1_403' title='bbox 3353 2538 3647 2608; x_wconf 74' lang='grc' dir='ltr'><strong>ἀφορήτοις</strong></span> <span class='ocrx_word' id='word_1_404' title='bbox 3670 2538 3797 2609; x_wconf 74' lang='grc' dir='ltr'><strong>βλη-</strong></span> 
     </span>
    </p>
   </div>
   <div class='ocr_carea' id='block_1_57' title="bbox 2218 2618 3793 2701">
    <p class='ocr_par' dir='ltr' id='par_1_57' title="bbox 2218 2618 3793 2701">
     <span class='ocr_line' id='line_1_57' title="bbox 2218 2618 3793 2701; baseline 0.005 -25"><span class='ocrx_word' id='word_1_405' title='bbox 2218 2624 2353 2689; x_wconf 74' lang='grc' dir='ltr'><strong>θεὶς,</strong></span> <span class='ocrx_word' id='word_1_406' title='bbox 2415 2624 2517 2680; x_wconf 74' lang='grc' dir='ltr'><strong>οὐκ</strong></span> <span class='ocrx_word' id='word_1_407' title='bbox 2575 2625 2717 2695; x_wconf 80' lang='grc' dir='ltr'><strong>ἔχων</strong></span> <span class='ocrx_word' id='word_1_408' title='bbox 2781 2618 2937 2693; x_wconf 82' lang='grc' dir='ltr'><strong>ᾧτινι</strong></span> <span class='ocrx_word' id='word_1_409' title='bbox 2968 2626 3186 2697; x_wconf 85' lang='grc' dir='ltr'><strong>πρῶτον</strong></span> <span class='ocrx_word' id='word_1_410' title='bbox 3224 2627 3314 2681; x_wconf 77' lang='grc' dir='ltr'><strong>τὸν</strong></span> <span class='ocrx_word' id='word_1_411' title='bbox 3346 2628 3470 2683; x_wconf 84' lang='grc' dir='ltr'><strong>νοῦν</strong></span> <span class='ocrx_word' id='word_1_412' title='bbox 3508 2630 3793 2701; x_wconf 72' lang='grc' dir='ltr'><strong>ἐπαφήστι.</strong></span> 
     </span>
    </p>
   </div>
   <div class='ocr_carea' id='block_1_58' title="bbox 2217 2710 3797 2792">
    <p class='ocr_par' dir='ltr' id='par_1_58' title="bbox 2217 2710 3797 2792">
     <span class='ocr_line' id='line_1_58' title="bbox 2217 2710 3797 2792; baseline 0.005 -25"><span class='ocrx_word' id='word_1_413' title='bbox 2217 2710 2383 2768; x_wconf 76' lang='grc' dir='ltr'><strong>Εἶλκε</strong></span> <span class='ocrx_word' id='word_1_414' title='bbox 2440 2717 2538 2785; x_wconf 86' lang='grc' dir='ltr'><strong>μέν</strong></span> <span class='ocrx_word' id='word_1_415' title='bbox 2566 2718 2673 2787; x_wconf 77' lang='grc' dir='ltr'><strong>γὰρ</strong></span> <span class='ocrx_word' id='word_1_416' title='bbox 2697 2718 2863 2770; x_wconf 73' lang='grc' dir='ltr'><strong>αὑτὸν</strong></span> <span class='ocrx_word' id='word_1_417' title='bbox 2906 2719 2939 2787; x_wconf 81' lang='grc' dir='ltr'>ὴ</span> <span class='ocrx_word' id='word_1_418' title='bbox 2971 2718 3193 2786; x_wconf 70' lang='grc' dir='ltr'><strong>φροντὶς</strong></span> <span class='ocrx_word' id='word_1_419' title='bbox 3222 2718 3318 2772; x_wconf 81' lang='grc' dir='ltr'><strong>τοῦ</strong></span> <span class='ocrx_word' id='word_1_420' title='bbox 3348 2720 3797 2792; x_wconf 76' lang='grc' dir='ltr'><strong>προσδοκωμένου</strong></span> 
     </span>
    </p>
   </div>
   <div class='ocr_carea' id='block_1_59' title="bbox 2217 2808 3793 2884">
    <p class='ocr_par' dir='ltr' id='par_1_59' title="bbox 2217 2808 3793 2884">
     <span class='ocr_line' id='line_1_59' title="bbox 2217 2808 3793 2884; baseline 0.005 -24"><span class='ocrx_word' id='word_1_421' title='bbox 2217 2808 2484 2873; x_wconf 79' lang='grc' dir='ltr'><strong>κινδύνου,</strong></span> <span class='ocrx_word' id='word_1_422' title='bbox 2511 2809 2628 2871; x_wconf 84' lang='grc' dir='ltr'><strong>πῶς</strong></span> <span class='ocrx_word' id='word_1_423' title='bbox 2660 2810 2755 2862; x_wconf 78' lang='grc' dir='ltr'><strong>καὶ</strong></span> <span class='ocrx_word' id='word_1_424' title='bbox 2787 2809 2911 2863; x_wconf 88' lang='grc' dir='ltr'><strong>τίνα</strong></span> <span class='ocrx_word' id='word_1_425' title='bbox 2940 2813 3143 2877; x_wconf 85' lang='grc' dir='ltr'><strong>τρόπον</strong></span> <span class='ocrx_word' id='word_1_426' title='bbox 3174 2812 3475 2883; x_wconf 83' lang='grc' dir='ltr'><strong>περισώσει</strong></span> <span class='ocrx_word' id='word_1_427' title='bbox 3516 2814 3615 2884; x_wconf 76' lang='grc' dir='ltr'><strong>τὴν</strong></span> <span class='ocrx_word' id='word_1_428' title='bbox 3644 2814 3793 2867; x_wconf 76' lang='grc' dir='ltr'><strong>πόλιν</strong></span> 
     </span>
    </p>
   </div>
   <div class='ocr_carea' id='block_1_60' title="bbox 2216 2900 3796 2975">
    <p class='ocr_par' dir='ltr' id='par_1_60' title="bbox 2216 2900 3796 2975">
     <span class='ocr_line' id='line_1_60' title="bbox 2216 2900 3796 2975; baseline 0.006 -23"><span class='ocrx_word' id='word_1_429' title='bbox 2216 2900 2281 2952; x_wconf 82' lang='grc' dir='ltr'><strong>ἐκ</strong></span> <span class='ocrx_word' id='word_1_430' title='bbox 2314 2902 2333 2933; x_wconf 80' lang='grc'><em>³</em></span> <span class='ocrx_word' id='word_1_431' title='bbox 2355 2902 2454 2971; x_wconf 84' lang='grc' dir='ltr'><strong>τῆς</strong></span> <span class='ocrx_word' id='word_1_432' title='bbox 2475 2901 2777 2973; x_wconf 72' lang='grc' dir='ltr'><strong>ἐπιδρομῆς</strong></span> <span class='ocrx_word' id='word_1_433' title='bbox 2810 2904 2920 2956; x_wconf 85' lang='grc' dir='ltr'><strong>τῶν</strong></span> <span class='ocrx_word' id='word_1_434' title='bbox 2952 2904 3251 2975; x_wconf 80' lang='grc' dir='ltr'><strong>Βαρϐάρων</strong></span> <span class='ocrx_word' id='word_1_435' title='bbox 3274 2921 3286 2934; x_wconf 90' lang='grc'><strong>·</strong></span> <span class='ocrx_word' id='word_1_436' title='bbox 3316 2906 3564 2960; x_wconf 82' lang='grc' dir='ltr'><strong>ἀνθεῖλκε</strong></span> <span class='ocrx_word' id='word_1_437' title='bbox 3590 2908 3645 2960; x_wconf 79' lang='grc' dir='ltr'><strong>δέ</strong></span> <span class='ocrx_word' id='word_1_438' title='bbox 3671 2908 3763 2962; x_wconf 76' lang='grc' dir='ltr'><strong>τοῦ</strong></span> <span class='ocrx_word' id='word_1_439' title='bbox 3782 2936 3796 2949; x_wconf 77' lang='grc' dir='ltr'><strong><em>ο</em></strong></span> 
     </span>
    </p>
   </div>
   <div class='ocr_carea' id='block_1_61' title="bbox 2216 2995 3793 3070">
    <p class='ocr_par' dir='ltr' id='par_1_61' title="bbox 2216 2995 3793 3070">
     <span class='ocr_line' id='line_1_61' title="bbox 2216 2995 3793 3070; baseline 0.008 -25"><span class='ocrx_word' id='word_1_440' title='bbox 2216 3011 2306 3046; x_wconf 82' lang='grc' dir='ltr'><strong>τον</strong></span> <span class='ocrx_word' id='word_1_441' title='bbox 2334 2995 2471 3065; x_wconf 82' lang='grc' dir='ltr'><strong>πρὸς</strong></span> <span class='ocrx_word' id='word_1_442' title='bbox 2495 2996 2689 3048; x_wconf 87' lang='grc' dir='ltr'><strong>ἐαυτὸν</strong></span> <span class='ocrx_word' id='word_1_443' title='bbox 2711 2996 2875 3050; x_wconf 90' lang='grc' dir='ltr'><strong>πλέον</strong></span> <span class='ocrx_word' id='word_1_444' title='bbox 2905 2999 2939 3067; x_wconf 80' lang='grc' dir='ltr'>ἡ</span> <span class='ocrx_word' id='word_1_445' title='bbox 2973 2998 3196 3070; x_wconf 83' lang='grc' dir='ltr'><strong>δριμεῖα</strong></span> <span class='ocrx_word' id='word_1_446' title='bbox 3230 2999 3389 3070; x_wconf 85' lang='grc' dir='ltr'><strong>ὀδύνη</strong></span> <span class='ocrx_word' id='word_1_447' title='bbox 3424 3000 3518 3053; x_wconf 74' lang='grc' dir='ltr'><strong>καὶ</strong></span> <span class='ocrx_word' id='word_1_448' title='bbox 3545 3001 3606 3055; x_wconf 82' lang='grc' dir='ltr'><strong>τὸ</strong></span> <span class='ocrx_word' id='word_1_449' title='bbox 3631 3002 3793 3056; x_wconf 80' lang='grc' dir='ltr'><strong>θάνα·</strong></span> 
     </span>
    </p>
   </div>
   <div class='ocr_carea' id='block_1_62' title="bbox 523 3087 2109 3163">
    <p class='ocr_par' dir='ltr' id='par_1_62' title="bbox 523 3090 2106 3163">
     <span class='ocr_line' id='line_1_62' title="bbox 523 3090 2106 3163; baseline 0.002 -20"><span class='ocrx_word' id='word_1_450' title='bbox 523 3090 705 3155; x_wconf 89' lang='lat' dir='ltr'><strong>batur,</strong></span> <span class='ocrx_word' id='word_1_451' title='bbox 756 3093 1105 3162; x_wconf 75' lang='lat' dir='ltr'><strong>propriaeque</strong></span> <span class='ocrx_word' id='word_1_452' title='bbox 1152 3093 1312 3148; x_wconf 89' lang='lat' dir='ltr'><strong>saluti</strong></span> <span class='ocrx_word' id='word_1_453' title='bbox 1365 3092 1572 3162; x_wconf 85' lang='lat' dir='ltr'><strong>reliqua</strong></span> <span class='ocrx_word' id='word_1_454' title='bbox 1608 3095 1985 3163; x_wconf 81' lang='lat' dir='ltr'><strong>posthabenda</strong></span> <span class='ocrx_word' id='word_1_455' title='bbox 2013 3094 2106 3159; x_wconf 61' lang='lat' dir='ltr'><strong>,illi</strong></span> 
     </span>
    </p>
   </div>
   <div class='ocr_carea' id='block_1_63' title="bbox 2214 3087 3796 3163">
    <p class='ocr_par' dir='ltr' id='par_1_63' title="bbox 2220 3087 3796 3162">
     <span class='ocr_line' id='line_1_63' title="bbox 2220 3087 3796 3162; baseline 0.008 -24"><span class='ocrx_word' id='word_1_456' title='bbox 2220 3102 2311 3140; x_wconf 86' lang='grc' dir='ltr'><strong>τον</strong></span> <span class='ocrx_word' id='word_1_457' title='bbox 2363 3087 2608 3141; x_wconf 78' lang='grc' dir='ltr'><strong>ἀπειλεῖν</strong></span> <span class='ocrx_word' id='word_1_458' title='bbox 2666 3089 2775 3141; x_wconf 84' lang='grc' dir='ltr'><strong>τῶν</strong></span> <span class='ocrx_word' id='word_1_459' title='bbox 2828 3090 3149 3160; x_wconf 84' lang='grc' dir='ltr'><strong>πληγέντων</strong></span> <span class='ocrx_word' id='word_1_460' title='bbox 3182 3092 3359 3162; x_wconf 86' lang='grc' dir='ltr'><strong>μελῶν</strong></span> <span class='ocrx_word' id='word_1_461' title='bbox 3395 3094 3455 3147; x_wconf 78' lang='grc' dir='ltr'><strong>τὸ</strong></span> <span class='ocrx_word' id='word_1_462' title='bbox 3484 3095 3669 3161; x_wconf 84' lang='grc' dir='ltr'><strong>πάθος,</strong></span> <span class='ocrx_word' id='word_1_463' title='bbox 3704 3097 3796 3151; x_wconf 78' lang='grc' dir='ltr'><strong>καὶ</strong></span> 
     </span>
    </p>
   </div>
   <div class='ocr_carea' id='block_1_64' title="bbox 521 3184 2112 3258">
    <p class='ocr_par' dir='ltr' id='par_1_64' title="bbox 521 3184 2112 3258">
     <span class='ocr_line' id='line_1_64' title="bbox 521 3184 2112 3258; baseline 0.003 -19"><span class='ocrx_word' id='word_1_464' title='bbox 521 3186 873 3255; x_wconf 79' lang='lat' dir='ltr'><strong>suggerebat.</strong></span> <span class='ocrx_word' id='word_1_465' title='bbox 904 3184 995 3239; x_wconf 89' lang='lat' dir='ltr'><strong>Sic</strong></span> <span class='ocrx_word' id='word_1_466' title='bbox 1031 3186 1085 3238; x_wconf 89' lang='lat' dir='ltr'><strong>in</strong></span> <span class='ocrx_word' id='word_1_467' title='bbox 1118 3185 1297 3239; x_wconf 87' lang='lat' dir='ltr'><strong>medio</strong></span> <span class='ocrx_word' id='word_1_468' title='bbox 1328 3184 1562 3240; x_wconf 90' lang='lat' dir='ltr'><strong>duorum</strong></span> <span class='ocrx_word' id='word_1_469' title='bbox 1604 3186 1873 3241; x_wconf 87' lang='lat' dir='ltr'><strong>malorum</strong></span> <span class='ocrx_word' id='word_1_470' title='bbox 1902 3188 2112 3258; x_wconf 87' lang='lat' dir='ltr'><strong>positus</strong></span> 
     </span>
    </p>
   </div>
   <div class='ocr_carea' id='block_1_65' title="bbox 523 3276 2113 3352">
    <p class='ocr_par' dir='ltr' id='par_1_65' title="bbox 523 3276 2113 3352">
     <span class='ocr_line' id='line_1_65' title="bbox 523 3276 2113 3352; baseline 0.005 -23"><span class='ocrx_word' id='word_1_471' title='bbox 523 3293 586 3331; x_wconf 90' lang='lat' dir='ltr'><strong>ac</strong></span> <span class='ocrx_word' id='word_1_472' title='bbox 638 3286 870 3349; x_wconf 84' lang='lat' dir='ltr'><strong>utroque</strong></span> <span class='ocrx_word' id='word_1_473' title='bbox 913 3276 1200 3343; x_wconf 79' lang='lat' dir='ltr'><strong>fatiscens,</strong></span> <span class='ocrx_word' id='word_1_474' title='bbox 1249 3280 1514 3349; x_wconf 84' lang='lat' dir='ltr'><strong>quidquid</strong></span> <span class='ocrx_word' id='word_1_475' title='bbox 1558 3281 1887 3335; x_wconf 77' lang='lat' dir='ltr'><strong>necessaria:</strong></span> <span class='ocrx_word' id='word_1_476' title='bbox 1932 3297 2113 3352; x_wconf 65' lang='lat' dir='ltr'><strong>opera:</strong></span> 
     </span>
    </p>
   </div>
   <div class='ocr_carea' id='block_1_66' title="bbox 524 3368 2112 3438">
    <p class='ocr_par' dir='ltr' id='par_1_66' title="bbox 524 3368 2112 3438">
     <span class='ocr_line' id='line_1_66' title="bbox 524 3368 2112 3438; baseline 0.004 -17"><span class='ocrx_word' id='word_1_477' title='bbox 524 3369 885 3431; x_wconf 88' lang='lat' dir='ltr'><strong>incumberet,</strong></span> <span class='ocrx_word' id='word_1_478' title='bbox 943 3369 1321 3438; x_wconf 85' lang='lat' dir='ltr'><strong>incptissimus</strong></span> <span class='ocrx_word' id='word_1_479' title='bbox 1378 3379 1518 3423; x_wconf 88' lang='lat' dir='ltr'><strong>erat.</strong></span> <span class='ocrx_word' id='word_1_480' title='bbox 1580 3368 1949 3426; x_wconf 75' lang='lat' dir='ltr'><strong>Nihilominus</strong></span> <span class='ocrx_word' id='word_1_481' title='bbox 2012 3388 2112 3427; x_wconf 83' lang='lat' dir='ltr'><strong>nos</strong></span> 
     </span>
    </p>
   </div>
   <div class='ocr_carea' id='block_1_67' title="bbox 522 3461 2110 3532">
    <p class='ocr_par' dir='ltr' id='par_1_67' title="bbox 522 3461 2110 3532">
     <span class='ocr_line' id='line_1_67' title="bbox 522 3461 2110 3532; baseline 0.001 -17"><span class='ocrx_word' id='word_1_482' title='bbox 522 3472 753 3531; x_wconf 80' lang='lat' dir='ltr'><strong>urgente</strong></span> <span class='ocrx_word' id='word_1_483' title='bbox 784 3478 970 3517; x_wconf 88' lang='lat' dir='ltr'><strong>rerutn</strong></span> <span class='ocrx_word' id='word_1_484' title='bbox 1003 3461 1166 3532; x_wconf 64' lang='lat'><strong>515.</strong></span> <span class='ocrx_word' id='word_1_485' title='bbox 1208 3461 1470 3526; x_wconf 88' lang='lat' dir='ltr'><strong>articulo,</strong></span> <span class='ocrx_word' id='word_1_486' title='bbox 1506 3463 1754 3515; x_wconf 87' lang='lat' dir='ltr'><strong>turribus</strong></span> <span class='ocrx_word' id='word_1_487' title='bbox 1784 3463 2110 3532; x_wconf 68' lang='lat' dir='ltr'><strong>quibusdam</strong></span> 
     </span>
    </p>
   </div>
   <div class='ocr_carea' id='block_1_68' title="bbox 518 3553 2112 3623">
    <p class='ocr_par' dir='ltr' id='par_1_68' title="bbox 518 3553 2112 3623">
     <span class='ocr_line' id='line_1_68' title="bbox 518 3553 2112 3623; baseline 0.002 -16"><span class='ocrx_word' id='word_1_488' title='bbox 518 3568 585 3607; x_wconf 78' lang='lat' dir='ltr'><strong>ex</strong></span> <span class='ocrx_word' id='word_1_489' title='bbox 619 3554 765 3623; x_wconf 80' lang='lat' dir='ltr'><strong>ligno</strong></span> <span class='ocrx_word' id='word_1_490' title='bbox 793 3554 1071 3622; x_wconf 77' lang='lat' dir='ltr'><strong>congestis</strong></span> <span class='ocrx_word' id='word_1_491' title='bbox 1103 3554 1156 3605; x_wconf 93' lang='lat' dir='ltr'><strong>in</strong></span> <span class='ocrx_word' id='word_1_492' title='bbox 1186 3560 1342 3622; x_wconf 89' lang='lat' dir='ltr'><strong>parte</strong></span> <span class='ocrx_word' id='word_1_493' title='bbox 1372 3553 1515 3605; x_wconf 87' lang='lat' dir='ltr'><strong>muri</strong></span> <span class='ocrx_word' id='word_1_494' title='bbox 1542 3555 1782 3623; x_wconf 82' lang='lat' dir='ltr'><strong>collapsa</strong></span> <span class='ocrx_word' id='word_1_495' title='bbox 1812 3556 2112 3610; x_wconf 79' lang='lat' dir='ltr'><strong>exstructis</strong></span> 
     </span>
    </p>
   </div>
   <div class='ocr_carea' id='block_1_69' title="bbox 519 3642 2111 3718">
    <p class='ocr_par' dir='ltr' id='par_1_69' title="bbox 519 3642 2111 3718">
     <span class='ocr_line' id='line_1_69' title="bbox 519 3642 2111 3718; baseline 0.006 -25"><span class='ocrx_word' id='word_1_496' title='bbox 519 3650 683 3710; x_wconf 83' lang='lat' dir='ltr'><strong>atque</strong></span> <span class='ocrx_word' id='word_1_497' title='bbox 712 3644 971 3708; x_wconf 89' lang='lat' dir='ltr'><strong>admotis,</strong></span> <span class='ocrx_word' id='word_1_498' title='bbox 1004 3642 1233 3697; x_wconf 87' lang='lat' dir='ltr'><strong>lenioris</strong></span> <span class='ocrx_word' id='word_1_499' title='bbox 1261 3643 1418 3697; x_wconf 89' lang='lat' dir='ltr'><strong>nobis</strong></span> <span class='ocrx_word' id='word_1_500' title='bbox 1450 3645 1565 3712; x_wconf 85' lang='lat' dir='ltr'><strong>spei</strong></span> <span class='ocrx_word' id='word_1_501' title='bbox 1600 3646 1857 3714; x_wconf 89' lang='lat' dir='ltr'><strong>pusillum</strong></span> <span class='ocrx_word' id='word_1_502' title='bbox 1888 3648 2111 3718; x_wconf 80' lang='lat' dir='ltr'><strong>aliquod</strong></span> 
     </span>
    </p>
   </div>
   <div class='ocr_carea' id='block_1_70' title="bbox 520 3734 2111 3807">
    <p class='ocr_par' dir='ltr' id='par_1_70' title="bbox 520 3734 2111 3807">
     <span class='ocr_line' id='line_1_70' title="bbox 520 3734 2111 3807; baseline 0.007 -22"><span class='ocrx_word' id='word_1_503' title='bbox 520 3734 865 3803; x_wconf 74' lang='lat' dir='ltr'><strong>refrigerium</strong></span> <span class='ocrx_word' id='word_1_504' title='bbox 907 3736 1325 3799; x_wconf 81' lang='lat' dir='ltr'><strong>suscitavimus,</strong></span> <span class='ocrx_word' id='word_1_505' title='bbox 1363 3746 1622 3806; x_wconf 83' lang='lat' dir='ltr'><strong>tanquam</strong></span> <span class='ocrx_word' id='word_1_506' title='bbox 1665 3738 1758 3807; x_wconf 91' lang='lat' dir='ltr'><strong>qui</strong></span> <span class='ocrx_word' id='word_1_507' title='bbox 1790 3755 1820 3794; x_wconf 89' lang='lat' dir='ltr'><strong>e</strong></span> <span class='ocrx_word' id='word_1_508' title='bbox 1856 3741 1975 3795; x_wconf 86' lang='lat' dir='ltr'><strong>loco</strong></span> <span class='ocrx_word' id='word_1_509' title='bbox 2016 3756 2111 3796; x_wconf 86' lang='lat' dir='ltr'><strong>sn-</strong></span> 
     </span>
    </p>
   </div>
   <div class='ocr_carea' id='block_1_71' title="bbox 518 3826 2112 3899">
    <p class='ocr_par' dir='ltr' id='par_1_71' title="bbox 518 3826 2112 3899">
     <span class='ocr_line' id='line_1_71' title="bbox 518 3826 2112 3899; baseline 0.008 -20"><span class='ocrx_word' id='word_1_510' title='bbox 518 3826 720 3896; x_wconf 84' lang='lat' dir='ltr'><strong>periori</strong></span> <span class='ocrx_word' id='word_1_511' title='bbox 752 3836 1051 3899; x_wconf 79' lang='lat' dir='ltr'><strong>pugnatum</strong></span> <span class='ocrx_word' id='word_1_512' title='bbox 1075 3843 1106 3883; x_wconf 92' lang='lat' dir='ltr'><strong>e</strong></span> <span class='ocrx_word' id='word_1_513' title='bbox 1124 3831 1261 3883; x_wconf 88' lang='lat' dir='ltr'><strong>mari</strong></span> <span class='ocrx_word' id='word_1_514' title='bbox 1286 3830 1570 3885; x_wconf 83' lang='lat' dir='ltr'><strong>venientes</strong></span> <span class='ocrx_word' id='word_1_515' title='bbox 1589 3845 1798 3897; x_wconf 86' lang='lat' dir='ltr'><strong>arcere,</strong></span> <span class='ocrx_word' id='word_1_516' title='bbox 1823 3849 1923 3888; x_wconf 90' lang='lat' dir='ltr'><strong>nec</strong></span> <span class='ocrx_word' id='word_1_517' title='bbox 1953 3850 2112 3891; x_wconf 82' lang='lat' dir='ltr'><strong>muro</strong></span> 
     </span>
    </p>
   </div>
   <div class='ocr_carea' id='block_1_72' title="bbox 518 3918 2112 3990">
    <p class='ocr_par' dir='ltr' id='par_1_72' title="bbox 518 3918 2112 3990">
     <span class='ocr_line' id='line_1_72' title="bbox 518 3918 2112 3990; baseline 0.005 -18"><span class='ocrx_word' id='word_1_518' title='bbox 518 3918 778 3973; x_wconf 88' lang='lat' dir='ltr'><strong>accedere</strong></span> <span class='ocrx_word' id='word_1_519' title='bbox 803 3920 1138 3990; x_wconf 83' lang='lat' dir='ltr'><strong>sinistraque</strong></span> <span class='ocrx_word' id='word_1_520' title='bbox 1164 3920 1384 3990; x_wconf 80' lang='lat' dir='ltr'><strong>explere</strong></span> <span class='ocrx_word' id='word_1_521' title='bbox 1401 3921 1642 3976; x_wconf 87' lang='lat' dir='ltr'><strong>consilia</strong></span> <span class='ocrx_word' id='word_1_522' title='bbox 1671 3923 1851 3978; x_wconf 87' lang='lat' dir='ltr'><strong>sinere</strong></span> <span class='ocrx_word' id='word_1_523' title='bbox 1884 3925 2112 3980; x_wconf 87' lang='lat' dir='ltr'><strong>habere-</strong></span> 
     </span>
    </p>
   </div>
   <div class='ocr_carea' id='block_1_73' title="bbox 519 4010 2105 4083">
    <p class='ocr_par' dir='ltr' id='par_1_73' title="bbox 519 4010 2105 4083">
     <span class='ocr_line' id='line_1_73' title="bbox 519 4010 2105 4083; baseline 0.004 -20"><span class='ocrx_word' id='word_1_524' title='bbox 519 4026 664 4066; x_wconf 91' lang='lat' dir='ltr'><strong>mus.</strong></span> <span class='ocrx_word' id='word_1_525' title='bbox 703 4010 809 4066; x_wconf 86' lang='lat' dir='ltr'><strong>Sed</strong></span> <span class='ocrx_word' id='word_1_526' title='bbox 840 4020 997 4066; x_wconf 83' lang='lat' dir='ltr'><strong>erant</strong></span> <span class='ocrx_word' id='word_1_527' title='bbox 1034 4012 1150 4067; x_wconf 59' lang='lat' dir='ltr'><strong>hac</strong></span> <span class='ocrx_word' id='word_1_528' title='bbox 1188 4012 1568 4068; x_wconf 87' lang='lat' dir='ltr'><strong>festinantium</strong></span> <span class='ocrx_word' id='word_1_529' title='bbox 1610 4013 1831 4069; x_wconf 86' lang='lat' dir='ltr'><strong>subtilia</strong></span> <span class='ocrx_word' id='word_1_530' title='bbox 1864 4016 2105 4083; x_wconf 82' lang='lat' dir='ltr'><strong>inventa,</strong></span> 
     </span>
    </p>
   </div>
   <div class='ocr_carea' id='block_1_74' title="bbox 517 4104 2111 4179">
    <p class='ocr_par' dir='ltr' id='par_1_74' title="bbox 517 4104 2111 4179">
     <span class='ocr_line' id='line_1_74' title="bbox 517 4104 2111 4179; baseline 0.004 -23"><span class='ocrx_word' id='word_1_531' title='bbox 517 4118 640 4156; x_wconf 90' lang='lat' dir='ltr'><strong>cum</strong></span> <span class='ocrx_word' id='word_1_532' title='bbox 670 4104 922 4158; x_wconf 86' lang='lat' dir='ltr'><strong>videlicet</strong></span> <span class='ocrx_word' id='word_1_533' title='bbox 966 4112 1145 4160; x_wconf 83' lang='lat' dir='ltr'><strong>metus</strong></span> <span class='ocrx_word' id='word_1_534' title='bbox 1184 4105 1487 4159; x_wconf 84' lang='lat' dir='ltr'><strong>necessitas</strong></span> <span class='ocrx_word' id='word_1_535' title='bbox 1524 4105 1710 4160; x_wconf 87' lang='lat' dir='ltr'><strong>inania</strong></span> <span class='ocrx_word' id='word_1_536' title='bbox 1738 4107 1853 4162; x_wconf 81' lang='lat' dir='ltr'><strong>haec</strong></span> <span class='ocrx_word' id='word_1_537' title='bbox 1888 4110 2111 4179; x_wconf 80' lang='lat' dir='ltr'><strong>excogi-</strong></span> 
     </span>
    </p>
   </div>
   <div class='ocr_carea' id='block_1_75' title="bbox 515 4190 2108 4270">
    <p class='ocr_par' dir='ltr' id='par_1_75' title="bbox 515 4190 2108 4270">
     <span class='ocr_line' id='line_1_75' title="bbox 515 4190 2108 4270; baseline 0.006 -25"><span class='ocrx_word' id='word_1_538' title='bbox 515 4190 683 4246; x_wconf 81' lang='lat' dir='ltr'><strong>tanda</strong></span> <span class='ocrx_word' id='word_1_539' title='bbox 716 4192 884 4248; x_wconf 90' lang='lat' dir='ltr'><strong>menti</strong></span> <span class='ocrx_word' id='word_1_540' title='bbox 920 4193 1189 4264; x_wconf 76' lang='lat' dir='ltr'><strong>ingereret</strong></span> <span class='ocrx_word' id='word_1_541' title='bbox 1229 4210 1245 4261; x_wconf 89' lang='lat'><strong>;</strong></span> <span class='ocrx_word' id='word_1_542' title='bbox 1306 4195 1545 4263; x_wconf 88' lang='lat' dir='ltr'><strong>tametsi,</strong></span> <span class='ocrx_word' id='word_1_543' title='bbox 1585 4198 1729 4267; x_wconf 84' lang='lat' dir='ltr'><strong>quod</strong></span> <span class='ocrx_word' id='word_1_544' title='bbox 1771 4200 1848 4252; x_wconf 84' lang='lat' dir='ltr'><strong>ait</strong></span> <span class='ocrx_word' id='word_1_545' title='bbox 1888 4202 2108 4270; x_wconf 83' lang='lat' dir='ltr'><strong>sapiens</strong></span> 
     </span>
    </p>
   </div>
   <div class='ocr_carea' id='block_1_76' title="bbox 516 4285 2109 4365">
    <p class='ocr_par' dir='ltr' id='par_1_76' title="bbox 516 4285 2109 4365">
     <span class='ocr_line' id='line_1_76' title="bbox 516 4285 2109 4365; baseline 0.009 -29"><span class='ocrx_word' id='word_1_546' title='bbox 516 4285 764 4354; x_wconf 87' lang='lat' dir='ltr'><strong>quidam,</strong></span> <span class='ocrx_word' id='word_1_547' title='bbox 800 4287 1143 4354; x_wconf 75' lang='lat' dir='ltr'><strong>ingeniosum</strong></span> <span class='ocrx_word' id='word_1_548' title='bbox 1180 4298 1345 4357; x_wconf 84' lang='lat' dir='ltr'><strong>atque</strong></span> <span class='ocrx_word' id='word_1_549' title='bbox 1373 4289 1549 4345; x_wconf 76' lang='lat' dir='ltr'><strong>solere</strong></span> <span class='ocrx_word' id='word_1_550' title='bbox 1574 4298 1658 4345; x_wconf 88' lang='lat' dir='ltr'><strong>est</strong></span> <span class='ocrx_word' id='word_1_551' title='bbox 1686 4292 1953 4363; x_wconf 88' lang='lat' dir='ltr'><strong>quidquid</strong></span> <span class='ocrx_word' id='word_1_552' title='bbox 1984 4310 2109 4365; x_wconf 85' lang='lat' dir='ltr'><strong>pre-</strong></span> 
     </span>
    </p>
   </div>
   <div class='ocr_carea' id='block_1_77' title="bbox 518 4380 2105 4453">
    <p class='ocr_par' dir='ltr' id='par_1_77' title="bbox 518 4380 2105 4453">
     <span class='ocr_line' id='line_1_77' title="bbox 518 4380 2105 4453; baseline 0.007 -19"><span class='ocrx_word' id='word_1_553' title='bbox 518 4380 704 4434; x_wconf 84' lang='lat' dir='ltr'><strong>mitur.</strong></span> <span class='ocrx_word' id='word_1_554' title='bbox 730 4380 901 4435; x_wconf 83' lang='lat' dir='ltr'><strong>Nemo</strong></span> <span class='ocrx_word' id='word_1_555' title='bbox 926 4381 1071 4435; x_wconf 86' lang='lat' dir='ltr'><strong>enitn</strong></span> <span class='ocrx_word' id='word_1_556' title='bbox 1096 4381 1151 4436; x_wconf 91' lang='lat' dir='ltr'><strong>in</strong></span> <span class='ocrx_word' id='word_1_557' title='bbox 1167 4381 1327 4437; x_wconf 86' lang='lat' dir='ltr'><strong>nobis</strong></span> <span class='ocrx_word' id='word_1_558' title='bbox 1347 4389 1465 4436; x_wconf 80' lang='lat' dir='ltr'><strong>erat</strong></span> <span class='ocrx_word' id='word_1_559' title='bbox 1478 4382 1571 4453; x_wconf 86' lang='lat' dir='ltr'><strong>qui</strong></span> <span class='ocrx_word' id='word_1_560' title='bbox 1598 4384 1774 4440; x_wconf 85' lang='lat' dir='ltr'><strong>firmis</strong></span> <span class='ocrx_word' id='word_1_561' title='bbox 1794 4386 2105 4446; x_wconf 87' lang='lat' dir='ltr'><strong>rationibus</strong></span> 
     </span>
    </p>
   </div>
   <div class='ocr_carea' id='block_1_78' title="bbox 2216 3180 3795 3263">
    <p class='ocr_par' dir='ltr' id='par_1_78' title="bbox 2216 3180 3795 3263">
     <span class='ocr_line' id='line_1_78' title="bbox 2216 3180 3795 3263; baseline 0.006 -30"><span class='ocrx_word' id='word_1_562' title='bbox 2216 3180 2468 3234; x_wconf 80' lang='grc' dir='ltr'><strong>ἀνέπειθε</strong></span> <span class='ocrx_word' id='word_1_563' title='bbox 2522 3182 2690 3252; x_wconf 81' lang='grc' dir='ltr'><strong>μηδὲν</strong></span> <span class='ocrx_word' id='word_1_564' title='bbox 2720 3182 2909 3253; x_wconf 74' lang='grc' dir='ltr'><strong>ἕτερον</strong></span> <span class='ocrx_word' id='word_1_565' title='bbox 2942 3188 3224 3256; x_wconf 78' lang='grc' dir='ltr'><strong>προτιμᾷν</strong></span> <span class='ocrx_word' id='word_1_566' title='bbox 3271 3187 3369 3257; x_wconf 74' lang='grc' dir='ltr'><strong>τῆς</strong></span> <span class='ocrx_word' id='word_1_567' title='bbox 3399 3189 3593 3242; x_wconf 79' lang='grc' dir='ltr'><strong>ἑαυτοῦ</strong></span> <span class='ocrx_word' id='word_1_568' title='bbox 3625 3207 3795 3263; x_wconf 63' lang='lat' dir='ltr'><strong>mi;-</strong></span> 
     </span>
    </p>
   </div>
   <div class='ocr_carea' id='block_1_79' title="bbox 2218 3274 3794 3352">
    <p class='ocr_par' dir='ltr' id='par_1_79' title="bbox 2218 3274 3794 3352">
     <span class='ocr_line' id='line_1_79' title="bbox 2218 3274 3794 3352; baseline 0.006 -27"><span class='ocrx_word' id='word_1_569' title='bbox 2218 3274 2359 3343; x_wconf 84' lang='grc' dir='ltr'><strong>ρίας.</strong></span> <span class='ocrx_word' id='word_1_570' title='bbox 2390 3274 2500 3326; x_wconf 80' lang='lat' dir='ltr'><strong>Kal.</strong></span> <span class='ocrx_word' id='word_1_571' title='bbox 2522 3276 2543 3306; x_wconf 89' lang='grc'>³</span> <span class='ocrx_word' id='word_1_572' title='bbox 2574 3274 2747 3338; x_wconf 76' lang='grc' dir='ltr'><strong>οὕτως</strong></span> <span class='ocrx_word' id='word_1_573' title='bbox 2773 3277 2831 3328; x_wconf 88' lang='grc' dir='ltr'><strong>ἐν</strong></span> <span class='ocrx_word' id='word_1_574' title='bbox 2865 3276 3105 3350; x_wconf 80' lang='grc' dir='ltr'><strong>μεθορίῳ</strong></span> <span class='ocrx_word' id='word_1_575' title='bbox 3134 3278 3228 3332; x_wconf 90' lang='grc' dir='ltr'><strong>δύο</strong></span> <span class='ocrx_word' id='word_1_576' title='bbox 3256 3279 3513 3349; x_wconf 80' lang='grc' dir='ltr'><strong>χαλεπῶν</strong></span> <span class='ocrx_word' id='word_1_577' title='bbox 3551 3283 3794 3352; x_wconf 79' lang='grc' dir='ltr'><strong>κείμενος</strong></span> 
     </span>
    </p>
   </div>
   <div class='ocr_carea' id='block_1_80' title="bbox 2215 3366 3793 3447">
    <p class='ocr_par' dir='ltr' id='par_1_80' title="bbox 2215 3366 3793 3447">
     <span class='ocr_line' id='line_1_80' title="bbox 2215 3366 3793 3447; baseline 0.004 -27"><span class='ocrx_word' id='word_1_578' title='bbox 2215 3366 2309 3420; x_wconf 75' lang='grc' dir='ltr'><strong>καὶ</strong></span> <span class='ocrx_word' id='word_1_579' title='bbox 2339 3366 2398 3431; x_wconf 76' lang='grc' dir='ltr'><strong>ἐξ</strong></span> <span class='ocrx_word' id='word_1_580' title='bbox 2425 3368 2690 3439; x_wconf 80' lang='grc' dir='ltr'><strong>ἐκατέρου</strong></span> <span class='ocrx_word' id='word_1_581' title='bbox 2720 3369 3024 3438; x_wconf 84' lang='grc' dir='ltr'><strong>νικώμενος</strong></span> <span class='ocrx_word' id='word_1_582' title='bbox 3059 3371 3196 3442; x_wconf 77' lang='grc' dir='ltr'><strong>πρὸς</strong></span> <span class='ocrx_word' id='word_1_583' title='bbox 3220 3374 3400 3426; x_wconf 80' lang='grc' dir='ltr'><strong>πᾶσαν</strong></span> <span class='ocrx_word' id='word_1_584' title='bbox 3429 3374 3712 3446; x_wconf 75' lang='grc' dir='ltr'><strong>ἐνέργειαν</strong></span> <span class='ocrx_word' id='word_1_585' title='bbox 3732 3372 3793 3447; x_wconf 69' lang='grc' dir='ltr'><strong>ἦν</strong></span> 
     </span>
    </p>
   </div>
   <div class='ocr_carea' id='block_1_81' title="bbox 2213 3457 3794 3536">
    <p class='ocr_par' dir='ltr' id='par_1_81' title="bbox 2213 3457 3794 3536">
     <span class='ocr_line' id='line_1_81' title="bbox 2213 3457 3794 3536; baseline 0.007 -26"><span class='ocrx_word' id='word_1_586' title='bbox 2213 3457 2320 3512; x_wconf 82' lang='grc' dir='ltr'><strong>τῶν</strong></span> <span class='ocrx_word' id='word_1_587' title='bbox 2375 3460 2602 3513; x_wconf 86' lang='grc' dir='ltr'><strong>δεόντων</strong></span> <span class='ocrx_word' id='word_1_588' title='bbox 2652 3462 3051 3533; x_wconf 82' lang='grc' dir='ltr'><strong>ἀνεπιτήδειος.</strong></span> <span class='ocrx_word' id='word_1_589' title='bbox 3082 3464 3233 3533; x_wconf 84' lang='grc' dir='ltr'><strong>Πλὴν</strong></span> <span class='ocrx_word' id='word_1_590' title='bbox 3262 3464 3350 3518; x_wconf 87' lang='grc' dir='ltr'><strong>διά</strong></span> <span class='ocrx_word' id='word_1_591' title='bbox 3376 3466 3438 3519; x_wconf 75' lang='grc' dir='ltr'><strong>τὸ</strong></span> <span class='ocrx_word' id='word_1_592' title='bbox 3478 3472 3794 3536; x_wconf 74' lang='grc' dir='ltr'><strong>κατεπεῖγον</strong></span> 
     </span>
    </p>
   </div>
   <div class='ocr_carea' id='block_1_82' title="bbox 2212 3547 3792 3631">
    <p class='ocr_par' dir='ltr' id='par_1_82' title="bbox 2212 3547 3792 3631">
     <span class='ocr_line' id='line_1_82' title="bbox 2212 3547 3792 3631; baseline 0.007 -31"><span class='ocrx_word' id='word_1_593' title='bbox 2212 3547 2307 3601; x_wconf 84' lang='grc' dir='ltr'><strong>τοῦ</strong></span> <span class='ocrx_word' id='word_1_594' title='bbox 2334 3550 2539 3621; x_wconf 83' lang='grc' dir='ltr'><strong>καιροῦ</strong></span> <span class='ocrx_word' id='word_1_595' title='bbox 2558 3551 2802 3623; x_wconf 86' lang='grc' dir='ltr'><strong>πύργους</strong></span> <span class='ocrx_word' id='word_1_596' title='bbox 2822 3552 2973 3616; x_wconf 84' lang='grc' dir='ltr'><strong>τινὰς</strong></span> <span class='ocrx_word' id='word_1_597' title='bbox 3003 3553 3422 3621; x_wconf 79' lang='grc' dir='ltr'><strong>ξυλοσυνθέτους</strong></span> <span class='ocrx_word' id='word_1_598' title='bbox 3438 3558 3519 3631; x_wconf 81' lang='grc' dir='ltr'><strong>τῷ</strong></span> <span class='ocrx_word' id='word_1_599' title='bbox 3546 3560 3792 3631; x_wconf 72' lang='grc' dir='ltr'><strong>διερρυηο</strong></span> 
     </span>
    </p>
   </div>
   <div class='ocr_carea' id='block_1_83' title="bbox 2214 3640 3792 3720">
    <p class='ocr_par' dir='ltr' id='par_1_83' title="bbox 2214 3640 3792 3720">
     <span class='ocr_line' id='line_1_83' title="bbox 2214 3640 3792 3720; baseline 0.008 -27"><span class='ocrx_word' id='word_1_600' title='bbox 2214 3640 2334 3693; x_wconf 91' lang='grc' dir='ltr'><strong>κότι</strong></span> <span class='ocrx_word' id='word_1_601' title='bbox 2384 3645 2543 3713; x_wconf 81' lang='grc' dir='ltr'><strong>μέρει</strong></span> <span class='ocrx_word' id='word_1_602' title='bbox 2597 3643 2691 3696; x_wconf 86' lang='grc' dir='ltr'><strong>τοῦ</strong></span> <span class='ocrx_word' id='word_1_603' title='bbox 2745 3645 2960 3713; x_wconf 87' lang='grc' dir='ltr'><strong>τείχους</strong></span> <span class='ocrx_word' id='word_1_604' title='bbox 3014 3646 3177 3716; x_wconf 72' lang='grc' dir='ltr'><strong>ἡμεῖς</strong></span> <span class='ocrx_word' id='word_1_605' title='bbox 3205 3647 3579 3720; x_wconf 85' lang='grc' dir='ltr'><strong>δομησάμενοί</strong></span> <span class='ocrx_word' id='word_1_606' title='bbox 3612 3669 3670 3704; x_wconf 85' lang='grc' dir='ltr'><strong>τε</strong></span> <span class='ocrx_word' id='word_1_607' title='bbox 3703 3655 3792 3705; x_wconf 78' lang='grc' dir='ltr'><strong>καὶ</strong></span> 
     </span>
    </p>
   </div>
   <div class='ocr_carea' id='block_1_84' title="bbox 2214 3735 3792 3815">
    <p class='ocr_par' dir='ltr' id='par_1_84' title="bbox 2214 3735 3792 3815">
     <span class='ocr_line' id='line_1_84' title="bbox 2214 3735 3792 3815; baseline 0.009 -29"><span class='ocrx_word' id='word_1_608' title='bbox 2214 3735 2703 3803; x_wconf 81' lang='grc' dir='ltr'><strong>προσπελάσαντες</strong></span> <span class='ocrx_word' id='word_1_609' title='bbox 2755 3739 2945 3808; x_wconf 84' lang='grc' dir='ltr'><strong>ὀλίγην</strong></span> <span class='ocrx_word' id='word_1_610' title='bbox 3000 3740 3125 3793; x_wconf 84' lang='grc' dir='ltr'><strong>τινὰ</strong></span> <span class='ocrx_word' id='word_1_611' title='bbox 3178 3743 3538 3815; x_wconf 77' lang='grc' dir='ltr'><strong>παρέσχομεν</strong></span> <span class='ocrx_word' id='word_1_612' title='bbox 3586 3747 3792 3809; x_wconf 74' lang='grc' dir='ltr'><strong>ἑαυτοῖς</strong></span> 
     </span>
    </p>
   </div>
   <div class='ocr_carea' id='block_1_85' title="bbox 2212 3829 3789 3908">
    <p class='ocr_par' dir='ltr' id='par_1_85' title="bbox 2212 3829 3789 3908">
     <span class='ocr_line' id='line_1_85' title="bbox 2212 3829 3789 3908; baseline 0.006 -26"><span class='ocrx_word' id='word_1_613' title='bbox 2212 3829 2459 3901; x_wconf 86' lang='grc' dir='ltr'><strong>χρηστῆς</strong></span> <span class='ocrx_word' id='word_1_614' title='bbox 2487 3830 2704 3896; x_wconf 87' lang='grc' dir='ltr'><strong>ἐλπίδος</strong></span> <span class='ocrx_word' id='word_1_615' title='bbox 2735 3834 3040 3908; x_wconf 75' lang='grc' dir='ltr'><strong>ἀναψυχὴν,</strong></span> <span class='ocrx_word' id='word_1_616' title='bbox 3067 3837 3145 3900; x_wconf 85' lang='grc' dir='ltr'><strong>ὡς</strong></span> <span class='ocrx_word' id='word_1_617' title='bbox 3166 3836 3329 3906; x_wconf 69' lang='grc' dir='ltr'><strong>δῆθεν</strong></span> <span class='ocrx_word' id='word_1_618' title='bbox 3352 3839 3448 3907; x_wconf 81' lang='grc' dir='ltr'><strong>ἀφ’</strong></span> <span class='ocrx_word' id='word_1_619' title='bbox 3481 3838 3648 3908; x_wconf 74' lang='grc' dir='ltr'><strong>ὓψους</strong></span> <span class='ocrx_word' id='word_1_620' title='bbox 3669 3840 3789 3900; x_wconf 70' lang='grc' dir='ltr'><strong>τοὺς</strong></span> 
     </span>
    </p>
   </div>
   <div class='ocr_carea' id='block_1_86' title="bbox 2211 3922 3787 4004">
    <p class='ocr_par' dir='ltr' id='par_1_86' title="bbox 2211 3922 3787 4004">
     <span class='ocr_line' id='line_1_86' title="bbox 2211 3922 3787 4004; baseline 0.006 -31"><span class='ocrx_word' id='word_1_621' title='bbox 2211 3922 2320 3974; x_wconf 77' lang='grc' dir='ltr'><strong>ἀπὸ</strong></span> <span class='ocrx_word' id='word_1_622' title='bbox 2343 3922 2443 3992; x_wconf 83' lang='grc' dir='ltr'><strong>τῆς</strong></span> <span class='ocrx_word' id='word_1_623' title='bbox 2466 3924 2743 3997; x_wconf 80' lang='grc' dir='ltr'><strong>θαλάσσης</strong></span> <span class='ocrx_word' id='word_1_624' title='bbox 2771 3929 3103 4000; x_wconf 75' lang='grc' dir='ltr'><strong>ἐρχομένους</strong></span> <span class='ocrx_word' id='word_1_625' title='bbox 3126 3930 3418 4001; x_wconf 86' lang='grc' dir='ltr'><strong>ἀπείργειν</strong></span> <span class='ocrx_word' id='word_1_626' title='bbox 3453 3932 3551 3986; x_wconf 77' lang='grc' dir='ltr'><strong>καὶ</strong></span> <span class='ocrx_word' id='word_1_627' title='bbox 3581 3932 3654 4004; x_wconf 77' lang='grc' dir='ltr'><strong>μὴ</strong></span> <span class='ocrx_word' id='word_1_628' title='bbox 3682 3949 3787 3983; x_wconf 81' lang='grc' dir='ltr'><strong>πα-</strong></span> 
     </span>
    </p>
   </div>
   <div class='ocr_carea' id='block_1_87' title="bbox 2214 4016 3789 4093">
    <p class='ocr_par' dir='ltr' id='par_1_87' title="bbox 2214 4016 3789 4093">
     <span class='ocr_line' id='line_1_87' title="bbox 2214 4016 3789 4093; baseline 0.006 -27"><span class='ocrx_word' id='word_1_629' title='bbox 2214 4018 2486 4085; x_wconf 84' lang='grc' dir='ltr'><strong>ραχωρεῖν</strong></span> <span class='ocrx_word' id='word_1_630' title='bbox 2516 4016 2700 4080; x_wconf 80' lang='grc' dir='ltr'><strong>αὐτοῖς</strong></span> <span class='ocrx_word' id='word_1_631' title='bbox 2733 4019 2960 4089; x_wconf 88' lang='grc' dir='ltr'><strong>πλησίον</strong></span> <span class='ocrx_word' id='word_1_632' title='bbox 2986 4019 3166 4074; x_wconf 56' lang='grc' dir='ltr'><strong>ἱέναι*</strong></span> <span class='ocrx_word' id='word_1_633' title='bbox 3189 4021 3283 4075; x_wconf 83' lang='grc' dir='ltr'><strong>τοῦ</strong></span> <span class='ocrx_word' id='word_1_634' title='bbox 3330 4022 3550 4093; x_wconf 85' lang='grc' dir='ltr'><strong>τείχους</strong></span> <span class='ocrx_word' id='word_1_635' title='bbox 3584 4025 3670 4076; x_wconf 75' lang='grc' dir='ltr'><strong>καὶ</strong></span> <span class='ocrx_word' id='word_1_636' title='bbox 3692 4023 3789 4083; x_wconf 66' lang='grc' dir='ltr'><strong>τὰς</strong></span> 
     </span>
    </p>
   </div>
   <div class='ocr_carea' id='block_1_88' title="bbox 2213 4107 3784 4183">
    <p class='ocr_par' dir='ltr' id='par_1_88' title="bbox 2213 4107 3784 4183">
     <span class='ocr_line' id='line_1_88' title="bbox 2213 4107 3784 4183; baseline 0.006 -24"><span class='ocrx_word' id='word_1_637' title='bbox 2213 4107 2579 4172; x_wconf 82' lang='grc' dir='ltr'><strong>κακοδουλίας</strong></span> <span class='ocrx_word' id='word_1_638' title='bbox 2608 4110 2790 4163; x_wconf 83' lang='grc' dir='ltr'><strong>αὐτῶν</strong></span> <span class='ocrx_word' id='word_1_639' title='bbox 2839 4114 3108 4183; x_wconf 74' lang='grc' dir='ltr'><strong>ἐνεργεῖν.</strong></span> <span class='ocrx_word' id='word_1_640' title='bbox 3154 4113 3341 4167; x_wconf 86' lang='grc' dir='ltr'><strong>Ταῦτα</strong></span> <span class='ocrx_word' id='word_1_641' title='bbox 3364 4115 3423 4168; x_wconf 79' lang='grc' dir='ltr'><strong>δὲ</strong></span> <span class='ocrx_word' id='word_1_642' title='bbox 3456 4115 3784 4171; x_wconf 71' lang='grc' dir='ltr'><strong>σπευδόντων</strong></span> 
     </span>
    </p>
   </div>
   <div class='ocr_carea' id='block_1_89' title="bbox 2211 4193 3785 4277">
    <p class='ocr_par' dir='ltr' id='par_1_89' title="bbox 2211 4193 3785 4277">
     <span class='ocr_line' id='line_1_89' title="bbox 2211 4193 3785 4277; baseline 0.006 -26"><span class='ocrx_word' id='word_1_643' title='bbox 2211 4193 2281 4268; x_wconf 81' lang='grc' dir='ltr'><strong>ἦν</strong></span> <span class='ocrx_word' id='word_1_644' title='bbox 2310 4202 2671 4271; x_wconf 80' lang='grc' dir='ltr'><strong>ἐφευρήματα</strong></span> <span class='ocrx_word' id='word_1_645' title='bbox 2704 4203 2749 4268; x_wconf 80' lang='grc'><strong>⁸,</strong></span> <span class='ocrx_word' id='word_1_646' title='bbox 2794 4206 2896 4275; x_wconf 79' lang='grc' dir='ltr'><strong>τῆς</strong></span> <span class='ocrx_word' id='word_1_647' title='bbox 2927 4206 3177 4276; x_wconf 86' lang='grc' dir='ltr'><strong>ἀνάγκης</strong></span> <span class='ocrx_word' id='word_1_648' title='bbox 3222 4206 3317 4260; x_wconf 88' lang='grc' dir='ltr'><strong>τοῦ</strong></span> <span class='ocrx_word' id='word_1_649' title='bbox 3346 4208 3519 4277; x_wconf 79' lang='grc' dir='ltr'><strong>φόδου</strong></span> <span class='ocrx_word' id='word_1_650' title='bbox 3546 4209 3641 4272; x_wconf 78' lang='grc' dir='ltr'><strong>τὰς</strong></span> <span class='ocrx_word' id='word_1_651' title='bbox 3667 4210 3785 4262; x_wconf 76' lang='grc' dir='ltr'><strong>ἐπι-</strong></span> 
     </span>
    </p>
   </div>
   <div class='ocr_carea' id='block_1_90' title="bbox 2209 4294 3781 4372">
    <p class='ocr_par' dir='ltr' id='par_1_90' title="bbox 2209 4294 3781 4372">
     <span class='ocr_line' id='line_1_90' title="bbox 2209 4294 3781 4372; baseline 0.011 -27"><span class='ocrx_word' id='word_1_652' title='bbox 2209 4294 2361 4355; x_wconf 89' lang='grc' dir='ltr'><strong>νοίας</strong></span> <span class='ocrx_word' id='word_1_653' title='bbox 2388 4294 2499 4345; x_wconf 86' lang='grc' dir='ltr'><strong>τῶν</strong></span> <span class='ocrx_word' id='word_1_654' title='bbox 2526 4294 2775 4363; x_wconf 88' lang='grc' dir='ltr'><strong>ματαίων</strong></span> <span class='ocrx_word' id='word_1_655' title='bbox 2828 4297 3230 4372; x_wconf 79' lang='grc' dir='ltr'><strong>ύποὸαλούσης,</strong></span> <span class='ocrx_word' id='word_1_656' title='bbox 3266 4302 3315 4355; x_wconf 77' lang='lat' dir='ltr'><strong>si</strong></span> <span class='ocrx_word' id='word_1_657' title='bbox 3363 4305 3461 4357; x_wconf 75' lang='grc' dir='ltr'><strong>καὶ</strong></span> <span class='ocrx_word' id='word_1_658' title='bbox 3483 4304 3586 4368; x_wconf 83' lang='grc' dir='ltr'><strong>ὅτι.</strong></span> <span class='ocrx_word' id='word_1_659' title='bbox 3611 4300 3781 4363; x_wconf 73' lang='grc' dir='ltr'><strong>καθώς</strong></span> 
     </span>
    </p>
   </div>
   <div class='ocr_carea' id='block_1_91' title="bbox 2209 4385 3776 4467">
    <p class='ocr_par' dir='ltr' id='par_1_91' title="bbox 2209 4385 3776 4467">
     <span class='ocr_line' id='line_1_91' title="bbox 2209 4385 3776 4467; baseline 0.008 -31"><span class='ocrx_word' id='word_1_660' title='bbox 2209 4402 2291 4448; x_wconf 88' lang='grc' dir='ltr'><strong>τις</strong></span> <span class='ocrx_word' id='word_1_661' title='bbox 2318 4385 2424 4456; x_wconf 64' lang='grc' dir='ltr'><strong>ἔφη</strong></span> <span class='ocrx_word' id='word_1_662' title='bbox 2450 4386 2633 4455; x_wconf 73' lang='grc' dir='ltr'><strong>σοφὸς,</strong></span> <span class='ocrx_word' id='word_1_663' title='bbox 2664 4387 2975 4460; x_wconf 80' lang='grc' dir='ltr'><strong>εὐμήχανόν</strong></span> <span class='ocrx_word' id='word_1_664' title='bbox 3004 4394 3153 4447; x_wconf 84' lang='grc' dir='ltr'><strong>ἐστιν</strong></span> <span class='ocrx_word' id='word_1_665' title='bbox 3179 4396 3326 4448; x_wconf 82' lang='grc' dir='ltr'><strong>ἀπαν</strong></span> <span class='ocrx_word' id='word_1_666' title='bbox 3353 4396 3415 4449; x_wconf 77' lang='grc' dir='ltr'><strong>τὸ</strong></span> <span class='ocrx_word' id='word_1_667' title='bbox 3445 4397 3776 4467; x_wconf 74' lang='grc' dir='ltr'><strong>πιεζόμενον.</strong></span> 
     </span>
    </p>
   </div>
   <div class='ocr_carea' id='block_1_92' title="bbox 516 4453 2109 4561">
    <p class='ocr_par' dir='ltr' id='par_1_92' title="bbox 516 4476 2104 4554">
     <span class='ocr_line' id='line_1_92' title="bbox 516 4476 2104 4554; baseline 0.006 -24"><span class='ocrx_word' id='word_1_668' title='bbox 516 4476 781 4533; x_wconf 80' lang='lat' dir='ltr'><strong>adversus</strong></span> <span class='ocrx_word' id='word_1_669' title='bbox 804 4476 1048 4532; x_wconf 88' lang='lat' dir='ltr'><strong>futurum</strong></span> <span class='ocrx_word' id='word_1_670' title='bbox 1075 4477 1190 4533; x_wconf 75' lang='lat' dir='ltr'><strong>sive</strong></span> <span class='ocrx_word' id='word_1_671' title='bbox 1222 4478 1366 4533; x_wconf 85' lang='lat' dir='ltr'><strong>mala</strong></span> <span class='ocrx_word' id='word_1_672' title='bbox 1392 4494 1512 4550; x_wconf 66' lang='lat' dir='ltr'><strong>qua</strong></span> <span class='ocrx_word' id='word_1_673' title='bbox 1531 4488 1793 4537; x_wconf 77' lang='lat' dir='ltr'><strong>eventura</strong></span> <span class='ocrx_word' id='word_1_674' title='bbox 1816 4493 2104 4554; x_wconf 79' lang='lat' dir='ltr'><strong>exspecta-</strong></span> 
     </span>
    </p>
   </div>
   <div class='ocr_carea' id='block_1_93' title="bbox 2214 4453 3774 4561">
    <p class='ocr_par' dir='ltr' id='par_1_93' title="bbox 2214 4453 3774 4561">
     <span class='ocr_line' id='line_1_93' title="bbox 2214 4453 3774 4561; baseline 0.006 -30"><span class='ocrx_word' id='word_1_675' title='bbox 2214 4476 2323 4532; x_wconf 80' lang='grc' dir='ltr'><strong>Οὐκ</strong></span> <span class='ocrx_word' id='word_1_676' title='bbox 2453 4453 2563 4551; x_wconf 81' lang='grc' dir='ltr'><strong>γάρ</strong></span> <span class='ocrx_word' id='word_1_677' title='bbox 2584 4453 2977 4554; x_wconf 43' lang='lat' dir='ltr'><strong>anethum</strong></span> <span class='ocrx_word' id='word_1_678' title='bbox 3007 4485 3244 4555; x_wconf 76' lang='grc' dir='ltr'><strong>βεϐαίως</strong></span> <span class='ocrx_word' id='word_1_679' title='bbox 3265 4488 3410 4542; x_wconf 81' lang='grc' dir='ltr'><strong>κατὰ</strong></span> <span class='ocrx_word' id='word_1_680' title='bbox 3440 4489 3537 4543; x_wconf 81' lang='grc' dir='ltr'><strong>τοῦ</strong></span> <span class='ocrx_word' id='word_1_681' title='bbox 3552 4453 3774 4561; x_wconf 47' lang='grc' dir='ltr'><strong>’μέλλον-</strong></span> 
     </span>
    </p>
   </div>
   <div class='ocr_carea' id='block_1_94' title="bbox 517 4570 1107 4627">
    <p class='ocr_par' dir='ltr' id='par_1_94' title="bbox 517 4570 1107 4627">
     <span class='ocr_line' id='line_1_94' title="bbox 517 4570 1107 4627; baseline 0.002 -2"><span class='ocrx_word' id='word_1_682' title='bbox 517 4570 717 4625; x_wconf 86' lang='lat' dir='ltr'><strong>bantur</strong></span> <span class='ocrx_word' id='word_1_683' title='bbox 751 4570 1107 4627; x_wconf 87' lang='lat' dir='ltr'><strong>deliberaret.</strong></span> 
     </span>
    </p>
   </div>
   <div class='ocr_carea' id='block_1_95' title="bbox 583 4664 2105 4740">
    <p class='ocr_par' dir='ltr' id='par_1_95' title="bbox 583 4664 2105 4740">
     <span class='ocr_line' id='line_1_95' title="bbox 583 4664 2105 4740; baseline 0.007 -21"><span class='ocrx_word' id='word_1_684' title='bbox 583 4666 676 4721; x_wconf 69' lang='grc'><strong>20.</strong></span> <span class='ocrx_word' id='word_1_685' title='bbox 718 4664 915 4719; x_wconf 84' lang='lat' dir='ltr'><strong>Verum</strong></span> <span class='ocrx_word' id='word_1_686' title='bbox 955 4667 1215 4736; x_wconf 88' lang='lat' dir='ltr'><strong>quoniam</strong></span> <span class='ocrx_word' id='word_1_687' title='bbox 1259 4667 1388 4723; x_wconf 70' lang='lat' dir='ltr'><strong>lzrso</strong></span> <span class='ocrx_word' id='word_1_688' title='bbox 1438 4677 1671 4740; x_wconf 69' lang='lat' dir='ltr'><strong>prastore</strong></span> <span class='ocrx_word' id='word_1_689' title='bbox 1709 4672 1881 4728; x_wconf 84' lang='lat' dir='ltr'><strong>nostri</strong></span> <span class='ocrx_word' id='word_1_690' title='bbox 1922 4674 2105 4730; x_wconf 90' lang='lat' dir='ltr'><strong>omnis</strong></span> 
     </span>
    </p>
   </div>
   <div class='ocr_carea' id='block_1_96' title="bbox 516 4756 2104 4838">
    <p class='ocr_par' dir='ltr' id='par_1_96' title="bbox 516 4756 2104 4838">
     <span class='ocr_line' id='line_1_96' title="bbox 516 4756 2104 4838; baseline 0.009 -28"><span class='ocrx_word' id='word_1_691' title='bbox 516 4772 649 4810; x_wconf 88' lang='lat' dir='ltr'><strong>cura</strong></span> <span class='ocrx_word' id='word_1_692' title='bbox 683 4756 737 4809; x_wconf 91' lang='lat' dir='ltr'><strong>in</strong></span> <span class='ocrx_word' id='word_1_693' title='bbox 769 4758 976 4811; x_wconf 84' lang='lat' dir='ltr'><strong>dictum</strong></span> <span class='ocrx_word' id='word_1_694' title='bbox 1012 4756 1255 4813; x_wconf 83' lang='lat' dir='ltr'><strong>Nicetam</strong></span> <span class='ocrx_word' id='word_1_695' title='bbox 1302 4761 1567 4816; x_wconf 87' lang='lat' dir='ltr'><strong>translata</strong></span> <span class='ocrx_word' id='word_1_696' title='bbox 1596 4771 1715 4817; x_wconf 80' lang='lat' dir='ltr'><strong>erat</strong></span> <span class='ocrx_word' id='word_1_697' title='bbox 1736 4805 1751 4826; x_wconf 85' lang='lat'><strong>.</strong></span> <span class='ocrx_word' id='word_1_698' title='bbox 1780 4766 2104 4838; x_wconf 63' lang='lat' dir='ltr'><strong>cmpihipse</strong></span> 
     </span>
    </p>
   </div>
   <div class='ocr_carea' id='block_1_97' title="bbox 514 4847 2103 4924">
    <p class='ocr_par' dir='ltr' id='par_1_97' title="bbox 514 4847 2103 4924">
     <span class='ocr_line' id='line_1_97' title="bbox 514 4847 2103 4924; baseline 0.009 -25"><span class='ocrx_word' id='word_1_699' title='bbox 514 4862 732 4916; x_wconf 85' lang='lat' dir='ltr'><strong>quoque</strong></span> <span class='ocrx_word' id='word_1_700' title='bbox 758 4862 855 4916; x_wconf 88' lang='lat' dir='ltr'><strong>pro</strong></span> <span class='ocrx_word' id='word_1_701' title='bbox 894 4847 1058 4912; x_wconf 83' lang='lat' dir='ltr'><strong>virili,</strong></span> <span class='ocrx_word' id='word_1_702' title='bbox 1087 4864 1205 4915; x_wconf 79' lang='lat' dir='ltr'><strong>qua:</strong></span> <span class='ocrx_word' id='word_1_703' title='bbox 1230 4864 1450 4905; x_wconf 87' lang='lat' dir='ltr'><strong>suarum</strong></span> <span class='ocrx_word' id='word_1_704' title='bbox 1478 4854 1714 4922; x_wconf 83' lang='lat' dir='ltr'><strong>partium</strong></span> <span class='ocrx_word' id='word_1_705' title='bbox 1737 4866 1917 4924; x_wconf 88' lang='lat' dir='ltr'><strong>erant,</strong></span> <span class='ocrx_word' id='word_1_706' title='bbox 1946 4860 2103 4913; x_wconf 81' lang='lat' dir='ltr'><strong>exhi-</strong></span> 
     </span>
    </p>
   </div>
   <div class='ocr_carea' id='block_1_98' title="bbox 514 4937 2096 5013">
    <p class='ocr_par' dir='ltr' id='par_1_98' title="bbox 514 4937 2096 5013">
     <span class='ocr_line' id='line_1_98' title="bbox 514 4937 2096 5013; baseline 0.008 -23"><span class='ocrx_word' id='word_1_707' title='bbox 514 4937 665 4990; x_wconf 86' lang='lat' dir='ltr'><strong>bere.</strong></span> <span class='ocrx_word' id='word_1_708' title='bbox 723 4937 917 4991; x_wconf 80' lang='lat' dir='ltr'><strong>Aiebat</strong></span> <span class='ocrx_word' id='word_1_709' title='bbox 962 4952 1090 4991; x_wconf 81' lang='lat' dir='ltr'><strong>vero</strong></span> <span class='ocrx_word' id='word_1_710' title='bbox 1144 4938 1448 4994; x_wconf 84' lang='lat' dir='ltr'><strong>vicinorum</strong></span> <span class='ocrx_word' id='word_1_711' title='bbox 1511 4941 1934 5013; x_wconf 84' lang='lat' dir='ltr'><strong>Sclavenorum,</strong></span> <span class='ocrx_word' id='word_1_712' title='bbox 1982 4958 2096 5003; x_wconf 93' lang='lat' dir='ltr'><strong>tum</strong></span> 
     </span>
    </p>
   </div>
   <div class='ocr_carea' id='block_1_99' title="bbox 514 5028 2100 5109">
    <p class='ocr_par' dir='ltr' id='par_1_99' title="bbox 514 5028 2100 5109">
     <span class='ocr_line' id='line_1_99' title="bbox 514 5028 2100 5109; baseline 0.008 -27"><span class='ocrx_word' id='word_1_713' title='bbox 514 5042 705 5082; x_wconf 87' lang='lat' dir='ltr'><strong>eorum</strong></span> <span class='ocrx_word' id='word_1_714' title='bbox 736 5028 829 5096; x_wconf 83' lang='lat' dir='ltr'><strong>qui</strong></span> <span class='ocrx_word' id='word_1_715' title='bbox 884 5030 988 5083; x_wconf 89' lang='lat' dir='ltr'><strong>sub</strong></span> <span class='ocrx_word' id='word_1_716' title='bbox 1016 5039 1201 5083; x_wconf 86' lang='lat' dir='ltr'><strong>nostra</strong></span> <span class='ocrx_word' id='word_1_717' title='bbox 1233 5030 1441 5086; x_wconf 88' lang='lat' dir='ltr'><strong>ditione</strong></span> <span class='ocrx_word' id='word_1_718' title='bbox 1478 5044 1656 5098; x_wconf 87' lang='lat' dir='ltr'><strong>erant,</strong></span> <span class='ocrx_word' id='word_1_719' title='bbox 1701 5048 1816 5091; x_wconf 89' lang='lat' dir='ltr'><strong>tum</strong></span> <span class='ocrx_word' id='word_1_720' title='bbox 1866 5039 1959 5109; x_wconf 84' lang='lat' dir='ltr'><strong>qui</strong></span> <span class='ocrx_word' id='word_1_721' title='bbox 1993 5040 2100 5095; x_wconf 89' lang='lat' dir='ltr'><strong>sub</strong></span> 
     </span>
    </p>
   </div>
   <div class='ocr_carea' id='block_1_100' title="bbox 515 5118 2100 5196">
    <p class='ocr_par' dir='ltr' id='par_1_100' title="bbox 515 5118 2100 5196">
     <span class='ocr_line' id='line_1_100' title="bbox 515 5118 2100 5196; baseline 0.008 -22"><span class='ocrx_word' id='word_1_722' title='bbox 515 5128 783 5189; x_wconf 84' lang='lat' dir='ltr'><strong>potestate</strong></span> <span class='ocrx_word' id='word_1_723' title='bbox 814 5118 972 5175; x_wconf 84' lang='lat' dir='ltr'><strong>ducis</strong></span> <span class='ocrx_word' id='word_1_724' title='bbox 1002 5119 1337 5191; x_wconf 83' lang='lat' dir='ltr'><strong>Strymonis,</strong></span> <span class='ocrx_word' id='word_1_725' title='bbox 1366 5134 1422 5176; x_wconf 90' lang='lat' dir='ltr'><strong>ut</strong></span> <span class='ocrx_word' id='word_1_726' title='bbox 1455 5125 1779 5195; x_wconf 85' lang='lat' dir='ltr'><strong>imperatum</strong></span> <span class='ocrx_word' id='word_1_727' title='bbox 1811 5142 1952 5196; x_wconf 83' lang='lat' dir='ltr'><strong>crat,</strong></span> <span class='ocrx_word' id='word_1_728' title='bbox 1988 5147 2100 5186; x_wconf 59' lang='lat' dir='ltr'><strong>nia.</strong></span> 
     </span>
    </p>
   </div>
   <div class='ocr_carea' id='block_1_101' title="bbox 513 5210 2095 5291">
    <p class='ocr_par' dir='ltr' id='par_1_101' title="bbox 513 5210 2095 5291">
     <span class='ocr_line' id='line_1_101' title="bbox 513 5210 2095 5291; baseline 0.007 -27"><span class='ocrx_word' id='word_1_729' title='bbox 513 5226 675 5280; x_wconf 78' lang='lat' dir='ltr'><strong>gnam</strong></span> <span class='ocrx_word' id='word_1_730' title='bbox 714 5210 1120 5267; x_wconf 70' lang='lat' dir='ltr'><strong>multitudinem</strong></span> <span class='ocrx_word' id='word_1_731' title='bbox 1160 5213 1213 5265; x_wconf 85' lang='lat' dir='ltr'><strong>in</strong></span> <span class='ocrx_word' id='word_1_732' title='bbox 1242 5213 1431 5266; x_wconf 82' lang='lat' dir='ltr'><strong>urbem</strong></span> <span class='ocrx_word' id='word_1_733' title='bbox 1469 5229 1884 5287; x_wconf 78' lang='lat' dir='ltr'><strong>concessuram,</strong></span> <span class='ocrx_word' id='word_1_734' title='bbox 1920 5220 2095 5291; x_wconf 85' lang='lat' dir='ltr'><strong>sagit-</strong></span> 
     </span>
    </p>
   </div>
   <div class='ocr_carea' id='block_1_102' title="bbox 514 5302 2094 5381">
    <p class='ocr_par' dir='ltr' id='par_1_102' title="bbox 514 5302 2094 5381">
     <span class='ocr_line' id='line_1_102' title="bbox 514 5302 2094 5381; baseline 0.009 -26"><span class='ocrx_word' id='word_1_735' title='bbox 514 5304 659 5357; x_wconf 82' lang='lat' dir='ltr'><strong>tandi</strong></span> <span class='ocrx_word' id='word_1_736' title='bbox 683 5316 799 5359; x_wconf 85' lang='lat' dir='ltr'><strong>arte</strong></span> <span class='ocrx_word' id='word_1_737' title='bbox 827 5302 1338 5371; x_wconf 84' lang='lat' dir='ltr'><strong>instructissimam,</strong></span> <span class='ocrx_word' id='word_1_738' title='bbox 1358 5322 1423 5359; x_wconf 87' lang='lat' dir='ltr'><strong>ne</strong></span> <span class='ocrx_word' id='word_1_739' title='bbox 1441 5307 1545 5376; x_wconf 86' lang='lat' dir='ltr'><strong>ipsi</strong></span> <span class='ocrx_word' id='word_1_740' title='bbox 1574 5310 1711 5366; x_wconf 91' lang='lat' dir='ltr'><strong>forte</strong></span> <span class='ocrx_word' id='word_1_741' title='bbox 1727 5328 1826 5381; x_wconf 86' lang='lat' dir='ltr'><strong>pro</strong></span> <span class='ocrx_word' id='word_1_742' title='bbox 1855 5314 2094 5369; x_wconf 88' lang='lat' dir='ltr'><strong>hostium</strong></span> 
     </span>
    </p>
   </div>
   <div class='ocr_carea' id='block_1_103' title="bbox 514 5398 2103 5466">
    <p class='ocr_par' dir='ltr' id='par_1_103' title="bbox 514 5398 2103 5466">
     <span class='ocr_line' id='line_1_103' title="bbox 514 5398 2103 5466; baseline 0.011 -21"><span class='ocrx_word' id='word_1_743' title='bbox 514 5402 789 5450; x_wconf 83' lang='lat' dir='ltr'><strong>armatura</strong></span> <span class='ocrx_word' id='word_1_744' title='bbox 826 5412 889 5451; x_wconf 86' lang='lat' dir='ltr'><strong>ac</strong></span> <span class='ocrx_word' id='word_1_745' title='bbox 924 5398 1163 5466; x_wconf 85' lang='lat' dir='ltr'><strong>potentia</strong></span> <span class='ocrx_word' id='word_1_746' title='bbox 1200 5413 1308 5451; x_wconf 91' lang='lat' dir='ltr'><strong>non</strong></span> <span class='ocrx_word' id='word_1_747' title='bbox 1356 5399 1495 5454; x_wconf 87' lang='lat' dir='ltr'><strong>satis</strong></span> <span class='ocrx_word' id='word_1_748' title='bbox 1539 5401 1794 5459; x_wconf 88' lang='lat' dir='ltr'><strong>instructi</strong></span> <span class='ocrx_word' id='word_1_749' title='bbox 1836 5406 2103 5463; x_wconf 86' lang='lat' dir='ltr'><strong>invenire-</strong></span> 
     </span>
    </p>
   </div>
   <div class='ocr_carea' id='block_1_104' title="bbox 516 5488 2089 5570">
    <p class='ocr_par' dir='ltr' id='par_1_104' title="bbox 516 5488 2089 5570">
     <span class='ocr_line' id='line_1_104' title="bbox 516 5488 2089 5570; baseline 0.012 -34"><span class='ocrx_word' id='word_1_750' title='bbox 516 5498 655 5551; x_wconf 69' lang='lat' dir='ltr'><strong>ntur,</strong></span> <span class='ocrx_word' id='word_1_751' title='bbox 688 5488 784 5543; x_wconf 86' lang='lat' dir='ltr'><strong>sed</strong></span> <span class='ocrx_word' id='word_1_752' title='bbox 815 5489 1140 5546; x_wconf 86' lang='lat' dir='ltr'><strong>haberemus</strong></span> <span class='ocrx_word' id='word_1_753' title='bbox 1172 5490 1318 5545; x_wconf 87' lang='lat' dir='ltr'><strong>unde</strong></span> <span class='ocrx_word' id='word_1_754' title='bbox 1350 5492 1580 5561; x_wconf 89' lang='lat' dir='ltr'><strong>primam</strong></span> <span class='ocrx_word' id='word_1_755' title='bbox 1614 5496 1830 5552; x_wconf 90' lang='lat' dir='ltr'><strong>illorum</strong></span> <span class='ocrx_word' id='word_1_756' title='bbox 1868 5514 2089 5570; x_wconf 83' lang='lat' dir='ltr'><strong>aggres-</strong></span> 
     </span>
    </p>
   </div>
   <div class='ocr_carea' id='block_1_105' title="bbox 2203 4572 3658 4651">
    <p class='ocr_par' dir='ltr' id='par_1_105' title="bbox 2203 4572 3658 4651">
     <span class='ocr_line' id='line_1_105' title="bbox 2203 4572 3658 4651; baseline 0.01 -28"><span class='ocrx_word' id='word_1_757' title='bbox 2203 4586 2297 4634; x_wconf 88' lang='grc' dir='ltr'><strong>τος</strong></span> <span class='ocrx_word' id='word_1_758' title='bbox 2328 4572 2589 4643; x_wconf 76' lang='grc' dir='ltr'><strong>σκέψεται</strong></span> <span class='ocrx_word' id='word_1_759' title='bbox 2614 4576 2648 4647; x_wconf 70' lang='grc' dir='ltr'>ἢ</span> <span class='ocrx_word' id='word_1_760' title='bbox 2681 4574 2783 4645; x_wconf 84' lang='grc' dir='ltr'><strong>τῆς</strong></span> <span class='ocrx_word' id='word_1_761' title='bbox 2812 4575 2923 4629; x_wconf 85' lang='grc' dir='ltr'><strong>τῶν</strong></span> <span class='ocrx_word' id='word_1_762' title='bbox 2954 4578 3328 4651; x_wconf 69' lang='grc' dir='ltr'><strong>ἐλπιζομένων</strong></span> <span class='ocrx_word' id='word_1_763' title='bbox 3359 4582 3658 4645; x_wconf 72' lang='grc' dir='ltr'><strong>ἐκϐάσεως.</strong></span> 
     </span>
    </p>
   </div>
   <div class='ocr_carea' id='block_1_106' title="bbox 2278 4663 3772 4745">
    <p class='ocr_par' dir='ltr' id='par_1_106' title="bbox 2278 4663 3772 4745">
     <span class='ocr_line' id='line_1_106' title="bbox 2278 4663 3772 4745; baseline 0.009 -28"><span class='ocrx_word' id='word_1_764' title='bbox 2278 4669 2348 4718; x_wconf 86' lang='grc' dir='ltr'><strong>κ’.</strong></span> <span class='ocrx_word' id='word_1_765' title='bbox 2376 4663 2567 4735; x_wconf 82' lang='grc' dir='ltr'><strong>Ὅμως</strong></span> <span class='ocrx_word' id='word_1_766' title='bbox 2596 4667 2787 4739; x_wconf 81' lang='grc' dir='ltr'><strong>ἐπειδὴ</strong></span> <span class='ocrx_word' id='word_1_767' title='bbox 2808 4667 2904 4722; x_wconf 84' lang='grc' dir='ltr'><strong>τοῦ</strong></span> <span class='ocrx_word' id='word_1_768' title='bbox 2931 4671 3241 4743; x_wconf 82' lang='grc' dir='ltr'><strong>στρατηγοῦ</strong></span> <span class='ocrx_word' id='word_1_769' title='bbox 3275 4673 3584 4743; x_wconf 66' lang='grc' dir='ltr'><strong>πληγέντος</strong></span> <span class='ocrx_word' id='word_1_770' title='bbox 3606 4678 3639 4745; x_wconf 75' lang='grc' dir='ltr'>ἡ</span> <span class='ocrx_word' id='word_1_771' title='bbox 3661 4672 3772 4743; x_wconf 68' lang='grc' dir='ltr'><strong>περὶ</strong></span> 
     </span>
    </p>
   </div>
   <div class='ocr_carea' id='block_1_107' title="bbox 2204 4756 3773 4841">
    <p class='ocr_par' dir='ltr' id='par_1_107' title="bbox 2204 4756 3773 4841">
     <span class='ocr_line' id='line_1_107' title="bbox 2204 4756 3773 4841; baseline 0.008 -32"><span class='ocrx_word' id='word_1_772' title='bbox 2204 4759 2237 4828; x_wconf 75' lang='grc' dir='ltr'><strong>η</strong></span> <span class='ocrx_word' id='word_1_773' title='bbox 2249 4756 2365 4829; x_wconf 86' lang='grc' dir='ltr'><strong>μῶν</strong></span> <span class='ocrx_word' id='word_1_774' title='bbox 2400 4756 2592 4812; x_wconf 78' lang='grc' dir='ltr'><strong>ἀπασα</strong></span> <span class='ocrx_word' id='word_1_775' title='bbox 2644 4762 2867 4832; x_wconf 75' lang='grc' dir='ltr'><strong>φροντὶς</strong></span> <span class='ocrx_word' id='word_1_776' title='bbox 2892 4764 2977 4827; x_wconf 85' lang='grc' dir='ltr'><strong>είς</strong></span> <span class='ocrx_word' id='word_1_777' title='bbox 3005 4764 3099 4817; x_wconf 79' lang='grc' dir='ltr'><strong>τὸν</strong></span> <span class='ocrx_word' id='word_1_778' title='bbox 3133 4764 3370 4837; x_wconf 76' lang='grc' dir='ltr'><strong>ρηθέντα</strong></span> <span class='ocrx_word' id='word_1_779' title='bbox 3399 4769 3592 4841; x_wconf 71' lang='grc' dir='ltr'><strong>μετῄει</strong></span> <span class='ocrx_word' id='word_1_780' title='bbox 3622 4768 3773 4835; x_wconf 54' lang='lat' dir='ltr'><strong>Nati).</strong></span> 
     </span>
    </p>
   </div>
   <div class='ocr_carea' id='block_1_108' title="bbox 2203 4850 3769 4927">
    <p class='ocr_par' dir='ltr' id='par_1_108' title="bbox 2203 4850 3769 4927">
     <span class='ocr_line' id='line_1_108' title="bbox 2203 4850 3769 4927; baseline 0.006 -26"><span class='ocrx_word' id='word_1_781' title='bbox 2203 4866 2324 4915; x_wconf 86' lang='grc' dir='ltr'><strong>ταν,</strong></span> <span class='ocrx_word' id='word_1_782' title='bbox 2361 4850 2559 4921; x_wconf 73' lang='grc' dir='ltr'><strong>ηρχετο</strong></span> <span class='ocrx_word' id='word_1_783' title='bbox 2588 4854 2683 4905; x_wconf 74' lang='grc' dir='ltr'><strong>καὶ</strong></span> <span class='ocrx_word' id='word_1_784' title='bbox 2712 4853 2874 4916; x_wconf 82' lang='grc' dir='ltr'><strong>αὐτὸς</strong></span> <span class='ocrx_word' id='word_1_785' title='bbox 2896 4854 2967 4908; x_wconf 80' lang='grc' dir='ltr'><strong>τά</strong></span> <span class='ocrx_word' id='word_1_786' title='bbox 2988 4856 3118 4927; x_wconf 79' lang='grc' dir='ltr'><strong>παρ’</strong></span> <span class='ocrx_word' id='word_1_787' title='bbox 3139 4858 3335 4912; x_wconf 86' lang='grc' dir='ltr'><strong>ἐαυτοῦ</strong></span> <span class='ocrx_word' id='word_1_788' title='bbox 3357 4860 3421 4913; x_wconf 77' lang='grc' dir='ltr'><strong>τὸ</strong></span> <span class='ocrx_word' id='word_1_789' title='bbox 3456 4863 3599 4916; x_wconf 79' lang='grc' dir='ltr'><strong>κατά</strong></span> <span class='ocrx_word' id='word_1_790' title='bbox 3621 4861 3769 4914; x_wconf 76' lang='grc' dir='ltr'><strong>δόνα-</strong></span> 
     </span>
    </p>
   </div>
   <div class='ocr_carea' id='block_1_109' title="bbox 2212 4943 3771 5025">
    <p class='ocr_par' dir='ltr' id='par_1_109' title="bbox 2212 4943 3771 5025">
     <span class='ocr_line' id='line_1_109' title="bbox 2212 4943 3771 5025; baseline 0.008 -30"><span class='ocrx_word' id='word_1_791' title='bbox 2212 4959 2304 5014; x_wconf 90' lang='grc' dir='ltr'><strong>μιν</strong></span> <span class='ocrx_word' id='word_1_792' title='bbox 2355 4943 2787 5012; x_wconf 79' lang='grc' dir='ltr'><strong>ἐπιδείκνυσθαι,</strong></span> <span class='ocrx_word' id='word_1_793' title='bbox 2821 4947 2979 5016; x_wconf 78' lang='grc' dir='ltr'><strong>ἔλεγε</strong></span> <span class='ocrx_word' id='word_1_794' title='bbox 3024 4948 3084 5002; x_wconf 83' lang='grc' dir='ltr'><strong>δέ</strong></span> <span class='ocrx_word' id='word_1_795' title='bbox 3118 4952 3212 5004; x_wconf 73' lang='grc' dir='ltr'><strong>καὶ</strong></span> <span class='ocrx_word' id='word_1_796' title='bbox 3246 4952 3357 5007; x_wconf 81' lang='grc' dir='ltr'><strong>τῶν</strong></span> <span class='ocrx_word' id='word_1_797' title='bbox 3394 4954 3771 5025; x_wconf 78' lang='grc' dir='ltr'><strong>πλησιοχώρων</strong></span> 
     </span>
    </p>
   </div>
   <div class='ocr_carea' id='block_1_110' title="bbox 2209 5034 3825 5112">
    <p class='ocr_par' dir='ltr' id='par_1_110' title="bbox 2209 5034 3825 5112">
     <span class='ocr_line' id='line_1_110' title="bbox 2209 5034 3825 5112; baseline 0.006 -24"><span class='ocrx_word' id='word_1_798' title='bbox 2209 5034 2558 5107; x_wconf 79' lang='grc' dir='ltr'><strong>Σκλαόήνων,</strong></span> <span class='ocrx_word' id='word_1_799' title='bbox 2587 5037 2695 5091; x_wconf 83' lang='grc' dir='ltr'><strong>τῶν</strong></span> <span class='ocrx_word' id='word_1_800' title='bbox 2719 5055 2778 5092; x_wconf 84' lang='grc' dir='ltr'><strong>τε</strong></span> <span class='ocrx_word' id='word_1_801' title='bbox 2810 5039 2902 5108; x_wconf 80' lang='grc' dir='ltr'><strong>ὑφ’</strong></span> <span class='ocrx_word' id='word_1_802' title='bbox 2924 5042 3077 5112; x_wconf 74' lang='grc' dir='ltr'><strong>ἡμᾶς</strong></span> <span class='ocrx_word' id='word_1_803' title='bbox 3097 5043 3400 5099; x_wconf 80' lang='grc' dir='ltr'><strong>τελούντων</strong></span> <span class='ocrx_word' id='word_1_804' title='bbox 3424 5050 3521 5101; x_wconf 86' lang='grc' dir='ltr'><strong>καὶ</strong></span> <span class='ocrx_word' id='word_1_805' title='bbox 3553 5049 3659 5101; x_wconf 72' lang='grc' dir='ltr'><strong>τῶν</strong></span> <span class='ocrx_word' id='word_1_806' title='bbox 3685 5044 3773 5098; x_wconf 70' lang='grc' dir='ltr'><strong>ὑπὸ</strong></span> <span class='ocrx_word' id='word_1_807' title='bbox 3820 5046 3825 5053; x_wconf 78' lang='grc'><em>’</em></span> 
     </span>
    </p>
   </div>
   <div class='ocr_carea' id='block_1_111' title="bbox 2203 5134 3773 5217">
    <p class='ocr_par' dir='ltr' id='par_1_111' title="bbox 2203 5134 3773 5217">
     <span class='ocr_line' id='line_1_111' title="bbox 2203 5134 3773 5217; baseline 0.004 -31"><span class='ocrx_word' id='word_1_808' title='bbox 2203 5134 2295 5187; x_wconf 79' lang='grc' dir='ltr'><strong>τὸν</strong></span> <span class='ocrx_word' id='word_1_809' title='bbox 2326 5136 2631 5205; x_wconf 78' lang='grc' dir='ltr'><strong>στρατηγὸν</strong></span> <span class='ocrx_word' id='word_1_810' title='bbox 2662 5137 2682 5168; x_wconf 82' lang='grc'>⁸</span> <span class='ocrx_word' id='word_1_811' title='bbox 2714 5138 3046 5209; x_wconf 85' lang='grc' dir='ltr'><strong>Στρυμόνος.</strong></span> <span class='ocrx_word' id='word_1_812' title='bbox 3073 5141 3277 5212; x_wconf 81' lang='grc' dir='ltr'><strong>πλῆθος</strong></span> <span class='ocrx_word' id='word_1_813' title='bbox 3320 5144 3461 5198; x_wconf 75' lang='grc' dir='ltr'><strong>πολὺ</strong></span> <span class='ocrx_word' id='word_1_814' title='bbox 3494 5142 3773 5217; x_wconf 75' lang='grc' dir='ltr'><strong>προστετά-</strong></span> 
     </span>
    </p>
   </div>
   <div class='ocr_carea' id='block_1_112' title="bbox 2204 5226 3774 5308">
    <p class='ocr_par' dir='ltr' id='par_1_112' title="bbox 2204 5226 3774 5308">
     <span class='ocr_line' id='line_1_112' title="bbox 2204 5226 3774 5308; baseline 0.004 -29"><span class='ocrx_word' id='word_1_815' title='bbox 2204 5226 2328 5297; x_wconf 82' lang='grc' dir='ltr'><strong>χθαι</strong></span> <span class='ocrx_word' id='word_1_816' title='bbox 2382 5228 2761 5300; x_wconf 73' lang='grc' dir='ltr'><strong>συνελάσαιτῇ</strong></span> <span class='ocrx_word' id='word_1_817' title='bbox 2808 5231 2986 5297; x_wconf 80' lang='grc' dir='ltr'><strong>πόλει,</strong></span> <span class='ocrx_word' id='word_1_818' title='bbox 3024 5230 3111 5304; x_wconf 87' lang='grc' dir='ltr'><strong>[Ρ.</strong></span> <span class='ocrx_word' id='word_1_819' title='bbox 3155 5236 3285 5307; x_wconf 75' lang='grc'>534]</span> <span class='ocrx_word' id='word_1_820' title='bbox 3321 5237 3421 5305; x_wconf 80' lang='grc' dir='ltr'><strong>τῆς</strong></span> <span class='ocrx_word' id='word_1_821' title='bbox 3451 5238 3671 5308; x_wconf 71' lang='grc' dir='ltr'><strong>τοξικῆς</strong></span> <span class='ocrx_word' id='word_1_822' title='bbox 3694 5236 3774 5304; x_wconf 74' lang='grc' dir='ltr'><strong>ἐμο</strong></span> 
     </span>
    </p>
   </div>
   <div class='ocr_carea' id='block_1_113' title="bbox 2202 5320 3772 5405">
    <p class='ocr_par' dir='ltr' id='par_1_113' title="bbox 2202 5320 3772 5405">
     <span class='ocr_line' id='line_1_113' title="bbox 2202 5320 3772 5405; baseline 0.006 -33"><span class='ocrx_word' id='word_1_823' title='bbox 2202 5320 2429 5390; x_wconf 84' lang='grc' dir='ltr'><strong>πείρων,</strong></span> <span class='ocrx_word' id='word_1_824' title='bbox 2466 5322 2542 5384; x_wconf 81' lang='grc' dir='ltr'><strong>ὼς</strong></span> <span class='ocrx_word' id='word_1_825' title='bbox 2575 5321 2643 5375; x_wconf 81' lang='grc' dir='ltr'><strong>ἂν</strong></span> <span class='ocrx_word' id='word_1_826' title='bbox 2676 5323 2803 5395; x_wconf 79' lang='grc' dir='ltr'><strong>μηδ’</strong></span> <span class='ocrx_word' id='word_1_827' title='bbox 2840 5326 3004 5395; x_wconf 76' lang='grc' dir='ltr'><strong>ἡμεῖς</strong></span> <span class='ocrx_word' id='word_1_828' title='bbox 3029 5329 3191 5399; x_wconf 78' lang='grc' dir='ltr'><strong>τυχὸν</strong></span> <span class='ocrx_word' id='word_1_829' title='bbox 3220 5332 3545 5405; x_wconf 79' lang='grc' dir='ltr'><strong>εὑρεθῶμεν</strong></span> <span class='ocrx_word' id='word_1_830' title='bbox 3565 5334 3661 5402; x_wconf 72' lang='grc' dir='ltr'><strong>τῆς</strong></span> <span class='ocrx_word' id='word_1_831' title='bbox 3683 5329 3772 5381; x_wconf 70' lang='grc' dir='ltr'><strong>τῶν</strong></span> 
     </span>
    </p>
   </div>
   <div class='ocr_carea' id='block_1_114' title="bbox 2206 5412 3774 5498">
    <p class='ocr_par' dir='ltr' id='par_1_114' title="bbox 2206 5412 3774 5498">
     <span class='ocr_line' id='line_1_114' title="bbox 2206 5412 3774 5498; baseline 0.01 -35"><span class='ocrx_word' id='word_1_832' title='bbox 2206 5412 2467 5467; x_wconf 79' lang='grc' dir='ltr'><strong>ἐναντίων</strong></span> <span class='ocrx_word' id='word_1_833' title='bbox 2501 5413 2775 5480; x_wconf 67' lang='grc' dir='ltr'><strong>ἐνδέοντες</strong></span> <span class='ocrx_word' id='word_1_834' title='bbox 2831 5421 3158 5485; x_wconf 82' lang='grc' dir='ltr'><strong>πανοπλίας,</strong></span> <span class='ocrx_word' id='word_1_835' title='bbox 3190 5423 3309 5477; x_wconf 81' lang='grc' dir='ltr'><strong>ἀλλ’</strong></span> <span class='ocrx_word' id='word_1_836' title='bbox 3338 5425 3557 5498; x_wconf 77' lang='grc' dir='ltr'><strong>ἔχωμεν</strong></span> <span class='ocrx_word' id='word_1_837' title='bbox 3583 5421 3662 5487; x_wconf 78' lang='grc' dir='ltr'><strong>οἷς</strong></span> <span class='ocrx_word' id='word_1_838' title='bbox 3692 5424 3774 5487; x_wconf 69' lang='grc' dir='ltr'><strong>τὴν</strong></span> 
     </span>
    </p>
   </div>
   <div class='ocr_carea' id='block_1_115' title="bbox 2205 5502 3774 5587">
    <p class='ocr_par' dir='ltr' id='par_1_115' title="bbox 2205 5502 3774 5587">
     <span class='ocr_line' id='line_1_115' title="bbox 2205 5502 3774 5587; baseline 0.01 -33"><span class='ocrx_word' id='word_1_839' title='bbox 2205 5502 2430 5573; x_wconf 79' lang='grc' dir='ltr'><strong>πρώτην</strong></span> <span class='ocrx_word' id='word_1_840' title='bbox 2446 5504 2627 5559; x_wconf 82' lang='grc' dir='ltr'><strong>αὐτῶν</strong></span> <span class='ocrx_word' id='word_1_841' title='bbox 2645 5508 3104 5582; x_wconf 85' lang='grc' dir='ltr'><strong>ἁποκρουσόμεθα</strong></span> <span class='ocrx_word' id='word_1_842' title='bbox 3126 5516 3458 5587; x_wconf 78' lang='grc' dir='ltr'><strong>προσϐολήν.</strong></span> <span class='ocrx_word' id='word_1_843' title='bbox 3500 5519 3565 5570; x_wconf 85' lang='grc'><strong>’0</strong></span> <span class='ocrx_word' id='word_1_844' title='bbox 3594 5514 3686 5568; x_wconf 76' lang='grc' dir='ltr'><strong>καὶ</strong></span> <span class='ocrx_word' id='word_1_845' title='bbox 3706 5511 3774 5569; x_wconf 75' lang='grc' dir='ltr'><strong>εις</strong></span> 
     </span>
    </p>
   </div>
   <div class='ocr_carea' id='block_1_116' title="bbox 1814 5612 2501 5677">
    <p class='ocr_par' dir='ltr' id='par_1_116' title="bbox 1814 5612 2501 5677">
     <span class='ocr_line' id='line_1_116' title="bbox 1814 5612 2501 5677; baseline 0.016 -12"><span class='ocrx_word' id='word_1_846' title='bbox 1814 5612 2052 5670; x_wconf 63' lang='lat' dir='ltr'><strong>VARIE</strong></span> <span class='ocrx_word' id='word_1_847' title='bbox 2093 5614 2501 5677; x_wconf 76' lang='lat' dir='ltr'><strong>LECTIONES.</strong></span> 
     </span>
    </p>
   </div>
   <div class='ocr_carea' id='block_1_117' title="bbox 592 5699 1690 5776">
    <p class='ocr_par' dir='ltr' id='par_1_117' title="bbox 592 5699 1690 5776">
     <span class='ocr_line' id='line_1_117' title="bbox 592 5699 1690 5776; baseline 0.011 -25"><span class='ocrx_word' id='word_1_848' title='bbox 592 5699 1287 5776; x_wconf 67' lang='lat' dir='ltr'><strong>&#39;_“st’_it_a£iatv_Cornbeftsius</strong></span> <span class='ocrx_word' id='word_1_849' title='bbox 1319 5722 1417 5776; x_wconf 91' lang='lat' dir='ltr'><strong>pro</strong></span> <span class='ocrx_word' id='word_1_850' title='bbox 1442 5706 1690 5773; x_wconf 77' lang='grc' dir='ltr'><strong>ἀταξίαν.</strong></span> 
     </span>
    </p>
   </div>
   <div class='ocr_carea' id='block_1_118' title="bbox 1800 5713 2975 5791">
    <p class='ocr_par' dir='ltr' id='par_1_118' title="bbox 1800 5713 2975 5791">
     <span class='ocr_line' id='line_1_118' title="bbox 1800 5713 2975 5791; baseline 0.029 -48"><span class='ocrx_word' id='word_1_851' title='bbox 1800 5713 1845 5744; x_wconf 82' lang='lat' dir='ltr'><strong>sr</strong></span> <span class='ocrx_word' id='word_1_852' title='bbox 1873 5713 2039 5791; x_wconf 51' lang='lat'><strong>{3720?</strong></span> <span class='ocrx_word' id='word_1_853' title='bbox 2060 5714 2143 5791; x_wconf 57' lang='grc' dir='ltr'><strong>Ἀ,</strong></span> <span class='ocrx_word' id='word_1_854' title='bbox 2218 5715 2263 5791; x_wconf 80' lang='lat'><strong>&#39;_‘</strong></span> <span class='ocrx_word' id='word_1_855' title='bbox 2293 5716 2387 5769; x_wconf 74' lang='grc' dir='ltr'><strong>καὶ</strong></span> <span class='ocrx_word' id='word_1_856' title='bbox 2419 5714 2752 5791; x_wconf 52' lang='lat' dir='ltr'><strong>sipo—169:;</strong></span> <span class='ocrx_word' id='word_1_857' title='bbox 2777 5736 2885 5776; x_wconf 88' lang='lat' dir='ltr'><strong>om.</strong></span> <span class='ocrx_word' id='word_1_858' title='bbox 2913 5721 2975 5777; x_wconf 85' lang='lat' dir='ltr'><strong>P.</strong></span> 
     </span>
    </p>
   </div>
   <div class='ocr_carea' id='block_1_119' title="bbox 493 5769 2535 5864">
    <p class='ocr_par' dir='ltr' id='par_1_119' title="bbox 493 5769 2535 5864">
     <span class='ocr_line' id='line_1_119' title="bbox 493 5769 2535 5864; baseline 0.008 -37"><span class='ocrx_word' id='word_1_859' title='bbox 493 5769 659 5859; x_wconf 52' lang='lat' dir='ltr'><strong>etab;</strong></span> <span class='ocrx_word' id='word_1_860' title='bbox 683 5769 790 5825; x_wconf 79' lang='grc' dir='ltr'><strong>ΑΡ.</strong></span> <span class='ocrx_word' id='word_1_861' title='bbox 858 5773 879 5803; x_wconf 86' lang='grc'><strong><em>⁸</em></strong></span> <span class='ocrx_word' id='word_1_862' title='bbox 904 5774 967 5826; x_wconf 84' lang='grc' dir='ltr'><strong>ἐκ</strong></span> <span class='ocrx_word' id='word_1_863' title='bbox 990 5786 1101 5827; x_wconf 88' lang='lat' dir='ltr'><strong>om.</strong></span> <span class='ocrx_word' id='word_1_864' title='bbox 1133 5772 1192 5828; x_wconf 82' lang='lat' dir='ltr'><strong>P.</strong></span> <span class='ocrx_word' id='word_1_865' title='bbox 1258 5778 1277 5807; x_wconf 88' lang='grc'><strong><em>³</em></strong></span> <span class='ocrx_word' id='word_1_866' title='bbox 1305 5769 1400 5830; x_wconf 72' lang='grc' dir='ltr'><strong>καὶ</strong></span> <span class='ocrx_word' id='word_1_867' title='bbox 1425 5793 1533 5834; x_wconf 90' lang='lat' dir='ltr'><strong>om.</strong></span> <span class='ocrx_word' id='word_1_868' title='bbox 1561 5769 1623 5833; x_wconf 74' lang='grc' dir='ltr'><strong>Ρ.</strong></span> <span class='ocrx_word' id='word_1_869' title='bbox 1671 5780 1690 5812; x_wconf 73' lang='grc'>⁸</span> <span class='ocrx_word' id='word_1_870' title='bbox 1716 5776 1853 5837; x_wconf 74' lang='grc' dir='ltr'><strong>εἶναι</strong></span> <span class='ocrx_word' id='word_1_871' title='bbox 1885 5782 1946 5837; x_wconf 92' lang='grc' dir='ltr'><strong>Ρ.</strong></span> <span class='ocrx_word' id='word_1_872' title='bbox 2014 5786 2034 5818; x_wconf 84' lang='grc'><strong><em>³</em></strong></span> <span class='ocrx_word' id='word_1_873' title='bbox 2056 5785 2412 5858; x_wconf 70' lang='grc' dir='ltr'><strong>ἐφευρέματα</strong></span> <span class='ocrx_word' id='word_1_874' title='bbox 2435 5769 2501 5843; x_wconf 58' lang='lat' dir='ltr'><strong>A&#39;.</strong></span> <span class='ocrx_word' id='word_1_875' title='bbox 2526 5860 2535 5864; x_wconf 25' lang='lat'>~</span> 
     </span>
    </p>
   </div>
   <div class='ocr_carea' id='block_1_120' title="bbox 3032 5723 3774 5799">
    <p class='ocr_par' dir='ltr' id='par_1_120' title="bbox 3032 5723 3774 5799">
     <span class='ocr_line' id='line_1_120' title="bbox 3032 5723 3774 5799; baseline 0.009 -21"><span class='ocrx_word' id='word_1_876' title='bbox 3032 5725 3078 5799; x_wconf 84' lang='lat'><strong>_”</strong></span> <span class='ocrx_word' id='word_1_877' title='bbox 3112 5724 3210 5799; x_wconf 64' lang='grc' dir='ltr'><strong>τῇς</strong></span> <span class='ocrx_word' id='word_1_878' title='bbox 3244 5741 3354 5780; x_wconf 91' lang='lat' dir='ltr'><strong>om.</strong></span> <span class='ocrx_word' id='word_1_879' title='bbox 3488 5735 3514 5765; x_wconf 53' lang='grc' dir='ltr'><strong>νί</strong></span> <span class='ocrx_word' id='word_1_880' title='bbox 3551 5723 3774 5799; x_wconf 72' lang='grc' dir='ltr'><strong>μηδενδς</strong></span> 
     </span>
    </p>
   </div>
   <div class='ocr_carea' id='block_1_121' title="bbox 2578 5790 3769 5875">
    <p class='ocr_par' dir='ltr' id='par_1_121' title="bbox 2578 5790 3769 5875">
     <span class='ocr_line' id='line_1_121' title="bbox 2578 5790 3769 5875; baseline -0.024 -1"><span class='ocrx_word' id='word_1_881' title='bbox 2578 5791 2598 5823; x_wconf 65' lang='grc'><em>’</em></span> <span class='ocrx_word' id='word_1_882' title='bbox 2623 5790 2732 5873; x_wconf 57' lang='grc' dir='ltr'><strong>ῗῶν</strong></span> <span class='ocrx_word' id='word_1_883' title='bbox 2760 5790 3197 5875; x_wconf 51' lang='grc' dir='ltr'><strong>στρατηγῶνλι)</strong></span> <span class='ocrx_word' id='word_1_884' title='bbox 3220 5813 3365 5855; x_wconf 84' lang='lat' dir='ltr'><strong>corr.</strong></span> <span class='ocrx_word' id='word_1_885' title='bbox 3395 5790 3769 5857; x_wconf 69' lang='lat' dir='ltr'><strong>Combsﬁsius.</strong></span> 
     </span>
    </p>
   </div>
  </div>
