3962 6204
473 343 577 408 559

1697 348 1728 407 1
1734 347 1937 408 OA‘N’N
1944 350 2032 408 ES
2054 349 2357 409 CAMEN’E
2367 349 2505 409 ΑΤΑ

3628 349 3727 413 560

472 458 603 513 bilis
634 456 800 510 ardor
833 456 1097 513 fundendi
1147 457 1371 517 humani
1410 459 1648 523 cruoris,
1690 476 1753 515 ac
1782 462 1872 516 cui
1918 463 2034 517 nibi

2165 464 2331 535 μηδὲν
2369 463 2554 535 ἕτερον
2587 463 2859 535 προτιμᾷν
2912 463 3013 532 τῆς
3048 463 3163 517 -τῶν
3197 466 3542 538 Χριστιανῶν
3584 470 3725 523 ἀναι-

472 550 699 620 maioris
730 551 801 604 sit
836 550 1118 621 plurisque
1150 550 1417 605 habeatur
1447 552 1889 609 Christianorum
1941 570 2048 610 ca:-

472 642 658 707 dibus.
689 641 751 696 ω
778 643 923 697 enim
962 656 1086 697 cum
1119 649 1173 697 ct
1206 642 1321 711 ipse
1374 642 1672 714 aliquando
1715 644 1933 711 fuisset,
1983 662 2048 703 ac

474 734 704 791 salutari
736 742 962 789 renatus
1000 734 1331 803 baptismate
1363 749 1542 805 eoque
1592 736 1866 792 formatus
1917 738 2048 793 reli-

473 827 651 898 gionis
682 837 885 881 nostrae
912 827 1170 897 mysteria
1200 826 1427 884 edoctus
1460 836 1627 893 esset,
1655 829 1724 884 ab
1750 829 1940 885 iisdem
1963 845 2047 885 ca-

475 930 599 990 ptus
632 918 887 974 Barliaris
919 920 1063 989 piam
1102 920 1262 974 (idem
1313 921 1532 975 illorum
1590 922 1870 992 impietate
1894 938 2047 977 com-

474 1009 724 1071 mutavit,
755 1006 913 1077 521
946 1008 1190 1078 nihilque
1218 1009 1367 1063 aliud
1402 1011 1511 1066 illis
1537 1013 1751 1082 gratius
1786 1023 2048 1080 prazstare

471 1101 633 1161 habet
658 1117 831 1171 ,quam
870 1102 1097 1172 utquod
1123 1110 1353 1157 vocatur
1379 1102 1542 1159 factis
1571 1104 1705 1173 ipsis
1740 1105 2046 1172 conﬁrmet,

469 1192 979 1260 desertorisque,ac
1036 1190 1315 1261 praedonis
1349 1202 1579 1255 cruenta
1614 1192 1859 1248 facinora
1894 1194 2047 1249 exhi-

468 1281 602 1336 bens
636 1298 699 1336 ex
733 1282 799 1336 iis
830 1297 1053 1351 quoque
1108 1281 1211 1336 sibi
1252 1283 1541 1353 magniﬁce
1568 1283 1785 1353 placeat
1834 1298 1898 1338 ac
1951 1300 2046 1337 su-

468 1374 703 1443 perbiat.
734 1373 833 1427 llic
880 1373 1048 1443 igitur
1080 1374 1488 1430 immansuetus
1527 1376 1886 1444 desertorque
1937 1375 2049 1432 Leo

468 1468 718 1537 naviper
746 1481 895 1521 mare
918 1467 1325 1527 circumvectus
1354 1484 1571 1528 murum
1604 1468 1952 1539 dispiciebat,
1984 1485 2049 1524 ac

467 1577 575 1631 qua
600 1570 755 1631 parte
790 1561 1051 1630 impetum
1077 1560 1238 1619 daret
1268 1562 1539 1624 malitiose
1568 1577 1633 1619 ac
1681 1561 2049 1618 tnalelicevco—

466 1654 692 1726 gitaliat.
721 1642 953 1723 Reliqua
985 1654 1287 1711 classisad
1318 1654 1529 1710 littoris
1570 1654 1901 1715 orientalem
1932 1654 2050 1723 pla-

467 1765 589 1819 gam
625 1746 893 1804 subducta
930 1748 983 1803 in
1016 1758 1284 1818 apparatu
1340 1746 1671 1803 instruendo
1716 1744 2048 1807 erat.,.Cives

2153 555 2378 627 ρέσεως.
2412 553 2582 607 Τοῦτο
2608 553 2716 626 γάρ
2749 556 2842 609 καὶ
2883 555 3045 618 αὐτὸς
3076 556 3150 611 ὢν
3200 575 3331 612 ποτε
3390 561 3486 614 καὶ
3522 563 3588 633 τῇ
3636 562 3725 616 τοῦ

2152 646 2422 718 σωτηρίου
2464 645 2839 716 βαπτίσματος
2877 648 3235 720 ἀναγεννήσει
3292 654 3723 723 μεμορφωμένος

2149 738 2248 808 τήν
2278 754 2337 790 τε
2361 737 2638 807 ἡμετέραν
2676 736 2972 807 θρησκείαν
3007 739 3049 769 ἰ
3082 739 3480 811 δεδιδαγμένος,
3521 743 3613 796 ὑπ’
3636 746 3724 796 αὖ.

2148 827 2564 900 τῶνχειρωθεὶς
2588 830 2693 881 τῶν
2724 828 3016 901 βαρϐάρων
3036 830 3135 901 τὴν
3164 833 3391 885 ἐκείνων
3414 834 3727 888 δυσσέϐειαν

2147 918 2529 989 τῆςηεύσεϐοῦς
2556 918 2925 990 ἀντηλλάξατο
2959 920 3216 985 πίστεως,
3251 925 3345 975 καί¹
3379 923 3536 977 πλέον
3578 926 3725 980 οὐδὲν

2150 1011 2335 1074 αὐτοῖς
2356 1012 2442 1064 ἀεὶ
2474 1011 2561 1065 διὰ
2588 1012 2823 1079 σπουδῆς
2858 1012 2971 1088 εχει
3000 1013 3385 1087 χαρίσασθαιῆ
3415 1016 3514 1089 τὴν
3540 1018 3727 1089 κλῆσιν

2150 1100 2397 1174 κυρῶσαι
2454 1102 2572 1164 ταῖς
2602 1100 2832 1171 πράξεσι
2869 1087 2981 1165 καὶ
3018 1102 3355 1173 νπαραϐἀτου
3406 1087 3499 1158 καὶ
3530 1087 3724 1177 λῃστοῦ

2148 1188 2401 1260 δράματα
2423 1189 2833 1259 ἐνδεικνύμενος
2856 1190 2921 1242 ὲκ
2952 1188 3156 1251 τούτων
3213 1192 3308 1243 καὶ
3334 1192 3727 1262 φιλοτιμεῖσθαι

2150 1282 2247 1335 καὶ
2276 1281 2700 1351 ὐπεραίρεσθαι.
2740 1276 2908 1346 Οὗτος
2940 1283 3005 1355 δὴ
3053 1279 3145 1349 οῦν
3173 1283 3526 1349 ὁηάτίθασσος
3558 1285 3605 1315 “
3638 1287 3727 1336 καὶ

2149 1373 2475 1447 παραϐάτης
2497 1375 2649 1427 Λέων
2670 1376 2888 1448 περιῄει
2911 1379 2977 1448 τῇ
3008 1375 3098 1447 νηῒ
3123 1375 3209 1443 διά
3230 1376 3337 1447 ’τῆς
3368 1375 3645 1449 θαλάσσης
3673 1377 3729 1431 τὸ

2148 1470 2326 1536 τεῖχος
2343 1468 2677 1529 ἀποσκοπῶν
2705 1450 2807 1523 καί.⁸
2828 1469 2992 1523 πόθεν
3020 1470 3346 1541 ἀφορμήσας
3372 1471 3668 1540 προσϐάλοι
3687 1467 3730 1503 ’⁸

2151 1559 2475 1631 κακούργως
2532 1562 2869 1633 ὲμμελετῶν.
2907 1562 2974 1629 Ai
3025 1563 3081 1616 δὲ
3128 1562 3315 1616 λοιπαὶ
3351 1562 3477 1633 νῆες
3528 1564 3618 1631 ὑφ’
3650 1565 3728 1616 ἑνὶ

2150 1653 2312 1725 χώρῳ
2340 1655 2433 1716 τοῦ
2465 1654 2599 1725 πρὸς
2626 1655 2890 1721 ἀνατολὰς
2924 1655 3187 1724 ,αἰγιαλοῦ
3238 1656 3726 1727 προσορμισθεῖσσι

2152 1746 2631 1811 συνεσκευάζοντο.
2676 1749 2738 1801 Οἱ
2772 1748 2896 1811 καθ’
2922 1750 3072 1818 ἡμᾶς
3102 1749 3156 1801 δὲ
3197 1747 3414 1809 πολῖται
3445 1750 3541 1802 καὶ
3574 1750 3728 1802 αὐτοὶ

468 1841 570 1914 ipsi
601 1857 819 1911 quoque
852 1856 1003 1895 arma
1040 1839 1240 1904 induti,
1274 1840 1702 1909 distributisquc
1731 1854 2039 1909 propugna-

2154 1840 2265 1901 τοῖς
2292 1839 2476 1903 ὅπλοις
2504 1840 2857 1910 ὲφράττοντο,
2886 1841 2985 1905 τάς
3010 1840 3263 1915 ἐπάλξεις
3290 1841 3589 1912 διελόμενοι
3640 1839 3731 1894 καὶ

468 1928 631 1991 culis,
652 1928 717 1983 ad
743 1929 1081 1999 propositum
1106 1936 1385 1985 certamen
1409 1935 1600 1995 mutuo
1626 1943 1751 1984 sese
1779 1928 2048 1984 animare.

470 2018 608 2075 Vere
635 2034 872 2089 namque
902 2028 1180 2075 certamen
1219 2028 1359 2085 erat,
1390 2034 1456 2073 ac
1486 2019 1708 2093 quidem
1760 2020 1902 2074 inter
1936 2035 2051 2075 ma-

467 2129 573 2185 gna
599 2114 988 2178 clarlssimum,
1024 2128 1135 2171 non
1198 2113 1485 2169 luctatoris
1539 2113 1728 2178 ullius,
1773 2116 2049 2171 contentis

469 2209 522 2262 in
555 2207 934 2263 adversarium
965 2206 1181 2261 fortiter
1209 2205 1461 2275 corporis
1492 2204 1698 2261 viribus
1731 2205 1801 2261 ab
1829 2215 2047 2276 specta-

468 2300 682 2357 toribus
737 2299 964 2369 gloriam
1003 2296 1333 2367 laudemque
1362 2297 1727 2363 ambientis;
1762 2312 1870 2352 non
1919 2312 2047 2368 pro-

466 2393 664 2462 positis
698 2392 745 2447 ci
775 2392 869 2461 qui
909 2390 1085 2447 victor
1106 2398 1276 2445 exeat
1308 2390 1445 2445 levis
1477 2390 1725 2445 materia:
1766 2390 2045 2453 modicum

460 2495 684 2555 tempus
714 2484 1042 2543 oblectantis
1068 2483 1343 2552 praemiis;
1371 2497 1692 2544 necrursus
1713 2498 1821 2553 quo
1843 2482 2045 2538 amissa

465 2576 715 2639 victoria,
744 2576 865 2645 ejus
887 2577 985 2647 qui
1010 2591 1075 2631 ea
1110 2575 1377 2635 ceciderit
1410 2591 1581 2637 mium
1614 2575 1854 2630 dedecus
1886 2589 2045 2644 praua

465 2671 727 2740 labesque
773 2669 1107 2725 sit:.sed.iu
1164 2684 1273 2740 quo
1332 2677 1427 2723 aut
1459 2677 1625 2727 tanta)
1681 2668 1923 2723 civitatis
1977 2683 2043 2722 ex

467 2772 622 2818 tanto
650 2762 893 2832 periculo
945 2761 1274 2817 liberatione
1311 2761 1746 2829 incomparabile
1774 2760 1944 2815 decus
1977 2760 2045 2815 li-

466 2858 676 2912 beranti
710 2854 1025 2913 accesserit,
1058 2861 1152 2907 aut
1195 2868 1305 2922 quo
1348 2853 1723 2923 ingruentium
1775 2853 2044 2907 malorum

465 2948 670 3018 aliquid
704 2963 866 3017 passa
887 2962 961 3003 ac
1016 2945 1350 3004 labefactata
1411 2945 1809 3007 inconsolabile
1844 2944 2042 3000 vulnus

464 3041 695 3094 allatura
728 3038 820 3095 sit.

534 3134 624 3188 25.
660 3132 798 3187 Cum
852 3146 1068 3186 murum
1102 3146 1319 3195 omnem
1372 3129 1553 3187 bellua
1599 3130 1690 3187 illa
1753 3138 2042 3201 etnportus

463 3228 666 3283 fretum
694 3226 871 3281 ferrea
902 3233 1097 3286 catena
1131 3225 1519 3295 immersisque
1543 3224 1772 3280 navibus
1802 3224 2045 3293 undique

463 3320 741 3375 munitum
770 3316 1275 3381 animadvertisset,
1309 3316 1435 3372 inde
1474 3315 1680 3371 adoriri
1714 3315 1902 3371 urbem
1946 3314 2044 3371 de-

461 3412 654 3477 crevit,
687 3410 831 3465 unde
878 3425 978 3465 nec
1012 3417 1271 3464 externos
1304 3418 1433 3463 ante
1478 3407 1856 3463 demersorum
1903 3406 2044 3462 inte-

460 3519 570 3576 grae
598 3504 756 3558 molis
782 3501 1023 3571 lapidum
1047 3500 1208 3570 522
1225 3514 1434 3557 cuneos
1458 3500 1797 3570 aggressioni
1822 3500 2039 3557 navium

459 3594 751 3655 obsistere,
809 3604 986 3659 neque
1024 3604 1055 3642 a
1091 3604 1249 3645 muro
1306 3598 1418 3647 tum
1480 3589 1697 3647 demum
1760 3588 1815 3642 in
1867 3589 2039 3643 altum

459 3693 742 3741 exstructo
795 3681 1018 3736 easdem
1054 3679 1181 3735 belli
1209 3689 1333 3735 astu
1394 3679 1601 3734 diutius
1637 3680 1822 3741 vexari
1864 3696 2039 3751 posse

458 3781 779 3847 agnoverat,
825 3773 919 3828 sed
955 3772 1045 3826 ubi
1080 3771 1249 3825 maris
1283 3785 1445 3840 aqua,
1477 3771 1595 3841 ipsa
1633 3773 1832 3827 altiore
1871 3773 2033 3834 vado,

455 3865 739 3923 humiliori
768 3880 926 3919 muro
951 3863 1216 3918 alliditur.
1246 3862 1475 3943 $ignato
1520 3862 1660 3928 loco,
1685 3877 1755 3919 ac
1804 3878 1925 3918 cum
1968 3864 2035 3916 ad

456 3961 641 4015 socios
671 3973 925 4014 reversus
982 3965 1148 4021 esset,
1191 3972 1385 4027 pugna:
1431 3964 1699 4013 tesseram
1734 3956 1903 4012 dedit.
1930 3956 2032 4025 Qui

456 4054 614 4109 ocius
648 4068 744 4123 per
781 4052 925 4107 dicta
956 4050 1073 4105 loca
1110 4050 1348 4104 navibus
1380 4048 1564 4115 elfusi,
1599 4048 1891 4108 barbarico
1940 4064 2033 4103 as-

450 4161 699 4220 peroque
743 4144 962 4201 sublato
991 4143 1231 4198 clamore
1262 4158 1326 4196 ac
1375 4143 1583 4213 rugitu,
1615 4143 1911 4203 concitatis
1944 4158 2031 4197 re-

454 4242 599 4312 mige
626 4238 887 4302 navibus,
920 4250 984 4290 ac
1016 4234 1291 4306 tympanis
1324 4248 1387 4289 ex
1429 4236 1583 4288 corio
1616 4232 1780 4288 factis
1808 4234 2032 4296 horride

445 4337 889 4404 perstrepentes,
923 4328 1227 4397 multisque
1267 4326 1392 4381 aliis
1425 4326 1891 4381 terriculamentis
1936 4340 2031 4383 eos

2152 1930 2248 1991 έαυ
2256 1931 2377 1995 τοὺς
2392 1932 2527 2001 πρὸς
2539 1932 2628 1994 τὸν
2642 1934 3002 2004 προκείμενον
3015 1934 3201 2002 ἀγῶνα
3216 1934 3490 1999 συναπαλε
3500 1934 3675 2003 ίφοντε
3684 1953 3729 1994 ς.

2153 2026 2264 2080 Καὶ
2290 2026 2397 2096 γάρ
2414 2023 2482 2098 ἦν
2496 2026 2661 2097 ἀγὼν,
2675 2027 2912 2098 ἀληθῶς,
2934 2029 3029 2082 καὶ
3044 2028 3154 2080 τῶν
3173 2028 3426 2097 μεγάλων
3448 2026 3679 2095 ἀγώνων
3702 2028 3730 2079 δ

2149 2116 2451 2188 διαϐόητος,
2482 2117 2569 2189 [Ρ.
2611 2118 2836 2191 558].ού
2869 2119 3171 2173 παλαιστοῦ
3201 2136 3350 2183 τινος
3382 2120 3624 2187 ἀγωνίαν
3675 2122 3736 2171 ἐν

2149 2209 2268 2271 ταῖς
2298 2210 2435 2279 πρὸς
2487 2210 2578 2263 τὸν
2613 2211 2907 2265 ἀντίπαλον
2938 2212 3033 2265 τοῦ
3090 2212 3345 2283 σώματος
3392 2213 3732 2283 ἀντερείσεσι

2149 2299 2239 2353 τὸν
2287 2300 2437 2370 παρά
2483 2302 2593 2353 τῶν
2632 2300 2885 2371 ὁρώντων
2925 2303 3145 2357 ἔπαινον
3177 2303 3475 2374 προξενῶν,
3509 2304 3609 2356 ούκ
3637 2304 3733 2356 ἐπ-

2149 2390 2290 2446 αθλα
2316 2392 2592 2463 προτιθεὶς
2616 2392 2749 2463 ῦλης
2782 2396 2927 2459 τινὸς
2957 2395 3095 2465 πρὸς
3125 2394 3307 2463 ὀλίγον
3334 2394 3525 2465 τέρψιν
3544 2394 3621 2465 τῷ
3656 2413 3735 2446 νι-

2150 2483 2379 2553 κήσαντι
2406 2484 2774 2554 παρεχόμενα,
2819 2486 2941 2539 οὐδὲ
2994 2486 3159 2538 πάλιν
3204 2481 3375 2556 ἧτταν
3420 2485 3612 2557 μέχρις
3649 2488 3734 2537 αξ-

2151 2574 2352 2651 σχύνης
2388 2576 2557 2647 μόνης
2587 2577 2676 2629 τὸν
2704 2577 2993 2647 νικηθέντα
3006 2576 3514 2646 καταϐιϐάζουσαν,
3557 2577 3669 2631 ἀλλ’
3695 2577 3730 2648 ἢ

2150 2667 2544 2736 περισωθεῖσαν
2594 2667 2867 2739 τοσαύτην
2922 2668 3076 2722 πόλιν
3104 2670 3166 2722 ὲκ
3192 2669 3448 2723 τοσούτου
3484 2669 3729 2723 κινδύνου

2147 2756 2317 2826 γέρας
2366 2756 2647 2829 ἀμίμητον
2684 2757 3081 2828 ἀναδήσασθαι,
3133 2758 3165 2829 ἢ
3207 2758 3485 2825 παθοῦσάν
3531 2777 3585 2813 τι
3623 2760 3729 2813 τῶν

2146 2834 2555 2919 ἀπειλουμένων
2591 2850 2635 2880 ³⁸
2681 2850 3108 2922 ἀπαρηγόρητον
3134 2838 3332 2923 όδύνην
3379 2851 3728 2922 ἐνέγκασθαι.

2219 3128 2316 3183 κε’.
2354 3128 2492 3181 Ἀλλ’
2524 3129 2710 3200 ἐπειδὴ
2737 3130 2797 3182 τὸ
2814 3130 2992 3201 τεῖχος
3009 3128 3155 3183 ἀπαν
3174 3129 3201 3181 ό
3224 3127 3326 3199 θὴρ
3358 3128 3569 3193 ἐκεῖνος
3601 3147 3728 3182 κατ-

2149 3220 2309 3284 εῖδεν,
2350 3220 2513 3275 ἔτιδὲ
2544 3221 2639 3273 καὶ
2682 3220 2774 3285 τὸν
2823 3219 3067 3290 πορθμὸν
3111 3218 3206 3279 τοῦ
3260 3202 3485 3289 ¹λιμένος
3535 3220 3725 3271 ἁλύσει

2149 3314 2344 3386 σιδηρᾷ
2379 3315 2470 3367 καί
2498 3330 2607 3367 τισι
2640 3311 3243 3391 ναυσὶλβεϐυθισμέναις
3274 3312 3406 3375 ϐντα
3441 3312 3727 3381 κατάφρα-

2148 3426 2295 3470 κτον.
2353 3407 2555 3478 μᾶλλον
2604 3407 2812 3460 ἐκεῖθεν
2875 3406 2971 3477 τὴν
3030 3404 3337 3476 προσϐολὴν
3396 3404 3725 3475 ποιήσασθαι

2141 3501 2486 3568 διεσκέψατο,
2546 3498 2667 3552 ὅθεν
2700 3499 2896 3567 διέγνω
2953 3499 3087 3568 μήτε
3124 3496 3221 3561 τάς
3266 3496 3469 3559 ἔξωθεν
3500 3496 3727 3549 κωλύειν

2140 3590 2250 3650 τῶν
2300 3589 2779 3660 ,προϐυθισθέντων
2832 3588 3127 3658 μονολίθων
3186 3586 3413 3657 ἐνέδρας
3463 3587 3561 3659 τὴν
3619 3587 3725 3640 τῶν

2141 3683 2284 3753 νηῶν
2320 3682 2531 3751 ἔφοδον,
2566 3682 2705 3754 μήτε
2742 3683 2848 3753 μὴν
2878 3681 2970 3750 ἀφ’
2996 3680 3201 3752 ὑψηλοῦ
3232 3681 3325 3734 τοῦ
3355 3680 3456 3752 ἤδη
3474 3662 3728 3752 δομηθέν-

2138 3793 2227 3839 τος
2255 3775 2469 3842 τείχους
2520 3774 2773 3839 ἐπίτασιν
2828 3756 3077 3844 πολέμου·
3110 3773 3314 3837 ταύτας
3368 3772 3721 3843 ἐκδέχεσθαι’

2136 3866 2248 3919 ἀλλ’
2286 3866 2417 3919 ἔνθα
2472 3865 2839 3937 βαθυνόμενον
2900 3865 2960 3919 τὺ
2994 3865 3090 3934 τῆς
3147 3863 3426 3933 θαλάσσης
3462 3862 3605 3933 ὕδωρ
3643 3860 3720 3931 τῷ

2136 3957 2542 4035 χθαμαλωτέρῳ
2571 3959 2737 4029 τείχει
2781 3959 3216 4029 προσρήγνυται,
3240 3956 3365 4019 τοὺς
3396 3956 3594 4019 τόπους
3622 3970 3719 4022 01;-

2138 4048 2513 4121 μειωσάμενος
2540 4050 2629 4102 καὶ
2653 4048 2788 4119 πρὸς
2814 4048 2940 4111 τοὺς
2974 4047 3223 4117 ἑταίρους
3246 4043 3715 4117 ἀνθυποστρέψας.

2134 4142 2365 4196 ἐνέδωκε
2394 4142 2487 4196 τὸν
2512 4141 2724 4210 ἀγῶνα.
2762 4142 2823 4193 Οἱ
2858 4140 2913 4192 δὲ
2945 4142 2991 4171 ’⁵
3013 4139 3074 4193 τὸ
3123 4139 3287 4209 τάχος
3332 4139 3447 4201 τοῖς
3480 4137 3714 4206 λεχθεῖσι

2131 4235 2318 4297 τόποις
2350 4236 2473 4297 ταῖς
2519 4233 2677 4286 ναυσὶ
2705 4232 3122 4303 διασπαρέντες,
3158 4230 3254 4301 βοῇ
3284 4247 3343 4283 τε
3378 4230 3711 4300 χρησάμενοι

2133 4324 2440 4403 βαρϐαρικῇ
2466 4324 2560 4377 καὶ
2581 4323 2830 4395 τραχείᾳ,
2881 4321 3221 4394 ἐφώρμησαν
3245 4321 3327 4392 τῷ
3373 4322 3562 4391 τείχει,
3588 4320 3707 4378 ταῖς

452 4425 547 4495 qui
576 4424 628 4478 iu
665 4420 1097 4494 propugnaculis
1118 4429 1276 4473 erant
1306 4426 1698 4490 perterrentes,
1723 4417 1778 4472 in
1811 4433 2028 4474 murum

2144 4414 2346 4477 κώπαις
2398 4412 2735 4477 ἐλαύνοντες,
2791 4413 2883 4465 καὶ
2916 4416 3027 4476 τοῖς
3059 4414 3122 4464 ὲκ
3154 4411 3265 4464 τῶν
3318 4410 3555 4482 δέρρεων
3580 4424 3709 4459 κατ-

454 4524 747 4586 proruunt.
771 4514 933 4569 Cives
968 4521 1185 4575 contra,
1218 4520 1272 4564 et
1306 4510 1399 4579 qui
1432 4509 1497 4563 ad
1530 4523 1747 4562 murum
1784 4508 2028 4573 stabant,

2144 4506 2559 4581 εσκευασμένοις
2595 4506 2902 4572 τυμπάνοις
2946 4502 3389 4579 καταπληκτικὸν
3447 4498 3703 4555 κτυποῦνο

450 4612 646 4680 majori
662 4608 1040 4679 ~ipsosublato
1065 4606 1306 4661 clamore
1340 4618 1402 4658 ac
1438 4603 1861 4675 penetrabiliore
1889 4603 2031 4658 elata

2144 4616 2241 4666 τες,
2264 4600 2355 4653 καὶ⁵
2387 4599 2599 4662 πολλοῖς
2625 4598 2805 4661 ἄλλοις
2836 4596 3130 4667 φοϐητροις
3156 4598 3283 4658 τοὺς
3312 4596 3371 4648 ὲν
3406 4599 3529 4659 ταῖς
3549 4592 3705 4647 exsi-

450 4700 606 4768 vocc,
634 4704 929 4761 salutarem
986 4699 1170 4755 crucis
1214 4706 1553 4753 armaturam
1588 4696 1853 4751 adversus
1893 4693 2031 4749 infe-

448 4804 590 4850 stant
634 4794 888 4859 hostium.
914 4794 1149 4857 classem
1177 4792 1457 4847 invocare.
1492 4788 1793 4859 .Tantaque
1830 4788 2027 4843 horum

445 4890 630 4958 erupit
655 4888 912 4942 clamoris
928 4886 1122 4951 .vis,,ut
1136 4884 1316 4949 Barba
1326 4884 1393 4949 ri,
1410 4882 1691 4938 immensa:
1708 4882 1828 4952 ejus
1859 4881 2031 4935 turbae

445 4982 705 5047 omnique
756 4978 1035 5043 auditione
1083 4977 1415 5032 terribiliore
1468 4984 1727 5047 percepto
1787 4975 2023 5041 ululatu,

448 5075 607 5146 quasi
640 5054 914 5144 vertigine
940 5071 1097 5142 .capii
1127 5070 1281 5131 dubii
1310 5070 1604 5132 haererent,
1637 5069 2026 5139 desperarent-

442 5184 552 5236 que
579 5168 647 5221 de
676 5165 848 5225 exitu.
878 5179 944 5219 ex
978 5166 1219 5217 clamore
1256 5161 1348 5221 illo
1367 5170 1719 5223 armatorum
1778 5162 1831 5214 in
1889 5161 2026 5216 urbe

446 5261 850 5327 multitudinem
881 5255 1268 5327 conjicieutes,
1301 5264 1359 5319 et
1391 5270 1449 5309 se
1470 5269 1590 5317 ,non
1622 5269 1795 5324 posse
1826 5254 2022 5310 adver-

444 5366 543 5405 sus
579 5358 762 5407 tantos
786 5350 930 5404 inito
954 5349 1141 5419 praelio
1175 5348 1295 5417 ejus
1321 5346 1484 5405 facile
1528 5346 1694 5415 potiri
1732 5345 2020 5421 ipsamque

442 5441 703 5510 diripere,
732 5444 822 5498 cui
854 5442 1005 5497 nulla
1067 5441 1172 5495 alia
1228 5436 1430 5495 similis
1465 5436 1737 5507 superiori
1774 5436 2021 5507 exemplo

430 5544 781 5599 occurreret.
830 5534 909 5589 Ne
958 5545 1139 5591 tamen
1190 5532 1469 5604 exprime
1522 5529 1615 5585 illa
1667 5528 2023 5607 aggression'e

2133 4692 2282 4758 ξεσιν
2339 4692 2786 4763 ἐκταράττοντες.
2829 4688 3192 4760 ’Λντεϐόησαν
3241 4688 3297 4741 δὲ
3354 4688 3555 4758 μᾶλλον
3609 4682 3697 4737 καὶ

2131 4786 2505 4855 γεγωνοτέραν
2560 4785 2742 4855 φωνὴν
2777 4784 2825 4836 oi
2861 4783 2997 4853 πρὸς
3028 4781 3088 4834 τὸ
3112 4783 3290 4851 τεῖχος
3340 4781 3593 4844 ἑστῶτες,
3644 4773 3697 4826 τὸ

2134 4878 2403 4950 σωτήριον
2435 4878 2598 4931 ὅπλον
2646 4876 2740 4937 τοῦ
2772 4873 3010 4945 σταυροῦ
3066 4874 3203 4944 πρὸς
3248 4873 3351 4947 τὴν
3410 4871 3552 4925 κατά
3593 4868 3693 4921 τῶν

2131 4969 2385 5022 ἐναντίων
2414 4967 2828 5037 ἑπικαλούμενοι
2863 4966 3201 5037 συμμαχίαν,
3236 4964 3334 5017 καὶ⁸
3363 4957 3688 5017 τοσοῦτονώς

2129 5060 2433 5131 ἀκηκοότας
2462 5062 2588 5123 τοὺς
2616 5058 2919 5130 βαρϐάρους
2943 5058 3032 5111 τὸν
3058 5054 3489 5126 πολυάνθρωπον
3509 5052 3691 5108 ἐκεῖνον

2132 5153 2224 5206 καὶ
2256 5153 2453 5216 παντὸς
2476 5152 2822 5223 ἀκούσματος
2847 5149 2977 5219 φοϐε
2987 5148 3221 5223 ρώτερον
3238 5144 3553 5218 ἀλαλαγμὸν
3574 5142 3688 5203 lli?-

2129 5248 2315 5314 γιᾶσαι
2344 5247 2480 5309 τέως
2504 5246 2596 5298 καὶ
2630 5245 2797 5316 μηδὲν
2826 5243 3041 5297 ἀνύσειν
3068 5242 3399 5321 προσδοκᾷν,
3417 5240 3508 5294 τοῦ
3533 5239 3685 5304 δήμω

2128 5341 2226 5411 τὴν
2254 5338 2462 5409 πληθὺν
2484 5337 2974 5408 ἀναλογισαμένους
2998 5336 3061 5389 ὲκ
3086 5335 3184 5405 τῆς
3209 5332 3360 5404 βοῆς,
3393 5333 3485 5387 καὶ
3509 5331 3577 5391 ὡς
3596 5325 3685 5376 οὒκ

2131 5436 2198 5487 ἂν
2231 5432 2365 5503 πρὸς
2391 5430 2683 5494 τοσούτους
2720 5429 3166 5496 ἀποδυσαμένους
3220 5428 3304 5490 είς
3336 5426 3514 5497 μάχην
3538 5420 3679 5486 εὐχεο

2131 5524 2241 5593 ρῶς
2268 5524 2414 5595 ἔχειν
2439 5523 2591 5576 πόλιν
2615 5522 2887 5592 τοσαύτην
2924 5521 3123 5592 ῥᾳδίως
3170 5518 3481 5588 ἐκπορθεῖν,
3510 5516 3569 5595 ην
3598 5507 3684 5559 οὑ·-

440 5638 587 5685 tnetu
620 5628 837 5682 attoniti
865 5628 1179 5683 viderentur
1207 5598 1369 5695 atq-ue
1394 5623 1653 5695 pcrculsi,
1677 5598 1786 5678 rion
1811 5623 2019 5692 absque

2144 5622 2235 5675 ῑενὶ
2269 5621 2677 5692 παραδείγματι
2712 5620 3026 5693 συγκρίνειν
3057 5613 3223 5689 εἶχον.
3260 5618 3446 5689 Ὅμως
3498 5614 3573 5665 ἵνα
3604 5598 3684 5682 μῆ

1728 5713 1963 5774 VARUE
2001 5712 2411 5768 LECTIONES.
3274 5732 3277 5737 ·
3590 5706 3604 5716 ’

506 5816 559 5861 )1
584 5811 785 5881 θράσος
810 5810 871 5865 Ρ.
951 5811 994 5840 “
1026 5806 1371 5877 ἀντίθασσος]
1418 5808 1703 5885 ἄνθρωπος
1729 5808 1791 5863 P.
1868 5808 1910 5840 ”
1939 5806 2260 5880 προσϐάλλοι
2306 5808 2369 5861 Ρ.
2448 5806 2490 5838 ⁸⁸
2516 5806 2902 5877 ἀπειλημένων
2938 5805 3001 5859 Ρ.
3079 5804 3123 5835 ’³
3147 5803 3207 5873 δὴ
3247 5805 3310 5859 Α.
