3962 6204
302 268 401 352 ιόο

1409 277 1508 337 DE
1534 274 1847 337 EXCIDIO
1886 273 2329 338 THESSALON
2342 279 2501 340 [ΟΕ.

3463 287 3572 353 570

301 395 544 464 καὶπρὸς
573 392 633 446 τὸ
668 384 800 446 εῐσω
840 388 1239 462 μετοχετεῦσαν
1275 389 1579 460 ὲξαφθῆναι
1628 391 1707 443 δι’
1758 391 1873 444 ὅλου

1985 391 2316 456 combussit,
2370 393 2508 447 adeo
2563 400 2621 446 ut
2670 393 2834 463 paulo
2892 401 3018 463 post
3074 396 3414 463 corruerint,
3469 412 3573 456 nec

299 488 387 551 τὰς
417 487 597 551 πύλας
621 488 957 556 ἠνάγκασεν,
986 483 1063 548 ὡς
1107 481 1245 554 μετά
1277 482 1451 553 βραχὺ
1484 482 1690 547 ταύτας
1713 501 1881 537 καταο

302 581 483 632 πεσεῖν
502 579 598 631 καὶ
626 577 829 630 δειλίαν
865 577 925 628 οὐ
944 576 1045 645 τὴν
1066 573 1340 644 τυχοῦσαν
1362 574 1569 628 ἅπασιν
1603 576 1880 644 ἑμὸαλεῖν;

301 670 471 723 Μόνον
495 668 606 737 γὰρ
636 668 718 720 ὅτι
749 666 871 720 καθ’
892 666 1022 736 ὅλης
1053 664 1333 737 ἐκηρύχθη
1375 666 1474 734 τῆς
1503 665 1550 697 ⁸⁸
1586 666 1795 730 πόλεως
1850 669 1883 738 ἡ

300 761 403 814 τῶν
424 761 611 815 πυλῶν
638 760 923 823 ἐκκαυσις,
954 758 1052 811 καὶ
1077 757 1332 827 καθάπερ
1361 758 1509 819 τινος
1531 756 1719 826 ξίφους
1754 760 1885 811 ὑπο-

300 855 594 926 δραμόντος
623 852 723 917 τὰς
753 853 1008 908 ἁπάντων
1037 849 1283 921 καρδίας,
1333 849 1506 913 οὕτως
1556 850 1884 918 ἐναγωνίους

298 948 391 1002 καὶ
411 945 713 1017 τρομὼδεις
740 947 865 1008 τοὺς
902 943 1229 1014 ἀνθρώπους
1257 940 1551 1011 πεποίηκε,
1609 940 1708 1004 τὰς
1746 958 1881 1011 μορ-

298 1040 402 1108 φὰς
439 1039 857 1103 ἀλλοιώσαντας
915 1038 1011 1093 καὶ
1043 1038 1224 1089 πᾶσαν
1253 1034 1497 1106 χρηστὴν
1527 1034 1722 1103 ἀθρόον
1746 1051 1882 1105 προ-

294 1132 598 1195 δεδωκότας
653 1131 867 1185 ἐλπίδα.
918 1130 1031 1184 Καὶ
1087 1129 1198 1199 γὰρ
1240 1129 1292 1181 οἱ
1333 1126 1442 1197 πρὸ
1498 1125 1728 1195 βραχέος
1770 1128 1882 1189 τοῖς

291 1223 526 1295 τείχεσιν
556 1223 903 1293 ἐξαλλόμενοι
931 1221 1026 1275 καὶ
1076 1221 1212 1291 πρὸς
1234 1220 1325 1274 τὸν
1349 1219 1437 1275 διὰ
1467 1218 1647 1289 μάχης
1692 1217 1880 1287 ἀγῶνα

292 1316 556 1386 ἀλλήλους
594 1315 1010 1384 ἐγκελευόμενον.
1053 1311 1286 1368 πτωκῶν
1322 1310 1709 1382 ἀδρανέστεροι
1761 1311 1880 1372 ταῖς

291 1408 579 1479 ἀληθείαις
614 1409 940 1462 ἐδείκνυντο.
970 1406 1112 1461 Αὐτὸ
1145 1407 1254 1478 γὰρ
1297 1405 1477 1471 τοῦτο,
1529 1404 1591 1459 τὸ
1627 1404 1727 1475 τὴν
1783 1420 1882 1475 μη-

289 1503 461 1573 χανὴν
519 1500 740 1571 ἐκείνην
789 1502 869 1562 εἰς
948 1497 1108 1569 ἔργον
1172 1498 1399 1569 ἐκϐῆναι
1427 1538 1442 1562 ,
1515 1495 1878 1568 μαντεύεσθαι

286 1593 384 1648 τοῦ
428 1594 616 1656 τέλους
644 1594 767 1656 ταῖς
813 1593 1069 1646 ἁπάντων
1096 1591 1270 1644 ἐδίδου
1313 1591 1528 1661 ψυχαῖς.
1588 1590 1738 1659 Πλὴν
1794 1591 1876 1644 ὅτι

284 1685 398 1738 τῶν
440 1685 548 1749 ἔξω
598 1683 782 1738 πυλῶν
840 1681 1293 1753 πυρποληθεισῶν
1344 1683 1443 1745 τὰς
1506 1680 1655 1736 ἔνδον
1717 1683 1877 1751 ἡμεῖς

283 1777 474 1846 τειχίῳ
537 1778 644 1829 τινὶ
712 1775 1021 1845 νεοδομήτῳ
1100 1773 1294 1827 θᾶττον
1369 1771 1871 1844 περιφραξάμενοι,

286 1868 459 1924 ὓδατά
482 1886 543 1921 τε
571 1871 693 1931 ταῖς
715 1866 1004 1931 ἐπάλξεσιν
1034 1867 1091 1919 ἓν
1117 1882 1225 1920 τισι
1254 1865 1693 1936 προαποθέμενοι
1715 1865 1874 1919 σκεύ-

285 1979 425 2027 εσιν,
482 1960 898 2031 ὲφυλαττόμεθα
945 1960 1074 2013 πότε
1118 1960 1210 2013 καὶ
1271 1959 1407 2030 πρὸς
1455 1958 1664 2022 ταύτας
1713 1961 1875 2029 τυχὸν

285 2054 768 2123 ὲφορμήσόυσινοὶ
807 2051 1076 2120 πολέμιοι,
1113 2050 1192 2103 ἶν’
1253 2051 1340 2104 ὅτε
1386 2050 1488 2119 τῆς
1534 2051 1874 2120 κακουργίας

286 2145 383 2199 καὶ
403 2143 557 2207 αὖθις
583 2143 1035 2215 ἐπιχειρήσωσιν,
1086 2141 1298 2211 ἔχωμεν
1342 2143 1490 2205 ὅπως
1533 2143 1632 2212 τῆς
1676 2143 1874 2211 φλογὸς

281 2234 756 2305 ἀντι-ποιησόμεθα
780 2233 878 2288 καὶ
907 2235 1005 2303 τῆς
1042 2233 1335 2303 ἐπιϐουλῆς
1393 2234 1725 2304 ἀπειράτους
1772 2228 1873 2299 τὰς

284 2327 461 2390 πύλας
483 2328 913 2398 διατηρήσομεν.
944 2328 1008 2381 Ὃ
1031 2327 1095 2395 δὴ
1137 2327 1231 2381 καὶ
1250 2326 1470 2394 γνόντες
1520 2328 1719 2382 ἐκεῖνοι
1745 2329 1873 2383 οὑκ-

282 2420 367 2473 έτι
400 2422 520 2482 ταῖς
536 2410 829 2482 ’τοιαύταις
872 2418 1253 2481 κακοϐουλίαις
1286 2418 1609 2490 ἐχρήσαντο,
1655 2420 1873 2489 ἑτέραις

278 2511 337 2566 δέ
383 2528 525 2565 τισιν
554 2511 780 2582 ἔμελλον
801 2511 1136 2581 δεινοτέραις
1164 2511 1307 2563 ἔτι1⁵⁷
1338 2512 1436 2565 καὶ
1476 2511 1876 2583 σφοδροτέροις

276 2605 371 2658 τὸν
433 2605 556 2659 καθ’
625 2605 783 2676 ἡμῶν
838 2602 1178 2675 ἐπιτηδεύειν
1226 2603 1467 2674 ὀλεθρον,
1526 2603 1586 2657 δν
1648 2605 1875 2676 οὐδεμιᾷ

280 2695 495 2767 μεθόδῳ
527 2695 620 2750 τοῦ
650 2696 841 2749 λοιποῦ
870 2696 1098 2751 δυνατὸν
1119 2692 1188 2766 ἦν
1220 2695 1650 2766 διακρούσασθαι
1674 2697 1871 2767 ὲνεργῆ

272 2805 334 2842 τε
364 2790 412 2821 ⁸⁸
440 2788 574 2844 ὄντα
610 2789 707 2842 καὶ
744 2791 928 2843 πᾶσαν
958 2789 1207 2860 μηχανὴν
1256 2788 1675 2860 ὑπερϐαίνοντα.
1723 2789 1870 2861 Πλὴν

270 2881 418 2935 οὕτω
436 2880 531 2934 τοῦ
557 2882 731 2953 πυρὸς
756 2881 1114 2951 παυσαμένου
1145 2880 1206 2933 τὸ
1256 2880 1444 2934 λοιπὸν
1492 2882 1592 2951 τῆς
1653 2881 1869 2952 ἡμέρας

269 2976 387 3035 τοῖς
418 2971 769 3041 πετροϐόλοις
797 2972 1038 3043 ἐχρῶντο
1060 2971 1184 3027 καθ’
1207 2971 1364 3041 ἡμῶν
1398 2974 1495 3025 καὶ
1516 2974 1630 3036 τοῖς
1667 2972 1866 3038 τόξοις,

1990 483 2162 539 levem
2196 485 2546 540 formidinem
2577 487 2791 541 cunctis
2843 486 3155 555 injecerint.
3215 486 3319 543 Per
3349 505 3570 546 omnem

1987 578 2137 632 enim
2181 590 2351 647 prope
2374 577 2651 632 civitatem
2685 579 2965 648 publicato
3001 579 3279 647 incendio,
3324 597 3389 637 ac
3428 584 3572 638 velut

1987 669 2168 739 gladio
2207 670 2455 724 onmium
2495 671 2756 727 cordibus
2813 671 3005 737 inﬁxo,
3052 673 3133 726 sic
3178 689 3377 741 pavore
3420 676 3570 728 anxii

1987 763 2206 829 actique
2238 768 2475 817 tremere
2504 763 2657 819 cives
2687 780 2752 819 ac
2785 766 2939 819 vultu
2978 765 3253 818 immutati
3298 767 3571 821 mitiorem

1984 866 2139 922 spem
2170 868 2391 908 omnem
2428 862 2652 924 repente
2692 856 3035 924 alijecerunt.
3094 856 3198 922 Qui
3234 858 3379 911 enim
3410 860 3572 927 paulo

1985 954 2109 998 ante
2153 946 2327 1001 muris
2359 946 2515 1016 53}
2566 948 2890 1002 assiliebant
2920 964 3091 1018 seque
3145 960 3335 1003 mutuo
3367 949 3433 1004 ad
3475 967 3574 1020 pu-

1984 1052 2103 1106 gna:
2141 1046 2423 1094 certamen
2459 1038 2802 1105 animabant,
2858 1040 3139 1110 leporibus
3170 1042 3476 1098 timidiores
3514 1058 3571 1098 re

1984 1129 2105 1199 ipsa
2133 1131 2415 1185 exstitere.
2462 1131 2644 1201 Ipsum
2677 1132 2823 1186 enim
2862 1132 2988 1198 hoc,
3015 1133 3165 1202 quod
3199 1134 3280 1187 sic
3309 1136 3568 1190 machina

1981 1220 2335 1283 commodum
2388 1223 2596 1277 exitum
2646 1223 2951 1289 habuisset,
3000 1232 3327 1279 cunctorum
3370 1225 3569 1281 animis

1983 1311 2126 1379 haud
2161 1313 2373 1368 incerta
2397 1313 2715 1383 conjectura
2744 1314 2812 1370 de
2846 1319 2952 1370 line
2975 1317 3235 1386 augurari
3272 1318 3565 1385 praebebat.

1981 1402 2093 1459 Nos
2123 1405 2415 1460 enimvero
2448 1407 2819 1462 exterioribus
2870 1410 3048 1477 portis
3088 1409 3211 1479 igne
3242 1411 3565 1479 absumptis,

1982 1497 2277 1553 interiores
2326 1513 2486 1553 muro
2539 1498 2605 1554 de
2651 1514 2793 1555 novo
2853 1508 3142 1556 cxstructo
3195 1501 3564 1567 conteximus,

1980 1606 2252 1660 aquarum
2294 1593 2404 1646 vim
2450 1592 2504 1646 in
2539 1594 2684 1648 vasis
2717 1594 3016 1662 repositam
3051 1594 3105 1647 in
3142 1596 3567 1663 propugnaculis

1981 1692 2286 1748 servantes.
2325 1686 2372 1739 si
2431 1685 2654 1751 quando
2698 1694 2753 1740 et
2792 1686 2914 1741 illas
2960 1685 3262 1740 adversarii
3320 1686 3565 1742 incesse-

1983 1786 2127 1839 rent,
2183 1786 2239 1830 ut
2267 1776 2544 1845 siquidem
2604 1777 2752 1832 istud
2791 1777 3043 1831 maleﬁcii
3084 1777 3266 1831 denuo
3306 1778 3569 1849 aggrede-

1984 1879 2199 1933 rentur,
2241 1869 2293 1923 in
2327 1877 2586 1939 promptu
2622 1876 2769 1924 esset
2815 1884 2925 1938 quo
2966 1870 3440 1942 restingueremus
3480 1870 3568 1923 in-

1980 1960 2178 2015 cendia
2203 1970 2368 2030 atque
2403 1959 2470 2013 ab
2504 1959 2725 2015 insidiis
2754 1959 2963 2015 liberas
3017 1961 3268 2030 labisque
3296 1960 3567 2017 immunes

1982 2062 2169 2123 portas
2205 2066 2573 2107 servaremus.
2627 2050 2783 2118 Quod
2825 2051 2903 2106 illi
2936 2053 3565 2126 quoque‘intelligentes

1982 2147 2119 2201 nihil
2150 2146 2295 2200 ultra
2332 2145 2637 2201 maleﬁcum
2698 2146 2845 2201 istud
2900 2156 3271 2201 commentum
3330 2160 3563 2215 usurpa-

1982 2246 2155 2292 runt:
2216 2238 2340 2293 aliis
2370 2245 2551 2292 tamen
2591 2238 2925 2307 quibusdam
2977 2235 3281 2291 dirioribus
3334 2235 3565 2289 validio-

1982 2331 2244 2401 ribusque
2286 2331 2517 2385 exitium
2564 2341 2813 2386 nostrum
2858 2338 3017 2385 erant
3061 2328 3344 2393 molituri,
3407 2327 3566 2397 cujus

1980 2422 2290 2492 depellendi
2336 2424 2484 2477 nulla
2514 2424 2776 2493 deinceps
2824 2424 2910 2476 via
2941 2423 3099 2477 nobis
3143 2422 3354 2491 reliqua
3387 2428 3561 2483 esset,

1977 2524 2133 2570 tanta
2179 2516 2397 2570 illorum
2437 2516 2511 2582 vi,
2562 2516 2735 2571 tantis
2778 2515 2962 2570 nervis
3015 2519 3180 2582 atdue
3231 2522 3458 2577 conatu,
3504 2522 3565 2566 ut

1975 2608 2080 2662 vini
2112 2623 2331 2663 omnem
2365 2609 2747 2663 machinarum
2793 2607 3147 2663 excederent.
3209 2605 3324 2660 Hoc
3374 2606 3563 2675 itaque

1973 2697 2136 2752 modo
2191 2713 2314 2753 cum
2378 2701 2521 2771 ignis
2580 2713 2877 2765 cessasset,
2923 2701 3066 2771 quod
3118 2701 3392 2770 reliquum
3431 2710 3557 2753 erat

1971 2789 2118 2854 diei.
2156 2794 2445 2859 catapultis
2504 2792 2817 2863 jacnlisque
2874 2798 3161 2863 peractum
3211 2802 3333 2858 est,
3387 2791 3565 2846 donec

1973 2884 2266 2937 nocturnis
2297 2884 2538 2939 tenebris
2592 2884 2682 2937 lux
2720 2883 2908 2948 cessit,
2968 2881 3253 2953 ell‘usaque
3294 2881 3475 2953 caligo
3508 2893 3564 2936 et

1973 2975 2177 3030 invitos
2204 2992 2232 3029 ιι
2267 2992 2462 3045 pugna:
2493 2975 2801 3029 certamine
2836 2974 3091 3030 retraxit.

271 3067 471 3139 μέχρις
496 3066 639 3120 ἆντδ
662 3065 975 3137 νυκτερινὸν
1002 3065 1192 3161 σκότος
1218 3066 1280 3120 τὸ
1336 3065 1453 3135 φῶς
1511 3066 1784 3131 διεδέξατο
1837 3067 1933 3120 καὶ
1968 3068 2065 3138 τῆς
2125 3069 2366 3136 ἀγωνίοις
2432 3068 2702 3120 παύεσθαι
2758 3068 2891 3138 μηδὲ
2951 3068 3311 3139 βουλομένους
3360 3067 3564 3124 αὐτοὺς

266 3155 659 3230 κατηνάγκασε
670 3176 683 3215 ‘.

336 3216 443 3326 λέ.
501 3216 636 3307 ὲῐτα
693 3254 880 3325 ἐπειδὴ
936 3254 1030 3308 τοῦ
1069 3254 1323 3325 πολεμεῖν
1360 3254 1688 3319 ἐπαύσαντο,
1740 3255 1860 3319 ταῖς

2033 3250 2123 3305 32.
2156 3248 2316 3309 'l‘um,
2352 3262 2478 3301 cum
2518 3261 2713 3316 pugna:
2730 3242 2893 3300 ﬁnem
2923 3244 3209 3307 fecissent,
3240 3248 3563 3303 conscensis

265 3350 469 3404 ναυσὶν
506 3344 590 3419 [Ρ.
619 3345 749 3416 διι]
781 3347 1050 3417 ἐμϐάντες
1077 3347 1171 3399 καί
1209 3363 1263 3399 τι
1304 3345 1502 3415 μικρὸν
1557 3345 1869 3417 ἡσυχάσαν-

263 3457 363 3505 τες
394 3440 632 3512 ἧρχοντο
660 3438 753 3491 τοῦ
770 3437 1045 3509 δράματος
1066 3438 1202 3507 ὅπερ
1231 3433 1371 3508 ἦσαν
1393 3440 1514 3499 ταῖς
1537 3435 1741 3501 ἑαυτῶν
1760 3436 1870 3488 δει-

260 3536 461 3602 νότησι
492 3530 983 3603 προεξευρημένοι.
1018 3530 1094 3583 Τὸ
1147 3531 1204 3582 δὲ
1241 3526 1310 3601 ἦν
1365 3530 1627 3601 τοιαύτην
1686 3530 1872 3593 αὐτοῖς

258 3625 585 3695 ἀπόπειραν
613 3621 898 3693 δμποιοῦν,
927 3622 1003 3685 ὡς
1036 3622 1083 3674 εἰ
1118 3622 1217 3693 μὲν
1238 3621 1303 3675 δι’
1337 3623 1500 3677 αὑτοῦ
1525 3624 1569 3657 ⁸⁹
1591 3622 1870 3693 δυνηθεῖεν

256 3717 367 3788 τὴν
406 3716 562 3769 πόλιν
587 3708 906 3785 πορθήσειν,
942 3710 999 3767 εὖ
1036 3714 1103 3767 ἂν
1143 3713 1288 3783 ἔχειν
1316 3715 1385 3779 ⁶⁰,
1440 3714 1532 3768 διὰ
1582 3714 1645 3768 τὸ
1703 3712 1870 3783 μηδὲν

256 3805 400 3866 ἄλλο
424 3808 535 3861 τῶν
560 3809 640 3870 εἰς
670 3807 988 3878 πολιορκίαν
1020 3807 1408 3859 συντεινόντων
1457 3806 1547 3858 ἴσα
1609 3805 1868 3859 δύνασθαι

256 3901 485 3965 τούτου,
516 3899 612 3952 καλ⁵
646 3898 865 3969 μάλισθ’
898 3899 1028 3952 ὅταν
1057 3898 1152 3967 ἀφ’
1206 3896 1413 3951 ὑδάτων
1449 3897 1597 3949 ἐστὶν
1642 3898 1675 3965 ἡ
1721 3894 1867 3966 μάχη

258 3997 365 4049 καὶ
398 3994 475 4065 μὴ
506 3991 784 4063 μεσιτεύει
818 3990 1010 4063 χέρσος
1039 3991 1137 4061 τὴν
1159 3988 1450 4060 ἐπιϐουλὴν
1481 3989 1866 4043 διακόπτουσν

256 4088 313 4139 εί
341 4086 405 4139 δέ
427 4102 492 4151 γε
520 4084 661 4156 μετά
682 4083 792 4139 τῶν
828 4081 1004 4137 ἀλλων
1030 4073 1106 4135 ὧν
1135 4079 1554 4149 προενήργησαν
1584 4077 1677 4147 καὶ
1709 4074 1870 4128 τοῦτο

255 4181 345 4241 εις
383 4177 549 4249 μηδὲν
576 4177 761 4239 αὐτοῖς
794 4174 838 4206 ⁶¹
873 4171 1235 4236 συντελέσειε,
1260 4169 1386 4231 τοὺς
1406 4171 1484 4239 εἰς
1520 4168 1677 4221 τοῦτο
1725 4158 1866 4235 παρ-

254 4274 627 4343 ορμήσαντας
660 4267 861 4331 αὐτοὺς
898 4265 995 4319 καὶ
1016 4262 1269 4317 τοσοῦτον
1288 4259 1456 4314 πλοῦν
1484 4259 1734 4313 διανῦσαι
1763 4257 1867 4329 μά-

251 4382 371 4436 την
427 4363 926 4432 ἀποπλανήσαντας
987 4361 1097 4418 τοῖς
1156 4353 1344 4417 ὅπλοις
1410 4351 1868 4422 διαχειρίσασθαι,

252 4462 365 4512 καὶ
399 4457 575 4519 οὕτως
610 4458 667 4509 ὲν
693 4457 805 4517 τοῖς
839 4452 990 4513 ἰδίοις
1020 4447 1307 4519 ἀπαίρειν.
1348 4445 1566 4525 Ταύτην
1597 4438 1690 4496 οὖν
1736 4442 1870 4513 παρ’

252 4551 486 4615 ἑαυτοῖς
512 4550 731 4619 θέμενοι
752 4546 851 4618 τὴν
892 4542 1108 4616 βουλὴν,
1155 4539 1238 4593 ἔτι
1287 4537 1420 4591 κατ’
1466 4536 1639 4606 ἀρχὰς
1705 4532 1869 4605 οΰσης

249 4645 365 4714 τῆς
412 4643 630 4707 νυκτὸς,
696 4639 793 4693 τοῦ
855 4636 1102 4691 ποικίλου
1155 4632 1249 4685 καὶ⁵
1286 4626 1601 4692 πολυειδοῦς
1656 4626 1866 4680 ἐκείνου
1902 4606 1946 4661 D

252 4734 588 4805 ἁπήρξαντο
623 4732 1036 4805 μηχανήματος.
1107 4720 1507 4791 Ἐξάψαντες⁶θ
1557 4720 1669 4788 γὰρ
1733 4734 1869 4771 παν-

250 4828 437 4899 ταχοῦ
472 4828 646 4895 ςῶτα,
670 4826 765 4879 καὶ
827 4819 1227 4891 πάσαςναύτῶν
1267 4818 1368 4881 τὰς
1413 4814 1547 4885 νῆας
1598 4810 1739 4867 κατὰ
1776 4809 1869 4865 δύο

251 4920 631 4987 συζεύξαντες
659 4919 856 4987 ἑτέραν
891 4915 991 4985 τῆς
1020 4914 1214 4983 ἑτέρας
1253 4909 1545 4979 ἐχομένην,
1608 4905 1702 4960 καί
1756 4920 1868 4958 τισι

250 5011 458 5072 κάλοις
496 5007 776 5079 στιϐαροῖς
806 5007 902 5059 καὶ
938 5004 1186 5073 σιδηραῖς
1216 5000 1443 5055 ἁλύσεσι
1472 4997 1570 5060 τὰς
1593 4995 1870 5066 ἑκατέρων

250 5105 512 5172 πλευρὰς
537 5100 933 5173 συσφίγξαντες
964 5100 1100 5170 πρὸς
1162 5097 1224 5150 τὸ
1274 5096 1349 5166 μὴ
1401 5093 1597 5166 ῥᾳδίως
1637 5092 1872 5161 ἀφίστα-

248 5197 419 5263 σθαι,
449 5195 777 5250 ἀνείλκυσαν
807 5193 899 5248 διὰ
938 5193 1046 5247 τῶν
1075 5189 1221 5244 κατά
1252 5187 1482 5260 πρῶραν
1525 5184 1869 5258 ἀπῃωρημέ-

244 5310 373 5346 νων
406 5290 675 5360 ἐξαρτίων
697 5289 743 5320 ⁸³
791 5289 861 5342 τά
905 5287 995 5342 διά
1021 5287 1190 5358 μέσου
1239 5279 1660 5355 προδεδλημένα
1712 5275 1865 5343 ξύλα,

240 5381 286 5434 ἃ.
322 5384 450 5445 τοῖς
487 5378 932 5449 ναυτιλλομένοις
993 5377 1265 5447 κατάρτια
1304 5373 1490 5429 καλεῖν
1536 5371 1681 5435 ἔθος.
1732 5366 1868 5423 Εῑτα

239 5473 396 5537 τοὺς
424 5473 533 5527 τῶν
564 5471 844 5542 ἑκατέρων
870 5470 1015 5543 νηῶν
1034 5470 1271 5540 αύγένας
1295 5470 1352 5523 ἐν
1390 5466 1603 5529 τούτοις
1645 5464 1734 5518 διὰ
1759 5463 1868 5517 τῶν

1971 3344 2204 3401 navibus
2243 3354 2491 3407 curaque
2542 3339 2714 3393 animi
2769 3353 3069 3410 parumper
3123 3339 3362 3395 remissa
3403 3341 3564 3395 moli-

1971 3434 2139 3489 tionis
2175 3446 2312 3501 opus
2346 3431 2591 3502 aggressi
2626 3438 2795 3496 sunt,
2845 3430 3008 3500 cujus
3044 3431 3147 3487 sibi
3195 3430 3301 3500 ipsi
3340 3432 3561 3488 solertia

1970 3540 2069 3579 sua
2106 3523 2428 3593 ingeniique
2485 3523 2810 3578 dexteritate
2849 3522 3564 3593 inventorcs‘auctoresque

1970 3618 2314 3672 exstiterant.
2352 3616 2513 3686 532
2569 3617 2778 3686 Nempe
2834 3615 2940 3670 hoc
2990 3616 3102 3672 illis
3153 3616 3470 3681 consilium,
3516 3617 3565 3673 is

1971 3724 2192 3779 scapus,
2227 3718 2286 3762 ut
2320 3709 2757 3778 experimentum
2789 3708 3063 3777 ejusmodi
3120 3708 3389 3776 facerent,
3425 3716 3485 3764 ut
3513 3710 3564 3764 si

1970 3813 2036 3855 eo
2078 3801 2382 3871 expugnari
2447 3800 2727 3855 civitatem
2782 3804 3155 3872 contingeret,
3213 3803 3351 3857 bene
3392 3809 3563 3865 esset,

1970 3894 2117 3963 quod
2168 3893 2377 3947 nullum
2424 3892 2575 3947 aliud
2614 3893 2681 3947 ad
2722 3893 3062 3949 obsidendas
3092 3894 3260 3948 urbes
3302 3894 3566 3949 conduci-

1970 3985 2140 4041 bilius
2197 3983 2478 4039 videretur
2525 3993 2622 4037 aut
2671 3984 2930 4048 validius,
2965 3992 3022 4038 et
3064 3984 3413 4053 potissimum
3437 3999 3563 4039 cum

1970 4094 2037 4133 ex
2084 4076 2245 4147 aquis
2284 4091 2465 4145 pugna
2515 4077 2853 4139 conseritur,
2905 4092 3009 4131 nec
3051 4076 3342 4145 interjecta
3385 4079 3566 4132 couti-

1972 4186 2113 4226 nens
2147 4170 2450 4224 molitionis
2480 4174 2638 4238 ;opus
2684 4169 3081 4239 interrumpit:
3131 4169 3218 4224 sin
3272 4183 3400 4239 vero
3438 4184 3562 4224 cum

1973 4263 2118 4325 aliis,
2166 4278 2287 4331 qua:
2333 4271 2495 4315 antea
2539 4261 2643 4330 ipsi
2692 4261 2866 4317 moliti
2916 4270 3126 4322 essent.
3188 4261 3303 4315 hanc
3344 4276 3566 4331 quoque

1973 4354 2042 4409 iis
2064 4369 2230 4424 opera
2259 4368 2418 4409 cassa
2456 4354 2617 4417 foret,
2650 4368 2745 4408 eos
2774 4353 2868 4423 qui
2898 4352 2966 4407 ad
2994 4369 3109 4406 rem
3138 4352 3565 4423 aggrediendam

1976 4457 2400 4514 provocassem.
2451 4455 2505 4499 et
2548 4456 2607 4500 ut
2665 4455 2817 4499 tanta
2853 4445 3130 4515 navigatio
3185 4444 3566 4513 susciperetur

1975 4542 2104 4593 fuco
2151 4539 2232 4594 eis
2283 4546 2544 4593 auctores
2596 4538 2962 4605 exstitissent,
3008 4538 3155 4592 lerro
3200 4538 3565 4601 trucidarent,

1976 4639 2207 4695 tumque
2248 4632 2315 4685 ad
2355 4631 2574 4700 propria
2609 4631 2874 4687 redirent.
2921 4629 3035 4685 lloc
3077 4631 3250 4701 igitur
3290 4630 3435 4684 inter
3468 4644 3566 4683 eos

1977 4724 2280 4779 deliberata
2312 4724 2543 4783 consilio
2580 4725 2699 4793 ipso
2733 4724 2913 4779 noctis
2946 4724 3144 4779 obortu
3181 4722 3398 4777 varium
3433 4719 3568 4776 illud

1975 4824 2031 4872 et
2080 4813 2418 4871 multiforme
2471 4815 2975 4870 machinamentum
3028 4815 3208 4870 adorti
3250 4822 3402 4870 sunt.
3454 4813 3566 4869 Ac-

1976 4909 2160 4965 censis
2202 4909 2349 4964 enim
2395 4906 2601 4979 ubique
2661 4907 3006 4970 luminibus.
3063 4907 3394 4976 cunctisque
3430 4920 3569 4976 quas

1977 5000 2358 5057 conduxerant
2398 5001 2631 5056 navibus
2668 5000 2815 5056 binis
2843 5000 3177 5073 conjugatis,
3220 5007 3274 5063 et
3307 5006 3369 5053 ut
3396 4998 3566 5054 altera

1978 5093 2136 5149 alteri
2192 5093 2613 5157 cohaerescerct,
2661 5094 2963 5162 densisque
3000 5090 3326 5147 retinaculis
3363 5098 3418 5144 et
3467 5105 3566 5143 ca-

1978 5184 2121 5239 tenis
2174 5182 2371 5238 l‘erreis
2405 5198 2594 5239 earum
2647 5185 2820 5239 latera
2856 5183 3204 5252 colligantes,
3248 5195 3317 5235 ne
3362 5194 3392 5232 a
3442 5194 3567 5234 sese

1975 5274 2137 5331 facile
2165 5275 2580 5337 divellerentur,
2635 5290 2733 5345 per
2772 5274 2949 5330 malos
2994 5272 3047 5328 in
3091 5288 3252 5343 prora
3286 5286 3564 5342 appensos

1972 5368 2119 5440 ligna
2151 5368 2204 5423 in
2239 5368 2417 5424 medio
2447 5369 2767 5429 eminentia.
2812 5382 2935 5438 qua
2975 5367 3138 5435 vulgo
3173 5365 3356 5421 nautis
3381 5373 3564 5421 catar-

1974 5461 2053 5515 ria
2090 5460 2261 5526 dicta,
2304 5475 2523 5517 sursum
2556 5467 2796 5515 traxere.
2847 5458 2989 5515 Tum
3023 5459 3308 5514 ambarum
3341 5456 3563 5513 navium

1560 5576 1792 5634 VARIJE
1844 5576 1971 5631 ι,Εο
1983 5576 2255 5634 TIONES.

829 5682 870 5711 "
899 5678 980 5731 ἔτι
1006 5694 1116 5732 οιιι.
1145 5674 1205 5729 Ρ.
1310 5675 1354 5708 ⁸⁸
1386 5691 1441 5727 τε
1466 5690 1574 5727 υιιι.
1600 5671 1657 5726 Ρ.

333 5678 386 5710 ⁸⁸
402 5680 505 5745 τῆς
535 5680 724 5735 οιιι.Ρ.
829 5682 870 5711 ⁵⁷
899 5678 980 5731 ἔτι
1006 5694 1116 5732 οιιι.
1145 5678 1205 5729 P.
1310 5678 1338 5708 ⁸¹

349 5748 667 5821 ὑφάψαντες
699 5746 761 5805 Α.
843 5747 1186 5821 ⁹³ὶξαρτύων
1232 5746 1338 5801 ΑΡ.

252 5736 309 5777 δ’
349 5736 667 5821 frgi-iuvre;
699 5746 761 5805 Α.

1762 5673 1802 5704 θ’
1838 5672 2024 5741 αὐτῆς.
2063 5671 2120 5724 ι».

2222 5672 2268 5701 ⁶θ
2299 5671 2469 5741 ἔχειεν
2504 5670 2568 5735 Ρ,
2612 5668 2785 5739 ἔχοιεν
2819 5670 2883 5725 Α·
2963 5669 3004 5701 ⁶¹
3048 5665 3256 5739 αὐτοῖς]
3292 5664 3462 5736 αὐτὴν
3492 5664 3559 5716 A'
