3962 6204
278 263 356 329 581
1361 267 1457 327 DE
1498 268 1813 330 EXCIDIO
1853 267 2457 330 THESSALONICiﬁ.

3413 274 3521 340 58?.

269 374 658 446 συνελήφθησαν
718 375 775 429 δὲ
821 375 1023 446 μᾶλλον
1069 376 1325 448 καθάπερ
1359 378 1821 451 ἀνεπισκόπηταε

1930 390 2040 441 non
2071 377 2529 433 obstrinxcrunt?
2580 376 2869 445 Quomodo
2906 394 3015 434 non
3046 379 3266 439 virtutis
3296 388 3523 454 prtemio

267 469 508 540 πρόϐατα,
562 471 766 533 πάντες
804 471 904 540 τῆς
971 470 1250 541 μαχαίρας
1282 472 1573 539 γεγονότες
1624 473 1722 527 καὶ
1753 474 1832 545 τῷ

264 563 424 633 κλήρῳ
470 562 581 616 τῶν
612 561 956 633 ἁμαρτωλῶν
1000 566 1100 633 τῆς
1133 563 1353 633 σφαγῆς
1374 564 1829 636 κοινωνήσαντες.

266 656 385 725 Πλὴν
412 654 656 725 ἡγοῦμαι
683 656 764 715 ὅτι
794 656 1003 709 τούτων
1039 656 1137 726 μὲν
1171 659 1199 709 ὁ
1222 656 1473 720 Θάνατος,
1503 656 1579 721 ὥς
1610 674 1777 728 φησιν
1801 659 1832 712 ὁ

259 749 467 820 ψαλμὺς,
498 750 679 820 τίμιος
703 750 930 817 γέγονεν
972 750 1218 807 ἐναντίον
1247 751 1481 821 Κυρίου,
1526 752 1629 804 κάν
1655 752 1831 823 τούτῳ

260 842 335 895 τοῦ
362 841 528 910 σοφοῦ
567 844 696 905 τοὺς
746 842 986 906 οἰκείους
1037 842 1259 906 δούλους
1302 843 1323 873 ³
1352 844 1712 915 τιμήσαντος,
1745 846 1832 900 ἵνα

263 933 379 1005 μετά
412 937 511 1005 τῆς
558 932 758 1004 λοιπῆς
803 936 1009 1006 ἀρετῆς
1058 935 1152 994 καί
1184 934 1247 987 τὸ
1302 935 1455 999 τέλος
1494 938 1831 1009 μαρτυρικὸν

256 1027 672 1095 ἀπενέγκωνται,
713 1028 788 1089 ὡς
848 1027 915 1082 ἂν
974 1026 1463 1097 ἐπιδαψιλεύσηται
1495 1026 1709 1090 τούτοις
1756 1027 1830 1082 τὰ

253 1121 338 1193 τῆς
356 1120 631 1189 ὑπομονῆς
655 1127 792 1188 γερα
820 1119 915 1171 καὶ
941 1119 1048 1170 τῶν
1067 1119 1327 1190 ἀρρήτων
1356 1117 1581 1171 ἐκείνων
1606 1116 1829 1185 ἀγαθῶν

253 1211 338 1280 τὴν
365 1208 633 1273 ἀντίδοσιν
657 1225 672 1241 ο
728 1207 887 1277 ἡμῶν
913 1208 969 1261 δὲ
1000 1208 1022 1239 ⁵
1055 1208 1115 1261 τὸ
1170 1208 1374 1279 πλῆθος
1412 1206 1828 1278 ¹ιτᾳ.ριιίττιὶ›σει.ι›ν

248 1307 303 1359 οὐ
334 1306 491 1377 μόνον
528 1306 628 1368 τὰς
675 1304 883 1358 τούτων
930 1306 1227 1373 ἐντεύξεις,
1268 1304 1408 1359 ἀλλά
1442 1306 1536 1359 καὶ
1568 1305 1667 1368 τὰς
1717 1303 1829 1363 τῶν

248 1396 533 1473 μαρτύρων
566 1395 865 1467 πρεσὸείας
920 1396 1234 1460 ἀσυντελείς
1283 1395 1561 1467 δειχθῆναι
1598 1396 1829 1466 πεποίη-

246 1506 351 1549 κεν,
375 1488 442 1542 ἵν’
475 1487 633 1559 ἡμῶν
659 1488 945 1543 παθόντων
968 1490 1109 1560 ὅπερ
1138 1489 1240 1561 ήδη
1269 1489 1641 1559 πεπόνθαμεν,
1661 1489 1825 1558 ἔχωσι

243 1582 435 1659 γνῶναι
459 1583 659 1645 πάντες
676 1583 724 1635 οἱ
746 1582 856 1636 τῶν
886 1581 1049 1636 θείων
1079 1583 1499 1654 καταφρονηταὶ
1526 1581 1826 1648 διατάξεων

239 1680 309 1741 ὡς
334 1677 502 1750 κακίᾳ
528 1676 990 1743 πλεονεκτοῦντας
1012 1676 1166 1737 οὐδὲν
1200 1676 1399 1740 αὐτοὺς
1427 1677 1529 1746 τῆς
1558 1678 1825 1730 Δεσποτι-

1932 471 2219 527 consecuti
2254 478 2315 525 ut
2369 489 2400 525 ιι
2451 471 2698 541 periculo
2745 472 3161 530 liberarentur?
3212 477 3307 532 sed
3352 481 3526 552 magis

1931 561 2083 616 velut
2126 576 2259 615 oves
2315 561 2527 631 absque
2598 573 2820 631 pastore
2878 566 3270 635 comprehensi
3334 584 3526 626 omnes

1928 652 2080 708 ferro
2121 653 2360 723 jugulati
2404 662 2558 719 sunt,
2616 655 2851 725 parique
2881 671 3005 710 cum
3062 659 3351 714 sceleratis
3392 678 3527 718 nece

1930 743 2308 803 interierunt?
2362 744 2659 801 Enimvero
2694 746 2892 801 borum
2935 757 3167 805 mortem
3225 753 3522 821 pretiosam

1929 837 2076 908 apud
2125 837 2442 903 Dominum,
2488 846 2548 893 ut
2592 839 2846 898 Psalmus
2904 844 3149 913 loquitur
3196 857 3241 910 ε,
3286 849 3526 905 arbitror

1928 930 2237 994 exstitisse,
2272 945 2394 985 cum
2438 931 2541 986 hoc
2576 947 2799 1002 quoque
2848 933 2942 988 Dei
2997 937 3268 1006 sapientia
3322 942 3524 998 charos

1930 1036 2065 1076 suos
2091 1036 2156 1075 ac
2186 1020 2428 1077 famulos
2483 1022 2863 1089 bonoraverit,
2896 1032 2956 1078 ut
2993 1040 3115 1079 cum
3150 1029 3379 1099 reliquis
3414 1033 3525 1086 vir-

1929 1112 2142 1168 tutibus
2168 1115 2419 1185 martyrii
2450 1129 2672 1185 quoque
2710 1115 2898 1172 laurea
2937 1117 3265 1184 clarescant,
3298 1125 3522 1192 patien-

1928 1207 2019 1261 tiae
2052 1221 2280 1271 munera
2334 1206 2416 1263 eis
2456 1209 2795 1264 cumulatius
2838 1225 3137 1281 reponens,
3162 1229 3525 1271 arcanorum-

1930 1311 2040 1366 que
2104 1296 2379 1352 bonorum
2420 1300 2649 1369 praemia
2700 1300 2941 1371 largiens
2974 1314 3332 1362 :nostrorum
3390 1324 3522 1365 vero

1928 1389 2201 1447 scelerum
2264 1390 2672 1447 multitudinem
2708 1408 2817 1448 non
2852 1394 3030 1449 solum
3070 1396 3267 1452 borum
3304 1414 3519 1469 preces,

1928 1479 2024 1535 sed
2055 1488 2111 1535 et
2141 1489 2445 1553 martyrum
2476 1483 2910 1542 intercessiones
2931 1488 3158 1544 inutiles
3189 1489 3517 1557 reddidisse,

1918 1581 1989 1647 ut
2023 1590 2088 1639 ex
2141 1573 2210 1627 iis
2239 1575 2443 1643 quibus
2483 1574 2597 1644 jam
2652 1579 2976 1648 recentique
3020 1580 3271 1649 exemplo
3327 1597 3519 1637 sumus

1928 1666 2143 1735 accepti
2181 1667 2362 1733 malis,
2416 1668 2725 1739 intelligere
2756 1669 2914 1742 543
2950 1682 3177 1741 possent
3209 1687 3405 1728 omnes
3442 1675 3520 1727 di-

242 1769 335 1837 κῆς
365 1768 600 1835 ἀπειλῆς
653 1769 760 1820 τῶν
805 1766 1097 1840 σωτηρίων
1137 1767 1505 1841 βοηθημάτων
1529 1768 1821 1840 ἐξαιρήσα-

1926 1758 2179 1817 vinarum
2230 1759 2406 1831 legum
2469 1770 2905 1832 contemptores,
2965 1779 3091 1818 cum
3142 1764 3407 1836 majorem
3460 1767 3515 1821 in

238 1870 357 1920 σθαι
380 1864 767 1937 δυνηθήσεται.

302 2131 403 2186 λα’.
450 2130 542 2194 Ὠς
573 2129 683 2201 γὰρ
711 2130 857 2184 κατά
896 2130 1079 2184 πᾶσαν
1102 2128 1436 2194 εἰσελθόντες
1468 2127 1822 2200 διεμερίσθη-

225 2242 327 2279 σαν
352 2224 451 2295 τήν
485 2224 644 2283 πόλιν
667 2225 716 2277 οἱ
754 2223 1054 2295 Μρὸαροι,
1086 2224 1248 2287 εὐθὺς
1298 2225 1449 2277 πᾶσα
1495 2218 1688 2293 ἧλικία
1718 2223 1816 2276 καὶ

223 2321 332 2373 πᾶν
352 2318 513 2387 γένος
538 2316 846 2387 ἀνθρώπων
878 2316 971 2370 ὑπ’
1009 2315 1192 2370 αὐτῶν
1221 2316 1483 2387 ἀνῄρητο.
1547 2314 1682 2369 Οὐδὲ
1710 2316 1820 2384 γὰρ

220 2402 290 2477 ἦν
316 2402 499 2467 οἶκτος
531 2404 717 2468 αὐτοῖς
758 2405 935 2469 οὐδεὶς
965 2406 1138 2460 πάλαι
1169 2406 1560 2478 προμεμηνόσι
1595 2408 1689 2460 καὶ
1720 2404 1820 2478 τὴν

221 2500 345 2552 καθ’
378 2499 542 2570 ήμῶν
575 2497 808 2569 διψῶσιν
854 2498 1157 2564 ἀπώλειαν,
1208 2498 1346 2553 ἀλλά
1397 2499 1491 2553 καὶ
1518 2498 1699 2570 γέρων
1725 2499 1820 2552 καὶ

214 2590 494 2662 ἀκμᾶξων
526 2590 609 2653 ἔτι
650 2590 746 2647 καὶ
805 2588 1093 2654 νεανίσκος
1153 2589 1251 2644 καὶ
1300 2590 1409 2652 πᾶς
1438 2590 1467 2643 ὁ
1498 2587 1819 2661 προστυχὼν

214 2683 386 2754 ἔργον
435 2682 551 2743 τοῖς
589 2679 898 2750 μιαιφόνοις
944 2673 1035 2751 ἦν,
1088 2679 1213 2734 οὐδὲ
1240 2681 1462 2752 καιρίας
1491 2680 1612 2734 κατ’
1640 2678 1818 2732 αὐτῶν

211 2775 435 2843 ἀφιεῖσι
491 2771 731 2843 πληγὰς,
786 2772 904 2828 ἀλλ’
955 2772 1031 2836 ὡς
1079 2772 1146 2827 ἂν
1209 2774 1407 2837 αὐτοὺς
1460 2772 1817 2844 ἐνδιατρίϐειν

210 2866 427 2921 antibat
457 2867 573 2929 τοῖς
611 2863 907 2933 ἀλγεινοῖς,
941 2866 1011 2919 τὰ
1048 2865 1187 2935 πρὸς
1210 2865 1304 2920 τὸν
1339 2866 1510 2922 νῶτον
1541 2867 1683 2937 μέρη
1724 2866 1818 2920 καὶ

204 2960 345 3022 τοὺς
398 2958 611 3030 μηροὺς
665 2957 1108 3028 κατατέμνοντες
1165 2958 1451 3030 σχολάζειν
1500 2958 1697 3023 αὐτοὺς
1743 2961 1813 3030 τῇ

202 3049 505 3105 τελειώσει
529 3049 952 3122 παρεὸιὰζοντοη.
982 3050 1092 3111 Καὶ
1114 3050 1225 3103 οὐδ’
1253 3049 1429 3113 οὕτως
1455 3053 1484 3105 ὁ
1508 3051 1816 3123 πολιορκῶν

201 3144 427 3205 αὐτοὺς
485 3142 858 3211 ἐνεπίμπλατο
913 3140 1108 3213 θυμὸς,
1144 3141 1260 3195 ἀλλ’
1301 3143 1382 3195 ὅτι
1448 3143 1525 3214 μὴ
1554 3144 1817 3208 πολλάκις

198 3234 481 3295 δύνανται
507 3232 765 3302 θνήσκειν
789 3232 1035 3303 μανικῶς
1054 3231 1406 3304 ἐδυσφόρουν.
1439 3233 1557 3287 Ἵνα
1577 3234 1686 3305 γὰρ
1715 3235 1817 3306 τὴν

198 3324 468 3397 θηριώδη
524 3328 619 3380 καὶ
654 3326 972 3396 ἁδᾶμαστον
1006 3326 1225 3397 ἐκείνην
1267 3326 1447 3395 δρεξιν
1486 3328 1816 3399 ὲμφορήσω-

199 3439 320 3487 σιν,
349 3421 482 3475 οὐδὲ
514 3418 795 3488 γυναικῶν
823 3418 1116 3487 ἐφείσαντο
1155 3418 1277 3472 κατ’
1306 3418 1481 3488 ἀρχὰς
1504 3418 1598 3472 τοῦ
1636 3417 1817 3481 κινδύ-

195 3530 329 3579 νου,
385 3512 518 3566 οὐδὲ
571 3510 779 3565 παίδων
831 3512 1033 3576 αὐτῶν,
1060 3503 1134 3572 ὧν
1164 3511 1223 3573 τὸ
1256 3511 1356 3581 τῆς
1385 3510 1603 3582 ἡλικίας
1633 3511 1815 3581 ἄωρον

196 3606 375 3674 ἄγειν
408 3603 661 3675 βιάζεται
691 3604 958 3667 πολλάκις
1016 3604 1111 3658 καὶ
1161 3603 1345 3673 θηρῶν
1389 3602 1705 3674 ,ὀφθαλμοὺς
1736 3606 1816 3669 είς

200 3698 613 3768 σσδμπάθδιαν·
674 3696 757 3768 [Ρ.
793 3694 920 3768 551]
972 3695 1088 3749 ἀλλ’
1132 3691 1201 3767 ἦν
1248 3696 1335 3749 ἐπ’
1364 3696 1486 3766 ῖσης
1545 3696 1812 3770 ἄπασινή

200 3791 387 3860 τομὴ,
429 3789 686 3859 καθάπερ
711 3790 769 3841 ὲν
796 3787 1087 3865 χλοηφόριρ
1126 3786 1316 3854 πεδίῳ,
1351 3789 1459 3841 πᾶν
1487 3787 1549 3842 τὸ
1569 3805 1819 3858 παρατυ-

204 3882 308 3951 [eo
338 3879 730 3952 ἐκθερίζουσα,
759 3879 835 3942 ὡς
870 3880 929 3935 ὲν
956 3878 1190 3950 βραχείᾳ
1230 3879 1423 3950 καιροῦ
1457 3882 1598 3950 ῥοπῇ
1634 3881 1817 3934 ἄοικον

208 3969 623 4041 ἀποδειχθῆναι
655 3970 755 4039 τὴν
781 3969 937 4023 πόλιν
958 3968 1058 4039 τὴν
1083 3969 1189 4039 πρὸ
1218 3967 1419 4039 μικροῦ
1448 3985 1817 4041 στενοχωρουε-

216 4062 399 4133 μένην
445 4064 689 4124 καὶτοῖς
734 4061 968 4131 πλήθεσι
1015 4060 1330 4131 βρίθουσαν.
1370 4059 1521 4113 Kueh
1542 4060 1652 4131 γὰρ
1677 4062 1818 4139 φθά-

217 4168 422 4217 σαντες
476 4155 725 4224 εἴπομεν,
762 4154 825 4207 τὸ
856 4152 957 4223 μὲν
1006 4152 1102 4208 τοῦ
1145 4153 1323 4225 δήμου
1373 4153 1473 4215 τὰς
1507 4154 1821 4225 ἀκρωρείας

218 4246 548 4317 κατειλήφει
576 4245 722 4300 κατά
745 4243 844 4315 τὴν
882 4224 1227 4314 καλουμένήν
1259 4243 1559 4315 ἀκρόπολιν
1588 4224 1819 4297 συνελα-

219 4334 343 4405 θὶν,
374 4338 411 4408 ἢ
434 4339 533 4410 τὴν
558 4337 869 4409 περιοικίδα
903 4336 997 4397 τοῦ
1028 4336 1178 4391 ὁσίου
1212 4337 1378 4391 Δαὸὶδ
1411 4338 1820 4409 ὀνομαζομένην

218 4426 538 4501 (τοῦτοσγάρ
558 4430 761 4500 μᾶλλον
783 4430 885 4499 τῆς
904 4429 1102 4497 λοιπῆς
1123 4429 1525 4500 ὑπερανέχουσι
1544 4430 1565 4461 ⁸
1586 4431 1817 4497 πόλεως,
1853 4470 1898 4529 D

221 4520 359 4578 ἔνθα
387 4523 454 4595 δὴ
500 4526 600 4589 καὶ
629 4522 837 4593 πλῆθος
884 4518 956 4601 ἦν
981 4521 1237 4593 μοναχῶν
1290 4522 1562 4593 ὲναρέτων
1600 4522 1820 4576 πάντων

224 4616 327 4669 καὶ
357 4619 459 4687 τῆς
481 4616 734 4688 οὐρανίου
762 4614 1038 4677 πολιτείας
1064 4613 1434 4684 ἠξιωμένων),
1482 4614 1543 4667 τὸ
1566 4614 1622 4668 δὲ
1657 4615 1821 4668 πάλιν

223 4707 349 4770 ul;
368 4707 491 4761 δυσὶ
526 4706 728 4769 πύλαις
762 4703 1082 4776 προσερρύη
1109 4706 1229 4768 ταῖς
1254 4704 1392 4775 πρὸς
1423 4703 1575 4757 δύσιν
1603 4706 1822 4785 ἀφορῶ-

228 4811 355 4863 σαις
384 4800 482 4868 τῆς
510 4799 739 4863 πόλεως,
772 4797 901 4869 μίαν
933 4795 1169 4867 ἐχόντων
1196 4795 1414 4848 πάντων
1450 4795 1706 4867 σπουδὴν,
1725 4795 1819 4860 τοῦ

228 4886 421 4956 ξίφους
447 4891 764 4961 διεκφυγεῑν
797 4890 897 4959 τὴν
923 4889 1117 4958 τομήν.
1174 4885 1321 4963 Ἀλλ’.
1346 4887 1498 4942 οὐδὲν
1521 4889 1681 4942 πλέον
1708 4888 1819 4944 τῶν

229 4978 408 5035 ἄλλων
458 4982 698 5053 διήνυον,
746 4981 855 5033 τῶν
919 4979 1104 5033 πυλῶν
1164 4979 1321 5043 ἐκτὸς
1368 4980 1477 5033 τῶν
1513 4980 1817 5052 Βαρϐάρων

226 5074 653 5146 ἔφιδρευὸντων,
686 5078 782 5129 καὶ
805 5074 929 5145 μηδ’
947 5073 1124 5138 ἄλλως
1146 5074 1362 5145 ἔχοντες
1382 5075 1623 5147 εὐχερῶς
1646 5077 1818 5148 ὑπερ·

228 5163 414 5233 sim“
446 5169 523 5239 τῷ
578 5166 908 5237 συνωθισμῷ
965 5165 1248 5230 πιέζοντες
1304 5166 1568 5239 ἀλλήλους
1596 5166 1692 5221 καὶ
1719 5169 1818 5237 τὴν

230 5253 464 5323 διέξοδον
485 5260 950 5330 ἁποφράττοντες.

304 5357 380 5421 μ’.
408 5348 533 5413 υἱον
558 5353 668 5423 γὰρ
700 5350 945 5418 ἐγεγόνει
969 5351 1138 5413 xstva
1180 5352 1320 5416 κατά
1350 5351 1448 5429 τὴν
1477 5350 1819 5429 καλουμένην

293 5526 319 5557 ⁸
359 5511 509 5571 Psal.
536 5531 661 5584 ων,
688 5516 775 5573 15.-

1926 1850 2151 1905 rnodum
2189 1853 2451 1923 nequitia:
2482 1854 2769 1924 indulgent
2791 1871 2962 1925 seque
2999 1858 3137 1912 vitio
3170 1860 3512 1927 mancipant,

1923 1943 2075 1998 nullo
2106 1960 2165 2000 se
2196 1945 2265 2000 ab
2286 1945 2368 1999 ira
2398 1944 2684 2001 Domiuiea
2703 1946 2965 2018 justaquc
2990 1949 3195 2005 ultione
3226 1950 3514 2006 liberatum

1924 2034 1993 2093 iri
2023 2036 2251 2092 salutari
2279 2038 2552 2094 subsidio.

1993 2127 2083 2189 59.
2130 2126 2203 2183 Ut
2244 2129 2432 2199 itaque
2478 2129 2711 2201 ingressi
2773 2146 2871 2201 per
2924 2132 3112 2187 omnia
3168 2133 3330 2189 urbis
3393 2134 3512 2193 loca

1921 2220 2158 2291 dispersi
2196 2231 2326 2279 sunt
2355 2221 2610 2288 Barbari,
2651 2226 2832 2278 omnis
2861 2232 2995 2279 aetas
3024 2240 3299 2296 omneque
3330 2225 3509 2280 bomi-

1920 2326 2055 2371 num
2110 2326 2287 2381 genus
2338 2313 2409 2377 ab
2449 2315 2532 2369 eis
2587 2314 2882 2370 confestim
2952 2317 3287 2375 trucidatur.
3326 2318 3513 2388 Neque

1920 2403 2067 2457 enim
2098 2404 2207 2461 ulla
2234 2405 2317 2463 eis
2338 2406 2621 2462 miseratio
2644 2417 2784 2473 erat,
2812 2409 2903 2478 qui
2938 2409 3147 2478 pridem
3175 2411 3329 2468 rabie
3351 2426 3511 2467 exar-

1921 2495 2133 2551 sissent
2165 2505 2525 2569 nostramque
2558 2498 2996 2556 internecionem
3036 2502 3254 2558 sitirent
3288 2520 3302 2558 :
3337 2504 3433 2559 sed
3456 2514 3511 2559 ct

1921 2602 2085 2651 senex
2105 2599 2160 2643 et
2180 2588 2401 2652 ﬂorenti
2431 2591 2611 2646 adhuc
2627 2599 2787 2649 atate
2809 2602 2976 2663 atque
2994 2594 3238 2663 juvenis,
3257 2596 3511 2667 quisquis

1913 2674 2159 2749 denique
2214 2680 2574 2745 occurrisset,
2615 2682 2800 2752 gladio
2850 2684 3174 2739 necabatur.
3213 2684 3326 2741 Nec
3378 2702 3510 2741 vero

1920 2769 2068 2823 letali
2105 2772 2291 2829 statim
2326 2772 2555 2836 vulnere
2579 2770 2877 2837 feriebant,
2910 2775 3006 2830 sed
3061 2781 3121 2829 ut
3160 2773 3375 2829 diutius
3405 2776 3509 2831 do-

1919 2859 2132 2916 loribus
2162 2864 2566 2929 excruciarent,
2607 2879 2730 2934 qua
2762 2865 2912 2923 circa
2968 2866 3193 2921 dorsum
3229 2881 3510 2938 coxasque

1919 2963 2052 3009 sunt
2085 2954 2469 3020 concidentes,
2510 2956 2666 3019 tarda
2698 2972 2793 3013 eos
2840 2973 2980 3013 nece
3007 2958 3396 3015 conﬁciebant.
3429 2961 3511 3014 Ac

1920 3061 1989 3100 ne
2022 3046 2101 3106 sic
2131 3046 2354 3117 quidem
2385 3048 2766 3107 exsatiabatur
2794 3065 2889 3104 eos
2917 3050 3177 3106 obsidens
3210 3051 3387 3116 furor,
3411 3052 3505 3105 sed

1918 3138 2067 3208 quod
2101 3155 2210 3193 non
2243 3139 2442 3208 saepius
2476 3141 2615 3194 mori
2649 3150 2928 3213 poterant,
2955 3142 3319 3198 immanitatis
3348 3144 3507 3198 rabie

1917 3232 2141 3303 gravius
2172 3232 2448 3288 dolebant.
2485 3233 2554 3288 Ut
2589 3234 2738 3288 enim
2775 3234 3073 3290 belluinam
3115 3234 3263 3289 illam
3309 3249 3375 3290 ac
3417 3235 3506 3289 in-

1917 3324 2181 3378 domitam
2214 3324 2498 3382 libidinem
2536 3325 2826 3392 satiarent,
2861 3341 2963 3381 nec
3015 3326 3343 3383 mulieribus
3373 3329 3502 3383 mali

1916 3415 2078 3474 initio
2108 3432 2287 3485 neque
2310 3417 2499 3486 pueris
2529 3416 2666 3490 ipsis
2704 3426 3093 3488 pepercerunt,
3119 3435 3361 3490 quorum
3400 3422 3507 3475 im-

1917 3516 2132 3571 matura
2163 3516 2297 3564 aetas
2336 3508 2480 3562 baud
2532 3524 2661 3563 raro
2690 3510 2857 3563 etiam
2895 3507 3134 3565 ferarum
3190 3512 3382 3567 oculos
3437 3513 3504 3565 ad

1918 3600 2330 3655 miserationem
2376 3602 2569 3670 cogit;
2620 3602 2716 3656 sed
2769 3603 2991 3656 cunctis
3030 3602 3263 3671 perinde
3297 3603 3506 3659 indicta

1918 3692 2129 3748 cxcisio
2158 3700 2301 3758 erat,
2339 3709 2462 3763 qua:
2492 3694 2638 3748 velut
2677 3694 2733 3748 in
2766 3702 2927 3763 prato
2957 3693 3318 3751 berbescente
3344 3697 3507 3767 quid-

1919 3784 2052 3853 quid
2077 3784 2299 3839 obvium
2329 3794 2475 3844 esset
2503 3784 2825 3840 demeterct.
2854 3784 3102 3854 Hincque
3137 3786 3275 3840 adeo
3300 3784 3503 3841 factum

1918 3884 2004 3931 est
2044 3883 2102 3929 ιιι
2144 3875 2293 3929 brevi
2322 3876 2590 3955 temporis
2640 3886 2920 3931 momento
2977 3877 3131 3939 urbs.
3167 3892 3293 3947 qua
3343 3878 3508 3947 paulo

1920 3974 2048 4023 ante
2088 3967 2181 4025 vix
2211 3982 2323 4024 non
2344 3975 2581 4038 angusta
2614 3967 3020 4023 habitatoribus
3057 3976 3178 4023 erat
3232 3984 3298 4024 ac
3350 3970 3509 4038 plebe

1920 4057 2262 4128 constipata,
2312 4058 2535 4117 deserta
2584 4058 2900 4121 vilesceret,
2944 4057 3012 4114 lit
3062 4061 3215 4113 enim
3251 4062 3508 4130 superius

1922 4152 2186 4215 diximus,
2220 4151 2409 4223 populi
2443 4166 2570 4221 pars
2602 4151 2826 4205 collium
2855 4151 3142 4206 cacumina
3173 4152 3243 4206 ad
3278 4168 3511 4222 acropo-

1923 4242 2018 4297 iim
2059 4241 2141 4299 sic
2164 4239 2376 4303 dictam
2412 4242 2475 4310 (i.
2496 4257 2549 4295 e.
2578 4241 2787 4312 arcem)
2815 4249 3204 4310 occupaverat,
3230 4238 3507 4313 aut'quam

1921 4336 2102 4397 sancti
2121 4334 2345 4395 Davidis
2362 4332 2528 4411 544
2543 4335 2794 4390 viciniam
2815 4344 3038 4392 vorant.
3056 4334 3189 4401 Quae
3215 4336 3365 4406 regio
3384 4336 3510 4390 reli-

1923 4442 2033 4500 qua
2053 4427 2188 4482 urbe
2204 4427 2400 4485 altiore
2423 4428 2532 4484 situ
2552 4426 2790 4496 eminet;
2813 4426 2905 4482 ubi
2920 4427 3087 4482 etiam
3109 4428 3506 4489 monachorum

1925 4520 2225 4577 multitudo
2263 4529 2406 4585 erat,
2440 4521 2540 4575 viri
2570 4535 2761 4576 omnes
2787 4521 2991 4580 virtute
3020 4521 3159 4576 clari
3187 4520 3512 4591 cmlestiquo

1923 4614 2179 4672 instituto
2197 4611 2343 4681 digni
2371 4612 2565 4667 habiti.
2588 4612 2724 4676 Pars
2748 4628 2881 4667 vero
2907 4628 3100 4669 rursus
3120 4612 3186 4668 ad
3211 4612 3349 4669 duas
3380 4618 3511 4684 por-

1924 4716 2031 4773 tas,
2068 4710 2134 4763 ad
2189 4707 2594 4763 occidentalem
2644 4707 2800 4763 urbis
2855 4707 3070 4777 plagam
3122 4708 3508 4779 respicientes,

1925 4800 2329 4863 conﬂuxerant,
2360 4800 2414 4853 in
2444 4799 2551 4854 hoc
2594 4815 2763 4854 unum
2798 4800 3016 4856 cunctis
3067 4815 3287 4872 cperam
3320 4801 3511 4857 conic-

1926 4890 2198 4955 rentibus,
2236 4898 2294 4943 ut
2319 4889 2486 4958 gladii
2530 4892 2695 4945 ictum
2729 4891 3053 4962 elfngerent.
3098 4892 3203 4948 Sed
3233 4893 3368 4947 nihil
3424 4893 3511 4950 bis

1925 4980 2125 5041 melius
2168 4982 2336 5036 cessit
2366 4997 2530 5051 quam
2562 4983 2709 5045 aliis.
2760 4985 3028 5055 cumjam
3070 4984 3296 5041 Barbari
3354 4994 3508 5043 extra

1924 5082 2115 5145 portas
2148 5073 2475 5140 insiderent,
2516 5090 2617 5130 nec
2648 5077 2854 5146 alioqui
2894 5076 3054 5133 facile
3100 5077 3181 5135 eis
3241 5087 3392 5135 esset
3450 5086 3513 5134 ut

1927 5163 2252 5229 transirent,
2289 5179 2415 5219 curn
2445 5165 2583 5223 alter
2610 5167 2845 5222 alterum
2871 5167 3142 5238 pulsando
3166 5167 3510 5237 comprime-

1925 5268 2050 5316 rent
2079 5258 2396 5327 exitumque
2431 5257 2804 5325 obstruerent,

2002 5350 2091 5410 40.
2125 5350 2407 5423 Quantum
2433 5350 2580 5406 enim
2607 5351 2837 5423 contigit
2860 5352 3065 5410 malum
3090 5352 3144 5407 in
3168 5364 3321 5427 porta
3344 5366 3509 5426 quam

1521 5635 1755 5690 VARIE
1799 5634 2212 5692 LECTIONES.

299 5731 324 5767 ³
362 5734 720 5796 ἀνεπίσκοπα
761 5734 825 5795 Α,
905 5732 1164 5795 ⁸δούὶονς
1213 5746 1323 5786 om.
1357 5729 1415 5793 P,
1493 5732 1514 5763 ⁸
1544 5731 1598 5784 δὲ
1628 5748 1739 5789 om.
1769 5730 1827 5788 Ρ.
1913 5734 1933 5765 ⁸
1958 5732 2285 5795 ὑπερανέγςι
2314 5729 2559 5789 εοιιιὶιθιῖ
