3962 6204
197 254 295 315 580

1287 257 1379 315 os
1414 257 1724 316 EXClDlO
1766 257 2381 316 TttESSALONtce.
3086 224 3115 336 λ
3339 255 3434 316 sat.

194 369 294 420 τῶν
324 365 550 418 ὸὸ-Ξντων
582 367 724 418 συῶν
748 366 903 438 δίκην
927 365 988 421 τὸ
1015 366 1244 440 μανικὸν
1267 369 1675 438 ἐνδεικνύμενοι
1695 368 1756 419 ³⁵.

1867 367 2311 434 tium._Cumque
2366 367 2420 422 in
2468 367 2649 420 locum
2705 365 3024 429 venissent,
3074 381 3171 423 eos
3206 370 3438 437 primum

203 457 535 528 Ἐφεστῶτες
567 457 663 511 οὖν
702 459 778 527 τῷ
811 459 963 529 τόπῳ
1010 459 1227 530 πρῶτον
1275 463 1403 525 τοὺς
1454 461 1573 530 μεθ’
1600 460 1760 530 ἡμῶν

191 548 632 620 ὑποστρέψαντας
661 549 767 603 ἀπὸ
793 551 891 620 τῆς
929 550 1038 608 τῶν
1069 551 1252 604 πυλῶν
1293 552 1600 622 κακούργου
1634 568 1762 620 συγ-

189 641 466 702 κλείσεως,
499 639 666 694 αὐτοῦ
712 658 812 694 που
863 642 1012 711 παρὰ
1047 641 1109 695 τὸ
1162 645 1341 714 τεῖχος
1391 643 1756 713 εἰλουμένους,

185 734 298 793 τοῖς
328 730 538 798 ξίφεσιν
563 731 793 792 ἐκείνοις
822 730 1248 800 διεχειρίσαντο-
1278 726 1358 795 οἷς
1388 733 1540 785 οὐδὲν
1561 729 1628 802 ἦν
1655 733 1760 804 πρὸ

186 819 375 872 τούτου
409 820 570 872 πλέον
598 820 894 892 μελετηθὲν
919 821 950 892 ἦ
983 825 1144 892 μόνον
1170 825 1235 893 τῇ
1263 823 1413 894 δεξιᾷ
1442 824 1531 877 τοῦ
1563 825 1758 894 δημίου

182 913 275 965 τὸν
323 913 524 982 αὐχένα
565 911 784 982 ὑπέχειν
834 912 925 968 καὶ
957 912 1095 986 πρὸς
1144 912 1242 983 τὴν
1272 916 1447 984 τομὴν
1485 915 1758 984 σχηματί-

185 1003 399 1068 ζεσθαι.
447 1005 555 1056 Καὶ
600 999 669 1076 ἦν
728 1003 854 1057 ἰδεῖν
897 1004 957 1056 τὸ
1009 1006 1382 1076 πραττόμενον
1440 1005 1784 1086 ἐκπλήξεωςέ

182 1100 372 1166 γέμον.
418 1099 477 1152 Εἰ
509 1097 615 1168 γὰρ
651 1097 728 1168 τῷ
758 1099 1001 1152 εύπειθεῖ
1040 1099 1134 1152 τοῦ
1173 1099 1363 1153 ἑαυτὸν
1391 1099 1436 1131 ³⁸
1471 1099 1758 1170 προδόντος

182 1192 280 1243 καὶ
311 1191 444 1259 προς
482 1191 575 1242 τὸν
627 1189 856 1245 θάνατον
894 1190 1277 1254 ὑποκλένοντος
1326 1192 1355 1243 ό
1395 1192 1590 1260 φονεὺς
1623 1208 1752 1244 κατ-

177 1282 369 1348 ενύγη,
401 1285 620 1353 καιρίαν
675 1284 822 1349 ἄγων
854 1286 1051 1338 θᾶττον
1082 1285 1244 1340 αὐτὸν
1288 1284 1398 1340 τῶν
1445 1284 1757 1354 ἀλγηδόνων

179 1376 552 1441 ἀπήλλαττεν·
593 1377 643 1428 εἰ
691 1375 748 1429 δὲ
788 1376 863 1448 μὴ
908 1377 1191 1446 ἐμαλάχθη
1243 1375 1341 1447 τὴν
1379 1375 1582 1447 λιθώδη
1617 1393 1754 1445 καρ-

177 1469 320 1528 δὲαν,
349 1467 465 1522 ἀλλ’
491 1467 682 1538 ἢθελεν
716 1469 988 1539 ὲντρυφᾷν
1017 1469 1119 1538 τῆς
1162 1469 1386 1539 μανίας,
1418 1468 1620 1538 μᾶλλον
1645 1472 1756 1535 τοῖς

175 1559 286 1611 τῶν
321 1557 407 1632 [Ρ.
443 1557 571 1630 555]
605 1559 847 1613 ἁλόντων
884 1559 1201 1629 ἀτυχήμασι
1229 1558 1320 1612 τὸν
1351 1557 1523 1629 θυμὸν
1552 1559 1753 1627 διεγεί-

177 1669 312 1722 ρων,
371 1650 599 1720 μεληδὸν
662 1650 925 1722 κατῄκιξε
978 1650 1040 1703 τὸ
1094 1650 1402 1721 προστυχὸν
1453 1651 1611 1721 σῶμα
1661 1653 1755 1705 καὶ

1867 456 2256 510 contrucidant
2280 457 2370 526 qui
2403 457 2475 510 ibi
2502 471 2670 527 prope
2697 472 2912 510 murum
2944 459 3220 512 convoluti
3254 474 3283 511 ο
3317 475 3442 528 por-

1869 548 1940 604 tis
1985 549 2228 617 maligno
2262 549 2609 618 nocendique
2637 551 2869 604 consilio
2900 551 3108 605 clausis
3142 553 3432 606 nobiscum

1868 639 2074 694 reversi
2105 647 2283 704 erant,
2309 640 2513 711 quibus
2540 641 2749 695 scilicet
2785 641 2922 694 nihil
2955 642 3100 695 ali'td
3147 657 3293 696 curae
3321 642 3443 696 [uc-

1869 740 1953 785 rat
1984 746 2148 800 quam
2180 738 2238 783 nt
2268 732 2446 786 solum
2493 732 2702 786 lictoris
2731 732 2965 788 dextera:
2996 734 3193 786 collum
3236 749 3440 804 suppo-

1868 832 2081 887 nerent,
2125 840 2297 893 seque
2330 833 2478 878 motu
2530 836 2797 896 gestuque
2847 828 3094 895 i-orporis
3127 828 3256 881 ictui
3291 831 3441 881 exci-

1868 918 2066 986 piendo
2097 926 2371 987 aptarent.
2410 920 2486 972 Ac
2522 918 2708 972 videre
2736 928 2853 973 erat
2884 935 2994 974 rem
3027 923 3268 992 stuporis
3299 922 3427 976 bor-

1867 1011 2122 1079 rorisque
2151 1011 2384 1079 plenam.
2426 1010 2481 1064 Si
2508 1012 2652 1064 enim
2688 1011 2953 1074 sicarius,
2985 1012 3233 1066 dedentis
3269 1029 3326 1066 se
3362 1023 3442 1064 at-

1865 1114 1974 1168 que
2025 1101 2090 1154 ad
2144 1117 2334 1158 necem
2391 1101 2710 1155 inclinantis
2769 1103 3104 1171 obsequendi
3159 1103 3438 1178 facilitate,

1868 1193 2184 1248 miserantis
2210 1193 2323 1247 ullo
2351 1208 2514 1248 sensu
2542 1192 2770 1251 affectus
2796 1203 2943 1248 esset
2975 1205 3139 1262 atque
3170 1211 3440 1263 compun-

1866 1289 2011 1349 ctus,
2049 1283 2248 1339 lethale
2276 1285 2475 1339 vulnus
2506 1287 2731 1356 adigens
2762 1301 2885 1340 eum
2915 1301 2942 1338 a
2977 1287 3256 1340 doloribus
3283 1287 3440 1340 ocius

1869 1373 2135 1428 liberabat
2168 1391 2183 1430 :
2220 1374 2308 1430 sin
2339 1376 2523 1430 minus
2569 1391 2792 1430 saxeum
2823 1390 2920 1429 cor
2936 1375 3235 1429 emollitum
3272 1389 3437 1433 esset,

1867 1464 1964 1519 sed
2009 1479 2212 1520 vesana
2249 1480 2308 1522 se
2363 1469 2517 1522 rabie
2572 1467 2848 1522 oblectare
2892 1469 3100 1532 mallet,
3148 1481 3433 1539 captorum

1868 1556 2191 1613 infortuniis
2217 1558 2458 1614 furorem
2478 1559 2699 1629 gravius
2716 1560 2986 1621 excitans,
3007 1561 3228 1614 obvium
3252 1577 3437 1630 quem-

1868 1663 1973 1716 que
2015 1650 2362 1705 membratim
2397 1650 2639 1706 credebat
2695 1665 2758 1704 ac
2792 1651 3210 1714 dehonestabat,
3244 1655 3440 1706 inulta-

174 1743 394 1796 πολλῶν
425 1742 671 1796 θανάτων
706 1742 880 1812 φορὰν
913 1732 972 1796 ἓν
1009 1743 1110 1813 μιᾷ
1144 1743 1405 1813 συμφορᾷ
1432 1742 1511 1812 τῷ
1541 1742 1756 1815 δειλαίῳ

1864 1755 2094 1811 rumque
2121 1737 2338 1797 necium
2368 1743 2476 1797 vim
2507 1759 2614 1797 una
2633 1743 2686 1798 in
2711 1744 3018 1798 calamitate
3055 1737 3255 1799 misei'o
3285 1747 3437 1799 adbi-

177 1837 501 1907 παρείχετο.
549 1835 714 1888 Οὐδὲν
769 1835 824 1888 δὲ
872 1836 1060 1905 ἕτερον
1113 1830 1182 1908 ἦν
1237 1835 1460 1892 ἀκούειν
1505 1837 1565 1889 ἐν
1618 1837 1760 1892 οὓτω

177 1928 510 2000 παμπληθεῖ
537 1927 633 1981 καὶ⁴
684 1925 1098 1998 πολυανθρώπῳ
1137 1927 1312 1999 δήμῳ,
1353 1928 1470 1982 ἀλλ’
1507 1928 1542 1998 ἢ
1599 1928 1759 1998 μόνον

173 2021 269 2073 τὸν
297 2018 570 2090 συριγμὸν
589 2018 697 2071 τῶν
727 2015 897 2085 ξιφῶν
921 2007 1016 2072 καῖ
1037 2017 1147 2072 τῶν
1177 2017 1272 2072 τοῦ
1296 2019 1527 2090 αἵματος
1556 2019 1758 2089 ὀχετῶν

171 2113 275 2183 τὴν
312 2113 452 2179 μετα
477 2109 596 2179 βίας
631 2110 876 2180 ἓκρυσιν.

249 2200 372 2272 μ.ςῖ
419 2203 493 2255 Ού
528 2200 658 2254 πολὺ
688 2201 743 2254 δὲ
783 2201 845 2254 τὸ
887 2202 945 2254 ὲν
979 2201 1152 2272 μέσῳ,
1188 2202 1280 2257 καὶ
1318 2202 1520 2265 πάντες
1551 2204 1758 2258 ἔκειντο

169 2295 356 2364 θέαμα
390 2293 601 2346 πολλῶν
629 2293 880 2364 ὀδυρμῶν
915 2293 1010 2346 καὶ
1038 2293 1253 2365 θρήνων
1285 2294 1528 2358 ἐπάξιον.
1575 2294 1662 2357 Ὠς
1699 2295 1758 2348 δὲ

169 2390 265 2441 καὶ
300 2387 438 2457 πρὸς
463 2388 611 2457 ἡμᾶς
647 2385 880 2454 ἔφθανεν
906 2387 938 2456 ὴ
975 2385 1116 2456 τομὴ
1153 2386 1254 2457 (τῷ
1285 2387 1456 2456 τείχει
1483 2387 1591 2457 γὰρ
1616 2382 1757 2439 εἶδον

171 2499 237 2532 συ
249 2478 641 2549 γκεκυφότας),
665 2477 1002 2548 ἐφώρμησαν
1023 2477 1369 2547 ὁμοθυμαδὸν
1393 2479 1645 2548 καθάπερ
1677 2477 1757 2541 εἷς

167 2591 223 2626 τι
244 2573 534 2643 πρόχειρον
548 2571 795 2642 θήραμα.
811 2572 1116 2634 Φθάσαντες
1136 2569 1194 2624 δὲ
1215 2571 1442 2640 πλησίον
1460 2571 1558 2641 τὴν
1581 2571 1758 2642 ὁρμὴν

167 2666 434 2733 ἐπέσχον.
472 2659 581 2716 Ἤν
611 2664 720 2733 γὰρ
767 2662 794 2713 ὁ
837 2662 1027 2732 ῥηθεὶς
1065 2665 1125 2714 ὲν
1175 2661 1254 2730 τῷ
1293 2663 1494 2730 μεταξὺ
1526 2663 1754 2732 πύργος,

165 2761 239 2814 δι’
263 2755 328 2812 οὗ
366 2757 595 2811 διελθεῖν
636 2755 862 2824 ἔμελλον
897 2756 992 2809 καὶ
1040 2756 1175 2825 πρὸς
1213 2757 1360 2827 ἡμᾶς
1392 2756 1667 2824 γενέσθαι,
1700 2757 1759 2820 ὃς

173 2854 346 2906 παλαι
381 2846 450 2921 ἧν
481 2850 540 2903 τὸ
571 2851 766 2917 ἔδαφος
805 2848 954 2902 ἅπαν
995 2847 1173 2913 ξύλοις
1204 2849 1572 2920 ὲστρωμένος,
1603 2849 1759 2903 ἅτινα

167 2945 252 3013 τῷ
309 2943 492 3012 χρόνῳ
531 2941 777 2994 σαπέντα
821 2940 918 2992 καὶ
957 2938 1359 3011 διαρρεύσαντα
1394 2940 1495 2992 οὐκ
1538 2941 1756 3009 ἀσφαλῆ

167 3041 443 3106 παρεῖχον
472 3036 572 3104 τὴν
610 3033 821 3088 ἐκεῖθεν
846 3031 1100 3085 διάὅασιν
1121 3049 1136 3063 ⁶
1167 3029 1263 3085 δύο
1287 3031 1396 3101 γὰρ
1434 3031 1569 3101 μόνα
1614 3033 1759 3086 κατὰ

168 3130 345 3200 μέσον
388 3126 522 3191 ξύλα
554 3123 968 3196 ἑναπῃὼρηντο,
1012 3123 1082 3182 δι’
1107 3116 1181 3176 ὧν
1218 3124 1268 3176 οἱ
1317 3124 1521 3193 ταύτην
1550 3125 1759 3195 διερχό-

168 3237 330 3290 μενοι
359 3219 674 3289 ὑπότρομον
706 3218 803 3287 τὴν
832 3218 1068 3290 πάροδον
1106 3217 1452 3288 ἐπεποίηντο.
1486 3218 1560 3269 Τὸ
1588 3218 1756 3287 ἀμφί-

168 3327 426 3380 κρημνον
481 3309 572 3362 οὖν
613 3309 707 3363 τοῦ
762 3309 1116 3374 κινδυνὼδους
1148 3308 1316 3362 τόπου
1355 3308 1666 3371 κατιδόντες
1707 3309 1758 3361 οἱ

170 3402 462 3472 Βαρεαροι
499 3401 788 3470 ἐφώρασαν
829 3402 902 3469 μή
933 3418 1047 3464 πως
1079 3401 1122 3431 ³⁷
1148 3401 1207 3454 ὲν
1249 3400 1400 3470 μέσῳ
1446 3399 1552 3451 τῶν
1585 3400 1758 3463 ξύλων

164 3496 486 3562 γινομένων
515 3491 690 3544 αὐτῶν
721 3492 766 3522 ³⁸
787 3491 1039 3561 λάθωμεν
1069 3492 1422 3562 τεχνάσματα
1451 3491 1496 3523 ³⁸
1529 3508 1758 3560 πεποιη-

165 3587 331 3649 κότες
376 3585 511 3638 εἵσω
561 3584 654 3636 τοῦ
691 3583 900 3651 πύργου
945 3583 1041 3636 καὶ
1079 3583 1482 3654 κρημνισθῆναι
1533 3582 1756 3644 τούτους

171 3677 710 3747 παρασκευάσωμεν,
770 3679 852 3738 εἰς
915 3675 1047 3743 ὕψος
1093 3677 1410 3745 ἐπηρμένου
1469 3676 1604 3729 πολὺ
1663 3677 1757 3729 καὶ

167 3771 421 3839 χαλεπὴν
453 3771 550 3839 τὴν
575 3768 780 3820 πτῶσιν
815 3768 1262 3831 ὲπαπειλοῦντος.
1302 3768 1407 3821 Τοῦ
1421 3786 1474 3820 το
1505 3769 1560 3821 δὲ
1594 3770 1622 3820 ό
1649 3769 1756 3822 τῶν

169 3863 504 3931 θαυμασίων
541 3861 672 3922 Θεὸς
701 3863 820 3924 ταῖς
850 3859 1032 3914 αὐτῶν
1059 3859 1320 3920 διανοίαις
1361 3859 1633 3912 ὑπέδαλεν
1654 3875 1668 3887 ⁸
1708 3864 1756 3912 ei

170 3959 283 4024 γὰρ
309 3955 431 4024 ἅμα
458 3955 536 4025 τῷ
577 3954 710 4023 πρὸς
753 3954 900 4023 ἡμᾶς
933 3950 1192 4018 γενέσθαι
1228 3952 1409 4023 τομῶς
1439 3954 1537 4022 τῆς
1566 3953 1744 4006 διαϐά-

169 4066 312 4111 σεως
366 4047 815 4115 κατετόλμησαν,
869 4045 1023 4098 οὐδὲν
1066 4040 1230 4117 ἦττον
1277 4045 1372 4097 καὶ
1431 4046 1591 4114 ἡμεῖς
1645 4045 1755 4098 τῶν

168 4141 447 4209 κειμένων
476 4139 566 4190 τὸν
592 4137 814 4205 ὄλεθρον
849 4137 1217 4207 ὑπεμένομεν.
1252 4135 1365 4206 Τῆς
1391 4137 1587 4206 σχολῆς
1617 4135 1762 4198 τέως

169 4230 276 4293 τῆς
305 4231 350 4262 ⁸⁸
383 4231 494 4282 τῶν
533 4229 811 4298 λογισμῶν
862 4228 1044 4281 αὐτῶν
1075 4228 1418 4300 διαιρέσεως.
1449 4228 1544 4281 τοῦ
1589 4228 1754 4297 φόϐου

169 4324 277 4384 τας
301 4323 476 4393 ψυχας
506 4323 735 4382 ἕκαστος
771 4320 926 4390 ἡμῶν
949 4321 1337 4390 περιάραντες,
1366 4321 1418 4373 si!
1440 4338 1490 4372 τι
1525 4322 1619 4373 καὶ
1647 4321 1755 4373 δέοι

1862 1831 2043 1887 bebat.
2077 1833 2188 1889 Nec
2236 1835 2289 1890 in
2341 1845 2450 1890 tam
2485 1835 2712 1889 immani
2741 1851 2803 1890 ac
2834 1837 3055 1906 copiosa
3088 1839 3437 1892 multitudine

1862 1923 2008 1977 aliud
2039 1925 2232 1981 audire
2289 1934 2428 1993 erat,
2473 1942 2638 1998 quam
2675 1928 3024 1983 solummodo
3051 1932 3265 1984 ensium
3307 1933 3437 1986 stri-

1862 2015 2050 2070 dorem
2078 2031 2141 2071 ae
2174 2018 2416 2073 rivorum
2440 2020 2724 2089 sanguinis
2759 2022 2963 2092 impetu
2991 2023 3280 2079 deliuentis
3329 2025 3438 2079 fra-

1862 2121 2072 2175 gorem.

1929 2197 2015 2252 46.
2043 2197 2135 2253 Sic
2165 2199 2489 2257 brevissimo
2515 2211 2757 2272 tempore
2784 2205 3040 2274 prostrati
3065 2221 3257 2262 omnes
3276 2206 3432 2277 551

1856 2291 2136 2359 jacebant,
2171 2294 2466 2347 multarum
2523 2298 2886 2365 lacrymarum
2949 2313 3013 2353 ac
3073 2299 3317 2353 luctuum
3357 2303 3436 2354 di-

1859 2401 2024 2454 gnum
2060 2386 2219 2456 plane
2254 2389 2653 2456 spectaculum.
2688 2387 2789 2443 Ubi
2827 2399 3009 2451 autem
3045 2395 3250 2447 nostris
3303 2410 3439 2462 quo-

1859 2492 1966 2546 que
2016 2478 2284 2547 capitibus
2347 2479 2498 2533 ensis
2564 2480 2677 2546 jam
2741 2483 3090 2551 impendebat
3161 2485 3437 2555 (viderant

1859 2568 2004 2621 enim
2038 2584 2071 2623 e
2116 2584 2274 2626 muro
2331 2573 2793 2642 prospectantes).
2851 2575 2996 2628 velut
3053 2577 3118 2630 ad
3187 2590 3434 2647 paratam

1863 2657 2096 2726 praedam
2135 2661 2426 2714 unanimes
2477 2663 2775 2714 irruernnt.
2838 2661 2940 2717 Ubi
3004 2677 3180 2720 tamen
3215 2670 3438 2738 propius

1860 2748 2256 2812 accessissent,
2323 2749 2584 2820 impetum
2643 2754 2969 2820 reprimunt.
3039 2753 3212 2808 Media
3261 2759 3436 2818 enim,

1860 2857 2024 2910 quam
2078 2841 2348 2903 dicebam,
2390 2843 2677 2912 interjecta
2739 2846 2933 2905 turris.
2985 2859 3046 2899 ac
3079 2862 3184 2916 qua
3234 2849 3301 2901 ad
3334 2865 3437 2903 nos

1859 2934 2077 2989 venturi
2115 2943 2272 2989 crant
2308 2950 2371 2989 ac
2399 2937 2715 3002 transituri,
2757 2951 2818 2992 ea
2852 2939 3086 3002 ratione,
3127 2941 3271 3011 quod
3304 2943 3432 2996 olim

1863 3041 2026 3082 omne
2059 3027 2428 3097 pavimentum
2457 3028 2621 3098 lignis
2644 3037 2985 3084 constratum
3015 3039 3257 3101 tempore
3287 3049 3436 3088 com.

1863 3126 2150 3189 putruerat
2205 3134 2272 3173 ac
2310 3115 2642 3185 dimuxerat,
2699 3120 2843 3174 haud
2880 3131 2999 3176 tuto
3029 3124 3153 3178 inde
3203 3128 3440 3181 transite

1861 3211 2076 3265 sinebat
2110 3225 2124 3262 :
2163 3210 2272 3267 duo
2301 3213 2446 3264 enim
2483 3212 2750 3266 duntaxat
2797 3213 2942 3285 ligna
2993 3216 3046 3269 in
3089 3219 3269 3273 medio
3300 3235 3434 3288 pcu-

1860 3305 1989 3357 dula
2052 3304 2194 3357 viam
2263 3305 2552 3358 tremulam
2611 3308 3030 3362 transeuntibus
3096 3311 3433 3364 sternebant.

1863 3395 2192 3450 Periculose
2236 3399 2420 3464 itaque
2472 3395 2569 3449 vim
2620 3398 2788 3465 gradu
2851 3401 3110 3470 utrinque
3161 3403 3438 3472 prmeipite

1861 3490 2286 3559 circumspecto,
2346 3489 2569 3547 Barbari
2631 3493 2778 3547 anxii
2837 3493 3007 3546 animi
3069 3495 3310 3564 agitare,
3370 3514 3436 3550 n-

1862 3579 2000 3635 forte
2036 3581 2164 3636 dum
2198 3584 2249 3637 in
2288 3585 2558 3652 lignorum
2599 3587 2778 3640 medio
2812 3587 3214 3652 constitissent,
3247 3601 3433 3643 nostra

1861 3675 2041 3744 aliqua
2082 3674 2135 3728 in
2186 3684 2336 3730 turre
2379 3676 2573 3732 fraude
2620 3676 2926 3748 prmeipités
2960 3687 3274 3748 agerentur,
3309 3697 3433 3735 cum

1862 3768 2028 3821 altius
2062 3768 2239 3823 elatus
2283 3768 2436 3823 locus
2476 3769 2687 3822 tri~tem
2743 3770 2957 3823 ruinam
3017 3773 3339 3826 minaretur.
3380 3772 3434 3825 id

1860 3873 1990 3912 vero
2015 3859 2230 3912 consilii
2287 3873 2468 3912 rerum
2504 3857 2957 3914 admirandarum
3019 3861 3162 3917 Deus
3213 3863 3434 3921 illorum

1861 3949 2061 4001 animis
2111 3949 2364 4018 ingessit.
2400 3949 2457 4001 Si
2487 3951 2632 4003 enim
2675 3951 2866 4003 statim
2910 3960 2970 4004 ut
3019 3952 3198 4007 locum
3242 3955 3438 4024 attige-

1860 4045 2014 4102 runt,
2064 4039 2215 4094 nulla
2251 4054 2401 4095 mora
2457 4055 2568 4110 quo
2629 4041 2860 4095 ruebant
2914 4043 3123 4113 impetu
3176 4046 3440 4100 audacius

1862 4132 2211 4195 transissent,
2243 4131 2378 4186 nihil
2417 4133 2600 4186 minus
2625 4135 2784 4189 caesis
2822 4135 3048 4204 reliquis
3083 4152 3185 4190 nos
3218 4154 3436 4208 quoque

1861 4223 1979 4278 dira
2026 4239 2157 4279 nece
2209 4223 2406 4278 sublati
2450 4239 2716 4279 essemus.
2755 4224 2891 4278 Dum
2937 4227 3080 4279 enim
3113 4227 3186 4280 illi
3243 4229 3435 4283 incerti

1861 4317 2190 4382 deliberant,
2213 4317 2418 4387 quique
2447 4326 2697 4372 nostrum
2720 4333 2783 4370 ex
2817 4327 2962 4372 metu
2998 4320 3278 4388 paululum
3310 4338 3440 4375 con-

172 4416 440 4484 πράττειν
473 4413 551 4484 τῷ
583 4413 762 4483 καιρῷ
802 4413 1072 4484 χρήσιμον
1106 4401 1226 4474 ﬁt;
1261 4413 1424 4482 φρεσὶ
1456 4429 1746 4482 κατεμερι-

1864 4412 2219 4477 viviscentes,
2266 4413 2395 4481 quid
2454 4412 2507 4465 in
2563 4425 2674 4466 rem
2711 4421 2955 4466 nostram
2989 4428 3086 4482 per
3121 4427 3219 4468 eas
3259 4430 3435 4484 angu-
3493 4409 3498 4414 ’

169 4507 407 4577 ξόμεθα.
453 4508 541 4572 Ὠς
585 4507 680 4560 οὖν
719 4503 864 4576 εἶχον
899 4505 1010 4572 ἐγὼ
1036 4504 1232 4573 τάχους
1271 4505 1628 4576 ἀναπηδήσας
1660 4504 1754 4557 καὶ

168 4601 414 4654 Θανάτου
446 4602 868 4672 καταφρονήσας
921 4598 1014 4652 καὶ
1052 4597 1175 4667 μηδ’
1232 4598 1315 4650 ὅτι
1361 4598 1501 4650 κατὰ
1548 4597 1754 4670 κόρρης

166 4692 448 4763 ἐφέστηκε
478 4694 538 4747 τὸ
563 4694 830 4762 παράπαν
854 4694 934 4754 εἰς
957 4690 1083 4743 νοῦν
1131 4690 1383 4760 θέμενος,
1425 4691 1548 4743 κατ’
1583 4689 1757 4768 αύτὴν

164 4785 470 4854 γενόμενος
515 4786 612 4839 τοῦ
644 4786 856 4856 πύργου
887 4784 987 4854 τὴν
1035 4784 1238 4838 εἴσοδον
1272 4783 1500 4853 εμελλον
1534 4783 1620 4837 διὰ
1644 4783 1754 4836 τῶν

164 4875 354 4939 ξύλων
403 4877 534 4948 πρὸς
589 4879 718 4940 τοὺς
751 4876 1070 4948 Βαρϐἀρους
1115 4877 1334 4947 χωρεῖν.
1381 4877 1442 4929 Οἱ
1470 4876 1516 4928 δ’
1567 4875 1756 4946 ἐπειδὴ

160 4966 324 5022 οὕτω
348 4987 412 5036 με
461 4969 781 5039 θαρσαλέως
821 4970 961 5039 πρὸς
1008 4969 1206 5030 αὐτοὺς
1232 4967 1479 5021 κατεῖδον
1519 4969 1754 5037 αὐτομο-

163 5058 439 5127 λήσαντα,
473 5059 674 5112 ἄοπλον
715 5059 812 5128 μὲν
843 5058 939 5111 καὶ
971 5057 1108 5130 πρὸς
1135 5058 1347 5127 ἄμυναν
1377 5059 1530 5112 οὐδὲν
1563 5061 1756 5126 ἐπιφε-

168 5148 427 5219 ρόμενον,
462 5151 661 5221 ἔχοντα
691 5150 748 5202 δέ
770 5166 824 5202 τι
853 5148 1146 5203 σπουδαῖον
1169 5149 1365 5215 εἰπεῖν,
1395 5149 1628 5218 ἐπῆλθον
1661 5151 1756 5201 καί

161 5241 335 5294 αὐτοὶ
355 5242 636 5312 στοιχηδὸν
657 5241 921 5312 ἀλλήλους
945 5240 1310 5306 συντάξαντες
1333 5243 1427 5293 καὶ
1447 5241 1547 5304 τὰς
1572 5241 1751 5306 δεξιὰς

157 5334 578 5397 ἀνατείναντες,
608 5333 708 5397 τάς
745 5351 804 5387 τι
838 5334 1112 5405 μαχαίρας
1157 5331 1298 5387 κατὰ
1330 5331 1432 5402 τῆς
1474 5333 1614 5402 ἐμῆς
1654 5350 1750 5385 κο-

164 5428 358 5498 ρυφῆς
385 5431 686 5498 ἐπαγαγεῖν
719 5430 1217 5500 σχηματισάμενοι.
1266 5430 1353 5493 Ὠς
1377 5429 1423 5482 δ’
1449 5429 1572 5482 οὐδὲ
1598 5431 1756 5483 τοῦτό

1862 4507 1996 4561 stias
2055 4507 2215 4568 foret,
2264 4505 2734 4576 disquirebamus.
2786 4504 3005 4572 Quanta
3057 4505 3225 4576 igitur
3281 4509 3438 4561 licuit

1862 4599 2146 4652 celeritate
2196 4598 2313 4668 ipse
2363 4597 2628 4652 exsiliens
2677 4605 3020 4666 mortemque
3054 4607 3435 4659 contemnens,

1863 4704 1962 4744 nec
1995 4689 2138 4760 quod
2173 4702 2289 4744 erat
2323 4689 2392 4744 ob
2430 4689 2620 4743 oculos
2654 4687 2953 4748 discrimen
2985 4704 3214 4759 prorsus
3240 4691 3293 4744 in
3324 4695 3436 4744 ani.

1863 4799 2011 4838 mum
2051 4781 2338 4843 inducens,
2382 4783 2448 4834 ad
2492 4781 2668 4850 ipsum
2721 4782 2893 4836 turris
2954 4784 3157 4836 ostium
3210 4783 3436 4838 veniens

1815 4904 1826 4912 -
1863 4891 1958 4945 per
1995 4875 2138 4943 ligna
2174 4871 2333 4942 552
2361 4871 2426 4924 ad
2461 4871 2730 4926 Barbaros
2756 4874 3168 4940 procurrebam.
3205 4872 3268 4926 Hi
3305 4889 3435 4928 vero

1856 4970 1936 5023 sic
1987 4966 2246 5020 audacter
2290 4979 2406 5018 mea
2476 4971 2671 5035 sponte
2729 4965 2795 5018 ad
2843 4980 2938 5020 eos
2991 4966 3432 5038 progredientem

1856 5060 2122 5124 videntes,
2165 5059 2341 5111 virum
2405 5059 2710 5120 inermem,
2765 5072 2866 5113 nec
2909 5058 3055 5128 quod
3118 5059 3458 5138 ulciscendo.

1855 5164 2002 5208 esset
2034 5149 2240 5222 aliquid
2271 5149 2619 5212 inferentem,
2654 5149 2747 5205 sed
2776 5163 2889 5204 rem
2921 5151 3160 5220 aliquam
3193 5165 3438 5206 momen-

1861 5246 1900 5300 ti
1955 5245 2138 5298 dicere
2191 5243 2504 5305 babet‘ltem,
2559 5242 2664 5312 ipsi
2717 5257 2936 5312 quoque
2994 5243 3186 5298 ordine
3220 5243 3435 5312 digesto

1862 5353 2032 5406 seque
2062 5351 2127 5390 eo
2157 5342 2572 5405 componentes,
2593 5335 2832 5390 extentis
2863 5335 3094 5402 dextris,
3116 5336 3278 5406 inque
3309 5351 3437 5391 ver-

1863 5433 2022 5486 ticem
2054 5429 2315 5485 simulato
2354 5429 2564 5498 gladios
2595 5428 2900 5500 adigentes,
2927 5429 3231 5486 incurrere.
3263 5432 3340 5485 Ac
3369 5448 3437 5485 ne

1454 5542 1682 5598 ὶἈῐῖΙᾹζ
1723 5541 2124 5600 LECTIONES.

260 5629 298 5660 ³³
324 5631 668 5698 δεικνύμενοι
702 5633 759 5688 Ρ.
859 5636 903 5666 ³⁸
937 5637 1126 5690 ἑαυτοῦ
1165 5639 1225 5689 Α.

1329 5638 1371 5669 ³⁷
1415 5639 1581 5709 μήπω
1608 5640 1665 5693 Ρ.

159 5701 224 5730 ’⁸
260 5702 349 5771 τῆς
383 5711 510 5756 ante
539 5705 645 5755 τῶν
673 5721 783 5760 om.
830 5705 888 5760 P.

1801 5639 1843 5669 ³³⁵
1880 5643 2164 5712 γενόμενοι
2211 5638 2270 5704 Ρ,
2321 5639 2531 5694 omisso
2589 5636 2794 5691 αυτῶν.

2927 5640 2968 5670 ³³
2997 5638 3333 5710 τεχνάσματι
3373 5635 3432 5691 Ρ.
