3962 6204
1781 198 1885 208 -ν-οιη,

241 318 323 381 593
1307 335 1404 393 DE
1446 336 1763 395 EXCIDIO
1799 337 2405 405 'I‘HESSALDNICE.

3345 340 3448 405 594

236 433 262 483 ὁ
299 432 412 502 ἐμὸς
458 435 556 488 σὺν
610 437 693 508 [Ρ.
738 441 866 513 557]
921 445 1031 506 τοῖς
1067 446 1280 516 ῥηθεῖσι
1332 449 1482 504 δυσὶν
1532 453 1770 520 ἀδελφοῖς

1884 456 2131 510 eamdem
2167 459 2337 528 ipsam
2380 475 2542 523 quam
2582 462 2709 514 mihi
2748 461 3154 531 spoponderant
3198 461 3318 513 vita-
3371 476 3451 514 se-

235 527 333 578 καθ⁹
359 530 504 598 ἡμᾶς
531 532 838 601 γενόμενοι,
870 536 965 589 καλ⁵
1007 540 1120 601 τοῖς
1166 541 1292 593 ποσὶ
1326 542 1516 596 τούτου
1560 547 1658 607 τὰς
1688 564 1776 599 κε·

234 617 383 685 φαλὰς
420 624 896 693 προσερείσαντες,
934 628 1144 683 ἐδέοντο
1170 632 1269 701 τὴν
1296 634 1465 704 αὐτὴν
1491 638 1613 703 ἐμοὶ
1639 636 1776 697 πλη-

235 710 464 779 ροφορίαν
516 712 699 768 λαὸεῖν
750 716 1125 789 βεϐαιούμενοι
1181 723 1497 795 πληρώσειν
1544 727 1780 797 ἑτοίμως

230 802 315 855 ὅσα
348 804 451 871 ἐγὼ
486 812 873 877 προκατεῖπον.
916 812 1121 867 Θᾶττον
1165 813 1259 869 οὖν
1296 819 1504 881 ἐκεῖνος
1539 820 1715 874 πάντα
1741 820 1778 874 ἃ.

230 892 342 961 παρ’
369 895 519 963 ἡμῶν
544 897 771 965 ἠκηκόει
791 902 908 961 ταῖς
925 901 1031 953 τῶν
1056 902 1229 956 ἄλλων
1255 904 1542 973 ἐνθέμενος
1562 908 1774 971 ἀκοαῖς,

228 984 306 1033 καὶ
350 985 517 1054 τούτῳ
567 988 801 1056 μάλιστα
835 983 878 1057 ᾧ
930 992 1049 1045 κατ’
1087 994 1273 1067 ⁵ἁρχέις
1312 996 1422 1064 ἐγὼ
1458 998 1776 1068 περιέτυχον

227 1070 411 1127 ἕκαστα
438 1079 714 1144 προειπὼν
740 1081 808 1146 ⁸⁸,
840 1082 999 1149 λόγον
1046 1103 1103 1139 τε
1153 1087 1349 1150 πείσας
1388 1088 1610 1159 ἔνορκον
1641 1093 1775 1161 ἡμῖν

225 1168 714 1235 παρασχεῖν,οῦτως
736 1173 902 1242 μηδὲν
922 1177 1156 1245 παρῄνει
1182 1178 1274 1230 τοῦ
1307 1178 1495 1233 λοιποῦ
1521 1181 1771 1237 δεδιέναι.

289 1253 380 1322 μθ’.
410 1258 801 1330 Συλλαὸόμενοι
832 1264 887 1316 δὲ
921 1267 1075 1335 ἡμῶν
1104 1269 1199 1320 καὶ⁵
1230 1268 1324 1321 τοῦ
1359 1271 1573 1340 τείχους
1602 1290 1774 1325 κατα-

223 1342 540 1413 σιϐάσαντες,
572 1353 649 1414 εἰς
679 1354 877 1423 μέσους
920 1375 978 1409 τε
1024 1360 1209 1412 αὐτῶν
1239 1361 1606 1425 διαλαϐόντες,
1641 1360 1775 1435 ἦγον

221 1437 313 1506 τὴν
338 1441 425 1491 ἐπὶ
463 1440 756 1503 θάλασσαν,
800 1449 982 1503 ἐπάνω
1017 1451 1125 1503 τῶν
1160 1456 1430 1522 σωμάτων
1471 1457 1579 1509 τῶν
1605 1458 1705 1527 ἤδη
1730 1457 1773 1489 ’⁸⁷

219 1529 593 1601 ἀναιρεθέντων
622 1535 947 1607 βαδίζοντες.
981 1542 1093 1609 Τῆς
1116 1539 1207 1596 οὖν
1249 1547 1380 1598 εἴσω
1422 1549 1629 1612 πόλεως
1674 1550 1774 1620 τὴν

218 1626 377 1695 πύλην
409 1628 671 1697 ἐμϐάντες
694 1634 754 1684 ού
778 1636 1012 1688 κατευθὺ
1040 1637 1136 1705 τὴν
1169 1639 1392 1708 πορείαν
1418 1642 1769 1710 ἐποιούμεθα,

215 1720 341 1772 ἀλλὰ
385 1722 463 1790 τῷ
519 1725 837 1789 ύπτιάζοντι
897 1728 1053 1798 μέρει
1091 1732 1394 1801 τραπέντες
1440 1734 1535 1786 τοῦ
1590 1736 1769 1788 ἐκεῖσε

1881 548 2171 603 curitatem
2204 551 2466 620 rogabant
2522 554 2790 622 accipere,
2826 554 3067 608 omnino
3119 552 3449 607 ailirinantcs

1883 650 1996 693 rata
2032 640 2318 696 habituros
2356 658 2419 697 ac
2461 644 3072 727 promptejmpleturos
3105 650 3473 715 quaecunque

1879 745 1980 799 ego
2026 731 2355 799 praelocutus
2383 750 2553 789 eram.
2591 734 2849 790 Actutum
2882 737 3049 806 igitur
3082 737 3193 800 ille,
3229 736 3447 791 cunctis

1879 835 1999 886 quas
2038 835 2103 874 ex
2144 821 2304 876 nobis
2333 823 2584 878 audierat
2629 827 2856 883 auribus
2910 828 3127 882 illorum
3156 828 3444 896 depositis.

1879 912 2181 980 praesertim
2218 929 2348 969 vero
2401 915 2450 968 ei
2498 932 2657 984 quem
2696 934 2723 970 a
2755 920 3024 990 principio
3063 921 3180 990 ipse
3208 920 3447 974 offende-

1880 1016 1993 1055 ram
2028 1004 2282 1058 omnibus
2330 1020 2428 1074 per
2470 1006 2682 1076 singula
2714 1011 3004 1075 enarratis,
3046 1027 3170 1065 cum
3220 1021 3272 1065 et
3299 1011 3450 1079 jure-

1872 1092 2111 1160 jurando
2143 1096 2412 1164 promissa
2449 1097 2666 1154 ﬁrmare
2700 1102 2983 1165 suasisset,
3026 1104 3156 1156 nihil
3186 1104 3447 1170 deinceps

1878 1184 2068 1240 timere
2095 1185 2439 1240 hortabatur.

1945 1276 2035 1329 49.
2074 1275 2272 1331 Secum
2316 1280 2498 1349 itaque
2530 1292 2874 1335 assuiuentes
2916 1293 3080 1352 atque
3111 1301 3140 1338 e
3178 1299 3334 1337 muro
3366 1286 3449 1337 de-

1875 1368 2142 1423 ducentes
2183 1384 2245 1423 ac
2292 1370 2346 1423 in
2397 1372 2578 1445 medio
2603 1374 2684 1424 sui
2720 1376 2937 1442 agmine
2967 1375 3300 1430 collocantcs
3330 1394 3447 1429 vcr-

1876 1473 1971 1512 sus
2005 1475 2155 1516 mare
2208 1463 2310 1515 iter
2345 1462 2640 1526 habebant,
2684 1480 2849 1533 super
2892 1482 3157 1520 caesorum
3214 1470 3445 1522 cadave-

1876 1552 2027 1606 ribus
2051 1554 2385 1622 gradientes.
2420 1557 2742 1612 Intcriorem
2775 1575 2937 1629 porro
2966 1561 3205 1616 civitatis
3235 1573 3443 1632 portam

1876 1644 2106 1711 ingressi
2145 1663 2252 1700 nun
2284 1658 2429 1701 recta
2459 1650 2643 1703 statim
2682 1652 2781 1705 iter
2811 1654 3217 1716 contendimus,
3252 1656 3344 1709 secl
3379 1655 3445 1708 aii

1874 1736 2033 1791 collis
2064 1738 2155 1805 qui
2192 1740 2302 1792 illic
2331 1749 2416 1793 est
2470 1741 2671 1795 clivum
2718 1745 2861 1797 versi
2908 1744 2962 1798 in
2996 1746 3203 1801 declive
3235 1748 3447 1801 fereba-

214 1812 389 1880 βουνοῦ
419 1816 555 1885 πρὸς
584 1817 643 1869 τὸ
669 1820 934 1883 κάταντες
968 1822 1295 1891 ἐφερόμεθα.
1320 1823 1486 1877 Ἔνθα
1510 1826 1600 1879 καί
1625 1845 1769 1891 τινες

1879 1844 2019 1882 mur.
2057 1828 2155 1882 Ubi
2190 1840 2242 1884 et
2292 1832 2430 1887 alios
2457 1833 2725 1900 quosdam
2761 1835 3054 1905 Aithiopes
3086 1840 3447 1895 ascendentes

209 1899 348 1955 ἄλλοι
408 1907 791 1976 κατεφάνησαν
839 1911 1081 1978 ἀνιόντες
1135 1914 1418 1980 Αἰθίοπες,
1471 1918 1567 1971 καὶ
1613 1921 1767 1973 αὐτοὶ

211 1995 469 2063 μαχαίρας
498 1999 817 2067 κατέχοντες
844 2006 965 2064 ταῖς
997 2006 1205 2073 χερσιν,
1250 2007 1298 2058 οἳ
1333 2010 1425 2060 καὶ
1469 2010 1632 2078 μέσον
1660 2012 1766 2065 τῶν

208 2083 302 2152 ἤδη
351 2090 778 2156 χειρωσαμένων
828 2091 1244 2162 διειλημμένους
1281 2098 1587 2168 ἑωρακότες
1621 2102 1767 2170 ἡμᾶς

204 2178 275 2243 τῇ
303 2181 495 2245 φυσικῇ
533 2179 700 2250 μανία
732 2181 1032 2249 πληγέντες
1056 2184 1322 2256 ὥρμησαν
1345 2191 1595 2253 ἀναιδῶς,
1636 2194 1767 2264 πόρ-

206 2266 371 2336 ρωθεν
391 2269 729 2339 δεικνύμενοι
750 2273 842 2326 τοῦ
870 2275 1141 2339 κινοῦντος
1172 2278 1342 2348 θυμοῦ
1360 2281 1458 2349 τὴν
1493 2284 1761 2340 ἐπίτασιν.

216 2359 352 2410 Ἀλλ’
381 2361 568 2430 ἐπειδὴ
601 2364 721 2416 καθ’
750 2365 898 2434 ἡμᾶς
931 2369 1215 2433 γεγονότες
1238 2370 1407 2439 ἔγνων
1440 2374 1602 2443 μηδὲν
1633 2379 1765 2447 ἡμῖν

198 2451 553 2520 ἐπενεχθῆναι
591 2454 760 2508 δεινὸν
793 2460 916 2520 τοὺς
958 2459 1059 2529 ἤδη
1096 2463 1490 2533 προειληφότας
1529 2470 1769 2525 σπουδάιι

196 2542 405 2604 ζοντας.
458 2546 514 2596 ἐν
552 2546 763 2611 ἑαυτοῖς
806 2552 1195 2616 σκεδασθέντες
1232 2556 1275 2585 ⁸⁸
1313 2556 1761 2630 ύπανεχώρησαν.

196 2629 297 2697 Εἷς
325 2636 374 2688 δέ
408 2654 488 2698 τις
522 2640 703 2692 αὐτῶν
734 2643 1108 2712 ἀναιδέστερος
1135 2647 1240 2699 τῶν
1269 2646 1463 2715 ἄλλων,
1498 2652 1570 2716 ὡς
1599 2656 1763 2720 εἰκὸς,

196 2728 297 2781 καὶ
326 2729 674 2801 θρασύτερος,
698 2734 772 2793 ὡς
805 2736 965 2799 εἴτις
1007 2739 1297 2805 ὑλακτικὸς
1329 2743 1472 2796 κύων
1507 2748 1766 2816 μεμηνὼς

191 2822 608 2889 κατηκολούθει,
642 2825 732 2877 καί
760 2844 881 2879 τινα
921 2830 1118 2898 πλῆξαι
1157 2836 1221 2903 τῇ
1262 2837 1505 2908 μαχαίρᾳ
1535 2838 1766 2910 δολερῶς

188 2914 554 2970 ἐτεκταίνετο.
587 2919 735 2972 Ἒναυ
752 2921 863 2990 γάρ
881 2939 1002 2976 τινα
1022 2925 1129 2977 τῶν
1158 2927 1385 2981 ἑλόντων
1412 2932 1556 3000 ἡμᾶς
1573 2934 1767 2989 ἑαυτὸν

190 3001 337 3056 εἶναι
372 3013 882 3081 προσποιησάμενος
928 3015 1137 3081 ἔλαθεν,
1166 3018 1265 3071 οὐκ
1294 3016 1389 3072 οἷδ’
1419 3023 1586 3089 ὅπως,
1629 3027 1764 3080 ὑπο-

189 3096 375 3164 σύρων
408 3099 517 3151 τῶν
558 3103 730 3156 ἄλλων
771 3106 891 3174 ἐμὲ,
924 3108 1015 3159 καὶ
1047 3110 1243 3180 μικρὸν
1273 3113 1517 3178 ἀποστὰς
1555 3120 1763 3173 ἀνελεῖν

184 3192 492 3263 ἐπεχείρει.
535 3194 833 3264 Ἀνῴμωξα
862 3197 957 3251 οὖν
988 3201 1149 3263 εὐθύς
1171 3220 1184 3233 ·
1216 3206 1243 3256 ὁ
1275 3204 1330 3257 δὲ
1363 3209 1543 3279 πατὴρ
1582 3212 1609 3263 ὁ
1642 3214 1771 3279 ἐμὸς

183 3286 606 3354 τεταραγμένος
630 3291 961 3358 συστραφεὶς
991 3291 1107 3362 (καὶ
1140 3295 1248 3365 γὰρ
1276 3296 1466 3368 ἔτυχον
1500 3302 1597 3354 σὺν
1626 3304 1771 3374 αὐτῷ

186 3374 559 3445 βαδίζων)νὼ;
600 3379 676 3448 τῷ
716 3381 931 3453 θανάτῳ
965 3401 1030 3451 με
1062 3390 1391 3456 παρεστῶτα
1435 3396 1647 3448 κατεῖδε
1680 3397 1772 3451 καὶ

179 3466 510 3535 τὲνκδήμιον
554 3468 818 3538 βρύχοντα
866 3472 1127 3541 μέλλοντά
1152 3478 1301 3530 tenso
1336 3478 1486 3547 ξίφος
1518 3484 1595 3553 τῷ
1641 3503 1774 3556 τρα-

178 3556 339 3626 χήλῳ
375 3574 477 3625 μου
508 3559 755 3627 βάπτειν,
795 3562 1093 3633 κατέχοντα
1143 3567 1252 3619 τῶν
1288 3571 1511 3640 τριχῶν,
1556 3573 1645 3627 τὸν
1670 3576 1769 3647 ἠδη

179 3651 643 3719 περισωσάμενον
692 3655 838 3723 ἡμᾶς
888 3657 981 3709 τοῦ
1018 3660 1208 3731 πρώην
1256 3663 1502 3717 κινδύνου
1542 3668 1771 3735 ἐγγύθεν

179 3740 319 3792 ὄντα
348 3744 416 3811 τῇ
462 3744 606 3812 χειρὶ
635 3744 819 3810 νύξας,
863 3748 956 3799 καὶ
988 3751 1191 3822 σπουδῇ
1222 3753 1281 3805 τὸ
1306 3754 1489 3825 δρᾶμα
1522 3758 1771 3812 καθυποο

176 3828 407 3896 δείξας,
456 3835 515 3885 Τι’
552 3833 661 3896 ὅτι,
706 3835 833 3904 ἔφη,
880 3841 975 3891 καὶ
1010 3840 1081 3891 δι’
1116 3840 1192 3909 ἣν
1235 3845 1433 3897 αἰτίαν
1477 3848 1582 3900 τοῦ
1626 3848 1772 3917 ἐμοῦ

172 3922 405 3988 παιδὸς
439 3928 937 3995 κατεψηφίσασθε
964 3931 1244 3997 θάνατον,
1280 3934 1398 3987 τῶν
1430 3938 1579 4003 πρὸς
1615 3939 1769 4006 ἡμᾶς

172 4014 610 4082 ἀλογήσαντες
648 4020 1089 4089 ὑποσχέσεων;
1122 4026 1174 4077 εὶ
1219 4020 1333 4079 οὗ)⁸
1369 4027 1550 4091 αὐτὸς
1579 4028 1768 4094 θάνοι,

170 4106 308 4159 οὐδ’
360 4108 508 4175 ἡμῖν
550 4114 878 4181 ,λυσιτελής
916 4115 1088 4169 ἐστιν
1121 4118 1158 4184 ἡ
1188 4115 1320 4184 ζωή.
1368 4119 1529 4173 Ἀλλ’
1557 4119 1772 4184 ἐξελοῦ

172 4199 408 4252 nitor
447 4200 555 4253 τοῦ
595 4206 981 4274 κατέχοντος,
1030 4209 1087 4261 ετ
1134 4227 1224 4275 τις
1274 4211 1370 4263 καὶ
1427 4213 1563 4280 περὶ
1604 4213 1773 4282 ἡμῶν

168 4306 272 4346 σοι
298 4296 591 4361 φροντίς·
615 4300 667 4349 ει
686 4298 755 4351 δὲ
775 4299 883 4367 μὴ,
908 4299 989 4364 τῷ
1020 4302 1256 4357 ἐκείνου
1284 4306 1485 4373 λύθρῳ
1510 4307 1773 4361 σπεῖσον

169 4386 271 4437 καὶ
357 4385 541 4454 ἡμᾶς.
597 4390 751 4443 Οὐδὲ
806 4391 917 4460 γὰρ
966 4393 1333 4462 διῃρημένην
1388 4399 1645 4468 φέρομεν
1700 4400 1771 4465 ἐξ

1875 1919 2284 1987 conspeximus,
2342 1921 2433 1987 qui
2495 1930 2549 1975 et
2592 1923 2691 1991 ipsi
2742 1939 2902 1979 enses
2960 1928 3212 1982 manibus
3267 1939 3448 1996 gesta-

1876 2017 2015 2059 rent.
2067 2005 2126 2058 ili
2180 2022 2416 2076 quoque.
2482 2019 2540 2063 ut
2594 2013 2734 2067 inter
2780 2014 2999 2082 eosqui
3050 2017 3163 2084 jam
3189 2027 3445 2084 ceperant

1876 2113 1977 2151 nos
2039 2099 2233 2154 adduci
2284 2099 2503 2160 videre.
2572 2104 2811 2157 naturali
2859 2106 3011 2159 rabie
3074 2107 3279 2160 conciti
3347 2107 3447 2159 im-

1876 2189 2141 2254 pudenter
2186 2190 2389 2260 impetu
2444 2192 2746 2257 irruerunt,
2802 2198 2990 2262 procul
3029 2198 3206 2251 etiam
3244 2197 3452 2252 furoris

1876 2281 1987 2332 \im
2017 2282 2239 2335 nimiam
2275 2286 2651 2340 ostendentes.
2686 2286 2982 2356 Postquam
3021 2304 3147 2342 vero
3170 2289 3283 2356 jam
3320 2306 3445 2358 pro-

1877 2387 1939 2438 pe
1972 2370 2102 2427 facti
2133 2375 2348 2442 eosqui
2401 2391 2502 2430 nos
2551 2388 2677 2431 ante
2707 2388 2984 2447 ceperant,
3023 2396 3088 2433 ne
3123 2380 3251 2450 quid
3284 2381 3443 2435 nobis

1875 2468 2030 2517 nexae
2065 2463 2386 2531 inferretur,
2425 2467 2583 2537 555
2609 2484 2899 2525 occurrere
2929 2471 3201 2537 viderunt,
3226 2473 3291 2525 ad
3324 2488 3445 2526 sese

1874 2554 2034 2611 divisi
2070 2558 2331 2626 paulatim
2384 2573 2755 2616 recesserunt.
2803 2562 2958 2617 Unus
3010 2579 3137 2618 vero
3166 2565 3447 2633 quispiam

1877 2645 2118 2708 illorutn,
2154 2648 2368 2716 majore
2400 2650 2625 2720 reliquis
2658 2651 3444 2720 impudentia,utvidebatur.

1876 2739 2236 2808 audaciaque,
2265 2741 2405 2795 haud
2435 2757 2595 2797 secus
2620 2759 2683 2797 ac
2707 2747 2862 2800 canis
2886 2747 3121 2800 latrandi
3147 2749 3451 2816 impotens.

1875 2829 2087 2910 insania
2134 2830 2324 2887 furens
2376 2837 2713 2905 sequebatur
2768 2845 2933 2907 atque
2990 2855 3157 2892 unum
3193 2842 3453 2909 aliquem.

1876 2930 2130 2977 nostrum
2149 2923 2333 2993 gladio
2360 2927 2523 2982 ferire
2551 2926 2679 2982 dole
2701 2929 3046 2985 moliebatur.
3075 2930 3253 2985 Unum
3288 2948 3442 2985 nam--

1873 3030 1978 3083 que
2008 3031 2038 3070 e
2071 3016 2280 3072 nostris
2327 3018 2729 3097 praedatoribus
2770 3036 2892 3077 sese
2929 3023 3221 3084 simulans.
3259 3025 3447 3079 nescio

1873 3123 1979 3175 qua
2014 3109 2229 3175 ratione
2276 3125 2304 3163 a
2362 3112 2589 3181 reliquis
2639 3129 2725 3169 me
2776 3116 2916 3169 clam
2950 3118 3277 3172 subductum
3311 3127 3364 3172 et
3414 3134 3444 3171 a

1875 3209 2021 3252 cmtu
2058 3198 2341 3266 paululum
2400 3201 2719 3269 abjunctum
2762 3205 3074 3261 interﬁcere
3121 3210 3443 3263 conabatur.

1878 3286 1933 3340 lu
1977 3301 2085 3355 quo
2113 3287 2295 3342 statim
2339 3288 2601 3359 ingemui.
2649 3294 2812 3348 Pater
2848 3304 3032 3349 autem
3065 3314 3218 3351 meus
3251 3298 3455 3351 obtur-.

1875 3377 2035 3443 batus
2069 3387 2236 3449 atque
2272 3396 2576 3437 conversus
2608 3383 2839 3454 (quippe
2878 3388 2965 3441 cui
3011 3403 3194 3443 comes
3226 3390 3458 3445 incede-

1876 3470 2023 3537 bam)
2056 3479 2115 3525 ut
2144 3472 2253 3541 jam
2286 3474 2446 3528 morti
2482 3477 2847 3546 propinquum
2897 3480 3051 3545 vidit,
3102 3481 3449 3536 frementem-

1873 3577 1980 3632 que
2034 3563 2279 3619 lictorem
2343 3579 2410 3619 ac
2455 3566 2507 3618 in
2566 3582 2688 3621 meo
2720 3577 2963 3637 gutture,
3028 3586 3189 3639 quem
3232 3570 3449 3639 capitii-

1874 3658 1949 3711 tio
1975 3666 2251 3727 arreptum
2293 3666 2520 3723 teneret,
2573 3660 2813 3728 gladium
2849 3661 3441 3732 eondereparantem,

1874 3763 1998 3802 eum
2042 3749 2133 3818 qui
2178 3756 2304 3803 ante
2339 3765 2366 3801 a
2400 3748 2650 3816 periculo
2706 3750 3073 3813 liberaverat,
3124 3768 3249 3806 cum
3283 3766 3451 3821 prope

1873 3851 2041 3903 esset.
2097 3858 2260 3897 manu
2298 3844 2526 3909 vellens,
2576 3845 2846 3912 anxieque
2881 3861 3102 3899 scenam
3138 3847 3443 3921 aperiens;

1876 3935 2017 4000 Quid
2053 3934 2107 3986 id
2144 3944 2245 3997 est,
2284 3936 2382 3999 ait,
2421 3944 2471 3989 et
2508 3953 2668 4005 quam
2726 3937 2789 3989 ob
2845 3954 3099 4001 causam,
3149 3948 3446 3991 vestrarum

1871 4026 2288 4093 promissionum
2338 4025 2530 4088 obliti,
2581 4027 2758 4095 ﬁlium
2817 4046 2989 4081 meum
3047 4031 3201 4097 quasi
3257 4031 3456 4094 capitis

1874 4118 2185 4170 damnatum
2227 4120 2722 4171 morte‘multatis?
2778 4119 2868 4172 ille
2910 4122 2955 4173 si
3008 4130 3171 4173 morie
3206 4120 3447 4173 sublatus

1876 4210 2056 4274 fuerit,
2091 4224 2182 4262 nec
2214 4209 2323 4261 vita
2357 4208 2507 4262 nobis
2541 4211 2828 4280 quidquam
2851 4212 2998 4263 utilis
3025 4214 3147 4265 erit.
3174 4215 3308 4264 Eum
3343 4213 3448 4262 ila-

1872 4317 1970 4370 que
2003 4300 2407 4369 ab-oppnssore
2427 4300 2618 4364 libera,
2646 4304 2696 4355 si
2725 4303 2852 4371 quid
2885 4302 2979 4354 tibi
3006 4317 3147 4355 cura:
3184 4311 3261 4355 est
3305 4311 3352 4354 et
3383 4302 3448 4355 de

1875 4392 2048 4446 nobis.
2084 4389 2180 4445 Sin
2208 4392 2405 4452 minus,
2434 4408 2525 4445 nos
2550 4394 2924 4462 quoque-illius
2959 4392 3124 4445 libato
3149 4392 3442 4444 cruoribus.

166 4478 484 4544 ἀλλήλων
548 4483 864 4552 ὑπομεῖναι
918 4486 1034 4554 τὴν
1079 4489 1387 4556 τελευτήν.
1452 4492 1627 4553 Εὐθὺς
1678 4489 1770 4546 οὖν

1881 4482 2001 4537 Νοη
2041 4484 2178 4538 enim
2238 4484 2560 4538 sustinemus
2620 4493 2676 4537 ut
2736 4500 2972 4539 seorsum
3028 4500 3166 4537 unus
3226 4486 3291 4537 ab
3336 4484 3444 4535 alio

170 4564 571 4636 θορυϐηθέντα
614 4571 709 4622 ἐπὶ
756 4572 967 4636 τούτοις
1017 4575 1351 4646 ἀναδραμεῖν
1393 4577 1477 4649 [Ρ.
1506 4580 1633 4651 558]
1678 4584 1770 4634 τὸν

166 4658 499 4728 ἄνθρωπον,
537 4662 631 4715 καὶ
664 4664 962 4717 ἐπιστάντα
992 4665 1069 4737 τῷ
1092 4668 1243 4733 τόπῳ
1268 4668 1367 4738 τὴν
1391 4669 1572 4735 δεξιάν
1605 4688 1773 4724 κατα-

169 4752 327 4817 σχεῖν
353 4750 453 4803 τοῦ
474 4750 754 4824 βαρϐάρου
780 4755 1088 4825 τεταμένην
1110 4753 1277 4810 οὖσαν
1306 4759 1400 4810 καὶ
1428 4760 1528 4829 τὴν
1560 4760 1772 4830 σφαγὴν

169 4842 530 4911 σχηματίζου
540 4846 721 4899 σαν.δῆ
740 4847 838 4910 Ὃς
866 4848 958 4900 καὶ
985 4848 1315 4917 ἐπισχεθεὶς,
1333 4848 1409 4912 ὡς
1432 4850 1505 4919 μὴ
1523 4850 1769 4920 δυνηθεὶς

163 4931 227 4983 τὸ
258 4934 473 4988 δοκοῦν
507 4938 807 4999 ἐκτελέσαι,
830 4940 965 5008 πρὸς
993 4940 1219 4995 πλείονα
1236 4940 1438 5011 ἐξῆπτο
1458 4941 1649 5011 θυμόν·
1678 4942 1771 4996 καὶ

165 5024 387 5093 φρίξας
415 5028 513 5089 τὰς
547 5030 807 5095 σιαγόνας
836 5031 962 5092 τούς
998 5049 1054 5083 τε
1089 5032 1401 5101 ὀφθαλμοὺς
1427 5032 1771 5103 στρεὸλώσας

162 5118 269 5168 καὶ
304 5120 443 5181 τοὺς
487 5120 703 5185 ὀῖόντας
738 5126 1008 5193 κροτήσας
1041 5125 1219 5194 (τοῦτο
1250 5127 1358 5195 γὰρ
1390 5126 1693 5195 Βαρϐάρων
1721 5125 1771 5159 ⁸⁸

161 5208 352 5280 ἔθος),
390 5212 575 5281 φόνιόν
605 5232 657 5268 τι
702 5217 796 5268 καὶ
840 5216 1102 5286 βλοσυρὸν
1133 5218 1344 5281 ἐνιδὼν,
1376 5219 1649 5286 ἐπεχείρει
1677 5218 1773 5270 τοῦ

163 5303 519 5372 κατέχοντος
539 5307 735 5361 ἑαυτὸν
758 5309 1066 5381 ἀπορρῆξαι
1090 5311 1183 5363 καὶ
1208 5309 1363 5373 αὖθίς
1391 5327 1480 5380 μοι
1501 5310 1767 5363 ἐπελθεῖν.

159 5394 297 5447 οὐκ
327 5398 421 5450 εῐα
439 5400 494 5453 δὲ
517 5400 709 5455 τοῦτον
731 5404 938 5465 ἐκεῖνος
960 5404 988 5455 ὁ
1011 5403 1146 5473 πρὸς
1170 5403 1307 5457 Θεοῦ
1338 5402 1610 5473 πεμφθεὶς
1639 5404 1771 5473 ἡμῖν

156 5486 236 5534 ἐν
284 5490 473 5561 καιρῷ
511 5495 718 5563 σωτὴρ,
756 5494 892 5548 ἀλλὰ
936 5495 1139 5558 πάσαις
1178 5497 1219 5529 ³⁸
1261 5496 1424 5550 αὐτὸν
1459 5495 1770 5558 κολακείαις

1877 4582 2099 4628 mortem
2138 4584 2472 4643 oppetamus.
2510 4572 2607 4628 His
2640 4585 2950 4628 commotus
2991 4575 3093 4637 illa
3123 4575 3310 4629 statim
3347 4589 3444 4628 ex-

1876 4666 2071 4730 currit,
2095 4674 2259 4735 atque
2284 4667 2349 4720 ad
2374 4667 2552 4720 locum
2584 4666 2853 4721 accedens
2881 4677 3161 4720 extensam
3180 4665 3290 4733 jam
3320 4665 3447 4718 bar-

1875 4760 1994 4814 bari
2047 4759 2329 4814 dexteram
2392 4774 2690 4827 ensemque
2732 4759 3038 4812 vibrantem
3087 4758 3343 4811 detinuit.
3397 4754 3446 4809 ls

1875 4864 2025 4911 vero,
2081 4849 2187 4902 etsi
2227 4854 2428 4901 conatu
2494 4848 2749 4911 inhibito,
2786 4856 2863 4900 uti
2902 4848 2991 4900 eui
3044 4863 3171 4900 non-
3206 4845 3449 4900 licuisset

1876 4941 2204 4996 destinatam
2254 4940 2435 4991 animo
2489 4950 2705 5009 patrare
2744 4940 2968 5003 cmdem,
3019 4938 3209 5006 majori
3264 4936 3450 4991 furore

1879 5032 2106 5097 exarsit,
2136 5032 2485 5100 maxillisque
2518 5031 2757 5087 fremens
2792 5041 2845 5087 et
2873 5032 3066 5085 oculos
3097 5030 3449 5098 distorquens

1879 5124 2183 5195 dentesque
2212 5126 2455 5179 stridens
2483 5124 2739 5197 556(id
2773 5125 2918 5179 enim
2945 5122 3203 5177 Barbaris
3227 5122 3279 5175 in
3300 5136 3448 5174 more

1882 5218 1987 5285 est)
2020 5226 2258 5273 cruento
2286 5218 2793 5288 trucique—aspectu
2821 5231 2849 5268 a
2888 5224 3106 5270 tenente
3137 5229 3257 5270 sese
3287 5227 3452 5281 espe-

1878 5307 1996 5362 dire
2037 5308 2344 5362 conabatur
2374 5322 2439 5363 ac
2480 5322 2676 5362 rursus
2710 5308 2761 5361 in
2795 5320 2881 5360 me
2910 5305 3124 5359 irruere
3156 5323 3169 5358 :
3203 5303 3295 5357 sed
3339 5318 3446 5356 non

1879 5401 2092 5456 sinebat
2141 5400 2233 5456 ille
2281 5401 2374 5472 qui
2407 5416 2436 5455 a
2471 5400 2582 5457 Deo
2616 5408 2960 5471 opportunus
2990 5398 3147 5453 nobis
3193 5408 3449 5452 servator
3471 5432 3494 5455 ο

1880 5490 2085 5545 missus
2139 5488 2339 5557 fuerat,
2371 5493 2467 5546 sed
2514 5490 2711 5545 blande
2758 5489 3041 5551 suadendo
3095 5502 3125 5541 a
3169 5488 3447 5557 preposito
3468 5524 3521 5575 ο

1486 5608 1719 5667 νΑῐὶΙίΕ
1751 5605 2154 5665 LECTIONES.

251 5691 307 5723 ⁸⁸
330 5702 677 5767 ⁸προσειπὼν
694 5706 752 5759 Ρ.

251 5704 752 5815 ’⁸1ξτροσειπὼν-Ρ.
835 5705 877 5736 ⁸⁷
911 5705 1010 5776 ἤδη
1043 5720 1150 5759 om.
1181 5704 1239 5760 Ρ.

166 5776 287 5815 σας
382 5807 396 5815 .

1324 5705 1775 5778 ι*σκεδασθέντες
1827 5703 1930 5758 AP.
2008 5701 2051 5736 δ’
2104 5700 2525 5773 σχηματίσασαν
2553 5701 2616 5755 Α.
2695 5702 2740 5734 ⁸⁶
2772 5698 3068 5771 βαρσάροις
3105 5697 3160 5752 Ρ.
3194 5692 3197 5695 ¹
3237 5700 3293 5730 ἰ’
3332 5698 3450 5750 πεί-
