3962 6200
417 325 518 386 607

1648 330 1889 390 ῘΟΑΝΝ
1899 328 1987 388 ES
2021 330 2172 388 (ΞΛΜ
2185 330 2276 388 EN
2289 329 2457 387 l‘A'l‘li'

3564 323 3688 384 603

411 441 585 493 disset
618 451 767 494 certo
807 440 913 494 sibi
948 439 1150 493 conscii
1185 449 1364 505 erant,
1409 442 1510 511 ipsi
1548 457 1606 496 se
1646 444 1829 496 statim
1871 457 1997 510 pro-

2113 441 2206 492 ιῶν
2233 437 2552 498 ἑαλωκότων
2583 437 2830 506 ὑπῆρχον
2857 434 3072 504 ἔχοντε-ς
3094 434 3300 503 εἴδησιν
3315 436 3521 504 ἀκριϐῆ
3549 452 3687 503 mp:

414 533 606 586 dentes
658 532 788 585 dare
841 532 1126 600 urgebant,
1177 541 1234 586 ut
1299 535 1389 600 qui
1456 550 1567 588 rem
1609 536 1732 591 vita:
1801 536 1996 606 pignus

414 624 520 679 sibi
557 634 860 679 noverant:
895 623 983 691 qui
1022 640 1148 678 vero
1199 626 1333 679 nihil
1363 627 1471 681 tale
1505 629 1646 694 apud
1688 643 1747 681 se
1777 637 1996 683 exstare

416 719 682 778 sciebant.
742 719 834 771 sed
891 717 1039 771 inani
1094 721 1438 774 solummodo
1487 739 1581 790 spe
1637 724 1996 792 pasciscendo

418 809 580 862 verba
614 806 898 868 dederant.
931 811 1154 864 indubie
1187 823 1415 865 mortem
1443 815 1836 882 exspectabant
1861 817 1992 878 illis,

419 900 618 966 quibus
666 901 778 954 luec
821 904 1091 968 deessem,
1123 903 1419 958 decretam.
1451 905 1631 970 Quare
1677 924 1843 977 super
1894 911 1996 962 hoc

418 987 786 1044 Barbarorum
834 992 1055 1060 quidam
1088 993 1456 1058 destinantur,
1487 1006 1567 1058 ut,
1601 997 1691 1065 qui
1729 1014 1826 1050 sua
1858 1015 1995 1067 pra:-

418 1083 546 1134 bere
585 1082 812 1143 vellent,
842 1098 937 1137 eos
984 1084 1034 1136 in
1073 1085 1319 1151 proprias
1357 1085 1501 1140 :edes
1547 1089 1900 1152 reducerent;
1945 1099 2000 1143 et

420 1172 464 1225 si
525 1173 636 1225 haec
689 1175 824 1226 tanti
875 1184 1061 1228 essent
1106 1191 1226 1244 quae
1278 1192 1502 1229 avarum
1539 1180 1756 1232 oculum
1805 1182 1997 1236 merito

419 1264 688 1315 exsatiare
751 1279 1010 1330 possent,
1064 1267 1241 1318 salute
1299 1267 1532 1320 donatos
1585 1267 1728 1321 inter
1786 1271 1996 1324 vini-tos

423 1369 616 1408 rursus
661 1355 1031 1420 collocarent;
1078 1356 1221 1423 quod
1250 1357 1292 1410 si
1354 1357 1477 1409 vilia
1516 1359 1762 1426 quaedam
1813 1370 1865 1414 et
1899 1378 1999 1430 pu-

421 1445 561 1508 silla,
591 1460 651 1497 ac
678 1462 799 1514 qua:
837 1447 1015 1500 minus
1057 1448 1323 1515 placitura
1366 1449 1599 1504 miltenti
1636 1453 1987 1512 exsisterent.

419 1551 512 1588 eos
563 1535 724 1601 giailii
786 1553 1047 1591 mucrone
1097 1539 1458 1593 conﬁcerent.
1511 1541 1629 1594 Non
1689 1545 1804 1597 leve
1873 1545 1999 1599 hinc

424 1641 615 1679 rursus
662 1628 961 1693 periculum
997 1628 1245 1694 captivos
1277 1631 1656 1698 circumstare,
1690 1650 1814 1688 cum
1859 1637 2001 1690 inter

421 1729 515 1766 eos
573 1716 724 1768 multi
784 1724 968 1769 essent
1019 1719 1218 1785 quibus
1259 1719 1408 1770 nulla
1456 1719 1726 1786 ejusmodi
1773 1723 2000 1776 materia

2105 526 2180 586 ὧν
2216 529 2354 600 ἦσαν
2385 529 2848 600 προκεκρυφὸτες,
2925 526 3128 589 εὐθέως
3165 527 3423 596 ἐκδήλους
3455 528 3692 586 ἑαυτοὺς

2108 623 2384 675 καθίστων
2405 625 2450 656 ⁹¹
2480 621 2894 687 κατεπείγοντες
2941 622 3040 688 τὴν
3083 618 3230 670 δόσιν
3276 617 3350 679 ὡς
3383 617 3484 685 τῆς
3539 617 3685 684 ζωῆς

2110 716 2404 783 παραιτίαν
2431 731 2442 744 ·
2481 713 2594 765 ὅσοι
2623 711 2680 764 δὲ
2715 710 2879 779 μηδὲν
2926 708 3164 762 τοιοῦτον
3198 707 3341 778 ἔχειν
3377 710 3506 778 παρ’
3550 709 3686 760 ἐαυ-

2107 808 2220 867 τοῖς
2260 803 2652 870 ἐπεγίνωσκον,
2695 803 2810 855 ἀλλ’
2852 803 2944 856 ἐπὶ
3002 801 3260 871 ματαίαις
3291 801 3448 868 μόνον
3501 801 3688 850 ἐλπίσι

2106 896 2206 958 τὰς
2254 895 2529 964 συνθήκας
2583 894 2923 956 ἐπλάσαντο,
2967 895 3066 960 τὴν
3113 893 3329 959 σφαγὴν
3375 891 3691 958 ἐξεδέχοντο

2107 986 2488 1055 ἀναμφιϐόλως
2517 987 2625 1047 τοῖς
2657 983 2847 1048 ἐνδεῶς
2875 984 3054 1053 ἔχουσι
3086 982 3418 1052 κεκριμένην
3441 983 3508 1033 ’³.
3539 983 3690 1033 Τάτο

2107 1095 2289 1132 τονται
2317 1078 2382 1145 δὴ
2408 1075 2502 1130 οὖν
2535 1077 2626 1129 ἐπὶ
2653 1076 2828 1146 τούτῳ
2864 1076 2973 1128 τῶν
3003 1073 3295 1144 βαρὸἁρων
3326 1071 3490 1134 τινὲς,
3544 1071 3691 1124 ὥστε

2107 1171 2230 1232 τοὺς
2258 1155 2615 1239 βουλομένους
2640 1167 2908 1239 παρέχειν
2937 1169 3006 1220 τε
3032 1166 3242 1219 ἑαυτῶν
3273 1167 3329 1218 ἐν
3361 1167 3481 1227 ταῖς
3523 1164 3689 1226 ἰδίαις

2107 1262 2404 1330 ἀποφέρειν
2437 1261 2656 1324 οἰκίαις,
2693 1263 2785 1314 καὶ
2814 1261 2862 1312 εί
2899 1260 2995 1329 μὲν
3025 1259 3152 1325 ἄξια
3187 1259 3272 1326 εἴη
3305 1256 3690 1308 πλεονεκτικὶν

2107 1352 2387 1421 ὀφθαλμὸν
2419 1352 2665 1420 κορέσαι,
2722 1350 2994 1422 σωτηρίας
3026 1366 3085 1400 τε
3127 1347 3410 1413 ἀξιοῦσθαι
3462 1345 3691 1407 τούτους

2108 1444 2200 1496 καὶ
2231 1440 2388 1505 αὖθις
2419 1446 2530 1505 τοῖς
2572 1443 2815 1512 δεσμίοις
2845 1439 3284 1512 ἐναριθμεῖσθαι,
3312 1441 3360 1491 εί
3391 1439 3449 1492 δ’
3493 1437 3694 1506 εὐτελῆ

2108 1549 2232 1585 τινα
2254 1532 2347 1585 καὶ
2375 1532 2581 1603 βραχέα
2605 1534 2698 1584 καὶ
2727 1527 2809 1595 οἷς
2836 1533 2938 1585 οὐκ
2985 1531 3051 1585 ἂν
3079 1532 3319 1599 κρίνοιεν
3360 1528 3693 1582 εὐδοκοῦντα

2109 1624 2201 1675 τὸν
2231 1624 2655 1685 ἀποστείλαντα,
2681 1623 2780 1690 τῆς
2812 1622 3088 1692 μαχαίρας
3113 1621 3386 1688 γενέσθαι.
3429 1621 3547 1671 Οὐκ
3576 1619 3693 1670 ὀλί-

2110 1731 2205 1781 γος
2234 1709 2308 1783 ἦν
2343 1717 2407 1766 ἐκ
2429 1713 2620 1766 τούτου
2657 1713 2819 1766 πάλιν
2850 1716 2961 1774 τοῖς
2991 1711 3038 1743 ’⁸
3067 1709 3409 1781 χειρωθεῖσιν
3433 1711 3462 1762 ὀ
3508 1708 3698 1760 κίνδυ-

424 1807 661 1869 pretiosa
719 1818 1035 1876 suppeteret
1065 1809 1263 1878 suique
1309 1810 1561 1864 illecebra
1591 1813 1833 1882 capiens.
1875 1813 2006 1868 Pro-

2116 1823 2226 1868 νος,
2277 1805 2489 1858 πολλῶν
2531 1805 2961 1875 διακρινομένων
3009 1805 3074 1857 ἐκ
3120 1802 3228 1854 τῶν
3277 1802 3510 1870 ἐχόντων
3564 1801 3696 1870 ὕλην

422 1901 597 1947 tracta
650 1895 762 1948 haec
797 1911 892 1963 per
941 1906 1084 1950 totos
1131 1898 1318 1952 decem
1375 1899 1491 1954 dies
1541 1910 1858 1972 noctesque.
1892 1922 2014 1957 cum

425 1985 780 2049 pecuniarum
834 1987 1127 2040 multitudo
1174 1989 1434 2044 continue
1485 2007 1550 2044 ex
1598 1994 1730 2046 urbe
1759 2006 2013 2060 exporta-

427 2087 598 2137 retur,
629 2084 682 2129 et
718 2077 820 2130 alia
859 2079 1172 2133 necessaria
1231 2083 1482 2147 materia,
1521 2083 1638 2150 ipsa
1687 2086 1885 2138 sericis
1937 2087 2019 2141 in-

427 2167 706 2222 dumentis
768 2171 1038 2235 emicans,
1098 2173 1182 2224 vel
1237 2188 1357 2240 qua:
1412 2174 1523 2227 lino
1580 2173 1826 2229 confecta
1893 2193 2015 2231 cum

426 2269 645 2312 textura
702 2275 1030 2315 aranearum
1062 2262 1442 2329 contenderet,
1473 2274 1532 2318 ut
1572 2265 1764 2320 horum
1812 2270 2016 2330 cumuli

429 2361 643 2404 montes
697 2365 760 2404 ac
807 2353 976 2407 colles
1021 2363 1395 2422 exaequarent;
1429 2372 1554 2410 cum
1603 2359 1706 2412 alia
1757 2361 1878 2413 aliis
1927 2379 2018 2417 su-

432 2451 751 2510 peraggesta
817 2443 1129 2510 subjectum
1181 2448 1357 2500 locum
1407 2451 1801 2518 ronstiparent.
1840 2451 2019 2508 Eri-aa

430 2532 576 2585 enim
622 2543 715 2586 aut
758 2535 946 2590 ferrea:
990 2539 1354 2605 supellectilis
1388 2552 1480 2595 aut
1521 2559 1584 2596 ex
1626 2544 1746 2596 lana
1793 2555 2018 2601 contex-

433 2630 610 2677 tarum
660 2627 890 2679 vestiqu
943 2629 1088 2681 nulla
1143 2629 1223 2682 eis
1271 2641 1386 2684 erat
1434 2634 1597 2694 ratio,
1630 2636 1779 2702 quod.
1823 2636 2014 2691 borum

433 2731 600 2768 censu
626 2714 786 2787 569
811 2721 1057 2786 gravaris
1079 2720 1407 2789 superﬂuum
1429 2722 1712 2778 ducerent.
1743 2726 1803 2778 Et
1828 2729 1872 2780 si
1897 2732 2018 2794 quis

435 2793 749 2874 imprudens
789 2811 894 2862 tale
925 2811 1052 2877 quid
1095 2813 1389 2876 attulisset,
1427 2816 1480 2867 in
1517 2833 1664 2870 mare
1711 2818 2011 2885 iaciebant,

435 2899 535 2952 hoc
574 2915 791 2969 quoque
836 2917 930 2956 eos
981 2905 1275 2957 multantes
1323 2907 1413 2974 qui
1463 2909 1767 2974 periculum
1802 2913 2015 2965 evasis-

434 2997 574 3053 sent,
623 2997 682 3040 ut
719 2991 786 3043 'et
833 2991 935 3059 ipsi
988 2994 1333 3063 multijugam
1387 2997 1773 3067 diversamque
1832 3017 2012 3054 rerum

430 3079 699 3148 iacturam
754 3084 1055 3139 sentientes
1117 3086 1392 3140 vastitatis
1443 3099 1495 3142 et
1557 3090 1680 3141 mali
1749 3092 2014 3159 tantisper

435 3172 727 3240 participes
767 3175 980 3228 ﬁerent.

507 3259 596 3317 59.
623 3261 756 3316 Cum
781 3263 991 3333 reliqua
1034 3268 1374 3336 captivorum
1409 3269 1763 3325 multitudine
1816 3282 2007 3343 captus

435 3367 654 3422 quoque
682 3355 860 3409 fuerat
893 3356 1114 3425 quidam
1145 3359 1492 3428 imperatoris
1525 3363 1833 3425 eunuchus.
1868 3381 2010 3419 unus

434 3459 504 3497 ex
555 3445 905 3515 primatibus,
959 3449 1048 3502 cui
1109 3450 1473 3521 Rbodopbylo
1523 3469 1721 3506 nomen
1773 3464 1913 3510 erat.
1961 3456 2010 3510 ls

437 3536 599 3603 paulo
626 3549 750 3590 ante
781 3539 1088 3606 periculum
1118 3540 1172 3592 in
1205 3540 1558 3596 Occidentem
1604 3542 1828 3606 missus,
1881 3561 2007 3598 cum

438 3628 762 3680 necessariis
786 3628 1112 3695 quibusdam
1145 3645 1211 3683 ex
1238 3631 1420 3686 causis
1443 3631 1497 3684 in
1527 3631 1719 3687 urbem
1749 3636 2007 3701 venisset,

438 3716 556 3784 pari
583 3717 742 3771 nobis
784 3728 983 3773 eventu
1031 3721 1300 3782 inclusus.
1362 3723 1631 3776 malorum
1687 3740 1808 3794 quae
1863 3726 2008 3780 dicta

437 3813 567 3859 sunt
601 3808 715 3874 ipse
741 3825 961 3879 quoque
983 3827 1212 3868 consors
1239 3812 1494 3868 edicitur.
1530 3814 1736 3885 Nempe
1763 3816 1870 3870 vim
1897 3833 2010 3871 ma-

435 3914 593 3967 gnam
627 3901 746 3954 auri
775 3903 1044 3969 portabat,
1080 3921 1242 3974 quam
1283 3906 1337 3959 in
1370 3911 1622 3975 sumplus
1649 3916 1702 3960 et
1736 3908 2008 3976 stipendia

433 3991 710 4045 exercitus
739 3991 934 4056 Siculi,
962 3995 1223 4049 continue
1262 4012 1386 4050 cum
1441 3998 1713 4053 Africanis
1759 3998 2010 4054 barbaris

435 4095 628 4136 manus
655 4085 996 4139 conserentis
1026 4103 1257 4156 eamque
1288 4089 1358 4142 ob
1388 4104 1501 4144 rem
1527 4090 1698 4145 multa
1719 4105 1822 4160 ope
1848 4107 2012 4161 egen-

437 4174 528 4239 tis,
564 4191 620 4229 se
652 4175 866 4232 deferre
900 4179 1102 4234 aiebat.
1157 4179 1257 4235 Hic
1288 4181 1469 4250 itaque
1497 4191 1658 4237 nocte
1689 4199 1810 4252 qua:
1858 4193 2010 4239 ante-

433 4263 601 4317 cessit
623 4265 918 4321 discrimen
938 4271 1094 4339 cujus
1112 4285 1212 4323 nos
1227 4285 1419 4325 omnes
1434 4272 1739 4341 periculum
1758 4273 2006 4340 fecimus,

433 4357 572 4410 clam
610 4373 806 4411 aurum
847 4358 978 4414 illud
1015 4370 1184 4431 atque
1219 4378 1284 4416 ex
1318 4363 1492 4418 servis
1526 4363 1642 4418 suis
1687 4365 2004 4429 nonnullos,

2117 1897 2239 1949 τινὰ
2281 1896 2771 1966 περισπούδαστον.
2817 1896 3084 1948 Ἐτελεῖτο
3115 1895 3172 1947 δὲ
3207 1894 3381 1947 ταῦτα
3429 1893 3516 1960 ἐφ’
3555 1893 3697 1955 ὅλοις

2117 1989 2486 2058 νυχθημέροις
2512 1988 2667 2053 δέκα,
2703 1988 2801 2057 τῆς
2837 1987 3076 2056 πληθύος
3112 1986 3200 2038 ἀεὶ
3249 1984 3358 2037 τῶν
3388 1984 3695 2054 χρημάτων

2117 2079 2526 2149 ἐκφορουμένης
2558 2080 2664 2132 ἀπὸ
2688 2080 2785 2150 τῆς
2815 2079 3022 2140 πόλεως
3060 2077 3156 2146 τῆς
3189 2094 3248 2130 τε
3305 2077 3499 2145 λοιπῆς
3529 2077 3698 2142 ἀνατ-

2119 2168 2281 2231 καίας
2322 2167 2477 2238 ὕλης,
2507 2170 2602 2240 ’ὀση
2652 2168 2739 2223 διὰ
2777 2169 3011 2239 σηρικῆς
3057 2167 3278 2238 ἐσθῆτος
3320 2167 3602 2238 εὐπρεπὴς
3631 2162 3698 2237 ἦν

2118 2242 2211 2313 καὶ
2233 2261 2329 2331 ὅση
2354 2261 2439 2314 διὰ
2460 2262 2606 2315 λίνου
2639 2263 2752 2324 τοῖς
2796 2261 3113 2330 ἁραχναίοις
3133 2261 3182 2291 ’⁵
3209 2258 3404 2330 ἦριζεν-
3437 2259 3697 2329 ὑφάσμα-

2119 2369 2224 2419 σιν,
2250 2354 2324 2417 ὼς
2353 2354 2453 2424 ὅρη
2480 2353 2572 2406 καὶ
2597 2354 2818 2423 βουνοὺς
2841 2351 3180 2406 ἐκτελεῖσθαι
3204 2352 3304 2414 τὰς
3355 2352 3560 2404 τούτων
3587 2369 3695 2405 σω-

2122 2442 2294 2512 ρείας,
2320 2442 2494 2496 ἄλλων
2523 2443 2605 2492 ἐπ’
2629 2441 2808 2502 ἄλλοις
2833 2439 3229 2508 ἐπιτιθεμένων
3249 2437 3450 2490 καὶτὸν
3474 2438 3699 2490 ὑποκείο

2123 2553 2279 2604 μενον
2308 2535 2471 2586 τόπον
2497 2534 2874 2602 πληρούντων.
2903 2531 3139 2584 Χαλκῶν
3175 2531 3284 2600 γὰρ
3313 2530 3403 2582 καὶ
3432 2529 3700 2598 σιδηρέων

2121 2627 2392 2696 σκευῶνῆ
2425 2626 2532 2678 τῶν
2587 2625 2644 2690 ἐξ
2688 2625 2849 2693 ἐρίων
2895 2622 3220 2692 ἐσθημάτων
3273 2620 3538 2690 οὐμενοῦν
3586 2621 3696 2674 οὐδ’

2126 2718 2261 2781 ὅλως
2307 2717 2663 2786 ἐφρόντισαν,
2719 2714 2970 2783 περιττὸν
3005 2712 3298 2783 ἡγούμενοι
3348 2712 3448 2781 τὴν
3499 2712 3700 2780 κτῆσιν

2118 2810 2320 2863 αὐτῶν.
2360 2809 2425 2860 Εἴ
2453 2826 2552 2860 που
2585 2809 2639 2859 δέ
2669 2825 2721 2858 τι
2746 2805 2984 2860 τοιοῦτον
3011 2804 3233 2872 ἀγαγὼν
3271 2804 3428 2857 ἔλαθέ
3467 2820 3551 2866 τις
3572 2845 3587 2866 ,
3620 2803 3701 2872 τῷ

2118 2903 2213 2970 τῆς
2245 2901 2520 2970 θαλάσσης
2555 2899 2854 2953 δεδώκασιν
2886 2898 3062 2961 ὕδατι,
3091 2901 3195 2952 κᾶν
3222 2899 3394 2968 τούτῳ
3419 2900 3548 2960 τοὺς
3580 2899 3698 2951 διαο

2116 2995 2349 3064 δράντας
2377 2993 2467 3044 τὸν
2511 2992 2755 3044 κίνδυνον
2790 2991 3145 3060 ἀμυνόμενοι,
3185 2991 3272 3042 ἵνα
3322 2992 3416 3042 καὶ
3463 2992 3618 3043 αὐτοί
3645 3008 3700 3042 τι

2121 3085 2387 3153 μετέχωσι
2429 3083 2519 3136 τοῦ
2567 3081 2760 3146 κακοῦ,
2793 3082 3089 3151 πολυσχιδῆ
3149 3081 3243 3135 καὶ
3276 3081 3540 3153 διάφορον
3594 3083 3701 3151 τὴν

2115 3175 2222 3227 τῶν
2257 3175 2673 3245 ἐνυπαρχόντων
2719 3174 2922 3245 ζημίαν
2955 3172 3428 3241 ἐπαισθανόμενοι.

2180 3267 2276 3321 νϐ’.
2297 3265 2404 3320 Ἤν
2426 3269 2482 3320 δέ
2509 3285 2591 3329 τις
2619 3269 2757 3336 μετὰ
2773 3266 2866 3318 τοῦ
2893 3265 3087 3318 λοιποῦ
3114 3264 3352 3333 πλήθους
3389 3265 3496 3315 τῶν
3537 3266 3704 3333 αἰχμ-

2110 3357 2333 3410 αλώτων
2363 3357 2691 3426 συλληφθεὶς
2718 3357 2975 3424 εὐνοῦχος
3021 3356 3114 3407 τοῦ
3145 3352 3407 3424 βασιλέω;
3465 3354 3557 3405 καὶ
3586 3354 3704 3405 τῶν

2110 3449 2306 3517 ἐξόχων
2355 3443 2453 3512 εἷς,
2503 3447 2833 3516 Ῥοδοφύλης
2861 3447 3003 3525 οὓτω
3039 3443 3399 3514 καλούμενος,
3456 3443 3514 3506 ὃς
3538 3444 3705 3512 ἔτυχε

2112 3539 2214 3608 πρὸ
2244 3537 2442 3606 μικροῦ
2470 3537 2564 3589 τοῦ
2600 3537 2846 3589 κινδύνου
2878 3536 2976 3606 τὴν
3021 3537 3114 3588 ἐπὶ
3146 3535 3308 3587 Δύσιν
3335 3534 3566 3596 σταλεὶς,
3604 3537 3708 3587 καί

2108 3649 2269 3684 τινων
2299 3630 2497 3701 χρειῶν
2539 3630 2722 3681 ἕνεκεν
2751 3629 2888 3700 πρὸς
2917 3633 2981 3699 τῇ
3047 3629 3196 3680 πόλει
3229 3629 3539 3697 γενόμενος,
3572 3630 3709 3707 μεθ’

2109 3721 2264 3792 ἡμῶν
2301 3720 2722 3788 συγκλεισθῆναι
2745 3721 2838 3772 καὶ
2874 3720 3284 3790 τῶν-ῥηθέντων
3318 3719 3556 3789 ἀνιαρῶν
3595 3737 3707 3785 με»

2109 3814 2327 3880 τασχείν
2354 3827 2366 3840 °
2398 3811 2455 3875 ὃς
2479 3811 2569 3864 καὶ
2596 3810 2818 3880 ἐκόμιζε
2855 3810 2971 3880 μεθ’
2993 3809 3188 3863 ἑαυτοῦ
3221 3810 3424 3879 πλῆθος
3444 3809 3708 3880 χρυσίου,

2110 3904 2245 3974 ὅπερ
2273 3902 2457 3971 ἔλεγεν
2486 3904 2722 3971 ἀπάγειν
2741 3901 3058 3973 ἐπικουρίας
3077 3902 3221 3965 τινος
3241 3902 3405 3971 χάριν
3433 3901 3527 3956 τοῦ
3549 3905 3709 3956 κατὰ

2111 3991 2364 4045 Σικελίαν
2417 3991 2684 4062 στρατοῦ,
2748 3991 3196 4062 συμπλεκομένου
3249 3994 3364 4054 τοῖς
3403 3990 3544 4043 κατὰ
3596 3991 3710 4060 τὴν

2122 4084 2387 4154 Ἀφρικὴν
2417 4082 2714 4154 βαρϐάροις
2754 4084 2839 4135 ἀεὶ
2864 4082 2957 4136 καὶ
2985 4082 3186 4152 πολλῆς
3214 4081 3474 4151 δεομένου
3503 4083 3606 4151 τῆς
3647 4087 3711 4135 ἐν

2109 4180 2220 4240 τοῖς
2247 4177 2533 4247 πράγμασι
2560 4175 2876 4246 συνεργίας.
2904 4170 3071 4239 Οὗτος
3099 4171 3192 4228 οὖν
3225 4176 3366 4230 κατὰ
3393 4177 3494 4244 τὴν
3521 4174 3709 4228 νύκτα

2114 4269 2233 4338 μεθ’
2269 4270 2335 4339 ἣν
2365 4267 2456 4320 τοῦ
2492 4267 2739 4320 κινδύνου
2765 4267 2863 4336 τὴν
2882 4271 3079 4338 πεῖραν
3102 4266 3338 4330 ἅπαντες
3368 4266 3707 4332 ἐδεξάμεθα,

2110 4359 2318 4426 ἔλαθεν,
2346 4360 2445 4412 οὐκ
2479 4355 2573 4412 οἷδ’
2599 4359 2768 4421 ὅπως,
2790 4361 3096 4427 ἐξενεγκεῖν
3124 4358 3223 4427 τῆς
3257 4359 3468 4422 πόλεως
3483 4359 3540 4410 τὸ
3561 4375 3706 4427 χρυ-

434 4448 618 4502 nescio
652 4452 952 4518 quomodo.
987 4453 1121 4507 urbe
1143 4455 1414 4508 extulerat
1438 4463 1602 4523 atque
1651 4455 1718 4508 ad
1758 4455 2004 4521 Strymo-

2115 4449 2224 4501 σίον
2254 4450 2430 4501 ἐκεῖνο
2450 4447 2536 4520 [1³.
2566 4447 2693 4520 366]
2732 4449 2868 4518 μετὰ
2900 4449 2994 4502 καί
3023 4465 3185 4501 τινων
3233 4449 3342 4500 τῶν
3383 4450 3704 4528 ὑπηρετου-

431 4539 518 4593 nis
543 4540 735 4596 ducem
768 4544 1018 4610 miserat,
1051 4545 1195 4602 datis
1217 4547 1416 4601 litteris
1449 4547 1554 4600 hoc
1587 4555 1798 4610 tenore,
1841 4559 1902 4603 ut
1939 4552 2006 4605 ad

435 4631 558 4685 belli
599 4649 771 4704 usque
806 4636 1014 4690 exitum
1043 4639 1329 4706 pecuniam
1363 4641 1627 4696 creditam
1681 4652 1799 4696 tuto
1828 4659 2011 4698 serva-

435 4731 536 4777 ret.
567 4722 774 4794 Captus
810 4728 978 4798 igitur
1035 4729 1433 4802 RbodOpliylus
1486 4742 1541 4787 et
1591 4734 1658 4787 ad
1716 4745 2008 4807 tyrannum

431 4815 704 4872 adductus
744 4818 822 4873 illi
863 4836 1047 4875 coram
1100 4822 1331 4880 sistitur.
1388 4825 1481 4880 Ille
1516 4836 1739 4896 aspectu
1778 4837 2008 4894 mutato,

433 4910 734 4980 majorique
763 4927 924 4980 quam
955 4913 1192 4968 habebat
1220 4924 1380 4970 antea
1409 4932 1477 4970 ex
1522 4916 1706 4972 indole
1752 4918 2010 4974 ﬁrmitate

430 5014 500 5056 ac
531 5002 884 5057 vehementia
910 5002 988 5057 illi
1032 5020 1385 5074 congressus,
1429 5008 1802 5079 interrogabat
1839 5029 1851 5064 :
1887 5010 2007 5065 Ubi-

429 5107 576 5153 nam,
608 5093 808 5162 inquit.
839 5094 1178 5165 imperatoris
1206 5113 1421 5160 aurum,
1444 5097 1546 5151 duo
1570 5099 1766 5152 scilicet
1801 5089 2006 5155 talenta

430 5201 547 5254 quae
567 5187 620 5240 in
643 5185 883 5244 Siciliam
913 5191 1132 5244 avehere
1155 5191 1337 5260 jussus
1374 5206 1425 5244 es
1453 5192 1477 5243 ?
1506 5191 1574 5245 At
1601 5192 1958 5264 Rodophylus
1991 5211 2004 5247 :

433 5275 540 5330 Hoc
575 5280 768 5349 ipsum,
798 5283 852 5335 in
885 5281 1048 5352 570
1075 5299 1179 5353 quo
1211 5290 1260 5334 et
1284 5299 1483 5347 versor,
1518 5284 1660 5338 urbis
1701 5284 1895 5338 scilicet
1919 5301 2009 5337 ea:-

430 5372 622 5428 ridium
651 5377 865 5442 veritus,
892 5378 1129 5449 quodque
1162 5394 1254 5448 ego
1277 5379 1407 5446 ipse,
1430 5393 1550 5432 cum
1572 5395 1799 5449 praesens
1819 5395 2002 5442 essem,

433 5471 582 5518 tanta
623 5476 858 5523 vertente
903 5470 1137 5540 periculo
1183 5471 1328 5525 haud
1357 5471 1594 5525 secedere
1625 5480 1883 5540 poteram,
1915 5490 2007 5527 nec

431 5569 548 5623 qua:
576 5574 811 5612 mearum
842 5565 1072 5630 partium
1102 5574 1266 5616 essent
1290 5562 1547 5631 conferre,
1585 5565 1817 5616 omnium
1844 5565 1897 5616 in
1927 5581 2005 5616 me

2113 4542 2290 4612 μένων
2337 4541 2508 4612 αὐτῷ,
2565 4543 2657 4594 καλ⁵
2689 4541 2824 4609 πρὸς
2876 4541 2965 4594 τὸν
3031 4541 3336 4612 στρατηγὸν
3388 4541 3707 4612 Στρυμόνος

2109 4633 2506 4699 ἐξαποστεῖλαι,
2537 4633 2780 4703 χαράξας
2811 4632 3099 4702 ἐπιστολὴν
3129 4632 3490 4703 περιέχουσαν
3517 4633 3705 4700 ἀσφα-

2109 4727 2216 4789 λῶς
2255 4726 2543 4794 φυλάττειν
2573 4726 2730 4778 τοῦτο
2769 4727 2931 4796 μέχρι
2957 4726 3055 4796 τῆς
3088 4725 3369 4788 ἐκϐάσεως
3399 4725 3495 4778 τοῦ
3530 4725 3709 4777 πολέ-

2115 4841 2241 4894 μου.
2270 4823 2565 4891 Χειρωοεὶς
2605 4819 2698 4876 οὖν
2743 4817 2897 4886 οὗτος
2948 4823 3086 4893 ἢχθη
3135 4821 3279 4875 κατὰ
3310 4822 3370 4874 τὸ
3399 4821 3702 4892 πρόσωπον

2109 4915 2204 4969 τοῦ
2223 4915 2508 4986 τυράννου.
2552 4914 2611 4968 Ὀ
2664 4916 2842 4986 δὲτὴν
2881 4915 3096 4986 μορφὴν
3143 4914 3465 4976 ἀλλοιώσας,
3500 4915 3704 4984 ἐμϐρι-

2104 5008 2354 5074 θὲστερον
2379 5025 2436 5061 τε
2467 5009 2666 5079 μᾶλλον
2702 5010 2734 5076 ἢ
2765 5010 3028 5080 πρότερον
3059 5005 3172 5079 εἶχε
3204 5009 3340 5080 πρὸς
3363 5007 3530 5062 αὐτὸν
3554 5026 3697 5079 χρη-

2105 5084 2357 5169 σάμενος,
2389 5102 2665 5171 ἀνηρώτα.
2705 5102 2828 5154 Ποῦ
2851 5100 2948 5169 δὴ,
2978 5103 3134 5170 φησι,
3156 5102 3220 5155 τὸ
3249 5101 3357 5155 τοῦ
3380 5102 3706 5166 βασιλέως

2103 5192 2382 5257 χρυσίον,
2414 5189 2482 5242 τὰ
2513 5190 2623 5245 δύο
2639 5189 2912 5243 τάλαντα
2932 5190 3083 5259 ἅπερ
3098 5191 3196 5245 ἐπὶ
3225 5194 3510 5246 Σικελίαν
3525 5191 3698 5259 ἄγειν

2102 5281 2394 5351 ἐτάχθης;
2438 5283 2496 5335 '0
2525 5283 2603 5348 δὲ,
2631 5281 2817 5338 Τοῦτο
2841 5283 2940 5350 δὴ,
2977 5284 3164 5354 φησὶν,
3192 5287 3280 5349 είς
3312 5282 3460 5351 ὅπερ
3498 5283 3697 5336 κατεί-

2113 5379 2360 5445 λημμαι,
2398 5375 2607 5442 δεδιὼς
2635 5417 2649 5440 ,
2681 5376 2795 5444 τὴν
2843 5377 3195 5445 πολιορκίαν
3229 5375 3385 5446 λέγω
3431 5376 3542 5443 τῆς
3589 5375 3698 5428 πό-

2112 5471 2284 5534 λεως,
2313 5468 2554 5536 ἐπείπερ
2589 5468 2773 5531 αὐτὸς
2801 5467 2916 5536 ἐγὼ
2951 5467 3129 5535 δεῦρο
3164 5468 3364 5537 τυχὼν
3384 5467 3700 5534 ἀδυνάτως

2112 5557 2280 5630 εἶχον
2329 5563 2620 5615 τοσούτου
2676 5561 2962 5613 κινδύνου
3015 5560 3312 5628 παρόντος
3363 5562 3702 5630 ὑποχωρεῖν

1729 5653 1957 5708 \‘ABI/E
2015 5651 2420 5707 LECTIUNES.

501 5743 549 5778 ⁸³
590 5739 953 5808 καθιστῶντες
1002 5747 1107 5800 AP.
1182 5751 1228 5781 ’³
1261 5749 1652 5819 κεκρυμμένην
1689 5750 1752 5805 Λ-

1642 5871 1673 5890 κ

1831 5749 1874 5781 ’³
1916 5749 2077 5801 πάλιν
2139 5748 2195 5800 ὲν
2228 5751 2337 5812 τοῖς
2372 5747 2431 5801 Ρ.

2509 5749 2554 5779 ’⁵
2605 5746 2751 5802 λινοῦ
2803 5749 2914 5811 τοῖς
2982 5745 3260 5818 ἀραχνίοις
3295 5747 3405 5801 ΔΡ.
