  <div class='ocr_page' id='page_1' title='image "/cluster/home/n/w/nwhite01/storage/ocr_20150623/109/hvd.32044073502312/324.png"; bbox 0 0 3962 6200; ppageno 0'>
   <div class='ocr_carea' id='block_1_1' title="bbox 280 274 358 340">
    <p class='ocr_par' dir='ltr' id='par_1_1' title="bbox 280 274 358 340">
     <span class='ocr_line' id='line_1_1' title="bbox 280 274 358 340; baseline -0.038 0"><span class='ocrx_word' id='word_1_1' title='bbox 280 274 358 340; x_wconf 75' lang='grc'><strong><em>’609</em></strong></span> 
     </span>
    </p>
   </div>
   <div class='ocr_carea' id='block_1_2' title="bbox 1284 265 2371 332">
    <p class='ocr_par' dir='ltr' id='par_1_2' title="bbox 1284 265 2371 332">
     <span class='ocr_line' id='line_1_2' title="bbox 1284 265 2371 332; baseline -0.001 -1"><span class='ocrx_word' id='word_1_2' title='bbox 1284 272 1382 331; x_wconf 90' lang='lat' dir='ltr'><strong><em>DE</em></strong></span> <span class='ocrx_word' id='word_1_3' title='bbox 1409 266 1556 331; x_wconf 82' lang='lat' dir='ltr'><strong><em>EXC</em></strong></span> <span class='ocrx_word' id='word_1_4' title='bbox 1570 267 1750 332; x_wconf 73' lang='lat' dir='ltr'><strong><em>lDIO.</em></strong></span> <span class='ocrx_word' id='word_1_5' title='bbox 1764 265 2371 330; x_wconf 50' lang='lat' dir='ltr'><strong><em>THESSA&#39;LON&#39;ICE.</em></strong></span> 
     </span>
    </p>
   </div>
   <div class='ocr_carea' id='block_1_3' title="bbox 3363 272 3568 334">
    <p class='ocr_par' dir='ltr' id='par_1_3' title="bbox 3363 272 3568 334">
     <span class='ocr_line' id='line_1_3' title="bbox 3363 272 3568 334; baseline 0 -1"><span class='ocrx_word' id='word_1_6' title='bbox 3363 272 3468 334; x_wconf 76' lang='lat'><strong><em>510</em></strong></span> <span class='ocrx_word' id='word_1_7' title='bbox 3542 300 3568 322; x_wconf 77' lang='grc' dir='ltr'><strong>ο</strong></span> 
     </span>
    </p>
   </div>
   <div class='ocr_carea' id='block_1_4' title="bbox 279 379 1805 452">
    <p class='ocr_par' dir='ltr' id='par_1_4' title="bbox 279 380 1800 452">
     <span class='ocr_line' id='line_1_4' title="bbox 279 380 1800 452; baseline 0 -16"><span class='ocrx_word' id='word_1_8' title='bbox 279 382 350 437; x_wconf 79' lang='grc' dir='ltr'><strong><em>καί</em></strong></span> <span class='ocrx_word' id='word_1_9' title='bbox 374 383 436 452; x_wconf 78' lang='grc' dir='ltr'><em>μὴ</em></span> <span class='ocrx_word' id='word_1_10' title='bbox 468 380 539 434; x_wconf 85' lang='grc' dir='ltr'><strong><em>τὰ</em></strong></span> <span class='ocrx_word' id='word_1_11' title='bbox 596 381 730 449; x_wconf 83' lang='grc' dir='ltr'><em>παρ’</em></span> <span class='ocrx_word' id='word_1_12' title='bbox 786 381 1004 434; x_wconf 79' lang='grc' dir='ltr'><em>ἑαυτοῦ</em></span> <span class='ocrx_word' id='word_1_13' title='bbox 1058 381 1387 444; x_wconf 79' lang='grc' dir='ltr'><strong><em>δεικνύναι,</em></strong></span> <span class='ocrx_word' id='word_1_14' title='bbox 1423 383 1668 436; x_wconf 80' lang='grc' dir='ltr'><em>πάντων</em></span> <span class='ocrx_word' id='word_1_15' title='bbox 1715 384 1800 447; x_wconf 86' lang='grc' dir='ltr'><em>εὶς</em></span> 
     </span>
    </p>
   </div>
   <div class='ocr_carea' id='block_1_5' title="bbox 1910 379 3480 452">
    <p class='ocr_par' dir='ltr' id='par_1_5' title="bbox 1910 379 3480 452">
     <span class='ocr_line' id='line_1_5' title="bbox 1910 379 3480 452; baseline 0.004 -18"><span class='ocrx_word' id='word_1_16' title='bbox 1910 382 2162 434; x_wconf 68' lang='lat' dir='ltr'><strong><em>conuersis</em></strong></span> <span class='ocrx_word' id='word_1_17' title='bbox 2191 379 2376 443; x_wconf 82' lang='lat' dir='ltr'><strong><em>oculis.</em></strong></span> <span class='ocrx_word' id='word_1_18' title='bbox 2419 387 2476 432; x_wconf 89' lang='lat' dir='ltr'><strong><em>ut</em></strong></span> <span class='ocrx_word' id='word_1_19' title='bbox 2523 381 2612 450; x_wconf 84' lang='lat' dir='ltr'><strong><em>qui</em></strong></span> <span class='ocrx_word' id='word_1_20' title='bbox 2666 382 2739 435; x_wconf 82' lang='lat' dir='ltr'><strong><em>eis</em></strong></span> <span class='ocrx_word' id='word_1_21' title='bbox 2795 380 2999 452; x_wconf 84' lang='lat' dir='ltr'><strong><em>aliquid</em></strong></span> <span class='ocrx_word' id='word_1_22' title='bbox 3054 383 3377 438; x_wconf 71' lang='lat' dir='ltr'><strong><em>conducibile</em></strong></span> <span class='ocrx_word' id='word_1_23' title='bbox 3411 402 3480 440; x_wconf 79' lang='lat' dir='ltr'><strong><em>ac</em></strong></span> 
     </span>
    </p>
   </div>
   <div class='ocr_carea' id='block_1_6' title="bbox 275 472 1798 545">
    <p class='ocr_par' dir='ltr' id='par_1_6' title="bbox 275 472 1798 545">
     <span class='ocr_line' id='line_1_6' title="bbox 275 472 1798 545; baseline -0.003 -15"><span class='ocrx_word' id='word_1_24' title='bbox 275 474 352 545; x_wconf 73' lang='grc' dir='ltr'><strong><em>ἐμὲ</em></strong></span> <span class='ocrx_word' id='word_1_25' title='bbox 365 475 698 540; x_wconf 73' lang='grc' dir='ltr'><em>,βλεπόντων</em></span> <span class='ocrx_word' id='word_1_26' title='bbox 733 474 814 538; x_wconf 88' lang='grc' dir='ltr'><em>ὠς</em></span> <span class='ocrx_word' id='word_1_27' title='bbox 846 472 923 525; x_wconf 82' lang='grc' dir='ltr'><em>ἄν</em></span> <span class='ocrx_word' id='word_1_28' title='bbox 956 490 1010 527; x_wconf 89' lang='grc' dir='ltr'><strong><em>τι</em></strong></span> <span class='ocrx_word' id='word_1_29' title='bbox 1043 475 1316 542; x_wconf 86' lang='grc' dir='ltr'><em>χρηστὸν</em></span> <span class='ocrx_word' id='word_1_30' title='bbox 1346 475 1553 541; x_wconf 82' lang='grc' dir='ltr'><em>αὐτοῖς</em></span> <span class='ocrx_word' id='word_1_31' title='bbox 1579 476 1676 529; x_wconf 82' lang='grc' dir='ltr'><strong><em>καί</em></strong></span> <span class='ocrx_word' id='word_1_32' title='bbox 1716 472 1798 539; x_wconf 81' lang='grc' dir='ltr'><em>τῷ</em></span> 
     </span>
    </p>
   </div>
   <div class='ocr_carea' id='block_1_7' title="bbox 274 547 1797 634">
    <p class='ocr_par' dir='ltr' id='par_1_7' title="bbox 274 547 1797 634">
     <span class='ocr_line' id='line_1_7' title="bbox 274 547 1797 634; baseline -0.002 -15"><span class='ocrx_word' id='word_1_33' title='bbox 274 566 410 634; x_wconf 79' lang='grc' dir='ltr'><em>καιρῷ</em></span> <span class='ocrx_word' id='word_1_34' title='bbox 441 565 625 628; x_wconf 85' lang='grc' dir='ltr'><em>τούτῳ</em></span> <span class='ocrx_word' id='word_1_35' title='bbox 682 562 981 632; x_wconf 79' lang='grc' dir='ltr'><em>χρήσιμον</em></span> <span class='ocrx_word' id='word_1_36' title='bbox 1032 547 1376 632; x_wconf 82' lang='grc' dir='ltr'><em>δυνάμενον</em></span> <span class='ocrx_word' id='word_1_37' title='bbox 1433 563 1797 632; x_wconf 85' lang='grc' dir='ltr'><em>παρασχεῖν,</em></span> 
     </span>
    </p>
   </div>
   <div class='ocr_carea' id='block_1_8' title="bbox 271 655 1800 724">
    <p class='ocr_par' dir='ltr' id='par_1_8' title="bbox 271 655 1800 724">
     <span class='ocr_line' id='line_1_8' title="bbox 271 655 1800 724; baseline -0.002 -14"><span class='ocrx_word' id='word_1_38' title='bbox 271 660 437 710; x_wconf 85' lang='grc' dir='ltr'><em>τούτου</em></span> <span class='ocrx_word' id='word_1_39' title='bbox 467 655 543 722; x_wconf 78' lang='grc' dir='ltr'><strong><em>δὴ</em></strong></span> <span class='ocrx_word' id='word_1_40' title='bbox 569 655 742 724; x_wconf 83' lang='grc' dir='ltr'><em>χάριν</em></span> <span class='ocrx_word' id='word_1_41' title='bbox 764 655 966 724; x_wconf 81' lang='grc' dir='ltr'><em>τὸμὲν</em></span> <span class='ocrx_word' id='word_1_42' title='bbox 990 657 1250 724; x_wconf 81' lang='grc' dir='ltr'><em>χρυσίον</em></span> <span class='ocrx_word' id='word_1_43' title='bbox 1284 656 1482 709; x_wconf 77' lang='grc' dir='ltr'><em>ἐκεῖνο</em></span> <span class='ocrx_word' id='word_1_44' title='bbox 1530 655 1642 721; x_wconf 85' lang='grc' dir='ltr'><em>τῆς</em></span> <span class='ocrx_word' id='word_1_45' title='bbox 1690 656 1800 708; x_wconf 81' lang='grc' dir='ltr'><strong><em>πό-</em></strong></span> 
     </span>
    </p>
   </div>
   <div class='ocr_carea' id='block_1_9' title="bbox 268 745 1802 818">
    <p class='ocr_par' dir='ltr' id='par_1_9' title="bbox 268 745 1802 818">
     <span class='ocr_line' id='line_1_9' title="bbox 268 745 1802 818; baseline -0.003 -14"><span class='ocrx_word' id='word_1_46' title='bbox 268 755 386 813; x_wconf 72' lang='grc' dir='ltr'><em>λεως</em></span> <span class='ocrx_word' id='word_1_47' title='bbox 413 748 791 817; x_wconf 72' lang='grc' dir='ltr'><strong><em>ὑπεξήγαγον</em></strong></span> <span class='ocrx_word' id='word_1_48' title='bbox 843 751 948 818; x_wconf 82' lang='grc' dir='ltr'><strong><em>(οὐ</em></strong></span> <span class='ocrx_word' id='word_1_49' title='bbox 1001 749 1113 816; x_wconf 77' lang='grc' dir='ltr'><em>τὰρ</em></span> <span class='ocrx_word' id='word_1_50' title='bbox 1173 747 1494 816; x_wconf 76' lang='grc' dir='ltr'><strong><em>ἠδυνάμην</em></strong></span> <span class='ocrx_word' id='word_1_51' title='bbox 1545 745 1802 816; x_wconf 76' lang='grc' dir='ltr'><em>ἀκριϐῶς</em></span> 
     </span>
    </p>
   </div>
   <div class='ocr_carea' id='block_1_10' title="bbox 264 829 1802 908">
    <p class='ocr_par' dir='ltr' id='par_1_10' title="bbox 264 829 1802 908">
     <span class='ocr_line' id='line_1_10' title="bbox 264 829 1802 908; baseline -0.003 -14"><span class='ocrx_word' id='word_1_52' title='bbox 264 829 378 899; x_wconf 72' lang='grc' dir='ltr'><em>περὶ</em></span> <span class='ocrx_word' id='word_1_53' title='bbox 401 839 632 904; x_wconf 76' lang='grc' dir='ltr'><em>ἀδήλων</em></span> <span class='ocrx_word' id='word_1_54' title='bbox 677 838 1096 907; x_wconf 81' lang='grc' dir='ltr'><strong><em>στοχάσασθαι</em></strong></span> <span class='ocrx_word' id='word_1_55' title='bbox 1127 841 1227 908; x_wconf 70' lang='lat'><strong><em>9°),</em></strong></span> <span class='ocrx_word' id='word_1_56' title='bbox 1263 838 1376 908; x_wconf 77' lang='grc' dir='ltr'><strong><em>ἐγὼ</em></strong></span> <span class='ocrx_word' id='word_1_57' title='bbox 1405 838 1472 892; x_wconf 81' lang='grc' dir='ltr'><strong><em>δέ</em></strong></span> <span class='ocrx_word' id='word_1_58' title='bbox 1500 855 1599 892; x_wconf 92' lang='grc' dir='ltr'><strong><em>σοι</em></strong></span> <span class='ocrx_word' id='word_1_59' title='bbox 1655 854 1802 904; x_wconf 82' lang='grc' dir='ltr'><em>παρ-</em></span> 
     </span>
    </p>
   </div>
   <div class='ocr_carea' id='block_1_11' title="bbox 265 928 1804 997">
    <p class='ocr_par' dir='ltr' id='par_1_11' title="bbox 265 928 1804 997">
     <span class='ocr_line' id='line_1_11' title="bbox 265 928 1804 997; baseline -0.004 -12"><span class='ocrx_word' id='word_1_60' title='bbox 265 945 454 990; x_wconf 72' lang='lat' dir='ltr'><strong><em>eorum</em></strong></span> <span class='ocrx_word' id='word_1_61' title='bbox 473 928 731 994; x_wconf 76' lang='grc' dir='ltr'><em>τήμερον</em></span> <span class='ocrx_word' id='word_1_62' title='bbox 747 929 1146 997; x_wconf 84' lang='grc' dir='ltr'><em>δορυὰλωτος,</em></span> <span class='ocrx_word' id='word_1_63' title='bbox 1169 929 1420 983; x_wconf 80' lang='grc' dir='ltr'><em>πολλῶν</em></span> <span class='ocrx_word' id='word_1_64' title='bbox 1440 930 1646 982; x_wconf 76' lang='grc' dir='ltr'><em>ἄλλων</em></span> <span class='ocrx_word' id='word_1_65' title='bbox 1663 946 1804 996; x_wconf 79' lang='grc' dir='ltr'><em>χρη-</em></span> 
     </span>
    </p>
   </div>
   <div class='ocr_carea' id='block_1_12' title="bbox 259 1018 1804 1091">
    <p class='ocr_par' dir='ltr' id='par_1_12' title="bbox 259 1018 1804 1091">
     <span class='ocr_line' id='line_1_12' title="bbox 259 1018 1804 1091; baseline -0.001 -18"><span class='ocrx_word' id='word_1_66' title='bbox 259 1025 429 1091; x_wconf 74' lang='grc' dir='ltr'><em>μάτων</em></span> <span class='ocrx_word' id='word_1_67' title='bbox 457 1021 790 1088; x_wconf 61' lang='grc' dir='ltr'><em>παραίτιος,</em></span> <span class='ocrx_word' id='word_1_68' title='bbox 818 1021 942 1090; x_wconf 75' lang='grc' dir='ltr'><em>εἴτε</em></span> <span class='ocrx_word' id='word_1_69' title='bbox 966 1019 1151 1081; x_wconf 75' lang='grc' dir='ltr'><em>ζῶντά</em></span> <span class='ocrx_word' id='word_1_70' title='bbox 1177 1037 1252 1089; x_wconf 79' lang='grc' dir='ltr'><strong><em>με</em></strong></span> <span class='ocrx_word' id='word_1_71' title='bbox 1282 1020 1379 1074; x_wconf 75' lang='grc' dir='ltr'><em>καὶ</em></span> <span class='ocrx_word' id='word_1_72' title='bbox 1405 1018 1637 1087; x_wconf 77' lang='grc' dir='ltr'><strong><em>ἀϐλαϐῆ</em></strong></span> <span class='ocrx_word' id='word_1_73' title='bbox 1656 1036 1804 1073; x_wconf 83' lang='grc' dir='ltr'><strong><em>συν-</em></strong></span> 
     </span>
    </p>
   </div>
   <div class='ocr_carea' id='block_1_13' title="bbox 255 1110 1805 1182">
    <p class='ocr_par' dir='ltr' id='par_1_13' title="bbox 255 1110 1805 1182">
     <span class='ocr_line' id='line_1_13' title="bbox 255 1110 1805 1182; baseline 0 -16"><span class='ocrx_word' id='word_1_74' title='bbox 255 1113 566 1180; x_wconf 78' lang='grc' dir='ltr'><em>τηρήσειας.</em></span> <span class='ocrx_word' id='word_1_75' title='bbox 619 1112 933 1182; x_wconf 78' lang='grc' dir='ltr'><em>Ἀχθεσθεὶς</em></span> <span class='ocrx_word' id='word_1_76' title='bbox 965 1112 1057 1165; x_wconf 75' lang='grc' dir='ltr'><em>οὖν</em></span> <span class='ocrx_word' id='word_1_77' title='bbox 1116 1114 1208 1164; x_wconf 81' lang='grc' dir='ltr'><strong><em>ἐπὶ</em></strong></span> <span class='ocrx_word' id='word_1_78' title='bbox 1255 1112 1468 1174; x_wconf 81' lang='grc' dir='ltr'><strong><em>τούτοις</em></strong></span> <span class='ocrx_word' id='word_1_79' title='bbox 1517 1113 1546 1164; x_wconf 81' lang='grc' dir='ltr'><strong>ὁ</strong></span> <span class='ocrx_word' id='word_1_80' title='bbox 1589 1110 1805 1176; x_wconf 76' lang='grc' dir='ltr'><em>ἀλαζὼν</em></span> 
     </span>
    </p>
   </div>
   <div class='ocr_carea' id='block_1_14' title="bbox 259 1198 1805 1274">
    <p class='ocr_par' dir='ltr' id='par_1_14' title="bbox 259 1198 1805 1274">
     <span class='ocr_line' id='line_1_14' title="bbox 259 1198 1805 1274; baseline -0.001 -18"><span class='ocrx_word' id='word_1_81' title='bbox 259 1205 451 1266; x_wconf 77' lang='grc' dir='ltr'><em>ἐκεῖνος,</em></span> <span class='ocrx_word' id='word_1_82' title='bbox 476 1205 570 1258; x_wconf 69' lang='grc' dir='ltr'><em>καὶ</em></span> <span class='ocrx_word' id='word_1_83' title='bbox 600 1204 691 1256; x_wconf 86' lang='grc' dir='ltr'><em>τὸν</em></span> <span class='ocrx_word' id='word_1_84' title='bbox 719 1202 890 1274; x_wconf 74' lang='grc' dir='ltr'><em>θυμὸν</em></span> <span class='ocrx_word' id='word_1_85' title='bbox 910 1207 1091 1266; x_wconf 87' lang='grc' dir='ltr'><em>ὁποῖος</em></span> <span class='ocrx_word' id='word_1_86' title='bbox 1121 1205 1166 1236; x_wconf 79' lang='grc'><strong><em>⁸⁷</em></strong></span> <span class='ocrx_word' id='word_1_87' title='bbox 1189 1204 1353 1257; x_wconf 75' lang='grc' dir='ltr'><em>αὑτὸν</em></span> <span class='ocrx_word' id='word_1_88' title='bbox 1377 1198 1491 1274; x_wconf 75' lang='grc' dir='ltr'><em>εἶχε</em></span> <span class='ocrx_word' id='word_1_89' title='bbox 1513 1203 1602 1257; x_wconf 66' lang='grc' dir='ltr'><strong><em>διά</em></strong></span> <span class='ocrx_word' id='word_1_90' title='bbox 1621 1221 1678 1256; x_wconf 89' lang='grc' dir='ltr'><strong><em>τε</em></strong></span> <span class='ocrx_word' id='word_1_91' title='bbox 1696 1203 1805 1255; x_wconf 81' lang='grc' dir='ltr'><strong><em>τῶν</em></strong></span> 
     </span>
    </p>
   </div>
   <div class='ocr_carea' id='block_1_15' title="bbox 257 1295 1802 1367">
    <p class='ocr_par' dir='ltr' id='par_1_15' title="bbox 257 1295 1802 1367">
     <span class='ocr_line' id='line_1_15' title="bbox 257 1295 1802 1367; baseline 0.001 -20"><span class='ocrx_word' id='word_1_92' title='bbox 257 1295 520 1366; x_wconf 78' lang='grc' dir='ltr'><strong><em>ὀφθαλμῶν</em></strong></span> <span class='ocrx_word' id='word_1_93' title='bbox 568 1299 666 1349; x_wconf 69' lang='grc' dir='ltr'><em>καὶ</em></span> <span class='ocrx_word' id='word_1_94' title='bbox 713 1299 809 1367; x_wconf 85' lang='grc' dir='ltr'><em>τῆς</em></span> <span class='ocrx_word' id='word_1_95' title='bbox 841 1297 1024 1364; x_wconf 81' lang='grc' dir='ltr'>φωνῆς</span> <span class='ocrx_word' id='word_1_96' title='bbox 1080 1295 1302 1365; x_wconf 82' lang='grc' dir='ltr'><em>ἔκδηλον</em></span> <span class='ocrx_word' id='word_1_97' title='bbox 1358 1299 1708 1359; x_wconf 81' lang='grc' dir='ltr'><strong><em>καταστήσας</em></strong></span> <span class='ocrx_word' id='word_1_98' title='bbox 1736 1296 1802 1359; x_wconf 73' lang='grc'><strong><em>⁸⁸,</em></strong></span> 
     </span>
    </p>
   </div>
   <div class='ocr_carea' id='block_1_16' title="bbox 249 1386 1826 1459">
    <p class='ocr_par' dir='ltr' id='par_1_16' title="bbox 249 1386 1826 1459">
     <span class='ocr_line' id='line_1_16' title="bbox 249 1386 1826 1459; baseline -0.001 -18"><span class='ocrx_word' id='word_1_99' title='bbox 249 1387 415 1457; x_wconf 80' lang='grc' dir='ltr'><em>βύθιον</em></span> <span class='ocrx_word' id='word_1_100' title='bbox 437 1387 740 1457; x_wconf 76' lang='grc' dir='ltr'><em>ἐξεϐόησεν.</em></span> <span class='ocrx_word' id='word_1_101' title='bbox 795 1386 1144 1457; x_wconf 79' lang='grc' dir='ltr'><em>Ἐπειδήπερ</em></span> <span class='ocrx_word' id='word_1_102' title='bbox 1171 1427 1185 1450; x_wconf 89' lang='grc'><strong><em>,</em></strong></span> <span class='ocrx_word' id='word_1_103' title='bbox 1218 1390 1403 1459; x_wconf 75' lang='grc' dir='ltr'><em>φησὶν,</em></span> <span class='ocrx_word' id='word_1_104' title='bbox 1436 1391 1548 1442; x_wconf 76' lang='grc' dir='ltr'><em>οὐκ</em></span> <span class='ocrx_word' id='word_1_105' title='bbox 1586 1388 1826 1456; x_wconf 79' lang='grc' dir='ltr'><strong><em>ἔμαθεν</em></strong></span> 
     </span>
    </p>
   </div>
   <div class='ocr_carea' id='block_1_17' title="bbox 250 1474 1808 1548">
    <p class='ocr_par' dir='ltr' id='par_1_17' title="bbox 250 1474 1808 1548">
     <span class='ocr_line' id='line_1_17' title="bbox 250 1474 1808 1548; baseline 0 -16"><span class='ocrx_word' id='word_1_106' title='bbox 250 1483 312 1534; x_wconf 77' lang='grc' dir='ltr'><em>ἐκ</em></span> <span class='ocrx_word' id='word_1_107' title='bbox 340 1477 446 1534; x_wconf 80' lang='grc' dir='ltr'><strong><em>τῶν</em></strong></span> <span class='ocrx_word' id='word_1_108' title='bbox 472 1477 875 1547; x_wconf 78' lang='grc' dir='ltr'><em>προκειμένων</em></span> <span class='ocrx_word' id='word_1_109' title='bbox 901 1477 1305 1548; x_wconf 78' lang='grc' dir='ltr'><em>ἀδιὰδραστον</em></span> <span class='ocrx_word' id='word_1_110' title='bbox 1355 1474 1508 1532; x_wconf 74' lang='grc' dir='ltr'><em>εἶναι</em></span> <span class='ocrx_word' id='word_1_111' title='bbox 1539 1478 1654 1545; x_wconf 84' lang='grc' dir='ltr'><em>τὴν</em></span> <span class='ocrx_word' id='word_1_112' title='bbox 1702 1478 1808 1532; x_wconf 86' lang='grc' dir='ltr'><em>τοῦ</em></span> 
     </span>
    </p>
   </div>
   <div class='ocr_carea' id='block_1_18' title="bbox 249 1568 1812 1639">
    <p class='ocr_par' dir='ltr' id='par_1_18' title="bbox 249 1568 1812 1639">
     <span class='ocr_line' id='line_1_18' title="bbox 249 1568 1812 1639; baseline -0.001 -14"><span class='ocrx_word' id='word_1_113' title='bbox 249 1572 485 1626; x_wconf 83' lang='grc' dir='ltr'><em>θανάτου</em></span> <span class='ocrx_word' id='word_1_114' title='bbox 504 1569 718 1639; x_wconf 75' lang='grc' dir='ltr'><em>ψῆφον</em></span> <span class='ocrx_word' id='word_1_115' title='bbox 739 1568 870 1635; x_wconf 80' lang='grc' dir='ltr'><em>τοῖς</em></span> <span class='ocrx_word' id='word_1_116' title='bbox 881 1569 967 1638; x_wconf 79' lang='grc' dir='ltr'><em>μὴ</em></span> <span class='ocrx_word' id='word_1_117' title='bbox 987 1568 1060 1622; x_wconf 85' lang='grc' dir='ltr'><em>τὰ</em></span> <span class='ocrx_word' id='word_1_118' title='bbox 1083 1569 1270 1623; x_wconf 72' lang='grc' dir='ltr'><em>οἰκεῖα</em></span> <span class='ocrx_word' id='word_1_119' title='bbox 1289 1569 1564 1638; x_wconf 78' lang='grc' dir='ltr'><em>χρήματα</em></span> <span class='ocrx_word' id='word_1_120' title='bbox 1585 1571 1812 1637; x_wconf 85' lang='grc' dir='ltr'><em>λύτρον</em></span> 
     </span>
    </p>
   </div>
   <div class='ocr_carea' id='block_1_19' title="bbox 244 1657 1867 1733">
    <p class='ocr_par' dir='ltr' id='par_1_19' title="bbox 244 1657 1867 1733">
     <span class='ocr_line' id='line_1_19' title="bbox 244 1657 1867 1733; baseline -0.002 -17"><span class='ocrx_word' id='word_1_121' title='bbox 244 1661 717 1733; x_wconf 76' lang='grc' dir='ltr'><em>παρεχομένοις.ό</em></span> <span class='ocrx_word' id='word_1_122' title='bbox 745 1659 856 1728; x_wconf 80' lang='grc' dir='ltr'><em>τῆς</em></span> <span class='ocrx_word' id='word_1_123' title='bbox 903 1660 1386 1729; x_wconf 80' lang='grc' dir='ltr'><em>γυναικωνίτιδος</em></span> <span class='ocrx_word' id='word_1_124' title='bbox 1411 1657 1611 1727; x_wconf 83' lang='grc' dir='ltr'><em>οὗτος,</em></span> <span class='ocrx_word' id='word_1_125' title='bbox 1669 1660 1809 1714; x_wconf 79' lang='grc' dir='ltr'><em>ἀλλ’</em></span> <span class='ocrx_word' id='word_1_126' title='bbox 1857 1699 1867 1706; x_wconf 78' lang='lat'><strong><em>-.</em></strong></span> 
     </span>
    </p>
   </div>
   <div class='ocr_carea' id='block_1_20' title="bbox 1904 461 3508 545">
    <p class='ocr_par' dir='ltr' id='par_1_20' title="bbox 1904 461 3508 545">
     <span class='ocr_line' id='line_1_20' title="bbox 1904 461 3508 545; baseline 0.004 -21"><span class='ocrx_word' id='word_1_127' title='bbox 1904 473 2132 541; x_wconf 84' lang='lat' dir='ltr'><strong><em>tempori</em></strong></span> <span class='ocrx_word' id='word_1_128' title='bbox 2163 479 2516 542; x_wconf 85' lang='lat' dir='ltr'><strong><em>opportunum</em></strong></span> <span class='ocrx_word' id='word_1_129' title='bbox 2559 479 2816 540; x_wconf 62' lang='lat' dir='ltr'><strong><em>praestare</em></strong></span> <span class='ocrx_word' id='word_1_130' title='bbox 2876 472 3098 541; x_wconf 75' lang='lat' dir='ltr'><strong><em>forsitan</em></strong></span> <span class='ocrx_word' id='word_1_131' title='bbox 3139 491 3363 545; x_wconf 88' lang='lat' dir='ltr'><strong><em>possem,</em></strong></span> <span class='ocrx_word' id='word_1_132' title='bbox 3418 461 3508 530; x_wconf 51' lang='lat' dir='ltr'><strong><em>ob.</em></strong></span> 
     </span>
    </p>
   </div>
   <div class='ocr_carea' id='block_1_21' title="bbox 1903 557 3482 632">
    <p class='ocr_par' dir='ltr' id='par_1_21' title="bbox 1903 557 3482 632">
     <span class='ocr_line' id='line_1_21' title="bbox 1903 557 3482 632; baseline -0.001 -19"><span class='ocrx_word' id='word_1_133' title='bbox 1903 576 2021 615; x_wconf 86' lang='lat' dir='ltr'><strong><em>eam</em></strong></span> <span class='ocrx_word' id='word_1_134' title='bbox 2050 560 2231 630; x_wconf 87' lang='lat' dir='ltr'><strong><em>utique</em></strong></span> <span class='ocrx_word' id='word_1_135' title='bbox 2263 576 2483 613; x_wconf 92' lang='lat' dir='ltr'><strong><em>causam</em></strong></span> <span class='ocrx_word' id='word_1_136' title='bbox 2517 575 2709 614; x_wconf 85' lang='lat' dir='ltr'><strong><em>aurum</em></strong></span> <span class='ocrx_word' id='word_1_137' title='bbox 2742 557 2877 611; x_wconf 87' lang='lat' dir='ltr'><strong><em>illud</em></strong></span> <span class='ocrx_word' id='word_1_138' title='bbox 2909 570 3108 614; x_wconf 88' lang='lat' dir='ltr'><strong><em>secreto</em></strong></span> <span class='ocrx_word' id='word_1_139' title='bbox 3133 561 3259 615; x_wconf 84' lang='lat' dir='ltr'><strong><em>urbe</em></strong></span> <span class='ocrx_word' id='word_1_140' title='bbox 3288 577 3482 632; x_wconf 74' lang='lat' dir='ltr'><strong><em>expor-</em></strong></span> 
     </span>
    </p>
   </div>
   <div class='ocr_carea' id='block_1_22' title="bbox 1904 652 3486 724">
    <p class='ocr_par' dir='ltr' id='par_1_22' title="bbox 1904 652 3486 724">
     <span class='ocr_line' id='line_1_22' title="bbox 1904 652 3486 724; baseline 0.001 -20"><span class='ocrx_word' id='word_1_141' title='bbox 1904 654 2030 706; x_wconf 89' lang='lat' dir='ltr'><strong><em>tavi.</em></strong></span> <span class='ocrx_word' id='word_1_142' title='bbox 2066 652 2184 706; x_wconf 88' lang='lat' dir='ltr'><strong><em>Non</em></strong></span> <span class='ocrx_word' id='word_1_143' title='bbox 2209 655 2348 706; x_wconf 90' lang='lat' dir='ltr'><strong><em>enim</em></strong></span> <span class='ocrx_word' id='word_1_144' title='bbox 2371 655 2434 705; x_wconf 91' lang='lat' dir='ltr'><strong><em>de</em></strong></span> <span class='ocrx_word' id='word_1_145' title='bbox 2453 653 2683 706; x_wconf 73' lang='lat' dir='ltr'><strong><em>obscuris</em></strong></span> <span class='ocrx_word' id='word_1_146' title='bbox 2728 669 2791 706; x_wconf 91' lang='lat' dir='ltr'><strong><em>ac</em></strong></span> <span class='ocrx_word' id='word_1_147' title='bbox 2817 653 2984 706; x_wconf 86' lang='lat' dir='ltr'><strong><em>dubiis</em></strong></span> <span class='ocrx_word' id='word_1_148' title='bbox 3010 654 3139 706; x_wconf 81' lang='lat' dir='ltr'><strong><em>certi</em></strong></span> <span class='ocrx_word' id='word_1_149' title='bbox 3185 653 3386 724; x_wconf 88' lang='lat' dir='ltr'><strong><em>aliquid</em></strong></span> <span class='ocrx_word' id='word_1_150' title='bbox 3413 653 3486 706; x_wconf 76' lang='lat' dir='ltr'><strong><em>li-</em></strong></span> 
     </span>
    </p>
   </div>
   <div class='ocr_carea' id='block_1_23' title="bbox 1904 742 3482 814">
    <p class='ocr_par' dir='ltr' id='par_1_23' title="bbox 1904 742 3482 814">
     <span class='ocr_line' id='line_1_23' title="bbox 1904 742 3482 814; baseline 0.003 -18"><span class='ocrx_word' id='word_1_151' title='bbox 1904 744 2052 797; x_wconf 86' lang='lat' dir='ltr'><strong><em>cebat</em></strong></span> <span class='ocrx_word' id='word_1_152' title='bbox 2083 744 2389 810; x_wconf 80' lang='lat' dir='ltr'><strong><em>coniectari.</em></strong></span> <span class='ocrx_word' id='word_1_153' title='bbox 2425 742 2596 796; x_wconf 88' lang='lat' dir='ltr'><strong><em>Porro</em></strong></span> <span class='ocrx_word' id='word_1_154' title='bbox 2628 760 2720 814; x_wconf 91' lang='lat' dir='ltr'><strong><em>ego</em></strong></span> <span class='ocrx_word' id='word_1_155' title='bbox 2746 744 2838 797; x_wconf 90' lang='lat' dir='ltr'><strong><em>tibi</em></strong></span> <span class='ocrx_word' id='word_1_156' title='bbox 2861 745 3011 798; x_wconf 84' lang='lat' dir='ltr'><strong><em>hodie</em></strong></span> <span class='ocrx_word' id='word_1_157' title='bbox 3051 747 3287 814; x_wconf 80' lang='lat' dir='ltr'><strong><em>captiuus</em></strong></span> <span class='ocrx_word' id='word_1_158' title='bbox 3342 756 3482 813; x_wconf 87' lang='lat' dir='ltr'><strong><em>asto,</em></strong></span> 
     </span>
    </p>
   </div>
   <div class='ocr_carea' id='block_1_24' title="bbox 1907 834 3480 908">
    <p class='ocr_par' dir='ltr' id='par_1_24' title="bbox 1907 834 3480 908">
     <span class='ocr_line' id='line_1_24' title="bbox 1907 834 3480 908; baseline 0.004 -21"><span class='ocrx_word' id='word_1_159' title='bbox 1907 834 2198 888; x_wconf 82' lang='lat' dir='ltr'><strong><em>multarum</em></strong></span> <span class='ocrx_word' id='word_1_160' title='bbox 2228 835 2463 888; x_wconf 89' lang='lat' dir='ltr'><strong><em>aliarum</em></strong></span> <span class='ocrx_word' id='word_1_161' title='bbox 2506 837 2850 905; x_wconf 83' lang='lat' dir='ltr'><strong><em>pecuniarum</em></strong></span> <span class='ocrx_word' id='word_1_162' title='bbox 2885 837 2978 890; x_wconf 87' lang='lat' dir='ltr'><strong><em>tibi</em></strong></span> <span class='ocrx_word' id='word_1_163' title='bbox 3017 846 3204 891; x_wconf 86' lang='lat' dir='ltr'><strong><em>auctor</em></strong></span> <span class='ocrx_word' id='word_1_164' title='bbox 3245 839 3480 908; x_wconf 78' lang='lat' dir='ltr'><strong><em>futurus,</em></strong></span> 
     </span>
    </p>
   </div>
   <div class='ocr_carea' id='block_1_25' title="bbox 1904 925 3480 994">
    <p class='ocr_par' dir='ltr' id='par_1_25' title="bbox 1904 925 3480 994">
     <span class='ocr_line' id='line_1_25' title="bbox 1904 925 3480 994; baseline 0.003 -15"><span class='ocrx_word' id='word_1_165' title='bbox 1904 927 1950 979; x_wconf 89' lang='lat' dir='ltr'><strong><em>si</em></strong></span> <span class='ocrx_word' id='word_1_166' title='bbox 1972 941 2137 979; x_wconf 86' lang='lat' dir='ltr'><strong><em>unum</em></strong></span> <span class='ocrx_word' id='word_1_167' title='bbox 2173 942 2254 979; x_wconf 83' lang='lat' dir='ltr'><strong><em>me</em></strong></span> <span class='ocrx_word' id='word_1_168' title='bbox 2277 927 2448 979; x_wconf 84' lang='lat' dir='ltr'><strong><em>viuum</em></strong></span> <span class='ocrx_word' id='word_1_169' title='bbox 2472 933 2632 994; x_wconf 85' lang='lat' dir='ltr'><strong><em>atque</em></strong></span> <span class='ocrx_word' id='word_1_170' title='bbox 2664 943 2697 978; x_wconf 93' lang='lat' dir='ltr'><strong><em>a</em></strong></span> <span class='ocrx_word' id='word_1_171' title='bbox 2726 941 2864 978; x_wconf 73' lang='lat' dir='ltr'><strong><em>noxa</em></strong></span> <span class='ocrx_word' id='word_1_172' title='bbox 2899 925 3119 980; x_wconf 81' lang='lat' dir='ltr'><strong><em>liberum</em></strong></span> <span class='ocrx_word' id='word_1_173' title='bbox 3165 931 3480 984; x_wconf 79' lang='lat' dir='ltr'><strong><em>servaveris.</em></strong></span> 
     </span>
    </p>
   </div>
   <div class='ocr_carea' id='block_1_26' title="bbox 1909 1017 3486 1090">
    <p class='ocr_par' dir='ltr' id='par_1_26' title="bbox 1909 1017 3486 1090">
     <span class='ocr_line' id='line_1_26' title="bbox 1909 1017 3486 1090; baseline 0.004 -19"><span class='ocrx_word' id='word_1_174' title='bbox 1909 1018 2068 1073; x_wconf 87' lang='lat' dir='ltr'><strong><em>lliscc</em></strong></span> <span class='ocrx_word' id='word_1_175' title='bbox 2122 1019 2400 1088; x_wconf 86' lang='lat' dir='ltr'><strong><em>superbus</em></strong></span> <span class='ocrx_word' id='word_1_176' title='bbox 2442 1017 2536 1072; x_wconf 90' lang='lat' dir='ltr'><strong><em>ille</em></strong></span> <span class='ocrx_word' id='word_1_177' title='bbox 2587 1027 2899 1073; x_wconf 91' lang='lat' dir='ltr'><strong><em>commotus</em></strong></span> <span class='ocrx_word' id='word_1_178' title='bbox 2981 1027 3039 1073; x_wconf 93' lang='lat' dir='ltr'><strong><em>et</em></strong></span> <span class='ocrx_word' id='word_1_179' title='bbox 3095 1036 3238 1090; x_wconf 80' lang='lat' dir='ltr'><strong><em>aegre</em></strong></span> <span class='ocrx_word' id='word_1_180' title='bbox 3280 1021 3486 1089; x_wconf 75' lang='lat' dir='ltr'><strong><em>ferens,</em></strong></span> 
     </span>
    </p>
   </div>
   <div class='ocr_carea' id='block_1_27' title="bbox 1908 1109 3490 1182">
    <p class='ocr_par' dir='ltr' id='par_1_27' title="bbox 1908 1109 3490 1182">
     <span class='ocr_line' id='line_1_27' title="bbox 1908 1109 3490 1182; baseline 0.002 -18"><span class='ocrx_word' id='word_1_181' title='bbox 1908 1125 2242 1179; x_wconf 87' lang='lat' dir='ltr'><strong><em>omnemque</em></strong></span> <span class='ocrx_word' id='word_1_182' title='bbox 2272 1111 2456 1179; x_wconf 87' lang='lat' dir='ltr'><strong><em>ipsum</em></strong></span> <span class='ocrx_word' id='word_1_183' title='bbox 2506 1109 2853 1164; x_wconf 79' lang='lat' dir='ltr'><strong><em>obsidentem</em></strong></span> <span class='ocrx_word' id='word_1_184' title='bbox 2894 1109 3075 1165; x_wconf 86' lang='lat' dir='ltr'><strong><em>oculis</em></strong></span> <span class='ocrx_word' id='word_1_185' title='bbox 3103 1125 3354 1182; x_wconf 84' lang='lat' dir='ltr'><strong><em>voceque</em></strong></span> <span class='ocrx_word' id='word_1_186' title='bbox 3411 1112 3490 1167; x_wconf 82' lang='lat' dir='ltr'><strong><em>fu-</em></strong></span> 
     </span>
    </p>
   </div>
   <div class='ocr_carea' id='block_1_28' title="bbox 1908 1203 3491 1272">
    <p class='ocr_par' dir='ltr' id='par_1_28' title="bbox 1908 1203 3491 1272">
     <span class='ocr_line' id='line_1_28' title="bbox 1908 1203 3491 1272; baseline 0.001 -15"><span class='ocrx_word' id='word_1_187' title='bbox 1908 1219 2086 1257; x_wconf 86' lang='lat' dir='ltr'><strong><em>rorem</em></strong></span> <span class='ocrx_word' id='word_1_188' title='bbox 2114 1203 2374 1272; x_wconf 88' lang='lat' dir='ltr'><strong><em>prodens,</em></strong></span> <span class='ocrx_word' id='word_1_189' title='bbox 2395 1203 2518 1258; x_wconf 83' lang='lat' dir='ltr'><strong><em>imis</em></strong></span> <span class='ocrx_word' id='word_1_190' title='bbox 2549 1219 2617 1257; x_wconf 80' lang='lat' dir='ltr'><strong><em>ex</em></strong></span> <span class='ocrx_word' id='word_1_191' title='bbox 2646 1203 2966 1272; x_wconf 65' lang='lat' dir='ltr'><strong><em>praecordiis</em></strong></span> <span class='ocrx_word' id='word_1_192' title='bbox 2990 1203 3237 1258; x_wconf 91' lang='lat' dir='ltr'><strong><em>intonuit</em></strong></span> <span class='ocrx_word' id='word_1_193' title='bbox 3265 1223 3278 1258; x_wconf 86' lang='lat'><strong>:</strong></span> <span class='ocrx_word' id='word_1_194' title='bbox 3305 1204 3491 1270; x_wconf 82' lang='lat' dir='ltr'><strong><em>Quan-</em></strong></span> 
     </span>
    </p>
   </div>
   <div class='ocr_carea' id='block_1_29' title="bbox 1909 1292 3488 1363">
    <p class='ocr_par' dir='ltr' id='par_1_29' title="bbox 1909 1292 3488 1363">
     <span class='ocr_line' id='line_1_29' title="bbox 1909 1292 3488 1363; baseline 0.003 -19"><span class='ocrx_word' id='word_1_195' title='bbox 1909 1292 2210 1361; x_wconf 88' lang='lat' dir='ltr'><strong><em>doquidem,</em></strong></span> <span class='ocrx_word' id='word_1_196' title='bbox 2237 1292 2437 1362; x_wconf 88' lang='lat' dir='ltr'><strong><em>inquit,</em></strong></span> <span class='ocrx_word' id='word_1_197' title='bbox 2471 1293 2615 1347; x_wconf 82' lang='lat' dir='ltr'><strong><em>haud</em></strong></span> <span class='ocrx_word' id='word_1_198' title='bbox 2643 1310 2705 1346; x_wconf 83' lang='lat' dir='ltr'><strong><em>ea:</em></strong></span> <span class='ocrx_word' id='word_1_199' title='bbox 2735 1293 3079 1363; x_wconf 69' lang='lat' dir='ltr'><strong><em>prwsentibus</em></strong></span> <span class='ocrx_word' id='word_1_200' title='bbox 3102 1293 3283 1347; x_wconf 86' lang='lat' dir='ltr'><strong><em>didicit</em></strong></span> <span class='ocrx_word' id='word_1_201' title='bbox 3307 1298 3488 1349; x_wconf 81' lang='lat' dir='ltr'><strong><em>mortis</em></strong></span> 
     </span>
    </p>
   </div>
   <div class='ocr_carea' id='block_1_30' title="bbox 1907 1379 3490 1454">
    <p class='ocr_par' dir='ltr' id='par_1_30' title="bbox 1907 1379 3490 1454">
     <span class='ocr_line' id='line_1_30' title="bbox 1907 1379 3490 1454; baseline 0.006 -24"><span class='ocrx_word' id='word_1_202' title='bbox 1907 1379 2224 1432; x_wconf 88' lang='lat' dir='ltr'><strong><em>sententiam</em></strong></span> <span class='ocrx_word' id='word_1_203' title='bbox 2253 1380 2443 1433; x_wconf 81' lang='lat' dir='ltr'><strong><em>evitari</em></strong></span> <span class='ocrx_word' id='word_1_204' title='bbox 2469 1397 2575 1434; x_wconf 88' lang='lat' dir='ltr'><strong><em>non</em></strong></span> <span class='ocrx_word' id='word_1_205' title='bbox 2604 1398 2754 1450; x_wconf 88' lang='lat' dir='ltr'><strong><em>posse</em></strong></span> <span class='ocrx_word' id='word_1_206' title='bbox 2775 1382 2840 1436; x_wconf 90' lang='lat' dir='ltr'><strong><em>ab</em></strong></span> <span class='ocrx_word' id='word_1_207' title='bbox 2860 1383 2940 1436; x_wconf 82' lang='lat' dir='ltr'><strong><em>his</em></strong></span> <span class='ocrx_word' id='word_1_208' title='bbox 2973 1384 3063 1453; x_wconf 87' lang='lat' dir='ltr'><strong><em>qui</em></strong></span> <span class='ocrx_word' id='word_1_209' title='bbox 3088 1398 3212 1437; x_wconf 88' lang='lat' dir='ltr'><strong><em>suas</em></strong></span> <span class='ocrx_word' id='word_1_210' title='bbox 3239 1387 3490 1454; x_wconf 83' lang='lat' dir='ltr'><strong><em>pecunias</em></strong></span> 
     </span>
    </p>
   </div>
   <div class='ocr_carea' id='block_1_31' title="bbox 1911 1470 3488 1550">
    <p class='ocr_par' dir='ltr' id='par_1_31' title="bbox 1911 1470 3488 1550">
     <span class='ocr_line' id='line_1_31' title="bbox 1911 1470 3488 1550; baseline 0.007 -29"><span class='ocrx_word' id='word_1_211' title='bbox 1911 1486 2006 1538; x_wconf 89' lang='lat' dir='ltr'><strong><em>pro</em></strong></span> <span class='ocrx_word' id='word_1_212' title='bbox 2037 1470 2394 1539; x_wconf 81' lang='lat' dir='ltr'><strong><em>redemptione</em></strong></span> <span class='ocrx_word' id='word_1_213' title='bbox 2424 1489 2523 1526; x_wconf 89' lang='lat' dir='ltr'><strong><em>sua</em></strong></span> <span class='ocrx_word' id='word_1_214' title='bbox 2558 1491 2662 1528; x_wconf 90' lang='lat' dir='ltr'><strong><em>non</em></strong></span> <span class='ocrx_word' id='word_1_215' title='bbox 2694 1475 3036 1545; x_wconf 81' lang='lat' dir='ltr'><strong><em>prtebuerint,</em></strong></span> <span class='ocrx_word' id='word_1_216' title='bbox 3062 1477 3144 1530; x_wconf 84' lang='lat' dir='ltr'><strong><em>hic</em></strong></span> <span class='ocrx_word' id='word_1_217' title='bbox 3173 1479 3262 1547; x_wconf 86' lang='lat' dir='ltr'><strong><em>qui</em></strong></span> <span class='ocrx_word' id='word_1_218' title='bbox 3297 1494 3361 1531; x_wconf 79' lang='lat' dir='ltr'><strong><em>ea;</em></strong></span> <span class='ocrx_word' id='word_1_219' title='bbox 3391 1495 3488 1550; x_wconf 79' lang='lat' dir='ltr'><strong><em>gy-</em></strong></span> 
     </span>
    </p>
   </div>
   <div class='ocr_carea' id='block_1_32' title="bbox 1910 1561 3484 1637">
    <p class='ocr_par' dir='ltr' id='par_1_32' title="bbox 1910 1561 3484 1637">
     <span class='ocr_line' id='line_1_32' title="bbox 1910 1561 3484 1637; baseline 0.006 -23"><span class='ocrx_word' id='word_1_220' title='bbox 1910 1561 2074 1614; x_wconf 69' lang='lat' dir='ltr'><strong><em>nazcio</em></strong></span> <span class='ocrx_word' id='word_1_221' title='bbox 2105 1571 2199 1627; x_wconf 87' lang='lat' dir='ltr'><strong><em>est,</em></strong></span> <span class='ocrx_word' id='word_1_222' title='bbox 2230 1562 2324 1616; x_wconf 85' lang='lat' dir='ltr'><strong><em>sed</em></strong></span> <span class='ocrx_word' id='word_1_223' title='bbox 2353 1563 2494 1618; x_wconf 83' lang='lat' dir='ltr'><strong><em>velut</em></strong></span> <span class='ocrx_word' id='word_1_224' title='bbox 2518 1565 2571 1618; x_wconf 89' lang='lat' dir='ltr'><strong><em>in</em></strong></span> <span class='ocrx_word' id='word_1_225' title='bbox 2605 1582 2763 1620; x_wconf 83' lang='lat' dir='ltr'><strong><em>scena</em></strong></span> <span class='ocrx_word' id='word_1_226' title='bbox 2786 1583 2901 1620; x_wconf 89' lang='lat' dir='ltr'><strong><em>sese</em></strong></span> <span class='ocrx_word' id='word_1_227' title='bbox 2918 1572 3029 1637; x_wconf 86' lang='lat' dir='ltr'><strong><em>ipse</em></strong></span> <span class='ocrx_word' id='word_1_228' title='bbox 3055 1577 3306 1635; x_wconf 83' lang='lat' dir='ltr'><strong><em>ostentat,</em></strong></span> <span class='ocrx_word' id='word_1_229' title='bbox 3340 1587 3484 1624; x_wconf 84' lang='lat' dir='ltr'><strong><em>ntea-</em></strong></span> 
     </span>
    </p>
   </div>
   <div class='ocr_carea' id='block_1_33' title="bbox 1909 1644 3506 1730">
    <p class='ocr_par' dir='ltr' id='par_1_33' title="bbox 1909 1644 3506 1730">
     <span class='ocr_line' id='line_1_33' title="bbox 1909 1644 3506 1730; baseline 0.008 -25"><span class='ocrx_word' id='word_1_230' title='bbox 1909 1655 2055 1706; x_wconf 81' lang='lat' dir='ltr'><strong><em>dacii</em></strong></span> <span class='ocrx_word' id='word_1_231' title='bbox 2077 1653 2285 1708; x_wconf 81' lang='lat' dir='ltr'><strong><em>larvam</em></strong></span> <span class='ocrx_word' id='word_1_232' title='bbox 2315 1656 2456 1710; x_wconf 86' lang='lat' dir='ltr'><strong><em>uelut</em></strong></span> <span class='ocrx_word' id='word_1_233' title='bbox 2488 1674 2652 1729; x_wconf 89' lang='lat' dir='ltr'><strong><em>prope</em></strong></span> <span class='ocrx_word' id='word_1_234' title='bbox 2677 1676 2786 1712; x_wconf 87' lang='lat' dir='ltr'><strong><em>rem</em></strong></span> <span class='ocrx_word' id='word_1_235' title='bbox 2821 1677 3074 1730; x_wconf 78' lang='lat' dir='ltr'><strong><em>magnam</em></strong></span> <span class='ocrx_word' id='word_1_236' title='bbox 3111 1679 3173 1714; x_wconf 92' lang='lat' dir='ltr'><strong><em>ac</em></strong></span> <span class='ocrx_word' id='word_1_237' title='bbox 3209 1644 3506 1716; x_wconf 31' lang='lat' dir='ltr'><strong><em>admiran-I</em></strong></span> 
     </span>
    </p>
   </div>
   <div class='ocr_carea' id='block_1_34' title="bbox 242 1745 1805 1822">
    <p class='ocr_par' dir='ltr' id='par_1_34' title="bbox 242 1750 1805 1822">
     <span class='ocr_line' id='line_1_34' title="bbox 242 1750 1805 1822; baseline -0.001 -15"><span class='ocrx_word' id='word_1_238' title='bbox 242 1756 429 1822; x_wconf 78' lang='grc' dir='ltr'><em>ὥσπερ</em></span> <span class='ocrx_word' id='word_1_239' title='bbox 454 1753 551 1806; x_wconf 76' lang='grc' dir='ltr'><strong><em>ἐπὶ</em></strong></span> <span class='ocrx_word' id='word_1_240' title='bbox 586 1751 825 1820; x_wconf 78' lang='grc' dir='ltr'><strong><em>σκηνῆς</em></strong></span> <span class='ocrx_word' id='word_1_241' title='bbox 856 1751 1148 1816; x_wconf 73' lang='grc' dir='ltr'><em>ἐπίδειξιν</em></span> <span class='ocrx_word' id='word_1_242' title='bbox 1164 1751 1434 1813; x_wconf 84' lang='grc' dir='ltr'><em>ποιεῖται,</em></span> <span class='ocrx_word' id='word_1_243' title='bbox 1467 1751 1534 1804; x_wconf 86' lang='grc' dir='ltr'><em>τὸ</em></span> <span class='ocrx_word' id='word_1_244' title='bbox 1554 1750 1805 1820; x_wconf 72' lang='grc' dir='ltr'><em>πλάσμα</em></span> 
     </span>
    </p>
   </div>
   <div class='ocr_carea' id='block_1_35' title="bbox 1910 1745 3491 1822">
    <p class='ocr_par' dir='ltr' id='par_1_35' title="bbox 1910 1745 3491 1820">
     <span class='ocr_line' id='line_1_35' title="bbox 1910 1745 3491 1820; baseline 0.005 -21"><span class='ocrx_word' id='word_1_245' title='bbox 1910 1745 2034 1800; x_wconf 82' lang='lat' dir='ltr'><strong><em>dant</em></strong></span> <span class='ocrx_word' id='word_1_246' title='bbox 2083 1748 2336 1802; x_wconf 80' lang='lat' dir='ltr'><strong><em>adversus</em></strong></span> <span class='ocrx_word' id='word_1_247' title='bbox 2390 1766 2545 1803; x_wconf 90' lang='lat' dir='ltr'><strong><em>suam</em></strong></span> <span class='ocrx_word' id='word_1_248' title='bbox 2595 1751 2867 1820; x_wconf 79' lang='lat' dir='ltr'><strong><em>proferens</em></strong></span> <span class='ocrx_word' id='word_1_249' title='bbox 2929 1752 3184 1820; x_wconf 84' lang='lat' dir='ltr'><strong><em>salutem,</em></strong></span> <span class='ocrx_word' id='word_1_250' title='bbox 3235 1771 3391 1809; x_wconf 72' lang='lat' dir='ltr'><strong><em>coxas</em></strong></span> <span class='ocrx_word' id='word_1_251' title='bbox 3440 1763 3491 1807; x_wconf 86' lang='lat' dir='ltr'><strong><em>et</em></strong></span> 
     </span>
    </p>
   </div>
   <div class='ocr_carea' id='block_1_36' title="bbox 241 1841 1808 1912">
    <p class='ocr_par' dir='ltr' id='par_1_36' title="bbox 241 1841 1808 1912">
     <span class='ocr_line' id='line_1_36' title="bbox 241 1841 1808 1912; baseline -0.003 -12"><span class='ocrx_word' id='word_1_252' title='bbox 241 1846 342 1900; x_wconf 80' lang='grc' dir='ltr'><em>τοῦ</em></span> <span class='ocrx_word' id='word_1_253' title='bbox 367 1844 628 1912; x_wconf 67' lang='grc' dir='ltr'><em>ψεύδους</em></span> <span class='ocrx_word' id='word_1_254' title='bbox 658 1843 812 1912; x_wconf 74' lang='grc' dir='ltr'><em>μέγα</em></span> <span class='ocrx_word' id='word_1_255' title='bbox 845 1842 944 1895; x_wconf 80' lang='grc' dir='ltr'><strong><em>καί</em></strong></span> <span class='ocrx_word' id='word_1_256' title='bbox 968 1843 1317 1911; x_wconf 80' lang='grc' dir='ltr'><em>θαυμαστὸν</em></span> <span class='ocrx_word' id='word_1_257' title='bbox 1348 1841 1478 1897; x_wconf 81' lang='grc' dir='ltr'><em>οἷον</em></span> <span class='ocrx_word' id='word_1_258' title='bbox 1501 1845 1652 1899; x_wconf 79' lang='grc' dir='ltr'><em>κατὰ</em></span> <span class='ocrx_word' id='word_1_259' title='bbox 1697 1843 1808 1911; x_wconf 80' lang='grc' dir='ltr'><em>τῆς</em></span> 
     </span>
    </p>
   </div>
   <div class='ocr_carea' id='block_1_37' title="bbox 231 1934 1808 2002">
    <p class='ocr_par' dir='ltr' id='par_1_37' title="bbox 231 1934 1808 2002">
     <span class='ocr_line' id='line_1_37' title="bbox 231 1934 1808 2002; baseline -0.001 -12"><span class='ocrx_word' id='word_1_260' title='bbox 231 1935 440 1990; x_wconf 63' lang='grc' dir='ltr'><em>ἑαυτοῦ</em></span> <span class='ocrx_word' id='word_1_261' title='bbox 456 1936 945 2002; x_wconf 54' lang='grc' dir='ltr'><em>προϐαλῖόμενος</em></span> <span class='ocrx_word' id='word_1_262' title='bbox 966 1935 1285 2000; x_wconf 78' lang='grc' dir='ltr'><em>σωτηρίας,</em></span> <span class='ocrx_word' id='word_1_263' title='bbox 1314 1934 1564 2002; x_wconf 76' lang='grc' dir='ltr'><em>ῥάϐδοις</em></span> <span class='ocrx_word' id='word_1_264' title='bbox 1596 1935 1808 1992; x_wconf 83' lang='grc' dir='ltr'><em>τυπτέ-</em></span> 
     </span>
    </p>
   </div>
   <div class='ocr_carea' id='block_1_38' title="bbox 236 2027 1808 2100">
    <p class='ocr_par' dir='ltr' id='par_1_38' title="bbox 236 2027 1808 2100">
     <span class='ocr_line' id='line_1_38' title="bbox 236 2027 1808 2100; baseline 0.003 -18"><span class='ocrx_word' id='word_1_265' title='bbox 236 2033 356 2082; x_wconf 83' lang='grc' dir='ltr'><strong><em>σθω</em></strong></span> <span class='ocrx_word' id='word_1_266' title='bbox 384 2028 451 2082; x_wconf 83' lang='grc' dir='ltr'><em>τά</em></span> <span class='ocrx_word' id='word_1_267' title='bbox 481 2045 543 2081; x_wconf 88' lang='grc' dir='ltr'><strong><em>τε</em></strong></span> <span class='ocrx_word' id='word_1_268' title='bbox 575 2029 743 2097; x_wconf 76' lang='grc' dir='ltr'><em>ἰσχία</em></span> <span class='ocrx_word' id='word_1_269' title='bbox 763 2029 859 2080; x_wconf 78' lang='grc' dir='ltr'><strong><em>καί</em></strong></span> <span class='ocrx_word' id='word_1_270' title='bbox 892 2027 964 2080; x_wconf 82' lang='grc' dir='ltr'><em>τὰ</em></span> <span class='ocrx_word' id='word_1_271' title='bbox 983 2029 1135 2081; x_wconf 80' lang='grc' dir='ltr'><em>κατὰ</em></span> <span class='ocrx_word' id='word_1_272' title='bbox 1156 2029 1261 2082; x_wconf 84' lang='grc' dir='ltr'><strong><em>τὸν</em></strong></span> <span class='ocrx_word' id='word_1_273' title='bbox 1301 2030 1496 2082; x_wconf 86' lang='grc' dir='ltr'><em>νῶτον</em></span> <span class='ocrx_word' id='word_1_274' title='bbox 1520 2029 1694 2099; x_wconf 83' lang='grc' dir='ltr'><em>μέρη.</em></span> <span class='ocrx_word' id='word_1_275' title='bbox 1727 2033 1808 2100; x_wconf 86' lang='grc' dir='ltr'><em>ὡς</em></span> 
     </span>
    </p>
   </div>
   <div class='ocr_carea' id='block_1_39' title="bbox 223 2117 1805 2194">
    <p class='ocr_par' dir='ltr' id='par_1_39' title="bbox 223 2117 1805 2194">
     <span class='ocr_line' id='line_1_39' title="bbox 223 2117 1805 2194; baseline 0.004 -22"><span class='ocrx_word' id='word_1_276' title='bbox 223 2119 310 2175; x_wconf 69' lang='grc' dir='ltr'><em>ἄν</em></span> <span class='ocrx_word' id='word_1_277' title='bbox 339 2121 380 2152; x_wconf 80' lang='grc'><strong><em>⁹⁹</em></strong></span> <span class='ocrx_word' id='word_1_278' title='bbox 414 2120 542 2188; x_wconf 81' lang='grc' dir='ltr'><em>ἄρτι</em></span> <span class='ocrx_word' id='word_1_279' title='bbox 565 2117 688 2186; x_wconf 63' lang='grc' dir='ltr'><em>«γνῷ</em></span> <span class='ocrx_word' id='word_1_280' title='bbox 713 2119 949 2187; x_wconf 79' lang='grc' dir='ltr'><em>πρῶτον</em></span> <span class='ocrx_word' id='word_1_281' title='bbox 978 2121 1093 2173; x_wconf 78' lang='grc' dir='ltr'><em>τίνι</em></span> <span class='ocrx_word' id='word_1_282' title='bbox 1125 2121 1486 2188; x_wconf 73' lang='grc' dir='ltr'><em>παρίσταται</em></span> <span class='ocrx_word' id='word_1_283' title='bbox 1518 2124 1618 2177; x_wconf 80' lang='grc' dir='ltr'><strong><em>καὶ</em></strong></span> <span class='ocrx_word' id='word_1_284' title='bbox 1671 2125 1805 2194; x_wconf 78' lang='grc' dir='ltr'><em>περὶ</em></span> 
     </span>
    </p>
   </div>
   <div class='ocr_carea' id='block_1_40' title="bbox 233 2211 1806 2282">
    <p class='ocr_par' dir='ltr' id='par_1_40' title="bbox 233 2211 1806 2282">
     <span class='ocr_line' id='line_1_40' title="bbox 233 2211 1806 2282; baseline 0.003 -18"><span class='ocrx_word' id='word_1_285' title='bbox 233 2213 406 2266; x_wconf 81' lang='grc' dir='ltr'><em>τίνων</em></span> <span class='ocrx_word' id='word_1_286' title='bbox 433 2212 765 2280; x_wconf 77' lang='grc' dir='ltr'><em>διαλέγεται</em></span> <span class='ocrx_word' id='word_1_287' title='bbox 786 2254 798 2272; x_wconf 93' lang='grc'><strong><em>,</em></strong></span> <span class='ocrx_word' id='word_1_288' title='bbox 859 2211 958 2264; x_wconf 76' lang='grc' dir='ltr'><em>καὶ</em></span> <span class='ocrx_word' id='word_1_289' title='bbox 981 2211 1066 2280; x_wconf 78' lang='grc' dir='ltr'><em>μὴ</em></span> <span class='ocrx_word' id='word_1_290' title='bbox 1120 2211 1438 2280; x_wconf 80' lang='grc' dir='ltr'><em>χρημάτων</em></span> <span class='ocrx_word' id='word_1_291' title='bbox 1470 2215 1806 2282; x_wconf 83' lang='grc' dir='ltr'><em>ἀλλοτρίων</em></span> 
     </span>
    </p>
   </div>
   <div class='ocr_carea' id='block_1_41' title="bbox 228 2300 1806 2373">
    <p class='ocr_par' dir='ltr' id='par_1_41' title="bbox 228 2300 1806 2373">
     <span class='ocr_line' id='line_1_41' title="bbox 228 2300 1806 2373; baseline 0.002 -17"><span class='ocrx_word' id='word_1_292' title='bbox 228 2301 615 2370; x_wconf 65' lang='grc' dir='ltr'><em>ἀμφισϐητῶν</em></span> <span class='ocrx_word' id='word_1_293' title='bbox 661 2300 769 2353; x_wconf 80' lang='grc' dir='ltr'><strong><em>τὸν</em></strong></span> <span class='ocrx_word' id='word_1_294' title='bbox 793 2300 927 2367; x_wconf 80' lang='grc' dir='ltr'><em>περὶ</em></span> <span class='ocrx_word' id='word_1_295' title='bbox 971 2301 1181 2368; x_wconf 66' lang='grc' dir='ltr'><em>ψυχῆς</em></span> <span class='ocrx_word' id='word_1_296' title='bbox 1206 2303 1401 2367; x_wconf 84' lang='grc' dir='ltr'><strong><em>ἑαυτῷ</em></strong></span> <span class='ocrx_word' id='word_1_297' title='bbox 1431 2304 1806 2373; x_wconf 82' lang='grc' dir='ltr'><em>περιποιῆται</em></span> 
     </span>
    </p>
   </div>
   <div class='ocr_carea' id='block_1_42' title="bbox 221 2389 1803 2464">
    <p class='ocr_par' dir='ltr' id='par_1_42' title="bbox 221 2389 1803 2464">
     <span class='ocr_line' id='line_1_42' title="bbox 221 2389 1803 2464; baseline 0.003 -20"><span class='ocrx_word' id='word_1_298' title='bbox 221 2392 529 2445; x_wconf 70' lang='grc' dir='ltr'><em>κίνδυνον.</em></span> <span class='ocrx_word' id='word_1_299' title='bbox 557 2393 619 2445; x_wconf 86' lang='grc' dir='ltr'><strong>Οἱ</strong></span> <span class='ocrx_word' id='word_1_300' title='bbox 639 2392 943 2462; x_wconf 79' lang='grc' dir='ltr'><em>λειτουργοὶ</em></span> <span class='ocrx_word' id='word_1_301' title='bbox 976 2389 1069 2444; x_wconf 81' lang='grc' dir='ltr'><em>οὖν</em></span> <span class='ocrx_word' id='word_1_302' title='bbox 1096 2391 1206 2444; x_wconf 85' lang='grc' dir='ltr'><strong><em>τῶν</em></strong></span> <span class='ocrx_word' id='word_1_303' title='bbox 1258 2392 1458 2446; x_wconf 81' lang='grc' dir='ltr'><em>ἀδίκων</em></span> <span class='ocrx_word' id='word_1_304' title='bbox 1489 2397 1691 2464; x_wconf 88' lang='grc' dir='ltr'><em>φόνων,</em></span> <span class='ocrx_word' id='word_1_305' title='bbox 1727 2396 1803 2460; x_wconf 79' lang='grc' dir='ltr'><em>ὡς</em></span> 
     </span>
    </p>
   </div>
   <div class='ocr_carea' id='block_1_43' title="bbox 231 2477 1804 2556">
    <p class='ocr_par' dir='ltr' id='par_1_43' title="bbox 231 2477 1804 2556">
     <span class='ocr_line' id='line_1_43' title="bbox 231 2477 1804 2556; baseline 0.003 -20"><span class='ocrx_word' id='word_1_306' title='bbox 231 2484 386 2552; x_wconf 89' lang='grc' dir='ltr'><em>μόνον</em></span> <span class='ocrx_word' id='word_1_307' title='bbox 414 2477 552 2535; x_wconf 74' lang='grc' dir='ltr'><em>εἶδον</em></span> <span class='ocrx_word' id='word_1_308' title='bbox 581 2483 744 2536; x_wconf 70' lang='grc' dir='ltr'><em>αὐτὸν</em></span> <span class='ocrx_word' id='word_1_309' title='bbox 777 2483 895 2552; x_wconf 77' lang='grc' dir='ltr'><em>μεθ’</em></span> <span class='ocrx_word' id='word_1_310' title='bbox 926 2482 1245 2552; x_wconf 83' lang='grc' dir='ltr'><em>ὑποσυρμοῦ</em></span> <span class='ocrx_word' id='word_1_311' title='bbox 1272 2485 1454 2555; x_wconf 84' lang='grc' dir='ltr'><em>φωνῆς</em></span> <span class='ocrx_word' id='word_1_312' title='bbox 1481 2487 1576 2539; x_wconf 79' lang='grc' dir='ltr'><em>καὶ</em></span> <span class='ocrx_word' id='word_1_313' title='bbox 1606 2490 1804 2556; x_wconf 84' lang='grc' dir='ltr'><em>μανίας</em></span> 
     </span>
    </p>
   </div>
   <div class='ocr_carea' id='block_1_44' title="bbox 215 2574 1803 2648">
    <p class='ocr_par' dir='ltr' id='par_1_44' title="bbox 215 2574 1803 2648">
     <span class='ocr_line' id='line_1_44' title="bbox 215 2574 1803 2648; baseline 0.003 -21"><span class='ocrx_word' id='word_1_314' title='bbox 215 2576 323 2645; x_wconf 72' lang='grc' dir='ltr'><em>’τὴν</em></span> <span class='ocrx_word' id='word_1_315' title='bbox 351 2575 607 2645; x_wconf 74' lang='grc' dir='ltr'><em>τοιαύτην</em></span> <span class='ocrx_word' id='word_1_316' title='bbox 643 2574 824 2644; x_wconf 79' lang='grc' dir='ltr'><em>ψῆφον</em></span> <span class='ocrx_word' id='word_1_317' title='bbox 850 2575 991 2628; x_wconf 81' lang='grc' dir='ltr'><em>κατὰ</em></span> <span class='ocrx_word' id='word_1_318' title='bbox 1024 2574 1116 2632; x_wconf 76' lang='grc' dir='ltr'><em>τοῦ</em></span> <span class='ocrx_word' id='word_1_319' title='bbox 1151 2575 1387 2638; x_wconf 75' lang='grc' dir='ltr'><strong><em>ἑστῶτος</em></strong></span> <span class='ocrx_word' id='word_1_320' title='bbox 1437 2577 1803 2648; x_wconf 77' lang='grc' dir='ltr'><em>ἐξενεγκάμε-</em></span> 
     </span>
    </p>
   </div>
   <div class='ocr_carea' id='block_1_45' title="bbox 224 2666 1799 2741">
    <p class='ocr_par' dir='ltr' id='par_1_45' title="bbox 224 2666 1799 2741">
     <span class='ocr_line' id='line_1_45' title="bbox 224 2666 1799 2741; baseline 0.002 -23"><span class='ocrx_word' id='word_1_321' title='bbox 224 2684 334 2730; x_wconf 76' lang='grc' dir='ltr'><em>νον,</em></span> <span class='ocrx_word' id='word_1_322' title='bbox 369 2666 560 2719; x_wconf 78' lang='grc' dir='ltr'><em>Θᾶττον</em></span> <span class='ocrx_word' id='word_1_323' title='bbox 587 2667 746 2734; x_wconf 85' lang='grc' dir='ltr'><em>λόγου</em></span> <span class='ocrx_word' id='word_1_324' title='bbox 777 2666 976 2729; x_wconf 80' lang='grc' dir='ltr'><em>παντὸς</em></span> <span class='ocrx_word' id='word_1_325' title='bbox 1000 2669 1064 2736; x_wconf 80' lang='grc' dir='ltr'><em>τῇ</em></span> <span class='ocrx_word' id='word_1_326' title='bbox 1090 2669 1160 2736; x_wconf 80' lang='grc' dir='ltr'><em>γῇ</em></span> <span class='ocrx_word' id='word_1_327' title='bbox 1191 2666 1378 2720; x_wconf 82' lang='grc' dir='ltr'><em>τοῦτον</em></span> <span class='ocrx_word' id='word_1_328' title='bbox 1400 2669 1799 2741; x_wconf 65' lang='grc' dir='ltr'><em>προσὲρῤαξαν,</em></span> 
     </span>
    </p>
   </div>
   <div class='ocr_carea' id='block_1_46' title="bbox 221 2756 1805 2828">
    <p class='ocr_par' dir='ltr' id='par_1_46' title="bbox 221 2756 1805 2828">
     <span class='ocr_line' id='line_1_46' title="bbox 221 2756 1805 2828; baseline 0.002 -18"><span class='ocrx_word' id='word_1_329' title='bbox 221 2759 313 2810; x_wconf 79' lang='grc' dir='ltr'><em>καὶ</em></span> <span class='ocrx_word' id='word_1_330' title='bbox 333 2756 625 2819; x_wconf 77' lang='grc' dir='ltr'><em>τοσαύταις</em></span> <span class='ocrx_word' id='word_1_331' title='bbox 653 2756 905 2826; x_wconf 76' lang='grc' dir='ltr'><em>βάλλουσι</em></span> <span class='ocrx_word' id='word_1_332' title='bbox 927 2757 1180 2826; x_wconf 80' lang='grc' dir='ltr'><strong><em>πληγαῖς,</em></strong></span> <span class='ocrx_word' id='word_1_333' title='bbox 1207 2757 1282 2820; x_wconf 84' lang='grc' dir='ltr'><em>ὡς</em></span> <span class='ocrx_word' id='word_1_334' title='bbox 1314 2759 1390 2828; x_wconf 81' lang='grc' dir='ltr'><em>μὴ</em></span> <span class='ocrx_word' id='word_1_335' title='bbox 1421 2759 1516 2811; x_wconf 70' lang='grc' dir='ltr'><strong><em>ἐπὶ</em></strong></span> <span class='ocrx_word' id='word_1_336' title='bbox 1543 2759 1683 2812; x_wconf 81' lang='grc' dir='ltr'><em>πολὺ</em></span> <span class='ocrx_word' id='word_1_337' title='bbox 1710 2762 1805 2813; x_wconf 81' lang='grc' dir='ltr'><strong><em>ἀν·</em></strong></span> 
     </span>
    </p>
   </div>
   <div class='ocr_carea' id='block_1_47' title="bbox 214 2846 1800 2921">
    <p class='ocr_par' dir='ltr' id='par_1_47' title="bbox 214 2846 1800 2921">
     <span class='ocr_line' id='line_1_47' title="bbox 214 2846 1800 2921; baseline 0.001 -20"><span class='ocrx_word' id='word_1_338' title='bbox 214 2851 426 2918; x_wconf 81' lang='grc' dir='ltr'><em>τισχεῖν</em></span> <span class='ocrx_word' id='word_1_339' title='bbox 450 2846 545 2901; x_wconf 81' lang='grc' dir='ltr'><em>τοῦ</em></span> <span class='ocrx_word' id='word_1_340' title='bbox 573 2849 758 2901; x_wconf 79' lang='grc' dir='ltr'><strong><em>ἀθλίου</em></strong></span> <span class='ocrx_word' id='word_1_341' title='bbox 787 2848 846 2900; x_wconf 86' lang='grc' dir='ltr'><em>τὸ</em></span> <span class='ocrx_word' id='word_1_342' title='bbox 870 2848 1050 2916; x_wconf 89' lang='grc' dir='ltr'><em>σῶμα,</em></span> <span class='ocrx_word' id='word_1_343' title='bbox 1077 2847 1190 2900; x_wconf 82' lang='grc' dir='ltr'><em>ἀλλ’</em></span> <span class='ocrx_word' id='word_1_344' title='bbox 1213 2849 1292 2910; x_wconf 87' lang='grc' dir='ltr'><strong><em>είς</em></strong></span> <span class='ocrx_word' id='word_1_345' title='bbox 1319 2849 1488 2902; x_wconf 78' lang='grc' dir='ltr'><em>πολλὰ</em></span> <span class='ocrx_word' id='word_1_346' title='bbox 1509 2849 1800 2921; x_wconf 82' lang='grc' dir='ltr'><em>διαιρεθὲν,</em></span> 
     </span>
    </p>
   </div>
   <div class='ocr_carea' id='block_1_48' title="bbox 205 2939 1802 3012">
    <p class='ocr_par' dir='ltr' id='par_1_48' title="bbox 205 2939 1802 3012">
     <span class='ocr_line' id='line_1_48' title="bbox 205 2939 1802 3012; baseline 0 -19"><span class='ocrx_word' id='word_1_347' title='bbox 205 2943 312 2993; x_wconf 66' lang='grc' dir='ltr'><em>«καὶ</em></span> <span class='ocrx_word' id='word_1_348' title='bbox 335 2943 451 3003; x_wconf 89' lang='grc' dir='ltr'><em>τοῖς</em></span> <span class='ocrx_word' id='word_1_349' title='bbox 480 2941 686 3010; x_wconf 83' lang='grc' dir='ltr'><strong><em>ὀχετοῖς</em></strong></span> <span class='ocrx_word' id='word_1_350' title='bbox 721 2940 832 2992; x_wconf 89' lang='grc' dir='ltr'><strong><em>τῶν</em></strong></span> <span class='ocrx_word' id='word_1_351' title='bbox 858 2939 1106 3010; x_wconf 81' lang='grc' dir='ltr'><em>αἱμάτων</em></span> <span class='ocrx_word' id='word_1_352' title='bbox 1130 2939 1219 2993; x_wconf 84' lang='grc' dir='ltr'><em>τὸν</em></span> <span class='ocrx_word' id='word_1_353' title='bbox 1256 2940 1613 3012; x_wconf 80' lang='grc' dir='ltr'><em>ὑποκείμενον</em></span> <span class='ocrx_word' id='word_1_354' title='bbox 1639 2942 1802 2995; x_wconf 85' lang='grc' dir='ltr'><em>τόπον</em></span> 
     </span>
    </p>
   </div>
   <div class='ocr_carea' id='block_1_49' title="bbox 215 3030 1802 3106">
    <p class='ocr_par' dir='ltr' id='par_1_49' title="bbox 215 3030 1802 3106">
     <span class='ocr_line' id='line_1_49' title="bbox 215 3030 1802 3106; baseline 0.001 -21"><span class='ocrx_word' id='word_1_355' title='bbox 215 3032 544 3101; x_wconf 79' lang='grc' dir='ltr'><em>πληρῶσαν,</em></span> <span class='ocrx_word' id='word_1_356' title='bbox 583 3030 756 3094; x_wconf 73' lang='grc' dir='ltr'><em>οὕτως</em></span> <span class='ocrx_word' id='word_1_357' title='bbox 786 3031 886 3102; x_wconf 81' lang='grc' dir='ltr'><em>τὴν</em></span> <span class='ocrx_word' id='word_1_358' title='bbox 918 3030 1097 3101; x_wconf 74' lang='grc' dir='ltr'><em>ψυχὴν</em></span> <span class='ocrx_word' id='word_1_359' title='bbox 1143 3033 1456 3100; x_wconf 77' lang='grc' dir='ltr'><em>ἐπαφεῖναι,</em></span> <span class='ocrx_word' id='word_1_360' title='bbox 1509 3037 1802 3106; x_wconf 76' lang='grc' dir='ltr'><em>καρτερεῖν</em></span> 
     </span>
    </p>
   </div>
   <div class='ocr_carea' id='block_1_50' title="bbox 1911 1839 3492 1916">
    <p class='ocr_par' dir='ltr' id='par_1_50' title="bbox 1911 1839 3492 1916">
     <span class='ocr_line' id='line_1_50' title="bbox 1911 1839 3492 1916; baseline 0.005 -25"><span class='ocrx_word' id='word_1_361' title='bbox 1911 1839 2160 1908; x_wconf 80' lang='lat' dir='ltr'><strong><em>scapulas</em></strong></span> <span class='ocrx_word' id='word_1_362' title='bbox 2184 1841 2406 1909; x_wconf 76' lang='lat' dir='ltr'><strong><em>fustibus</em></strong></span> <span class='ocrx_word' id='word_1_363' title='bbox 2422 1843 2800 1906; x_wconf 71' lang='lat' dir='ltr'><strong><em>con-tundatur,</em></strong></span> <span class='ocrx_word' id='word_1_364' title='bbox 2832 1853 2889 1896; x_wconf 87' lang='lat' dir='ltr'><strong><em>ut</em></strong></span> <span class='ocrx_word' id='word_1_365' title='bbox 2917 1862 3054 1898; x_wconf 89' lang='lat' dir='ltr'><strong><em>nunc</em></strong></span> <span class='ocrx_word' id='word_1_366' title='bbox 3081 1846 3296 1899; x_wconf 84' lang='lat' dir='ltr'><strong><em>tandem</em></strong></span> <span class='ocrx_word' id='word_1_367' title='bbox 3321 1863 3492 1916; x_wconf 84' lang='lat' dir='ltr'><strong><em>agno-</em></strong></span> 
     </span>
    </p>
   </div>
   <div class='ocr_carea' id='block_1_51' title="bbox 1911 1932 3490 2004">
    <p class='ocr_par' dir='ltr' id='par_1_51' title="bbox 1911 1932 3490 2004">
     <span class='ocr_line' id='line_1_51' title="bbox 1911 1932 3490 2004; baseline 0.006 -22"><span class='ocrx_word' id='word_1_368' title='bbox 1911 1941 2021 1984; x_wconf 88' lang='lat' dir='ltr'><strong><em>scat</em></strong></span> <span class='ocrx_word' id='word_1_369' title='bbox 2050 1932 2134 1984; x_wconf 81' lang='lat' dir='ltr'><strong><em>cui</em></strong></span> <span class='ocrx_word' id='word_1_370' title='bbox 2173 1941 2307 1986; x_wconf 88' lang='lat' dir='ltr'><strong><em>astet</em></strong></span> <span class='ocrx_word' id='word_1_371' title='bbox 2338 1933 2472 1986; x_wconf 87' lang='lat' dir='ltr'><strong><em>etde</em></strong></span> <span class='ocrx_word' id='word_1_372' title='bbox 2503 1935 2688 2004; x_wconf 87' lang='lat' dir='ltr'><strong><em>quibus</em></strong></span> <span class='ocrx_word' id='word_1_373' title='bbox 2714 1933 2985 2004; x_wconf 80' lang='lat' dir='ltr'><strong><em>loquatur,</em></strong></span> <span class='ocrx_word' id='word_1_374' title='bbox 3028 1944 3077 1989; x_wconf 85' lang='lat' dir='ltr'><strong><em>et</em></strong></span> <span class='ocrx_word' id='word_1_375' title='bbox 3117 1954 3182 1990; x_wconf 91' lang='lat' dir='ltr'><strong><em>ne</em></strong></span> <span class='ocrx_word' id='word_1_376' title='bbox 3209 1939 3272 1990; x_wconf 89' lang='lat' dir='ltr'><strong><em>de</em></strong></span> <span class='ocrx_word' id='word_1_377' title='bbox 3303 1938 3490 1992; x_wconf 82' lang='lat' dir='ltr'><strong><em>alienis</em></strong></span> 
     </span>
    </p>
   </div>
   <div class='ocr_carea' id='block_1_52' title="bbox 1913 2024 3489 2099">
    <p class='ocr_par' dir='ltr' id='par_1_52' title="bbox 1913 2024 3489 2099">
     <span class='ocr_line' id='line_1_52' title="bbox 1913 2024 3489 2099; baseline 0.006 -24"><span class='ocrx_word' id='word_1_378' title='bbox 1913 2024 2146 2092; x_wconf 82' lang='lat' dir='ltr'><strong><em>pecuniis</em></strong></span> <span class='ocrx_word' id='word_1_379' title='bbox 2174 2025 2442 2094; x_wconf 79' lang='lat' dir='ltr'><strong><em>ambigens</em></strong></span> <span class='ocrx_word' id='word_1_380' title='bbox 2471 2028 2592 2081; x_wconf 72' lang='lat' dir='ltr'><strong><em>vita:</em></strong></span> <span class='ocrx_word' id='word_1_381' title='bbox 2623 2028 2723 2081; x_wconf 86' lang='lat' dir='ltr'><strong><em>sibi</em></strong></span> <span class='ocrx_word' id='word_1_382' title='bbox 2764 2027 3060 2099; x_wconf 74' lang='lat' dir='ltr'><strong><em>pericuiurn</em></strong></span> <span class='ocrx_word' id='word_1_383' title='bbox 3085 2040 3340 2084; x_wconf 87' lang='lat' dir='ltr'><strong><em>arcessat.</em></strong></span> <span class='ocrx_word' id='word_1_384' title='bbox 3386 2031 3489 2086; x_wconf 83' lang='lat' dir='ltr'><strong><em>Mi-</em></strong></span> 
     </span>
    </p>
   </div>
   <div class='ocr_carea' id='block_1_53' title="bbox 1912 2115 3487 2192">
    <p class='ocr_par' dir='ltr' id='par_1_53' title="bbox 1912 2115 3487 2192">
     <span class='ocr_line' id='line_1_53' title="bbox 1912 2115 3487 2192; baseline 0.005 -24"><span class='ocrx_word' id='word_1_385' title='bbox 1912 2115 2072 2169; x_wconf 90' lang='lat' dir='ltr'><strong><em>nistri</em></strong></span> <span class='ocrx_word' id='word_1_386' title='bbox 2101 2117 2268 2186; x_wconf 78' lang='lat' dir='ltr'><strong><em>igitur</em></strong></span> <span class='ocrx_word' id='word_1_387' title='bbox 2300 2117 2618 2189; x_wconf 88' lang='lat' dir='ltr'><strong><em>iniquarum</em></strong></span> <span class='ocrx_word' id='word_1_388' title='bbox 2676 2121 2929 2180; x_wconf 69' lang='lat' dir='ltr'><strong><em>caedium.</em></strong></span> <span class='ocrx_word' id='word_1_389' title='bbox 2971 2133 3030 2176; x_wconf 92' lang='lat' dir='ltr'><strong><em>ut</em></strong></span> <span class='ocrx_word' id='word_1_390' title='bbox 3074 2123 3251 2176; x_wconf 90' lang='lat' dir='ltr'><strong><em>solum</em></strong></span> <span class='ocrx_word' id='word_1_391' title='bbox 3308 2123 3487 2192; x_wconf 87' lang='lat' dir='ltr'><strong><em>ipsum</em></strong></span> 
     </span>
    </p>
   </div>
   <div class='ocr_carea' id='block_1_54' title="bbox 1910 2207 3490 2279">
    <p class='ocr_par' dir='ltr' id='par_1_54' title="bbox 1910 2207 3490 2279">
     <span class='ocr_line' id='line_1_54' title="bbox 1910 2207 3490 2279; baseline 0.005 -19"><span class='ocrx_word' id='word_1_392' title='bbox 1910 2207 2172 2262; x_wconf 81' lang='lat' dir='ltr'><strong><em>viderunt</em></strong></span> <span class='ocrx_word' id='word_1_393' title='bbox 2193 2210 2357 2279; x_wconf 80' lang='lat' dir='ltr'><strong><em>longo</em></strong></span> <span class='ocrx_word' id='word_1_394' title='bbox 2391 2211 2542 2265; x_wconf 81' lang='lat' dir='ltr'><strong><em>vocis</em></strong></span> <span class='ocrx_word' id='word_1_395' title='bbox 2576 2219 2750 2265; x_wconf 86' lang='lat' dir='ltr'><strong><em>tractu</em></strong></span> <span class='ocrx_word' id='word_1_396' title='bbox 2779 2212 2953 2266; x_wconf 71' lang='lat' dir='ltr'><strong><em>eﬂ&#39;usa</em></strong></span> <span class='ocrx_word' id='word_1_397' title='bbox 2987 2214 3198 2267; x_wconf 89' lang='lat' dir='ltr'><strong><em>insania</em></strong></span> <span class='ocrx_word' id='word_1_398' title='bbox 3223 2215 3490 2268; x_wconf 80' lang='lat' dir='ltr'><strong><em>adversus</em></strong></span> 
     </span>
    </p>
   </div>
   <div class='ocr_carea' id='block_1_55' title="bbox 1910 2302 3491 2368">
    <p class='ocr_par' dir='ltr' id='par_1_55' title="bbox 1910 2302 3491 2368">
     <span class='ocr_line' id='line_1_55' title="bbox 1910 2302 3491 2368; baseline 0.006 -16"><span class='ocrx_word' id='word_1_399' title='bbox 1910 2313 2097 2352; x_wconf 88' lang='lat' dir='ltr'><strong><em>coram</em></strong></span> <span class='ocrx_word' id='word_1_400' title='bbox 2146 2310 2382 2355; x_wconf 85' lang='lat' dir='ltr'><strong><em>stantem</em></strong></span> <span class='ocrx_word' id='word_1_401' title='bbox 2443 2302 2634 2357; x_wconf 84' lang='lat' dir='ltr'><strong><em>tulisse</em></strong></span> <span class='ocrx_word' id='word_1_402' title='bbox 2700 2305 3057 2368; x_wconf 79' lang='lat' dir='ltr'><strong><em>sententiam,</em></strong></span> <span class='ocrx_word' id='word_1_403' title='bbox 3123 2308 3274 2359; x_wconf 88' lang='lat' dir='ltr'><strong><em>omni</em></strong></span> <span class='ocrx_word' id='word_1_404' title='bbox 3318 2308 3491 2361; x_wconf 86' lang='lat' dir='ltr'><strong><em>verbo</em></strong></span> 
     </span>
    </p>
   </div>
   <div class='ocr_carea' id='block_1_56' title="bbox 1910 2391 3489 2467">
    <p class='ocr_par' dir='ltr' id='par_1_56' title="bbox 1910 2391 3489 2467">
     <span class='ocr_line' id='line_1_56' title="bbox 1910 2391 3489 2467; baseline 0.005 -22"><span class='ocrx_word' id='word_1_405' title='bbox 1910 2391 2068 2446; x_wconf 88' lang='lat' dir='ltr'><strong><em>ocius</em></strong></span> <span class='ocrx_word' id='word_1_406' title='bbox 2109 2392 2386 2448; x_wconf 85' lang='lat' dir='ltr'><strong><em>hominem</em></strong></span> <span class='ocrx_word' id='word_1_407' title='bbox 2419 2393 2576 2464; x_wconf 78' lang='lat'><strong>571</strong></span> <span class='ocrx_word' id='word_1_408' title='bbox 2612 2395 2763 2449; x_wconf 86' lang='lat' dir='ltr'><strong><em>humi</em></strong></span> <span class='ocrx_word' id='word_1_409' title='bbox 2821 2396 3079 2458; x_wconf 87' lang='lat' dir='ltr'><strong><em>allidunt,</em></strong></span> <span class='ocrx_word' id='word_1_410' title='bbox 3135 2406 3324 2467; x_wconf 89' lang='lat' dir='ltr'><strong><em>totque</em></strong></span> <span class='ocrx_word' id='word_1_411' title='bbox 3371 2415 3489 2453; x_wconf 85' lang='lat' dir='ltr'><strong><em>ma-</em></strong></span> 
     </span>
    </p>
   </div>
   <div class='ocr_carea' id='block_1_57' title="bbox 1911 2485 3489 2557">
    <p class='ocr_par' dir='ltr' id='par_1_57' title="bbox 1911 2485 3489 2557">
     <span class='ocr_line' id='line_1_57' title="bbox 1911 2485 3489 2557; baseline 0.006 -21"><span class='ocrx_word' id='word_1_412' title='bbox 1911 2493 2064 2537; x_wconf 89' lang='lat' dir='ltr'><strong><em>ctant</em></strong></span> <span class='ocrx_word' id='word_1_413' title='bbox 2092 2485 2421 2540; x_wconf 82' lang='lat' dir='ltr'><strong><em>verberibus</em></strong></span> <span class='ocrx_word' id='word_1_414' title='bbox 2451 2494 2512 2540; x_wconf 93' lang='lat' dir='ltr'><strong><em>ut</em></strong></span> <span class='ocrx_word' id='word_1_415' title='bbox 2550 2486 2736 2541; x_wconf 85' lang='lat' dir='ltr'><strong><em>miseri</em></strong></span> <span class='ocrx_word' id='word_1_416' title='bbox 2767 2503 2971 2557; x_wconf 83' lang='lat' dir='ltr'><strong><em>corpus</em></strong></span> <span class='ocrx_word' id='word_1_417' title='bbox 2998 2504 3107 2541; x_wconf 92' lang='lat' dir='ltr'><strong><em>non</em></strong></span> <span class='ocrx_word' id='word_1_418' title='bbox 3139 2489 3234 2543; x_wconf 89' lang='lat' dir='ltr'><strong><em>diu</em></strong></span> <span class='ocrx_word' id='word_1_419' title='bbox 3268 2491 3489 2546; x_wconf 87' lang='lat' dir='ltr'><strong><em>restite-</em></strong></span> 
     </span>
    </p>
   </div>
   <div class='ocr_carea' id='block_1_58' title="bbox 1914 2575 3493 2652">
    <p class='ocr_par' dir='ltr' id='par_1_58' title="bbox 1914 2575 3493 2652">
     <span class='ocr_line' id='line_1_58' title="bbox 1914 2575 3493 2652; baseline 0.006 -24"><span class='ocrx_word' id='word_1_420' title='bbox 1914 2575 2007 2638; x_wconf 82' lang='lat' dir='ltr'><strong><em>rit,</em></strong></span> <span class='ocrx_word' id='word_1_421' title='bbox 2038 2575 2134 2630; x_wconf 91' lang='lat' dir='ltr'><strong><em>sed</em></strong></span> <span class='ocrx_word' id='word_1_422' title='bbox 2166 2577 2223 2630; x_wconf 91' lang='lat' dir='ltr'><strong><em>in</em></strong></span> <span class='ocrx_word' id='word_1_423' title='bbox 2263 2577 2434 2632; x_wconf 89' lang='lat' dir='ltr'><strong><em>multa</em></strong></span> <span class='ocrx_word' id='word_1_424' title='bbox 2491 2578 2798 2642; x_wconf 88' lang='lat' dir='ltr'><strong><em>concisum,</em></strong></span> <span class='ocrx_word' id='word_1_425' title='bbox 2831 2579 3190 2652; x_wconf 88' lang='lat' dir='ltr'><strong><em>subjectoque</em></strong></span> <span class='ocrx_word' id='word_1_426' title='bbox 3222 2581 3338 2636; x_wconf 93' lang='lat' dir='ltr'><strong><em>solo</em></strong></span> <span class='ocrx_word' id='word_1_427' title='bbox 3365 2599 3493 2637; x_wconf 86' lang='lat' dir='ltr'><strong><em>san-</em></strong></span> 
     </span>
    </p>
   </div>
   <div class='ocr_carea' id='block_1_59' title="bbox 1911 2668 3492 2739">
    <p class='ocr_par' dir='ltr' id='par_1_59' title="bbox 1911 2668 3492 2739">
     <span class='ocr_line' id='line_1_59' title="bbox 1911 2668 3492 2739; baseline 0.005 -20"><span class='ocrx_word' id='word_1_428' title='bbox 1911 2668 2138 2736; x_wconf 89' lang='lat' dir='ltr'><strong><em>guinum</em></strong></span> <span class='ocrx_word' id='word_1_429' title='bbox 2212 2668 2349 2722; x_wconf 88' lang='lat' dir='ltr'><strong><em>rivis</em></strong></span> <span class='ocrx_word' id='word_1_430' title='bbox 2406 2669 2652 2739; x_wconf 86' lang='lat' dir='ltr'><strong><em>impleto,</em></strong></span> <span class='ocrx_word' id='word_1_431' title='bbox 2703 2671 2872 2724; x_wconf 88' lang='lat' dir='ltr'><strong><em>tantis</em></strong></span> <span class='ocrx_word' id='word_1_432' title='bbox 2938 2671 3150 2726; x_wconf 86' lang='lat' dir='ltr'><strong><em>scilicet</em></strong></span> <span class='ocrx_word' id='word_1_433' title='bbox 3208 2671 3492 2727; x_wconf 82' lang='lat' dir='ltr'><strong><em>doloribus</em></strong></span> 
     </span>
    </p>
   </div>
   <div class='ocr_carea' id='block_1_60' title="bbox 1913 2759 3490 2838">
    <p class='ocr_par' dir='ltr' id='par_1_60' title="bbox 1913 2759 3490 2838">
     <span class='ocr_line' id='line_1_60' title="bbox 1913 2759 3490 2838; baseline 0.006 -26"><span class='ocrx_word' id='word_1_434' title='bbox 1913 2759 2090 2828; x_wconf 85' lang='lat' dir='ltr'><strong><em>impar</em></strong></span> <span class='ocrx_word' id='word_1_435' title='bbox 2128 2775 2192 2814; x_wconf 92' lang='lat' dir='ltr'><strong><em>ac</em></strong></span> <span class='ocrx_word' id='word_1_436' title='bbox 2213 2761 2571 2823; x_wconf 84' lang='lat' dir='ltr'><strong><em>cruciatibus.</em></strong></span> <span class='ocrx_word' id='word_1_437' title='bbox 2600 2763 2839 2817; x_wconf 89' lang='lat' dir='ltr'><strong><em>animam</em></strong></span> <span class='ocrx_word' id='word_1_438' title='bbox 2865 2764 3151 2819; x_wconf 82' lang='lat' dir='ltr'><strong><em>emaverit.</em></strong></span> <span class='ocrx_word' id='word_1_439' title='bbox 3195 2767 3312 2820; x_wconf 71' lang='lat' dir='ltr'><strong><em>iam</em></strong></span> <span class='ocrx_word' id='word_1_440' title='bbox 3356 2784 3490 2838; x_wconf 84' lang='lat' dir='ltr'><strong><em>ergo</em></strong></span> 
     </span>
    </p>
   </div>
   <div class='ocr_carea' id='block_1_61' title="bbox 1911 2849 3492 2922">
    <p class='ocr_par' dir='ltr' id='par_1_61' title="bbox 1911 2849 3492 2922">
     <span class='ocr_line' id='line_1_61' title="bbox 1911 2849 3492 2922; baseline 0.004 -16"><span class='ocrx_word' id='word_1_441' title='bbox 1911 2850 2005 2906; x_wconf 91' lang='lat' dir='ltr'><strong><em>illo</em></strong></span> <span class='ocrx_word' id='word_1_442' title='bbox 2069 2849 2372 2922; x_wconf 75' lang='lat' dir='ltr'><strong><em>defatigato</em></strong></span> <span class='ocrx_word' id='word_1_443' title='bbox 2414 2869 2478 2908; x_wconf 88' lang='lat' dir='ltr'><strong><em>ac</em></strong></span> <span class='ocrx_word' id='word_1_444' title='bbox 2520 2853 2827 2916; x_wconf 81' lang='lat' dir='ltr'><strong><em>fatiscente,</em></strong></span> <span class='ocrx_word' id='word_1_445' title='bbox 2887 2870 3011 2907; x_wconf 86' lang='lat' dir='ltr'><strong><em>cum</em></strong></span> <span class='ocrx_word' id='word_1_446' title='bbox 3075 2871 3178 2910; x_wconf 89' lang='lat' dir='ltr'><strong><em>nec</em></strong></span> <span class='ocrx_word' id='word_1_447' title='bbox 3227 2865 3492 2912; x_wconf 86' lang='lat' dir='ltr'><strong><em>cruentos</em></strong></span> 
     </span>
    </p>
   </div>
   <div class='ocr_carea' id='block_1_62' title="bbox 1911 2944 3488 3017">
    <p class='ocr_par' dir='ltr' id='par_1_62' title="bbox 1911 2944 3488 3017">
     <span class='ocr_line' id='line_1_62' title="bbox 1911 2944 3488 3017; baseline 0.006 -21"><span class='ocrx_word' id='word_1_448' title='bbox 1911 2951 2148 2998; x_wconf 76' lang='lat' dir='ltr'><strong><em>tortores</em></strong></span> <span class='ocrx_word' id='word_1_449' title='bbox 2175 2959 2265 2999; x_wconf 89' lang='lat' dir='ltr'><strong><em>res</em></strong></span> <span class='ocrx_word' id='word_1_450' title='bbox 2298 2944 2515 3008; x_wconf 86' lang='lat' dir='ltr'><strong><em>lateret,</em></strong></span> <span class='ocrx_word' id='word_1_451' title='bbox 2550 2947 2669 3015; x_wconf 88' lang='lat' dir='ltr'><strong><em>ipso</em></strong></span> <span class='ocrx_word' id='word_1_452' title='bbox 2703 2947 2816 3017; x_wconf 85' lang='lat' dir='ltr'><strong><em>jam</em></strong></span> <span class='ocrx_word' id='word_1_453' title='bbox 2848 2947 3120 3002; x_wconf 80' lang='lat' dir='ltr'><strong><em>exstincto</em></strong></span> <span class='ocrx_word' id='word_1_454' title='bbox 3164 2958 3221 3003; x_wconf 92' lang='lat' dir='ltr'><strong><em>et</em></strong></span> <span class='ocrx_word' id='word_1_455' title='bbox 3251 2965 3279 3002; x_wconf 92' lang='lat' dir='ltr'><strong><em>a</em></strong></span> <span class='ocrx_word' id='word_1_456' title='bbox 3312 2959 3488 3005; x_wconf 87' lang='lat' dir='ltr'><strong><em>morte</em></strong></span> 
     </span>
    </p>
   </div>
   <div class='ocr_carea' id='block_1_63' title="bbox 1911 3033 3536 3118">
    <p class='ocr_par' dir='ltr' id='par_1_63' title="bbox 1911 3033 3536 3118">
     <span class='ocr_line' id='line_1_63' title="bbox 1911 3033 3536 3118; baseline 0.004 -30"><span class='ocrx_word' id='word_1_457' title='bbox 1911 3033 2123 3089; x_wconf 73' lang='lat' dir='ltr'><strong><em>caedere</em></strong></span> <span class='ocrx_word' id='word_1_458' title='bbox 2153 3035 2518 3102; x_wconf 87' lang='lat' dir='ltr'><strong><em>desinebant;</em></strong></span> <span class='ocrx_word' id='word_1_459' title='bbox 2568 3053 2693 3092; x_wconf 87' lang='lat' dir='ltr'><strong><em>cum</em></strong></span> <span class='ocrx_word' id='word_1_460' title='bbox 2724 3036 2815 3091; x_wconf 81' lang='lat' dir='ltr'><strong><em>vix</em></strong></span> <span class='ocrx_word' id='word_1_461' title='bbox 2864 3037 3084 3092; x_wconf 85' lang='lat' dir='ltr'><strong><em>tandem</em></strong></span> <span class='ocrx_word' id='word_1_462' title='bbox 3136 3038 3492 3094; x_wconf 78' lang='lat' dir='ltr'><strong><em>inexorabilis</em></strong></span> <span class='ocrx_word' id='word_1_463' title='bbox 3530 3110 3536 3118; x_wconf 35' lang='grc' dir='ltr'><strong><em>Ι</em></strong></span> 
     </span>
    </p>
   </div>
   <div class='ocr_carea' id='block_1_64' title="bbox 213 3102 1805 3202">
    <p class='ocr_par' dir='ltr' id='par_1_64' title="bbox 213 3102 1800 3196">
     <span class='ocr_line' id='line_1_64' title="bbox 213 3102 1800 3196; baseline 0.001 -21"><span class='ocrx_word' id='word_1_464' title='bbox 213 3127 336 3184; x_wconf 82' lang='grc' dir='ltr'><em>ταῖς</em></span> <span class='ocrx_word' id='word_1_465' title='bbox 391 3123 669 3194; x_wconf 85' lang='grc' dir='ltr'><em>δριμείαις</em></span> <span class='ocrx_word' id='word_1_466' title='bbox 725 3122 963 3186; x_wconf 76' lang='grc' dir='ltr'><em>ἐκείναις</em></span> <span class='ocrx_word' id='word_1_467' title='bbox 1015 3122 1308 3192; x_wconf 80' lang='grc' dir='ltr'><strong><em>ἀλγηδόσιν</em></strong></span> <span class='ocrx_word' id='word_1_468' title='bbox 1352 3125 1455 3177; x_wconf 82' lang='grc' dir='ltr'><em>οὐκ</em></span> <span class='ocrx_word' id='word_1_469' title='bbox 1509 3102 1800 3196; x_wconf 30' lang='grc' dir='ltr'><em>ὲξι-σχύσα·</em></span> 
     </span>
    </p>
   </div>
   <div class='ocr_carea' id='block_1_65' title="bbox 1910 3102 3488 3202">
    <p class='ocr_par' dir='ltr' id='par_1_65' title="bbox 1910 3127 3488 3202">
     <span class='ocr_line' id='line_1_65' title="bbox 1910 3127 3488 3202; baseline 0.003 -20"><span class='ocrx_word' id='word_1_470' title='bbox 1910 3127 2092 3182; x_wconf 86' lang='lat' dir='ltr'><strong><em>bellua</em></strong></span> <span class='ocrx_word' id='word_1_471' title='bbox 2126 3128 2262 3181; x_wconf 85' lang='lat' dir='ltr'><strong><em>iram</em></strong></span> <span class='ocrx_word' id='word_1_472' title='bbox 2307 3128 2641 3182; x_wconf 83' lang='lat' dir='ltr'><strong><em>remittens:</em></strong></span> <span class='ocrx_word' id='word_1_473' title='bbox 2676 3128 2805 3182; x_wconf 83' lang='lat' dir='ltr'><strong><em>Esto</em></strong></span> <span class='ocrx_word' id='word_1_474' title='bbox 2855 3131 2938 3183; x_wconf 85' lang='lat' dir='ltr'><strong><em>hic</em></strong></span> <span class='ocrx_word' id='word_1_475' title='bbox 2991 3147 3216 3200; x_wconf 87' lang='lat' dir='ltr'><strong><em>quoque,</em></strong></span> <span class='ocrx_word' id='word_1_476' title='bbox 3287 3133 3488 3202; x_wconf 89' lang='lat' dir='ltr'><strong><em>inquit.</em></strong></span> 
     </span>
    </p>
   </div>
   <div class='ocr_carea' id='block_1_66' title="bbox 207 3210 1803 3285">
    <p class='ocr_par' dir='ltr' id='par_1_66' title="bbox 207 3210 1803 3285">
     <span class='ocr_line' id='line_1_66' title="bbox 207 3210 1803 3285; baseline 0 -17"><span class='ocrx_word' id='word_1_477' title='bbox 207 3232 319 3269; x_wconf 78' lang='grc' dir='ltr'><strong><em>σαν</em></strong></span> <span class='ocrx_word' id='word_1_478' title='bbox 381 3217 423 3268; x_wconf 80' lang='grc'><strong>⁸.</strong></span> <span class='ocrx_word' id='word_1_479' title='bbox 461 3215 548 3277; x_wconf 82' lang='grc' dir='ltr'><em>Ὦς</em></span> <span class='ocrx_word' id='word_1_480' title='bbox 605 3211 697 3266; x_wconf 70' lang='grc' dir='ltr'><em>οὖν</em></span> <span class='ocrx_word' id='word_1_481' title='bbox 746 3214 1015 3284; x_wconf 79' lang='grc' dir='ltr'><strong><em>ἀπείρηκε</em></strong></span> <span class='ocrx_word' id='word_1_482' title='bbox 1063 3214 1157 3267; x_wconf 80' lang='grc' dir='ltr'><em>καὶ</em></span> <span class='ocrx_word' id='word_1_483' title='bbox 1205 3213 1361 3284; x_wconf 81' lang='grc' dir='ltr'><em>δῆλος</em></span> <span class='ocrx_word' id='word_1_484' title='bbox 1392 3210 1460 3284; x_wconf 84' lang='grc' dir='ltr'><em>ἦν</em></span> <span class='ocrx_word' id='word_1_485' title='bbox 1490 3217 1602 3278; x_wconf 80' lang='grc' dir='ltr'><em>τοῖς</em></span> <span class='ocrx_word' id='word_1_486' title='bbox 1631 3216 1803 3285; x_wconf 82' lang='grc' dir='ltr'><em>ὠμοῖς</em></span> 
     </span>
    </p>
   </div>
   <div class='ocr_carea' id='block_1_67' title="bbox 208 3304 1804 3376">
    <p class='ocr_par' dir='ltr' id='par_1_67' title="bbox 208 3304 1804 3376">
     <span class='ocr_line' id='line_1_67' title="bbox 208 3304 1804 3376; baseline -0.001 -16"><span class='ocrx_word' id='word_1_487' title='bbox 208 3306 450 3368; x_wconf 74' lang='grc' dir='ltr'><em>ἐκείνοις</em></span> <span class='ocrx_word' id='word_1_488' title='bbox 477 3304 817 3376; x_wconf 81' lang='grc' dir='ltr'><em>δορυφόροις,</em></span> <span class='ocrx_word' id='word_1_489' title='bbox 845 3306 1044 3375; x_wconf 82' lang='grc' dir='ltr'><strong><em>μηκέτι</em></strong></span> <span class='ocrx_word' id='word_1_490' title='bbox 1082 3304 1181 3368; x_wconf 75' lang='grc' dir='ltr'><em>τὰς</em></span> <span class='ocrx_word' id='word_1_491' title='bbox 1219 3304 1435 3374; x_wconf 81' lang='grc' dir='ltr'><em>πληγὰς</em></span> <span class='ocrx_word' id='word_1_492' title='bbox 1461 3306 1666 3374; x_wconf 84' lang='grc' dir='ltr'><em>ἀφιεῖσι</em></span> <span class='ocrx_word' id='word_1_493' title='bbox 1711 3309 1804 3359; x_wconf 76' lang='grc' dir='ltr'><em>καὶ</em></span> 
     </span>
    </p>
   </div>
   <div class='ocr_carea' id='block_1_68' title="bbox 209 3395 1805 3468">
    <p class='ocr_par' dir='ltr' id='par_1_68' title="bbox 209 3395 1805 3468">
     <span class='ocr_line' id='line_1_68' title="bbox 209 3395 1805 3468; baseline 0.001 -18"><span class='ocrx_word' id='word_1_494' title='bbox 209 3398 356 3467; x_wconf 83' lang='grc' dir='ltr'><em>μετὰ</em></span> <span class='ocrx_word' id='word_1_495' title='bbox 387 3399 651 3461; x_wconf 77' lang='grc' dir='ltr'><em>θάνατον,</em></span> <span class='ocrx_word' id='word_1_496' title='bbox 698 3395 849 3466; x_wconf 84' lang='grc' dir='ltr'><em>μόλις</em></span> <span class='ocrx_word' id='word_1_497' title='bbox 880 3397 1012 3448; x_wconf 85' lang='grc' dir='ltr'><em>ποτὲ</em></span> <span class='ocrx_word' id='word_1_498' title='bbox 1069 3399 1170 3468; x_wconf 86' lang='grc' dir='ltr'><strong><em>τῆς</em></strong></span> <span class='ocrx_word' id='word_1_499' title='bbox 1221 3395 1559 3468; x_wconf 79' lang='grc' dir='ltr'><strong><em>κατεχούσης</em></strong></span> <span class='ocrx_word' id='word_1_500' title='bbox 1604 3398 1805 3452; x_wconf 74' lang='grc' dir='ltr'><strong><em>¹ἑαυτόν</em></strong></span> 
     </span>
    </p>
   </div>
   <div class='ocr_carea' id='block_1_69' title="bbox 1909 3217 3491 3288">
    <p class='ocr_par' dir='ltr' id='par_1_69' title="bbox 1909 3217 3491 3288">
     <span class='ocr_line' id='line_1_69' title="bbox 1909 3217 3491 3288; baseline 0.001 -15"><span class='ocrx_word' id='word_1_501' title='bbox 1909 3236 2028 3273; x_wconf 87' lang='lat' dir='ltr'><strong><em>cum</em></strong></span> <span class='ocrx_word' id='word_1_502' title='bbox 2061 3235 2194 3272; x_wconf 88' lang='lat' dir='ltr'><strong><em>auro</em></strong></span> <span class='ocrx_word' id='word_1_503' title='bbox 2220 3217 2315 3271; x_wconf 84' lang='lat' dir='ltr'><strong><em>illo</em></strong></span> <span class='ocrx_word' id='word_1_504' title='bbox 2344 3220 2399 3271; x_wconf 88' lang='lat' dir='ltr'><strong><em>in</em></strong></span> <span class='ocrx_word' id='word_1_505' title='bbox 2424 3219 2773 3288; x_wconf 85' lang='lat' dir='ltr'><strong><em>perditionem</em></strong></span> <span class='ocrx_word' id='word_1_506' title='bbox 2815 3238 2834 3273; x_wconf 90' lang='lat'><strong><em>:</em></strong></span> <span class='ocrx_word' id='word_1_507' title='bbox 2866 3238 3013 3280; x_wconf 86' lang='lat' dir='ltr'><strong><em>nam.</em></strong></span> <span class='ocrx_word' id='word_1_508' title='bbox 3077 3230 3134 3274; x_wconf 88' lang='lat' dir='ltr'><strong><em>ut</em></strong></span> <span class='ocrx_word' id='word_1_509' title='bbox 3187 3224 3412 3288; x_wconf 83' lang='lat' dir='ltr'><strong><em>videtur,</em></strong></span> <span class='ocrx_word' id='word_1_510' title='bbox 3444 3225 3491 3275; x_wconf 86' lang='lat' dir='ltr'><strong><em>si</em></strong></span> 
     </span>
    </p>
   </div>
   <div class='ocr_carea' id='block_1_70' title="bbox 1910 3311 3490 3382">
    <p class='ocr_par' dir='ltr' id='par_1_70' title="bbox 1910 3311 3490 3382">
     <span class='ocr_line' id='line_1_70' title="bbox 1910 3311 3490 3382; baseline 0.001 -17"><span class='ocrx_word' id='word_1_511' title='bbox 1910 3313 2074 3366; x_wconf 91' lang='lat' dir='ltr'><strong><em>etiam</em></strong></span> <span class='ocrx_word' id='word_1_512' title='bbox 2113 3311 2296 3380; x_wconf 79' lang='lat' dir='ltr'><strong><em>fuisset</em></strong></span> <span class='ocrx_word' id='word_1_513' title='bbox 2321 3319 2610 3382; x_wconf 86' lang='lat' dir='ltr'><strong><em>repertum,</em></strong></span> <span class='ocrx_word' id='word_1_514' title='bbox 2641 3312 2694 3364; x_wconf 92' lang='lat' dir='ltr'><strong><em>in</em></strong></span> <span class='ocrx_word' id='word_1_515' title='bbox 2738 3328 2850 3364; x_wconf 85' lang='lat' dir='ltr'><strong><em>rem</em></strong></span> <span class='ocrx_word' id='word_1_516' title='bbox 2903 3322 3142 3366; x_wconf 86' lang='lat' dir='ltr'><strong><em>nostram</em></strong></span> <span class='ocrx_word' id='word_1_517' title='bbox 3191 3315 3320 3366; x_wconf 59' lang='lat' dir='ltr'><strong><em>nili-it</em></strong></span> <span class='ocrx_word' id='word_1_518' title='bbox 3367 3331 3490 3367; x_wconf 88' lang='lat' dir='ltr'><strong><em>con-</em></strong></span> 
     </span>
    </p>
   </div>
   <div class='ocr_carea' id='block_1_71' title="bbox 1910 3403 2160 3456">
    <p class='ocr_par' dir='ltr' id='par_1_71' title="bbox 1910 3403 2160 3456">
     <span class='ocr_line' id='line_1_71' title="bbox 1910 3403 2160 3456; baseline 0.004 -1"><span class='ocrx_word' id='word_1_519' title='bbox 1910 3403 2160 3456; x_wconf 72' lang='lat' dir='ltr'><strong><em>duxisset.</em></strong></span> 
     </span>
    </p>
   </div>
   <div class='ocr_carea' id='block_1_72' title="bbox 199 3487 3488 3563">
    <p class='ocr_par' dir='ltr' id='par_1_72' title="bbox 199 3487 3488 3563">
     <span class='ocr_line' id='line_1_72' title="bbox 199 3487 3488 3563; baseline 0.001 -21"><span class='ocrx_word' id='word_1_520' title='bbox 199 3491 386 3562; x_wconf 77' lang='grc' dir='ltr'><em>όργῆς</em></span> <span class='ocrx_word' id='word_1_521' title='bbox 422 3490 694 3559; x_wconf 83' lang='grc' dir='ltr'><em>περιάρας</em></span> <span class='ocrx_word' id='word_1_522' title='bbox 728 3491 756 3542; x_wconf 88' lang='grc' dir='ltr'>ὁ</span> <span class='ocrx_word' id='word_1_523' title='bbox 799 3489 1181 3552; x_wconf 79' lang='grc' dir='ltr'><em>δυσέντευκτος</em></span> <span class='ocrx_word' id='word_1_524' title='bbox 1217 3489 1343 3561; x_wconf 77' lang='grc' dir='ltr'><em>Θὴρ,</em></span> <span class='ocrx_word' id='word_1_525' title='bbox 1411 3491 1630 3554; x_wconf 84' lang='grc' dir='ltr'><em>Ἔστω,</em></span> <span class='ocrx_word' id='word_1_526' title='bbox 1668 3492 1824 3561; x_wconf 73' lang='grc' dir='ltr'><em>φησὶ,</em></span> <span class='ocrx_word' id='word_1_527' title='bbox 1859 3494 2012 3562; x_wconf 83' lang='grc' dir='ltr'><em>μετὰ</em></span> <span class='ocrx_word' id='word_1_528' title='bbox 2069 3494 2176 3548; x_wconf 86' lang='grc' dir='ltr'><em>τοῦ</em></span> <span class='ocrx_word' id='word_1_529' title='bbox 2226 3493 2486 3563; x_wconf 83' lang='grc' dir='ltr'><em>χρυσίου</em></span> <span class='ocrx_word' id='word_1_530' title='bbox 2549 3492 2786 3546; x_wconf 83' lang='grc' dir='ltr'><em>ἐκείνου</em></span> <span class='ocrx_word' id='word_1_531' title='bbox 2842 3492 2940 3546; x_wconf 78' lang='grc' dir='ltr'><strong><em>καὶ</em></strong></span> <span class='ocrx_word' id='word_1_532' title='bbox 2995 3487 3174 3557; x_wconf 83' lang='grc' dir='ltr'><em>οὗτος</em></span> <span class='ocrx_word' id='word_1_533' title='bbox 3239 3494 3328 3558; x_wconf 76' lang='grc' dir='ltr'><strong><em>εἰς</em></strong></span> <span class='ocrx_word' id='word_1_534' title='bbox 3373 3493 3488 3546; x_wconf 73' lang='grc' dir='ltr'><strong><em>άπ-</em></strong></span> 
     </span>
    </p>
   </div>
   <div class='ocr_carea' id='block_1_73' title="bbox 199 3581 2328 3652">
    <p class='ocr_par' dir='ltr' id='par_1_73' title="bbox 199 3581 2328 3652">
     <span class='ocr_line' id='line_1_73' title="bbox 199 3581 2328 3652; baseline 0 -14"><span class='ocrx_word' id='word_1_535' title='bbox 199 3583 437 3638; x_wconf 83' lang='grc' dir='ltr'><em>ὡλειαν</em></span> <span class='ocrx_word' id='word_1_536' title='bbox 456 3599 469 3614; x_wconf 81' lang='grc'><em>’</em></span> <span class='ocrx_word' id='word_1_537' title='bbox 502 3582 863 3649; x_wconf 81' lang='grc' dir='ltr'><em>ἀλυσιτελὲς</em></span> <span class='ocrx_word' id='word_1_538' title='bbox 891 3581 1023 3652; x_wconf 75' lang='grc' dir='ltr'><em>γὰρ,</em></span> <span class='ocrx_word' id='word_1_539' title='bbox 1057 3582 1138 3648; x_wconf 88' lang='grc' dir='ltr'><em>ὡς</em></span> <span class='ocrx_word' id='word_1_540' title='bbox 1162 3581 1381 3649; x_wconf 80' lang='grc' dir='ltr'><em>ἔοικεν,</em></span> <span class='ocrx_word' id='word_1_541' title='bbox 1431 3584 1531 3637; x_wconf 72' lang='grc' dir='ltr'><strong><em>καὶ</em></strong></span> <span class='ocrx_word' id='word_1_542' title='bbox 1553 3585 1800 3652; x_wconf 83' lang='grc' dir='ltr'><em>εὑρεθὲν</em></span> <span class='ocrx_word' id='word_1_543' title='bbox 1835 3587 1914 3642; x_wconf 86' lang='grc' dir='ltr'><em>ἂν</em></span> <span class='ocrx_word' id='word_1_544' title='bbox 1939 3587 2328 3642; x_wconf 81' lang='grc' dir='ltr'><em>διεδείκνυτο.</em></span> 
     </span>
    </p>
   </div>
   <div class='ocr_carea' id='block_1_74' title="bbox 272 3675 1807 3749">
    <p class='ocr_par' dir='ltr' id='par_1_74' title="bbox 272 3675 1807 3749">
     <span class='ocr_line' id='line_1_74' title="bbox 272 3675 1807 3749; baseline 0.003 -20"><span class='ocrx_word' id='word_1_545' title='bbox 272 3675 345 3742; x_wconf 78' lang='grc' dir='ltr'><strong><em>ξ’,</em></strong></span> <span class='ocrx_word' id='word_1_546' title='bbox 381 3675 515 3739; x_wconf 81' lang='grc' dir='ltr'><em>Τοῖς</em></span> <span class='ocrx_word' id='word_1_547' title='bbox 539 3677 594 3729; x_wconf 83' lang='grc' dir='ltr'><strong><em>δὲ</em></strong></span> <span class='ocrx_word' id='word_1_548' title='bbox 623 3675 730 3730; x_wconf 87' lang='grc' dir='ltr'><strong><em>τῶν</em></strong></span> <span class='ocrx_word' id='word_1_549' title='bbox 777 3676 923 3747; x_wconf 88' lang='grc' dir='ltr'><em>νηῶν</em></span> <span class='ocrx_word' id='word_1_550' title='bbox 955 3679 1219 3749; x_wconf 85' lang='grc' dir='ltr'><em>ἀρχηγοῖς</em></span> <span class='ocrx_word' id='word_1_551' title='bbox 1237 3678 1574 3748; x_wconf 85' lang='grc' dir='ltr'><em>προσέταττε</em></span> <span class='ocrx_word' id='word_1_552' title='bbox 1607 3681 1807 3734; x_wconf 78' lang='grc' dir='ltr'><em>σκευά-</em></span> 
     </span>
    </p>
   </div>
   <div class='ocr_carea' id='block_1_75' title="bbox 1985 3675 3489 3748">
    <p class='ocr_par' dir='ltr' id='par_1_75' title="bbox 1985 3675 3489 3748">
     <span class='ocr_line' id='line_1_75' title="bbox 1985 3675 3489 3748; baseline -0.003 -11"><span class='ocrx_word' id='word_1_553' title='bbox 1985 3681 2074 3739; x_wconf 87' lang='grc'><strong>60.</strong></span> <span class='ocrx_word' id='word_1_554' title='bbox 2112 3682 2254 3736; x_wconf 88' lang='lat' dir='ltr'><strong><em>Tum</em></strong></span> <span class='ocrx_word' id='word_1_555' title='bbox 2306 3679 2606 3736; x_wconf 88' lang='lat' dir='ltr'><strong><em>navarcbis</em></strong></span> <span class='ocrx_word' id='word_1_556' title='bbox 2645 3693 2947 3735; x_wconf 87' lang='lat' dir='ltr'><strong><em>convasare</em></strong></span> <span class='ocrx_word' id='word_1_557' title='bbox 3007 3675 3265 3748; x_wconf 86' lang='lat' dir='ltr'><strong><em>imperat,</em></strong></span> <span class='ocrx_word' id='word_1_558' title='bbox 3321 3686 3380 3732; x_wconf 92' lang='lat' dir='ltr'><strong><em>ut</em></strong></span> <span class='ocrx_word' id='word_1_559' title='bbox 3431 3692 3489 3732; x_wconf 89' lang='lat' dir='ltr'><strong><em>se</em></strong></span> 
     </span>
    </p>
   </div>
   <div class='ocr_carea' id='block_1_76' title="bbox 195 3767 1805 3844">
    <p class='ocr_par' dir='ltr' id='par_1_76' title="bbox 195 3767 1804 3844">
     <span class='ocr_line' id='line_1_76' title="bbox 195 3767 1804 3844; baseline 0.004 -22"><span class='ocrx_word' id='word_1_560' title='bbox 195 3769 404 3833; x_wconf 77' lang='grc' dir='ltr'><em>ζεσθαι</em></span> <span class='ocrx_word' id='word_1_561' title='bbox 440 3769 579 3839; x_wconf 83' lang='grc' dir='ltr'><em>πρὸς</em></span> <span class='ocrx_word' id='word_1_562' title='bbox 611 3768 702 3823; x_wconf 79' lang='grc' dir='ltr'><em>τὸν</em></span> <span class='ocrx_word' id='word_1_563' title='bbox 744 3767 1024 3824; x_wconf 82' lang='grc' dir='ltr'><em>ἀπόπλουν</em></span> <span class='ocrx_word' id='word_1_564' title='bbox 1049 3809 1065 3830; x_wconf 89' lang='grc'><strong><em>,</em></strong></span> <span class='ocrx_word' id='word_1_565' title='bbox 1094 3769 1196 3840; x_wconf 81' lang='grc' dir='ltr'><em>τὴν</em></span> <span class='ocrx_word' id='word_1_566' title='bbox 1224 3771 1526 3834; x_wconf 80' lang='grc' dir='ltr'><em>νεάζουσαν</em></span> <span class='ocrx_word' id='word_1_567' title='bbox 1550 3772 1759 3844; x_wconf 78' lang='grc' dir='ltr'><em>κούραν</em></span> <span class='ocrx_word' id='word_1_568' title='bbox 1783 3775 1804 3804; x_wconf 78' lang='grc'><em>³</em></span> 
     </span>
    </p>
   </div>
   <div class='ocr_carea' id='block_1_77' title="bbox 1910 3767 3490 3844">
    <p class='ocr_par' dir='ltr' id='par_1_77' title="bbox 1910 3770 3490 3844">
     <span class='ocr_line' id='line_1_77' title="bbox 1910 3770 3490 3844; baseline -0.004 -15"><span class='ocrx_word' id='word_1_569' title='bbox 1910 3775 2145 3831; x_wconf 84' lang='lat' dir='ltr'><strong><em>recessui</em></strong></span> <span class='ocrx_word' id='word_1_570' title='bbox 2173 3780 2482 3844; x_wconf 75' lang='lat' dir='ltr'><strong><em>praeparent</em></strong></span> <span class='ocrx_word' id='word_1_571' title='bbox 2513 3787 2842 3841; x_wconf 89' lang='lat' dir='ltr'><strong><em>omnemque</em></strong></span> <span class='ocrx_word' id='word_1_572' title='bbox 2870 3770 3242 3826; x_wconf 83' lang='lat' dir='ltr'><strong><em>multitudinis</em></strong></span> <span class='ocrx_word' id='word_1_573' title='bbox 3273 3785 3490 3824; x_wconf 86' lang='lat' dir='ltr'><strong><em>mascu-</em></strong></span> 
     </span>
    </p>
   </div>
   <div class='ocr_carea' id='block_1_78' title="bbox 192 3857 1805 3935">
    <p class='ocr_par' dir='ltr' id='par_1_78' title="bbox 192 3857 1803 3933">
     <span class='ocr_line' id='line_1_78' title="bbox 192 3857 1803 3933; baseline 0.002 -21"><span class='ocrx_word' id='word_1_574' title='bbox 192 3860 289 3932; x_wconf 86' lang='lat' dir='ltr'><strong><em>[P.</em></strong></span> <span class='ocrx_word' id='word_1_575' title='bbox 327 3857 468 3930; x_wconf 79' lang='lat'><strong><em>367]</em></strong></span> <span class='ocrx_word' id='word_1_576' title='bbox 501 3857 594 3911; x_wconf 79' lang='grc' dir='ltr'><em>τοῦ</em></span> <span class='ocrx_word' id='word_1_577' title='bbox 617 3858 854 3931; x_wconf 80' lang='grc' dir='ltr'><em>πλήθους</em></span> <span class='ocrx_word' id='word_1_578' title='bbox 882 3860 1128 3932; x_wconf 70' lang='grc' dir='ltr'><em>ἀρρένων</em></span> <span class='ocrx_word' id='word_1_579' title='bbox 1157 3878 1218 3913; x_wconf 89' lang='grc' dir='ltr'><strong><em>τε</em></strong></span> <span class='ocrx_word' id='word_1_580' title='bbox 1267 3861 1363 3913; x_wconf 78' lang='grc' dir='ltr'><em>καὶ</em></span> <span class='ocrx_word' id='word_1_581' title='bbox 1393 3861 1624 3929; x_wconf 87' lang='grc' dir='ltr'><em>Θηλειῶν</em></span> <span class='ocrx_word' id='word_1_582' title='bbox 1653 3863 1803 3933; x_wconf 88' lang='grc' dir='ltr'><em>πρῶ-</em></span> 
     </span>
    </p>
   </div>
   <div class='ocr_carea' id='block_1_79' title="bbox 1910 3857 3490 3935">
    <p class='ocr_par' dir='ltr' id='par_1_79' title="bbox 1910 3863 3490 3935">
     <span class='ocr_line' id='line_1_79' title="bbox 1910 3863 3490 3935; baseline -0.003 -15"><span class='ocrx_word' id='word_1_583' title='bbox 1910 3867 2091 3921; x_wconf 82' lang='lat' dir='ltr'><strong><em>Iorum‘</em></strong></span> <span class='ocrx_word' id='word_1_584' title='bbox 2117 3867 2328 3935; x_wconf 87' lang='lat' dir='ltr'><strong><em>pariter</em></strong></span> <span class='ocrx_word' id='word_1_585' title='bbox 2359 3879 2422 3919; x_wconf 90' lang='lat' dir='ltr'><strong><em>ac</em></strong></span> <span class='ocrx_word' id='word_1_586' title='bbox 2448 3865 2778 3918; x_wconf 78' lang='lat' dir='ltr'><strong><em>feminarum</em></strong></span> <span class='ocrx_word' id='word_1_587' title='bbox 2807 3865 3082 3933; x_wconf 75' lang='lat' dir='ltr'><strong><em>iuniorem</em></strong></span> <span class='ocrx_word' id='word_1_588' title='bbox 3124 3864 3326 3932; x_wconf 80' lang='lat' dir='ltr'><strong><em>pubem</em></strong></span> <span class='ocrx_word' id='word_1_589' title='bbox 3377 3863 3490 3932; x_wconf 89' lang='lat' dir='ltr'><strong><em>pri-</em></strong></span> 
     </span>
    </p>
   </div>
   <div class='ocr_carea' id='block_1_80' title="bbox 187 3949 1805 4023">
    <p class='ocr_par' dir='ltr' id='par_1_80' title="bbox 187 3951 1802 4023">
     <span class='ocr_line' id='line_1_80' title="bbox 187 3951 1802 4023; baseline 0.002 -20"><span class='ocrx_word' id='word_1_590' title='bbox 187 3968 290 4003; x_wconf 86' lang='grc' dir='ltr'><strong><em>τον</em></strong></span> <span class='ocrx_word' id='word_1_591' title='bbox 314 3953 452 4012; x_wconf 83' lang='grc' dir='ltr'><em>ταῖς</em></span> <span class='ocrx_word' id='word_1_592' title='bbox 483 3951 672 4002; x_wconf 70' lang='grc' dir='ltr'><em>ναυσὶν</em></span> <span class='ocrx_word' id='word_1_593' title='bbox 700 3951 1132 4020; x_wconf 83' lang='grc' dir='ltr'><em>εἰσενεγκόντας,</em></span> <span class='ocrx_word' id='word_1_594' title='bbox 1173 3953 1248 4023; x_wconf 84' lang='grc' dir='ltr'><em>μὴ</em></span> <span class='ocrx_word' id='word_1_595' title='bbox 1269 3951 1413 4005; x_wconf 80' lang='grc' dir='ltr'><em>κατὰ</em></span> <span class='ocrx_word' id='word_1_596' title='bbox 1455 3953 1802 4020; x_wconf 85' lang='grc' dir='ltr'><em>συγγένειαν,</em></span> 
     </span>
    </p>
   </div>
   <div class='ocr_carea' id='block_1_81' title="bbox 1910 3949 3487 4023">
    <p class='ocr_par' dir='ltr' id='par_1_81' title="bbox 1910 3949 3487 4019">
     <span class='ocr_line' id='line_1_81' title="bbox 1910 3949 3487 4019; baseline -0.005 -10"><span class='ocrx_word' id='word_1_597' title='bbox 1910 3971 2054 4010; x_wconf 90' lang='lat' dir='ltr'><strong><em>mum</em></strong></span> <span class='ocrx_word' id='word_1_598' title='bbox 2081 3954 2137 4008; x_wconf 90' lang='lat' dir='ltr'><strong><em>in</em></strong></span> <span class='ocrx_word' id='word_1_599' title='bbox 2164 3969 2334 4008; x_wconf 87' lang='lat' dir='ltr'><strong><em>naves</em></strong></span> <span class='ocrx_word' id='word_1_600' title='bbox 2356 3951 2621 4012; x_wconf 76' lang='lat' dir='ltr'><strong><em>inferant,</em></strong></span> <span class='ocrx_word' id='word_1_601' title='bbox 2654 3951 2816 4011; x_wconf 77' lang='lat' dir='ltr'><strong><em>nulla</em></strong></span> <span class='ocrx_word' id='word_1_602' title='bbox 2865 3949 3364 4019; x_wconf 87' lang='lat' dir='ltr'><strong><em>consanguinitatis</em></strong></span> <span class='ocrx_word' id='word_1_603' title='bbox 3399 3963 3487 4002; x_wconf 89' lang='lat' dir='ltr'><strong><em>ra-</em></strong></span> 
     </span>
    </p>
   </div>
   <div class='ocr_carea' id='block_1_82' title="bbox 183 4040 1805 4115">
    <p class='ocr_par' dir='ltr' id='par_1_82' title="bbox 183 4041 1805 4115">
     <span class='ocr_line' id='line_1_82' title="bbox 183 4041 1805 4115; baseline 0.001 -18"><span class='ocrx_word' id='word_1_604' title='bbox 183 4045 340 4097; x_wconf 73' lang='grc' dir='ltr'><strong><em>ἀλλά</em></strong></span> <span class='ocrx_word' id='word_1_605' title='bbox 376 4041 840 4113; x_wconf 80' lang='grc' dir='ltr'><em>διακεκριμένως,</em></span> <span class='ocrx_word' id='word_1_606' title='bbox 872 4043 938 4096; x_wconf 76' lang='grc' dir='ltr'><strong><em>ἵν’</em></strong></span> <span class='ocrx_word' id='word_1_607' title='bbox 969 4043 1138 4114; x_wconf 77' lang='grc' dir='ltr'><em>ἔχωσι</em></span> <span class='ocrx_word' id='word_1_608' title='bbox 1172 4045 1276 4098; x_wconf 83' lang='grc' dir='ltr'><em>κάν</em></span> <span class='ocrx_word' id='word_1_609' title='bbox 1314 4061 1490 4115; x_wconf 81' lang='grc' dir='ltr'><em>τούτῳ</em></span> <span class='ocrx_word' id='word_1_610' title='bbox 1531 4045 1805 4114; x_wconf 78' lang='grc' dir='ltr'><em>τιμωρίαν</em></span> 
     </span>
    </p>
   </div>
   <div class='ocr_carea' id='block_1_83' title="bbox 1910 4040 3540 4115">
    <p class='ocr_par' dir='ltr' id='par_1_83' title="bbox 1910 4040 3540 4114">
     <span class='ocr_line' id='line_1_83' title="bbox 1910 4040 3540 4114; baseline -0.006 -14"><span class='ocrx_word' id='word_1_611' title='bbox 1910 4047 2076 4110; x_wconf 89' lang='lat' dir='ltr'><strong><em>tione,</em></strong></span> <span class='ocrx_word' id='word_1_612' title='bbox 2102 4044 2197 4100; x_wconf 91' lang='lat' dir='ltr'><strong><em>sed</em></strong></span> <span class='ocrx_word' id='word_1_613' title='bbox 2215 4043 2510 4114; x_wconf 87' lang='lat' dir='ltr'><strong><em>separatim</em></strong></span> <span class='ocrx_word' id='word_1_614' title='bbox 2536 4051 2618 4108; x_wconf 91' lang='lat' dir='ltr'><strong><em>,ut</em></strong></span> <span class='ocrx_word' id='word_1_615' title='bbox 2636 4041 2765 4095; x_wconf 89' lang='lat' dir='ltr'><strong><em>hinc</em></strong></span> <span class='ocrx_word' id='word_1_616' title='bbox 2781 4056 3025 4110; x_wconf 88' lang='lat' dir='ltr'><strong><em>quoque,</em></strong></span> <span class='ocrx_word' id='word_1_617' title='bbox 3051 4040 3488 4109; x_wconf 88' lang='lat' dir='ltr'><strong><em>propinquorum</em></strong></span> <span class='ocrx_word' id='word_1_618' title='bbox 3538 4081 3540 4086; x_wconf 94' lang='lat'>.</span> 
     </span>
    </p>
   </div>
   <div class='ocr_carea' id='block_1_84' title="bbox 180 4129 1805 4212">
    <p class='ocr_par' dir='ltr' id='par_1_84' title="bbox 180 4132 1802 4212">
     <span class='ocr_line' id='line_1_84' title="bbox 180 4132 1802 4212; baseline 0.001 -25"><span class='ocrx_word' id='word_1_619' title='bbox 180 4137 251 4187; x_wconf 76' lang='grc' dir='ltr'><em>οὐ</em></span> <span class='ocrx_word' id='word_1_620' title='bbox 281 4136 397 4204; x_wconf 74' lang='grc' dir='ltr'><strong><em>τὴν</em></strong></span> <span class='ocrx_word' id='word_1_621' title='bbox 427 4133 722 4203; x_wconf 82' lang='grc' dir='ltr'><em>τυχοῦσαν,</em></span> <span class='ocrx_word' id='word_1_622' title='bbox 761 4133 860 4206; x_wconf 82' lang='grc' dir='ltr'><strong><em>τὴν</em></strong></span> <span class='ocrx_word' id='word_1_623' title='bbox 891 4134 1127 4204; x_wconf 84' lang='grc' dir='ltr'><em>φυσικὴν</em></span> <span class='ocrx_word' id='word_1_624' title='bbox 1156 4132 1217 4199; x_wconf 80' lang='grc' dir='ltr'><strong><em>ἐξ</em></strong></span> <span class='ocrx_word' id='word_1_625' title='bbox 1247 4133 1494 4205; x_wconf 82' lang='grc' dir='ltr'><em>ἀλλήλων</em></span> <span class='ocrx_word' id='word_1_626' title='bbox 1517 4134 1802 4212; x_wconf 58' lang='grc' dir='ltr'><em>ξιαίρεσιν,</em></span> 
     </span>
    </p>
   </div>
   <div class='ocr_carea' id='block_1_85' title="bbox 1910 4129 3490 4212">
    <p class='ocr_par' dir='ltr' id='par_1_85' title="bbox 1910 4129 3490 4195">
     <span class='ocr_line' id='line_1_85' title="bbox 1910 4129 3490 4195; baseline -0.005 -4"><span class='ocrx_word' id='word_1_627' title='bbox 1910 4137 1977 4191; x_wconf 85' lang='lat' dir='ltr'><strong><em>ab</em></strong></span> <span class='ocrx_word' id='word_1_628' title='bbox 2009 4137 2246 4190; x_wconf 88' lang='lat' dir='ltr'><strong><em>invicem</em></strong></span> <span class='ocrx_word' id='word_1_629' title='bbox 2296 4133 2469 4189; x_wconf 88' lang='lat' dir='ltr'><strong><em>invita</em></strong></span> <span class='ocrx_word' id='word_1_630' title='bbox 2497 4143 2696 4189; x_wconf 91' lang='lat' dir='ltr'><strong><em>natura</em></strong></span> <span class='ocrx_word' id='word_1_631' title='bbox 2748 4133 3010 4195; x_wconf 85' lang='lat' dir='ltr'><strong><em>divortio,</em></strong></span> <span class='ocrx_word' id='word_1_632' title='bbox 3066 4146 3176 4185; x_wconf 89' lang='lat' dir='ltr'><strong><em>non</em></strong></span> <span class='ocrx_word' id='word_1_633' title='bbox 3229 4129 3365 4184; x_wconf 87' lang='lat' dir='ltr'><strong><em>levis</em></strong></span> <span class='ocrx_word' id='word_1_634' title='bbox 3407 4130 3490 4184; x_wconf 89' lang='lat' dir='ltr'><strong><em>eis</em></strong></span> 
     </span>
    </p>
   </div>
   <div class='ocr_carea' id='block_1_86' title="bbox 177 4223 1805 4299">
    <p class='ocr_par' dir='ltr' id='par_1_86' title="bbox 177 4223 1805 4297">
     <span class='ocr_line' id='line_1_86' title="bbox 177 4223 1805 4297; baseline 0.001 -18"><span class='ocrx_word' id='word_1_635' title='bbox 177 4223 296 4279; x_wconf 80' lang='grc' dir='ltr'><strong><em>εἷθ’</em></strong></span> <span class='ocrx_word' id='word_1_636' title='bbox 331 4225 490 4278; x_wconf 75' lang='grc' dir='ltr'><em>οὕτω</em></span> <span class='ocrx_word' id='word_1_637' title='bbox 517 4225 586 4278; x_wconf 79' lang='grc' dir='ltr'><em>τὰ</em></span> <span class='ocrx_word' id='word_1_638' title='bbox 611 4227 719 4295; x_wconf 79' lang='grc' dir='ltr'><strong><em>χρή</em></strong></span> <span class='ocrx_word' id='word_1_639' title='bbox 729 4242 898 4294; x_wconf 88' lang='grc' dir='ltr'><em>ματα,</em></span> <span class='ocrx_word' id='word_1_640' title='bbox 917 4225 1012 4279; x_wconf 75' lang='grc' dir='ltr'><em>καὶ</em></span> <span class='ocrx_word' id='word_1_641' title='bbox 1033 4226 1134 4279; x_wconf 85' lang='grc' dir='ltr'><em>ὅσα</em></span> <span class='ocrx_word' id='word_1_642' title='bbox 1156 4225 1292 4280; x_wconf 82' lang='grc' dir='ltr'><em>ἄλλα</em></span> <span class='ocrx_word' id='word_1_643' title='bbox 1315 4226 1424 4280; x_wconf 86' lang='grc' dir='ltr'><strong><em>τῶν</em></strong></span> <span class='ocrx_word' id='word_1_644' title='bbox 1453 4226 1805 4297; x_wconf 79' lang='grc' dir='ltr'><em>συνειλεγμέ-</em></span> 
     </span>
    </p>
   </div>
   <div class='ocr_carea' id='block_1_87' title="bbox 1910 4223 3489 4299">
    <p class='ocr_par' dir='ltr' id='par_1_87' title="bbox 1910 4224 3489 4299">
     <span class='ocr_line' id='line_1_87' title="bbox 1910 4224 3489 4299; baseline -0.004 -16"><span class='ocrx_word' id='word_1_645' title='bbox 1910 4243 2068 4299; x_wconf 67' lang='lat' dir='ltr'><strong><em>paena</em></strong></span> <span class='ocrx_word' id='word_1_646' title='bbox 2097 4236 2476 4292; x_wconf 86' lang='lat' dir='ltr'><strong><em>accresceret;</em></strong></span> <span class='ocrx_word' id='word_1_647' title='bbox 2512 4224 2714 4281; x_wconf 89' lang='lat' dir='ltr'><strong><em>deinde</em></strong></span> <span class='ocrx_word' id='word_1_648' title='bbox 2743 4234 2803 4279; x_wconf 93' lang='lat' dir='ltr'><strong><em>ut</em></strong></span> <span class='ocrx_word' id='word_1_649' title='bbox 2837 4225 3126 4294; x_wconf 82' lang='lat' dir='ltr'><strong><em>pecunias,</em></strong></span> <span class='ocrx_word' id='word_1_650' title='bbox 3159 4233 3489 4292; x_wconf 73' lang='lat' dir='ltr'><strong><em>etquazcun-</em></strong></span> 
     </span>
    </p>
   </div>
   <div class='ocr_carea' id='block_1_88' title="bbox 177 4313 1805 4390">
    <p class='ocr_par' dir='ltr' id='par_1_88' title="bbox 177 4316 1805 4388">
     <span class='ocr_line' id='line_1_88' title="bbox 177 4316 1805 4388; baseline -0.002 -16"><span class='ocrx_word' id='word_1_651' title='bbox 177 4336 303 4372; x_wconf 86' lang='grc' dir='ltr'><strong><em>νων</em></strong></span> <span class='ocrx_word' id='word_1_652' title='bbox 334 4319 568 4384; x_wconf 80' lang='grc' dir='ltr'><em>φανεῖεν</em></span> <span class='ocrx_word' id='word_1_653' title='bbox 596 4318 864 4387; x_wconf 84' lang='grc' dir='ltr'><em>χρήσιμα,</em></span> <span class='ocrx_word' id='word_1_654' title='bbox 889 4316 1352 4387; x_wconf 87' lang='grc' dir='ltr'><em>συμφορήσαντας</em></span> <span class='ocrx_word' id='word_1_655' title='bbox 1378 4317 1399 4349; x_wconf 89' lang='grc'>³</span> <span class='ocrx_word' id='word_1_656' title='bbox 1415 4317 1664 4388; x_wconf 82' lang='grc' dir='ltr'><em>αὐτάρκη</em></span> <span class='ocrx_word' id='word_1_657' title='bbox 1687 4319 1805 4380; x_wconf 82' lang='grc' dir='ltr'><em>ταῖς</em></span> 
     </span>
    </p>
   </div>
   <div class='ocr_carea' id='block_1_89' title="bbox 1910 4313 3490 4390">
    <p class='ocr_par' dir='ltr' id='par_1_89' title="bbox 1910 4313 3490 4390">
     <span class='ocr_line' id='line_1_89' title="bbox 1910 4313 3490 4390; baseline -0.004 -17"><span class='ocrx_word' id='word_1_658' title='bbox 1910 4337 2015 4390; x_wconf 89' lang='lat' dir='ltr'><strong><em>que</em></strong></span> <span class='ocrx_word' id='word_1_659' title='bbox 2046 4319 2154 4374; x_wconf 89' lang='lat' dir='ltr'><strong><em>alia</em></strong></span> <span class='ocrx_word' id='word_1_660' title='bbox 2180 4319 2237 4373; x_wconf 88' lang='lat' dir='ltr'><strong><em>in</em></strong></span> <span class='ocrx_word' id='word_1_661' title='bbox 2263 4319 2352 4374; x_wconf 89' lang='lat' dir='ltr'><strong><em>his</em></strong></span> <span class='ocrx_word' id='word_1_662' title='bbox 2377 4334 2499 4388; x_wconf 70' lang='lat' dir='ltr'><strong><em>quae</em></strong></span> <span class='ocrx_word' id='word_1_663' title='bbox 2519 4319 2855 4388; x_wconf 77' lang='lat' dir='ltr'><strong><em>collegerant</em></strong></span> <span class='ocrx_word' id='word_1_664' title='bbox 2884 4315 3040 4370; x_wconf 88' lang='lat' dir='ltr'><strong><em>utilia</em></strong></span> <span class='ocrx_word' id='word_1_665' title='bbox 3072 4315 3190 4369; x_wconf 83' lang='lat' dir='ltr'><strong><em>fore</em></strong></span> <span class='ocrx_word' id='word_1_666' title='bbox 3230 4313 3490 4368; x_wconf 82' lang='lat' dir='ltr'><strong><em>videren-</em></strong></span> 
     </span>
    </p>
   </div>
   <div class='ocr_carea' id='block_1_90' title="bbox 175 4405 1805 4488">
    <p class='ocr_par' dir='ltr' id='par_1_90' title="bbox 175 4405 1805 4481">
     <span class='ocr_line' id='line_1_90' title="bbox 175 4405 1805 4481; baseline 0.001 -21"><span class='ocrx_word' id='word_1_667' title='bbox 175 4407 368 4461; x_wconf 80' lang='grc' dir='ltr'><em>ναυσὶ</em></span> <span class='ocrx_word' id='word_1_668' title='bbox 401 4407 518 4459; x_wconf 88' lang='grc' dir='ltr'><strong><em>τῶν</em></strong></span> <span class='ocrx_word' id='word_1_669' title='bbox 549 4405 848 4475; x_wconf 85' lang='grc' dir='ltr'><em>ἀγωγίμων</em></span> <span class='ocrx_word' id='word_1_670' title='bbox 883 4406 1188 4477; x_wconf 76' lang='grc' dir='ltr'><em>ἐμποιῆσαι</em></span> <span class='ocrx_word' id='word_1_671' title='bbox 1219 4409 1310 4461; x_wconf 74' lang='grc' dir='ltr'><em>τὸν</em></span> <span class='ocrx_word' id='word_1_672' title='bbox 1340 4408 1560 4481; x_wconf 89' lang='grc' dir='ltr'><em>φόρτον.</em></span> <span class='ocrx_word' id='word_1_673' title='bbox 1602 4409 1805 4477; x_wconf 86' lang='grc' dir='ltr'><em>Ἤγετο</em></span> 
     </span>
    </p>
   </div>
   <div class='ocr_carea' id='block_1_91' title="bbox 1910 4405 3488 4488">
    <p class='ocr_par' dir='ltr' id='par_1_91' title="bbox 1910 4406 3488 4488">
     <span class='ocr_line' id='line_1_91' title="bbox 1910 4406 3488 4488; baseline -0.003 -21"><span class='ocrx_word' id='word_1_674' title='bbox 1910 4423 2020 4480; x_wconf 83' lang='lat' dir='ltr'><strong><em>tur,</em></strong></span> <span class='ocrx_word' id='word_1_675' title='bbox 2051 4420 2484 4482; x_wconf 89' lang='lat' dir='ltr'><strong><em>comportantes,</em></strong></span> <span class='ocrx_word' id='word_1_676' title='bbox 2517 4418 2757 4465; x_wconf 78' lang='lat' dir='ltr'><strong><em>vecturae</em></strong></span> <span class='ocrx_word' id='word_1_677' title='bbox 2781 4424 2922 4464; x_wconf 89' lang='lat' dir='ltr'><strong><em>onus</em></strong></span> <span class='ocrx_word' id='word_1_678' title='bbox 2953 4406 3230 4488; x_wconf 82' lang='lat' dir='ltr'><strong><em>sutiiciens</em></strong></span> <span class='ocrx_word' id='word_1_679' title='bbox 3255 4408 3488 4463; x_wconf 84' lang='lat' dir='ltr'><strong><em>navibus</em></strong></span> 
     </span>
    </p>
   </div>
   <div class='ocr_carea' id='block_1_92' title="bbox 175 4497 1800 4573">
    <p class='ocr_par' dir='ltr' id='par_1_92' title="bbox 175 4497 1800 4573">
     <span class='ocr_line' id='line_1_92' title="bbox 175 4497 1800 4573; baseline 0 -19"><span class='ocrx_word' id='word_1_680' title='bbox 175 4497 286 4554; x_wconf 74' lang='grc' dir='ltr'><em>οὖν</em></span> <span class='ocrx_word' id='word_1_681' title='bbox 315 4501 388 4554; x_wconf 74' lang='grc' dir='ltr'><em>τὸ</em></span> <span class='ocrx_word' id='word_1_682' title='bbox 424 4497 619 4566; x_wconf 79' lang='grc' dir='ltr'><em>νεάζον</em></span> <span class='ocrx_word' id='word_1_683' title='bbox 647 4500 940 4573; x_wconf 88' lang='grc' dir='ltr'><em>πρόσωπον</em></span> <span class='ocrx_word' id='word_1_684' title='bbox 972 4499 1143 4566; x_wconf 79' lang='grc' dir='ltr'><em>ἅπαν,</em></span> <span class='ocrx_word' id='word_1_685' title='bbox 1185 4499 1342 4554; x_wconf 83' lang='grc' dir='ltr'><em>τοῦτο</em></span> <span class='ocrx_word' id='word_1_686' title='bbox 1374 4501 1534 4572; x_wconf 87' lang='grc' dir='ltr'><em>μόνον</em></span> <span class='ocrx_word' id='word_1_687' title='bbox 1564 4517 1800 4571; x_wconf 87' lang='grc' dir='ltr'><em>κατηγο-</em></span> 
     </span>
    </p>
   </div>
   <div class='ocr_carea' id='block_1_93' title="bbox 179 4591 1799 4665">
    <p class='ocr_par' dir='ltr' id='par_1_93' title="bbox 179 4591 1799 4665">
     <span class='ocr_line' id='line_1_93' title="bbox 179 4591 1799 4665; baseline 0.002 -22"><span class='ocrx_word' id='word_1_688' title='bbox 179 4593 326 4663; x_wconf 74' lang='grc' dir='ltr'><em>ρίαν</em></span> <span class='ocrx_word' id='word_1_689' title='bbox 350 4593 508 4663; x_wconf 77' lang='grc' dir='ltr'><em>ἕχον,</em></span> <span class='ocrx_word' id='word_1_690' title='bbox 547 4592 607 4646; x_wconf 87' lang='grc' dir='ltr'><em>τὸ</em></span> <span class='ocrx_word' id='word_1_691' title='bbox 640 4591 877 4663; x_wconf 81' lang='grc' dir='ltr'><em>ἀνθηρὸν</em></span> <span class='ocrx_word' id='word_1_692' title='bbox 909 4591 1010 4663; x_wconf 81' lang='grc' dir='ltr'><em>τῆς</em></span> <span class='ocrx_word' id='word_1_693' title='bbox 1043 4591 1257 4664; x_wconf 73' lang='grc' dir='ltr'><em>ἡλικίας</em></span> <span class='ocrx_word' id='word_1_694' title='bbox 1297 4592 1330 4665; x_wconf 74' lang='grc' dir='ltr'>ἢ</span> <span class='ocrx_word' id='word_1_695' title='bbox 1356 4591 1466 4646; x_wconf 88' lang='grc' dir='ltr'><strong><em>τῶν</em></strong></span> <span class='ocrx_word' id='word_1_696' title='bbox 1491 4595 1799 4664; x_wconf 86' lang='grc' dir='ltr'><em>προσώπων</em></span> 
     </span>
    </p>
   </div>
   <div class='ocr_carea' id='block_1_94' title="bbox 175 4685 1800 4759">
    <p class='ocr_par' dir='ltr' id='par_1_94' title="bbox 175 4685 1800 4759">
     <span class='ocr_line' id='line_1_94' title="bbox 175 4685 1800 4759; baseline 0.001 -20"><span class='ocrx_word' id='word_1_697' title='bbox 175 4687 288 4756; x_wconf 79' lang='grc' dir='ltr'><strong><em>τὴν</em></strong></span> <span class='ocrx_word' id='word_1_698' title='bbox 319 4687 669 4758; x_wconf 79' lang='grc' dir='ltr'><em>ὡραιότητα.</em></span> <span class='ocrx_word' id='word_1_699' title='bbox 706 4686 826 4741; x_wconf 79' lang='grc' dir='ltr'><em>Κᾶν</em></span> <span class='ocrx_word' id='word_1_700' title='bbox 851 4686 960 4759; x_wconf 85' lang='grc' dir='ltr'><em>γὰρ</em></span> <span class='ocrx_word' id='word_1_701' title='bbox 1004 4687 1038 4757; x_wconf 77' lang='grc' dir='ltr'><strong>ἠ</strong></span> <span class='ocrx_word' id='word_1_702' title='bbox 1075 4685 1340 4758; x_wconf 87' lang='grc' dir='ltr'><em>σύγχυσις</em></span> <span class='ocrx_word' id='word_1_703' title='bbox 1387 4685 1497 4740; x_wconf 87' lang='grc' dir='ltr'><strong><em>τῶν</em></strong></span> <span class='ocrx_word' id='word_1_704' title='bbox 1539 4686 1800 4758; x_wconf 86' lang='grc' dir='ltr'><em>λυπηρῶν</em></span> 
     </span>
    </p>
   </div>
   <div class='ocr_carea' id='block_1_95' title="bbox 179 4775 1800 4851">
    <p class='ocr_par' dir='ltr' id='par_1_95' title="bbox 179 4775 1800 4851">
     <span class='ocr_line' id='line_1_95' title="bbox 179 4775 1800 4851; baseline 0.002 -19"><span class='ocrx_word' id='word_1_705' title='bbox 179 4779 465 4844; x_wconf 68' lang='grc' dir='ltr'><em>ἅπαντας</em></span> <span class='ocrx_word' id='word_1_706' title='bbox 499 4781 637 4850; x_wconf 74' lang='grc' dir='ltr'><em>πρὸς</em></span> <span class='ocrx_word' id='word_1_707' title='bbox 668 4779 729 4834; x_wconf 83' lang='grc' dir='ltr'><em>τὸ</em></span> <span class='ocrx_word' id='word_1_708' title='bbox 777 4779 1104 4850; x_wconf 82' lang='grc' dir='ltr'><em>σκυθρωπὸν</em></span> <span class='ocrx_word' id='word_1_709' title='bbox 1154 4775 1312 4851; x_wconf 79' lang='grc' dir='ltr'><em>ἦγεν,</em></span> <span class='ocrx_word' id='word_1_710' title='bbox 1362 4779 1478 4834; x_wconf 81' lang='grc' dir='ltr'><em>ἀλλ’</em></span> <span class='ocrx_word' id='word_1_711' title='bbox 1507 4780 1536 4833; x_wconf 85' lang='grc' dir='ltr'>ὁ</span> <span class='ocrx_word' id='word_1_712' title='bbox 1571 4781 1800 4851; x_wconf 84' lang='grc' dir='ltr'><em>φυσικὸς</em></span> 
     </span>
    </p>
   </div>
   <div class='ocr_carea' id='block_1_96' title="bbox 181 4869 1804 4944">
    <p class='ocr_par' dir='ltr' id='par_1_96' title="bbox 181 4869 1804 4944">
     <span class='ocr_line' id='line_1_96' title="bbox 181 4869 1804 4944; baseline 0.002 -22"><span class='ocrx_word' id='word_1_713' title='bbox 181 4869 504 4942; x_wconf 64' lang='grc' dir='ltr'><em>χαρακτὴρ</em></span> <span class='ocrx_word' id='word_1_714' title='bbox 529 4871 720 4942; x_wconf 79' lang='grc' dir='ltr'><em>ἐδήλου</em></span> <span class='ocrx_word' id='word_1_715' title='bbox 749 4873 869 4934; x_wconf 87' lang='grc' dir='ltr'><em>ταῖς</em></span> <span class='ocrx_word' id='word_1_716' title='bbox 894 4869 1049 4941; x_wconf 74' lang='grc' dir='ltr'><em>ὄψεσι</em></span> <span class='ocrx_word' id='word_1_717' title='bbox 1074 4869 1172 4943; x_wconf 82' lang='grc' dir='ltr'><em>τὴν</em></span> <span class='ocrx_word' id='word_1_718' title='bbox 1199 4870 1480 4942; x_wconf 81' lang='grc' dir='ltr'><em>εὐγένειαν</em></span> <span class='ocrx_word' id='word_1_719' title='bbox 1501 4889 1514 4903; x_wconf 74' lang='grc' dir='ltr'><strong><em>ο</em></strong></span> <span class='ocrx_word' id='word_1_720' title='bbox 1540 4875 1636 4927; x_wconf 79' lang='grc' dir='ltr'><em>καὶ</em></span> <span class='ocrx_word' id='word_1_721' title='bbox 1666 4873 1804 4944; x_wconf 85' lang='grc' dir='ltr'><em>πρό-</em></span> 
     </span>
    </p>
   </div>
   <div class='ocr_carea' id='block_1_97' title="bbox 182 4960 1802 5035">
    <p class='ocr_par' dir='ltr' id='par_1_97' title="bbox 182 4960 1802 5035">
     <span class='ocr_line' id='line_1_97' title="bbox 182 4960 1802 5035; baseline 0.002 -20"><span class='ocrx_word' id='word_1_722' title='bbox 182 4979 368 5030; x_wconf 79' lang='grc' dir='ltr'><em>φασις</em></span> <span class='ocrx_word' id='word_1_723' title='bbox 403 4965 428 4994; x_wconf 68' lang='grc'><strong>⁵</strong></span> <span class='ocrx_word' id='word_1_724' title='bbox 459 4960 530 5035; x_wconf 76' lang='grc' dir='ltr'><em>ἦν</em></span> <span class='ocrx_word' id='word_1_725' title='bbox 560 4967 673 5029; x_wconf 85' lang='grc' dir='ltr'><em>τοῖς</em></span> <span class='ocrx_word' id='word_1_726' title='bbox 711 4964 922 5027; x_wconf 87' lang='grc' dir='ltr'><em>πολλοῖς</em></span> <span class='ocrx_word' id='word_1_727' title='bbox 969 4964 1032 5018; x_wconf 80' lang='grc' dir='ltr'><strong><em>τὸ</em></strong></span> <span class='ocrx_word' id='word_1_728' title='bbox 1079 4963 1294 5031; x_wconf 83' lang='grc' dir='ltr'><em>κάλλος,</em></span> <span class='ocrx_word' id='word_1_729' title='bbox 1354 4965 1413 5020; x_wconf 72' lang='grc' dir='ltr'><em>ἐν</em></span> <span class='ocrx_word' id='word_1_730' title='bbox 1453 4967 1568 5030; x_wconf 75' lang='grc' dir='ltr'><em>τοῖς</em></span> <span class='ocrx_word' id='word_1_731' title='bbox 1607 4967 1802 5029; x_wconf 86' lang='grc' dir='ltr'><em>δεινοῖς</em></span> 
     </span>
    </p>
   </div>
   <div class='ocr_carea' id='block_1_98' title="bbox 180 5042 1801 5131">
    <p class='ocr_par' dir='ltr' id='par_1_98' title="bbox 180 5055 1801 5131">
     <span class='ocr_line' id='line_1_98' title="bbox 180 5055 1801 5131; baseline 0.005 -26"><span class='ocrx_word' id='word_1_732' title='bbox 180 5055 408 5120; x_wconf 76' lang='grc' dir='ltr'><em>αὐτοὺς</em></span> <span class='ocrx_word' id='word_1_733' title='bbox 479 5057 884 5128; x_wconf 84' lang='grc' dir='ltr'><em>προδιδόμενον.</em></span> <span class='ocrx_word' id='word_1_734' title='bbox 945 5056 1108 5112; x_wconf 81' lang='grc' dir='ltr'><em>Ἀλλὰ</em></span> <span class='ocrx_word' id='word_1_735' title='bbox 1145 5063 1300 5113; x_wconf 87' lang='grc' dir='ltr'><em>ποῖον</em></span> <span class='ocrx_word' id='word_1_736' title='bbox 1328 5059 1534 5113; x_wconf 82' lang='grc' dir='ltr'><em>τούτων</em></span> <span class='ocrx_word' id='word_1_737' title='bbox 1584 5061 1801 5131; x_wconf 87' lang='grc' dir='ltr'><em>πρῶτον</em></span> 
     </span>
    </p>
   </div>
   <div class='ocr_carea' id='block_1_99' title="bbox 179 5144 1795 5221">
    <p class='ocr_par' dir='ltr' id='par_1_99' title="bbox 179 5144 1795 5221">
     <span class='ocr_line' id='line_1_99' title="bbox 179 5144 1795 5221; baseline 0.006 -26"><span class='ocrx_word' id='word_1_738' title='bbox 179 5144 410 5208; x_wconf 79' lang='grc' dir='ltr'><em>ἐξείπω</em></span> <span class='ocrx_word' id='word_1_739' title='bbox 445 5147 510 5212; x_wconf 83' lang='grc'><strong><em>⁹;</em></strong></span> <span class='ocrx_word' id='word_1_740' title='bbox 548 5150 700 5202; x_wconf 87' lang='grc' dir='ltr'><em>ποῖον</em></span> <span class='ocrx_word' id='word_1_741' title='bbox 732 5151 788 5202; x_wconf 80' lang='grc' dir='ltr'>δὲ</span> <span class='ocrx_word' id='word_1_742' title='bbox 823 5149 944 5201; x_wconf 78' lang='grc' dir='ltr'><em>κατ’</em></span> <span class='ocrx_word' id='word_1_743' title='bbox 983 5148 1142 5215; x_wconf 82' lang='grc' dir='ltr'><em>ἀξίαν</em></span> <span class='ocrx_word' id='word_1_744' title='bbox 1174 5148 1536 5220; x_wconf 77' lang='grc' dir='ltr'><em>ἐλεεινότερον</em></span> <span class='ocrx_word' id='word_1_745' title='bbox 1586 5152 1795 5221; x_wconf 82' lang='grc' dir='ltr'><em>κρίνω;</em></span> 
     </span>
    </p>
   </div>
   <div class='ocr_carea' id='block_1_100' title="bbox 179 5237 1800 5314">
    <p class='ocr_par' dir='ltr' id='par_1_100' title="bbox 179 5237 1800 5314">
     <span class='ocr_line' id='line_1_100' title="bbox 179 5237 1800 5314; baseline 0.006 -27"><span class='ocrx_word' id='word_1_746' title='bbox 179 5237 364 5292; x_wconf 75' lang='grc' dir='ltr'><em>ὁπότε</em></span> <span class='ocrx_word' id='word_1_747' title='bbox 390 5241 684 5311; x_wconf 81' lang='grc' dir='ltr'><em>συμμιγής</em></span> <span class='ocrx_word' id='word_1_748' title='bbox 728 5259 811 5304; x_wconf 89' lang='grc' dir='ltr'><strong><em>τις</em></strong></span> <span class='ocrx_word' id='word_1_749' title='bbox 841 5241 861 5272; x_wconf 77' lang='grc'>⁸</span> <span class='ocrx_word' id='word_1_750' title='bbox 893 5242 986 5295; x_wconf 79' lang='grc' dir='ltr'><em>καὶ</em></span> <span class='ocrx_word' id='word_1_751' title='bbox 1033 5240 1262 5312; x_wconf 84' lang='grc' dir='ltr'><em>σφοδρὸς</em></span> <span class='ocrx_word' id='word_1_752' title='bbox 1297 5243 1569 5313; x_wconf 75' lang='grc' dir='ltr'><em>ἀνήγερτο</em></span> <span class='ocrx_word' id='word_1_753' title='bbox 1603 5242 1800 5314; x_wconf 80' lang='grc' dir='ltr'><em>θρῆνος</em></span> 
     </span>
    </p>
   </div>
   <div class='ocr_carea' id='block_1_101' title="bbox 177 5329 1799 5406">
    <p class='ocr_par' dir='ltr' id='par_1_101' title="bbox 177 5329 1799 5406">
     <span class='ocr_line' id='line_1_101' title="bbox 177 5329 1799 5406; baseline 0.006 -26"><span class='ocrx_word' id='word_1_754' title='bbox 177 5329 680 5405; x_wconf 76' lang='grc' dir='ltr'><em>διχοτομουμένης</em></span> <span class='ocrx_word' id='word_1_755' title='bbox 700 5332 801 5403; x_wconf 75' lang='grc' dir='ltr'><em>τῆς</em></span> <span class='ocrx_word' id='word_1_756' title='bbox 832 5333 1347 5404; x_wconf 82' lang='grc' dir='ltr'><em>φύσεως,ἀλλήλους</em></span> <span class='ocrx_word' id='word_1_757' title='bbox 1365 5337 1492 5399; x_wconf 78' lang='grc' dir='ltr'><em>τοὺς</em></span> <span class='ocrx_word' id='word_1_758' title='bbox 1521 5337 1799 5406; x_wconf 81' lang='grc' dir='ltr'><em>ἁγχιστεῖς</em></span> 
     </span>
    </p>
   </div>
   <div class='ocr_carea' id='block_1_102' title="bbox 1840 4483 3487 4576">
    <p class='ocr_par' dir='ltr' id='par_1_102' title="bbox 1840 4483 3487 4576">
     <span class='ocr_line' id='line_1_102' title="bbox 1840 4483 3487 4576; baseline -0.005 -14"><span class='ocrx_word' id='word_1_759' title='bbox 1840 4483 1880 4536; x_wconf 76' lang='lat' dir='ltr'><strong>D</strong></span> <span class='ocrx_word' id='word_1_760' title='bbox 1907 4506 2276 4576; x_wconf 84' lang='lat' dir='ltr'><strong><em>imponerent.</em></strong></span> <span class='ocrx_word' id='word_1_761' title='bbox 2315 4504 2630 4560; x_wconf 86' lang='lat' dir='ltr'><strong><em>Ducebatur</em></strong></span> <span class='ocrx_word' id='word_1_762' title='bbox 2685 4502 2870 4572; x_wconf 85' lang='lat' dir='ltr'><strong><em>itaque</em></strong></span> <span class='ocrx_word' id='word_1_763' title='bbox 2901 4483 3170 4572; x_wconf 85' lang='lat' dir='ltr'><strong><em>juvenum</em></strong></span> <span class='ocrx_word' id='word_1_764' title='bbox 3231 4499 3487 4553; x_wconf 86' lang='lat' dir='ltr'><strong><em>universa</em></strong></span> 
     </span>
    </p>
   </div>
   <div class='ocr_carea' id='block_1_103' title="bbox 1908 4589 3487 4670">
    <p class='ocr_par' dir='ltr' id='par_1_103' title="bbox 1908 4589 3487 4670">
     <span class='ocr_line' id='line_1_103' title="bbox 1908 4589 3487 4670; baseline -0.009 -15"><span class='ocrx_word' id='word_1_765' title='bbox 1908 4599 2106 4670; x_wconf 86' lang='lat' dir='ltr'><strong><em>pubes,</em></strong></span> <span class='ocrx_word' id='word_1_766' title='bbox 2170 4599 2277 4654; x_wconf 84' lang='lat' dir='ltr'><strong><em>hoc</em></strong></span> <span class='ocrx_word' id='word_1_767' title='bbox 2300 4597 2476 4652; x_wconf 89' lang='lat' dir='ltr'><strong><em>solum</em></strong></span> <span class='ocrx_word' id='word_1_768' title='bbox 2505 4602 2731 4650; x_wconf 90' lang='lat' dir='ltr'><strong><em>onerata</em></strong></span> <span class='ocrx_word' id='word_1_769' title='bbox 2780 4593 3030 4656; x_wconf 87' lang='lat' dir='ltr'><strong><em>crimine,</em></strong></span> <span class='ocrx_word' id='word_1_770' title='bbox 3077 4589 3224 4661; x_wconf 92' lang='lat' dir='ltr'><strong><em>quod</em></strong></span> <span class='ocrx_word' id='word_1_771' title='bbox 3269 4589 3487 4644; x_wconf 82' lang='lat' dir='ltr'><strong><em>ﬂorenti</em></strong></span> 
     </span>
    </p>
   </div>
   <div class='ocr_carea' id='block_1_104' title="bbox 1906 4680 3486 4758">
    <p class='ocr_par' dir='ltr' id='par_1_104' title="bbox 1906 4680 3486 4758">
     <span class='ocr_line' id='line_1_104' title="bbox 1906 4680 3486 4758; baseline -0.008 -12"><span class='ocrx_word' id='word_1_772' title='bbox 1906 4699 2067 4746; x_wconf 72' lang='lat' dir='ltr'><strong><em>actate</em></strong></span> <span class='ocrx_word' id='word_1_773' title='bbox 2097 4697 2246 4746; x_wconf 85' lang='lat' dir='ltr'><strong><em>esset</em></strong></span> <span class='ocrx_word' id='word_1_774' title='bbox 2273 4697 2369 4744; x_wconf 88' lang='lat' dir='ltr'><strong><em>aut</em></strong></span> <span class='ocrx_word' id='word_1_775' title='bbox 2398 4688 2546 4756; x_wconf 90' lang='lat' dir='ltr'><strong><em>quod</em></strong></span> <span class='ocrx_word' id='word_1_776' title='bbox 2571 4685 2808 4758; x_wconf 79' lang='lat' dir='ltr'><strong><em>eleganti</em></strong></span> <span class='ocrx_word' id='word_1_777' title='bbox 2832 4701 2896 4740; x_wconf 87' lang='lat' dir='ltr'><strong><em>ac</em></strong></span> <span class='ocrx_word' id='word_1_778' title='bbox 2939 4692 3171 4738; x_wconf 87' lang='lat' dir='ltr'><strong><em>venusta</em></strong></span> <span class='ocrx_word' id='word_1_779' title='bbox 3193 4681 3356 4736; x_wconf 79' lang='lat' dir='ltr'><strong><em>facie.</em></strong></span> <span class='ocrx_word' id='word_1_780' title='bbox 3389 4680 3486 4734; x_wconf 87' lang='lat' dir='ltr'><strong><em>Li-</em></strong></span> 
     </span>
    </p>
   </div>
   <div class='ocr_carea' id='block_1_105' title="bbox 1907 4773 3485 4838">
    <p class='ocr_par' dir='ltr' id='par_1_105' title="bbox 1907 4773 3485 4838">
     <span class='ocr_line' id='line_1_105' title="bbox 1907 4773 3485 4838; baseline -0.007 -1"><span class='ocrx_word' id='word_1_781' title='bbox 1907 4792 1996 4838; x_wconf 89' lang='lat' dir='ltr'><strong><em>cet</em></strong></span> <span class='ocrx_word' id='word_1_782' title='bbox 2024 4783 2171 4837; x_wconf 89' lang='lat' dir='ltr'><strong><em>enim</em></strong></span> <span class='ocrx_word' id='word_1_783' title='bbox 2213 4781 2482 4836; x_wconf 91' lang='lat' dir='ltr'><strong><em>malorum</em></strong></span> <span class='ocrx_word' id='word_1_784' title='bbox 2518 4779 2770 4835; x_wconf 86' lang='lat' dir='ltr'><strong><em>confusio</em></strong></span> <span class='ocrx_word' id='word_1_785' title='bbox 2818 4785 3016 4832; x_wconf 72' lang='lat' dir='ltr'><strong><em>moesto</em></strong></span> <span class='ocrx_word' id='word_1_786' title='bbox 3077 4790 3271 4832; x_wconf 90' lang='lat' dir='ltr'><strong><em>omnes</em></strong></span> <span class='ocrx_word' id='word_1_787' title='bbox 3328 4773 3485 4828; x_wconf 83' lang='lat' dir='ltr'><strong><em>vultu</em></strong></span> 
     </span>
    </p>
   </div>
   <div class='ocr_carea' id='block_1_106' title="bbox 1908 4866 3484 4941">
    <p class='ocr_par' dir='ltr' id='par_1_106' title="bbox 1908 4866 3484 4941">
     <span class='ocr_line' id='line_1_106' title="bbox 1908 4866 3484 4941; baseline -0.006 -10"><span class='ocrx_word' id='word_1_788' title='bbox 1908 4875 2173 4941; x_wconf 77' lang='lat' dir='ltr'><strong><em>afﬁceret,</em></strong></span> <span class='ocrx_word' id='word_1_789' title='bbox 2200 4874 2466 4930; x_wconf 87' lang='lat' dir='ltr'><strong><em>naturalis</em></strong></span> <span class='ocrx_word' id='word_1_790' title='bbox 2512 4881 2693 4927; x_wconf 88' lang='lat' dir='ltr'><strong><em>tamen</em></strong></span> <span class='ocrx_word' id='word_1_791' title='bbox 2727 4872 3016 4927; x_wconf 85' lang='lat' dir='ltr'><strong><em>character</em></strong></span> <span class='ocrx_word' id='word_1_792' title='bbox 3061 4869 3374 4924; x_wconf 88' lang='lat' dir='ltr'><strong><em>elucentem</em></strong></span> <span class='ocrx_word' id='word_1_793' title='bbox 3427 4866 3484 4922; x_wconf 88' lang='lat' dir='ltr'><strong><em>in</em></strong></span> 
     </span>
    </p>
   </div>
   <div class='ocr_carea' id='block_1_107' title="bbox 1904 4959 3486 5036">
    <p class='ocr_par' dir='ltr' id='par_1_107' title="bbox 1904 4959 3486 5036">
     <span class='ocr_line' id='line_1_107' title="bbox 1904 4959 3486 5036; baseline -0.005 -15"><span class='ocrx_word' id='word_1_794' title='bbox 1904 4981 1973 5021; x_wconf 89' lang='lat' dir='ltr'><strong><em>eo</em></strong></span> <span class='ocrx_word' id='word_1_795' title='bbox 2022 4965 2421 5036; x_wconf 86' lang='lat' dir='ltr'><strong><em>ingenuitatem</em></strong></span> <span class='ocrx_word' id='word_1_796' title='bbox 2472 4963 2836 5028; x_wconf 87' lang='lat' dir='ltr'><strong><em>monstrabat,</em></strong></span> <span class='ocrx_word' id='word_1_797' title='bbox 2895 4978 2957 5018; x_wconf 92' lang='lat' dir='ltr'><strong><em>ac</em></strong></span> <span class='ocrx_word' id='word_1_798' title='bbox 2993 4961 3212 5016; x_wconf 86' lang='lat' dir='ltr'><strong><em>decoris</em></strong></span> <span class='ocrx_word' id='word_1_799' title='bbox 3274 4959 3486 5013; x_wconf 80' lang='lat' dir='ltr'><strong><em>micans</em></strong></span> 
     </span>
    </p>
   </div>
   <div class='ocr_carea' id='block_1_108' title="bbox 1903 5051 3482 5129">
    <p class='ocr_par' dir='ltr' id='par_1_108' title="bbox 1903 5051 3482 5129">
     <span class='ocr_line' id='line_1_108' title="bbox 1903 5051 3482 5129; baseline -0.006 -16"><span class='ocrx_word' id='word_1_800' title='bbox 1903 5059 2022 5129; x_wconf 86' lang='lat' dir='ltr'><strong><em>ipse</em></strong></span> <span class='ocrx_word' id='word_1_801' title='bbox 2062 5058 2250 5114; x_wconf 86' lang='lat' dir='ltr'><strong><em>radius</em></strong></span> <span class='ocrx_word' id='word_1_802' title='bbox 2281 5074 2390 5112; x_wconf 92' lang='lat' dir='ltr'><strong><em>non</em></strong></span> <span class='ocrx_word' id='word_1_803' title='bbox 2423 5058 2617 5127; x_wconf 89' lang='lat' dir='ltr'><strong><em>paucis</em></strong></span> <span class='ocrx_word' id='word_1_804' title='bbox 2662 5066 2723 5111; x_wconf 92' lang='lat' dir='ltr'><strong><em>ut</em></strong></span> <span class='ocrx_word' id='word_1_805' title='bbox 2754 5055 2914 5110; x_wconf 88' lang='lat' dir='ltr'><strong><em>malis</em></strong></span> <span class='ocrx_word' id='word_1_806' title='bbox 2948 5054 3110 5125; x_wconf 75' lang='lat'><strong><em>572</em></strong></span> <span class='ocrx_word' id='word_1_807' title='bbox 3145 5051 3482 5107; x_wconf 88' lang='lat' dir='ltr'><strong><em>dederentur</em></strong></span> 
     </span>
    </p>
   </div>
   <div class='ocr_carea' id='block_1_109' title="bbox 1904 5143 3486 5217">
    <p class='ocr_par' dir='ltr' id='par_1_109' title="bbox 1904 5143 3486 5217">
     <span class='ocr_line' id='line_1_109' title="bbox 1904 5143 3486 5217; baseline -0.006 -12"><span class='ocrx_word' id='word_1_808' title='bbox 1904 5166 2068 5205; x_wconf 88' lang='lat' dir='ltr'><strong><em>causa</em></strong></span> <span class='ocrx_word' id='word_1_809' title='bbox 2091 5149 2216 5205; x_wconf 80' lang='lat' dir='ltr'><strong><em>fuit.</em></strong></span> <span class='ocrx_word' id='word_1_810' title='bbox 2250 5150 2536 5216; x_wconf 87' lang='lat' dir='ltr'><strong><em>Quodnam</em></strong></span> <span class='ocrx_word' id='word_1_811' title='bbox 2560 5164 2694 5205; x_wconf 86' lang='lat' dir='ltr'><strong><em>vero</em></strong></span> <span class='ocrx_word' id='word_1_812' title='bbox 2719 5148 2918 5203; x_wconf 90' lang='lat' dir='ltr'><strong><em>horum</em></strong></span> <span class='ocrx_word' id='word_1_813' title='bbox 2940 5149 3179 5217; x_wconf 88' lang='lat' dir='ltr'><strong><em>primum</em></strong></span> <span class='ocrx_word' id='word_1_814' title='bbox 3205 5143 3486 5200; x_wconf 81' lang='lat' dir='ltr'><strong><em>referam?</em></strong></span> 
     </span>
    </p>
   </div>
   <div class='ocr_carea' id='block_1_110' title="bbox 1905 5235 3484 5314">
    <p class='ocr_par' dir='ltr' id='par_1_110' title="bbox 1905 5235 3484 5314">
     <span class='ocr_line' id='line_1_110' title="bbox 1905 5235 3484 5314; baseline -0.005 -18"><span class='ocrx_word' id='word_1_815' title='bbox 1905 5243 2182 5314; x_wconf 89' lang='lat' dir='ltr'><strong><em>quodnam</em></strong></span> <span class='ocrx_word' id='word_1_816' title='bbox 2207 5252 2391 5298; x_wconf 87' lang='lat' dir='ltr'><strong><em>autem</em></strong></span> <span class='ocrx_word' id='word_1_817' title='bbox 2414 5243 2576 5314; x_wconf 83' lang='lat' dir='ltr'><strong><em>digne</em></strong></span> <span class='ocrx_word' id='word_1_818' title='bbox 2595 5243 2853 5313; x_wconf 73' lang='lat' dir='ltr'><strong><em>iustaque</em></strong></span> <span class='ocrx_word' id='word_1_819' title='bbox 2875 5239 3091 5294; x_wconf 86' lang='lat' dir='ltr'><strong><em>ratione</em></strong></span> <span class='ocrx_word' id='word_1_820' title='bbox 3117 5235 3484 5292; x_wconf 84' lang='lat' dir='ltr'><strong><em>miserabilius</em></strong></span> 
     </span>
    </p>
   </div>
   <div class='ocr_carea' id='block_1_111' title="bbox 1908 5329 3479 5405">
    <p class='ocr_par' dir='ltr' id='par_1_111' title="bbox 1908 5329 3479 5405">
     <span class='ocr_line' id='line_1_111' title="bbox 1908 5329 3479 5405; baseline -0.006 -15"><span class='ocrx_word' id='word_1_821' title='bbox 1908 5344 2142 5390; x_wconf 88' lang='lat' dir='ltr'><strong><em>statuam</em></strong></span> <span class='ocrx_word' id='word_1_822' title='bbox 2167 5335 2190 5388; x_wconf 86' lang='lat'><strong>?</strong></span> <span class='ocrx_word' id='word_1_823' title='bbox 2220 5350 2344 5390; x_wconf 89' lang='lat' dir='ltr'><strong><em>cum</em></strong></span> <span class='ocrx_word' id='word_1_824' title='bbox 2372 5335 2663 5390; x_wconf 90' lang='lat' dir='ltr'><strong><em>immiscuo</em></strong></span> <span class='ocrx_word' id='word_1_825' title='bbox 2693 5332 3014 5405; x_wconf 85' lang='lat' dir='ltr'><strong><em>ingentique</em></strong></span> <span class='ocrx_word' id='word_1_826' title='bbox 3036 5329 3243 5398; x_wconf 82' lang='lat' dir='ltr'><strong><em>ejulatu</em></strong></span> <span class='ocrx_word' id='word_1_827' title='bbox 3265 5335 3479 5391; x_wconf 82' lang='lat' dir='ltr'><strong><em>exorto,</em></strong></span> 
     </span>
    </p>
   </div>
   <div class='ocr_carea' id='block_1_112' title="bbox 1537 5509 2220 5567">
    <p class='ocr_par' dir='ltr' id='par_1_112' title="bbox 1537 5509 2220 5567">
     <span class='ocr_line' id='line_1_112' title="bbox 1537 5509 2220 5567; baseline 0.001 -2"><span class='ocrx_word' id='word_1_828' title='bbox 1537 5510 1766 5567; x_wconf 73' lang='lat' dir='ltr'><strong><em>VARUE</em></strong></span> <span class='ocrx_word' id='word_1_829' title='bbox 1809 5509 2220 5567; x_wconf 82' lang='lat' dir='ltr'><strong><em>LECTIONES.</em></strong></span> 
     </span>
    </p>
   </div>
   <div class='ocr_carea' id='block_1_113' title="bbox 241 5620 1316 5692">
    <p class='ocr_par' dir='ltr' id='par_1_113' title="bbox 241 5620 1316 5692">
     <span class='ocr_line' id='line_1_113' title="bbox 241 5620 1316 5692; baseline 0.006 -19"><span class='ocrx_word' id='word_1_830' title='bbox 241 5621 297 5650; x_wconf 80' lang='lat'>“</span> <span class='ocrx_word' id='word_1_831' title='bbox 340 5620 724 5692; x_wconf 74' lang='grc' dir='ltr'><em>στοχάζεσθαι</em></span> <span class='ocrx_word' id='word_1_832' title='bbox 762 5622 827 5676; x_wconf 82' lang='grc' dir='ltr'><strong><em>Α.</em></strong></span> <span class='ocrx_word' id='word_1_833' title='bbox 938 5625 983 5656; x_wconf 73' lang='grc' dir='ltr'><strong><em>’τ</em></strong></span> <span class='ocrx_word' id='word_1_834' title='bbox 1041 5626 1226 5678; x_wconf 81' lang='grc' dir='ltr'><em>ὁποῖον</em></span> <span class='ocrx_word' id='word_1_835' title='bbox 1256 5624 1316 5679; x_wconf 83' lang='grc' dir='ltr'><strong><em>Ρ.</em></strong></span> 
     </span>
    </p>
   </div>
   <div class='ocr_carea' id='block_1_114' title="bbox 163 5689 1699 5765">
    <p class='ocr_par' dir='ltr' id='par_1_114' title="bbox 163 5689 1699 5765">
     <span class='ocr_line' id='line_1_114' title="bbox 163 5689 1699 5765; baseline 0.006 -22"><span class='ocrx_word' id='word_1_836' title='bbox 163 5689 186 5718; x_wconf 87' lang='grc'>³</span> <span class='ocrx_word' id='word_1_837' title='bbox 223 5689 730 5764; x_wconf 65' lang='grc' dir='ltr'><em>συμφορήσαντες</em></span> <span class='ocrx_word' id='word_1_838' title='bbox 783 5695 842 5748; x_wconf 82' lang='grc' dir='ltr'><strong><em>Ρ.</em></strong></span> <span class='ocrx_word' id='word_1_839' title='bbox 919 5694 1210 5765; x_wconf 70' lang='grc' dir='ltr'><em>δεμφασις</em></span> <span class='ocrx_word' id='word_1_840' title='bbox 1264 5695 1328 5754; x_wconf 77' lang='grc' dir='ltr'><strong><em>Ρ.</em></strong></span> <span class='ocrx_word' id='word_1_841' title='bbox 1416 5697 1438 5731; x_wconf 84' lang='grc'><strong><em>³</em></strong></span> <span class='ocrx_word' id='word_1_842' title='bbox 1469 5689 1699 5752; x_wconf 80' lang='grc' dir='ltr'><em>είπωἸ’.</em></span> 
     </span>
    </p>
   </div>
   <div class='ocr_carea' id='block_1_115' title="bbox 1464 5617 3478 5753">
    <p class='ocr_par' dir='ltr' id='par_1_115' title="bbox 1464 5617 3478 5753">
     <span class='ocr_line' id='line_1_115' title="bbox 1464 5617 3478 5730; baseline -0.003 -50"><span class='ocrx_word' id='word_1_843' title='bbox 1464 5626 1510 5658; x_wconf 81' lang='grc'><strong><em>’⁸</em></strong></span> <span class='ocrx_word' id='word_1_844' title='bbox 1539 5628 1902 5730; x_wconf 58' lang='grc' dir='ltr'><em>παραστησας</em></span> <span class='ocrx_word' id='word_1_845' title='bbox 1967 5627 2033 5683; x_wconf 83' lang='grc' dir='ltr'><strong><em>Α.</em></strong></span> <span class='ocrx_word' id='word_1_846' title='bbox 2105 5627 2150 5658; x_wconf 78' lang='grc'><strong><em>’⁸</em></strong></span> <span class='ocrx_word' id='word_1_847' title='bbox 2179 5628 2244 5683; x_wconf 85' lang='grc' dir='ltr'><em>ἂν</em></span> <span class='ocrx_word' id='word_1_848' title='bbox 2277 5642 2389 5682; x_wconf 91' lang='lat' dir='ltr'><strong><em>om.</em></strong></span> <span class='ocrx_word' id='word_1_849' title='bbox 2434 5625 2494 5679; x_wconf 84' lang='lat' dir='ltr'><strong><em>P.</em></strong></span> <span class='ocrx_word' id='word_1_850' title='bbox 2576 5624 2591 5654; x_wconf 76' lang='grc'>⁸</span> <span class='ocrx_word' id='word_1_851' title='bbox 2633 5621 2923 5694; x_wconf 83' lang='grc' dir='ltr'><em>ἐξισχύσαν</em></span> <span class='ocrx_word' id='word_1_852' title='bbox 2986 5623 3047 5678; x_wconf 82' lang='grc' dir='ltr'><strong>Ρ.</strong></span> <span class='ocrx_word' id='word_1_853' title='bbox 3123 5622 3142 5652; x_wconf 80' lang='grc'>¹</span> <span class='ocrx_word' id='word_1_854' title='bbox 3178 5621 3357 5694; x_wconf 79' lang='grc' dir='ltr'><em>χήραν</em></span> <span class='ocrx_word' id='word_1_855' title='bbox 3405 5617 3478 5674; x_wconf 74' lang='grc' dir='ltr'><strong><em>Δ.</em></strong></span> 
     </span>
     <span class='ocr_line' id='line_1_116' title="bbox 1469 5695 2132 5753; baseline 0.005 -4"><span class='ocrx_word' id='word_1_856' title='bbox 1469 5695 1609 5751; x_wconf 82' lang='grc' dir='ltr'><em>είπω</em></span> <span class='ocrx_word' id='word_1_857' title='bbox 1641 5699 1699 5752; x_wconf 87' lang='lat' dir='ltr'><strong><em>l’.</em></strong></span> <span class='ocrx_word' id='word_1_858' title='bbox 1827 5716 1908 5753; x_wconf 76' lang='grc' dir='ltr'><strong><em>τις</em></strong></span> <span class='ocrx_word' id='word_1_859' title='bbox 1933 5714 2043 5753; x_wconf 87' lang='lat' dir='ltr'><strong><em>om.</em></strong></span> <span class='ocrx_word' id='word_1_860' title='bbox 2070 5697 2132 5752; x_wconf 84' lang='lat' dir='ltr'><strong><em>P.</em></strong></span> 
     </span>
    </p>
   </div>
   <div class='ocr_carea' id='block_1_116' title="bbox 1863 5716 2132 5762">
    <p class='ocr_par' dir='ltr' id='par_1_116' title="bbox 1863 5716 2132 5762">
     <span class='ocr_line' id='line_1_117' title="bbox 1863 5716 2132 5762; baseline 0.007 -12"><span class='ocrx_word' id='word_1_861' title='bbox 1863 5716 1908 5762; x_wconf 83' lang='grc' dir='ltr'><strong><em>ις</em></strong></span> <span class='ocrx_word' id='word_1_862' title='bbox 1933 5716 2043 5753; x_wconf 87' lang='lat' dir='ltr'><strong><em>om.</em></strong></span> <span class='ocrx_word' id='word_1_863' title='bbox 2071 5716 2132 5752; x_wconf 82' lang='grc' dir='ltr'><strong><em>ι’.</em></strong></span> 
     </span>
    </p>
   </div>
  </div>
