3962 6200
342 297 363 315 ο
426 264 531 327 διι

1675 260 1858 321 JOAN
1871 258 2013 318 NES
2050 260 2486 324 CAMENIATA

3597 256 3705 316 612

427 386 624 431 natura
653 351 911 440 partibus
946 361 1137 431 scissa,
1170 368 1313 426 alius
1358 368 1527 425 alium
1561 367 1999 437 consanguineo-

2107 367 2579 436 ἀνακαλουμένους
2621 365 2713 422 καὶ
2768 367 2859 422 τὸν
2891 366 3169 436 χωρισμὸν
3215 365 3700 435 δυσχεραίνοντας

397 455 551 519 ἰἰιιιι
583 463 936 531 amniumque
968 470 1272 518 arcesseret
1310 475 1373 514 ac
1401 459 1806 528 separationem
1862 458 2005 516 imii~

427 556 692 625 gnissime
731 554 922 608 ferret.
965 552 1209 606 Vidisses
1243 550 1390 606 enim
1422 551 1542 620 ejus
1573 550 1652 604 rei
1707 537 1896 608 dolore
1929 549 2008 602 vi—

428 664 518 701 ros
546 647 822 707 confusos,
859 646 1140 702 mulieres.
1175 643 1394 700 ﬂorenti
1423 653 1604 698 relate.
1630 658 1823 698 omnes
1843 641 2006 698 simul

428 757 633 809 pueros
689 739 810 792 dire
843 739 1124 790 ululantes
1154 752 1218 790 ac
1272 752 1393 790 sese
1445 737 1847 804 discerpentes.
1904 749 2010 791 nec

428 845 702 889 tantorum
741 832 1004 884 malorum
1053 830 1391 884 immanitate
1429 828 1657 884 effusam
1693 826 2006 882 maestitiam

427 926 666 979 retinere
707 925 971 979 valentes.
1009 921 1102 976 sed
1135 922 1431 989 gemitibus
1477 936 1542 974 ac
1570 919 1780 990 ejulutu
1832 918 2006 973 inter.-

425 1033 551 1074 nam
583 1015 751 1070 animi
783 1015 1130 1069 allectionem
1167 1014 1483 1082 prodentes,
1517 1022 1576 1066 ut
1609 1011 1703 1080 qui
1737 1010 2002 1064 nimirum

421 1109 544 1177 ejus
569 1117 730 1161 tanta:
757 1107 928 1160 cladis
955 1087 1250 1160 ardoribus
1279 1121 1342 1160 ac
1369 1103 1604 1158 ﬂammis
1632 1103 1730 1157 toti
1778 1111 2010 1156 exustu-

427 1200 696 1254 larcntur.
747 1198 886 1252 Cum
926 1200 1005 1253 sic
1054 1200 1201 1253 enim
1267 1197 1539 1252 violenter
1577 1210 1606 1250 a
1653 1210 1711 1250 se
1769 1193 2005 1249 invicem

423 1290 661 1345 fuissent
693 1291 878 1354 divisi,
914 1293 1226 1360 promiscue
1251 1307 1317 1345 ac
1350 1291 1580 1346 confuse
1624 1290 1858 1360 navigiis
1903 1291 2007 1344 im-

422 1384 586 1453 positi
636 1393 786 1445 sunt,
820 1401 941 1453 qua:
970 1385 1264 1439 admodum
1312 1385 1558 1454 putentia
1599 1384 1854 1454 plurimis
1881 1399 2008 1438 aveo

423 1476 623 1529 hendis
645 1476 898 1534 sullicere
932 1484 1212 1545 poterant,
1264 1491 1376 1528 non
1402 1475 1617 1545 digesto
1649 1474 1865 1535 ordine,
1901 1488 2005 1527 nec

425 1569 508 1634 (ut
535 1569 658 1636 quis
679 1567 848 1630 dicat)
877 1577 1027 1622 tanto
1055 1567 1160 1620 loci
1211 1567 1390 1636 spatio
1422 1566 1704 1636 assignato
1734 1574 2008 1634 quantum

422 1673 522 1726 pro
545 1659 797 1726 corporis
828 1659 969 1711 mole
1013 1655 1311 1719 sufficeret,
1345 1663 1406 1709 ut
1431 1656 1510 1708 sic
1542 1655 1790 1724 congesti
1838 1662 2002 1723 atque

2109 459 2218 512 Kal.
2247 459 2356 530 γὰρ
2382 456 2450 530 ἦν
2475 460 2602 518 ἰδεῖν
2631 460 2758 522 τοὺς
2786 459 2862 529 τῷ
2892 459 3053 515 πάθει
3086 459 3548 528 συγκεχυμένους,
3598 463 3698 516 ἄν.

2106 551 2258 620 δρας,
2281 555 2570 618 γυναῖκας,
2594 552 2940 620 ἀκμάζοντας
2963 551 3329 620 παῖδας,ὀμοῦ
3358 553 3564 616 πάντας
3589 555 3702 608 δει-

2108 644 2194 696 νὸν
2213 644 2581 708 ἀλαλάζοντας
2613 645 2706 698 καὶ
2730 646 2953 707 ἑαυτοὺς
2974 644 3434 714 διαρῤηγνύντας,
3467 648 3562 699 καὶ
3592 665 3701 715 μη-

2112 742 2227 794 κέτι
2284 741 2536 809 κατέχειν
2587 742 2685 810 τὴν
2735 740 2972 809 ἀθυμίαν
3003 741 3110 801 τῶν
3144 740 3418 794 τοσούτων
3449 742 3702 812 ὀχληρῶν

2109 833 2478 902 ἐξισχύοντας,
2513 834 2646 888 ἀλλὰ
2676 833 2971 903 δηλοῦντας
2998 836 3120 893 ταῖς
3172 837 3442 900 οἰμωγαῖς
3489 835 3589 903 τὴν
3616 836 3703 886 εν-

2108 929 2196 978 δον
2219 927 2320 995 τῆς
2337 928 2562 995 καρδίας
2586 926 2850 988 διάθεσιν,
2884 926 2960 987 ὡς
3003 926 3195 981 ἅπασα
3236 926 3703 997 καταπίμπραται

2108 1022 2219 1072 τῶν
2256 1020 2581 1090 πειρασμῶν
2633 1021 2751 1082 ταῖς
2789 1018 3150 1088 φλογώσεσιν.
3212 1019 3300 1082 Ὠς
3336 1018 3443 1088 γὰρ
3504 1019 3701 1087 βιαίως

2109 1106 2280 1170 οὕτως
2319 1108 2378 1172 ἐξ
2411 1108 2653 1177 ἀλλήλων
2687 1108 3051 1176 διαιρεθέντες
3084 1107 3293 1178 φύρδην
3324 1112 3442 1171 ταῖς
3473 1109 3702 1163 ὁλκάσιν

2108 1200 2466 1270 εἰσήχθησαν,
2496 1201 2736 1272 εὐρείαις
2766 1218 2824 1252 τε
2863 1201 3052 1264 οὔσαις
3103 1203 3198 1256 καί
3247 1203 3457 1266 ἱκαναῖς
3483 1204 3702 1265 πολλοῖς

2110 1290 2373 1362 πλήθεσιν
2404 1293 2675 1361 ἐξαρκεῖν,
2701 1293 2761 1345 οὐ
2795 1294 3151 1362 κατάστοιχα,
3173 1295 3283 1346 οὐδ’
3313 1297 3389 1357 ὠς
3413 1296 3479 1348 ἂν
3505 1313 3588 1358 τις
3624 1296 3702 1347 εῖ-

2111 1401 2233 1447 ποι,
2289 1385 2346 1436 ὲν
2391 1384 2656 1454 αύτάρκει
2691 1383 2841 1451 τόπῳ
2874 1384 2967 1439 τοῦ
3001 1386 3316 1455 σωματικοῦ
3373 1386 3541 1453 ὃγκου
3589 1388 3700 1442 τῶν

2109 1472 2464 1527 εἰσελθόντων
2494 1455 2734 1537 ἕκαστος
2765 1474 2864 1546 τὴν
2895 1474 3165 1543 καθέδραν
3213 1475 3542 1545 ὲλάμὸανεν,
3583 1477 3698 1528 ἀλλ’

2106 1565 2182 1628 ὡς
2211 1565 2402 1634 ἔτυχεν
2434 1564 2582 1633 ἅπαξ
2615 1565 2985 1635 κατενεχθεὶς,
3013 1566 3171 1620 τοῦτο
3198 1567 3357 1636 μόνον
3386 1569 3702 1635 ἁπεκεκὶή-

2111 1672 2272 1726 ρωτο,
2304 1654 2379 1727 μὴ
2407 1656 2660 1726 δυνηθεὶς
2691 1659 2749 1710 ὲν
2775 1658 2926 1721 ὅλαις
2955 1661 3076 1725 ταῖς
3107 1659 3306 1728 ἑφεξῆς
3331 1659 3568 1730 ἡμέραις
3593 1659 3702 1720 ἕως

401 1750 669 1804 αεοηιτιιεί
702 1766 863 1803 suum
892 1750 1099 1818 quique
1121 1749 1287 1802 situm
1318 1746 1617 1816 sedemque
1641 1746 1961 1801 obtinerent
1989 1762 1999 1799 :

2119 1748 2246 1816 μιᾶς
2282 1746 2583 1817 παλαιστῆς
2608 1749 2772 1803 τόπον
2803 1750 3075 1818 ἑφευρεῖν,
3115 1749 3180 1804 ἶν’
3216 1749 3527 1811 ἀνακλιθεὶς
3567 1749 3700 1800 ανα-

420 1842 515 1895 scd
550 1843 826 1911 quomodo
858 1843 1094 1911 quisque
1143 1840 1316 1895 semel
1373 1839 1611 1909 injectus
1671 1837 1870 1904 fuerat,
1933 1839 2007 1892 ita

2114 1855 2316 1892 παυσιν
2339 1839 2414 1910 δῷ
2445 1839 2546 1895 κᾶν
2587 1841 2847 1912 βραχεῖαν
2886 1841 2965 1911 τῷ
2994 1839 3232 1908 σώματι.

417 1935 836 2004 constipabatur
864 1935 1041 2002 iisque
1088 1933 1448 1987 aretabantur
1475 1933 1581 1986 loci
1613 1933 1901 2001 angustiis,
1944 1939 2004 1985 ut
2032 1931 2262 2000 reliquis
2316 1935 2576 1989 omnibus
2604 1934 2802 1989 diebus
2836 1950 2905 1988 ne
2960 1934 3173 1988 minimi
3238 1935 3462 2003 quidem
3528 1935 3698 2004 palmi

421 2033 662 2103 spatium
691 2072 704 2094 ,
765 2039 828 2085 ut
880 2030 1180 2084 reclinatus
1236 2028 1461 2082 brevem
1523 2028 1717 2082 saltem
1783 2027 1999 2096 corpori
2037 2027 2285 2096 requiem
2316 2028 2560 2092 aﬂ'erret,
2587 2044 2860 2099 occupare
2885 2029 3142 2098 cuiquam
3171 2029 3409 2084 licuerit.

493 2125 580 2179 Gl.
609 2123 814 2178 Omnes
844 2137 1010 2192 porro
1035 2136 1208 2177 naves
1239 2121 1347 2176 hoc
1375 2121 1540 2176 modo
1583 2129 1795 2178 onusta:
1823 2131 2002 2175 erant.

421 2217 557 2270 Nam
585 2231 708 2270 cum
741 2223 928 2270 essent
957 2223 1195 2284 quatuor
1223 2224 1279 2269 et
1300 2214 1717 2284 quinquaginta,
1741 2222 1802 2267 ut
1841 2228 2005 2283 supra

421 2307 628 2362 dictum
654 2315 758 2367 est,
783 2307 968 2360 adhuc
998 2316 1179 2360 tamen
1211 2305 1498 2359 hominum
1537 2306 1694 2376 copia
1732 2306 2008 2360 redunda-

423 2400 540 2461 bat,
569 2413 691 2468 qua:
719 2414 823 2453 nec
853 2398 968 2469 ipsa
1005 2398 1121 2452 visa
1162 2398 1386 2468 indigna
1421 2414 1583 2467 quam
1620 2398 1686 2452 ad
1719 2415 1816 2453 sua
1843 2399 2009 2468 inque

422 2491 634 2562 Syriam
677 2491 862 2544 hostes
922 2489 1297 2544 transferrent.
1357 2489 1537 2555 Quare
1580 2490 1805 2544 Barbari
1855 2490 2008 2544 urbis

422 2580 654 2650 navigiis
681 2569 949 2644 collectis,
979 2580 1184 2650 quibus
1203 2581 1380 2636 nostri
1403 2589 1740 2634 mercatores
1763 2580 2004 2650 quando-

419 2691 529 2744 que
581 2673 882 2728 utebantur
923 2673 990 2726 ad
1018 2673 1436 2728 convehendmn
1483 2673 1725 2728 triticum
1761 2688 2006 2742 quasque

418 2771 584 2821 etiam
613 2766 771 2836 573
809 2767 861 2820 in
889 2777 1082 2835 portus
1107 2765 1307 2820 fretum
1329 2767 1794 2827 demerseramus,
1819 2775 2005 2819 extra-

420 2860 524 2912 ctis
551 2859 810 2911 machina
850 2857 1086 2926 quadam
1111 2857 1364 2920 navibus,
1408 2855 1554 2925 quod
1593 2857 1671 2910 illi
1704 2872 1801 2924 per
1828 2871 2006 2909 annu—

420 2949 505 3003 lus
537 2949 806 3018 quosdam
855 2948 910 3001 in
949 2929 1274 3002 retinaculis
1326 2947 1531 3002 ibidem
1581 2947 1790 3002 defixos
1838 2948 2004 3016 inque

420 3056 535 3095 rem
568 3041 927 3111 praestandam
949 3051 1113 3109 atque
1140 3040 1424 3094 inventum
1451 3053 1666 3096 summe
1687 3041 2004 3096 conducen—

423 3145 504 3187 trs
525 3134 829 3203 perfecere,
862 3133 1098 3188 artiﬁcio
1121 3132 1360 3202 quodam
1394 3147 1494 3203 per
1537 3133 1701 3188 funes
1755 3132 1998 3187 circum-

2185 2120 2280 2185 Εα’.
2311 2123 2487 2175 Πᾶσαι
2519 2122 2576 2175 δὲ
2613 2124 2670 2174 αί
2699 2125 2825 2192 νῆες
2845 2123 2922 2192 τῷ
2951 2125 3139 2193 τρόπῳ
3159 2123 3332 2193 τούτῳ
3369 2125 3701 2194 πεπλήρων-

2107 2228 2190 2278 το,
2225 2215 2486 2284 τέτταρες
2523 2214 2678 2288 Ιγὰρ]
2711 2215 2889 2278 οὖσαι,
2921 2214 3104 2279 καθὼς
3137 2217 3371 2285 ἔφημεν,
3424 2220 3520 2270 καὶ
3565 2237 3702 2269 πεν-

2107 2307 2361 2376 τήκοντα.
2401 2308 2521 2360 Ἔτι
2575 2307 2631 2359 δὲ
2679 2307 2883 2377 πλῆθος
2915 2303 2984 2377 ἦν
3029 2305 3373 2376 περιττεῦον,
3413 2309 3564 2372 ἄξιον
3597 2314 3696 2362 καὶ

2108 2397 2294 2461 αὐτοῖς
2329 2399 2648 2469 κρινόμενον
2674 2398 2775 2468 τῆς
2822 2401 3155 2470 ἀποδημίας.
3189 2401 3251 2452 Οί
3299 2396 3394 2453 οὖν
3427 2401 3703 2472 βάρϐαροι

2111 2490 2510 2556 συναγαγόντες
2555 2489 2652 2552 τὰς
2693 2490 2826 2558 νῆας
2873 2490 2973 2559 τῆς
3029 2483 3288 2552 πόλεως,”
3314 2488 3400 2561 [Ρ.
3443 2491 3572 2562 568]
3609 2489 3702 2554 αἷς

2109 2579 2348 2648 ἐχρῶντό
2387 2598 2517 2633 ποτε
2548 2581 2684 2651 πρὸς
2710 2581 2770 2634 τὸ
2816 2580 2907 2633 τὸν
2939 2583 3087 2634 σῖτον
3112 2580 3458 2650 ἐπικομίζειν
3488 2584 3537 2635 οί
3572 2584 3702 2636 καθ’

2109 2671 2255 2739 ἡμᾶς
2277 2670 2529 2738 ἔμποροι,
2557 2669 2637 2722 ἔτι
2679 2670 2735 2722 δὲ
2784 2672 2879 2724 καὶ
2924 2670 2990 2733 ἃς
3024 2666 3168 2740 ἦμεν
3205 2670 3524 2740 βυθίσαντες
3555 2675 3700 2726 κατὰ

2107 2761 2201 2815 τοῦ
2234 2762 2486 2832 πορθμοῦ
2519 2762 2612 2815 τοῦ
2640 2763 2858 2832 λιμένος
2899 2764 3192 2833 σοφίσματί
3220 2781 3328 2818 τινι
3358 2765 3698 2817 ἀνελκύσαν.

2107 2870 2216 2916 τες,
2248 2853 2277 2905 ⁸
2333 2854 2428 2906 καὶ
2477 2855 2789 2923 ἐνήργησκν
2850 2855 2940 2907 διά
2975 2872 3140 2908 τινων
3195 2857 3544 2926 στροφίγγων
3581 2863 3698 2922 τοῖς

2107 2947 2286 2998 ικετσε
2330 2946 2615 3014 προϐόλοις
2656 2947 3168 3018 ὲπιτετηδευμένων
3195 2950 3288 3001 καὶ
3320 2949 3420 3020 τὴν
3446 2951 3698 3003 ἐπίνοιαν

2106 3037 2317 3109 ἐργώδη
2351 3038 2697 3104 δεικνύντων,
2725 3038 3093 3109 ἃλισσομένων
3113 3041 3220 3093 τινὶ
3244 3043 3573 3112 τεχνάσματι
3599 3045 3700 3094 καὶ

2104 3128 2192 3181 διὰ
2213 3130 2320 3183 τῶν
2352 3131 2771 3202 ἀπῃωρημένων
2806 3131 2987 3184 κάλων
3039 3132 3412 3185 ἀνελκυόντων
3443 3134 3504 3184 τὸ
3550 3133 3695 3185 ὑκο-

421 3227 637 3280 volutos
653 3241 1033 3295 appensosque
1066 3224 1332 3295 quidquid
1359 3225 1667 3295 subjectum
1695 3233 1812 3280 erat
1836 3233 1999 3279 attra-

2111 3221 2382 3290 κείμενον,
2417 3221 2590 3284 οὕτως
2642 3218 2734 3276 οὖν
2773 3223 2865 3276 καὶ
2886 3223 3064 3281 ἄλλων
3093 3225 3240 3294 νηῶν
3269 3226 3484 3294 πληθὺν
3525 3226 3698 3278 εὐπο-

421 3319 638 3374 hcntes.
664 3318 776 3374 Hac
798 3319 1035 3383 ratione,
1081 3328 1138 3372 et
1164 3317 1397 3372 navibus
1426 3317 1549 3372 aliis
1571 3317 1790 3372 abunde
1818 3317 1998 3382 ditati,

419 3427 612 3466 omnes
637 3411 1006 3475 immiserunt,
1033 3409 1107 3463 ita
1144 3418 1203 3462 ut
1229 3424 1424 3462 eorum
1453 3407 1553 3477 qui
1584 3409 1641 3462 in
1674 3409 1783 3463 hoc
1832 3407 2002 3462 desti-

421 3505 529 3555 nati
562 3511 719 3556 erant
752 3503 939 3555 nullus
972 3500 1368 3553 dimitteretur.
1411 3500 1561 3554 Inter
1610 3515 1751 3568 quos
1808 3514 2001 3554 omnes

420 3595 566 3646 haud
597 3595 711 3648 scio
754 3610 822 3646 an
853 3593 938 3646 vel
992 3607 1134 3645 unus
1157 3609 1224 3645 ex
1261 3592 1534 3661 masculis
1583 3591 1860 3645 exstiterit
1905 3591 1998 3660 qui

423 3686 660 3752 pilorum
708 3683 967 3752 lanugine
1022 3690 1466 3751 exasperaretur,
1526 3683 1612 3737 vel
1648 3698 1715 3736 ex
1769 3682 1995 3737 feminis

419 3791 539 3844 quae
569 3775 744 3844 pubes
798 3784 962 3837 esset.
1008 3789 1134 3827 cum
1171 3788 1363 3827 omnes
1393 3773 1677 3844 utriusque
1696 3790 1862 3830 sexus
1907 3789 1998 3829 es-

417 3875 539 3919 sent
563 3867 856 3935 juvencula
880 3881 944 3919 ac
979 3863 1182 3920 calenti
1211 3871 1392 3927 aetate,
1417 3871 1474 3919 et
1525 3864 1670 3917 inter
1701 3879 1797 3919 eos
1826 3865 1999 3934 potis-

417 3959 616 4009 sim-tm
647 3971 839 4010 recens
864 3956 973 4008 nati
994 3955 1283 4020 infantuli;
1313 3969 1548 4023 quorum
1574 3955 1618 4008 si
1642 3955 1772 4023 quis
1793 3971 1992 4009 unum-

2113 3316 2378 3382 ρήσαντες
2409 3314 2762 3385 είσεκόμισαν
2803 3315 3071 3378 ἅπαντας,
3118 3316 3194 3379 ὼς
3229 3316 3434 3386 μηδένα
3467 3314 3700 3368 πώποτε

2108 3405 2217 3457 τῶν
2258 3406 2338 3468 είς
2392 3405 2551 3460 τοῦτο
2597 3408 2952 3475 τεταγμένων
3000 3407 3464 3477 παραλειφθῆναι.
3501 3407 3593 3472 Ἐξ
3618 3401 3696 3460 ὧν

2108 3497 2366 3552 ἁπάντων
2402 3499 2502 3551 οὐκ
2529 3494 2644 3555 οἶδα
2665 3499 2718 3552 ετ
2745 3499 2845 3552 πού
2869 3507 2951 3560 τις
2981 3499 3090 3551 τῶν
3115 3501 3360 3570 ἀρρένων
3389 3499 3481 3552 τὸν
3513 3501 3696 3554 ίουλον

2109 3587 2428 3656 ἰτετρίχωτο
2451 3587 2483 3656 ἢ
2515 3588 2615 3641 κᾶν
2649 3589 2744 3660 μία
2762 3589 2869 3646 τῶν
2886 3591 3163 3656 γυναικῶν
3180 3591 3444 3660 ῆσασκεν.
3483 3592 3694 3655 Πάντες

2101 3675 2160 3730 δὲ
2185 3678 2280 3730 καὶ
2310 3680 2481 3731 πᾶσαι
2501 3681 2627 3734 νέαν
2651 3676 2785 3751 ἦγον
2815 3683 2912 3751 τὴν
2949 3682 3185 3751 ἡλικίαν,
3219 3683 3314 3735 καὶ
3345 3684 3551 3737 τούτων
3582 3686 3694 3753 μά-

2102 3769 2263 3822 λιστα
2285 3770 2353 3822 τὰ
2381 3771 2643 3841 ἀρτιγενῆ
2677 3772 2873 3844 βρέφη.
2901 3773 3007 3834 US;
3057 3775 3122 3827 ἄν
3151 3792 3232 3835 τις
3259 3775 3382 3827 καθ’
3414 3776 3511 3828 ἕνα
3540 3775 3690 3842 λογι-

2107 3861 2332 3930 ζόμενος
2357 3866 2678 3930 κατεκλᾶτο,
2714 3865 2789 3935 μὴ
2822 3867 3025 3920 σθένων
3055 3869 3188 3938 ὀρᾷν
3217 3868 3283 3920 τὰ
3307 3867 3430 3921 καθ’
3454 3869 3687 3922 Ξκαστον

2100 3955 2277 4010 αὐτῶν
2309 3957 2657 4027 ἀτυχήματα.

415 4065 688 4119 quemque
719 4058 1048 4119 reputasset,
1084 4047 1408 4104 indoluisset
1430 4048 1635 4112 animo,
1666 4057 1726 4102 ut
1742 4063 1931 4102 corium
1971 4051 2240 4122 cujusque
2265 4048 2567 4105 infortunia
2597 4052 2774 4106 oculis
2801 4063 3111 4122 usurparet,
3153 4052 3298 4112 ferre
3332 4069 3442 4108 non
3471 4056 3677 4111 valens.

485 4144 570 4196 62.
605 4143 804 4197 Verum
837 4142 1130 4196 adversum
1157 4158 1279 4205 nos,
1309 4143 1404 4212 qui
1437 4143 1674 4198 diversis
1711 4159 1778 4198 ex
1809 4143 1993 4200 causis

415 4246 621 4300 feri-nm
663 4242 1052 4306 evasissemus,
1098 4257 1128 4294 ιι
1161 4251 1395 4311 tyranno
1453 4253 1646 4293 rursus
1672 4236 1820 4290 aliud
1867 4249 1992 4306 pro—

417 4339 692 4408 mulgatur
715 4337 1021 4398 decretum,
1065 4345 1124 4388 ut
1156 4333 1387 4395 scilicet,
1434 4332 1529 4401 qui
1563 4347 1630 4386 ex
1670 4331 1876 4384 nostris
1903 4343 1991 4382 es-

415 4439 557 4494 Scnt,
593 4429 740 4499 iique
769 4427 1049 4497 pmcipue
1096 4425 1190 4495 qui
1223 4422 1594 4494 navigationis
1643 4419 1990 4475 incommoda

2167 4145 2266 4214 ξβὀ
2298 4145 2435 4211 καθ’
2458 4145 2617 4214 ἡμῶν
2646 4146 2702 4198 δὲ
2745 4147 2853 4202 τῶν
2884 4149 3026 4202 κατὰ
3055 4148 3347 4219 διαφόρως
3383 4151 3566 4213 αἰτίας
3591 4154 3675 4203 ἐκ-

2100 4237 2380 4306 φυγόντων
2407 4238 2466 4290 τὸ
2500 4238 2651 4306 ξίφος
2693 4239 2972 4312 ἐκηρύχθη
3003 4241 3227 4310 1ιιοιειύτη
3255 4243 3408 4311 παρὰ
3459 4242 3555 4294 τοῦ
3589 4260 3673 4293 τυ-

2097 4327 2293 4398 ράννου
2325 4329 2418 4384 καὶ
2439 4328 2595 4392 αὖθις
2624 4331 2922 4396 ἀπόφασις,
2954 4329 3095 4384 ὥστε
3129 4331 3254 4394 τοὺς
3289 4331 3388 4400 μὲν
3415 4331 3478 4396 ἐξ
3503 4333 3667 4402 ἡμῶν,

2094 4421 2190 4472 καὶ
2231 4420 2466 4489 μάλιστα
2504 4422 2662 4486 ὅσους
2687 4423 2830 4489 ἔδοξε
2855 4424 2925 4476 τὰ
2945 4423 3040 4476 τοῦ
3077 4424 3238 4487 πλοὸς
3267 4425 3668 4496 ἐγκαρτερῆσαι

415 4524 649 4578 sutferre
679 4536 841 4594 posse
874 4520 976 4574 visi
1027 4526 1231 4583 essent,
1286 4517 1432 4571 inter
1479 4515 1650 4569 duces
1703 4512 1888 4575 divisi,
1933 4511 1989 4566 in

2106 4512 2428 4583 δυναμένους
2449 4514 2704 4581 ἐπίπονα,
2739 4517 2856 4588 μετ’
2881 4518 3059 4570 αὐτῶν
3087 4517 3312 4570 ἐκείνων
3343 4519 3457 4571 τῶν
3486 4535 3667 4589 61912-

413 4629 862 4687 unamquamque
895 4611 1315 4668 barbaricarum
1362 4608 1586 4664 navium
1620 4606 1776 4677 quini
1808 4606 1988 4660 intro~

413 4710 789 4773 mitterentur,
820 4707 987 4776 inque
1031 4705 1114 4760 eis
1149 4712 1524 4766 servarentur,
1563 4715 1629 4755 ea
1654 4698 1866 4754 scilicet
1897 4713 1989 4752 ra-

414 4801 567 4856 tione
603 4808 665 4854 ut
697 4800 858 4854 dicta:
891 4800 1001 4869 jam
1053 4796 1502 4852 commutationls
1542 4809 1707 4850 causa
1755 4793 1988 4847 Tarsum

411 4893 766 4945 mitterentur
801 4907 814 4944 :
855 4889 1053 4959 reliqui
1087 4905 1239 4951 vero,
1270 4888 1422 4943 velut
1446 4886 1721 4941 inhabiles
1749 4893 1805 4940 et
1851 4884 1990 4939 nulli

412 4983 559 5046 usui,
595 4982 639 5037 si
667 4981 1100 5044 abducerentur,
1124 4980 1374 5049 quinimo
1395 4978 1552 5033 oneri
1575 4978 1800 5031 minime
1822 4975 1992 5045 protl-

410 5093 514 5132 cuo
533 5077 726 5142 futuri,
755 5076 935 5130 visum
965 5083 1049 5129 est
1074 5085 1135 5128 ut
1167 5074 1289 5127 urbi
1315 5073 1750 5126 dimitterentur.
1782 5069 1888 5124 Sed
1924 5084 1994 5122 ne

411 5169 463 5223 id
483 5170 705 5241 quidem
726 5169 832 5224 ulla
855 5169 1078 5222 lenioris
1091 5165 1427 5237 574οηίιηί
1450 5165 1789 5218 humanitate
1803 5162 1997 5224 edixit,

412 5277 513 5315 nec
537 5263 648 5317 Deo
664 5261 868 5332 aliquid
885 5259 1252 5324 exhibiturus,
1281 5257 1359 5310 uti
1379 5255 1644 5310 barbaros
1664 5255 1846 5309 facere
1864 5269 1999 5310 non-

415 5354 548 5407 nulli
595 5355 761 5410 stulte
803 5350 1164 5414 eontendunt,
1209 5362 1401 5403 verum
1426 5345 1479 5400 id
1511 5359 1729 5414 quoque
1751 5343 1982 5398 artiﬁcio

414 5460 664 5516 peraeque
699 5446 963 5516 singulari
1011 5441 1372 5515 improboque
1405 5445 1738 5499 commento,
1766 5436 1983 5506 nequid

413 5553 521 5591 non
546 5538 602 5592 in
621 5555 748 5594 suas
779 5541 1018 5593 rationes
1041 5553 1103 5592 ac
1136 5537 1288 5592 lucra
1313 5530 1664 5588 constituisse
1690 5528 1992 5585 videretur.

2094 4613 2244 4684 ηγῶν
2281 4614 2664 4686 διαιρεθέντων
2700 4615 2961 4669 εἰσελθεῖν
2987 4615 3091 4668 ἀνὰ
3133 4615 3293 4667 πέντε
3328 4614 3418 4684 ἐφ’
3441 4617 3672 4682 ἑκάστης

2093 4707 2202 4760 τῶν
2230 4707 2583 4780 βαρϐαρικῶν
2608 4709 2774 4779 νηῶν,
2821 4709 3107 4779 τηρεῖσθαί
3130 4726 3189 4761 τε
3217 4708 3383 4778 χάριν
3416 4709 3517 4762 τοῦ
3543 4709 3670 4778 πρὸς

2091 4799 2190 4870 τὴν
2213 4799 2428 4868 Ταρσὸν
2453 4799 2866 4870 διαπμφθῆναι
2893 4800 3038 4868 λόγῳ
3059 4797 3160 4869 τῆς
3207 4801 3517 4870 εἰρημένης
3541 4815 3676 4851 κατ-

2089 4893 2356 4963 αλλαγῆς’
2394 4894 2521 4956 τοὺς
2553 4894 2770 4956 λοιποὺς
2823 4893 2899 4968 δὲ,
2969 4894 3043 4956 ὡς
3093 4893 3262 4962 μηδέν
3302 4893 3323 4922 ⁷
3353 4910 3406 4946 τι
3443 4894 3680 4964 χρηστὸν

2091 4986 2275 5048 αὐτοῖς
2307 4981 2639 5056 δυναμένους
2693 4987 2958 5056 πορίζειν,
3006 4986 3061 5038 εί
3105 5002 3169 5054 γε
3217 4985 3320 5054 τῆς
3365 4987 3684 5057 ἀποδημίας

2096 5079 2406 5148 μετάσχωσι
2429 5080 2474 5142 ⁸,
2507 5079 2707 5148 μᾶλλον
2741 5079 2840 5148 μὲν
2890 5079 2983 5132 οὖν
3032 5079 3125 5132 καὶ
3167 5078 3421 5147 ἀνωφελῆ
3481 5079 3692 5148 tripes»

2095 5171 2290 5233 αὐτοὺς
2316 5170 2690 5241 ἐπισύρεσθαι,
2721 5168 2896 5235 ἔδοξεν
2938 5171 3226 5239 ἐπαφεῖναι
3353 5170 3534 5232 πόλει,
3560 5169 3692 5222 οὐδὲ

2095 5261 2253 5314 τοῦτο
2281 5263 2302 5294 ⁹
2333 5261 2550 5331 φειδοῦς
2585 5279 2732 5326 τινος
2761 5261 2965 5326 ἕνεκεν,
2998 5262 3107 5314 οὐδ’
3138 5261 3220 5314 ὅτι
3249 5261 3330 5330 τῷ
3373 5260 3500 5329 6εῷ
3537 5277 3694 5328 παρ-

2092 5355 2226 5421 εἶχε,
2261 5351 2444 5416 καθώς
2473 5369 2620 5415 τινες
2649 5353 2778 5415 τοὺς
2812 5350 3121 5422 βαρϐάρους
3171 5349 3442 5417 πράττειν
3466 5350 3694 5416 ἀλόγως

2095 5443 2512 5510 φιλονεικοῦσιν,
2563 5442 2702 5497 ἀλλὰ
2739 5444 2834 5496 καὶ
2857 5442 3018 5496 τοῦτο
3063 5443 3196 5512 μετά
3247 5459 3395 5504 τινος
3451 5441 3702 5511 μεθῆσθε.»

2102 5534 2196 5586 καὶ
2227 5535 2504 5606 μοχθηρᾶς
2528 5534 2794 5600 ἐπινοίας,
2815 5535 2881 5588 ἵν’
2913 5538 2969 5590 ὲν
3002 5533 3190 5605 μηδενὶ
3219 5532 3416 5603 φανείη
3440 5534 3550 5586 τῶν
3579 5549 3714 5582 πε-

1707 5639 1940 5698 VARUS
1979 5645 2381 5702 LECTIUNES.

494 5740 511 5771 ⁷
543 5737 694 5791 οὐδὲν
718 5739 774 5793 Ρ.
851 5738 871 5770 ⁸
906 5737 1222 5808 κατάσχωσι
1273 5736 1381 5790 AP.
1464 5737 1484 5766 ’
1509 5732 1699 5787 τούτου
1734 5738 1795 5792 Λ,
