3962 6200
208 283 293 345 {illi
1227 291 1324 348 DE
1358 289 1673 350 EXClDlO
1702 290 2313 355 THESSALONICJZ.
2350 296 2365 307 ’

3324 304 3430 363 (ibi

210 406 493 477 πμιγμένων
524 408 842 478 ἁσυντελὴς,
877 403 921 477 ᾧ
975 409 1049 480 μὴ
1084 410 1273 480 κέρδος
1305 411 1485 481 ἑαυτῷ
1536 429 1737 482 συμπο-

1848 412 1988 467 Cum
2018 414 2166 469 enim
2201 416 2409 485 optime
2429 415 2598 471 sciret
2632 431 2741 471 non
2778 417 2872 471 diu
2905 428 3029 487 post
3058 420 3303 487 captivos
3334 438 3435 490 per

235 500 362 550 ἰαοιτο
395 497 458 552 ⁸⁸.

208 516 362 567 ptumo
396 516 458 552 ".
552 516 808 568 Ακριοως
836 516 951 569 γαρ
1013 516 1168 564 stato;
1220 516 1298 565 ως
1355 516 1492 572 μετα
1552 516 1742 572 μικρὸν

201 592 375 644 ἔσεσθαι
407 590 591 659 μέλλει
617 590 728 643 τῶν
756 592 1124 661 αἰχμαλώτων
1151 596 1183 661 ἠ
1222 594 1311 647 διὰ
1341 596 1439 663 τῆς
1470 595 1742 647 καταλλα-

200 683 280 751 γῆς
299 682 684 752 ἀπολύτρωσις,
737 685 1030 751 ἐσοφίσατο
1081 686 1213 754 μηδὲ
1242 685 1470 748 τούτους
1496 687 1618 755 εἰκῆ
1651 687 1746 739 καὶ

196 777 255 837 ὡς
273 775 442 844 ἔτυχεν
474 774 787 845 ἐλευθερίας
817 779 1020 847 τυχεῖν.
1049 779 1162 831 Καὶ
1190 778 1469 832 σκόπειτὸ
1502 777 1742 849 πανοῦρ-

194 883 271 933 γον
292 866 374 918 τοῦ
431 866 729 936 δράματος.
786 868 1137 939 Ἐρχομένοις
1193 872 1300 941 γάρ
1352 888 1463 924 τισι
1512 871 1649 940 μετὰ
1682 872 1743 924 τὸ

191 958 271 1027 τὴν
296 958 439 1010 πόλιν
466 958 686 1021 ἁλῶναι,
717 962 832 1024 τοῖς
864 962 1282 1032 ὁπωσδηποτοῦν
1329 963 1599 1035 διαδρᾶτι,
1648 964 1741 1015 καί⁸

189 1051 292 1110 τοὺς
313 1048 469 1111 ἰδίους
493 1048 874 1119 αἰχμαλώτους
898 1050 1250 1122 ὠνουμένοις,
1286 1054 1575 1107 συνείπετο
1621 1056 1740 1123 μετ’

189 1143 341 1194 αὐτῶν
372 1142 464 1194 καί
489 1160 571 1205 τις
602 1144 743 1213 ἀνὴρ
790 1144 1129 1213 καλούμενος
1167 1144 1417 1215 Συμεὼν,
1476 1148 1739 1215 φρονήσει

184 1235 401 1303 βεϐηκὼς
437 1238 530 1289 καὶ
557 1237 644 1289 διὰ
676 1237 875 1306 πείρας
920 1238 997 1289 ὢν
1038 1238 1250 1291 πολλῶν
1281 1240 1649 1311 πραγμάτων,
1682 1240 1741 1302 ὃς

181 1323 239 1395 ἧν
265 1326 386 1397 πρὸς
412 1327 506 1380 τοῦ
537 1326 802 1396 βασιλέως
816 1328 1031 1391 σταλεὶς
1058 1330 1125 1383 δι’
1151 1331 1331 1383 αἰτίαν
1352 1332 1472 1384 τινὰ
1502 1328 1737 1401 χρειώδη

179 1418 273 1487 πρὸ
310 1418 501 1488 μικροῦ
530 1422 593 1489 τῇ
631 1419 958 1490 ubisi/napi.
987 1417 1055 1493 ἧς
1078 1420 1176 1473 νῦν
1210 1423 1311 1474 οὐκ
1340 1422 1638 1489 ἀναγκαῖον
1661 1424 1739 1475 εἰ·

178 1513 305 1562 πεῖν.
338 1510 557 1573 Τούτοις
588 1508 680 1564 οὖν
720 1512 840 1565 καθ’
883 1514 1121 1583 ἑκάστην
1154 1514 1319 1585 μέχρι
1362 1516 1471 1567 τῶν
1510 1516 1737 1585 ἡμερῶν

173 1602 254 1654 τοῦ
282 1601 520 1654 ἀπόπλου
573 1602 781 1671 συχνῶς
815 1603 1135 1672 ἐρχομένοις
1193 1604 1594 1673 ἀνεκοινώνησε
1636 1604 1737 1671 τὴν

170 1695 298 1746 κατὰ
348 1694 454 1746 τῶν
503 1694 811 1763 εἰρημένων
874 1696 1071 1765 βουλὴν
1113 1697 1142 1748 ὁ
1168 1696 1339 1760 δεινὸς
1370 1688 1525 1758 οὗτος
1556 1698 1729 1761 Λέων,

167 1787 326 1838 εἰπὼν
372 1786 509 1857 πρὸς
543 1788 761 1850 αὐτοὺς,
817 1786 902 1859 [Ρ.
942 1787 1071 1858 569]
1105 1788 1180 1851 ὡς
1232 1788 1374 1857 Ἐγὼ
1433 1786 1729 1856 ἀπεχθῶς,

168 1879 308 1947 φησὶ,
329 1880 653 1947 φερόμενος
689 1879 759 1943 ἐξ
777 1877 970 1946 ἀρχῆς
996 1878 1127 1933 καθ’
1153 1879 1321 1948 ὑμῶν
1349 1881 1463 1934 οὐκ
1496 1881 1737 1949 ἔκρινον

160 1970 370 2031 ζωῶσαι
397 1971 513 2023 τῶν
538 1973 811 2026 ἁλόντων
830 1971 1053 2025 οὐδένα
1070 1988 1083 2001 ·
1125 1974 1218 2037 τίς
1251 1972 1361 2043 γὰρ
1392 1974 1461 2027 ἐκ
1487 1973 1631 2028 Θεοῦ
1647 1992 1737 2043 μι-

158 2065 303 2130 σθὸς
349 2066 661 2133 πολεμίοις
716 2064 1015 2133 ἀνδράσιν
1059 2067 1130 2120 έν
1183 2067 1367 2135 καιρῷ
1412 2069 1591 2137 νίκης
1630 2070 1737 2123 τὸν

163 2157 412 2210 θάνατον
432 2158 790 2226 συγχωρεῖν,
820 2158 893 2212 ὃν
924 2160 1097 2213 αὐτοὶ
1124 2158 1369 2228 μᾶλλον
1390 2161 1737 2215 ἐτέκταινον

163 2248 506 2313 καθ’ὴμῶν;
536 2249 677 2302 ἀλλ’
729 2250 942 2317 ἐπειδὴ
981 2252 1151 2319 χρεία
1190 2269 1281 2318 τις
1330 2254 1575 2321 ἐπείγει,
1606 2256 1733 2308 καθ’

158 2340 236 2404 ἧν
276 2339 449 2393 ἐστιν
482 2340 817 2408 ἐπάναγκες
879 2342 1177 2411 ζωωθῆναι
1233 2345 1508 2412 τούτους,
1567 2347 1735 2414 ειπερ

155 2434 352 2486 αἰσίου
379 2433 548 2501 τύχοι
581 2434 687 2487 τοῦ
724 2434 999 2502 πέρατος,
1033 2436 1168 2504 περὶ
1196 2439 1412 2491 τούτου
1441 2441 1572 2493 καθ’
1597 2439 1735 2493 ἐαυ-

154 2523 291 2588 τοὺς
324 2524 493 2592 ὑμεῖς
530 2524 869 2593 σκέψασθε.
917 2529 1260 2597 Ἐπείγομαι
1314 2530 1423 2598 γὰρ
1469 2529 1584 2597 ἤδη
1627 2530 1734 2583 τοῦ

156 2617 361 2683 καιροῦ
385 2636 457 2685 με
490 2619 825 2685 καλοῦντος
858 2620 1007 2686 πρὸς
1068 2621 1184 2689 τὴν
1233 2621 1391 2675 ἰδίαν
1435 2622 1737 2675 ἀποπλεῖν

150 2709 424 2777 πατρίδα.
454 2712 727 2765 Δύνασθε
746 2708 861 2766 οὖν
887 2714 1349 2783 ἀντιποιηθῆναι
1382 2716 1609 2769 τούτων
1636 2716 1735 2769 ὅν-

147 2818 262 2854 των
285 2802 615 2857 διακοσίων
636 2805 745 2857 τὸν
774 2806 1027 2873 ἀριθμέν
1054 2806 1129 2860 δι’
1160 2807 1462 2877 ἐγγράφου
1491 2810 1732 2878 ἐγγύης,

145 2894 451 2959 ὠςλασεῑν
480 2893 638 2964 ἡμᾶς
663 2895 788 2949 ἀντ’
812 2896 1013 2949 αὐτῶν
1048 2898 1119 2951 ἐν
1145 2896 1226 2963 τῷ
1251 2899 1432 2967 καιρῷ
1464 2901 1573 2968 τῆς
1590 2918 1731 2953 κατ-

140 2986 423 3054 αλλαγῆς
451 2988 803 3057 ἰσαρίθμους
865 2990 1244 3059 Ἄγαρηνοὺς,
1272 2991 1480 3046 πεῖσαί
1518 3010 1581 3047 τε
1626 2994 1732 3046 τὸν

537 497 808 568 ’Δκριὸὦς
836 500 951 569 γὰρ
1013 500 1168 564 εἰδὼς
1220 503 1298 565 ὼς
1355 504 1492 572 μετὰ
1552 504 1747 572 μικρὸν

1850 506 2342 561 commutationem
2374 508 2491 563 fore
2528 508 2902 573 redimendos,
2936 511 3041 565 hoc
3070 528 3289 581 quoque
3340 529 3435 566 ex-

1850 599 2213 668 cogitaverat,
2253 616 2320 653 nc
2350 600 2403 653 hi
2456 610 2666 656 temere
2694 610 2749 656 et
2778 602 2935 671 quasi
2969 605 3204 657 oblatam
3237 614 3434 673 sponte

1848 690 2161 746 libertatem
2222 707 2719 763 consequeremur.
2758 696 2825 749 Et
2855 697 3141 751 considera
3175 699 3432 752 callidum

1848 782 2090 837 hominis
2144 786 2460 840 consilium.
2524 787 2891 841 Venientibus
2952 790 3098 842 enim
3152 792 3435 845 nonnullis

1846 883 1975 943 post
2023 875 2179 929 urbis
2232 876 2529 941 excidium,
2560 878 2654 946 qui
2710 880 2830 947 ejus
2878 888 3162 949 utcunque
3217 883 3432 936 ruinam

1844 978 2146 1033 casumque
2176 975 2490 1029 evaserant,
2523 981 2766 1036 suosque
2821 969 3073 1036 captivos
3103 970 3431 1025 redimenti-

1844 1052 1971 1119 bus,
2004 1070 2111 1109 una
2133 1070 2260 1109 cum
2285 1054 2686 1113 eis'advenerat
2717 1058 2801 1110 vir
2826 1059 2913 1114 cui
2950 1058 3205 1128 Symconi
3230 1078 3430 1116 nomen

1840 1154 1981 1205 erat.
2034 1146 2220 1199 adulta
2263 1147 2555 1214 prudentia
2594 1159 2650 1203 et
2696 1150 2993 1203 multarum
3044 1166 3227 1205 rerum
3264 1170 3431 1223 expc-

1842 1238 2040 1292 rientia
2082 1239 2337 1293 celebris.
2369 1240 2463 1293 lllc
2501 1242 2661 1309 paulo
2700 1250 2827 1296 ante
2856 1242 2924 1295 ab
2954 1244 3288 1311 imperatore
3328 1263 3427 1299 ne-

1839 1332 1971 1399 gotii
2001 1333 2290 1401 cujusdam
2324 1334 2624 1388 necessarii
2669 1350 2833 1389 causa
2862 1335 3067 1389 missus
3118 1336 3323 1400 fuerat,
3361 1340 3429 1393 de

1837 1438 1949 1491 quo
1976 1424 2115 1478 nihil
2145 1426 2643 1494 impraesentiarum
2669 1426 2856 1482 dicere
2893 1427 3147 1483 interest.
3187 1428 3283 1483 llis
3328 1430 3432 1483 ita-

1836 1528 1943 1583 que
1966 1513 2217 1581 quotidie
2240 1514 2650 1584 confertimque
2674 1516 2740 1570 ad
2772 1518 2998 1571 navium
3037 1534 3211 1589 usque
3238 1536 3423 1576 reces-

1838 1622 1959 1660 sum
2004 1608 2383 1671 venientibus,
2436 1609 2732 1663 consilium
2784 1626 2943 1665 suum
2996 1612 3265 1667 adversus
3316 1615 3427 1682 jam

1837 1698 2016 1754 dictos
2048 1700 2276 1755 immitis
2304 1701 2416 1756 Leo
2465 1702 2616 1757 hisce
2667 1705 3123 1759 communicavit.
3174 1706 3307 1774 Ego,
3351 1707 3430 1759 in-

1837 1791 1979 1860 quit,
2001 1808 2105 1862 quo
2138 1792 2192 1846 in
2216 1810 2303 1847 vos
2339 1794 2459 1848 odio
2496 1812 2526 1847 a
2563 1796 2821 1865 principio
2875 1797 3071 1849 excitus
3098 1814 3269 1860 eram,
3312 1810 3426 1850 sta-

1838 1892 2044 1939 tueram
2072 1888 2269 1940 nemini
2297 1890 2626 1956 captivorum
2650 1890 2769 1941 vita'
2800 1880 3192 1957 indulgentiam
3230 1891 3423 1959 facere.

1838 1976 1968 2042 Quae
1990 1980 2129 2033 enim
2152 1995 2214 2032 ea:
2239 1978 2349 2034 Deo
2372 1998 2567 2034 merces
2594 1988 2689 2046 est,
2715 1981 2946 2035 hostibus
2973 1981 3178 2049 favente
3205 1984 3427 2037 victoria
3518 2018 3525 2025 ο

1838 2079 2061 2123 mortem
2092 2071 2417 2130 condonare.
2466 2072 2556 2141 qui
2590 2072 2690 2141 ipsi
2719 2087 2837 2124 eam
2862 2073 2913 2124 in
2957 2088 3051 2125 nos
3073 2072 3254 2125 sedulo
3312 2091 3427 2126 ma-

1835 2159 2226 2213 chinarentur?
2265 2158 2397 2213 Cum
2453 2169 2632 2214 tamen
2668 2160 2872 2213 utilitas
2934 2161 3179 2230 quwdam
3214 2172 3423 2231 urgeat,

1836 2267 1942 2314 qua
1972 2268 2177 2305 necesse
2200 2253 2268 2306 sit
2294 2261 2348 2304 ut
2374 2255 2448 2306 sic
2469 2255 2571 2307 vivi
2605 2262 2897 2313 serventur,
2937 2254 3197 2323 siquidem
3245 2254 3418 2322 fortu-

1838 2351 2023 2393 natum
2044 2341 2206 2408 ﬁnem
2244 2360 2326 2397 res
2360 2346 2641 2406 sortiatur,
2664 2343 2728 2394 de
2760 2346 2855 2396 hoc
2898 2342 3157 2395 vobiscum
3202 2344 3301 2412 ipsi
3330 2345 3424 2396 de-

1839 2432 2082 2486 liberate.
2130 2433 2339 2487 Festino
2385 2436 2545 2497 enim,
2602 2446 2841 2503 poscente
2884 2436 3004 2503 jam
3060 2443 3311 2501 tempore,
3356 2435 3425 2487 ad

1838 2527 2052 2593 propria
2111 2542 2377 2579 remeare.
2428 2526 2490 2578 In
2546 2525 2883 2594 5751mm)
2941 2525 3125 2577 valetis
3173 2526 3421 2594 recipere.

1837 2633 1956 2668 cum
1990 2619 2042 2670 hi
2092 2620 2199 2670 sint
2238 2635 2455 2670 numero
2508 2619 2739 2681 ducenti,
2788 2617 2913 2684 ﬁdei
2951 2619 3191 2687 jussione
3229 2619 3425 2687 scripto

1845 2712 2179 2780 consignata,
2210 2729 2301 2764 nos
2328 2730 2422 2781 pro
2459 2715 2530 2763 eis
2555 2712 2980 2764 commutationis
3024 2721 3255 2780 tempore
3297 2714 3424 2762 toti-

1835 2802 1953 2855 dem
1986 2818 2048 2854 ea:
2082 2804 2275 2854 nostris
2303 2803 2610 2873 (Agarenos
2660 2799 2901 2869 scilicet)
2934 2809 3251 2868 recepturos,
3300 2816 3425 2851 sua-

1834 2912 2089 2965 surosque
2138 2896 2500 2949 Romanorum
2531 2901 2737 2963 sceptra
2783 2888 3081 2944 moderanti
3126 2901 3181 2943 ut
3218 2891 3421 2943 nullam

1836 2990 1947 3059 ejus
1987 2990 2061 3041 rei
2084 3006 2243 3042 causa
2264 2988 2663 3057 ambiguitatem
2687 2987 2894 3056 aﬂ‘erat,
2917 2985 3005 3037 sed
3028 2986 3105 3037 his
3124 2999 3242 3054 qua?
3266 2994 3422 3052 pacta

140 3081 483 3146 κρατοῦντα
538 3080 656 3136 τῶν
698 3082 998 3149 Ῥωμαίων
1030 3084 1097 3138 τὰ
1126 3084 1409 3153 σκῆπτρα
1433 3088 1731 3155 μηδεμίαν

1839 3100 1867 3136 a
1902 3082 2041 3136 vobis
2075 3090 2229 3134 erunt
2252 3097 2525 3135 assensum
2549 3079 2780 3147 prtebeat
2808 3079 2832 3131 ?
2863 3096 2931 3132 an
2959 3078 3119 3145 ﬁdem
3149 3077 3280 3129 dare
3311 3077 3422 3145 [or-

138 3175 271 3242 περί
304 3174 523 3227 τούτου
560 3175 924 3243 ἀμφιϐολίαν
968 3178 1155 3244 ἔχειν,
1196 3178 1355 3231 ἀλλὰ
1396 3179 1729 3233 συνθέσθαι

137 3268 238 3335 ὑφ’
277 3265 449 3335 ὑμῶν
473 3269 953 3338 πεπραγμένοις;
995 3270 1033 3339 ἢ
1070 3270 1413 3323 δεδίττεσθε
1457 3269 1574 3339 μὲν
1616 3272 1733 3340 τὴν

132 3359 368 3427 ἐγγύην
397 3360 478 3424 ὡς
503 3359 588 3427 μὴ
621 3362 692 3413 ἐν
729 3362 873 3430 ὑμῖν
913 3362 1198 3430 κειμένην
1220 3403 1235 3426 ,
1296 3362 1528 3429 ἄδηλον
1570 3364 1643 3416 ὒν
1680 3366 1733 3416 εὶ

134 3451 667 3519 ωραδεχθήσεται
696 3455 793 3505 ὑπ’
822 3455 1059 3508 ἐκείνου
1091 3455 1129 3522 ἢ
1157 3454 1266 3523 μὴ,
1316 3456 1384 3508 ἐν
1411 3455 1615 3508 οὐδενί
1665 3455 1733 3507 δὲ

130 3546 333 3596 τίθετε
355 3543 657 3597 τοσοῦτον
682 3545 877 3598 κακὸν
901 3583 916 3607 ,
944 3544 1161 3614 μικρᾶς
1187 3548 1522 3615 προθυμίας
1542 3546 1735 3618 μέγαν

128 3635 588 3705 προξενοῦντες
638 3636 763 3700 τοῖς
792 3639 1120 3706 ὁμοφύλοις
1174 3640 1281 3691 τὸν
1320 3639 1611 3706 ὄλεθρον;
1636 3641 1731 3691 Εἵ-

122 3744 290 3781 πατε
330 3724 451 3784 οὖν
509 3728 774 3795 ὁποτέρῳ
821 3730 1046 3782 τούτων
1092 3730 1406 3797 στοιχεῖτε,
1440 3731 1515 3782 ἵν’
1544 3731 1638 3783 ἑνί
1664 3747 1732 3798 γε

125 3821 246 3887 τὴν
281 3820 509 3889 ψῆφον
526 3819 742 3889 δῶμεν,
783 3820 820 3889 ἢ
845 3821 952 3875 τοῦ
981 3819 1207 3881 ζ’ωῶσαι
1236 3823 1273 3889 ἣ
1320 3822 1426 3875 τοῦ
1454 3821 1734 3876 ἀπαλλά-

121 3913 227 3975 {at
257 3914 521 3979 αὐτούς.
559 3914 618 3966 Ὀ
642 3912 735 3966 οὖν
767 3913 954 3984 ῥηθεὶς
990 3913 1239 3982 Συμεὼν,
1289 3914 1382 3966 ἆτε
1410 3913 1472 3983 δὴ
1494 3914 1603 3965 τῶν
1639 3914 1734 3967 ἄλ-

124 4004 236 4058 λων
269 4005 720 4075 προέχων.πρὸς
753 4005 916 4058 αὐτὸν
964 4004 1097 4074 ἔφη’
1147 4003 1289 4073 Ἐγὼ
1347 4006 1574 4070 ταύτην
1622 4004 1738 4071 τὴν

118 4097 369 4165 ἐγγύην
388 4097 580 4165 μόνος
606 4097 1032 4165 κατεγγυὼμαι,
1062 4097 1273 4164 σαφῶς
1298 4098 1469 4163 εἰδὼς
1502 4098 1567 4152 τὸ
1605 4099 1739 4168 περὶ

119 4190 341 4243 πάντα
368 4189 801 4259 φιλάνθρωπον
820 4192 927 4244 τοῦ
954 4193 1080 4245 καθ’
1104 4191 1264 4260 ἡμᾶς
1277 4192 1735 4261 αὐτοκράτορος,

117 4284 221 4334 καὶ
274 4283 368 4347 ὡς
406 4281 551 4349 δίχα
613 4283 800 4351 λόγου
854 4283 1084 4349 παντὸς
1149 4284 1469 4353 παρέξεται
1512 4287 1739 4339 τούτων

114 4373 376 4436 ἕνεκεν,
416 4373 488 4438 ἐξ
529 4368 616 4427 ὦν
641 4376 765 4442 ἕχει
804 4375 1068 4443 δεσμίων
1116 4376 1478 4445 Ἀγαρηνῶν,
1520 4380 1737 4433 τοσού-

1832 3174 2067 3236 midatis,
2102 3174 2255 3243 quasi
2289 3174 2463 3225 nonin
2486 3181 2655 3225 vestro
2683 3172 2785 3224 sita
2822 3171 3042 3223 arbitrio
3075 3172 3164 3231 sit,
3190 3186 3252 3221 ac
3276 3168 3421 3221 velut

1830 3269 2088 3321 incertum
2122 3266 2380 3327 habeatis,
2426 3265 2562 3317 sitne
2586 3264 2676 3317 ille
2716 3274 2893 3315 ratam
2919 3262 3192 3315 habiturus
3220 3261 3427 3313 necne?

1833 3376 2044 3429 remque
2069 3358 2227 3411 nihili
2271 3358 2473 3429 grande
2522 3358 2652 3410 adeo
2706 3358 2910 3409 malum
2958 3355 3183 3416 ducatis,
3217 3363 3423 3407 tantum

1829 3450 2026 3503 scilicet
2058 3448 2402 3519 papularibus
2424 3449 2630 3511 vestris,
2656 3448 2848 3500 minori
2871 3457 3041 3500 vestra
3066 3447 3120 3498 in
3143 3444 3266 3497 illos
3297 3444 3419 3497 ala-

1830 3542 2019 3594 critate
2040 3558 2103 3594 ac
2134 3542 2352 3610 pietate,
2376 3548 2721 3610 procurantes
2744 3541 3020 3591 interitum
3042 3538 3065 3591 ?
3094 3536 3239 3606 Ergo
3268 3538 3423 3589 dicite

1831 3644 2013 3687 utrum
2037 3634 2296 3703 probetis;
2330 3650 2433 3704 quo
2459 3650 2626 3687 unam
2659 3634 2715 3686 in
2741 3642 2949 3703 partem
2993 3631 3105 3683 lata
3134 3630 3419 3691 sententia,

1832 3728 1984 3783 hosce
2008 3726 2087 3781 vel
2106 3728 2212 3781 vita
2252 3728 2589 3797 susperstites
2615 3742 2879 3779 servemus
2911 3722 2993 3777 vel
3022 3723 3281 3775 victorum
3298 3721 3425 3790 jure

1833 3822 2278 3876 contrucidemus.
2326 3820 2483 3873 Tunc
2528 3818 2713 3872 dictus
2764 3818 3022 3887 Symeon,
3082 3823 3141 3868 ut
3174 3814 3268 3883 qui
3302 3813 3425 3867 aliis

1835 3914 2108 3983 dignitate
2158 3918 2470 3980 praestaret,
2512 3909 2578 3962 ad
2622 3924 2748 3961 eum
2778 3907 2901 3962 inﬁt
2932 3925 2944 3960 :
2984 3907 3125 3963 Unus
3162 3922 3252 3974 ego
3288 3910 3427 3957 hanc

1837 4008 1892 4058 in
1936 4021 2016 4059 me
2055 4006 2388 4071 sponsionem
2428 4001 2642 4069 recipio,
2685 4008 2741 4052 ut
2767 4001 2857 4070 qui
2906 3998 3295 4051 clementissimi
3323 3998 3425 4049 im—

1839 4095 2106 4167 peratoris
2135 4095 2188 4147 in
2214 4092 2454 4146 omnibus
2475 4092 2864 4145 humanitatem
2891 4089 3164 4159 explorate
3184 4105 3423 4157 comper-

1840 4199 1952 4244 tam
1994 4187 2235 4250 habeam,
2268 4186 2379 4254 fore
2409 4184 2659 4237 nimirum
2692 4191 2746 4235 ut
2778 4183 2912 4247 citra
2934 4196 3139 4233 omnem
3162 4180 3427 4246 discepta-

1842 4282 2039 4335 tionem
2056 4278 2407 4347 jurgiumque
2453 4282 2602 4328 tanto
2646 4288 2863 4326 numero
2920 4272 3116 4324 vinctos
3154 4269 3426 4339 Agarenos

1842 4370 2164 4433 contribuat,
2203 4376 2405 4439 quanto
2439 4376 2561 4421 sunt
2586 4380 2715 4436 quos
2754 4364 2836 4417 hic
2887 4364 2943 4416 in
2993 4362 3174 4433 spoliis
3225 4362 3426 4414 habetis

113 4482 271 4532 τους
310 4466 457 4519 ὅσοι
485 4467 583 4519 καί
625 4463 787 4522 οὗτοι
820 4467 1238 4535 τυγχάνουσιν
1266 4470 1463 4536 ὄντες·
1506 4472 1616 4536 οὒς
1637 4472 1736 4525 καὶ

1846 4464 2109 4533 captivos;
2135 4477 2263 4531 quos
2288 4476 2381 4529 ego
2413 4460 2521 4529 ipse
2557 4456 2779 4511 Tarsum
2808 4454 3095 4518 adducam,
3143 4461 3199 4505 ut
3244 4452 3297 4503 in
3344 4466 3427 4503 me

109 4558 328 4624 αὐτὸς
346 4556 467 4627 ἐγὼ
499 4558 571 4626 τῇ
599 4557 808 4628 Ταρσῷ
856 4558 1207 4628 διακομίσω,
1245 4561 1322 4613 ἵν’
1352 4562 1447 4615 ἐπ’
1472 4563 1600 4630 ἐμοὶ
1629 4564 1740 4617 πά·-

107 4654 226 4704 λιν
262 4653 352 4704 τὰ
378 4649 655 4718 περὶτῆς
709 4651 930 4720 ἐγγύης
962 4651 1147 4720 λυθῇ.
1200 4654 1299 4706 καὶ
1348 4653 1544 4722 μηδὲν
1594 4656 1742 4724 ἔχῃς

110 4745 257 4795 κατ’
287 4741 454 4811 ἐμοῦ
485 4742 824 4811 προφέρειν,
858 4743 1015 4796 ἐπὰν
1064 4743 1180 4812 τὴν
1224 4745 1483 4813 ὀφειλὴν
1514 4746 1743 4814 ἐνιπλη-

105 4831 339 4895 ρώσω.
369 4836 582 4889 Μόνον
619 4837 843 4904 τύχωσι
870 4836 988 4889 κᾶν
1016 4831 1185 4892 οὗτοί
1214 4854 1379 4903 τινος
1409 4839 1736 4907 σωτηρίας,

110 4923 223 4977 ἵνα
251 4926 695 4993 συλλέξαντες
722 4926 880 4996 ταφῇ
906 4925 1055 4981 δῶσι
1075 4926 1196 4982 τῶν
1220 4928 1639 4998 ἀποιχομένων
1670 4932 1741 4984 τὰ

108 5010 419 5080 σώματα,
470 5012 510 5068 ἀ
548 5014 649 5069 διὰ
692 5016 897 5083 πάσης
946 5016 1057 5084 τῆς
1098 5018 1331 5085 πόλεως
1370 5021 1615 5089 κείμενα
1642 5021 1743 5074 καὶ

107 5104 343 5159 αὐτὸν
382 5106 489 5160 τὸν
525 5106 672 5176 ἀέρα
709 5108 859 5177 πρὸς
892 5108 1116 5178 θρῆνον
1166 5110 1501 5179 ἐφέλκεται.
1557 5110 1744 5165 Ταῦτα

108 5196 396 5260 ἀκούσας
426 5201 455 5252 ὁ
482 5198 765 5269 κακοήθης
782 5201 1012 5264 ἐκεῖνος,
1044 5199 1322 5270 ἔγγραφὸν
1344 5217 1403 5252 τε
1429 5199 1627 5263 πείσας
1653 5200 1744 5253 τὸν

105 5289 310 5343 αὐτὸν
340 5293 568 5363 Συμεὼν
596 5294 692 5347 καὶ
717 5294 988 5364 ἐνώμοτον
1014 5296 1316 5365 παρασχεῖν
1339 5293 1430 5346 τὸν
1464 5293 1591 5363 περὶ
1639 5292 1747 5346 τῶν

1843 4573 2030 4610 rursus
2064 4548 2188 4623 [ἱόεί
2230 4555 2403 4625 jussio
2450 4550 2790 4615 dissolvatur,
2823 4547 3060 4617 nihilque
3090 4548 3145 4600 in
3175 4561 3256 4599 me
3300 4560 3427 4614 pro-

1846 4655 1986 4723 jerrs
2012 4651 2196 4721 possis,
2226 4657 2507 4719 postquam
2539 4645 2769 4698 debitum
2799 4641 3087 4697 exsolvero.
3119 4640 3347 4693 Tantum
3374 4637 3429 4690 hi

1843 4741 2019 4795 salute
2054 4739 2237 4810 aliqua
2296 4740 2592 4809 potiantur,
2640 4744 2699 4789 ut
2746 4735 3112 4805 defunctorum
3163 4733 3429 4785 cadavera

1850 4832 2157 4903 colligentes
2208 4829 2493 4901 sepultura:
2524 4828 2765 4890 tradant,
2792 4829 2906 4897 ipsa
2940 4834 3051 4880 tota
3101 4826 3226 4879 urbe
3254 4825 3433 4895 proje-

1849 4934 1935 4978 cta
1960 4926 2235 4994 ipsumque
2256 4938 2434 4975 aerem
2466 4921 2582 4973 diro
2608 4921 2682 4973 rei
2703 4927 2977 4989 conspectu
3000 4918 3069 4973 ad
3098 4918 3294 4972 luctum
3319 4926 3434 4969 tra-

1851 5017 2054 5070 hentia.
2100 5016 2197 5069 His
2227 5013 2600 5083 nequissimus
2646 5012 2736 5067 ille
2769 5012 2993 5075 auditis,
3026 5025 3299 5079 suasoque
3330 5007 3432 5080 Sy-

1852 5123 2049 5163 meone
2081 5115 2142 5161 ut
2164 5114 2320 5176 pacta
2354 5106 2444 5161 illa
2480 5105 2689 5175 scripto
2716 5104 3037 5174 consignata
3064 5101 3430 5172 jurejurando

1855 5199 2123 5263 ﬁrmaret,
2157 5198 2323 5269 576
2354 5213 2547 5253 omnes
2590 5197 2715 5252 illus
2762 5196 2856 5267 qui
2911 5212 2978 5251 ex
3020 5194 3181 5249 nobis
3219 5195 3431 5264 justum

1857 5308 2153 5349 numerum
2185 5291 2524 5348 excedebant
2552 5290 2757 5345 dimitti
2793 5288 3088 5345 mandavit.

110 5386 444 5458 συνθηκῶν
474 5390 681 5442 τούτων
710 5389 889 5458 λόγον,
908 5389 1246 5460 ἀπολυθῆναι
1272 5390 1484 5452 πάντας
1519 5388 1767 5453 ἐκείνους
1802 5390 1929 5454 τοὺς
1960 5390 2021 5455 ἐξ
2058 5389 2214 5461 ήμῶν
2242 5388 2703 5461 περιττεύσαντας
2735 5387 2935 5457 ἄνδρας
2966 5385 3287 5455 ἐπέτρεψεν.

1483 5631 1713 5688 ΥΑἰίἰιΕ
1751 5630 2156 5689 LECTIONES.

187 5774 241 5811 ⁸ο
308 5773 722 5846 συμπορίσαιτο
765 5771 825 5825 Ρ.
