3962 6200
463 200 530 208 Δ.,...-
567 197 638 205 -ιμ

230 265 319 330 ῦῙῚ

1282 264 1378 324 DE
1422 264 1732 324 EXCIDIO
1762 264 2373 327 THESSALONICEE.

3362 239 3478 332 618'

287 378 386 446 ξςῖ
416 379 556 450 Ἤδη
587 379 644 431 δὲ
668 379 709 410 ⁸⁷
737 376 831 431 τοῦ
852 377 1026 442 ,πλοὸς
1058 378 1320 449 ἄρχεσθαι
1355 379 1606 450 μέλλουσι
1631 378 1788 450 στρέ-

1963 379 2128 452 578
2167 381 2256 437 66.
2288 381 2428 436 Dum
2459 396 2591 436 vero
2627 379 2739 454 jam
2796 377 3200 454 navigationem
3250 397 3464 454 parant,

229 474 342 534 ὅλας
375 471 526 534 τινὰς
554 468 640 541 [Ρ.
672 469 799 542 571]
831 472 943 532 τοῖς
971 471 1096 522 ποσὶ
1127 471 1292 522 πᾶσιν
1324 472 1454 540 ἡμῖν
1508 470 1788 534 ἐπιθέντες

223 565 264 614 υἱ
290 561 579 631 Βάρϐαροι,
606 559 778 622 οὕτως
814 562 934 613 καθ’
957 558 1052 612 ἕνα
1076 563 1194 624 ταῖς
1222 562 1408 613 ναυσὶν
1429 560 1619 632 ὥσπερ
1652 561 1790 629 ἄψυ-

223 656 304 723 χόν
330 671 446 706 τινα
469 653 845 706 διεστοίδασαν
877 652 1031 721 ὓλην,
1067 653 1142 723 μὴ
1178 653 1468 717 ἐνδιδόντες
1499 655 1600 707 κᾶν
1637 655 1788 706 ἐλεύ-

225 748 364 816 θερον
393 746 653 800 ἀναπνεῖν
704 745 794 796 τὸν
827 745 984 815 ἀέρα,
1046 745 1182 800 ἀλλὰ
1216 749 1309 799 καὶ
1349 745 1537 799 τοῦτον
1567 749 1631 817 τῇ
1663 763 1788 799 συν-

224 840 363 910 εχείᾳ
391 839 485 891 τοῦ
517 839 757 910 πνιγμοῦ
797 839 1279 910 συναπείργοντες.
1311 839 1468 894 Οὖτω
1498 841 1604 911 γὰρ
1641 842 1788 911 ἡμᾶς

223 931 275 984 ὲν
304 930 549 1002 ἀλλήλοις
582 930 925 999 ἑπισυνῆψαν
954 931 1030 994 ὡς
1059 931 1117 982 ἒν
1163 931 1534 984 ἀδιάσπαστον
1556 930 1787 1002 ὁρᾶσθαι

225 1022 369 1092 σῶμα
395 1023 494 1092 τὴν
526 1020 736 1092 πληθὺν
777 1023 1017 1086 ἃπασαν,
1055 1023 1177 1094 μηδ’
1204 1023 1339 1086 ὅλως
1367 1023 1718 1094 διισταμένην
1753 1026 1784 1097 ἢ

221 1115 636 1186 ἁπεῤῥηγμένην
658 1113 757 1183 τῆς
784 1114 1040 1184 συνεχοῦς
1074 1115 1292 1184 ἐκείνης
1317 1115 1610 1186 πιλήσεως.
1647 1116 1786 1168 Ἀλλ’

221 1210 392 1278 ἐπειδὴ
417 1209 556 1261 κατᾶ
587 1208 738 1260 δύσιν
763 1209 790 1260 ὁ
816 1208 965 1277 ἥλιος
1001 1203 1070 1278 ἦν
1105 1209 1200 1260 καὶ
1237 1207 1374 1278 πρὸς
1403 1209 1494 1260 τὸν
1539 1225 1788 1278 νυκτερι-

219 1301 299 1352 νὸν
328 1299 522 1367 γνόφον
557 1299 718 1368 ἔληγε
760 1299 821 1351 τὸ
871 1299 986 1368 φῶς
1016 1297 1116 1366 τῆς
1164 1299 1401 1369 ἡμέρας,
1437 1298 1704 1351 ἐπινίκιόν
1734 1315 1785 1350 τι

219 1393 366 1461 μέλος
391 1395 503 1454 τοῖς
521 1407 580 1443 τε
612 1390 911 1460 κυμϐάλοις
935 1391 1026 1442 καὶ
1048 1392 1352 1460 τυμπάνοις
1374 1383 1789 1460 ἀποκρουσάμε-

215 1501 307 1545 νοι,
340 1483 433 1536 καὶ
466 1481 552 1534 τὸν
581 1483 721 1553 ὑπὲρ
755 1483 995 1550 κεφαλὰς
1034 1483 1080 1514 ’⁸
1113 1483 1248 1552 ἀέρα
1281 1486 1402 1547 ταῖς
1449 1485 1538 1538 διὰ
1579 1483 1686 1536 τῶν
1711 1483 1788 1549 ξι-

214 1575 321 1644 φῶν
352 1573 593 1646 ριπίσεσι
625 1572 1155 1643 περιαστράψαντες,
1185 1573 1359 1636 οὕτως
1397 1574 1536 1643 μετὰ
1565 1574 1789 1641 βαθεῖαν

212 1671 444 1738 ἑσπέραν
496 1667 709 1736 ἄσημόν
742 1684 863 1720 τινα
916 1667 1012 1718 καὶ
1078 1668 1286 1736 τραχὺν
1331 1665 1646 1736 ἀλαλαγμὸν
1681 1666 1782 1718 ὲπ-

211 1764 434 1833 αφέντες
455 1761 663 1823 καὶτὰς
678 1760 925 1831 ἀγκύρας
950 1761 1057 1813 τῶν
1087 1760 1230 1831 νηῶν
1250 1761 1666 1824 ἀνασπάσαντες
1688 1760 1786 1832 τῆς

208 1858 306 1926 γῆς
341 1855 756 1926 ἀπεδίδρασκον,
788 1851 896 1908 τΗν
922 1855 976 1907 δὲ
1004 1855 1222 1907 ἀκούειν
1245 1856 1392 1919 ὅπως
1414 1856 1589 1926 ἡσυχῆ
1625 1857 1786 1926 μόνον

207 1951 263 2002 τὸ
298 1947 499 2016 πλῆθος
530 1945 997 2015 κατεστενάζομεν
1032 1947 1134 2016 τῆς
1183 1947 1458 2017 πατρίδος,
1499 1948 1593 2001 καί
1615 1947 1717 2001 πού
1742 1949 1785 1980 ¹⁹

206 2058 322 2094 τινα
348 2040 485 2110 πρὸς
516 2039 606 2091 τὸν
653 2038 783 2091 Θεὸν
813 2040 870 2091 ὲν
895 2038 971 2108 τῷ
994 2039 1192 2105 ἀφανεῖ
1225 2038 1322 2108 τῆς
1347 2037 1526 2110 ψυχῆς
1555 2039 1787 2102 ἕκαστος

209 2135 238 2203 η
249 2133 361 2202 μῶν
391 2133 544 2202 ἠφίει
574 2132 777 2203 φωνὴν,
805 2132 952 2194 ὅσοις
1000 2131 1064 2184 ἂν
1095 2129 1256 2194 αὐτὸς
1290 2129 1532 2200 βούλοιτο
1568 2131 1789 2184 παιδευ-

207 2229 373 2290 τικοῖς
403 2229 724 2296 πειρασμοῖς
755 2226 1125 2296 ὁμιλήσαντας
1151 2226 1243 2278 καὶ
1268 2224 1428 2277 πάλιν
1452 2223 1788 2293 ἀποδοθῆναι

208 2325 269 2392 τῇ
317 2319 662 2392 θρεψαμένῃ,
721 2322 815 2372 καὶ
864 2321 940 2389 μὴ
993 2321 1073 2382 είς
1124 2319 1277 2381 τέλος
1329 2317 1788 2387 ἐγκαταλειφθέν-

206 2429 297 2474 τας
325 2409 648 2463 ἀνέλπιστον
680 2409 826 2480 ἔχειν
879 2410 978 2480 τὴν
1012 2411 1076 2462 ὲκ
1121 2410 1228 2462 τῶν
1260 2407 1577 2460 λυπούντων
1608 2407 1786 2461 ἁπαλ-

207 2503 399 2572 λαγήν.

275 2592 374 2657 ξξ⁹⁸
416 2590 503 2654 Ὠς
533 2590 590 2644 δὲ
621 2588 714 2643 τοῦ
760 2591 908 2643 πλεῖν
943 2590 1045 2661 ἢδη
1079 2591 1212 2660 πρὸς
1246 2589 1442 2661 ὄρθρον
1481 2587 1649 2658 οΰσης
1690 2588 1788 2658 τῆς

205 2687 397 2748 νυκτὸς
430 2683 816 2756 ἀπηρξάμεθα,
837 2678 950 2755 εἶχε
983 2685 1080 2754 μὲν
1102 2685 1248 2754 ἡμᾶς
1275 2684 1369 2736 καὶ
1393 2681 1568 2736 ἄλλων
1596 2681 1789 2752 δυσχε-

207 2780 315 2852 ρῶν
337 2779 553 2846 ἀνάγκη
585 2775 821 2842 πολλῶν,
853 2774 947 2829 τοῦ
975 2774 1158 2845 λιμοῦ,
1190 2775 1288 2844 τῆς
1318 2773 1498 2845 δίψης,
1526 2772 1623 2838 τῆς
1659 2787 1790 2856 quv-

200 2873 388 2942 εχείας
419 2873 446 2924 ὁ
477 2869 848 2941 ὑπωπιασμδς
877 2870 992 2941 (καὶ
1022 2868 1128 2940 γὰρ
1158 2867 1298 2921 κατὰ
1337 2867 1509 2938 μόνην
1532 2866 1630 2937 τὴν
1659 2864 1789 2919 ναῦν

202 2960 332 3016 ἔνθα
367 2957 510 3032 ἦμεν
567 2963 729 3031 ἡμεῖς
782 2960 1121 3013 ὀκτακοσίων
1173 2957 1536 3028 αἰχμαλώτων
1602 2954 1790 3030 ψυχῶν

200 3054 440 3126 ἀριθμὸς
461 3049 552 3124 ἦν,
591 3053 712 3123 δίχα
735 3053 844 3105 τῶν
882 3053 940 3104 ὲν
971 3051 1107 3121 αὐτῇ
1146 3050 1467 3121 Βαρὸἀρων,
1501 3048 1790 3102 διακοσίων

201 3146 297 3199 καὶ
329 3143 509 3198 αὐτῶν
535 3143 754 3214 ὅντων),
811 3143 946 3213 πρὸς
978 3142 1185 3206 τούτοις
1218 3142 1275 3194 δὲ
1310 3143 1402 3194 καὶ
1448 3142 1557 3196 τῶν
1591 3141 1786 3212 κομιδῇ

199 3239 416 3308 νηπίων
462 3239 495 3309 ἠ
534 3236 743 3307 ἐλεεινὴ
781 3236 876 3308 βοὴ
911 3235 1179 3307 μηδαμῶς
1232 3235 1549 3304 δυναμένων
1604 3236 1790 3306 φέρειν

198 3333 313 3386 τῶν
355 3329 648 3402 μοχθηρῶν
699 3331 800 3402 τὴν
839 3330 1112 3394 ἐπίτασιν,
1150 3329 1263 3381 ἄλλ’
1296 3329 1447 3383 οὐδὲν
1477 3329 1510 3401 ἢ
1543 3329 1588 3359 ’⁸
1620 3329 1790 3383 θάνα-

203 3442 296 3478 τον
323 3426 507 3486 αὐτοῖς
532 3423 962 3477 ὲπισπεύδουσαν
993 3424 1192 3492 ἄωρον.
1220 3421 1397 3478 Πλείω
1430 3421 1487 3475 δὲ
1511 3423 1728 3475 πάντων
1756 3422 1790 3489 ἡ

203 3519 350 3572 κατὰ
381 3502 795 3586 τὴνηγαστέρα
826 3516 1008 3588 χρεία,
1036 3511 1103 3587 ἧς
1133 3517 1232 3570 οὐκ
1257 3512 1323 3587 ἦν
1350 3515 1622 3587 μηδεμίαν
1656 3512 1789 3584 μέθ-

197 3611 320 3664 οδον
349 3611 621 3680 ὲφευρεῖν,
653 3609 750 3676 τῆς
782 3609 1015 3677 φυσικῆς
1071 3608 1315 3677 ἀνάγκης
1356 3609 1788 3677 κατεπειγούσης

200 3701 340 3772 πρὸς
389 3701 490 3771 τὴν
528 3699 792 3764 διέξοδον·
844 3698 940 3772 τὴν
972 3699 1081 3771 γὰρ
1115 3700 1249 3754 αἰδὼ
1310 3699 1405 3752 τοῦ
1463 3701 1788 3772 πράγματος

199 3792 392 3845 πολλοὶ
429 3791 804 3861 προτιμῶντες
840 3792 932 3844 καὶ
957 3793 1244 3862 καρτερεῖν
1270 3793 1368 3863 τὴν
1404 3793 1523 3862 βίαν
1559 3791 1634 3862 μὴ
1663 3791 1786 3843 σθέ-

199 3902 387 3948 νοντες
425 3884 633 3955 συχνῶς
689 3882 1067 3938 ἐκινδύνευσαν
1100 3889 1166 3938 ’⁸.
1230 3884 1375 3954 Πλὴν
1430 3885 1526 3954 τῆς
1574 3884 1789 3954 ἡμέρας

200 3975 521 4046 ἀρχομένης
554 3974 645 4028 τὸν
671 3974 893 4044 ἀγκῶνα
939 3973 1432 4044 παραπλεύσαντες
1460 3973 1553 4028 τοῦ
1592 3972 1788 4044 ρηθὲνο

198 4084 293 4130 τος
330 4067 376 4098 ’³
427 4063 706 4126 Ἐκδόλου,
759 4064 1075 4136 ἀνήχθημεν
1106 4067 1231 4136 περὶ
1257 4064 1435 4136 δείλην
1465 4064 1686 4134 βαθεῖαν
1712 4064 1788 4126 εἷς

197 4176 326 4211 τινα
359 4159 526 4210 τόπον
566 4155 767 4209 Βολεὺν
823 4157 1178 4228 καλούμενον,
1223 4156 1350 4211 ἔνθα
1406 4158 1547 4220 τινὲς
1607 4147 1802 4220 ἱππεῖς

199 4251 487 4320 ἐφάνησαν
519 4249 625 4301 ἀπὸ
655 4249 754 4318 τῆς
786 4249 1210 4320 γῆς’ἐρχὸμενοι
1244 4250 1380 4320 πρὸς
1411 4250 1580 4318 ἡμᾶς.
1629 4245 1789 4302 Οὗτοι

197 4342 258 4396 δὲ
279 4339 429 4413 ἦσαν
463 4341 512 4393 οἱ
549 4341 645 4393 καὶ
679 4341 868 4411 πρώην
917 4341 974 4395 ὲν
1019 4344 1085 4411 τῇ
1129 4341 1281 4394 πόλει
1328 4341 1785 4412 παραγενόμενοι,

1819 3096 1860 3154 C

1896 473 2054 527 tortis
2083 473 2413 543 quibusdam
2446 490 2509 530 ac
2535 474 2725 529 cuneis
2749 481 2999 528 nostrum
3030 474 3276 530 omnium
3308 477 3466 547 pedi-

1892 565 1996 618 bus
2029 566 2322 635 impositis,
2351 568 2432 622 sic
2462 583 2628 622 unum
2661 573 2785 637 post
2833 565 3000 621 alium
3030 567 3181 623 velut
3226 569 3470 626 inanime

1891 657 2166 727 quoddam
2195 659 2408 728 pondus
2455 659 2678 714 Barbari
2719 660 2952 715 navibus
2984 663 3318 732 constipant,
3367 679 3497 718 nec.

1890 751 1976 806 vel
2029 751 2206 806 libero
2253 767 2380 807 aere
2422 753 2701 822 respirare
2746 753 3133 820 concedentes,
3169 754 3265 810 sed
3322 755 3473 810 hunc

1890 858 2112 913 quoque
2137 844 2400 898 continua
2439 843 2803 900 suli‘ocatione
2832 845 3142 902 trudentes.
3190 846 3279 906 Sic
3323 848 3469 904 enim

1889 935 2026 988 alios
2061 935 2184 989 aliis
2233 935 2633 1003 astrinxerunt,
2661 946 2723 993 ut
2753 937 2936 993 omnis
2971 938 3270 995 multitudo
3301 956 3472 994 unum

1891 1027 2226 1082 indivulsum
2261 1029 2834 1098 corpus-videremur,
2872 1032 3021 1087 nulla
3049 1047 3279 1102 prorsus
3312 1049 3473 1102 sepa-

1891 1122 2108 1175 ratione
2161 1119 2498 1190 disjunctum
2537 1131 2634 1176 aut
2662 1136 2693 1175 a
2740 1121 3001 1176 continua
3053 1121 3154 1176 illa
3199 1122 3476 1193 constipa-

1893 1211 2039 1266 tione
2078 1213 2394 1282 abruptum.
2431 1212 2568 1278 Quia
2617 1228 2751 1268 vero
2787 1212 2921 1267 solis
2945 1213 3058 1284 jam
3108 1228 3308 1268 occasu
3360 1211 3474 1269 diei

1889 1305 1984 1362 lux
2016 1305 2071 1359 in
2119 1305 2299 1360 noctis
2329 1307 2586 1362 tenebras
2627 1321 2693 1361 ac
2721 1304 3012 1378 caliginem
3055 1306 3191 1370 ibat,
3227 1305 3476 1362 victoria:

1891 1397 2065 1451 melos
2097 1397 2378 1467 quoddam
2403 1413 2529 1452 cum
2560 1397 2826 1469 cymbalis
2849 1407 3015 1466 atque
3044 1399 3320 1468 tympanis
3343 1399 3471 1468 pul-

1890 1497 2096 1555 santes,
2151 1505 2448 1560 acremque
2498 1490 2772 1561 capitibus
2826 1490 3060 1546 aﬂ‘usum
3108 1491 3326 1548 ensium
3361 1491 3475 1546 cir-

1890 1581 2284 1637 cumductibus
2313 1582 2722 1649 collustrautes,
2752 1584 2835 1639 sic
2868 1584 2937 1638 ad
2965 1584 3193 1639 multam
3256 1593 3477 1640 noctem

1892 1674 2177 1731 incondito
2202 1675 2593 1746 borrendoque
2625 1677 2838 1732 ululatu
2873 1677 3142 1747 producto
3182 1687 3349 1748 atque
3373 1694 3474 1733 an-

1894 1767 2040 1822 coris
2069 1767 2306 1822 navibus
2335 1767 2543 1823 avulsis
2571 1783 2602 1822 e
2634 1777 2780 1824 terra
2809 1768 3192 1840 profugerunt.
3216 1769 3478 1826 Audisses

1893 1857 2310 1914 multitudinem
2343 1858 2543 1928 partim
2575 1858 2741 1915 tacite
2793 1859 2972 1914 solum
2998 1860 3235 1931 patriam
3267 1861 3474 1934 gemitu

1894 1951 2207 2022 deplorare,
2236 1953 2434 2022 partim
2465 1960 2717 2008 nostrum
2753 1953 3059 2022 quemlibet
3091 1952 3148 2007 in
3171 1953 3355 2008 cordis
3387 1970 3477 2010 oc-

1895 2044 2046 2098 culto
2086 2044 2249 2098 missa
2291 2043 2361 2097 ad
2399 2044 2572 2098 Deum
2602 2059 2739 2099 voce
2790 2044 3125 2116 supplicare,
3174 2053 3235 2100 ut
3267 2043 3474 2116 quibus

1895 2134 1998 2205 ipsi
2024 2135 2242 2200 liberet,
2258 2134 2419 2190 malis
2441 2135 2739 2191 salubriter
2760 2135 3056 2207 castigatos
3079 2135 3262 2190 denuo
3287 2135 3479 2205 patrias

1896 2227 2173 2293 redderet,
2208 2243 2388 2299 neque
2414 2227 2471 2282 in
2509 2227 2673 2284 linem
2711 2227 2975 2285 deserens
3021 2228 3170 2283 nulla
3201 2243 3298 2299 spe
3338 2229 3479 2284 libe-

1897 2319 2127 2375 rationis
2151 2320 2206 2374 in
2239 2320 2347 2376 illis
2373 2320 2582 2376 versari
2614 2320 2668 2376 iii
2698 2329 3027 2393 perpetuum
3059 2321 3288 2378 sineret.

1966 2589 2053 2647 67.
2096 2591 2167 2652 Ut
2219 2592 2332 2663 jam
2388 2596 2574 2646 autem
2621 2587 2866 2643 diluculo
2916 2587 3274 2658 discussaque
3317 2597 3481 2644 nocte

1898 2687 2154 2757 navigare
2209 2684 2514 2756 coepimus,
2556 2691 2671 2737 tum
2733 2683 2839 2736 alia
2891 2697 2994 2740 nos
3050 2697 3271 2753 quoque
3318 2682 3481 2752 plura

1897 2778 2039 2834 mala
2097 2776 2487 2842 conficiebant,
2541 2775 2723 2838 famis.
2778 2775 2921 2838 sitis,
2977 2774 3095 2843 ipsa
3137 2771 3482 2844 compressio

1897 2888 2074 2942 exque
2109 2887 2171 2927 ea
2203 2872 2484 2943 sugillatio
2525 2871 2604 2942 (in
2644 2885 2753 2924 una
2795 2869 2942 2925 enim
2984 2867 3074 2923 illa
3098 2867 3246 2933 navi,
3281 2865 3336 2923 in
3372 2883 3481 2939 qua

1898 2978 1999 3017 nos
2035 2962 2373 3017 vehebamur
2396 3000 2412 3023 ,
2450 2959 2614 3032 579
2667 2958 2734 3014 ad
2775 2959 3089 3031 octingenta
3136 2957 3480 3028 Captivorum

1898 3055 2078 3124 capita
2112 3053 2505 3119 censebantur,
2528 3061 2731 3124 praeter
2751 3049 3046 3115 Barbaros,
3077 3049 3173 3122 qui
3202 3051 3307 3122 ipsi
3331 3049 3386 3106 in
3416 3065 3480 3107 ea

1895 3145 2120 3201 ducenti
2165 3146 2370 3218 erant),
2412 3157 2531 3202 tum
2582 3154 2848 3216 praeterea
2885 3141 3290 3200 infantulorum
3314 3157 3480 3200 voces

1894 3249 2060 3308 atque
2122 3236 2414 3302 clamores,
2467 3235 2618 3290 nulla
2662 3233 2877 3288 ratione
2914 3233 3026 3287 vim
3061 3240 3268 3287 tantam
3308 3230 3482 3287 malo-

1896 3346 2018 3385 rum
2050 3329 2193 3385 ferre
2228 3326 2555 3393 valentium,
2604 3341 2668 3382 ac
2698 3323 2904 3396 quibus
2937 3322 3088 3378 aliud
3138 3323 3275 3380 nihil
3312 3339 3478 3393 quam

1896 3439 2046 3478 mors
2105 3423 2403 3477 immatura
2475 3417 2543 3473 iis
2610 3416 2984 3474 celerabatur.
3053 3415 3161 3472 Sed
3231 3413 3484 3478 omnium.

1896 3515 2131 3572 maxime
2177 3511 2446 3573 enecabat
2493 3508 2599 3564 alvi
2652 3503 2942 3572 resolutio,
2994 3507 3085 3562 cui
3135 3522 3271 3564 sane
3323 3505 3480 3562 nullo

1897 3609 2143 3666 remedio
2193 3606 2412 3661 occurri
2447 3613 2688 3675 poterat,
2739 3601 2978 3657 naturali
3031 3601 3359 3661 necessitate
3388 3616 3478 3656 re-

1894 3707 2176 3756 crementa
2216 3697 2365 3750 foras
2392 3695 2725 3765 expellente.
2779 3691 2939 3747 Mulli
2982 3690 3328 3761 namque‘rei
3360 3689 3479 3762 ipsa

1893 3793 2226 3848 necessitate
2259 3789 2523 3860 pudorem
2553 3786 2727 3857 pluris
2757 3783 3043 3848 facientes,
3072 3799 3176 3840 nec
3209 3783 3322 3838 vim
3351 3781 3481 3839 toleo

1895 3898 2018 3937 rare
2047 3883 2315 3943 valentes,
2347 3876 2493 3932 haud
2526 3890 2650 3930 raro
2687 3875 2742 3928 in
2782 3873 3080 3928 discrimen
3127 3871 3480 3930 adduceban-

1896 3983 2003 4027 tur.
2065 3963 2336 4026 Czeterum
2386 3967 2534 4022 clara
2587 3967 2698 4035 jam
2751 3963 2874 4020 luce
2936 3965 3226 4020 memorati
3282 3963 3475 4019 Ecboli

1895 4067 2016 4120 sinu
2046 4060 2526 4135 przeternavigato,
2571 4069 2627 4113 et
2669 4057 2725 4111 in
2768 4073 2956 4112 serum
2987 4047 3279 4127 vesperum
3305 4054 3479 4110 decli-

1895 4167 2061 4212 nante
2106 4155 2218 4226 jam
2251 4151 2628 4221 die,‘;’,Bolbum
2665 4161 2826 4219 quem
2858 4156 3057 4202 vocant
3085 4145 3477 4220 pervenimus;

1896 4263 2005 4321 quo
2046 4248 2169 4302 loco
2223 4242 2478 4300 nonnulli
2541 4242 2757 4312 equites
2830 4239 2898 4294 ad
2958 4255 3060 4294 nos
3122 4249 3479 4294 accesserunt

1896 4347 2073 4409 (erant
2116 4337 2174 4393 hi
2215 4336 2310 4408 qui
2341 4346 2398 4392 et
2437 4344 2600 4390 antea
2638 4331 2694 4388 in
2732 4331 2925 4387 urbem
2965 4331 3257 4399 venerant)
3283 4328 3480 4385 'cerlas

198 4436 378 4505 ῥητὰς
432 4450 583 4493 τινας
616 4436 879 4502 γυναῖκας
928 4433 1242 4502 ὠνήσασθαι
1302 4433 1565 4500 θέλοντες,
1612 4434 1674 4497 ἃς
1723 4433 1788 4486 τὸ

1896 4431 2156 4504 quasdam
2189 4439 2470 4483 matronas
2499 4423 2838 4494 redempturi
2863 4441 2878 4490 ;
2916 4433 3052 4494 quas
3073 4413 3296 4476 Barbari
3324 4428 3478 4476 actu-

195 4528 373 4597 τάχος
401 4527 450 4578 oi
474 4524 751 4597 Βάρσαροι
779 4525 886 4578 τῶν
931 4525 1076 4594 νηῶν
1108 4523 1480 4592 ἐξενεγκόντες
1511 4526 1790 4591 ἀπέδοντο,

197 4620 345 4672 πολὺ
382 4620 605 4690 χρυσίον
645 4620 787 4690 ὑπὲρ
822 4621 872 4650 ⁸⁵
895 4616 1077 4672 αὐτῶν
1124 4619 1508 4688 κομισάμενοι.
1553 4617 1794 4671 Ἐκεῖθεν

193 4711 255 4764 δὲ
302 4711 474 4764 πάλιν
523 4711 852 4781 ἀναχθέντες
910 4709 1232 4781 κατήραμεν
1273 4711 1400 4778 περὶ
1440 4711 1507 4762 τὰ
1537 4710 1665 4778 τέλη
1695 4710 1795 4778 τῆς

195 4802 377 4870 νήσου
437 4802 538 4871 τῆς
590 4801 936 4871 καλουμένης
996 4801 1315 4871 Παλλήνης·
1357 4801 1449 4852 καί
1483 4817 1534 4852 τι
1599 4799 1793 4869 μικρὸν

194 4893 391 4944 ἐκεῖσε
447 4891 952 4963 καθησυχὰσαντες,
1010 4891 1103 4945 τού
1139 4891 1448 4962 πνεύματος
1485 4891 1792 4961 ἐπιτηδείου

191 4984 554 5054 ὑπάρχοντος
581 4986 674 5036 καὶ
707 4979 865 5046 αὖθις
894 4985 1030 5054 πρὸς
1067 4985 1308 5054 ἑσπέραν
1340 4982 1695 5052 ἐσπάσθησαν
1729 4982 1798 5034 τὰ

193 5077 382 5140 ἱστία,
419 5076 456 5130 ἃ
484 5078 576 5128 καλ⁵
603 5077 1016 5148 διαπρησθέντα
1053 5080 1122 5148 τῇ
1149 5077 1484 5147 σφοδροτάτη
1524 5077 1674 5147 ῥύμῃ
1701 5074 1795 5127 τοῦ

186 5169 526 5239 πνεύματος
553 5166 688 5241 ἦγον
734 5171 883 5240 ἡμᾶς
915 5167 1255 5239 φερομένους
1295 5170 1381 5240 [Ρ.
1407 5168 1538 5239 57⁸2]
1577 5167 1794 5237 βιαίως,

182 5261 312 5322 ἓως
353 5261 453 5328 τῆς
478 5260 673 5329 ἑφεξῆς
707 5259 750 5294 ⁸³
779 5259 900 5312 κατ’
935 5260 1110 5330 ἀρχὰς
1141 5259 1349 5329 ἡμέρας
1381 5257 1684 5328 εὑρέθημεν
1714 5257 1794 5319 εἴς

183 5369 340 5404 τινα
365 5353 530 5405 τόπον
559 5353 607 5383 ’⁸
639 5353 975 5423 Διαδρόμους
1025 5351 1173 5422 παρὰ
1202 5353 1309 5402 τῶν
1355 5349 1793 5418 ναυτιλλομένων

180 5443 641 5513 ὀνομαζόμενον,
665 5443 756 5498 δύο
792 5445 890 5514 μὲν
921 5443 1112 5513 ἔχοντα
1135 5443 1332 5514 νήσους
1362 5440 1709 5510 ἁμφιμήκεις
1736 5440 1792 5504 ἐξ

1896 4535 2012 4579 tum
2068 4519 2306 4576 navibus
2355 4519 2609 4582 eductas,
2667 4515 2874 4590 ingenti
2906 4511 3028 4568 auri
3059 4511 3112 4566 vi
3151 4525 3253 4583 pro
3276 4510 3358 4566 eis
3381 4526 3476 4564 ac-

1893 4625 2074 4687 cepta,
2106 4613 2452 4670 dediderunt.
2508 4607 2642 4664 Inde
2674 4623 2806 4663 vero
2839 4620 3034 4661 rursus
3079 4603 3265 4660 educti
3301 4600 3478 4657 Palle-

1894 4725 1993 4764 nes
2023 4707 2216 4761 insula:
2244 4704 2506 4759 extremis
2546 4701 2846 4764 bmsimus;
2880 4697 3122 4770 dumque
3165 4695 3242 4750 ibi
3285 4693 3482 4766 paulu-

1894 4798 2009 4852 lum
2037 4795 2414 4856 immoramur,
2452 4787 2701 4845 secundo
2732 4795 2895 4841 vento
2922 4783 3086 4840 flante
3118 4784 3187 4838 ad
3215 4781 3476 4853 occiden-

1897 4897 2006 4943 tem
2058 4893 2252 4940 rursus
2306 4883 2427 4938 vela
2484 4881 2722 4952 impulsa
2774 4884 2931 4944 'sunt;
2983 4891 3105 4946 quae
3141 4873 3479 4929 validissimo

1895 4978 2046 5036 venti
2110 4979 2318 5047 impetu
2392 4973 2578 5028 inﬂata
2644 4971 2917 5026 violenter
2976 4979 3077 5022 nos
3131 4965 3476 5026 deferebant,

1897 5074 2074 5128 donec
2097 5069 2381 5141 sequentis
2405 5067 2514 5122 diei
2554 5065 2716 5120 initio
2753 5065 2935 5119 locum
2963 5077 2992 5116 a
3031 5061 3215 5115 nautis
3251 5057 3479 5113 Diadro-

1899 5177 2022 5220 mus
2053 5170 2430 5232 nuncupatum
2469 5158 2769 5229 attigimus.
2807 5156 2862 5209 is
2888 5153 3055 5208 habet
3076 5152 3216 5206 duas
3248 5148 3476 5205 insulas.

1901 5253 2339 5328 utrinquelongo
2366 5250 2539 5304 limite
2568 5254 2844 5311 extens’as,
2876 5240 3044 5316 580
3061 5241 3165 5298 sibi
3199 5240 3476 5301 adversus;

1902 5349 2046 5401 inter
2068 5359 2204 5415 quas
2234 5340 2401 5397 veluti
2431 5337 2634 5395 ﬂuvius
2663 5351 2812 5391 mare
2852 5329 3232 5403 pneterfluens
3269 5329 3481 5384 insulas

1900 5438 2070 5494 unius
2088 5436 2352 5491 duntaxat
2371 5432 2533 5488 stadii
2565 5430 2742 5500 Spatio
2771 5425 2996 5482 dividit.
3022 5423 3130 5482 Ubi
3157 5425 3268 5480 huc
3289 5421 3476 5478 vertis-

1551 5554 1785 5610 VARUE
1827 5547 2232 5610 LECTlONES.

273 5651 333 5683 "
373 5649 432 5702 δὲ
467 5663 558 5702 om
585 5651 649 5703 Δ.
727 5650 770 5682 ’³
802 5649 1045 5719 κεφαλῆς
1073 5651 1136 5702 Α.
1215 5650 1256 5681 ¹⁶
1292 5667 1393 5702 που
1425 5665 1535 5704 om.
1565 5647 1626 5702 Ρ.
1671 5718 1674 5719 ν
1704 5649 1749 5679 ²⁰
1781 5645 1896 5719 ἄλλ’
1918 5644 2073 5719 aestv
2185 5642 2323 5696 ἀλλὰ
2347 5643 2412 5719 A_.
2489 5641 2530 5670 ’ί
2562 5643 2659 5719 τὴν
2686 5655 2798 5696 om.
2833 5635 2894 5692 P.
2971 5637 3020 5668 "'
3049 5635 3387 5692 ἐκινδύνευον
3408 5629 3476 5684 Α.

176 5726 202 5756 ³
214 5724 237 5754 ³
287 5720 672 5792 προρηθέντος
700 5721 764 5774 Α.

586 5820 854 5880 ΡΑτιιοι..
899 5820 1014 5878 tiu.
1063 5818 1211 5880 CXX.

843 5724 886 5751 "
923 5721 1085 5791 ὑπὲρ]
1109 5721 1199 5772 ὑπ’
1225 5721 1283 5777 Ρ.

1362 5723 1406 5753 ’³
1433 5722 1536 5784 ἕως
1561 5718 1759 5789 ἐφεξῆς
1787 5718 1885 5788 τῆς
1911 5715 2020 5770 AP.
2097 5711 2149 5746 ’ί
2165 5730 2316 5777 τινας
2349 5711 2530 5764 τόπων
2559 5711 2622 5763 Λ.

3045 5803 3118 5867 20
