  <div class='ocr_page' id='page_1' title='image "/cluster/home/n/w/nwhite01/storage/ocr_20150623/109/hvd.32044073502312/329.png"; bbox 0 0 3962 6200; ppageno 0'>
   <div class='ocr_carea' id='block_1_1' title="bbox 358 178 463 243">
    <p class='ocr_par' dir='ltr' id='par_1_1' title="bbox 358 178 463 243">
     <span class='ocr_line' id='line_1_1' title="bbox 358 178 463 243; baseline 0 -1"><span class='ocrx_word' id='word_1_1' title='bbox 358 178 463 243; x_wconf 76' lang='lat'><strong>619</strong></span> 
     </span>
    </p>
   </div>
   <div class='ocr_carea' id='block_1_2' title="bbox 1590 167 2403 231">
    <p class='ocr_par' dir='ltr' id='par_1_2' title="bbox 1590 167 2403 231">
     <span class='ocr_line' id='line_1_2' title="bbox 1590 167 2403 231; baseline -0.007 -1"><span class='ocrx_word' id='word_1_2' title='bbox 1590 168 1925 231; x_wconf 62' lang='lat' dir='ltr'><strong>JOANN‘ES</strong></span> <span class='ocrx_word' id='word_1_3' title='bbox 1965 167 2403 227; x_wconf 70' lang='lat' dir='ltr'><strong>CAMENIATA</strong></span> 
     </span>
    </p>
   </div>
   <div class='ocr_carea' id='block_1_3' title="bbox 3526 156 3629 219">
    <p class='ocr_par' dir='ltr' id='par_1_3' title="bbox 3526 156 3629 219">
     <span class='ocr_line' id='line_1_3' title="bbox 3526 156 3629 219; baseline -0.019 0"><span class='ocrx_word' id='word_1_4' title='bbox 3526 156 3629 219; x_wconf 82' lang='grc' dir='ltr'>6Ξο</span> 
     </span>
    </p>
   </div>
   <div class='ocr_carea' id='block_1_4' title="bbox 359 263 1961 357">
    <p class='ocr_par' dir='ltr' id='par_1_4' title="bbox 359 277 1944 357">
     <span class='ocr_line' id='line_1_4' title="bbox 359 277 1944 357; baseline -0.01 -10"><span class='ocrx_word' id='word_1_5' title='bbox 359 306 567 357; x_wconf 68' lang='lat' dir='ltr'><strong>scmus,</strong></span> <span class='ocrx_word' id='word_1_6' title='bbox 596 287 993 344; x_wconf 75' lang='lat' dir='ltr'><strong>infortunatam</strong></span> <span class='ocrx_word' id='word_1_7' title='bbox 1015 285 1071 339; x_wconf 91' lang='lat' dir='ltr'><strong>in</strong></span> <span class='ocrx_word' id='word_1_8' title='bbox 1094 297 1289 338; x_wconf 70' lang='lat' dir='ltr'><strong>navem</strong></span> <span class='ocrx_word' id='word_1_9' title='bbox 1322 277 1643 343; x_wconf 67' lang='lat' dir='ltr'><strong>incidimus,</strong></span> <span class='ocrx_word' id='word_1_10' title='bbox 1666 278 1944 332; x_wconf 83' lang='lat' dir='ltr'><strong>frumento</strong></span> 
     </span>
    </p>
   </div>
   <div class='ocr_carea' id='block_1_5' title="bbox 2071 263 3631 357">
    <p class='ocr_par' dir='ltr' id='par_1_5' title="bbox 2076 263 3631 342">
     <span class='ocr_line' id='line_1_5' title="bbox 2076 263 3631 342; baseline -0.008 -15"><span class='ocrx_word' id='word_1_11' title='bbox 2076 274 2298 336; x_wconf 78' lang='grc' dir='ltr'>ναντίας</span> <span class='ocrx_word' id='word_1_12' title='bbox 2345 271 2628 342; x_wconf 81' lang='grc' dir='ltr'>ἀλλήλων,</span> <span class='ocrx_word' id='word_1_13' title='bbox 2659 267 2824 339; x_wconf 72' lang='grc' dir='ltr'>μέσον</span> <span class='ocrx_word' id='word_1_14' title='bbox 2871 264 2927 319; x_wconf 72' lang='grc' dir='ltr'>δὲ</span> <span class='ocrx_word' id='word_1_15' title='bbox 2955 263 3159 319; x_wconf 89' lang='grc' dir='ltr'>τούτων</span> <span class='ocrx_word' id='word_1_16' title='bbox 3194 263 3441 337; x_wconf 85' lang='grc' dir='ltr'>ποταμοῦ</span> <span class='ocrx_word' id='word_1_17' title='bbox 3476 266 3631 335; x_wconf 75' lang='grc' dir='ltr'>δίκην</span> 
     </span>
    </p>
   </div>
   <div class='ocr_carea' id='block_1_6' title="bbox 360 372 1933 450">
    <p class='ocr_par' dir='ltr' id='par_1_6' title="bbox 360 372 1933 450">
     <span class='ocr_line' id='line_1_6' title="bbox 360 372 1933 450; baseline -0.011 -10"><span class='ocrx_word' id='word_1_18' title='bbox 360 393 637 447; x_wconf 89' lang='lat' dir='ltr'><strong>onustam,</strong></span> <span class='ocrx_word' id='word_1_19' title='bbox 680 382 869 450; x_wconf 86' lang='lat' dir='ltr'><strong>sicque</strong></span> <span class='ocrx_word' id='word_1_20' title='bbox 922 385 1149 447; x_wconf 86' lang='lat' dir='ltr'><strong>repente</strong></span> <span class='ocrx_word' id='word_1_21' title='bbox 1184 382 1246 428; x_wconf 92' lang='lat' dir='ltr'><strong>ut</strong></span> <span class='ocrx_word' id='word_1_22' title='bbox 1286 389 1353 426; x_wconf 82' lang='lat' dir='ltr'><strong>ex</strong></span> <span class='ocrx_word' id='word_1_23' title='bbox 1394 372 1686 427; x_wconf 81' lang='lat' dir='ltr'><strong>subitaneo</strong></span> <span class='ocrx_word' id='word_1_24' title='bbox 1708 378 1933 432; x_wconf 67' lang='lat' dir='ltr'><strong>eventu,</strong></span> 
     </span>
    </p>
   </div>
   <div class='ocr_carea' id='block_1_7' title="bbox 361 461 1935 546">
    <p class='ocr_par' dir='ltr' id='par_1_7' title="bbox 361 461 1935 546">
     <span class='ocr_line' id='line_1_7' title="bbox 361 461 1935 546; baseline -0.011 -17"><span class='ocrx_word' id='word_1_25' title='bbox 361 474 459 546; x_wconf 85' lang='lat' dir='ltr'><strong>qui</strong></span> <span class='ocrx_word' id='word_1_26' title='bbox 483 474 536 529; x_wconf 92' lang='lat' dir='ltr'><strong>in</strong></span> <span class='ocrx_word' id='word_1_27' title='bbox 567 489 631 528; x_wconf 90' lang='lat' dir='ltr'><strong>ea</strong></span> <span class='ocrx_word' id='word_1_28' title='bbox 659 470 1024 531; x_wconf 88' lang='lat' dir='ltr'><strong>vehebantur,</strong></span> <span class='ocrx_word' id='word_1_29' title='bbox 1055 474 1234 519; x_wconf 80' lang='lat' dir='ltr'><strong>nauta:</strong></span> <span class='ocrx_word' id='word_1_30' title='bbox 1253 464 1389 517; x_wconf 82' lang='lat' dir='ltr'><strong>nihil</strong></span> <span class='ocrx_word' id='word_1_31' title='bbox 1418 461 1598 516; x_wconf 90' lang='lat' dir='ltr'><strong>moliri</strong></span> <span class='ocrx_word' id='word_1_32' title='bbox 1634 461 1935 531; x_wconf 92' lang='lat' dir='ltr'><strong>potuerint,</strong></span> 
     </span>
    </p>
   </div>
   <div class='ocr_carea' id='block_1_8' title="bbox 362 551 1936 639">
    <p class='ocr_par' dir='ltr' id='par_1_8' title="bbox 362 551 1936 639">
     <span class='ocr_line' id='line_1_8' title="bbox 362 551 1936 639; baseline -0.012 -17"><span class='ocrx_word' id='word_1_33' title='bbox 362 583 476 639; x_wconf 78' lang='lat' dir='ltr'><strong>quo</strong></span> <span class='ocrx_word' id='word_1_34' title='bbox 507 581 620 620; x_wconf 72' lang='lat' dir='ltr'><strong>sua:</strong></span> <span class='ocrx_word' id='word_1_35' title='bbox 656 562 967 618; x_wconf 91' lang='lat' dir='ltr'><strong>consultum</strong></span> <span class='ocrx_word' id='word_1_36' title='bbox 1017 556 1180 612; x_wconf 86' lang='lat' dir='ltr'><strong>saluti</strong></span> <span class='ocrx_word' id='word_1_37' title='bbox 1215 563 1381 609; x_wconf 89' lang='lat' dir='ltr'><strong>esset.</strong></span> <span class='ocrx_word' id='word_1_38' title='bbox 1440 554 1758 623; x_wconf 82' lang='lat' dir='ltr'><strong>Quanquam</strong></span> <span class='ocrx_word' id='word_1_39' title='bbox 1790 551 1936 606; x_wconf 79' lang='lat' dir='ltr'><strong>enim</strong></span> 
     </span>
    </p>
   </div>
   <div class='ocr_carea' id='block_1_9' title="bbox 366 640 1939 713">
    <p class='ocr_par' dir='ltr' id='par_1_9' title="bbox 366 640 1939 713">
     <span class='ocr_line' id='line_1_9' title="bbox 366 640 1939 713; baseline -0.009 -7"><span class='ocrx_word' id='word_1_40' title='bbox 366 653 696 709; x_wconf 80' lang='lat' dir='ltr'><strong>videbantur</strong></span> <span class='ocrx_word' id='word_1_41' title='bbox 714 649 779 704; x_wconf 90' lang='lat' dir='ltr'><strong>ad</strong></span> <span class='ocrx_word' id='word_1_42' title='bbox 800 647 1033 702; x_wconf 86' lang='lat' dir='ltr'><strong>insulam</strong></span> <span class='ocrx_word' id='word_1_43' title='bbox 1057 645 1398 713; x_wconf 85' lang='lat' dir='ltr'><strong>adjacentem</strong></span> <span class='ocrx_word' id='word_1_44' title='bbox 1432 657 1624 695; x_wconf 79' lang='lat' dir='ltr'><strong>navem</strong></span> <span class='ocrx_word' id='word_1_45' title='bbox 1640 640 1939 694; x_wconf 84' lang='lat' dir='ltr'><strong>detrusisse</strong></span> 
     </span>
    </p>
   </div>
   <div class='ocr_carea' id='block_1_10' title="bbox 365 721 1939 805">
    <p class='ocr_par' dir='ltr' id='par_1_10' title="bbox 365 721 1939 805">
     <span class='ocr_line' id='line_1_10' title="bbox 365 721 1939 805; baseline -0.011 -12"><span class='ocrx_word' id='word_1_46' title='bbox 365 755 429 792; x_wconf 86' lang='lat' dir='ltr'><strong>ac</strong></span> <span class='ocrx_word' id='word_1_47' title='bbox 474 737 654 805; x_wconf 81' lang='lat' dir='ltr'><strong>fugam</strong></span> <span class='ocrx_word' id='word_1_48' title='bbox 690 729 1071 802; x_wconf 88' lang='lat' dir='ltr'><strong>capessivisse,</strong></span> <span class='ocrx_word' id='word_1_49' title='bbox 1111 727 1247 780; x_wconf 85' lang='lat' dir='ltr'><strong>nihil</strong></span> <span class='ocrx_word' id='word_1_50' title='bbox 1286 727 1411 779; x_wconf 85' lang='lat' dir='ltr'><strong>inde</strong></span> <span class='ocrx_word' id='word_1_51' title='bbox 1449 737 1626 779; x_wconf 87' lang='lat' dir='ltr'><strong>tamen</strong></span> <span class='ocrx_word' id='word_1_52' title='bbox 1665 721 1939 778; x_wconf 88' lang='lat' dir='ltr'><strong>commodi</strong></span> 
     </span>
    </p>
   </div>
   <div class='ocr_carea' id='block_1_11' title="bbox 367 817 1937 894">
    <p class='ocr_par' dir='ltr' id='par_1_11' title="bbox 367 817 1937 894">
     <span class='ocr_line' id='line_1_11' title="bbox 367 817 1937 894; baseline -0.009 -10"><span class='ocrx_word' id='word_1_53' title='bbox 367 830 651 892; x_wconf 81' lang='lat' dir='ltr'><strong>retulere;</strong></span> <span class='ocrx_word' id='word_1_54' title='bbox 711 839 875 894; x_wconf 88' lang='lat' dir='ltr'><strong>quam</strong></span> <span class='ocrx_word' id='word_1_55' title='bbox 922 821 1180 877; x_wconf 83' lang='lat' dir='ltr'><strong>ocissime</strong></span> <span class='ocrx_word' id='word_1_56' title='bbox 1235 820 1381 873; x_wconf 92' lang='lat' dir='ltr'><strong>enim</strong></span> <span class='ocrx_word' id='word_1_57' title='bbox 1445 819 1654 889; x_wconf 80' lang='lat' dir='ltr'><strong>egressi</strong></span> <span class='ocrx_word' id='word_1_58' title='bbox 1712 817 1937 871; x_wconf 89' lang='lat' dir='ltr'><strong>Barbari</strong></span> 
     </span>
    </p>
   </div>
   <div class='ocr_carea' id='block_1_12' title="bbox 366 907 1943 985">
    <p class='ocr_par' dir='ltr' id='par_1_12' title="bbox 366 907 1943 985">
     <span class='ocr_line' id='line_1_12' title="bbox 366 907 1943 985; baseline -0.008 -15"><span class='ocrx_word' id='word_1_59' title='bbox 366 914 798 985; x_wconf 79' lang='lat' dir='ltr'><strong>comprehensos</strong></span> <span class='ocrx_word' id='word_1_60' title='bbox 822 926 1034 973; x_wconf 87' lang='lat' dir='ltr'><strong>omnes,</strong></span> <span class='ocrx_word' id='word_1_61' title='bbox 1085 922 1199 962; x_wconf 89' lang='lat' dir='ltr'><strong>uno</strong></span> <span class='ocrx_word' id='word_1_62' title='bbox 1231 907 1494 961; x_wconf 83' lang='lat' dir='ltr'><strong>duntaxat</strong></span> <span class='ocrx_word' id='word_1_63' title='bbox 1518 912 1768 974; x_wconf 83' lang='lat' dir='ltr'><strong>excepto,</strong></span> <span class='ocrx_word' id='word_1_64' title='bbox 1814 921 1943 960; x_wconf 87' lang='lat' dir='ltr'><strong>con-</strong></span> 
     </span>
    </p>
   </div>
   <div class='ocr_carea' id='block_1_13' title="bbox 368 996 1943 1068">
    <p class='ocr_par' dir='ltr' id='par_1_13' title="bbox 368 996 1943 1068">
     <span class='ocr_line' id='line_1_13' title="bbox 368 996 1943 1068; baseline -0.009 -5"><span class='ocrx_word' id='word_1_65' title='bbox 368 1008 667 1063; x_wconf 86' lang='lat' dir='ltr'><strong>trucidant.</strong></span> <span class='ocrx_word' id='word_1_66' title='bbox 727 1003 867 1059; x_wconf 91' lang='lat' dir='ltr'><strong>llinc</strong></span> <span class='ocrx_word' id='word_1_67' title='bbox 910 1002 1095 1057; x_wconf 89' lang='lat' dir='ltr'><strong>denuo</strong></span> <span class='ocrx_word' id='word_1_68' title='bbox 1157 1000 1480 1068; x_wconf 78' lang='lat' dir='ltr'><strong>navigantes</strong></span> <span class='ocrx_word' id='word_1_69' title='bbox 1542 996 1681 1051; x_wconf 88' lang='lat' dir='ltr'><strong>duos</strong></span> <span class='ocrx_word' id='word_1_70' title='bbox 1723 997 1841 1050; x_wconf 83' lang='lat' dir='ltr'><strong>dies</strong></span> <span class='ocrx_word' id='word_1_71' title='bbox 1881 1012 1943 1050; x_wconf 85' lang='lat' dir='ltr'><strong>ac</strong></span> 
     </span>
    </p>
   </div>
   <div class='ocr_carea' id='block_1_14' title="bbox 365 1091 1941 1165">
    <p class='ocr_par' dir='ltr' id='par_1_14' title="bbox 365 1091 1941 1165">
     <span class='ocr_line' id='line_1_14' title="bbox 365 1091 1941 1165; baseline -0.008 -10"><span class='ocrx_word' id='word_1_72' title='bbox 365 1110 558 1155; x_wconf 89' lang='lat' dir='ltr'><strong>noctes</strong></span> <span class='ocrx_word' id='word_1_73' title='bbox 605 1098 829 1153; x_wconf 61' lang='lat' dir='ltr'><strong>Euboeae</strong></span> <span class='ocrx_word' id='word_1_74' title='bbox 872 1109 1081 1165; x_wconf 62' lang='lat' dir='ltr'><strong>magnae</strong></span> <span class='ocrx_word' id='word_1_75' title='bbox 1127 1092 1321 1146; x_wconf 67' lang='lat' dir='ltr'><strong>insulze</strong></span> <span class='ocrx_word' id='word_1_76' title='bbox 1379 1107 1527 1145; x_wconf 87' lang='lat' dir='ltr'><strong>oram</strong></span> <span class='ocrx_word' id='word_1_77' title='bbox 1592 1091 1941 1160; x_wconf 81' lang='lat' dir='ltr'><strong>legebamus;</strong></span> 
     </span>
    </p>
   </div>
   <div class='ocr_carea' id='block_1_15' title="bbox 367 1184 1946 1262">
    <p class='ocr_par' dir='ltr' id='par_1_15' title="bbox 367 1184 1946 1262">
     <span class='ocr_line' id='line_1_15' title="bbox 367 1184 1946 1262; baseline -0.006 -15"><span class='ocrx_word' id='word_1_78' title='bbox 367 1207 672 1262; x_wconf 83' lang='lat' dir='ltr'><strong>versusque</strong></span> <span class='ocrx_word' id='word_1_79' title='bbox 703 1203 854 1245; x_wconf 90' lang='lat' dir='ltr'><strong>mare</strong></span> <span class='ocrx_word' id='word_1_80' title='bbox 890 1187 1061 1257; x_wconf 78' lang='lat' dir='ltr'><strong>magis</strong></span> <span class='ocrx_word' id='word_1_81' title='bbox 1091 1186 1312 1240; x_wconf 87' lang='lat' dir='ltr'><strong>boreale</strong></span> <span class='ocrx_word' id='word_1_82' title='bbox 1343 1184 1570 1239; x_wconf 82' lang='lat' dir='ltr'><strong>directis</strong></span> <span class='ocrx_word' id='word_1_83' title='bbox 1608 1184 1746 1238; x_wconf 86' lang='lat' dir='ltr'><strong>velis</strong></span> <span class='ocrx_word' id='word_1_84' title='bbox 1776 1198 1946 1254; x_wconf 80' lang='lat' dir='ltr'><strong>prope</strong></span> 
     </span>
    </p>
   </div>
   <div class='ocr_carea' id='block_1_16' title="bbox 370 1277 1948 1348">
    <p class='ocr_par' dir='ltr' id='par_1_16' title="bbox 370 1277 1948 1348">
     <span class='ocr_line' id='line_1_16' title="bbox 370 1277 1948 1348; baseline -0.006 -9"><span class='ocrx_word' id='word_1_85' title='bbox 370 1284 640 1348; x_wconf 84' lang='lat' dir='ltr'><strong>Andrum,</strong></span> <span class='ocrx_word' id='word_1_86' title='bbox 680 1297 788 1336; x_wconf 90' lang='lat' dir='ltr'><strong>non</strong></span> <span class='ocrx_word' id='word_1_87' title='bbox 820 1280 938 1335; x_wconf 87' lang='lat' dir='ltr'><strong>sine</strong></span> <span class='ocrx_word' id='word_1_88' title='bbox 974 1278 1198 1334; x_wconf 91' lang='lat' dir='ltr'><strong>immani</strong></span> <span class='ocrx_word' id='word_1_89' title='bbox 1243 1286 1536 1333; x_wconf 83' lang='lat' dir='ltr'><strong>ventorum</strong></span> <span class='ocrx_word' id='word_1_90' title='bbox 1594 1277 1774 1341; x_wconf 83' lang='lat' dir='ltr'><strong>sibilo,</strong></span> <span class='ocrx_word' id='word_1_91' title='bbox 1824 1292 1948 1346; x_wconf 88' lang='lat' dir='ltr'><strong>per-</strong></span> 
     </span>
    </p>
   </div>
   <div class='ocr_carea' id='block_1_17' title="bbox 371 1369 1947 1441">
    <p class='ocr_par' dir='ltr' id='par_1_17' title="bbox 371 1369 1947 1441">
     <span class='ocr_line' id='line_1_17' title="bbox 371 1369 1947 1441; baseline -0.005 -12"><span class='ocrx_word' id='word_1_92' title='bbox 371 1377 645 1430; x_wconf 78' lang='lat' dir='ltr'><strong>venimus.</strong></span> <span class='ocrx_word' id='word_1_93' title='bbox 695 1374 885 1441; x_wconf 83' lang='lat' dir='ltr'><strong>Ncque</strong></span> <span class='ocrx_word' id='word_1_94' title='bbox 939 1371 1086 1426; x_wconf 84' lang='lat' dir='ltr'><strong>enim</strong></span> <span class='ocrx_word' id='word_1_95' title='bbox 1146 1380 1294 1424; x_wconf 90' lang='lat' dir='ltr'><strong>recta</strong></span> <span class='ocrx_word' id='word_1_96' title='bbox 1336 1369 1729 1439; x_wconf 81' lang='lat' dir='ltr'><strong>navigabamus</strong></span> <span class='ocrx_word' id='word_1_97' title='bbox 1768 1383 1947 1438; x_wconf 88' lang='lat' dir='ltr'><strong>neque</strong></span> 
     </span>
    </p>
   </div>
   <div class='ocr_carea' id='block_1_18' title="bbox 372 1462 1949 1532">
    <p class='ocr_par' dir='ltr' id='par_1_18' title="bbox 372 1462 1949 1532">
     <span class='ocr_line' id='line_1_18' title="bbox 372 1462 1949 1532; baseline -0.005 -10"><span class='ocrx_word' id='word_1_98' title='bbox 372 1476 521 1523; x_wconf 85' lang='lat' dir='ltr'><strong>certa</strong></span> <span class='ocrx_word' id='word_1_99' title='bbox 553 1467 618 1521; x_wconf 85' lang='lat' dir='ltr'><strong>ad</strong></span> <span class='ocrx_word' id='word_1_100' title='bbox 662 1466 804 1530; x_wconf 89' lang='lat' dir='ltr'><strong>loca,</strong></span> <span class='ocrx_word' id='word_1_101' title='bbox 864 1465 959 1520; x_wconf 90' lang='lat' dir='ltr'><strong>sed</strong></span> <span class='ocrx_word' id='word_1_102' title='bbox 998 1464 1100 1517; x_wconf 89' lang='lat' dir='ltr'><strong>hac</strong></span> <span class='ocrx_word' id='word_1_103' title='bbox 1142 1472 1305 1532; x_wconf 83' lang='lat' dir='ltr'><strong>atque</strong></span> <span class='ocrx_word' id='word_1_104' title='bbox 1336 1462 1489 1527; x_wconf 89' lang='lat' dir='ltr'><strong>illac;</strong></span> <span class='ocrx_word' id='word_1_105' title='bbox 1537 1477 1639 1532; x_wconf 89' lang='lat' dir='ltr'><strong>pro</strong></span> <span class='ocrx_word' id='word_1_106' title='bbox 1667 1476 1734 1515; x_wconf 93' lang='lat' dir='ltr'><strong>eo</strong></span> <span class='ocrx_word' id='word_1_107' title='bbox 1762 1476 1824 1515; x_wconf 90' lang='lat' dir='ltr'><strong>ac</strong></span> <span class='ocrx_word' id='word_1_108' title='bbox 1854 1476 1949 1514; x_wconf 89' lang='lat' dir='ltr'><strong>na-</strong></span> 
     </span>
    </p>
   </div>
   <div class='ocr_carea' id='block_1_19' title="bbox 372 1553 1951 1623">
    <p class='ocr_par' dir='ltr' id='par_1_19' title="bbox 372 1553 1951 1623">
     <span class='ocr_line' id='line_1_19' title="bbox 372 1553 1951 1623; baseline -0.006 -8"><span class='ocrx_word' id='word_1_109' title='bbox 372 1561 591 1615; x_wconf 82' lang='lat' dir='ltr'><strong>varchis</strong></span> <span class='ocrx_word' id='word_1_110' title='bbox 640 1558 971 1622; x_wconf 87' lang='lat' dir='ltr'><strong>videbatur,</strong></span> <span class='ocrx_word' id='word_1_111' title='bbox 1029 1555 1180 1610; x_wconf 89' lang='lat' dir='ltr'><strong>aliud</strong></span> <span class='ocrx_word' id='word_1_112' title='bbox 1239 1555 1349 1609; x_wconf 78' lang='lat' dir='ltr'><strong>alio</strong></span> <span class='ocrx_word' id='word_1_113' title='bbox 1398 1553 1786 1623; x_wconf 85' lang='lat' dir='ltr'><strong>obversimque</strong></span> <span class='ocrx_word' id='word_1_114' title='bbox 1846 1554 1951 1607; x_wconf 86' lang='lat' dir='ltr'><strong>iter</strong></span> 
     </span>
    </p>
   </div>
   <div class='ocr_carea' id='block_1_20' title="bbox 2044 356 3635 436">
    <p class='ocr_par' dir='ltr' id='par_1_20' title="bbox 2044 356 3635 436">
     <span class='ocr_line' id='line_1_20' title="bbox 2044 356 3635 436; baseline -0.006 -18"><span class='ocrx_word' id='word_1_115' title='bbox 2044 365 2140 436; x_wconf 81' lang='grc' dir='ltr'><strong>τὴν</strong></span> <span class='ocrx_word' id='word_1_116' title='bbox 2170 365 2446 418; x_wconf 80' lang='grc' dir='ltr'><strong>Θάλασσαν</strong></span> <span class='ocrx_word' id='word_1_117' title='bbox 2492 360 2874 432; x_wconf 75' lang='grc' dir='ltr'>παραθέουσαν</span> <span class='ocrx_word' id='word_1_118' title='bbox 2906 359 3000 413; x_wconf 70' lang='grc' dir='ltr'><strong>καὶ</strong></span> <span class='ocrx_word' id='word_1_119' title='bbox 3036 356 3136 422; x_wconf 80' lang='grc' dir='ltr'>τὰς</span> <span class='ocrx_word' id='word_1_120' title='bbox 3168 358 3368 426; x_wconf 80' lang='grc' dir='ltr'><strong>νήσους</strong></span> <span class='ocrx_word' id='word_1_121' title='bbox 3401 356 3477 419; x_wconf 84' lang='grc' dir='ltr'>ὡς</span> <span class='ocrx_word' id='word_1_122' title='bbox 3525 358 3635 410; x_wconf 69' lang='grc' dir='ltr'>ἀπὸ</span> 
     </span>
    </p>
   </div>
   <div class='ocr_carea' id='block_1_21' title="bbox 2047 448 3633 526">
    <p class='ocr_par' dir='ltr' id='par_1_21' title="bbox 2047 448 3633 526">
     <span class='ocr_line' id='line_1_21' title="bbox 2047 448 3633 526; baseline -0.006 -17"><span class='ocrx_word' id='word_1_123' title='bbox 2047 457 2263 510; x_wconf 77' lang='grc' dir='ltr'>σταδίου</span> <span class='ocrx_word' id='word_1_124' title='bbox 2295 456 2391 510; x_wconf 74' lang='grc' dir='ltr'>καὶ</span> <span class='ocrx_word' id='word_1_125' title='bbox 2416 456 2575 526; x_wconf 85' lang='grc' dir='ltr'>μόνον</span> <span class='ocrx_word' id='word_1_126' title='bbox 2602 455 2658 519; x_wconf 75' lang='grc' dir='ltr'>ἐξ</span> <span class='ocrx_word' id='word_1_127' title='bbox 2690 453 2937 525; x_wconf 82' lang='grc' dir='ltr'>ἀλλήλων</span> <span class='ocrx_word' id='word_1_128' title='bbox 2968 450 3335 519; x_wconf 83' lang='grc' dir='ltr'>διείργουσαν.</span> <span class='ocrx_word' id='word_1_129' title='bbox 3367 448 3538 502; x_wconf 76' lang='grc' dir='ltr'>Ἔνθα</span> <span class='ocrx_word' id='word_1_130' title='bbox 3568 449 3633 519; x_wconf 75' lang='grc' dir='ltr'>δὴ</span> 
     </span>
    </p>
   </div>
   <div class='ocr_carea' id='block_1_22' title="bbox 2048 539 3635 615">
    <p class='ocr_par' dir='ltr' id='par_1_22' title="bbox 2048 539 3635 615">
     <span class='ocr_line' id='line_1_22' title="bbox 2048 539 3635 615; baseline -0.005 -16"><span class='ocrx_word' id='word_1_131' title='bbox 2048 547 2140 599; x_wconf 67' lang='grc' dir='ltr'><strong>καὶ</strong></span> <span class='ocrx_word' id='word_1_132' title='bbox 2190 546 2473 615; x_wconf 86' lang='grc' dir='ltr'>γενόμενοι</span> <span class='ocrx_word' id='word_1_133' title='bbox 2517 544 2642 613; x_wconf 77' lang='grc' dir='ltr'>νηός</span> <span class='ocrx_word' id='word_1_134' title='bbox 2685 560 2830 606; x_wconf 86' lang='grc' dir='ltr'>τινος</span> <span class='ocrx_word' id='word_1_135' title='bbox 2880 541 3180 610; x_wconf 81' lang='grc' dir='ltr'><strong>δυστυχοῦς</strong></span> <span class='ocrx_word' id='word_1_136' title='bbox 3232 539 3379 592; x_wconf 87' lang='grc' dir='ltr'>σίτου</span> <span class='ocrx_word' id='word_1_137' title='bbox 3426 557 3635 609; x_wconf 77' lang='grc' dir='ltr'>πεφορο</span> 
     </span>
    </p>
   </div>
   <div class='ocr_carea' id='block_1_23' title="bbox 2046 631 3637 709">
    <p class='ocr_par' dir='ltr' id='par_1_23' title="bbox 2046 631 3637 709">
     <span class='ocr_line' id='line_1_23' title="bbox 2046 631 3637 709; baseline -0.006 -18"><span class='ocrx_word' id='word_1_138' title='bbox 2046 639 2309 709; x_wconf 84' lang='grc' dir='ltr'>τισμένης</span> <span class='ocrx_word' id='word_1_139' title='bbox 2359 636 2778 707; x_wconf 74' lang='grc' dir='ltr'>περιετύχομεν,</span> <span class='ocrx_word' id='word_1_140' title='bbox 2820 635 2913 688; x_wconf 69' lang='grc' dir='ltr'>καὶ</span> <span class='ocrx_word' id='word_1_141' title='bbox 2939 632 3113 695; x_wconf 77' lang='grc' dir='ltr'>οὕτως</span> <span class='ocrx_word' id='word_1_142' title='bbox 3138 631 3333 701; x_wconf 79' lang='grc' dir='ltr'>ἀθρόον</span> <span class='ocrx_word' id='word_1_143' title='bbox 3364 631 3439 693; x_wconf 85' lang='grc' dir='ltr'>ὡς</span> <span class='ocrx_word' id='word_1_144' title='bbox 3496 631 3637 701; x_wconf 71' lang='grc' dir='ltr'>μηδὲ</span> 
     </span>
    </p>
   </div>
   <div class='ocr_carea' id='block_1_24' title="bbox 2047 724 3625 800">
    <p class='ocr_par' dir='ltr' id='par_1_24' title="bbox 2047 724 3625 800">
     <span class='ocr_line' id='line_1_24' title="bbox 2047 724 3625 800; baseline -0.006 -15"><span class='ocrx_word' id='word_1_145' title='bbox 2047 731 2337 800; x_wconf 76' lang='grc' dir='ltr'>δυνηθῆναι</span> <span class='ocrx_word' id='word_1_146' title='bbox 2374 729 2450 799; x_wconf 81' lang='grc' dir='ltr'>τῷ</span> <span class='ocrx_word' id='word_1_147' title='bbox 2481 728 2729 799; x_wconf 78' lang='grc' dir='ltr'>αἰφνιδίῳ</span> <span class='ocrx_word' id='word_1_148' title='bbox 2758 729 2852 797; x_wconf 80' lang='grc' dir='ltr'>τῆς</span> <span class='ocrx_word' id='word_1_149' title='bbox 2902 726 3225 794; x_wconf 79' lang='grc' dir='ltr'>συμϐάσεως</span> <span class='ocrx_word' id='word_1_150' title='bbox 3252 724 3375 787; x_wconf 71' lang='grc' dir='ltr'>τοὺς</span> <span class='ocrx_word' id='word_1_151' title='bbox 3400 726 3455 776; x_wconf 82' lang='grc' dir='ltr'>ὲν</span> <span class='ocrx_word' id='word_1_152' title='bbox 3486 725 3625 793; x_wconf 70' lang='grc' dir='ltr'>αὐτῇ</span> 
     </span>
    </p>
   </div>
   <div class='ocr_carea' id='block_1_25' title="bbox 2052 817 3633 893">
    <p class='ocr_par' dir='ltr' id='par_1_25' title="bbox 2052 817 3633 893">
     <span class='ocr_line' id='line_1_25' title="bbox 2052 817 3633 893; baseline -0.004 -18"><span class='ocrx_word' id='word_1_153' title='bbox 2052 823 2324 893; x_wconf 74' lang='grc' dir='ltr'>σωτηρέας</span> <span class='ocrx_word' id='word_1_154' title='bbox 2368 821 2626 892; x_wconf 71' lang='grc' dir='ltr'>ἐχόμενόν</span> <span class='ocrx_word' id='word_1_155' title='bbox 2680 839 2732 873; x_wconf 88' lang='grc' dir='ltr'><strong>τι</strong></span> <span class='ocrx_word' id='word_1_156' title='bbox 2779 819 3162 890; x_wconf 79' lang='grc' dir='ltr'>προσεξευρεῖν</span> <span class='ocrx_word' id='word_1_157' title='bbox 3190 818 3257 874; x_wconf 78' lang='grc'><strong>⁸⁷.</strong></span> <span class='ocrx_word' id='word_1_158' title='bbox 3304 818 3365 869; x_wconf 86' lang='grc' dir='ltr'>Εί</span> <span class='ocrx_word' id='word_1_159' title='bbox 3395 817 3504 888; x_wconf 85' lang='grc' dir='ltr'><strong>γάρ</strong></span> <span class='ocrx_word' id='word_1_160' title='bbox 3534 819 3633 870; x_wconf 62' lang='grc' dir='ltr'><strong>καὶ</strong></span> 
     </span>
    </p>
   </div>
   <div class='ocr_carea' id='block_1_26' title="bbox 2050 909 3648 985">
    <p class='ocr_par' dir='ltr' id='par_1_26' title="bbox 2050 909 3648 985">
     <span class='ocr_line' id='line_1_26' title="bbox 2050 909 3648 985; baseline -0.005 -18"><span class='ocrx_word' id='word_1_161' title='bbox 2050 915 2233 981; x_wconf 78' lang='grc' dir='ltr'>ἔδοξαν</span> <span class='ocrx_word' id='word_1_162' title='bbox 2266 915 2399 985; x_wconf 69' lang='grc' dir='ltr'>πρὸς</span> <span class='ocrx_word' id='word_1_163' title='bbox 2443 913 2539 985; x_wconf 82' lang='grc' dir='ltr'>τὴν</span> <span class='ocrx_word' id='word_1_164' title='bbox 2580 914 2993 983; x_wconf 77' lang='grc' dir='ltr'>παρακειμένην</span> <span class='ocrx_word' id='word_1_165' title='bbox 3052 913 3215 981; x_wconf 83' lang='grc' dir='ltr'>νῆσον</span> <span class='ocrx_word' id='word_1_166' title='bbox 3255 909 3353 980; x_wconf 79' lang='grc' dir='ltr'><strong>τὴν</strong></span> <span class='ocrx_word' id='word_1_167' title='bbox 3383 911 3514 962; x_wconf 84' lang='grc' dir='ltr'>ναῦν</span> <span class='ocrx_word' id='word_1_168' title='bbox 3544 912 3648 963; x_wconf 72' lang='grc' dir='ltr'><strong>ξπ-</strong></span> 
     </span>
    </p>
   </div>
   <div class='ocr_carea' id='block_1_27' title="bbox 2051 1000 3646 1074">
    <p class='ocr_par' dir='ltr' id='par_1_27' title="bbox 2051 1000 3646 1074">
     <span class='ocr_line' id='line_1_27' title="bbox 2051 1000 3646 1074; baseline -0.003 -17"><span class='ocrx_word' id='word_1_169' title='bbox 2051 1006 2263 1059; x_wconf 88' lang='grc' dir='ltr'>οκεῖλαι</span> <span class='ocrx_word' id='word_1_170' title='bbox 2296 1007 2388 1058; x_wconf 72' lang='grc' dir='ltr'><strong>καὶ</strong></span> <span class='ocrx_word' id='word_1_171' title='bbox 2422 1005 2559 1074; x_wconf 73' lang='grc' dir='ltr'>πρὸς</span> <span class='ocrx_word' id='word_1_172' title='bbox 2595 1005 2773 1074; x_wconf 75' lang='grc' dir='ltr'>φυγὴν</span> <span class='ocrx_word' id='word_1_173' title='bbox 2832 1003 3194 1073; x_wconf 73' lang='grc' dir='ltr'>ἐκτραπῆναι,</span> <span class='ocrx_word' id='word_1_174' title='bbox 3230 1001 3346 1053; x_wconf 77' lang='grc' dir='ltr'>ἀλλ’</span> <span class='ocrx_word' id='word_1_175' title='bbox 3384 1000 3539 1055; x_wconf 78' lang='grc' dir='ltr'>οὐδὲν</span> <span class='ocrx_word' id='word_1_176' title='bbox 3581 1004 3646 1053; x_wconf 84' lang='grc' dir='ltr'>ὲκ</span> 
     </span>
    </p>
   </div>
   <div class='ocr_carea' id='block_1_28' title="bbox 2051 1080 3646 1166">
    <p class='ocr_par' dir='ltr' id='par_1_28' title="bbox 2051 1080 3646 1166">
     <span class='ocr_line' id='line_1_28' title="bbox 2051 1080 3646 1166; baseline -0.004 -14"><span class='ocrx_word' id='word_1_177' title='bbox 2051 1099 2243 1152; x_wconf 81' lang='grc' dir='ltr'>τούτου</span> <span class='ocrx_word' id='word_1_178' title='bbox 2277 1099 2598 1154; x_wconf 84' lang='grc' dir='ltr'>ἁπώναντο·</span> <span class='ocrx_word' id='word_1_179' title='bbox 2632 1098 2825 1150; x_wconf 83' lang='grc' dir='ltr'>θᾶττον</span> <span class='ocrx_word' id='word_1_180' title='bbox 2862 1096 2969 1166; x_wconf 83' lang='grc' dir='ltr'><strong>γάρ</strong></span> <span class='ocrx_word' id='word_1_181' title='bbox 3017 1096 3215 1158; x_wconf 74' lang='grc' dir='ltr'>αὐτοὺς</span> <span class='ocrx_word' id='word_1_182' title='bbox 3245 1080 3557 1161; x_wconf 72' lang='grc' dir='ltr'>ἐξελθόντες</span> <span class='ocrx_word' id='word_1_183' title='bbox 3596 1096 3646 1147; x_wconf 80' lang='grc' dir='ltr'>οἱ</span> 
     </span>
    </p>
   </div>
   <div class='ocr_carea' id='block_1_29' title="bbox 2054 1186 3648 1261">
    <p class='ocr_par' dir='ltr' id='par_1_29' title="bbox 2054 1186 3648 1261">
     <span class='ocr_line' id='line_1_29' title="bbox 2054 1186 3648 1261; baseline -0.003 -19"><span class='ocrx_word' id='word_1_184' title='bbox 2054 1189 2328 1261; x_wconf 83' lang='grc' dir='ltr'>Βάρϐαροι</span> <span class='ocrx_word' id='word_1_185' title='bbox 2362 1189 2734 1254; x_wconf 76' lang='grc' dir='ltr'>συνελέξαντο,</span> <span class='ocrx_word' id='word_1_186' title='bbox 2766 1188 2860 1242; x_wconf 71' lang='grc' dir='ltr'><strong>καλ⁵</strong></span> <span class='ocrx_word' id='word_1_187' title='bbox 2878 1190 3047 1258; x_wconf 83' lang='grc' dir='ltr'>χωρίς</span> <span class='ocrx_word' id='word_1_188' title='bbox 3080 1187 3198 1249; x_wconf 78' lang='grc' dir='ltr'>ἐνὸς</span> <span class='ocrx_word' id='word_1_189' title='bbox 3228 1187 3391 1256; x_wconf 83' lang='grc' dir='ltr'>μόνου</span> <span class='ocrx_word' id='word_1_190' title='bbox 3434 1186 3648 1249; x_wconf 80' lang='grc' dir='ltr'>πάντας</span> 
     </span>
    </p>
   </div>
   <div class='ocr_carea' id='block_1_30' title="bbox 2055 1279 3647 1354">
    <p class='ocr_par' dir='ltr' id='par_1_30' title="bbox 2055 1279 3647 1354">
     <span class='ocr_line' id='line_1_30' title="bbox 2055 1279 3647 1354; baseline -0.001 -20"><span class='ocrx_word' id='word_1_191' title='bbox 2055 1283 2193 1353; x_wconf 79' lang='grc' dir='ltr'>πρὸς</span> <span class='ocrx_word' id='word_1_192' title='bbox 2228 1283 2457 1336; x_wconf 86' lang='grc' dir='ltr'>θάνατον</span> <span class='ocrx_word' id='word_1_193' title='bbox 2514 1282 2886 1354; x_wconf 81' lang='grc' dir='ltr'>ὑπηγάγοντο.</span> <span class='ocrx_word' id='word_1_194' title='bbox 2930 1280 3174 1334; x_wconf 79' lang='grc' dir='ltr'>Ἐκεῖθεν</span> <span class='ocrx_word' id='word_1_195' title='bbox 3212 1280 3271 1333; x_wconf 76' lang='grc' dir='ltr'>δὲ</span> <span class='ocrx_word' id='word_1_196' title='bbox 3311 1279 3473 1332; x_wconf 84' lang='grc' dir='ltr'>πάλιν</span> <span class='ocrx_word' id='word_1_197' title='bbox 3534 1281 3647 1333; x_wconf 80' lang='grc' dir='ltr'>ἀπ·</span> 
     </span>
    </p>
   </div>
   <div class='ocr_carea' id='block_1_31' title="bbox 2056 1370 3648 1445">
    <p class='ocr_par' dir='ltr' id='par_1_31' title="bbox 2056 1370 3648 1445">
     <span class='ocr_line' id='line_1_31' title="bbox 2056 1370 3648 1445; baseline -0.003 -17"><span class='ocrx_word' id='word_1_198' title='bbox 2056 1375 2289 1443; x_wconf 83' lang='grc' dir='ltr'>άραντες</span> <span class='ocrx_word' id='word_1_199' title='bbox 2345 1376 2437 1427; x_wconf 65' lang='grc' dir='ltr'>ἐπὶ</span> <span class='ocrx_word' id='word_1_200' title='bbox 2473 1374 2590 1428; x_wconf 71' lang='grc' dir='ltr'>δυσὶ</span> <span class='ocrx_word' id='word_1_201' title='bbox 2617 1374 2983 1445; x_wconf 80' lang='grc' dir='ltr'>νυχοημέροις</span> <span class='ocrx_word' id='word_1_202' title='bbox 3033 1373 3132 1443; x_wconf 83' lang='grc' dir='ltr'><strong>τὴν</strong></span> <span class='ocrx_word' id='word_1_203' title='bbox 3186 1372 3433 1443; x_wconf 82' lang='grc' dir='ltr'>μεγάλην</span> <span class='ocrx_word' id='word_1_204' title='bbox 3479 1370 3648 1439; x_wconf 78' lang='grc' dir='ltr'>νῆσον</span> 
     </span>
    </p>
   </div>
   <div class='ocr_carea' id='block_1_32' title="bbox 2058 1463 3649 1539">
    <p class='ocr_par' dir='ltr' id='par_1_32' title="bbox 2058 1463 3649 1539">
     <span class='ocr_line' id='line_1_32' title="bbox 2058 1463 3649 1539; baseline -0.004 -19"><span class='ocrx_word' id='word_1_205' title='bbox 2058 1467 2443 1539; x_wconf 86' lang='grc' dir='ltr'>παρεπλέομεν</span> <span class='ocrx_word' id='word_1_206' title='bbox 2470 1469 2569 1537; x_wconf 76' lang='grc' dir='ltr'>τῆς</span> <span class='ocrx_word' id='word_1_207' title='bbox 2593 1467 2845 1530; x_wconf 73' lang='grc' dir='ltr'>Εὖϐοίας,</span> <span class='ocrx_word' id='word_1_208' title='bbox 2878 1466 2971 1519; x_wconf 69' lang='grc' dir='ltr'><strong>καὶ</strong></span> <span class='ocrx_word' id='word_1_209' title='bbox 3002 1464 3144 1518; x_wconf 86' lang='grc' dir='ltr'>κατά</span> <span class='ocrx_word' id='word_1_210' title='bbox 3175 1463 3269 1517; x_wconf 84' lang='grc' dir='ltr'><strong>τοῦ</strong></span> <span class='ocrx_word' id='word_1_211' title='bbox 3303 1463 3649 1535; x_wconf 82' lang='grc' dir='ltr'>βορειοτέρου</span> 
     </span>
    </p>
   </div>
   <div class='ocr_carea' id='block_1_33' title="bbox 2058 1554 3648 1629">
    <p class='ocr_par' dir='ltr' id='par_1_33' title="bbox 2058 1554 3648 1629">
     <span class='ocr_line' id='line_1_33' title="bbox 2058 1554 3648 1629; baseline -0.003 -18"><span class='ocrx_word' id='word_1_212' title='bbox 2058 1559 2263 1629; x_wconf 77' lang='grc' dir='ltr'>ταύτης</span> <span class='ocrx_word' id='word_1_213' title='bbox 2302 1559 2576 1626; x_wconf 80' lang='grc' dir='ltr'>πελάγους</span> <span class='ocrx_word' id='word_1_214' title='bbox 2606 1558 2968 1621; x_wconf 77' lang='grc' dir='ltr'>ίθύναντεςτὰ</span> <span class='ocrx_word' id='word_1_215' title='bbox 2996 1556 3162 1621; x_wconf 87' lang='grc' dir='ltr'>ἱστία,</span> <span class='ocrx_word' id='word_1_216' title='bbox 3196 1554 3262 1608; x_wconf 81' lang='grc' dir='ltr'><strong>τά</strong></span> <span class='ocrx_word' id='word_1_217' title='bbox 3308 1555 3459 1624; x_wconf 85' lang='grc' dir='ltr'>παρὰ</span> <span class='ocrx_word' id='word_1_218' title='bbox 3480 1554 3648 1615; x_wconf 73' lang='grc' dir='ltr'>πόδας</span> 
     </span>
    </p>
   </div>
   <div class='ocr_carea' id='block_1_34' title="bbox 372 1645 1961 1732">
    <p class='ocr_par' dir='ltr' id='par_1_34' title="bbox 372 1645 1953 1715">
     <span class='ocr_line' id='line_1_34' title="bbox 372 1645 1953 1715; baseline -0.006 -7"><span class='ocrx_word' id='word_1_219' title='bbox 372 1652 743 1708; x_wconf 80' lang='lat' dir='ltr'><strong>mutabamus.</strong></span> <span class='ocrx_word' id='word_1_220' title='bbox 778 1649 1072 1705; x_wconf 87' lang='lat' dir='ltr'><strong>Timebant</strong></span> <span class='ocrx_word' id='word_1_221' title='bbox 1105 1647 1250 1701; x_wconf 89' lang='lat' dir='ltr'><strong>enim</strong></span> <span class='ocrx_word' id='word_1_222' title='bbox 1292 1662 1361 1700; x_wconf 91' lang='lat' dir='ltr'><strong>ne</strong></span> <span class='ocrx_word' id='word_1_223' title='bbox 1402 1662 1512 1715; x_wconf 90' lang='lat' dir='ltr'><strong>quo</strong></span> <span class='ocrx_word' id='word_1_224' title='bbox 1547 1646 1668 1699; x_wconf 89' lang='lat' dir='ltr'><strong>loco</strong></span> <span class='ocrx_word' id='word_1_225' title='bbox 1710 1645 1953 1699; x_wconf 81' lang='lat' dir='ltr'><strong>Romana</strong></span> 
     </span>
    </p>
   </div>
   <div class='ocr_carea' id='block_1_35' title="bbox 2071 1645 3650 1732">
    <p class='ocr_par' dir='ltr' id='par_1_35' title="bbox 2071 1646 3650 1720">
     <span class='ocr_line' id='line_1_35' title="bbox 2071 1646 3650 1720; baseline -0.003 -18"><span class='ocrx_word' id='word_1_226' title='bbox 2071 1649 2158 1718; x_wconf 71' lang='grc' dir='ltr'><strong>τῆς</strong></span> <span class='ocrx_word' id='word_1_227' title='bbox 2185 1650 2411 1719; x_wconf 61' lang='grc' dir='ltr'>Ἀνδρυυ</span> <span class='ocrx_word' id='word_1_228' title='bbox 2452 1650 2498 1680; x_wconf 73' lang='grc'><strong>’³</strong></span> <span class='ocrx_word' id='word_1_229' title='bbox 2524 1650 2662 1720; x_wconf 72' lang='grc' dir='ltr'>μετά</span> <span class='ocrx_word' id='word_1_230' title='bbox 2708 1665 2851 1713; x_wconf 87' lang='grc' dir='ltr'>τινος</span> <span class='ocrx_word' id='word_1_231' title='bbox 2910 1647 3272 1718; x_wconf 78' lang='grc' dir='ltr'>σφοδροτάτου</span> <span class='ocrx_word' id='word_1_232' title='bbox 3310 1646 3650 1715; x_wconf 75' lang='grc' dir='ltr'>ῥοιζήματος</span> 
     </span>
    </p>
   </div>
   <div class='ocr_carea' id='block_1_36' title="bbox 373 1736 1952 1806">
    <p class='ocr_par' dir='ltr' id='par_1_36' title="bbox 373 1736 1952 1806">
     <span class='ocr_line' id='line_1_36' title="bbox 373 1736 1952 1806; baseline -0.005 -9"><span class='ocrx_word' id='word_1_233' title='bbox 373 1744 565 1798; x_wconf 77' lang='lat' dir='ltr'><strong>classis</strong></span> <span class='ocrx_word' id='word_1_234' title='bbox 628 1742 999 1806; x_wconf 85' lang='lat' dir='ltr'><strong>consisteret,</strong></span> <span class='ocrx_word' id='word_1_235' title='bbox 1060 1739 1467 1806; x_wconf 84' lang='lat' dir='ltr'><strong>adversumque</strong></span> <span class='ocrx_word' id='word_1_236' title='bbox 1514 1737 1766 1791; x_wconf 90' lang='lat' dir='ltr'><strong>incautos</strong></span> <span class='ocrx_word' id='word_1_237' title='bbox 1813 1736 1952 1792; x_wconf 83' lang='lat' dir='ltr'><strong>sini-</strong></span> 
     </span>
    </p>
   </div>
   <div class='ocr_carea' id='block_1_37' title="bbox 373 1829 1953 1904">
    <p class='ocr_par' dir='ltr' id='par_1_37' title="bbox 373 1829 1953 1904">
     <span class='ocr_line' id='line_1_37' title="bbox 373 1829 1953 1904; baseline -0.006 -12"><span class='ocrx_word' id='word_1_238' title='bbox 373 1848 548 1892; x_wconf 87' lang='lat' dir='ltr'><strong>strum</strong></span> <span class='ocrx_word' id='word_1_239' title='bbox 578 1835 783 1904; x_wconf 90' lang='lat' dir='ltr'><strong>aliquid</strong></span> <span class='ocrx_word' id='word_1_240' title='bbox 816 1833 1000 1887; x_wconf 86' lang='lat' dir='ltr'><strong>molita</strong></span> <span class='ocrx_word' id='word_1_241' title='bbox 1026 1830 1285 1885; x_wconf 89' lang='lat' dir='ltr'><strong>damnum</strong></span> <span class='ocrx_word' id='word_1_242' title='bbox 1314 1829 1560 1884; x_wconf 78' lang='lat' dir='ltr'><strong>inferret.</strong></span> <span class='ocrx_word' id='word_1_243' title='bbox 1626 1829 1953 1897; x_wconf 89' lang='lat' dir='ltr'><strong>Propterea-</strong></span> 
     </span>
    </p>
   </div>
   <div class='ocr_carea' id='block_1_38' title="bbox 375 1920 1954 1998">
    <p class='ocr_par' dir='ltr' id='par_1_38' title="bbox 375 1920 1954 1998">
     <span class='ocr_line' id='line_1_38' title="bbox 375 1920 1954 1998; baseline -0.004 -18"><span class='ocrx_word' id='word_1_244' title='bbox 375 1945 481 1998; x_wconf 85' lang='lat' dir='ltr'><strong>que</strong></span> <span class='ocrx_word' id='word_1_245' title='bbox 513 1929 579 1983; x_wconf 89' lang='lat' dir='ltr'><strong>ad</strong></span> <span class='ocrx_word' id='word_1_246' title='bbox 610 1929 745 1982; x_wconf 87' lang='lat' dir='ltr'><strong>alias</strong></span> <span class='ocrx_word' id='word_1_247' title='bbox 775 1936 939 1995; x_wconf 88' lang='lat' dir='ltr'><strong>atque</strong></span> <span class='ocrx_word' id='word_1_248' title='bbox 970 1924 1104 1978; x_wconf 88' lang='lat' dir='ltr'><strong>alias</strong></span> <span class='ocrx_word' id='word_1_249' title='bbox 1134 1922 1342 1977; x_wconf 84' lang='lat' dir='ltr'><strong>insulas</strong></span> <span class='ocrx_word' id='word_1_250' title='bbox 1375 1920 1606 1990; x_wconf 86' lang='lat' dir='ltr'><strong>perinde</strong></span> <span class='ocrx_word' id='word_1_251' title='bbox 1655 1929 1819 1990; x_wconf 86' lang='lat' dir='ltr'><strong>atque</strong></span> <span class='ocrx_word' id='word_1_252' title='bbox 1866 1936 1954 1974; x_wconf 88' lang='lat' dir='ltr'><strong>er-</strong></span> 
     </span>
    </p>
   </div>
   <div class='ocr_carea' id='block_1_39' title="bbox 377 2017 1125 2076">
    <p class='ocr_par' dir='ltr' id='par_1_39' title="bbox 377 2017 1125 2076">
     <span class='ocr_line' id='line_1_39' title="bbox 377 2017 1125 2076; baseline -0.009 -1"><span class='ocrx_word' id='word_1_253' title='bbox 377 2036 540 2076; x_wconf 89' lang='lat' dir='ltr'><strong>rones</strong></span> <span class='ocrx_word' id='word_1_254' title='bbox 571 2017 1125 2076; x_wconf 83' lang='lat' dir='ltr'><strong>circumferebamur.</strong></span> 
     </span>
    </p>
   </div>
   <div class='ocr_carea' id='block_1_40' title="bbox 2061 1737 3650 1814">
    <p class='ocr_par' dir='ltr' id='par_1_40' title="bbox 2061 1737 3650 1814">
     <span class='ocr_line' id='line_1_40' title="bbox 2061 1737 3650 1814; baseline -0.005 -19"><span class='ocrx_word' id='word_1_255' title='bbox 2061 1742 2452 1814; x_wconf 78' lang='grc' dir='ltr'>κατελάϐομεν.</span> <span class='ocrx_word' id='word_1_256' title='bbox 2504 1743 2577 1796; x_wconf 86' lang='grc' dir='ltr'>Ού</span> <span class='ocrx_word' id='word_1_257' title='bbox 2635 1744 2741 1814; x_wconf 82' lang='grc' dir='ltr'>γὰρ</span> <span class='ocrx_word' id='word_1_258' title='bbox 2771 1740 3106 1811; x_wconf 71' lang='grc' dir='ltr'>ἐποιούμεθα</span> <span class='ocrx_word' id='word_1_259' title='bbox 3152 1743 3272 1793; x_wconf 82' lang='grc' dir='ltr'>κατ’</span> <span class='ocrx_word' id='word_1_260' title='bbox 3303 1737 3523 1791; x_wconf 78' lang='grc' dir='ltr'>εὐθεῖαν</span> <span class='ocrx_word' id='word_1_261' title='bbox 3558 1737 3650 1788; x_wconf 82' lang='grc' dir='ltr'><strong>τὸν</strong></span> 
     </span>
    </p>
   </div>
   <div class='ocr_carea' id='block_1_41' title="bbox 2062 1828 3654 1905">
    <p class='ocr_par' dir='ltr' id='par_1_41' title="bbox 2062 1828 3654 1905">
     <span class='ocr_line' id='line_1_41' title="bbox 2062 1828 3654 1905; baseline -0.003 -19"><span class='ocrx_word' id='word_1_262' title='bbox 2062 1834 2253 1901; x_wconf 86' lang='grc' dir='ltr'>πλοῦν,</span> <span class='ocrx_word' id='word_1_263' title='bbox 2284 1835 2401 1888; x_wconf 64' lang='grc' dir='ltr'>οῦδὲ</span> <span class='ocrx_word' id='word_1_264' title='bbox 2439 1835 2577 1887; x_wconf 84' lang='grc' dir='ltr'>κατά</span> <span class='ocrx_word' id='word_1_265' title='bbox 2603 1853 2747 1898; x_wconf 85' lang='grc' dir='ltr'>τινος</span> <span class='ocrx_word' id='word_1_266' title='bbox 2768 1834 3072 1905; x_wconf 81' lang='grc' dir='ltr'>ὡρισμένου</span> <span class='ocrx_word' id='word_1_267' title='bbox 3108 1832 3296 1893; x_wconf 85' lang='grc' dir='ltr'>τόπου,</span> <span class='ocrx_word' id='word_1_268' title='bbox 3334 1830 3451 1883; x_wconf 82' lang='grc' dir='ltr'>ἀλλ’</span> <span class='ocrx_word' id='word_1_269' title='bbox 3486 1829 3565 1893; x_wconf 82' lang='grc' dir='ltr'>ὠς</span> <span class='ocrx_word' id='word_1_270' title='bbox 3585 1828 3654 1881; x_wconf 82' lang='grc' dir='ltr'><strong>ἂν</strong></span> 
     </span>
    </p>
   </div>
   <div class='ocr_carea' id='block_1_42' title="bbox 2065 1924 3652 1999">
    <p class='ocr_par' dir='ltr' id='par_1_42' title="bbox 2065 1924 3652 1999">
     <span class='ocr_line' id='line_1_42' title="bbox 2065 1924 3652 1999; baseline -0.004 -20"><span class='ocrx_word' id='word_1_271' title='bbox 2065 1926 2207 1994; x_wconf 76' lang='grc' dir='ltr'>εδοξε</span> <span class='ocrx_word' id='word_1_272' title='bbox 2243 1931 2353 1991; x_wconf 87' lang='grc' dir='ltr'>τοῖς</span> <span class='ocrx_word' id='word_1_273' title='bbox 2386 1928 2492 1981; x_wconf 78' lang='grc' dir='ltr'>τῶν</span> <span class='ocrx_word' id='word_1_274' title='bbox 2521 1929 2665 1997; x_wconf 83' lang='grc' dir='ltr'>νηῶν</span> <span class='ocrx_word' id='word_1_275' title='bbox 2689 1929 2973 1999; x_wconf 82' lang='grc' dir='ltr'>ἀρχηγοῖς,</span> <span class='ocrx_word' id='word_1_276' title='bbox 3006 1926 3133 1997; x_wconf 74' lang='grc' dir='ltr'>τῇδε</span> <span class='ocrx_word' id='word_1_277' title='bbox 3160 1926 3380 1978; x_wconf 73' lang='grc' dir='ltr'>κάκεῖσε</span> <span class='ocrx_word' id='word_1_278' title='bbox 3413 1924 3513 1985; x_wconf 73' lang='grc' dir='ltr'><strong>τὰς</strong></span> <span class='ocrx_word' id='word_1_279' title='bbox 3547 1938 3652 1991; x_wconf 76' lang='grc' dir='ltr'>με·</span> 
     </span>
    </p>
   </div>
   <div class='ocr_carea' id='block_1_43' title="bbox 2064 2012 3656 2091">
    <p class='ocr_par' dir='ltr' id='par_1_43' title="bbox 2064 2012 3656 2091">
     <span class='ocr_line' id='line_1_43' title="bbox 2064 2012 3656 2091; baseline -0.004 -20"><span class='ocrx_word' id='word_1_280' title='bbox 2064 2020 2323 2083; x_wconf 88' lang='grc' dir='ltr'>ταϐάσεις</span> <span class='ocrx_word' id='word_1_281' title='bbox 2350 2021 2446 2074; x_wconf 68' lang='grc' dir='ltr'><strong>καὶ</strong></span> <span class='ocrx_word' id='word_1_282' title='bbox 2478 2019 2840 2091; x_wconf 77' lang='grc' dir='ltr'>ἀντιστροφὰς</span> <span class='ocrx_word' id='word_1_283' title='bbox 2870 2017 3225 2089; x_wconf 75' lang='grc' dir='ltr'>ἐποιούμεθα.</span> <span class='ocrx_word' id='word_1_284' title='bbox 3257 2018 3365 2070; x_wconf 72' lang='grc' dir='ltr'>Καὶ</span> <span class='ocrx_word' id='word_1_285' title='bbox 3398 2014 3508 2086; x_wconf 76' lang='grc' dir='ltr'><strong>γὰρ</strong></span> <span class='ocrx_word' id='word_1_286' title='bbox 3540 2012 3656 2066; x_wconf 62' lang='grc' dir='ltr'>ἔδει</span> 
     </span>
    </p>
   </div>
   <div class='ocr_carea' id='block_1_44' title="bbox 376 2105 3656 2181">
    <p class='ocr_par' dir='ltr' id='par_1_44' title="bbox 376 2105 3656 2181">
     <span class='ocr_line' id='line_1_44' title="bbox 376 2105 3656 2181; baseline -0 -13"><span class='ocrx_word' id='word_1_287' title='bbox 376 2115 561 2168; x_wconf 84' lang='grc' dir='ltr'>δίεσαν</span> <span class='ocrx_word' id='word_1_288' title='bbox 587 2112 632 2143; x_wconf 77' lang='grc'><strong><em>’³</em></strong></span> <span class='ocrx_word' id='word_1_289' title='bbox 660 2112 735 2181; x_wconf 89' lang='grc' dir='ltr'><strong>μή</strong></span> <span class='ocrx_word' id='word_1_290' title='bbox 767 2127 868 2163; x_wconf 88' lang='grc' dir='ltr'><strong>που</strong></span> <span class='ocrx_word' id='word_1_291' title='bbox 897 2107 1049 2178; x_wconf 83' lang='grc' dir='ltr'>τύχοι</span> <span class='ocrx_word' id='word_1_292' title='bbox 1087 2105 1277 2177; x_wconf 82' lang='grc' dir='ltr'>παρὼν</span> <span class='ocrx_word' id='word_1_293' title='bbox 1306 2108 1333 2159; x_wconf 86' lang='grc' dir='ltr'>ὁ</span> <span class='ocrx_word' id='word_1_294' title='bbox 1362 2105 1471 2159; x_wconf 82' lang='grc' dir='ltr'><strong>τῶν</strong></span> <span class='ocrx_word' id='word_1_295' title='bbox 1512 2107 1799 2176; x_wconf 79' lang='grc' dir='ltr'>Ῥωμαίων</span> <span class='ocrx_word' id='word_1_296' title='bbox 1866 2108 2070 2175; x_wconf 86' lang='grc' dir='ltr'>στόλος,</span> <span class='ocrx_word' id='word_1_297' title='bbox 2127 2115 2221 2167; x_wconf 82' lang='grc' dir='ltr'><strong>καὶ</strong></span> <span class='ocrx_word' id='word_1_298' title='bbox 2259 2114 2409 2168; x_wconf 85' lang='grc' dir='ltr'>λάθοι</span> <span class='ocrx_word' id='word_1_299' title='bbox 2450 2113 2569 2168; x_wconf 85' lang='grc' dir='ltr'>κατ’</span> <span class='ocrx_word' id='word_1_300' title='bbox 2636 2113 2815 2167; x_wconf 72' lang='grc' dir='ltr'>αὐτῶν</span> <span class='ocrx_word' id='word_1_301' title='bbox 2883 2112 3126 2167; x_wconf 78' lang='grc' dir='ltr'>ἐπίνοιάν</span> <span class='ocrx_word' id='word_1_302' title='bbox 3180 2128 3297 2165; x_wconf 89' lang='grc' dir='ltr'>τινα</span> <span class='ocrx_word' id='word_1_303' title='bbox 3362 2110 3656 2181; x_wconf 71' lang='grc' dir='ltr'>μοχθηρὰν</span> 
     </span>
    </p>
   </div>
   <div class='ocr_carea' id='block_1_45' title="bbox 378 2197 2940 2276">
    <p class='ocr_par' dir='ltr' id='par_1_45' title="bbox 378 2197 2940 2276">
     <span class='ocr_line' id='line_1_45' title="bbox 378 2197 2940 2276; baseline -0.002 -15"><span class='ocrx_word' id='word_1_304' title='bbox 378 2209 771 2276; x_wconf 73' lang='grc' dir='ltr'>ἐργασάμενος.</span> <span class='ocrx_word' id='word_1_305' title='bbox 798 2201 894 2255; x_wconf 80' lang='grc' dir='ltr'>Διὰ</span> <span class='ocrx_word' id='word_1_306' title='bbox 915 2200 1074 2255; x_wconf 86' lang='grc' dir='ltr'>τοῦτο</span> <span class='ocrx_word' id='word_1_307' title='bbox 1113 2199 1300 2254; x_wconf 81' lang='grc' dir='ltr'>ἄλλοτε</span> <span class='ocrx_word' id='word_1_308' title='bbox 1330 2197 1494 2261; x_wconf 80' lang='grc' dir='ltr'>ἄλλας</span> <span class='ocrx_word' id='word_1_309' title='bbox 1520 2200 1716 2268; x_wconf 83' lang='grc' dir='ltr'>νήσους</span> <span class='ocrx_word' id='word_1_310' title='bbox 1745 2198 1995 2272; x_wconf 85' lang='grc' dir='ltr'>καθάπερ</span> <span class='ocrx_word' id='word_1_311' title='bbox 2034 2204 2175 2268; x_wconf 80' lang='grc' dir='ltr'>τ;νὲς</span> <span class='ocrx_word' id='word_1_312' title='bbox 2209 2205 2477 2275; x_wconf 78' lang='grc' dir='ltr'>πλανῆται</span> <span class='ocrx_word' id='word_1_313' title='bbox 2504 2204 2940 2276; x_wconf 80' lang='grc' dir='ltr'>περιηρχόμεθα.</span> 
     </span>
    </p>
   </div>
   <div class='ocr_carea' id='block_1_46' title="bbox 451 2296 1959 2368">
    <p class='ocr_par' dir='ltr' id='par_1_46' title="bbox 451 2296 1959 2368">
     <span class='ocr_line' id='line_1_46' title="bbox 451 2296 1959 2368; baseline -0.005 -10"><span class='ocrx_word' id='word_1_314' title='bbox 451 2304 540 2359; x_wconf 84' lang='lat'><strong>68.</strong></span> <span class='ocrx_word' id='word_1_315' title='bbox 606 2301 744 2356; x_wconf 90' lang='lat' dir='ltr'><strong>Dum</strong></span> <span class='ocrx_word' id='word_1_316' title='bbox 780 2298 886 2353; x_wconf 85' lang='lat' dir='ltr'><strong>hoc</strong></span> <span class='ocrx_word' id='word_1_317' title='bbox 916 2305 1079 2368; x_wconf 89' lang='lat' dir='ltr'><strong>pacto</strong></span> <span class='ocrx_word' id='word_1_318' title='bbox 1102 2311 1382 2367; x_wconf 79' lang='lat' dir='ltr'><strong>vagamur,</strong></span> <span class='ocrx_word' id='word_1_319' title='bbox 1417 2296 1471 2349; x_wconf 92' lang='lat' dir='ltr'><strong>in</strong></span> <span class='ocrx_word' id='word_1_320' title='bbox 1524 2296 1775 2350; x_wconf 88' lang='lat' dir='ltr'><strong>Palmum</strong></span> <span class='ocrx_word' id='word_1_321' title='bbox 1803 2296 1959 2351; x_wconf 84' lang='lat' dir='ltr'><strong>insu-</strong></span> 
     </span>
    </p>
   </div>
   <div class='ocr_carea' id='block_1_47' title="bbox 379 2388 1957 2459">
    <p class='ocr_par' dir='ltr' id='par_1_47' title="bbox 379 2388 1957 2459">
     <span class='ocr_line' id='line_1_47' title="bbox 379 2388 1957 2459; baseline -0.007 -5"><span class='ocrx_word' id='word_1_322' title='bbox 379 2400 488 2454; x_wconf 86' lang='lat' dir='ltr'><strong>lam</strong></span> <span class='ocrx_word' id='word_1_323' title='bbox 512 2392 875 2457; x_wconf 78' lang='lat' dir='ltr'><strong>deﬂeximus;</strong></span> <span class='ocrx_word' id='word_1_324' title='bbox 908 2390 961 2444; x_wconf 92' lang='lat' dir='ltr'><strong>in</strong></span> <span class='ocrx_word' id='word_1_325' title='bbox 994 2404 1100 2459; x_wconf 89' lang='lat' dir='ltr'><strong>qua</strong></span> <span class='ocrx_word' id='word_1_326' title='bbox 1136 2403 1232 2451; x_wconf 82' lang='lat' dir='ltr'><strong>sex</strong></span> <span class='ocrx_word' id='word_1_327' title='bbox 1256 2388 1375 2443; x_wconf 91' lang='lat' dir='ltr'><strong>dies</strong></span> <span class='ocrx_word' id='word_1_328' title='bbox 1405 2388 1675 2442; x_wconf 89' lang='lat' dir='ltr'><strong>malorum</strong></span> <span class='ocrx_word' id='word_1_329' title='bbox 1710 2389 1957 2443; x_wconf 88' lang='lat' dir='ltr'><strong>omnium</strong></span> 
     </span>
    </p>
   </div>
   <div class='ocr_carea' id='block_1_48' title="bbox 380 2478 1958 2560">
    <p class='ocr_par' dir='ltr' id='par_1_48' title="bbox 380 2478 1958 2560">
     <span class='ocr_line' id='line_1_48' title="bbox 380 2478 1958 2560; baseline -0.006 -16"><span class='ocrx_word' id='word_1_330' title='bbox 380 2483 778 2560; x_wconf 80' lang='lat' dir='ltr'><strong>experimentis</strong></span> <span class='ocrx_word' id='word_1_331' title='bbox 801 2480 1042 2536; x_wconf 81' lang='lat' dir='ltr'><strong>divexati</strong></span> <span class='ocrx_word' id='word_1_332' title='bbox 1083 2479 1406 2535; x_wconf 85' lang='lat' dir='ltr'><strong>mansimus.</strong></span> <span class='ocrx_word' id='word_1_333' title='bbox 1446 2478 1584 2535; x_wconf 84' lang='lat' dir='ltr'><strong>Cum</strong></span> <span class='ocrx_word' id='word_1_334' title='bbox 1612 2480 1772 2550; x_wconf 77' lang='lat'><strong>581</strong></span> <span class='ocrx_word' id='word_1_335' title='bbox 1810 2480 1958 2535; x_wconf 88' lang='lat' dir='ltr'><strong>enim</strong></span> 
     </span>
    </p>
   </div>
   <div class='ocr_carea' id='block_1_49' title="bbox 380 2571 1958 2644">
    <p class='ocr_par' dir='ltr' id='par_1_49' title="bbox 380 2571 1958 2644">
     <span class='ocr_line' id='line_1_49' title="bbox 380 2571 1958 2644; baseline -0.006 -9"><span class='ocrx_word' id='word_1_336' title='bbox 380 2582 536 2636; x_wconf 91' lang='lat' dir='ltr'><strong>locus</strong></span> <span class='ocrx_word' id='word_1_337' title='bbox 565 2584 711 2633; x_wconf 87' lang='lat' dir='ltr'><strong>esset</strong></span> <span class='ocrx_word' id='word_1_338' title='bbox 736 2575 1058 2644; x_wconf 86' lang='lat' dir='ltr'><strong>inaquosus,</strong></span> <span class='ocrx_word' id='word_1_339' title='bbox 1095 2572 1216 2628; x_wconf 86' lang='lat' dir='ltr'><strong>sitis</strong></span> <span class='ocrx_word' id='word_1_340' title='bbox 1249 2571 1497 2642; x_wconf 83' lang='lat' dir='ltr'><strong>captivos</strong></span> <span class='ocrx_word' id='word_1_341' title='bbox 1521 2573 1793 2627; x_wconf 82' lang='lat' dir='ltr'><strong>vastabat.</strong></span> <span class='ocrx_word' id='word_1_342' title='bbox 1837 2572 1958 2628; x_wconf 86' lang='lat' dir='ltr'><strong>Non</strong></span> 
     </span>
    </p>
   </div>
   <div class='ocr_carea' id='block_1_50' title="bbox 383 2664 1960 2736">
    <p class='ocr_par' dir='ltr' id='par_1_50' title="bbox 383 2664 1960 2736">
     <span class='ocr_line' id='line_1_50' title="bbox 383 2664 1960 2736; baseline -0.006 -8"><span class='ocrx_word' id='word_1_343' title='bbox 383 2673 533 2729; x_wconf 88' lang='lat' dir='ltr'><strong>enim</strong></span> <span class='ocrx_word' id='word_1_344' title='bbox 568 2678 782 2725; x_wconf 89' lang='lat' dir='ltr'><strong>tantum</strong></span> <span class='ocrx_word' id='word_1_345' title='bbox 811 2681 965 2736; x_wconf 67' lang='lat' dir='ltr'><strong>aqua:</strong></span> <span class='ocrx_word' id='word_1_346' title='bbox 996 2664 1157 2719; x_wconf 89' lang='lat' dir='ltr'><strong>nobis</strong></span> <span class='ocrx_word' id='word_1_347' title='bbox 1184 2664 1532 2734; x_wconf 68' lang='lat' dir='ltr'><strong>praabebatur</strong></span> <span class='ocrx_word' id='word_1_348' title='bbox 1561 2674 1830 2734; x_wconf 85' lang='lat' dir='ltr'><strong>quantum</strong></span> <span class='ocrx_word' id='word_1_349' title='bbox 1873 2673 1960 2720; x_wconf 89' lang='lat' dir='ltr'><strong>sat</strong></span> 
     </span>
    </p>
   </div>
   <div class='ocr_carea' id='block_1_51' title="bbox 384 2756 1962 2826">
    <p class='ocr_par' dir='ltr' id='par_1_51' title="bbox 384 2756 1962 2826">
     <span class='ocr_line' id='line_1_51' title="bbox 384 2756 1962 2826; baseline -0.004 -9"><span class='ocrx_word' id='word_1_350' title='bbox 384 2770 531 2819; x_wconf 88' lang='lat' dir='ltr'><strong>esset</strong></span> <span class='ocrx_word' id='word_1_351' title='bbox 574 2760 642 2816; x_wconf 88' lang='lat' dir='ltr'><strong>ad</strong></span> <span class='ocrx_word' id='word_1_352' title='bbox 689 2759 859 2814; x_wconf 87' lang='lat' dir='ltr'><strong>vitam</strong></span> <span class='ocrx_word' id='word_1_353' title='bbox 912 2756 1369 2818; x_wconf 88' lang='lat' dir='ltr'><strong>sustentandam,</strong></span> <span class='ocrx_word' id='word_1_354' title='bbox 1419 2756 1516 2813; x_wconf 89' lang='lat' dir='ltr'><strong>sed</strong></span> <span class='ocrx_word' id='word_1_355' title='bbox 1575 2767 1842 2826; x_wconf 89' lang='lat' dir='ltr'><strong>quantum</strong></span> <span class='ocrx_word' id='word_1_356' title='bbox 1894 2757 1962 2811; x_wconf 89' lang='lat' dir='ltr'><strong>ad</strong></span> 
     </span>
    </p>
   </div>
   <div class='ocr_carea' id='block_1_52' title="bbox 385 2846 1963 2921">
    <p class='ocr_par' dir='ltr' id='par_1_52' title="bbox 385 2846 1963 2921">
     <span class='ocr_line' id='line_1_52' title="bbox 385 2846 1963 2921; baseline -0.003 -12"><span class='ocrx_word' id='word_1_357' title='bbox 385 2862 641 2916; x_wconf 88' lang='lat' dir='ltr'><strong>mortem,</strong></span> <span class='ocrx_word' id='word_1_358' title='bbox 695 2851 866 2921; x_wconf 88' lang='lat' dir='ltr'><strong>ipsam</strong></span> <span class='ocrx_word' id='word_1_359' title='bbox 920 2850 1031 2920; x_wconf 84' lang='lat' dir='ltr'><strong>jam</strong></span> <span class='ocrx_word' id='word_1_360' title='bbox 1070 2846 1441 2919; x_wconf 80' lang='lat' dir='ltr'><strong>ingruentem,</strong></span> <span class='ocrx_word' id='word_1_361' title='bbox 1482 2850 1752 2919; x_wconf 83' lang='lat' dir='ltr'><strong>tantisper</strong></span> <span class='ocrx_word' id='word_1_362' title='bbox 1779 2866 1963 2905; x_wconf 85' lang='lat' dir='ltr'><strong>remo-</strong></span> 
     </span>
    </p>
   </div>
   <div class='ocr_carea' id='block_1_53' title="bbox 386 2937 1965 3010">
    <p class='ocr_par' dir='ltr' id='par_1_53' title="bbox 386 2937 1965 3010">
     <span class='ocr_line' id='line_1_53' title="bbox 386 2937 1965 3010; baseline -0.003 -12"><span class='ocrx_word' id='word_1_363' title='bbox 386 2942 654 3007; x_wconf 89' lang='lat' dir='ltr'><strong>randam;</strong></span> <span class='ocrx_word' id='word_1_364' title='bbox 704 2953 868 3010; x_wconf 90' lang='lat' dir='ltr'><strong>quam</strong></span> <span class='ocrx_word' id='word_1_365' title='bbox 926 2938 1143 3003; x_wconf 85' lang='lat' dir='ltr'><strong>bibens,</strong></span> <span class='ocrx_word' id='word_1_366' title='bbox 1203 2937 1312 2991; x_wconf 89' lang='lat' dir='ltr'><strong>nisi</strong></span> <span class='ocrx_word' id='word_1_367' title='bbox 1370 2938 1426 2991; x_wconf 89' lang='lat' dir='ltr'><strong>in</strong></span> <span class='ocrx_word' id='word_1_368' title='bbox 1484 2938 1600 3009; x_wconf 88' lang='lat' dir='ltr'><strong>ipsa</strong></span> <span class='ocrx_word' id='word_1_369' title='bbox 1654 2940 1965 3010; x_wconf 79' lang='lat' dir='ltr'><strong>gustatione</strong></span> 
     </span>
    </p>
   </div>
   <div class='ocr_carea' id='block_1_54' title="bbox 388 3028 1963 3105">
    <p class='ocr_par' dir='ltr' id='par_1_54' title="bbox 388 3028 1963 3105">
     <span class='ocr_line' id='line_1_54' title="bbox 388 3028 1963 3105; baseline -0.004 -15"><span class='ocrx_word' id='word_1_370' title='bbox 388 3032 723 3105; x_wconf 90' lang='lat' dir='ltr'><strong>compressis</strong></span> <span class='ocrx_word' id='word_1_371' title='bbox 766 3029 1017 3095; x_wconf 83' lang='lat' dir='ltr'><strong>naribus,</strong></span> <span class='ocrx_word' id='word_1_372' title='bbox 1049 3044 1118 3083; x_wconf 88' lang='lat' dir='ltr'><strong>ne</strong></span> <span class='ocrx_word' id='word_1_373' title='bbox 1161 3043 1191 3083; x_wconf 92' lang='lat' dir='ltr'><strong>a</strong></span> <span class='ocrx_word' id='word_1_374' title='bbox 1230 3028 1505 3099; x_wconf 91' lang='lat' dir='ltr'><strong>principio</strong></span> <span class='ocrx_word' id='word_1_375' title='bbox 1540 3030 1963 3099; x_wconf 80' lang='lat' dir='ltr'><strong>graveolentiam</strong></span> 
     </span>
    </p>
   </div>
   <div class='ocr_carea' id='block_1_55' title="bbox 2143 2300 3657 2374">
    <p class='ocr_par' dir='ltr' id='par_1_55' title="bbox 2143 2300 3657 2374">
     <span class='ocr_line' id='line_1_55' title="bbox 2143 2300 3657 2374; baseline -0.001 -18"><span class='ocrx_word' id='word_1_376' title='bbox 2143 2304 2244 2373; x_wconf 83' lang='grc' dir='ltr'><strong>ξη’.</strong></span> <span class='ocrx_word' id='word_1_377' title='bbox 2293 2302 2449 2355; x_wconf 76' lang='grc' dir='ltr'>Οῦτω</span> <span class='ocrx_word' id='word_1_378' title='bbox 2497 2303 2552 2356; x_wconf 78' lang='grc' dir='ltr'>δὲ</span> <span class='ocrx_word' id='word_1_379' title='bbox 2604 2303 2895 2374; x_wconf 81' lang='grc' dir='ltr'>φερόμενοι</span> <span class='ocrx_word' id='word_1_380' title='bbox 2942 2303 3359 2371; x_wconf 73' lang='grc' dir='ltr'>κατηντήσαμεν</span> <span class='ocrx_word' id='word_1_381' title='bbox 3407 2300 3485 2364; x_wconf 78' lang='grc' dir='ltr'><strong>εἷς</strong></span> <span class='ocrx_word' id='word_1_382' title='bbox 3530 2319 3657 2355; x_wconf 80' lang='grc' dir='ltr'>τινα</span> 
     </span>
    </p>
   </div>
   <div class='ocr_carea' id='block_1_56' title="bbox 2066 2391 3659 2466">
    <p class='ocr_par' dir='ltr' id='par_1_56' title="bbox 2066 2391 3659 2466">
     <span class='ocr_line' id='line_1_56' title="bbox 2066 2391 3659 2466; baseline -0.001 -17"><span class='ocrx_word' id='word_1_383' title='bbox 2066 2397 2228 2466; x_wconf 80' lang='grc' dir='ltr'>νῆσον</span> <span class='ocrx_word' id='word_1_384' title='bbox 2279 2397 2504 2465; x_wconf 84' lang='grc' dir='ltr'>Πάτμον</span> <span class='ocrx_word' id='word_1_385' title='bbox 2532 2394 2905 2465; x_wconf 77' lang='grc' dir='ltr'>καλουμένην·</span> <span class='ocrx_word' id='word_1_386' title='bbox 2958 2392 3087 2446; x_wconf 75' lang='grc' dir='ltr'>ἔνθα</span> <span class='ocrx_word' id='word_1_387' title='bbox 3134 2391 3197 2463; x_wconf 85' lang='grc' dir='ltr'>δὴ</span> <span class='ocrx_word' id='word_1_388' title='bbox 3226 2392 3321 2445; x_wconf 62' lang='grc' dir='ltr'><strong>καλ⁷</strong></span> <span class='ocrx_word' id='word_1_389' title='bbox 3354 2395 3659 2465; x_wconf 81' lang='grc' dir='ltr'>προσεμεί-</span> 
     </span>
    </p>
   </div>
   <div class='ocr_carea' id='block_1_57' title="bbox 2059 2481 3654 2558">
    <p class='ocr_par' dir='ltr' id='par_1_57' title="bbox 2059 2481 3654 2558">
     <span class='ocr_line' id='line_1_57' title="bbox 2059 2481 3654 2558; baseline -0.003 -17"><span class='ocrx_word' id='word_1_390' title='bbox 2059 2504 2230 2558; x_wconf 81' lang='grc' dir='ltr'>ναμεν</span> <span class='ocrx_word' id='word_1_391' title='bbox 2266 2486 2323 2554; x_wconf 78' lang='grc' dir='ltr'><strong>ἓξ</strong></span> <span class='ocrx_word' id='word_1_392' title='bbox 2365 2486 2606 2558; x_wconf 78' lang='grc' dir='ltr'>ἡμέρας,</span> <span class='ocrx_word' id='word_1_393' title='bbox 2656 2484 2857 2548; x_wconf 77' lang='grc' dir='ltr'>παντὸς</span> <span class='ocrx_word' id='word_1_394' title='bbox 2896 2481 3135 2555; x_wconf 77' lang='grc' dir='ltr'>χαλεποῦ</span> <span class='ocrx_word' id='word_1_395' title='bbox 3180 2486 3375 2554; x_wconf 80' lang='grc' dir='ltr'>πεῖραν</span> <span class='ocrx_word' id='word_1_396' title='bbox 3417 2486 3472 2537; x_wconf 73' lang='grc' dir='ltr'>ὲν</span> <span class='ocrx_word' id='word_1_397' title='bbox 3511 2484 3654 2554; x_wconf 73' lang='grc' dir='ltr'>αὐτῇ</span> 
     </span>
    </p>
   </div>
   <div class='ocr_carea' id='block_1_58' title="bbox 2060 2573 3651 2647">
    <p class='ocr_par' dir='ltr' id='par_1_58' title="bbox 2060 2573 3651 2647">
     <span class='ocr_line' id='line_1_58' title="bbox 2060 2573 3651 2647; baseline 0.001 -18"><span class='ocrx_word' id='word_1_398' title='bbox 2060 2577 2557 2646; x_wconf 84' lang='grc' dir='ltr'>καθυπομένοντες.</span> <span class='ocrx_word' id='word_1_399' title='bbox 2589 2575 2845 2646; x_wconf 85' lang='grc' dir='ltr'>Ἀνύδρου</span> <span class='ocrx_word' id='word_1_400' title='bbox 2866 2574 2975 2647; x_wconf 86' lang='grc' dir='ltr'>γὰρ</span> <span class='ocrx_word' id='word_1_401' title='bbox 3004 2574 3157 2639; x_wconf 72' lang='grc' dir='ltr'>ὄντος</span> <span class='ocrx_word' id='word_1_402' title='bbox 3178 2573 3272 2627; x_wconf 86' lang='grc' dir='ltr'><strong>τοῦ</strong></span> <span class='ocrx_word' id='word_1_403' title='bbox 3300 2574 3466 2627; x_wconf 86' lang='grc' dir='ltr'>τόπου</span> <span class='ocrx_word' id='word_1_404' title='bbox 3495 2576 3651 2647; x_wconf 72' lang='grc' dir='ltr'>ὲληῖ-</span> 
     </span>
    </p>
   </div>
   <div class='ocr_carea' id='block_1_59' title="bbox 2069 2668 3660 2740">
    <p class='ocr_par' dir='ltr' id='par_1_59' title="bbox 2069 2668 3660 2740">
     <span class='ocr_line' id='line_1_59' title="bbox 2069 2668 3660 2740; baseline 0 -18"><span class='ocrx_word' id='word_1_405' title='bbox 2069 2668 2194 2732; x_wconf 81' lang='grc' dir='ltr'>ζετο</span> <span class='ocrx_word' id='word_1_406' title='bbox 2223 2670 2349 2733; x_wconf 74' lang='grc' dir='ltr'>τοὺς</span> <span class='ocrx_word' id='word_1_407' title='bbox 2400 2668 2838 2740; x_wconf 80' lang='grc' dir='ltr'>αἰχμαλώτουςὴ</span> <span class='ocrx_word' id='word_1_408' title='bbox 2871 2668 3019 2739; x_wconf 78' lang='grc' dir='ltr'>δίψα.</span> <span class='ocrx_word' id='word_1_409' title='bbox 3050 2668 3125 2721; x_wconf 84' lang='grc' dir='ltr'>Ού</span> <span class='ocrx_word' id='word_1_410' title='bbox 3159 2669 3265 2739; x_wconf 80' lang='grc' dir='ltr'>γὰρ</span> <span class='ocrx_word' id='word_1_411' title='bbox 3294 2668 3494 2722; x_wconf 77' lang='grc' dir='ltr'>ἐδίδοτο</span> <span class='ocrx_word' id='word_1_412' title='bbox 3522 2671 3660 2739; x_wconf 72' lang='grc' dir='ltr'>ήμῖν</span> 
     </span>
    </p>
   </div>
   <div class='ocr_carea' id='block_1_60' title="bbox 2072 2756 3659 2830">
    <p class='ocr_par' dir='ltr' id='par_1_60' title="bbox 2072 2756 3659 2830">
     <span class='ocr_line' id='line_1_60' title="bbox 2072 2756 3659 2830; baseline -0.001 -20"><span class='ocrx_word' id='word_1_413' title='bbox 2072 2757 2217 2830; x_wconf 82' lang='grc' dir='ltr'>ὓδωρ</span> <span class='ocrx_word' id='word_1_414' title='bbox 2261 2759 2384 2812; x_wconf 88' lang='grc' dir='ltr'>ὅσον</span> <span class='ocrx_word' id='word_1_415' title='bbox 2418 2760 2555 2829; x_wconf 74' lang='grc' dir='ltr'>πρὸς</span> <span class='ocrx_word' id='word_1_416' title='bbox 2588 2757 2849 2812; x_wconf 91' lang='grc' dir='ltr'>σύστασιν</span> <span class='ocrx_word' id='word_1_417' title='bbox 2895 2758 2997 2826; x_wconf 81' lang='grc' dir='ltr'><strong>τῆς</strong></span> <span class='ocrx_word' id='word_1_418' title='bbox 3051 2756 3197 2829; x_wconf 79' lang='grc' dir='ltr'>ζωῆς</span> <span class='ocrx_word' id='word_1_419' title='bbox 3232 2758 3486 2829; x_wconf 79' lang='grc' dir='ltr'>ἐπήρκει,</span> <span class='ocrx_word' id='word_1_420' title='bbox 3535 2759 3659 2813; x_wconf 80' lang='grc' dir='ltr'>ἀλλ’</span> 
     </span>
    </p>
   </div>
   <div class='ocr_carea' id='block_1_61' title="bbox 2070 2848 3657 2920">
    <p class='ocr_par' dir='ltr' id='par_1_61' title="bbox 2070 2848 3657 2920">
     <span class='ocr_line' id='line_1_61' title="bbox 2070 2848 3657 2920; baseline 0.001 -19"><span class='ocrx_word' id='word_1_421' title='bbox 2070 2848 2192 2901; x_wconf 77' lang='grc' dir='ltr'>ὅσον</span> <span class='ocrx_word' id='word_1_422' title='bbox 2217 2848 2576 2918; x_wconf 77' lang='grc' dir='ltr'>ὲμῦραδύνειν</span> <span class='ocrx_word' id='word_1_423' title='bbox 2625 2848 2798 2902; x_wconf 73' lang='grc' dir='ltr'>ἐποίει</span> <span class='ocrx_word' id='word_1_424' title='bbox 2841 2849 3046 2919; x_wconf 83' lang='grc' dir='ltr'>καίπερ</span> <span class='ocrx_word' id='word_1_425' title='bbox 3078 2849 3326 2920; x_wconf 78' lang='grc' dir='ltr'>παρόντα</span> <span class='ocrx_word' id='word_1_426' title='bbox 3357 2851 3449 2902; x_wconf 70' lang='grc' dir='ltr'>τὸν</span> <span class='ocrx_word' id='word_1_427' title='bbox 3481 2849 3657 2904; x_wconf 80' lang='grc' dir='ltr'>Θάνα-</span> 
     </span>
    </p>
   </div>
   <div class='ocr_carea' id='block_1_62' title="bbox 2070 2933 3663 3015">
    <p class='ocr_par' dir='ltr' id='par_1_62' title="bbox 2070 2933 3663 3015">
     <span class='ocr_line' id='line_1_62' title="bbox 2070 2933 3663 3015; baseline 0.003 -24"><span class='ocrx_word' id='word_1_428' title='bbox 2070 2956 2161 2991; x_wconf 88' lang='grc' dir='ltr'><strong>τον</strong></span> <span class='ocrx_word' id='word_1_429' title='bbox 2183 2956 2196 2971; x_wconf 76' lang='grc' dir='ltr'><strong><em>ο</em></strong></span> <span class='ocrx_word' id='word_1_430' title='bbox 2225 2933 2397 3011; x_wconf 81' lang='grc' dir='ltr'>οῦπερ</span> <span class='ocrx_word' id='word_1_431' title='bbox 2431 2941 2457 2992; x_wconf 83' lang='grc' dir='ltr'>ὁ</span> <span class='ocrx_word' id='word_1_432' title='bbox 2487 2940 2749 3011; x_wconf 83' lang='grc' dir='ltr'>μετέχων,</span> <span class='ocrx_word' id='word_1_433' title='bbox 2782 2942 2830 2994; x_wconf 83' lang='grc' dir='ltr'><strong>εί</strong></span> <span class='ocrx_word' id='word_1_434' title='bbox 2866 2941 2942 3012; x_wconf 82' lang='grc' dir='ltr'><strong>μὴ</strong></span> <span class='ocrx_word' id='word_1_435' title='bbox 2968 2941 3066 3012; x_wconf 79' lang='grc' dir='ltr'><strong>τὴν</strong></span> <span class='ocrx_word' id='word_1_436' title='bbox 3097 2940 3365 3013; x_wconf 79' lang='grc' dir='ltr'>ὄσφρησιν</span> <span class='ocrx_word' id='word_1_437' title='bbox 3390 2945 3533 2996; x_wconf 86' lang='grc' dir='ltr'><strong>κατά</strong></span> <span class='ocrx_word' id='word_1_438' title='bbox 3556 2942 3663 3015; x_wconf 72' lang='grc' dir='ltr'>τὴν</span> 
     </span>
    </p>
   </div>
   <div class='ocr_carea' id='block_1_63' title="bbox 2071 3031 3672 3105">
    <p class='ocr_par' dir='ltr' id='par_1_63' title="bbox 2071 3031 3672 3105">
     <span class='ocr_line' id='line_1_63' title="bbox 2071 3031 3672 3105; baseline 0.003 -21"><span class='ocrx_word' id='word_1_439' title='bbox 2071 3031 2261 3100; x_wconf 85' lang='grc' dir='ltr'>γεῦσιν</span> <span class='ocrx_word' id='word_1_440' title='bbox 2296 3033 2514 3102; x_wconf 77' lang='grc' dir='ltr'>ἐπεῖχεν</span> <span class='ocrx_word' id='word_1_441' title='bbox 2539 3034 2615 3096; x_wconf 87' lang='grc' dir='ltr'>ὡς</span> <span class='ocrx_word' id='word_1_442' title='bbox 2655 3033 2731 3104; x_wconf 82' lang='grc' dir='ltr'>μὴ</span> <span class='ocrx_word' id='word_1_443' title='bbox 2784 3033 2905 3087; x_wconf 81' lang='grc' dir='ltr'>κατ’</span> <span class='ocrx_word' id='word_1_444' title='bbox 2957 3034 3134 3105; x_wconf 82' lang='grc' dir='ltr'>ἀρχάς</span> <span class='ocrx_word' id='word_1_445' title='bbox 3162 3034 3261 3103; x_wconf 80' lang='grc' dir='ltr'><strong>τῆς</strong></span> <span class='ocrx_word' id='word_1_446' title='bbox 3312 3036 3479 3090; x_wconf 70' lang='grc' dir='ltr'>αὐτοῦ</span> <span class='ocrx_word' id='word_1_447' title='bbox 3532 3036 3672 3089; x_wconf 81' lang='grc' dir='ltr'>δυσ-</span> 
     </span>
    </p>
   </div>
   <div class='ocr_carea' id='block_1_64' title="bbox 388 3121 1961 3199">
    <p class='ocr_par' dir='ltr' id='par_1_64' title="bbox 388 3121 1961 3199">
     <span class='ocr_line' id='line_1_64' title="bbox 388 3121 1961 3199; baseline -0.004 -16"><span class='ocrx_word' id='word_1_448' title='bbox 388 3126 835 3199; x_wconf 86' lang='lat' dir='ltr'><strong>persentisceret,</strong></span> <span class='ocrx_word' id='word_1_449' title='bbox 858 3122 1007 3176; x_wconf 90' lang='lat' dir='ltr'><strong>nullo</strong></span> <span class='ocrx_word' id='word_1_450' title='bbox 1026 3121 1187 3176; x_wconf 91' lang='lat' dir='ltr'><strong>modo</strong></span> <span class='ocrx_word' id='word_1_451' title='bbox 1205 3121 1431 3176; x_wconf 88' lang='lat' dir='ltr'><strong>haurire</strong></span> <span class='ocrx_word' id='word_1_452' title='bbox 1450 3131 1684 3191; x_wconf 81' lang='lat' dir='ltr'><strong>poterat,</strong></span> <span class='ocrx_word' id='word_1_453' title='bbox 1706 3138 1828 3177; x_wconf 88' lang='lat' dir='ltr'><strong>cum</strong></span> <span class='ocrx_word' id='word_1_454' title='bbox 1848 3132 1961 3177; x_wconf 65' lang='lat' dir='ltr'><strong>ante</strong></span> 
     </span>
    </p>
   </div>
   <div class='ocr_carea' id='block_1_65' title="bbox 2071 3121 3672 3199">
    <p class='ocr_par' dir='ltr' id='par_1_65' title="bbox 2078 3124 3672 3199">
     <span class='ocr_line' id='line_1_65' title="bbox 2078 3124 3672 3199; baseline 0.004 -22"><span class='ocrx_word' id='word_1_455' title='bbox 2078 3124 2239 3188; x_wconf 79' lang='grc' dir='ltr'>ωδέας</span> <span class='ocrx_word' id='word_1_456' title='bbox 2267 3126 2716 3198; x_wconf 79' lang='grc' dir='ltr'>ὲπαισθανθῆναι,</span> <span class='ocrx_word' id='word_1_457' title='bbox 2746 3124 2853 3180; x_wconf 72' lang='grc' dir='ltr'>οὐδ’</span> <span class='ocrx_word' id='word_1_458' title='bbox 2887 3126 3022 3191; x_wconf 86' lang='grc' dir='ltr'>ὃλως</span> <span class='ocrx_word' id='word_1_459' title='bbox 3058 3126 3249 3180; x_wconf 87' lang='grc' dir='ltr'>τούτου</span> <span class='ocrx_word' id='word_1_460' title='bbox 3278 3132 3672 3199; x_wconf 81' lang='grc' dir='ltr'>παρεχωρεῖτο</span> 
     </span>
    </p>
   </div>
   <div class='ocr_carea' id='block_1_66' title="bbox 389 3212 1970 3287">
    <p class='ocr_par' dir='ltr' id='par_1_66' title="bbox 389 3212 1970 3287">
     <span class='ocr_line' id='line_1_66' title="bbox 389 3212 1970 3287; baseline -0.004 -14"><span class='ocrx_word' id='word_1_461' title='bbox 389 3219 554 3273; x_wconf 88' lang='lat' dir='ltr'><strong>etiam</strong></span> <span class='ocrx_word' id='word_1_462' title='bbox 586 3216 867 3287; x_wconf 90' lang='lat' dir='ltr'><strong>potionem</strong></span> <span class='ocrx_word' id='word_1_463' title='bbox 898 3228 1039 3267; x_wconf 90' lang='lat' dir='ltr'><strong>unus</strong></span> <span class='ocrx_word' id='word_1_464' title='bbox 1078 3212 1194 3284; x_wconf 83' lang='lat' dir='ltr'><strong>ipse</strong></span> <span class='ocrx_word' id='word_1_465' title='bbox 1228 3219 1483 3282; x_wconf 89' lang='lat' dir='ltr'><strong>aspectus</strong></span> <span class='ocrx_word' id='word_1_466' title='bbox 1521 3223 1771 3267; x_wconf 87' lang='lat' dir='ltr'><strong>naturam</strong></span> <span class='ocrx_word' id='word_1_467' title='bbox 1796 3212 1970 3267; x_wconf 77' lang='lat' dir='ltr'><strong>oﬂ‘en—</strong></span> 
     </span>
    </p>
   </div>
   <div class='ocr_carea' id='block_1_67' title="bbox 390 3306 1970 3376">
    <p class='ocr_par' dir='ltr' id='par_1_67' title="bbox 390 3306 1970 3376">
     <span class='ocr_line' id='line_1_67' title="bbox 390 3306 1970 3376; baseline -0.005 -8"><span class='ocrx_word' id='word_1_468' title='bbox 390 3312 547 3369; x_wconf 89' lang='lat' dir='ltr'><strong>deret</strong></span> <span class='ocrx_word' id='word_1_469' title='bbox 579 3326 641 3365; x_wconf 89' lang='lat' dir='ltr'><strong>ac</strong></span> <span class='ocrx_word' id='word_1_470' title='bbox 670 3308 957 3365; x_wconf 89' lang='lat' dir='ltr'><strong>molestius</strong></span> <span class='ocrx_word' id='word_1_471' title='bbox 981 3307 1230 3362; x_wconf 87' lang='lat' dir='ltr'><strong>haberet.</strong></span> <span class='ocrx_word' id='word_1_472' title='bbox 1262 3306 1431 3361; x_wconf 76' lang='lat' dir='ltr'><strong>Porro</strong></span> <span class='ocrx_word' id='word_1_473' title='bbox 1458 3307 1615 3361; x_wconf 90' lang='lat' dir='ltr'><strong>cibus</strong></span> <span class='ocrx_word' id='word_1_474' title='bbox 1643 3306 1798 3376; x_wconf 85' lang='lat' dir='ltr'><strong>panis</strong></span> <span class='ocrx_word' id='word_1_475' title='bbox 1827 3306 1970 3360; x_wconf 89' lang='lat' dir='ltr'><strong>dun-</strong></span> 
     </span>
    </p>
   </div>
   <div class='ocr_carea' id='block_1_68' title="bbox 394 3399 1973 3470">
    <p class='ocr_par' dir='ltr' id='par_1_68' title="bbox 394 3399 1973 3470">
     <span class='ocr_line' id='line_1_68' title="bbox 394 3399 1973 3470; baseline -0.005 -9"><span class='ocrx_word' id='word_1_476' title='bbox 394 3415 539 3461; x_wconf 79' lang='lat' dir='ltr'><strong>taxat</strong></span> <span class='ocrx_word' id='word_1_477' title='bbox 573 3413 821 3459; x_wconf 87' lang='lat' dir='ltr'><strong>crustum</strong></span> <span class='ocrx_word' id='word_1_478' title='bbox 876 3409 1017 3466; x_wconf 90' lang='lat' dir='ltr'><strong>erat,</strong></span> <span class='ocrx_word' id='word_1_479' title='bbox 1072 3401 1237 3469; x_wconf 85' lang='lat' dir='ltr'><strong>idque</strong></span> <span class='ocrx_word' id='word_1_480' title='bbox 1282 3399 1589 3470; x_wconf 91' lang='lat' dir='ltr'><strong>putridum,</strong></span> <span class='ocrx_word' id='word_1_481' title='bbox 1622 3400 1787 3452; x_wconf 84' lang='lat' dir='ltr'><strong>vitam</strong></span> <span class='ocrx_word' id='word_1_482' title='bbox 1816 3414 1973 3454; x_wconf 84' lang='lat' dir='ltr'><strong>ever-</strong></span> 
     </span>
    </p>
   </div>
   <div class='ocr_carea' id='block_1_69' title="bbox 392 3491 1971 3561">
    <p class='ocr_par' dir='ltr' id='par_1_69' title="bbox 392 3491 1971 3561">
     <span class='ocr_line' id='line_1_69' title="bbox 392 3491 1971 3561; baseline -0.005 -7"><span class='ocrx_word' id='word_1_483' title='bbox 392 3509 515 3554; x_wconf 88' lang='lat' dir='ltr'><strong>tens</strong></span> <span class='ocrx_word' id='word_1_484' title='bbox 543 3514 603 3552; x_wconf 87' lang='lat' dir='ltr'><strong>ac</strong></span> <span class='ocrx_word' id='word_1_485' title='bbox 625 3494 1050 3551; x_wconf 87' lang='lat' dir='ltr'><strong>internecinum.</strong></span> <span class='ocrx_word' id='word_1_486' title='bbox 1082 3492 1211 3557; x_wconf 74' lang='lat' dir='ltr'><strong>Quae</strong></span> <span class='ocrx_word' id='word_1_487' title='bbox 1241 3491 1388 3545; x_wconf 90' lang='lat' dir='ltr'><strong>enim</strong></span> <span class='ocrx_word' id='word_1_488' title='bbox 1420 3491 1606 3546; x_wconf 87' lang='lat' dir='ltr'><strong>hostes</strong></span> <span class='ocrx_word' id='word_1_489' title='bbox 1638 3492 1692 3545; x_wconf 91' lang='lat' dir='ltr'><strong>in</strong></span> <span class='ocrx_word' id='word_1_490' title='bbox 1720 3492 1971 3561; x_wconf 86' lang='lat' dir='ltr'><strong>proprios</strong></span> 
     </span>
    </p>
   </div>
   <div class='ocr_carea' id='block_1_70' title="bbox 395 3578 1971 3653">
    <p class='ocr_par' dir='ltr' id='par_1_70' title="bbox 395 3578 1971 3653">
     <span class='ocr_line' id='line_1_70' title="bbox 395 3578 1971 3653; baseline -0.003 -11"><span class='ocrx_word' id='word_1_491' title='bbox 395 3604 528 3643; x_wconf 89' lang='lat' dir='ltr'><strong>usus</strong></span> <span class='ocrx_word' id='word_1_492' title='bbox 566 3587 729 3640; x_wconf 90' lang='lat' dir='ltr'><strong>domo</strong></span> <span class='ocrx_word' id='word_1_493' title='bbox 756 3591 1131 3653; x_wconf 79' lang='lat' dir='ltr'><strong>exportarant,</strong></span> <span class='ocrx_word' id='word_1_494' title='bbox 1177 3597 1303 3636; x_wconf 90' lang='lat' dir='ltr'><strong>cum</strong></span> <span class='ocrx_word' id='word_1_495' title='bbox 1351 3582 1420 3636; x_wconf 90' lang='lat' dir='ltr'><strong>iis</strong></span> <span class='ocrx_word' id='word_1_496' title='bbox 1465 3578 1743 3652; x_wconf 81' lang='lat' dir='ltr'><strong>superﬂua</strong></span> <span class='ocrx_word' id='word_1_497' title='bbox 1786 3591 1971 3637; x_wconf 87' lang='lat' dir='ltr'><strong>essent</strong></span> 
     </span>
    </p>
   </div>
   <div class='ocr_carea' id='block_1_71' title="bbox 394 3674 1970 3748">
    <p class='ocr_par' dir='ltr' id='par_1_71' title="bbox 394 3674 1970 3748">
     <span class='ocr_line' id='line_1_71' title="bbox 394 3674 1970 3748; baseline -0.003 -14"><span class='ocrx_word' id='word_1_498' title='bbox 394 3680 731 3748; x_wconf 78' lang='lat' dir='ltr'><strong>Omninoque</strong></span> <span class='ocrx_word' id='word_1_499' title='bbox 797 3676 943 3730; x_wconf 88' lang='lat' dir='ltr'><strong>carie</strong></span> <span class='ocrx_word' id='word_1_500' title='bbox 996 3674 1226 3741; x_wconf 90' lang='lat' dir='ltr'><strong>vitiata,</strong></span> <span class='ocrx_word' id='word_1_501' title='bbox 1281 3684 1473 3729; x_wconf 91' lang='lat' dir='ltr'><strong>utnec</strong></span> <span class='ocrx_word' id='word_1_502' title='bbox 1523 3675 1631 3729; x_wconf 91' lang='lat' dir='ltr'><strong>ulla</strong></span> <span class='ocrx_word' id='word_1_503' title='bbox 1682 3675 1970 3729; x_wconf 88' lang='lat' dir='ltr'><strong>brutarum</strong></span> 
     </span>
    </p>
   </div>
   <div class='ocr_carea' id='block_1_72' title="bbox 394 3765 1973 3836">
    <p class='ocr_par' dir='ltr' id='par_1_72' title="bbox 394 3765 1973 3836">
     <span class='ocr_line' id='line_1_72' title="bbox 394 3765 1973 3836; baseline -0.004 -10"><span class='ocrx_word' id='word_1_504' title='bbox 394 3771 758 3827; x_wconf 86' lang='lat' dir='ltr'><strong>animantium</strong></span> <span class='ocrx_word' id='word_1_505' title='bbox 816 3768 1007 3823; x_wconf 86' lang='lat' dir='ltr'><strong>saltem</strong></span> <span class='ocrx_word' id='word_1_506' title='bbox 1066 3767 1256 3823; x_wconf 87' lang='lat' dir='ltr'><strong>oculos</strong></span> <span class='ocrx_word' id='word_1_507' title='bbox 1290 3774 1475 3836; x_wconf 82' lang='lat' dir='ltr'><strong>posset</strong></span> <span class='ocrx_word' id='word_1_508' title='bbox 1504 3765 1813 3827; x_wconf 84' lang='lat' dir='ltr'><strong>advertere,</strong></span> <span class='ocrx_word' id='word_1_509' title='bbox 1858 3768 1973 3820; x_wconf 69' lang='lat' dir='ltr'><strong>lucc</strong></span> 
     </span>
    </p>
   </div>
   <div class='ocr_carea' id='block_1_73' title="bbox 396 3855 1971 3928">
    <p class='ocr_par' dir='ltr' id='par_1_73' title="bbox 396 3855 1971 3928">
     <span class='ocr_line' id='line_1_73' title="bbox 396 3855 1971 3928; baseline -0.005 -12"><span class='ocrx_word' id='word_1_510' title='bbox 396 3860 559 3917; x_wconf 86' lang='lat' dir='ltr'><strong>nobis</strong></span> <span class='ocrx_word' id='word_1_511' title='bbox 609 3860 664 3913; x_wconf 91' lang='lat' dir='ltr'><strong>in</strong></span> <span class='ocrx_word' id='word_1_512' title='bbox 719 3858 905 3914; x_wconf 82' lang='lat' dir='ltr'><strong>cibum</strong></span> <span class='ocrx_word' id='word_1_513' title='bbox 960 3857 1408 3928; x_wconf 88' lang='lat' dir='ltr'><strong>apponebantur,</strong></span> <span class='ocrx_word' id='word_1_514' title='bbox 1456 3864 1659 3927; x_wconf 90' lang='lat' dir='ltr'><strong>quanta</strong></span> <span class='ocrx_word' id='word_1_515' title='bbox 1718 3872 1821 3911; x_wconf 91' lang='lat' dir='ltr'><strong>nec</strong></span> <span class='ocrx_word' id='word_1_516' title='bbox 1863 3855 1971 3910; x_wconf 88' lang='lat' dir='ltr'><strong>dici</strong></span> 
     </span>
    </p>
   </div>
   <div class='ocr_carea' id='block_1_74' title="bbox 396 3947 1973 4025">
    <p class='ocr_par' dir='ltr' id='par_1_74' title="bbox 396 3947 1973 4025">
     <span class='ocr_line' id='line_1_74' title="bbox 396 3947 1973 4025; baseline -0.003 -18"><span class='ocrx_word' id='word_1_517' title='bbox 396 3953 591 4025; x_wconf 82' lang='lat' dir='ltr'><strong>pnssit,</strong></span> <span class='ocrx_word' id='word_1_518' title='bbox 653 3949 1037 4021; x_wconf 70' lang='lat' dir='ltr'><strong>graveolcntite</strong></span> <span class='ocrx_word' id='word_1_519' title='bbox 1093 3963 1160 4002; x_wconf 89' lang='lat' dir='ltr'><strong>ac</strong></span> <span class='ocrx_word' id='word_1_520' title='bbox 1211 3947 1556 4003; x_wconf 85' lang='lat' dir='ltr'><strong>insuavitatis</strong></span> <span class='ocrx_word' id='word_1_521' title='bbox 1611 3949 1794 4018; x_wconf 86' lang='lat' dir='ltr'><strong>plena,</strong></span> <span class='ocrx_word' id='word_1_522' title='bbox 1856 3949 1973 4018; x_wconf 85' lang='lat' dir='ltr'><strong>ipsa</strong></span> 
     </span>
    </p>
   </div>
   <div class='ocr_carea' id='block_1_75' title="bbox 394 4046 1975 4115">
    <p class='ocr_par' dir='ltr' id='par_1_75' title="bbox 394 4046 1975 4115">
     <span class='ocr_line' id='line_1_75' title="bbox 394 4046 1975 4115; baseline -0.003 -12"><span class='ocrx_word' id='word_1_523' title='bbox 394 4048 678 4105; x_wconf 80' lang='lat' dir='ltr'><strong>vermibus</strong></span> <span class='ocrx_word' id='word_1_524' title='bbox 711 4046 977 4102; x_wconf 88' lang='lat' dir='ltr'><strong>scatentia</strong></span> <span class='ocrx_word' id='word_1_525' title='bbox 1012 4046 1296 4115; x_wconf 88' lang='lat' dir='ltr'><strong>multoque</strong></span> <span class='ocrx_word' id='word_1_526' title='bbox 1328 4059 1552 4100; x_wconf 85' lang='lat' dir='ltr'><strong>mueore</strong></span> <span class='ocrx_word' id='word_1_527' title='bbox 1587 4060 1884 4114; x_wconf 86' lang='lat' dir='ltr'><strong>conspersa</strong></span> <span class='ocrx_word' id='word_1_528' title='bbox 1918 4054 1975 4100; x_wconf 89' lang='lat' dir='ltr'><strong>et</strong></span> 
     </span>
    </p>
   </div>
   <div class='ocr_carea' id='block_1_76' title="bbox 396 4137 1974 4213">
    <p class='ocr_par' dir='ltr' id='par_1_76' title="bbox 396 4137 1974 4213">
     <span class='ocr_line' id='line_1_76' title="bbox 396 4137 1974 4213; baseline -0.005 -15"><span class='ocrx_word' id='word_1_529' title='bbox 396 4143 465 4198; x_wconf 87' lang='lat' dir='ltr'><strong>ad</strong></span> <span class='ocrx_word' id='word_1_530' title='bbox 502 4156 703 4213; x_wconf 88' lang='lat' dir='ltr'><strong>corpus</strong></span> <span class='ocrx_word' id='word_1_531' title='bbox 747 4137 1133 4194; x_wconf 88' lang='lat' dir='ltr'><strong>sustinendum</strong></span> <span class='ocrx_word' id='word_1_532' title='bbox 1177 4138 1361 4193; x_wconf 89' lang='lat' dir='ltr'><strong>nullas</strong></span> <span class='ocrx_word' id='word_1_533' title='bbox 1390 4138 1552 4207; x_wconf 84' lang='lat' dir='ltr'><strong>plane</strong></span> <span class='ocrx_word' id='word_1_534' title='bbox 1582 4137 1727 4192; x_wconf 86' lang='lat' dir='ltr'><strong>vires</strong></span> <span class='ocrx_word' id='word_1_535' title='bbox 1764 4137 1974 4191; x_wconf 87' lang='lat' dir='ltr'><strong>haben-</strong></span> 
     </span>
    </p>
   </div>
   <div class='ocr_carea' id='block_1_77' title="bbox 398 4228 1975 4302">
    <p class='ocr_par' dir='ltr' id='par_1_77' title="bbox 398 4228 1975 4302">
     <span class='ocr_line' id='line_1_77' title="bbox 398 4228 1975 4302; baseline -0.003 -14"><span class='ocrx_word' id='word_1_536' title='bbox 398 4234 499 4290; x_wconf 89' lang='lat' dir='ltr'><strong>tia.</strong></span> <span class='ocrx_word' id='word_1_537' title='bbox 563 4232 693 4288; x_wconf 87' lang='lat' dir='ltr'><strong>lnde</strong></span> <span class='ocrx_word' id='word_1_538' title='bbox 761 4231 909 4287; x_wconf 91' lang='lat' dir='ltr'><strong>enim</strong></span> <span class='ocrx_word' id='word_1_539' title='bbox 973 4231 1291 4302; x_wconf 82' lang='lat' dir='ltr'><strong>conjectura</strong></span> <span class='ocrx_word' id='word_1_540' title='bbox 1341 4237 1460 4285; x_wconf 90' lang='lat' dir='ltr'><strong>erat</strong></span> <span class='ocrx_word' id='word_1_541' title='bbox 1521 4229 1792 4283; x_wconf 80' lang='lat' dir='ltr'><strong>inﬁnitam</strong></span> <span class='ocrx_word' id='word_1_542' title='bbox 1859 4228 1975 4283; x_wconf 79' lang='lat' dir='ltr'><strong>fere</strong></span> 
     </span>
    </p>
   </div>
   <div class='ocr_carea' id='block_1_78' title="bbox 346 4310 1976 4395">
    <p class='ocr_par' dir='ltr' id='par_1_78' title="bbox 346 4310 1976 4395">
     <span class='ocr_line' id='line_1_78' title="bbox 346 4310 1976 4395; baseline -0.006 -13"><span class='ocrx_word' id='word_1_543' title='bbox 346 4310 353 4315; x_wconf 17' lang='grc' dir='ltr'><strong>Χ</strong></span> <span class='ocrx_word' id='word_1_544' title='bbox 397 4316 810 4382; x_wconf 87' lang='lat' dir='ltr'><strong>multitudinem</strong></span> <span class='ocrx_word' id='word_1_545' title='bbox 862 4322 1112 4395; x_wconf 87' lang='lat' dir='ltr'><strong>quotidie</strong></span> <span class='ocrx_word' id='word_1_546' title='bbox 1169 4323 1226 4377; x_wconf 89' lang='lat' dir='ltr'><strong>in</strong></span> <span class='ocrx_word' id='word_1_547' title='bbox 1279 4332 1509 4377; x_wconf 90' lang='lat' dir='ltr'><strong>mortem</strong></span> <span class='ocrx_word' id='word_1_548' title='bbox 1555 4322 1676 4391; x_wconf 78' lang='lat' dir='ltr'><strong>cogi</strong></span> <span class='ocrx_word' id='word_1_549' title='bbox 1709 4337 1807 4391; x_wconf 90' lang='lat' dir='ltr'><strong>per</strong></span> <span class='ocrx_word' id='word_1_550' title='bbox 1854 4321 1976 4377; x_wconf 87' lang='lat' dir='ltr'><strong>sitis</strong></span> 
     </span>
    </p>
   </div>
   <div class='ocr_carea' id='block_1_79' title="bbox 399 4413 1974 4490">
    <p class='ocr_par' dir='ltr' id='par_1_79' title="bbox 399 4413 1974 4490">
     <span class='ocr_line' id='line_1_79' title="bbox 399 4413 1974 4490; baseline -0.005 -17"><span class='ocrx_word' id='word_1_551' title='bbox 399 4421 669 4490; x_wconf 79' lang='lat' dir='ltr'><strong>famisque</strong></span> <span class='ocrx_word' id='word_1_552' title='bbox 698 4418 978 4490; x_wconf 85' lang='lat' dir='ltr'><strong>iujuriam,</strong></span> <span class='ocrx_word' id='word_1_553' title='bbox 1014 4415 1485 4484; x_wconf 86' lang='lat' dir='ltr'><strong>morientiumque</strong></span> <span class='ocrx_word' id='word_1_554' title='bbox 1518 4428 1748 4483; x_wconf 85' lang='lat' dir='ltr'><strong>corpora</strong></span> <span class='ocrx_word' id='word_1_555' title='bbox 1780 4428 1811 4467; x_wconf 88' lang='lat' dir='ltr'><strong>c</strong></span> <span class='ocrx_word' id='word_1_556' title='bbox 1850 4413 1974 4468; x_wconf 84' lang='lat' dir='ltr'><strong>navi</strong></span> 
     </span>
    </p>
   </div>
   <div class='ocr_carea' id='block_1_80' title="bbox 2082 3219 3671 3291">
    <p class='ocr_par' dir='ltr' id='par_1_80' title="bbox 2082 3219 3671 3291">
     <span class='ocr_line' id='line_1_80' title="bbox 2082 3219 3671 3291; baseline 0.003 -21"><span class='ocrx_word' id='word_1_557' title='bbox 2082 3219 2431 3288; x_wconf 87' lang='grc' dir='ltr'>μεταλαϐεῖν,</span> <span class='ocrx_word' id='word_1_558' title='bbox 2484 3222 2582 3291; x_wconf 86' lang='grc' dir='ltr'>τῆς</span> <span class='ocrx_word' id='word_1_559' title='bbox 2626 3219 2838 3289; x_wconf 85' lang='grc' dir='ltr'>φύσεως</span> <span class='ocrx_word' id='word_1_560' title='bbox 2891 3219 3203 3290; x_wconf 83' lang='grc' dir='ltr'>ἁνιωμένης</span> <span class='ocrx_word' id='word_1_561' title='bbox 3263 3220 3355 3273; x_wconf 78' lang='grc' dir='ltr'>καὶ</span> <span class='ocrx_word' id='word_1_562' title='bbox 3397 3223 3444 3273; x_wconf 82' lang='grc' dir='ltr'>εἰ</span> <span class='ocrx_word' id='word_1_563' title='bbox 3492 3221 3671 3291; x_wconf 82' lang='grc' dir='ltr'>μόνον</span> 
     </span>
    </p>
   </div>
   <div class='ocr_carea' id='block_1_81' title="bbox 2077 3309 3672 3383">
    <p class='ocr_par' dir='ltr' id='par_1_81' title="bbox 2077 3309 3672 3383">
     <span class='ocr_line' id='line_1_81' title="bbox 2077 3309 3672 3383; baseline 0.003 -22"><span class='ocrx_word' id='word_1_564' title='bbox 2077 3309 2290 3363; x_wconf 83' lang='grc' dir='ltr'>ἀπιδεῖν</span> <span class='ocrx_word' id='word_1_565' title='bbox 2348 3310 2623 3381; x_wconf 75' lang='grc' dir='ltr'>ἠϐουλήθη</span> <span class='ocrx_word' id='word_1_566' title='bbox 2677 3309 2858 3373; x_wconf 89' lang='grc' dir='ltr'>τοῦτο,</span> <span class='ocrx_word' id='word_1_567' title='bbox 2897 3310 2992 3362; x_wconf 78' lang='grc' dir='ltr'><strong>καὶ</strong></span> <span class='ocrx_word' id='word_1_568' title='bbox 3029 3310 3135 3381; x_wconf 77' lang='grc' dir='ltr'>πρὸ</span> <span class='ocrx_word' id='word_1_569' title='bbox 3182 3310 3280 3381; x_wconf 84' lang='grc' dir='ltr'>τῆς</span> <span class='ocrx_word' id='word_1_570' title='bbox 3328 3310 3521 3381; x_wconf 78' lang='grc' dir='ltr'>πείρας</span> <span class='ocrx_word' id='word_1_571' title='bbox 3557 3314 3672 3383; x_wconf 69' lang='grc' dir='ltr'><strong>τῆς</strong></span> 
     </span>
    </p>
   </div>
   <div class='ocr_carea' id='block_1_82' title="bbox 2078 3399 3672 3474">
    <p class='ocr_par' dir='ltr' id='par_1_82' title="bbox 2078 3399 3672 3474">
     <span class='ocr_line' id='line_1_82' title="bbox 2078 3399 3672 3474; baseline 0.002 -22"><span class='ocrx_word' id='word_1_572' title='bbox 2078 3400 2454 3463; x_wconf 80' lang='grc' dir='ltr'>καταπόσεως.</span> <span class='ocrx_word' id='word_1_573' title='bbox 2505 3401 2567 3452; x_wconf 83' lang='grc' dir='ltr'><strong>Ἦ</strong></span> <span class='ocrx_word' id='word_1_574' title='bbox 2616 3401 2791 3472; x_wconf 74' lang='grc' dir='ltr'>τροφὴ</span> <span class='ocrx_word' id='word_1_575' title='bbox 2824 3399 2879 3452; x_wconf 78' lang='grc' dir='ltr'>δὲ</span> <span class='ocrx_word' id='word_1_576' title='bbox 2915 3401 3071 3471; x_wconf 82' lang='grc' dir='ltr'>ήμῶν</span> <span class='ocrx_word' id='word_1_577' title='bbox 3117 3399 3283 3471; x_wconf 74' lang='grc' dir='ltr'>ἄρτου</span> <span class='ocrx_word' id='word_1_578' title='bbox 3334 3401 3539 3471; x_wconf 82' lang='grc' dir='ltr'>τρύφος</span> <span class='ocrx_word' id='word_1_579' title='bbox 3588 3399 3672 3474; x_wconf 76' lang='grc' dir='ltr'>ἦν</span> 
     </span>
    </p>
   </div>
   <div class='ocr_carea' id='block_1_83' title="bbox 2083 3477 3675 3562">
    <p class='ocr_par' dir='ltr' id='par_1_83' title="bbox 2083 3477 3675 3562">
     <span class='ocr_line' id='line_1_83' title="bbox 2083 3477 3675 3562; baseline 0.002 -21"><span class='ocrx_word' id='word_1_580' title='bbox 2083 3490 2261 3560; x_wconf 80' lang='grc' dir='ltr'>μόνον,</span> <span class='ocrx_word' id='word_1_581' title='bbox 2319 3491 2409 3543; x_wconf 75' lang='grc' dir='ltr'><strong>καὶ</strong></span> <span class='ocrx_word' id='word_1_582' title='bbox 2452 3489 2609 3544; x_wconf 87' lang='grc' dir='ltr'>τοῦτο</span> <span class='ocrx_word' id='word_1_583' title='bbox 2638 3489 2943 3560; x_wconf 72' lang='grc' dir='ltr'>διεφθορὸς,</span> <span class='ocrx_word' id='word_1_584' title='bbox 3002 3477 3303 3543; x_wconf 68' lang='grc' dir='ltr'>κατάλυσιν</span> <span class='ocrx_word' id='word_1_585' title='bbox 3350 3494 3675 3562; x_wconf 71' lang='grc' dir='ltr'>ἐργαζόμε-</span> 
     </span>
    </p>
   </div>
   <div class='ocr_carea' id='block_1_84' title="bbox 2079 3584 3672 3655">
    <p class='ocr_par' dir='ltr' id='par_1_84' title="bbox 2079 3584 3672 3655">
     <span class='ocr_line' id='line_1_84' title="bbox 2079 3584 3672 3655; baseline 0.001 -18"><span class='ocrx_word' id='word_1_586' title='bbox 2079 3601 2190 3638; x_wconf 88' lang='grc' dir='ltr'>νον.</span> <span class='ocrx_word' id='word_1_587' title='bbox 2234 3586 2297 3637; x_wconf 78' lang='grc' dir='ltr'><strong>Ἂ</strong></span> <span class='ocrx_word' id='word_1_588' title='bbox 2353 3585 2460 3654; x_wconf 85' lang='grc' dir='ltr'>γὰρ</span> <span class='ocrx_word' id='word_1_589' title='bbox 2511 3585 2702 3655; x_wconf 80' lang='grc' dir='ltr'>ἔτυχον</span> <span class='ocrx_word' id='word_1_590' title='bbox 2756 3584 3015 3648; x_wconf 78' lang='grc' dir='ltr'>λαϐόντες</span> <span class='ocrx_word' id='word_1_591' title='bbox 3062 3584 3274 3637; x_wconf 80' lang='grc' dir='ltr'>οἴκοθεν</span> <span class='ocrx_word' id='word_1_592' title='bbox 3306 3584 3412 3653; x_wconf 70' lang='grc' dir='ltr'>πρὸ</span> <span class='ocrx_word' id='word_1_593' title='bbox 3442 3584 3672 3639; x_wconf 78' lang='grc' dir='ltr'>πολλῶν</span> 
     </span>
    </p>
   </div>
   <div class='ocr_carea' id='block_1_85' title="bbox 2080 3675 3672 3747">
    <p class='ocr_par' dir='ltr' id='par_1_85' title="bbox 2080 3675 3672 3747">
     <span class='ocr_line' id='line_1_85' title="bbox 2080 3675 3672 3747; baseline 0.001 -20"><span class='ocrx_word' id='word_1_594' title='bbox 2080 3676 2300 3746; x_wconf 72' lang='grc' dir='ltr'>ἡμερῶν</span> <span class='ocrx_word' id='word_1_595' title='bbox 2327 3676 2462 3743; x_wconf 67' lang='grc' dir='ltr'>πρὸς</span> <span class='ocrx_word' id='word_1_596' title='bbox 2494 3676 2684 3747; x_wconf 88' lang='grc' dir='ltr'>χρείαν</span> <span class='ocrx_word' id='word_1_597' title='bbox 2716 3676 2927 3730; x_wconf 79' lang='grc' dir='ltr'>ἑαυτῶν</span> <span class='ocrx_word' id='word_1_598' title='bbox 2968 3677 3017 3729; x_wconf 81' lang='lat' dir='ltr'><strong>oi</strong></span> <span class='ocrx_word' id='word_1_599' title='bbox 3050 3676 3322 3746; x_wconf 82' lang='grc' dir='ltr'>πολέμιοι,</span> <span class='ocrx_word' id='word_1_600' title='bbox 3348 3675 3524 3729; x_wconf 66' lang='grc' dir='ltr'>ταῦτα</span> <span class='ocrx_word' id='word_1_601' title='bbox 3556 3694 3672 3728; x_wconf 81' lang='grc' dir='ltr'>πε-</span> 
     </span>
    </p>
   </div>
   <div class='ocr_carea' id='block_1_86' title="bbox 2084 3767 3671 3839">
    <p class='ocr_par' dir='ltr' id='par_1_86' title="bbox 2084 3767 3671 3839">
     <span class='ocr_line' id='line_1_86' title="bbox 2084 3767 3671 3839; baseline 0 -20"><span class='ocrx_word' id='word_1_602' title='bbox 2084 3768 2442 3839; x_wconf 79' lang='grc' dir='ltr'>ριττεύσαντα</span> <span class='ocrx_word' id='word_1_603' title='bbox 2476 3770 2569 3821; x_wconf 76' lang='grc' dir='ltr'><strong>καὶ</strong></span> <span class='ocrx_word' id='word_1_604' title='bbox 2602 3768 2739 3839; x_wconf 86' lang='grc' dir='ltr'>πρὸς</span> <span class='ocrx_word' id='word_1_605' title='bbox 2767 3767 2981 3821; x_wconf 85' lang='grc' dir='ltr'>τελείαν</span> <span class='ocrx_word' id='word_1_606' title='bbox 3012 3768 3281 3839; x_wconf 79' lang='grc' dir='ltr'>σηπεδόνα</span> <span class='ocrx_word' id='word_1_607' title='bbox 3308 3770 3671 3838; x_wconf 65' lang='grc' dir='ltr'>χωρήσαντα,</span> 
     </span>
    </p>
   </div>
   <div class='ocr_carea' id='block_1_87' title="bbox 2082 3844 3674 3935">
    <p class='ocr_par' dir='ltr' id='par_1_87' title="bbox 2082 3844 3674 3935">
     <span class='ocr_line' id='line_1_87' title="bbox 2082 3844 3674 3935; baseline 0.001 -21"><span class='ocrx_word' id='word_1_608' title='bbox 2082 3863 2175 3915; x_wconf 71' lang='grc' dir='ltr'><strong>καὶ</strong></span> <span class='ocrx_word' id='word_1_609' title='bbox 2201 3858 2281 3926; x_wconf 79' lang='grc' dir='ltr'>οἷς</span> <span class='ocrx_word' id='word_1_610' title='bbox 2321 3863 2418 3916; x_wconf 82' lang='grc' dir='ltr'><strong>οὐκ</strong></span> <span class='ocrx_word' id='word_1_611' title='bbox 2454 3862 2518 3917; x_wconf 75' lang='grc' dir='ltr'><strong>ἀν</strong></span> <span class='ocrx_word' id='word_1_612' title='bbox 2546 3880 2599 3916; x_wconf 87' lang='grc' dir='ltr'><strong>τι</strong></span> <span class='ocrx_word' id='word_1_613' title='bbox 2645 3863 2753 3916; x_wconf 87' lang='grc' dir='ltr'>τῶν</span> <span class='ocrx_word' id='word_1_614' title='bbox 2784 3861 2993 3931; x_wconf 83' lang='grc' dir='ltr'>ἀλόγων</span> <span class='ocrx_word' id='word_1_615' title='bbox 3025 3844 3256 3935; x_wconf 74' lang='grc' dir='ltr'>ἐδυνήθη</span> <span class='ocrx_word' id='word_1_616' title='bbox 3286 3863 3390 3917; x_wconf 77' lang='grc' dir='ltr'><strong>κᾶν</strong></span> <span class='ocrx_word' id='word_1_617' title='bbox 3423 3864 3674 3928; x_wconf 79' lang='grc' dir='ltr'>ἀπιδεῖν,</span> 
     </span>
    </p>
   </div>
   <div class='ocr_carea' id='block_1_88' title="bbox 2082 3954 3673 4028">
    <p class='ocr_par' dir='ltr' id='par_1_88' title="bbox 2082 3954 3673 4028">
     <span class='ocr_line' id='line_1_88' title="bbox 2082 3954 3673 4028; baseline 0.001 -21"><span class='ocrx_word' id='word_1_618' title='bbox 2082 3957 2161 4017; x_wconf 74' lang='grc' dir='ltr'><strong>εἰς</strong></span> <span class='ocrx_word' id='word_1_619' title='bbox 2200 3954 2499 4025; x_wconf 78' lang='grc' dir='ltr'>μετάληψιν</span> <span class='ocrx_word' id='word_1_620' title='bbox 2534 3958 2665 4027; x_wconf 81' lang='grc' dir='ltr'>ἡμῖν</span> <span class='ocrx_word' id='word_1_621' title='bbox 2692 3955 3115 4028; x_wconf 79' lang='grc' dir='ltr'>προσεφέροντο,</span> <span class='ocrx_word' id='word_1_622' title='bbox 3148 3956 3359 4024; x_wconf 87' lang='grc' dir='ltr'>ἀφάτου</span> <span class='ocrx_word' id='word_1_623' title='bbox 3389 3955 3489 4025; x_wconf 73' lang='grc' dir='ltr'>μὲν</span> <span class='ocrx_word' id='word_1_624' title='bbox 3523 3956 3673 4008; x_wconf 81' lang='grc' dir='ltr'>δυσ-</span> 
     </span>
    </p>
   </div>
   <div class='ocr_carea' id='block_1_89' title="bbox 2082 4047 3677 4119">
    <p class='ocr_par' dir='ltr' id='par_1_89' title="bbox 2082 4047 3677 4119">
     <span class='ocr_line' id='line_1_89' title="bbox 2082 4047 3677 4119; baseline 0.001 -18"><span class='ocrx_word' id='word_1_625' title='bbox 2082 4047 2243 4111; x_wconf 85' lang='grc' dir='ltr'>ωδίας</span> <span class='ocrx_word' id='word_1_626' title='bbox 2283 4049 2375 4101; x_wconf 70' lang='grc' dir='ltr'>καὶ</span> <span class='ocrx_word' id='word_1_627' title='bbox 2403 4048 2593 4115; x_wconf 82' lang='grc' dir='ltr'>ἀηδίας</span> <span class='ocrx_word' id='word_1_628' title='bbox 2648 4047 2853 4119; x_wconf 84' lang='grc' dir='ltr'>πλήρη,</span> <span class='ocrx_word' id='word_1_629' title='bbox 2893 4048 3097 4118; x_wconf 78' lang='grc' dir='ltr'>μεστὴν</span> <span class='ocrx_word' id='word_1_630' title='bbox 3126 4047 3183 4101; x_wconf 80' lang='grc' dir='ltr'>δὲ</span> <span class='ocrx_word' id='word_1_631' title='bbox 3221 4047 3523 4119; x_wconf 83' lang='grc' dir='ltr'>σκωλήκων</span> <span class='ocrx_word' id='word_1_632' title='bbox 3562 4050 3677 4103; x_wconf 78' lang='grc' dir='ltr'>καὶ</span> 
     </span>
    </p>
   </div>
   <div class='ocr_carea' id='block_1_90' title="bbox 2085 4140 3673 4214">
    <p class='ocr_par' dir='ltr' id='par_1_90' title="bbox 2085 4140 3673 4214">
     <span class='ocr_line' id='line_1_90' title="bbox 2085 4140 3673 4214; baseline 0.002 -23"><span class='ocrx_word' id='word_1_633' title='bbox 2085 4142 2255 4211; x_wconf 80' lang='grc' dir='ltr'>πολλῇ</span> <span class='ocrx_word' id='word_1_634' title='bbox 2289 4141 2493 4212; x_wconf 74' lang='grc' dir='ltr'>σαπρία</span> <span class='ocrx_word' id='word_1_635' title='bbox 2520 4140 3012 4210; x_wconf 85' lang='grc' dir='ltr'>συμπεφυρμένην,</span> <span class='ocrx_word' id='word_1_636' title='bbox 3047 4141 3182 4212; x_wconf 86' lang='grc' dir='ltr'>πρός</span> <span class='ocrx_word' id='word_1_637' title='bbox 3208 4158 3266 4195; x_wconf 86' lang='grc' dir='ltr'><strong>τε</strong></span> <span class='ocrx_word' id='word_1_638' title='bbox 3298 4142 3397 4214; x_wconf 81' lang='grc' dir='ltr'><strong>τὴν</strong></span> <span class='ocrx_word' id='word_1_639' title='bbox 3422 4140 3535 4207; x_wconf 69' lang='grc' dir='ltr'>ἕξιν</span> <span class='ocrx_word' id='word_1_640' title='bbox 3565 4142 3673 4194; x_wconf 80' lang='grc' dir='ltr'><strong>τοῦ</strong></span> 
     </span>
    </p>
   </div>
   <div class='ocr_carea' id='block_1_91' title="bbox 2086 4229 3677 4306">
    <p class='ocr_par' dir='ltr' id='par_1_91' title="bbox 2086 4229 3677 4306">
     <span class='ocr_line' id='line_1_91' title="bbox 2086 4229 3677 4306; baseline 0.003 -23"><span class='ocrx_word' id='word_1_641' title='bbox 2086 4229 2331 4301; x_wconf 83' lang='grc' dir='ltr'>σώματος</span> <span class='ocrx_word' id='word_1_642' title='bbox 2358 4232 2401 4263; x_wconf 74' lang='grc'><strong>³⁸</strong></span> <span class='ocrx_word' id='word_1_643' title='bbox 2451 4232 2731 4297; x_wconf 81' lang='grc' dir='ltr'>παντελῶς</span> <span class='ocrx_word' id='word_1_644' title='bbox 2776 4236 3165 4306; x_wconf 87' lang='grc' dir='ltr'>ἀνενέργητον.</span> <span class='ocrx_word' id='word_1_645' title='bbox 3201 4234 3310 4287; x_wconf 82' lang='grc' dir='ltr'><strong>Καὶ</strong></span> <span class='ocrx_word' id='word_1_646' title='bbox 3341 4234 3448 4303; x_wconf 81' lang='grc' dir='ltr'>γὰρ</span> <span class='ocrx_word' id='word_1_647' title='bbox 3477 4229 3545 4305; x_wconf 76' lang='grc' dir='ltr'>ἦν</span> <span class='ocrx_word' id='word_1_648' title='bbox 3586 4236 3677 4288; x_wconf 80' lang='grc' dir='ltr'>εί-</span> 
     </span>
    </p>
   </div>
   <div class='ocr_carea' id='block_1_92' title="bbox 2085 4322 3675 4397">
    <p class='ocr_par' dir='ltr' id='par_1_92' title="bbox 2085 4322 3675 4397">
     <span class='ocr_line' id='line_1_92' title="bbox 2085 4322 3675 4397; baseline 0.001 -22"><span class='ocrx_word' id='word_1_649' title='bbox 2085 4326 2250 4377; x_wconf 84' lang='grc' dir='ltr'>κάσαι</span> <span class='ocrx_word' id='word_1_650' title='bbox 2303 4322 2504 4393; x_wconf 82' lang='grc' dir='ltr'>πλῆθος</span> <span class='ocrx_word' id='word_1_651' title='bbox 2531 4325 2760 4397; x_wconf 78' lang='grc' dir='ltr'>ἄπειρον</span> <span class='ocrx_word' id='word_1_652' title='bbox 2808 4327 2872 4379; x_wconf 79' lang='grc' dir='ltr'>ἐκ</span> <span class='ocrx_word' id='word_1_653' title='bbox 2916 4326 3122 4379; x_wconf 86' lang='grc' dir='ltr'>τούτων</span> <span class='ocrx_word' id='word_1_654' title='bbox 3163 4326 3248 4394; x_wconf 72' lang='grc' dir='ltr'><strong>ἐφ’</strong></span> <span class='ocrx_word' id='word_1_655' title='bbox 3296 4324 3533 4395; x_wconf 77' lang='grc' dir='ltr'>ἑκάστης</span> <span class='ocrx_word' id='word_1_656' title='bbox 3562 4327 3675 4395; x_wconf 71' lang='grc' dir='ltr'>τῆς</span> 
     </span>
    </p>
   </div>
   <div class='ocr_carea' id='block_1_93' title="bbox 2085 4416 3676 4490">
    <p class='ocr_par' dir='ltr' id='par_1_93' title="bbox 2085 4416 3676 4490">
     <span class='ocr_line' id='line_1_93' title="bbox 2085 4416 3676 4490; baseline 0.003 -23"><span class='ocrx_word' id='word_1_657' title='bbox 2085 4416 2295 4488; x_wconf 75' lang='grc' dir='ltr'>ἡμέρας</span> <span class='ocrx_word' id='word_1_658' title='bbox 2330 4416 2407 4487; x_wconf 83' lang='grc' dir='ltr'>τῷ</span> <span class='ocrx_word' id='word_1_659' title='bbox 2446 4417 2663 4489; x_wconf 80' lang='grc' dir='ltr'>θανάτῳ</span> <span class='ocrx_word' id='word_1_660' title='bbox 2694 4418 3177 4490; x_wconf 87' lang='grc' dir='ltr'>συνελαυνόμενον,</span> <span class='ocrx_word' id='word_1_661' title='bbox 3230 4417 3508 4490; x_wconf 85' lang='grc' dir='ltr'>πάρεργον</span> <span class='ocrx_word' id='word_1_662' title='bbox 3562 4419 3676 4489; x_wconf 75' lang='grc' dir='ltr'><strong>τῆς</strong></span> 
     </span>
    </p>
   </div>
   <div class='ocr_carea' id='block_1_94' title="bbox 402 4502 1961 4584">
    <p class='ocr_par' dir='ltr' id='par_1_94' title="bbox 402 4508 1961 4583">
     <span class='ocr_line' id='line_1_94' title="bbox 402 4508 1961 4583; baseline -0.006 -14"><span class='ocrx_word' id='word_1_663' title='bbox 402 4514 457 4568; x_wconf 89' lang='lat' dir='ltr'><strong>in</strong></span> <span class='ocrx_word' id='word_1_664' title='bbox 489 4529 638 4569; x_wconf 85' lang='lat' dir='ltr'><strong>mare</strong></span> <span class='ocrx_word' id='word_1_665' title='bbox 662 4512 882 4583; x_wconf 87' lang='lat' dir='ltr'><strong>jactari,</strong></span> <span class='ocrx_word' id='word_1_666' title='bbox 909 4518 1076 4580; x_wconf 90' lang='lat' dir='ltr'><strong>atque</strong></span> <span class='ocrx_word' id='word_1_667' title='bbox 1111 4509 1165 4563; x_wconf 88' lang='lat' dir='ltr'><strong>in</strong></span> <span class='ocrx_word' id='word_1_668' title='bbox 1197 4508 1431 4563; x_wconf 89' lang='lat' dir='ltr'><strong>multum</strong></span> <span class='ocrx_word' id='word_1_669' title='bbox 1454 4516 1672 4577; x_wconf 90' lang='lat' dir='ltr'><strong>tempus</strong></span> <span class='ocrx_word' id='word_1_670' title='bbox 1705 4508 1848 4561; x_wconf 90' lang='lat' dir='ltr'><strong>inter</strong></span> <span class='ocrx_word' id='word_1_671' title='bbox 1872 4522 1961 4559; x_wconf 39' lang='lat' dir='ltr'><strong>un‘</strong></span> 
     </span>
    </p>
   </div>
   <div class='ocr_carea' id='block_1_95' title="bbox 2071 4502 3678 4584">
    <p class='ocr_par' dir='ltr' id='par_1_95' title="bbox 2082 4508 3678 4584">
     <span class='ocr_line' id='line_1_95' title="bbox 2082 4508 3678 4584; baseline 0 -20"><span class='ocrx_word' id='word_1_672' title='bbox 2082 4510 2239 4581; x_wconf 75' lang='grc' dir='ltr'>δίψης</span> <span class='ocrx_word' id='word_1_673' title='bbox 2297 4513 2392 4563; x_wconf 77' lang='grc' dir='ltr'><strong>καὶ</strong></span> <span class='ocrx_word' id='word_1_674' title='bbox 2434 4510 2528 4564; x_wconf 90' lang='grc' dir='ltr'><strong>τοῦ</strong></span> <span class='ocrx_word' id='word_1_675' title='bbox 2559 4510 2721 4581; x_wconf 87' lang='grc' dir='ltr'>λιμοῦ</span> <span class='ocrx_word' id='word_1_676' title='bbox 2757 4510 2842 4584; x_wconf 82' lang='grc' dir='ltr'><strong>[Ρ.</strong></span> <span class='ocrx_word' id='word_1_677' title='bbox 2879 4511 3031 4584; x_wconf 80' lang='lat'><strong>573],</strong></span> <span class='ocrx_word' id='word_1_678' title='bbox 3082 4512 3151 4566; x_wconf 88' lang='grc' dir='ltr'><strong>τά</strong></span> <span class='ocrx_word' id='word_1_679' title='bbox 3194 4527 3252 4563; x_wconf 78' lang='grc' dir='ltr'><strong>τε</strong></span> <span class='ocrx_word' id='word_1_680' title='bbox 3290 4508 3523 4580; x_wconf 86' lang='grc' dir='ltr'>σώματα</span> <span class='ocrx_word' id='word_1_681' title='bbox 3555 4510 3678 4564; x_wconf 79' lang='grc' dir='ltr'><strong>τῶν</strong></span> 
     </span>
    </p>
   </div>
   <div class='ocr_carea' id='block_1_96' title="bbox 399 4599 1980 4672">
    <p class='ocr_par' dir='ltr' id='par_1_96' title="bbox 399 4599 1980 4672">
     <span class='ocr_line' id='line_1_96' title="bbox 399 4599 1980 4672; baseline -0.007 -10"><span class='ocrx_word' id='word_1_682' title='bbox 399 4606 499 4662; x_wconf 88' lang='lat' dir='ltr'><strong>das</strong></span> <span class='ocrx_word' id='word_1_683' title='bbox 545 4603 915 4661; x_wconf 87' lang='lat' dir='ltr'><strong>subsultantia</strong></span> <span class='ocrx_word' id='word_1_684' title='bbox 970 4601 1125 4658; x_wconf 77' lang='lat' dir='ltr'><strong>ferri.</strong></span> <span class='ocrx_word' id='word_1_685' title='bbox 1176 4602 1408 4672; x_wconf 66' lang='lat' dir='ltr'><strong>Praeque</strong></span> <span class='ocrx_word' id='word_1_686' title='bbox 1452 4600 1682 4671; x_wconf 87' lang='lat' dir='ltr'><strong>reliquis</strong></span> <span class='ocrx_word' id='word_1_687' title='bbox 1710 4599 1980 4654; x_wconf 81' lang='lat' dir='ltr'><strong>infantum</strong></span> 
     </span>
    </p>
   </div>
   <div class='ocr_carea' id='block_1_97' title="bbox 401 4694 1983 4768">
    <p class='ocr_par' dir='ltr' id='par_1_97' title="bbox 401 4694 1983 4768">
     <span class='ocr_line' id='line_1_97' title="bbox 401 4694 1983 4768; baseline -0.006 -13"><span class='ocrx_word' id='word_1_688' title='bbox 401 4698 719 4755; x_wconf 77' lang='lat' dir='ltr'><strong>miserabile</strong></span> <span class='ocrx_word' id='word_1_689' title='bbox 776 4712 973 4768; x_wconf 77' lang='lat' dir='ltr'><strong>genus,</strong></span> <span class='ocrx_word' id='word_1_690' title='bbox 1026 4694 1264 4752; x_wconf 90' lang='lat' dir='ltr'><strong>necdum</strong></span> <span class='ocrx_word' id='word_1_691' title='bbox 1307 4694 1389 4751; x_wconf 89' lang='lat' dir='ltr'><strong>eis</strong></span> <span class='ocrx_word' id='word_1_692' title='bbox 1439 4702 1729 4749; x_wconf 89' lang='lat' dir='ltr'><strong>constante</strong></span> <span class='ocrx_word' id='word_1_693' title='bbox 1760 4703 1983 4756; x_wconf 88' lang='lat' dir='ltr'><strong>natura,</strong></span> 
     </span>
    </p>
   </div>
   <div class='ocr_carea' id='block_1_98' title="bbox 400 4786 1981 4864">
    <p class='ocr_par' dir='ltr' id='par_1_98' title="bbox 400 4786 1981 4864">
     <span class='ocr_line' id='line_1_98' title="bbox 400 4786 1981 4864; baseline -0.004 -16"><span class='ocrx_word' id='word_1_694' title='bbox 400 4794 655 4864; x_wconf 83' lang='lat' dir='ltr'><strong>pluribus</strong></span> <span class='ocrx_word' id='word_1_695' title='bbox 699 4789 1065 4847; x_wconf 86' lang='lat' dir='ltr'><strong>incommodis</strong></span> <span class='ocrx_word' id='word_1_696' title='bbox 1111 4788 1381 4859; x_wconf 89' lang='lat' dir='ltr'><strong>malisque</strong></span> <span class='ocrx_word' id='word_1_697' title='bbox 1418 4786 1818 4843; x_wconf 65' lang='lat' dir='ltr'><strong>adiciebantur.</strong></span> <span class='ocrx_word' id='word_1_698' title='bbox 1856 4786 1981 4841; x_wconf 78' lang='lat' dir='ltr'><strong>Viri</strong></span> 
     </span>
    </p>
   </div>
   <div class='ocr_carea' id='block_1_99' title="bbox 402 4877 1981 4947">
    <p class='ocr_par' dir='ltr' id='par_1_99' title="bbox 402 4877 1981 4947">
     <span class='ocr_line' id='line_1_99' title="bbox 402 4877 1981 4947; baseline -0.002 -11"><span class='ocrx_word' id='word_1_699' title='bbox 402 4898 599 4938; x_wconf 86' lang='lat' dir='ltr'><strong>rursus</strong></span> <span class='ocrx_word' id='word_1_700' title='bbox 626 4880 775 4937; x_wconf 90' lang='lat' dir='ltr'><strong>haud</strong></span> <span class='ocrx_word' id='word_1_701' title='bbox 807 4879 1042 4934; x_wconf 91' lang='lat' dir='ltr'><strong>multum</strong></span> <span class='ocrx_word' id='word_1_702' title='bbox 1064 4894 1093 4933; x_wconf 91' lang='lat' dir='ltr'><strong>a</strong></span> <span class='ocrx_word' id='word_1_703' title='bbox 1122 4877 1432 4934; x_wconf 89' lang='lat' dir='ltr'><strong>demortuis</strong></span> <span class='ocrx_word' id='word_1_704' title='bbox 1464 4877 1763 4943; x_wconf 88' lang='lat' dir='ltr'><strong>distabant,</strong></span> <span class='ocrx_word' id='word_1_705' title='bbox 1815 4886 1981 4947; x_wconf 89' lang='lat' dir='ltr'><strong>atque</strong></span> 
     </span>
    </p>
   </div>
   <div class='ocr_carea' id='block_1_100' title="bbox 400 4970 1984 5045">
    <p class='ocr_par' dir='ltr' id='par_1_100' title="bbox 400 4970 1984 5045">
     <span class='ocr_line' id='line_1_100' title="bbox 400 4970 1984 5045; baseline -0.001 -18"><span class='ocrx_word' id='word_1_706' title='bbox 400 4992 592 5045; x_wconf 84' lang='lat' dir='ltr'><strong>parem</strong></span> <span class='ocrx_word' id='word_1_707' title='bbox 661 4973 948 5030; x_wconf 88' lang='lat' dir='ltr'><strong>interitum</strong></span> <span class='ocrx_word' id='word_1_708' title='bbox 997 4987 1085 5028; x_wconf 91' lang='lat' dir='ltr'><strong>res</strong></span> <span class='ocrx_word' id='word_1_709' title='bbox 1153 4970 1373 5025; x_wconf 90' lang='lat' dir='ltr'><strong>illorum</strong></span> <span class='ocrx_word' id='word_1_710' title='bbox 1431 4970 1771 5041; x_wconf 87' lang='lat' dir='ltr'><strong>spectabant.</strong></span> <span class='ocrx_word' id='word_1_711' title='bbox 1834 4972 1984 5026; x_wconf 87' lang='lat' dir='ltr'><strong>Inter</strong></span> 
     </span>
    </p>
   </div>
   <div class='ocr_carea' id='block_1_101' title="bbox 402 5062 1979 5141">
    <p class='ocr_par' dir='ltr' id='par_1_101' title="bbox 402 5062 1979 5141">
     <span class='ocr_line' id='line_1_101' title="bbox 402 5062 1979 5141; baseline -0.006 -16"><span class='ocrx_word' id='word_1_712' title='bbox 402 5085 542 5141; x_wconf 90' lang='lat' dir='ltr'><strong>quos</strong></span> <span class='ocrx_word' id='word_1_713' title='bbox 602 5081 796 5125; x_wconf 86' lang='lat' dir='ltr'><strong>omnes</strong></span> <span class='ocrx_word' id='word_1_714' title='bbox 856 5080 978 5129; x_wconf 89' lang='lat' dir='ltr'><strong>nos,</strong></span> <span class='ocrx_word' id='word_1_715' title='bbox 1028 5063 1191 5135; x_wconf 78' lang='lat'><strong>582</strong></span> <span class='ocrx_word' id='word_1_716' title='bbox 1237 5062 1330 5133; x_wconf 91' lang='lat' dir='ltr'><strong>qui</strong></span> <span class='ocrx_word' id='word_1_717' title='bbox 1374 5063 1532 5118; x_wconf 87' lang='lat' dir='ltr'><strong>tortis</strong></span> <span class='ocrx_word' id='word_1_718' title='bbox 1562 5062 1979 5132; x_wconf 83' lang='lat' dir='ltr'><strong>colligabamur,</strong></span> 
     </span>
    </p>
   </div>
   <div class='ocr_carea' id='block_1_102' title="bbox 403 5154 1980 5219">
    <p class='ocr_par' dir='ltr' id='par_1_102' title="bbox 403 5154 1980 5219">
     <span class='ocr_line' id='line_1_102' title="bbox 403 5154 1980 5219; baseline -0.005 -3"><span class='ocrx_word' id='word_1_719' title='bbox 403 5165 586 5219; x_wconf 80' lang='lat' dir='ltr'><strong>acrior</strong></span> <span class='ocrx_word' id='word_1_720' title='bbox 619 5159 900 5218; x_wconf 88' lang='lat' dir='ltr'><strong>cruciatus</strong></span> <span class='ocrx_word' id='word_1_721' title='bbox 936 5158 1154 5213; x_wconf 86' lang='lat' dir='ltr'><strong>urebat.</strong></span> <span class='ocrx_word' id='word_1_722' title='bbox 1202 5154 1592 5210; x_wconf 88' lang='lat' dir='ltr'><strong>Folliculorum</strong></span> <span class='ocrx_word' id='word_1_723' title='bbox 1620 5154 1767 5209; x_wconf 89' lang='lat' dir='ltr'><strong>enim</strong></span> <span class='ocrx_word' id='word_1_724' title='bbox 1801 5154 1980 5208; x_wconf 77' lang='lat' dir='ltr'><strong>inani-</strong></span> 
     </span>
    </p>
   </div>
   <div class='ocr_carea' id='block_1_103' title="bbox 406 5247 1981 5321">
    <p class='ocr_par' dir='ltr' id='par_1_103' title="bbox 406 5247 1981 5321">
     <span class='ocr_line' id='line_1_103' title="bbox 406 5247 1981 5321; baseline -0.004 -13"><span class='ocrx_word' id='word_1_725' title='bbox 406 5265 681 5311; x_wconf 85' lang='lat' dir='ltr'><strong>malorum</strong></span> <span class='ocrx_word' id='word_1_726' title='bbox 704 5254 877 5309; x_wconf 88' lang='lat' dir='ltr'><strong>instar</strong></span> <span class='ocrx_word' id='word_1_727' title='bbox 897 5266 1040 5306; x_wconf 91' lang='lat' dir='ltr'><strong>unus</strong></span> <span class='ocrx_word' id='word_1_728' title='bbox 1064 5250 1219 5321; x_wconf 86' lang='lat' dir='ltr'><strong>juxta</strong></span> <span class='ocrx_word' id='word_1_729' title='bbox 1245 5247 1415 5303; x_wconf 89' lang='lat' dir='ltr'><strong>alium</strong></span> <span class='ocrx_word' id='word_1_730' title='bbox 1449 5247 1727 5312; x_wconf 88' lang='lat' dir='ltr'><strong>sedentes,</strong></span> <span class='ocrx_word' id='word_1_731' title='bbox 1758 5249 1981 5303; x_wconf 86' lang='lat' dir='ltr'><strong>cuneis-</strong></span> 
     </span>
    </p>
   </div>
   <div class='ocr_carea' id='block_1_104' title="bbox 406 5337 1980 5417">
    <p class='ocr_par' dir='ltr' id='par_1_104' title="bbox 406 5337 1980 5417">
     <span class='ocr_line' id='line_1_104' title="bbox 406 5337 1980 5417; baseline -0.004 -18"><span class='ocrx_word' id='word_1_732' title='bbox 406 5361 536 5415; x_wconf 77' lang='lat' dir='ltr'><strong>que,</strong></span> <span class='ocrx_word' id='word_1_733' title='bbox 580 5346 785 5417; x_wconf 88' lang='lat' dir='ltr'><strong>quibus</strong></span> <span class='ocrx_word' id='word_1_734' title='bbox 830 5342 1059 5415; x_wconf 86' lang='lat' dir='ltr'><strong>appensi</strong></span> <span class='ocrx_word' id='word_1_735' title='bbox 1108 5355 1353 5407; x_wconf 88' lang='lat' dir='ltr'><strong>eramus,</strong></span> <span class='ocrx_word' id='word_1_736' title='bbox 1397 5337 1785 5394; x_wconf 86' lang='lat' dir='ltr'><strong>convulnerati</strong></span> <span class='ocrx_word' id='word_1_737' title='bbox 1814 5348 1980 5408; x_wconf 88' lang='lat' dir='ltr'><strong>atque</strong></span> 
     </span>
    </p>
   </div>
   <div class='ocr_carea' id='block_1_105' title="bbox 2084 4600 3675 4673">
    <p class='ocr_par' dir='ltr' id='par_1_105' title="bbox 2084 4600 3675 4673">
     <span class='ocr_line' id='line_1_105' title="bbox 2084 4600 3675 4673; baseline 0.001 -19"><span class='ocrx_word' id='word_1_738' title='bbox 2084 4600 2428 4671; x_wconf 83' lang='grc' dir='ltr'>Θνησκόντων</span> <span class='ocrx_word' id='word_1_739' title='bbox 2479 4603 2874 4673; x_wconf 79' lang='grc' dir='ltr'>ἀκοντιζόμενα</span> <span class='ocrx_word' id='word_1_740' title='bbox 2916 4604 3017 4672; x_wconf 80' lang='grc' dir='ltr'>τῆς</span> <span class='ocrx_word' id='word_1_741' title='bbox 3056 4603 3183 4672; x_wconf 76' lang='grc' dir='ltr'>νηὸς</span> <span class='ocrx_word' id='word_1_742' title='bbox 3216 4602 3311 4655; x_wconf 73' lang='grc' dir='ltr'>ἐπὶ</span> <span class='ocrx_word' id='word_1_743' title='bbox 3360 4600 3675 4665; x_wconf 64' lang='grc' dir='ltr'>Θάλασσαν,</span> 
     </span>
    </p>
   </div>
   <div class='ocr_carea' id='block_1_106' title="bbox 2084 4692 3677 4765">
    <p class='ocr_par' dir='ltr' id='par_1_106' title="bbox 2084 4692 3677 4765">
     <span class='ocr_line' id='line_1_106' title="bbox 2084 4692 3677 4765; baseline 0.001 -19"><span class='ocrx_word' id='word_1_744' title='bbox 2084 4693 2181 4746; x_wconf 74' lang='grc' dir='ltr'>καὶ</span> <span class='ocrx_word' id='word_1_745' title='bbox 2216 4692 2375 4765; x_wconf 80' lang='grc' dir='ltr'>μέχρι</span> <span class='ocrx_word' id='word_1_746' title='bbox 2407 4694 2606 4747; x_wconf 88' lang='grc' dir='ltr'>πολλοῦ</span> <span class='ocrx_word' id='word_1_747' title='bbox 2640 4697 2753 4759; x_wconf 86' lang='grc' dir='ltr'>τοῖς</span> <span class='ocrx_word' id='word_1_748' title='bbox 2779 4694 3019 4764; x_wconf 85' lang='grc' dir='ltr'>κύμασιν</span> <span class='ocrx_word' id='word_1_749' title='bbox 3048 4694 3446 4763; x_wconf 82' lang='grc' dir='ltr'>ὲπισπαίροντα</span> <span class='ocrx_word' id='word_1_750' title='bbox 3470 4695 3539 4758; x_wconf 80' lang='grc'>³⁸,</span> <span class='ocrx_word' id='word_1_751' title='bbox 3569 4696 3677 4747; x_wconf 78' lang='grc' dir='ltr'>καὶ</span> 
     </span>
    </p>
   </div>
   <div class='ocr_carea' id='block_1_107' title="bbox 2083 4784 3677 4857">
    <p class='ocr_par' dir='ltr' id='par_1_107' title="bbox 2083 4784 3677 4857">
     <span class='ocr_line' id='line_1_107' title="bbox 2083 4784 3677 4857; baseline 0 -20"><span class='ocrx_word' id='word_1_752' title='bbox 2083 4785 2289 4838; x_wconf 81' lang='grc' dir='ltr'>τούτων</span> <span class='ocrx_word' id='word_1_753' title='bbox 2338 4785 2578 4854; x_wconf 87' lang='grc' dir='ltr'>μάλιστα</span> <span class='ocrx_word' id='word_1_754' title='bbox 2625 4787 2693 4840; x_wconf 86' lang='grc' dir='ltr'>τὰ</span> <span class='ocrx_word' id='word_1_755' title='bbox 2733 4786 2943 4839; x_wconf 89' lang='grc' dir='ltr'>δείλαια</span> <span class='ocrx_word' id='word_1_756' title='bbox 2983 4784 3159 4857; x_wconf 84' lang='grc' dir='ltr'>βρέφη</span> <span class='ocrx_word' id='word_1_757' title='bbox 3207 4784 3285 4853; x_wconf 84' lang='grc' dir='ltr'>τῷ</span> <span class='ocrx_word' id='word_1_758' title='bbox 3332 4784 3518 4838; x_wconf 83' lang='grc' dir='ltr'>ἀτελεῖ</span> <span class='ocrx_word' id='word_1_759' title='bbox 3565 4784 3677 4852; x_wconf 68' lang='grc' dir='ltr'>τῆς</span> 
     </span>
    </p>
   </div>
   <div class='ocr_carea' id='block_1_108' title="bbox 2084 4875 3677 4947">
    <p class='ocr_par' dir='ltr' id='par_1_108' title="bbox 2084 4875 3677 4947">
     <span class='ocr_line' id='line_1_108' title="bbox 2084 4875 3677 4947; baseline -0.001 -18"><span class='ocrx_word' id='word_1_760' title='bbox 2084 4875 2302 4946; x_wconf 89' lang='grc' dir='ltr'>φύσεως</span> <span class='ocrx_word' id='word_1_761' title='bbox 2347 4878 2520 4932; x_wconf 78' lang='grc' dir='ltr'>πλείω</span> <span class='ocrx_word' id='word_1_762' title='bbox 2550 4879 2660 4933; x_wconf 81' lang='grc' dir='ltr'>τῶν</span> <span class='ocrx_word' id='word_1_763' title='bbox 2699 4878 2875 4932; x_wconf 82' lang='grc' dir='ltr'>ἄλλων</span> <span class='ocrx_word' id='word_1_764' title='bbox 2925 4877 3033 4930; x_wconf 84' lang='grc' dir='ltr'><strong>τῶν</strong></span> <span class='ocrx_word' id='word_1_765' title='bbox 3078 4876 3342 4945; x_wconf 83' lang='grc' dir='ltr'>ἀλγεινῶν</span> <span class='ocrx_word' id='word_1_766' title='bbox 3400 4876 3677 4947; x_wconf 75' lang='grc' dir='ltr'>ἐμφορού-</span> 
     </span>
    </p>
   </div>
   <div class='ocr_carea' id='block_1_109' title="bbox 2086 4969 3678 5040">
    <p class='ocr_par' dir='ltr' id='par_1_109' title="bbox 2086 4969 3678 5040">
     <span class='ocr_line' id='line_1_109' title="bbox 2086 4969 3678 5040; baseline -0.001 -18"><span class='ocrx_word' id='word_1_767' title='bbox 2086 4986 2246 5039; x_wconf 89' lang='grc' dir='ltr'>μενα,</span> <span class='ocrx_word' id='word_1_768' title='bbox 2272 4971 2397 5032; x_wconf 82' lang='grc' dir='ltr'>τοὺς</span> <span class='ocrx_word' id='word_1_769' title='bbox 2427 4969 2635 5035; x_wconf 77' lang='grc' dir='ltr'>ζῶντας</span> <span class='ocrx_word' id='word_1_770' title='bbox 2670 4970 2725 5023; x_wconf 83' lang='grc' dir='ltr'>δὲ</span> <span class='ocrx_word' id='word_1_771' title='bbox 2774 4970 2934 5025; x_wconf 85' lang='grc' dir='ltr'>πάλιν</span> <span class='ocrx_word' id='word_1_772' title='bbox 2967 4971 3025 5023; x_wconf 87' lang='grc' dir='ltr'><strong>ού</strong></span> <span class='ocrx_word' id='word_1_773' title='bbox 3075 4969 3264 5040; x_wconf 73' lang='grc' dir='ltr'>πόρρω</span> <span class='ocrx_word' id='word_1_774' title='bbox 3293 4969 3402 5021; x_wconf 81' lang='grc' dir='ltr'><strong>τῶν</strong></span> <span class='ocrx_word' id='word_1_775' title='bbox 3439 4986 3678 5039; x_wconf 76' lang='grc' dir='ltr'>προχει-</span> 
     </span>
    </p>
   </div>
   <div class='ocr_carea' id='block_1_110' title="bbox 2087 5060 3679 5133">
    <p class='ocr_par' dir='ltr' id='par_1_110' title="bbox 2087 5060 3679 5133">
     <span class='ocr_line' id='line_1_110' title="bbox 2087 5060 3679 5133; baseline 0 -21"><span class='ocrx_word' id='word_1_776' title='bbox 2087 5062 2265 5131; x_wconf 85' lang='grc' dir='ltr'>μένων</span> <span class='ocrx_word' id='word_1_777' title='bbox 2296 5062 2658 5133; x_wconf 82' lang='grc' dir='ltr'>ὑπάρχοντας,</span> <span class='ocrx_word' id='word_1_778' title='bbox 2700 5064 2837 5115; x_wconf 86' lang='grc' dir='ltr'>ἀλλὰ</span> <span class='ocrx_word' id='word_1_779' title='bbox 2886 5063 3023 5133; x_wconf 78' lang='grc' dir='ltr'>πρὸς</span> <span class='ocrx_word' id='word_1_780' title='bbox 3054 5062 3114 5116; x_wconf 76' lang='grc' dir='ltr'><strong>τὸ</strong></span> <span class='ocrx_word' id='word_1_781' title='bbox 3148 5064 3331 5131; x_wconf 82' lang='grc' dir='ltr'>ὅμοιον</span> <span class='ocrx_word' id='word_1_782' title='bbox 3368 5060 3679 5131; x_wconf 76' lang='grc' dir='ltr'>βλέποντας</span> 
     </span>
    </p>
   </div>
   <div class='ocr_carea' id='block_1_111' title="bbox 2084 5148 3681 5224">
    <p class='ocr_par' dir='ltr' id='par_1_111' title="bbox 2084 5148 3681 5224">
     <span class='ocr_line' id='line_1_111' title="bbox 2084 5148 3681 5224; baseline -0.003 -19"><span class='ocrx_word' id='word_1_783' title='bbox 2084 5152 2277 5224; x_wconf 83' lang='grc' dir='ltr'>πέρας.</span> <span class='ocrx_word' id='word_1_784' title='bbox 2330 5155 2421 5222; x_wconf 80' lang='grc' dir='ltr'><strong>Ἐξ</strong></span> <span class='ocrx_word' id='word_1_785' title='bbox 2456 5148 2529 5208; x_wconf 85' lang='grc' dir='ltr'>ὧν</span> <span class='ocrx_word' id='word_1_786' title='bbox 2578 5155 2837 5210; x_wconf 79' lang='grc' dir='ltr'>ἀπάντων</span> <span class='ocrx_word' id='word_1_787' title='bbox 2881 5153 3083 5222; x_wconf 79' lang='grc' dir='ltr'>μᾶλλον</span> <span class='ocrx_word' id='word_1_788' title='bbox 3145 5153 3329 5223; x_wconf 79' lang='grc' dir='ltr'>ἡμεῖς,</span> <span class='ocrx_word' id='word_1_789' title='bbox 3382 5151 3497 5203; x_wconf 83' lang='grc' dir='ltr'>ὅσοι</span> <span class='ocrx_word' id='word_1_790' title='bbox 3548 5153 3681 5213; x_wconf 83' lang='grc' dir='ltr'>ταῖς</span> 
     </span>
    </p>
   </div>
   <div class='ocr_carea' id='block_1_112' title="bbox 2084 5243 3681 5318">
    <p class='ocr_par' dir='ltr' id='par_1_112' title="bbox 2084 5243 3681 5318">
     <span class='ocr_line' id='line_1_112' title="bbox 2084 5243 3681 5318; baseline -0.003 -20"><span class='ocrx_word' id='word_1_791' title='bbox 2084 5247 2370 5316; x_wconf 81' lang='grc' dir='ltr'>στρέϐλαις</span> <span class='ocrx_word' id='word_1_792' title='bbox 2391 5243 2533 5318; x_wconf 76' lang='grc' dir='ltr'>ἦμεν</span> <span class='ocrx_word' id='word_1_793' title='bbox 2558 5247 2947 5318; x_wconf 83' lang='grc' dir='ltr'>πεπεδημένοι,</span> <span class='ocrx_word' id='word_1_794' title='bbox 2976 5245 3192 5298; x_wconf 87' lang='grc' dir='ltr'>πλείοσι</span> <span class='ocrx_word' id='word_1_795' title='bbox 3215 5243 3473 5315; x_wconf 76' lang='grc' dir='ltr'>βασάνοις</span> <span class='ocrx_word' id='word_1_796' title='bbox 3502 5258 3681 5311; x_wconf 69' lang='grc' dir='ltr'>προσο</span> 
     </span>
    </p>
   </div>
   <div class='ocr_carea' id='block_1_113' title="bbox 2084 5337 3685 5414">
    <p class='ocr_par' dir='ltr' id='par_1_113' title="bbox 2084 5337 3685 5414">
     <span class='ocr_line' id='line_1_113' title="bbox 2084 5337 3685 5414; baseline -0.003 -23"><span class='ocrx_word' id='word_1_797' title='bbox 2084 5339 2440 5412; x_wconf 86' lang='grc' dir='ltr'>επαλαίομεν.</span> <span class='ocrx_word' id='word_1_798' title='bbox 2474 5342 2584 5396; x_wconf 77' lang='grc' dir='ltr'><strong>Καὶ</strong></span> <span class='ocrx_word' id='word_1_799' title='bbox 2611 5342 2719 5414; x_wconf 81' lang='grc' dir='ltr'><strong>γὰρ</strong></span> <span class='ocrx_word' id='word_1_800' title='bbox 2750 5340 3001 5395; x_wconf 84' lang='grc' dir='ltr'>θυλάκων</span> <span class='ocrx_word' id='word_1_801' title='bbox 3032 5339 3256 5410; x_wconf 78' lang='grc' dir='ltr'>ἀψύχων</span> <span class='ocrx_word' id='word_1_802' title='bbox 3283 5337 3442 5408; x_wconf 83' lang='grc' dir='ltr'>δίκην</span> <span class='ocrx_word' id='word_1_803' title='bbox 3471 5338 3593 5396; x_wconf 84' lang='grc' dir='ltr'>ταῖς</span> <span class='ocrx_word' id='word_1_804' title='bbox 3628 5337 3685 5367; x_wconf 71' lang='grc'>³³</span> 
     </span>
    </p>
   </div>
   <div class='ocr_carea' id='block_1_114' title="bbox 1679 5454 2354 5515">
    <p class='ocr_par' dir='ltr' id='par_1_114' title="bbox 1679 5454 2354 5515">
     <span class='ocr_line' id='line_1_114' title="bbox 1679 5454 2354 5515; baseline 0.01 -7"><span class='ocrx_word' id='word_1_805' title='bbox 1679 5454 1915 5511; x_wconf 66' lang='lat' dir='ltr'><strong>VARI/li</strong></span> <span class='ocrx_word' id='word_1_806' title='bbox 1955 5456 2354 5515; x_wconf 72' lang='lat' dir='ltr'><strong>LECTION-ES.</strong></span> 
     </span>
    </p>
   </div>
   <div class='ocr_carea' id='block_1_115' title="bbox 482 5555 980 5628">
    <p class='ocr_par' dir='ltr' id='par_1_115' title="bbox 482 5555 980 5628">
     <span class='ocr_line' id='line_1_115' title="bbox 482 5555 980 5628; baseline 0.002 -20"><span class='ocrx_word' id='word_1_807' title='bbox 482 5555 527 5586; x_wconf 78' lang='grc'><strong>³⁷</strong></span> <span class='ocrx_word' id='word_1_808' title='bbox 546 5555 895 5628; x_wconf 76' lang='grc' dir='ltr'>προεξευρεῖν</span> <span class='ocrx_word' id='word_1_809' title='bbox 917 5556 980 5609; x_wconf 82' lang='grc' dir='ltr'><strong>Α.</strong></span> 
     </span>
    </p>
   </div>
   <div class='ocr_carea' id='block_1_116' title="bbox 1058 5552 1501 5624">
    <p class='ocr_par' dir='ltr' id='par_1_116' title="bbox 1058 5552 1501 5624">
     <span class='ocr_line' id='line_1_116' title="bbox 1058 5552 1501 5624; baseline -0.005 -14"><span class='ocrx_word' id='word_1_810' title='bbox 1058 5554 1103 5588; x_wconf 76' lang='grc'><strong><em>’⁸</em></strong></span> <span class='ocrx_word' id='word_1_811' title='bbox 1125 5556 1357 5624; x_wconf 78' lang='grc' dir='ltr'>’Δντρου</span> <span class='ocrx_word' id='word_1_812' title='bbox 1393 5552 1501 5608; x_wconf 79' lang='grc' dir='ltr'><strong>ΑΡ.</strong></span> 
     </span>
    </p>
   </div>
   <div class='ocr_carea' id='block_1_117' title="bbox 410 5623 933 5695">
    <p class='ocr_par' dir='ltr' id='par_1_117' title="bbox 410 5623 933 5695">
     <span class='ocr_line' id='line_1_117' title="bbox 410 5623 933 5695; baseline 0 -14"><span class='ocrx_word' id='word_1_813' title='bbox 410 5623 802 5695; x_wconf 76' lang='grc' dir='ltr'>ἐπισπείροντὰ</span> <span class='ocrx_word' id='word_1_814' title='bbox 827 5627 933 5681; x_wconf 81' lang='grc' dir='ltr'><strong>ΔΡ.</strong></span> 
     </span>
    </p>
   </div>
   <div class='ocr_carea' id='block_1_118' title="bbox 1015 5624 1398 5697">
    <p class='ocr_par' dir='ltr' id='par_1_118' title="bbox 1015 5624 1398 5697">
     <span class='ocr_line' id='line_1_118' title="bbox 1015 5624 1398 5697; baseline -0.003 -20"><span class='ocrx_word' id='word_1_815' title='bbox 1015 5626 1058 5657; x_wconf 74' lang='grc'>³³</span> <span class='ocrx_word' id='word_1_816' title='bbox 1091 5624 1231 5697; x_wconf 85' lang='grc' dir='ltr'>ταῖς]</span> <span class='ocrx_word' id='word_1_817' title='bbox 1251 5624 1341 5677; x_wconf 81' lang='grc' dir='ltr'><strong>ἐπί</strong></span> <span class='ocrx_word' id='word_1_818' title='bbox 1376 5624 1398 5677; x_wconf 87' lang='lat'><strong>?</strong></span> 
     </span>
    </p>
   </div>
   <div class='ocr_carea' id='block_1_119' title="bbox 1609 5551 2110 5624">
    <p class='ocr_par' dir='ltr' id='par_1_119' title="bbox 1609 5551 2110 5624">
     <span class='ocr_line' id='line_1_119' title="bbox 1609 5551 2110 5624; baseline 0.012 -21"><span class='ocrx_word' id='word_1_819' title='bbox 1609 5552 1653 5582; x_wconf 80' lang='lat'><strong>”</strong></span> <span class='ocrx_word' id='word_1_820' title='bbox 1691 5551 1970 5624; x_wconf 77' lang='grc' dir='ltr'>ἐδεδέησαν</span> <span class='ocrx_word' id='word_1_821' title='bbox 1999 5553 2110 5609; x_wconf 80' lang='grc' dir='ltr'><strong>ΑΡ.</strong></span> 
     </span>
    </p>
   </div>
   <div class='ocr_carea' id='block_1_120' title="bbox 2216 5547 3683 5627">
    <p class='ocr_par' dir='ltr' id='par_1_120' title="bbox 2216 5547 3683 5627">
     <span class='ocr_line' id='line_1_120' title="bbox 2216 5547 3683 5627; baseline -0.002 -19"><span class='ocrx_word' id='word_1_822' title='bbox 2216 5557 2258 5586; x_wconf 83' lang='grc'><strong>³⁰</strong></span> <span class='ocrx_word' id='word_1_823' title='bbox 2291 5556 2396 5609; x_wconf 81' lang='grc' dir='ltr'><strong>τῶν</strong></span> <span class='ocrx_word' id='word_1_824' title='bbox 2434 5573 2701 5627; x_wconf 67' lang='grc' dir='ltr'>σωμάτων</span> <span class='ocrx_word' id='word_1_825' title='bbox 2729 5559 2793 5614; x_wconf 82' lang='grc' dir='ltr'><strong>Λ.</strong></span> <span class='ocrx_word' id='word_1_826' title='bbox 2899 5555 2940 5588; x_wconf 86' lang='grc'><strong>³¹</strong></span> <span class='ocrx_word' id='word_1_827' title='bbox 2963 5558 3171 5611; x_wconf 74' lang='grc' dir='ltr'>ἐπισπα</span> <span class='ocrx_word' id='word_1_828' title='bbox 3199 5569 3360 5623; x_wconf 86' lang='grc' dir='ltr'>ροντα</span> <span class='ocrx_word' id='word_1_829' title='bbox 3409 5547 3615 5605; x_wconf 56' lang='lat' dir='ltr'><strong>Comi.»</strong></span> <span class='ocrx_word' id='word_1_830' title='bbox 3663 5570 3683 5605; x_wconf 86' lang='lat'><strong>:</strong></span> 
     </span>
    </p>
   </div>
  </div>
