  <div class='ocr_page' id='page_1' title='image "/cluster/home/n/w/nwhite01/storage/ocr_20150623/109/hvd.32044073502312/330.png"; bbox 0 0 3962 6200; ppageno 0'>
   <div class='ocr_carea' id='block_1_1' title="bbox 366 173 462 237">
    <p class='ocr_par' dir='ltr' id='par_1_1' title="bbox 366 173 462 237">
     <span class='ocr_line' id='line_1_1' title="bbox 366 173 462 237; baseline 0.021 -2"><span class='ocrx_word' id='word_1_1' title='bbox 366 173 462 237; x_wconf 64' lang='lat'><strong>691</strong></span> 
     </span>
    </p>
   </div>
   <div class='ocr_carea' id='block_1_2' title="bbox 1450 168 2538 232">
    <p class='ocr_par' dir='ltr' id='par_1_2' title="bbox 1450 168 2538 232">
     <span class='ocr_line' id='line_1_2' title="bbox 1450 168 2538 232; baseline -0.003 0"><span class='ocrx_word' id='word_1_2' title='bbox 1450 170 1549 232; x_wconf 88' lang='lat' dir='ltr'><strong>DE</strong></span> <span class='ocrx_word' id='word_1_3' title='bbox 1582 168 1895 231; x_wconf 83' lang='lat' dir='ltr'><strong>EXCIDIO</strong></span> <span class='ocrx_word' id='word_1_4' title='bbox 1933 168 2538 232; x_wconf 63' lang='lat' dir='ltr'><strong>THESSALONICE;</strong></span> 
     </span>
    </p>
   </div>
   <div class='ocr_carea' id='block_1_3' title="bbox 3514 174 3619 238">
    <p class='ocr_par' dir='ltr' id='par_1_3' title="bbox 3514 174 3619 238">
     <span class='ocr_line' id='line_1_3' title="bbox 3514 174 3619 238; baseline 0.038 -4"><span class='ocrx_word' id='word_1_5' title='bbox 3514 174 3619 238; x_wconf 61' lang='lat'><strong>6&#39;32</strong></span> 
     </span>
    </p>
   </div>
   <div class='ocr_carea' id='block_1_4' title="bbox 367 273 1940 354">
    <p class='ocr_par' dir='ltr' id='par_1_4' title="bbox 367 273 1937 354">
     <span class='ocr_line' id='line_1_4' title="bbox 367 273 1937 354; baseline -0.004 -16"><span class='ocrx_word' id='word_1_6' title='bbox 367 283 588 339; x_wconf 72' lang='grc' dir='ltr'>τελλίων</span> <span class='ocrx_word' id='word_1_7' title='bbox 618 280 866 354; x_wconf 74' lang='grc' dir='ltr'>ἀλλήλοις</span> <span class='ocrx_word' id='word_1_8' title='bbox 897 280 1314 351; x_wconf 78' lang='grc' dir='ltr'>ἔπικαθήμενοι,</span> <span class='ocrx_word' id='word_1_9' title='bbox 1352 279 1445 335; x_wconf 77' lang='grc' dir='ltr'>καὶ</span> <span class='ocrx_word' id='word_1_10' title='bbox 1473 282 1586 343; x_wconf 86' lang='grc' dir='ltr'>τοῖς</span> <span class='ocrx_word' id='word_1_11' title='bbox 1632 280 1829 346; x_wconf 80' lang='grc' dir='ltr'><strong>ξύλοις,</strong></span> <span class='ocrx_word' id='word_1_12' title='bbox 1854 273 1937 342; x_wconf 79' lang='grc' dir='ltr'><strong>οἷς</strong></span> 
     </span>
    </p>
   </div>
   <div class='ocr_carea' id='block_1_5' title="bbox 2044 273 3621 354">
    <p class='ocr_par' dir='ltr' id='par_1_5' title="bbox 2044 279 3621 352">
     <span class='ocr_line' id='line_1_5' title="bbox 2044 279 3621 352; baseline 0.004 -19"><span class='ocrx_word' id='word_1_13' title='bbox 2044 280 2363 350; x_wconf 83' lang='lat' dir='ltr'><strong>compressi,</strong></span> <span class='ocrx_word' id='word_1_14' title='bbox 2420 294 2557 350; x_wconf 89' lang='lat' dir='ltr'><strong>quas</strong></span> <span class='ocrx_word' id='word_1_15' title='bbox 2588 293 2753 335; x_wconf 91' lang='lat' dir='ltr'><strong>nemo</strong></span> <span class='ocrx_word' id='word_1_16' title='bbox 2792 279 2978 335; x_wconf 81' lang='lat' dir='ltr'><strong>verbis</strong></span> <span class='ocrx_word' id='word_1_17' title='bbox 3006 280 3301 352; x_wconf 86' lang='lat' dir='ltr'><strong>eloquatnr</strong></span> <span class='ocrx_word' id='word_1_18' title='bbox 3326 296 3390 338; x_wconf 80' lang='lat' dir='ltr'><strong>ac</strong></span> <span class='ocrx_word' id='word_1_19' title='bbox 3416 282 3621 341; x_wconf 91' lang='lat' dir='ltr'><strong>referat</strong></span> 
     </span>
    </p>
   </div>
   <div class='ocr_carea' id='block_1_6' title="bbox 362 371 1936 444">
    <p class='ocr_par' dir='ltr' id='par_1_6' title="bbox 362 371 1936 444">
     <span class='ocr_line' id='line_1_6' title="bbox 362 371 1936 444; baseline -0.003 -17"><span class='ocrx_word' id='word_1_20' title='bbox 362 372 731 444; x_wconf 81' lang='grc' dir='ltr'>ὲνηρτήμεθα,</span> <span class='ocrx_word' id='word_1_21' title='bbox 790 372 1219 443; x_wconf 79' lang='grc' dir='ltr'>τιτρωσκόμενοί</span> <span class='ocrx_word' id='word_1_22' title='bbox 1250 388 1310 425; x_wconf 87' lang='grc' dir='ltr'><strong>τε</strong></span> <span class='ocrx_word' id='word_1_23' title='bbox 1363 372 1456 426; x_wconf 80' lang='grc' dir='ltr'><strong>καὶ</strong></span> <span class='ocrx_word' id='word_1_24' title='bbox 1506 371 1936 442; x_wconf 79' lang='grc' dir='ltr'>συνθλιϐόμενοι,</span> 
     </span>
    </p>
   </div>
   <div class='ocr_carea' id='block_1_7' title="bbox 359 466 1939 541">
    <p class='ocr_par' dir='ltr' id='par_1_7' title="bbox 359 466 1939 541">
     <span class='ocr_line' id='line_1_7' title="bbox 359 466 1939 541; baseline -0.003 -17"><span class='ocrx_word' id='word_1_25' title='bbox 359 469 753 539; x_wconf 80' lang='grc' dir='ltr'>ἀνεκδιήγητόν</span> <span class='ocrx_word' id='word_1_26' title='bbox 806 486 931 521; x_wconf 83' lang='grc' dir='ltr'>τινα</span> <span class='ocrx_word' id='word_1_27' title='bbox 994 471 1087 522; x_wconf 74' lang='grc' dir='ltr'><strong>καὶ</strong></span> <span class='ocrx_word' id='word_1_28' title='bbox 1136 468 1375 541; x_wconf 77' lang='grc' dir='ltr'>ἄρρητον</span> <span class='ocrx_word' id='word_1_29' title='bbox 1437 466 1783 537; x_wconf 79' lang='grc' dir='ltr'>ὑφιστάμεθα</span> <span class='ocrx_word' id='word_1_30' title='bbox 1842 467 1939 537; x_wconf 75' lang='grc' dir='ltr'>τὴν</span> 
     </span>
    </p>
   </div>
   <div class='ocr_carea' id='block_1_8' title="bbox 358 559 1940 631">
    <p class='ocr_par' dir='ltr' id='par_1_8' title="bbox 358 559 1940 631">
     <span class='ocr_line' id='line_1_8' title="bbox 358 559 1940 631; baseline -0.003 -17"><span class='ocrx_word' id='word_1_31' title='bbox 358 564 628 630; x_wconf 81' lang='grc' dir='ltr'>ἀνάγκην,</span> <span class='ocrx_word' id='word_1_32' title='bbox 651 560 759 613; x_wconf 75' lang='grc' dir='ltr'>οὐδ’</span> <span class='ocrx_word' id='word_1_33' title='bbox 798 560 1044 612; x_wconf 73' lang='grc' dir='ltr'>ὁπωσοῦν</span> <span class='ocrx_word' id='word_1_34' title='bbox 1080 560 1457 630; x_wconf 72' lang='grc' dir='ltr'><strong>συστραφῆναι</strong></span> <span class='ocrx_word' id='word_1_35' title='bbox 1487 560 1520 631; x_wconf 73' lang='grc' dir='ltr'>ἦ</span> <span class='ocrx_word' id='word_1_36' title='bbox 1555 575 1701 620; x_wconf 88' lang='grc' dir='ltr'>τινος</span> <span class='ocrx_word' id='word_1_37' title='bbox 1730 559 1940 619; x_wconf 76' lang='grc' dir='ltr'><strong>ἑαυτοῖς</strong></span> 
     </span>
    </p>
   </div>
   <div class='ocr_carea' id='block_1_9' title="bbox 362 643 1942 724">
    <p class='ocr_par' dir='ltr' id='par_1_9' title="bbox 362 643 1942 724">
     <span class='ocr_line' id='line_1_9' title="bbox 362 643 1942 724; baseline -0.004 -18"><span class='ocrx_word' id='word_1_38' title='bbox 362 643 689 724; x_wconf 74' lang='grc' dir='ltr'>μεταδοῦναι</span> <span class='ocrx_word' id='word_1_39' title='bbox 722 650 917 721; x_wconf 78' lang='grc' dir='ltr'><strong>σχολῆς</strong></span> <span class='ocrx_word' id='word_1_40' title='bbox 946 650 1230 721; x_wconf 75' lang='grc' dir='ltr'>συγχωρού</span> <span class='ocrx_word' id='word_1_41' title='bbox 1241 668 1415 721; x_wconf 86' lang='grc' dir='ltr'>μενοι,</span> <span class='ocrx_word' id='word_1_42' title='bbox 1441 648 1556 703; x_wconf 84' lang='grc' dir='ltr'>ἀλλ’</span> <span class='ocrx_word' id='word_1_43' title='bbox 1583 649 1616 719; x_wconf 78' lang='grc' dir='ltr'><strong>ἢ</strong></span> <span class='ocrx_word' id='word_1_44' title='bbox 1651 649 1811 718; x_wconf 89' lang='grc' dir='ltr'>μόνον</span> <span class='ocrx_word' id='word_1_45' title='bbox 1840 648 1942 710; x_wconf 81' lang='grc' dir='ltr'>τὰς</span> 
     </span>
    </p>
   </div>
   <div class='ocr_carea' id='block_1_10' title="bbox 359 739 1942 813">
    <p class='ocr_par' dir='ltr' id='par_1_10' title="bbox 359 739 1942 813">
     <span class='ocr_line' id='line_1_10' title="bbox 359 739 1942 813; baseline -0.003 -15"><span class='ocrx_word' id='word_1_46' title='bbox 359 744 605 813; x_wconf 71' lang='grc' dir='ltr'>κεφαλὰς</span> <span class='ocrx_word' id='word_1_47' title='bbox 637 742 929 813; x_wconf 76' lang='grc' dir='ltr'>ιύψοῦντες</span> <span class='ocrx_word' id='word_1_48' title='bbox 985 742 1207 812; x_wconf 82' lang='grc' dir='ltr'>μικρὸν,</span> <span class='ocrx_word' id='word_1_49' title='bbox 1263 742 1446 794; x_wconf 83' lang='grc' dir='ltr'>εἵπου</span> <span class='ocrx_word' id='word_1_50' title='bbox 1501 741 1605 794; x_wconf 74' lang='grc' dir='ltr'><strong>κᾶν</strong></span> <span class='ocrx_word' id='word_1_51' title='bbox 1659 739 1942 810; x_wconf 73' lang='grc' dir='ltr'>ἐλεύθερον</span> 
     </span>
    </p>
   </div>
   <div class='ocr_carea' id='block_1_11' title="bbox 358 831 1941 905">
    <p class='ocr_par' dir='ltr' id='par_1_11' title="bbox 358 831 1941 905">
     <span class='ocr_line' id='line_1_11' title="bbox 358 831 1941 905; baseline -0.003 -17"><span class='ocrx_word' id='word_1_52' title='bbox 358 836 501 904; x_wconf 82' lang='grc' dir='ltr'><strong>ἀέρα</strong></span> <span class='ocrx_word' id='word_1_53' title='bbox 528 837 646 897; x_wconf 88' lang='grc' dir='ltr'>ταῖς</span> <span class='ocrx_word' id='word_1_54' title='bbox 687 833 830 905; x_wconf 75' lang='grc' dir='ltr'>ῥισὶν</span> <span class='ocrx_word' id='word_1_55' title='bbox 864 834 1255 904; x_wconf 73' lang='grc' dir='ltr'>ἐφελκύσωμεν</span> <span class='ocrx_word' id='word_1_56' title='bbox 1297 835 1389 887; x_wconf 75' lang='grc' dir='ltr'><strong>καὶ</strong></span> <span class='ocrx_word' id='word_1_57' title='bbox 1427 834 1500 903; x_wconf 81' lang='grc' dir='ltr'>μὴ</span> <span class='ocrx_word' id='word_1_58' title='bbox 1552 834 1688 904; x_wconf 68' lang='grc' dir='ltr'>πρὸς</span> <span class='ocrx_word' id='word_1_59' title='bbox 1740 831 1941 893; x_wconf 72' lang='grc' dir='ltr'>παντὸς</span> 
     </span>
    </p>
   </div>
   <div class='ocr_carea' id='block_1_12' title="bbox 359 921 1941 995">
    <p class='ocr_par' dir='ltr' id='par_1_12' title="bbox 359 921 1941 995">
     <span class='ocr_line' id='line_1_12' title="bbox 359 921 1941 995; baseline -0.005 -15"><span class='ocrx_word' id='word_1_60' title='bbox 359 928 521 981; x_wconf 79' lang='grc' dir='ltr'>ἄλλον</span> <span class='ocrx_word' id='word_1_61' title='bbox 576 925 749 978; x_wconf 76' lang='grc' dir='ltr'>δεινοῦ</span> <span class='ocrx_word' id='word_1_62' title='bbox 808 927 875 994; x_wconf 85' lang='grc' dir='ltr'>τῇ</span> <span class='ocrx_word' id='word_1_63' title='bbox 924 924 1032 976; x_wconf 84' lang='grc' dir='ltr'><strong>τῶν</strong></span> <span class='ocrx_word' id='word_1_64' title='bbox 1091 925 1373 995; x_wconf 80' lang='grc' dir='ltr'><strong>παρόντων</strong></span> <span class='ocrx_word' id='word_1_65' title='bbox 1428 923 1794 991; x_wconf 77' lang='grc' dir='ltr'><strong>ἀναθυμιάσει</strong></span> <span class='ocrx_word' id='word_1_66' title='bbox 1842 921 1941 989; x_wconf 77' lang='grc' dir='ltr'><strong>τὴν</strong></span> 
     </span>
    </p>
   </div>
   <div class='ocr_carea' id='block_1_13' title="bbox 362 1012 1937 1087">
    <p class='ocr_par' dir='ltr' id='par_1_13' title="bbox 362 1012 1937 1087">
     <span class='ocr_line' id='line_1_13' title="bbox 362 1012 1937 1087; baseline -0.005 -16"><span class='ocrx_word' id='word_1_67' title='bbox 362 1021 534 1087; x_wconf 74' lang='grc' dir='ltr'>πνοὴν</span> <span class='ocrx_word' id='word_1_68' title='bbox 566 1017 969 1086; x_wconf 79' lang='grc' dir='ltr'>ἐπαφήσοιμεν.</span> <span class='ocrx_word' id='word_1_69' title='bbox 998 1017 1070 1070; x_wconf 76' lang='grc' dir='ltr'><strong>Τὸ</strong></span> <span class='ocrx_word' id='word_1_70' title='bbox 1102 1017 1157 1069; x_wconf 77' lang='grc' dir='ltr'><strong>δὲ</strong></span> <span class='ocrx_word' id='word_1_71' title='bbox 1184 1017 1293 1069; x_wconf 87' lang='grc' dir='ltr'><strong>τῶν</strong></span> <span class='ocrx_word' id='word_1_72' title='bbox 1320 1016 1556 1087; x_wconf 74' lang='grc' dir='ltr'>φθειρῶν</span> <span class='ocrx_word' id='word_1_73' title='bbox 1586 1014 1790 1084; x_wconf 75' lang='grc' dir='ltr'>πλῆθος</span> <span class='ocrx_word' id='word_1_74' title='bbox 1822 1012 1937 1064; x_wconf 80' lang='grc' dir='ltr'>ἔτε-</span> 
     </span>
    </p>
   </div>
   <div class='ocr_carea' id='block_1_14' title="bbox 362 1103 1940 1178">
    <p class='ocr_par' dir='ltr' id='par_1_14' title="bbox 362 1103 1940 1178">
     <span class='ocr_line' id='line_1_14' title="bbox 362 1103 1940 1178; baseline -0.004 -18"><span class='ocrx_word' id='word_1_75' title='bbox 362 1125 455 1176; x_wconf 85' lang='grc' dir='ltr'><strong>ρον</strong></span> <span class='ocrx_word' id='word_1_76' title='bbox 501 1103 568 1178; x_wconf 82' lang='grc' dir='ltr'>ἧν</span> <span class='ocrx_word' id='word_1_77' title='bbox 621 1107 807 1174; x_wconf 40' lang='grc' dir='ltr'>κακὸν,</span> <span class='ocrx_word' id='word_1_78' title='bbox 844 1106 1073 1175; x_wconf 75' lang='grc' dir='ltr'>ἄφατον.</span> <span class='ocrx_word' id='word_1_79' title='bbox 1124 1106 1393 1176; x_wconf 84' lang='grc' dir='ltr'>Καθάπερ</span> <span class='ocrx_word' id='word_1_80' title='bbox 1433 1107 1542 1176; x_wconf 83' lang='grc' dir='ltr'><strong>γάρ</strong></span> <span class='ocrx_word' id='word_1_81' title='bbox 1580 1123 1663 1167; x_wconf 87' lang='grc' dir='ltr'><strong>τις</strong></span> <span class='ocrx_word' id='word_1_82' title='bbox 1713 1104 1940 1166; x_wconf 80' lang='grc' dir='ltr'><strong>Θάνατος</strong></span> 
     </span>
    </p>
   </div>
   <div class='ocr_carea' id='block_1_15' title="bbox 355 1194 1941 1271">
    <p class='ocr_par' dir='ltr' id='par_1_15' title="bbox 355 1194 1941 1271">
     <span class='ocr_line' id='line_1_15' title="bbox 355 1194 1941 1271; baseline -0.005 -18"><span class='ocrx_word' id='word_1_83' title='bbox 355 1201 566 1270; x_wconf 76' lang='grc' dir='ltr'>ἕρπων,</span> <span class='ocrx_word' id='word_1_84' title='bbox 592 1199 690 1271; x_wconf 82' lang='grc' dir='ltr'>τὴν</span> <span class='ocrx_word' id='word_1_85' title='bbox 718 1199 976 1252; x_wconf 85' lang='grc' dir='ltr'>ἁπάντων</span> <span class='ocrx_word' id='word_1_86' title='bbox 1008 1198 1153 1268; x_wconf 81' lang='grc' dir='ltr'>ζωὴν</span> <span class='ocrx_word' id='word_1_87' title='bbox 1179 1198 1593 1263; x_wconf 80' lang='grc' dir='ltr'>κατεὸόσκοντο,</span> <span class='ocrx_word' id='word_1_88' title='bbox 1624 1197 1698 1258; x_wconf 81' lang='grc' dir='ltr'>ὡς</span> <span class='ocrx_word' id='word_1_89' title='bbox 1731 1198 1795 1248; x_wconf 77' lang='grc' dir='ltr'><strong>ἐκ</strong></span> <span class='ocrx_word' id='word_1_90' title='bbox 1817 1194 1941 1246; x_wconf 75' lang='grc' dir='ltr'>τούο</span> 
     </span>
    </p>
   </div>
   <div class='ocr_carea' id='block_1_16' title="bbox 355 1289 1943 1363">
    <p class='ocr_par' dir='ltr' id='par_1_16' title="bbox 355 1289 1943 1363">
     <span class='ocr_line' id='line_1_16' title="bbox 355 1289 1943 1363; baseline -0.002 -20"><span class='ocrx_word' id='word_1_91' title='bbox 355 1308 452 1343; x_wconf 84' lang='grc' dir='ltr'><strong>του</strong></span> <span class='ocrx_word' id='word_1_92' title='bbox 478 1292 577 1351; x_wconf 83' lang='grc' dir='ltr'><strong>τὰς</strong></span> <span class='ocrx_word' id='word_1_93' title='bbox 615 1291 829 1361; x_wconf 77' lang='grc' dir='ltr'>μορφὰς</span> <span class='ocrx_word' id='word_1_94' title='bbox 856 1292 1074 1345; x_wconf 86' lang='grc' dir='ltr'>πάντων</span> <span class='ocrx_word' id='word_1_95' title='bbox 1107 1291 1492 1363; x_wconf 75' lang='grc' dir='ltr'>ἀλλοιωθῆναι,</span> <span class='ocrx_word' id='word_1_96' title='bbox 1526 1292 1622 1344; x_wconf 74' lang='grc' dir='ltr'><strong>καὶ</strong></span> <span class='ocrx_word' id='word_1_97' title='bbox 1652 1292 1710 1343; x_wconf 82' lang='grc' dir='ltr'><strong>ὲν</strong></span> <span class='ocrx_word' id='word_1_98' title='bbox 1739 1289 1943 1360; x_wconf 64' lang='grc' dir='ltr'>ὑποψίᾳ</span> 
     </span>
    </p>
   </div>
   <div class='ocr_carea' id='block_1_17' title="bbox 356 1381 1941 1454">
    <p class='ocr_par' dir='ltr' id='par_1_17' title="bbox 356 1381 1941 1454">
     <span class='ocr_line' id='line_1_17' title="bbox 356 1381 1941 1454; baseline 0.006 -18"><span class='ocrx_word' id='word_1_99' title='bbox 356 1384 600 1449; x_wconf 77' lang='grc' dir='ltr'>ζώντων,</span> <span class='ocrx_word' id='word_1_100' title='bbox 632 1384 731 1439; x_wconf 81' lang='grc' dir='ltr'><strong>οὐκ</strong></span> <span class='ocrx_word' id='word_1_101' title='bbox 763 1384 994 1454; x_wconf 76' lang='grc' dir='ltr'>ἀληθείᾳ</span> <span class='ocrx_word' id='word_1_102' title='bbox 1026 1384 1360 1452; x_wconf 79' lang='grc' dir='ltr'>λογίζεσθαι.</span> <span class='ocrx_word' id='word_1_103' title='bbox 1390 1384 1561 1445; x_wconf 78' lang='grc' dir='ltr'>Ὅσας</span> <span class='ocrx_word' id='word_1_104' title='bbox 1611 1383 1668 1435; x_wconf 82' lang='grc' dir='ltr'>δὲ</span> <span class='ocrx_word' id='word_1_105' title='bbox 1724 1381 1941 1450; x_wconf 76' lang='grc' dir='ltr'>πληγὰς</span> 
     </span>
    </p>
   </div>
   <div class='ocr_carea' id='block_1_18' title="bbox 325 1474 1943 1547">
    <p class='ocr_par' dir='ltr' id='par_1_18' title="bbox 325 1474 1943 1547">
     <span class='ocr_line' id='line_1_18' title="bbox 325 1474 1943 1547; baseline -0.002 -19"><span class='ocrx_word' id='word_1_106' title='bbox 325 1477 593 1546; x_wconf 55' lang='grc' dir='ltr'>ιήφίεσαν</span> <span class='ocrx_word' id='word_1_107' title='bbox 625 1477 872 1544; x_wconf 79' lang='grc' dir='ltr'>μανικῶς</span> <span class='ocrx_word' id='word_1_108' title='bbox 906 1477 1201 1547; x_wconf 72' lang='grc' dir='ltr'>φερόμενοι</span> <span class='ocrx_word' id='word_1_109' title='bbox 1230 1477 1351 1529; x_wconf 83' lang='grc' dir='ltr'>καθ’</span> <span class='ocrx_word' id='word_1_110' title='bbox 1373 1476 1551 1545; x_wconf 80' lang='grc' dir='ltr'>ἡμῶν,</span> <span class='ocrx_word' id='word_1_111' title='bbox 1596 1476 1627 1546; x_wconf 84' lang='grc' dir='ltr'>ἢ</span> <span class='ocrx_word' id='word_1_112' title='bbox 1659 1476 1809 1536; x_wconf 80' lang='grc' dir='ltr'>ὅσαις</span> <span class='ocrx_word' id='word_1_113' title='bbox 1835 1474 1943 1526; x_wconf 86' lang='grc' dir='ltr'>λοι-</span> 
     </span>
    </p>
   </div>
   <div class='ocr_carea' id='block_1_19' title="bbox 357 1565 1941 1638">
    <p class='ocr_par' dir='ltr' id='par_1_19' title="bbox 357 1565 1941 1638">
     <span class='ocr_line' id='line_1_19' title="bbox 357 1565 1941 1638; baseline -0.003 -18"><span class='ocrx_word' id='word_1_114' title='bbox 357 1568 570 1638; x_wconf 81' lang='grc' dir='ltr'>δορίαις</span> <span class='ocrx_word' id='word_1_115' title='bbox 621 1569 714 1621; x_wconf 76' lang='grc' dir='ltr'><strong>καὶ</strong></span> <span class='ocrx_word' id='word_1_116' title='bbox 769 1568 998 1621; x_wconf 83' lang='grc' dir='ltr'>ὀνείδεσι</span> <span class='ocrx_word' id='word_1_117' title='bbox 1058 1568 1182 1622; x_wconf 87' lang='grc' dir='ltr'>καθ’</span> <span class='ocrx_word' id='word_1_118' title='bbox 1226 1568 1463 1636; x_wconf 83' lang='grc' dir='ltr'>ἑκάστην</span> <span class='ocrx_word' id='word_1_119' title='bbox 1510 1568 1657 1637; x_wconf 79' lang='grc' dir='ltr'>ἡμᾶς</span> <span class='ocrx_word' id='word_1_120' title='bbox 1709 1565 1941 1619; x_wconf 77' lang='grc' dir='ltr'>ἔπλυνον</span> 
     </span>
    </p>
   </div>
   <div class='ocr_carea' id='block_1_20' title="bbox 355 1655 1942 1732">
    <p class='ocr_par' dir='ltr' id='par_1_20' title="bbox 355 1655 1942 1732">
     <span class='ocr_line' id='line_1_20' title="bbox 355 1655 1942 1732; baseline -0.001 -18"><span class='ocrx_word' id='word_1_121' title='bbox 355 1660 531 1732; x_wconf 78' lang='grc' dir='ltr'>ὤραν,</span> <span class='ocrx_word' id='word_1_122' title='bbox 571 1663 663 1714; x_wconf 67' lang='grc' dir='ltr'><strong>καὶ</strong></span> <span class='ocrx_word' id='word_1_123' title='bbox 691 1655 768 1723; x_wconf 76' lang='grc' dir='ltr'>οἷς</span> <span class='ocrx_word' id='word_1_124' title='bbox 802 1662 1085 1728; x_wconf 77' lang='grc' dir='ltr'>ἐφαίνοντο</span> <span class='ocrx_word' id='word_1_125' title='bbox 1117 1661 1214 1732; x_wconf 73' lang='grc' dir='ltr'><strong>τὴν</strong></span> <span class='ocrx_word' id='word_1_126' title='bbox 1250 1660 1411 1731; x_wconf 78' lang='grc' dir='ltr'>μῆνιν</span> <span class='ocrx_word' id='word_1_127' title='bbox 1440 1660 1795 1728; x_wconf 76' lang='grc' dir='ltr'>φυλάττοντες</span> <span class='ocrx_word' id='word_1_128' title='bbox 1832 1659 1942 1712; x_wconf 86' lang='grc' dir='ltr'><strong>τῶν</strong></span> 
     </span>
    </p>
   </div>
   <div class='ocr_carea' id='block_1_21' title="bbox 354 1751 1942 1825">
    <p class='ocr_par' dir='ltr' id='par_1_21' title="bbox 354 1751 1942 1825">
     <span class='ocr_line' id='line_1_21' title="bbox 354 1751 1942 1825; baseline -0.001 -21"><span class='ocrx_word' id='word_1_129' title='bbox 354 1754 583 1825; x_wconf 76' lang='grc' dir='ltr'>ἡμερῶν</span> <span class='ocrx_word' id='word_1_130' title='bbox 615 1754 706 1806; x_wconf 76' lang='grc' dir='ltr'>τοῦ</span> <span class='ocrx_word' id='word_1_131' title='bbox 734 1752 995 1823; x_wconf 85' lang='grc' dir='ltr'>πολέμου,</span> <span class='ocrx_word' id='word_1_132' title='bbox 1033 1756 1185 1816; x_wconf 84' lang='grc' dir='ltr'>ποῖος</span> <span class='ocrx_word' id='word_1_133' title='bbox 1219 1753 1317 1822; x_wconf 80' lang='grc' dir='ltr'><strong>μὲν</strong></span> <span class='ocrx_word' id='word_1_134' title='bbox 1349 1752 1509 1820; x_wconf 83' lang='grc' dir='ltr'>λόγος</span> <span class='ocrx_word' id='word_1_135' title='bbox 1546 1751 1942 1822; x_wconf 84' lang='grc' dir='ltr'>καθιστορῆσαι</span> 
     </span>
    </p>
   </div>
   <div class='ocr_carea' id='block_1_22' title="bbox 353 1843 1944 1917">
    <p class='ocr_par' dir='ltr' id='par_1_22' title="bbox 353 1843 1944 1917">
     <span class='ocr_line' id='line_1_22' title="bbox 353 1843 1944 1917; baseline -0.001 -18"><span class='ocrx_word' id='word_1_136' title='bbox 353 1846 686 1915; x_wconf 72' lang='grc' dir='ltr'>δυνήσεται,</span> <span class='ocrx_word' id='word_1_137' title='bbox 739 1846 866 1899; x_wconf 81' lang='grc' dir='ltr'>ποία</span> <span class='ocrx_word' id='word_1_138' title='bbox 932 1844 988 1897; x_wconf 82' lang='grc' dir='ltr'>δὲ</span> <span class='ocrx_word' id='word_1_139' title='bbox 1045 1844 1183 1917; x_wconf 85' lang='grc' dir='ltr'>ἀκοὴ</span> <span class='ocrx_word' id='word_1_140' title='bbox 1238 1844 1334 1915; x_wconf 81' lang='grc' dir='ltr'><strong>τὴν</strong></span> <span class='ocrx_word' id='word_1_141' title='bbox 1388 1844 1578 1897; x_wconf 77' lang='grc' dir='ltr'>τούτου</span> <span class='ocrx_word' id='word_1_142' title='bbox 1636 1843 1944 1914; x_wconf 79' lang='grc' dir='ltr'>παραδέξα-</span> 
     </span>
    </p>
   </div>
   <div class='ocr_carea' id='block_1_23' title="bbox 357 1935 1938 2009">
    <p class='ocr_par' dir='ltr' id='par_1_23' title="bbox 357 1935 1938 2009">
     <span class='ocr_line' id='line_1_23' title="bbox 357 1935 1938 2009; baseline -0.004 -16"><span class='ocrx_word' id='word_1_143' title='bbox 357 1940 489 1993; x_wconf 81' lang='grc' dir='ltr'>σθαι</span> <span class='ocrx_word' id='word_1_144' title='bbox 520 1938 855 2009; x_wconf 80' lang='grc' dir='ltr'>τραγῳδίαν;</span> <span class='ocrx_word' id='word_1_145' title='bbox 905 1937 1061 2008; x_wconf 57' lang='grc' dir='ltr'><strong>Ἐμοὶ⁸</strong></span> <span class='ocrx_word' id='word_1_146' title='bbox 1093 1937 1149 1989; x_wconf 79' lang='grc' dir='ltr'><strong>δὲ</strong></span> <span class='ocrx_word' id='word_1_147' title='bbox 1219 1935 1478 1998; x_wconf 78' lang='grc' dir='ltr'>ἔκστασις</span> <span class='ocrx_word' id='word_1_148' title='bbox 1535 1935 1938 2007; x_wconf 79' lang='grc' dir='ltr'>ἐπεισέρχεται,</span> 
     </span>
    </p>
   </div>
   <div class='ocr_carea' id='block_1_24' title="bbox 353 2028 1942 2099">
    <p class='ocr_par' dir='ltr' id='par_1_24' title="bbox 353 2028 1942 2099">
     <span class='ocr_line' id='line_1_24' title="bbox 353 2028 1942 2099; baseline -0.004 -13"><span class='ocrx_word' id='word_1_149' title='bbox 353 2034 551 2095; x_wconf 78' lang='grc' dir='ltr'>ὁσάκις</span> <span class='ocrx_word' id='word_1_150' title='bbox 612 2034 689 2094; x_wconf 82' lang='grc' dir='ltr'><strong>είς</strong></span> <span class='ocrx_word' id='word_1_151' title='bbox 746 2031 952 2083; x_wconf 74' lang='grc' dir='ltr'>ἔννοιαν</span> <span class='ocrx_word' id='word_1_152' title='bbox 1014 2029 1155 2082; x_wconf 87' lang='grc' dir='ltr'>ἔλθω</span> <span class='ocrx_word' id='word_1_153' title='bbox 1219 2029 1380 2099; x_wconf 85' lang='grc' dir='ltr'>μόνον</span> <span class='ocrx_word' id='word_1_154' title='bbox 1452 2028 1561 2081; x_wconf 87' lang='grc' dir='ltr'><strong>τῶν</strong></span> <span class='ocrx_word' id='word_1_155' title='bbox 1619 2028 1942 2099; x_wconf 85' lang='grc' dir='ltr'>ἁμετρήτων</span> 
     </span>
    </p>
   </div>
   <div class='ocr_carea' id='block_1_25' title="bbox 356 2115 1941 2190">
    <p class='ocr_par' dir='ltr' id='par_1_25' title="bbox 356 2115 1941 2190">
     <span class='ocr_line' id='line_1_25' title="bbox 356 2115 1941 2190; baseline -0.003 -14"><span class='ocrx_word' id='word_1_156' title='bbox 356 2124 551 2177; x_wconf 85' lang='grc' dir='ltr'>κακῶν</span> <span class='ocrx_word' id='word_1_157' title='bbox 608 2122 830 2176; x_wconf 77' lang='grc' dir='ltr'>ἐκείνων</span> <span class='ocrx_word' id='word_1_158' title='bbox 863 2115 938 2174; x_wconf 81' lang='grc' dir='ltr'>ὧν</span> <span class='ocrx_word' id='word_1_159' title='bbox 981 2120 1127 2173; x_wconf 83' lang='grc' dir='ltr'>κατὰ</span> <span class='ocrx_word' id='word_1_160' title='bbox 1176 2121 1359 2173; x_wconf 85' lang='grc' dir='ltr'>πᾶσαν</span> <span class='ocrx_word' id='word_1_161' title='bbox 1409 2118 1508 2190; x_wconf 81' lang='grc' dir='ltr'><strong>τὴν</strong></span> <span class='ocrx_word' id='word_1_162' title='bbox 1554 2118 1803 2189; x_wconf 73' lang='grc' dir='ltr'>περίοδον</span> <span class='ocrx_word' id='word_1_163' title='bbox 1847 2117 1941 2171; x_wconf 81' lang='grc' dir='ltr'><strong>τοῦ</strong></span> 
     </span>
    </p>
   </div>
   <div class='ocr_carea' id='block_1_26' title="bbox 358 2209 1942 2283">
    <p class='ocr_par' dir='ltr' id='par_1_26' title="bbox 358 2209 1942 2283">
     <span class='ocr_line' id='line_1_26' title="bbox 358 2209 1942 2283; baseline -0.005 -14"><span class='ocrx_word' id='word_1_164' title='bbox 358 2217 528 2277; x_wconf 80' lang='grc' dir='ltr'>πλοὸς</span> <span class='ocrx_word' id='word_1_165' title='bbox 579 2213 989 2283; x_wconf 84' lang='grc' dir='ltr'>ὑπεμείναμεν,</span> <span class='ocrx_word' id='word_1_166' title='bbox 1047 2212 1163 2275; x_wconf 88' lang='grc' dir='ltr'><strong>πῶς</strong></span> <span class='ocrx_word' id='word_1_167' title='bbox 1212 2212 1666 2282; x_wconf 82' lang='grc' dir='ltr'>ὲκαρτερήσαμεν</span> <span class='ocrx_word' id='word_1_168' title='bbox 1718 2209 1942 2279; x_wconf 76' lang='grc' dir='ltr'>ἐνέγκαι</span> 
     </span>
    </p>
   </div>
   <div class='ocr_carea' id='block_1_27' title="bbox 332 2284 1939 2376">
    <p class='ocr_par' dir='ltr' id='par_1_27' title="bbox 332 2284 1939 2376">
     <span class='ocr_line' id='line_1_27' title="bbox 332 2284 1939 2376; baseline -0.004 -16"><span class='ocrx_word' id='word_1_169' title='bbox 332 2284 631 2376; x_wconf 35' lang='grc' dir='ltr'>,τοσαύτην</span> <span class='ocrx_word' id='word_1_170' title='bbox 684 2305 939 2373; x_wconf 78' lang='grc' dir='ltr'>πολυειδῆ</span> <span class='ocrx_word' id='word_1_171' title='bbox 1001 2303 1285 2373; x_wconf 71' lang='grc' dir='ltr'>συμφορὰν</span> <span class='ocrx_word' id='word_1_172' title='bbox 1336 2302 1652 2373; x_wconf 84' lang='grc' dir='ltr'>ἀνθρώπεια</span> <span class='ocrx_word' id='word_1_173' title='bbox 1687 2301 1939 2371; x_wconf 85' lang='grc' dir='ltr'>σώματα,</span> 
     </span>
    </p>
   </div>
   <div class='ocr_carea' id='block_1_28' title="bbox 358 2391 1940 2468">
    <p class='ocr_par' dir='ltr' id='par_1_28' title="bbox 358 2391 1940 2468">
     <span class='ocr_line' id='line_1_28' title="bbox 358 2391 1940 2468; baseline -0.004 -18"><span class='ocrx_word' id='word_1_174' title='bbox 358 2392 447 2460; x_wconf 80' lang='grc' dir='ltr'>οἷς</span> <span class='ocrx_word' id='word_1_175' title='bbox 494 2394 562 2468; x_wconf 76' lang='grc' dir='ltr'>ἦν</span> <span class='ocrx_word' id='word_1_176' title='bbox 594 2396 699 2467; x_wconf 79' lang='grc' dir='ltr'>πρὸ</span> <span class='ocrx_word' id='word_1_177' title='bbox 731 2396 884 2448; x_wconf 72' lang='grc' dir='ltr'>τοῦδε</span> <span class='ocrx_word' id='word_1_178' title='bbox 907 2395 1152 2465; x_wconf 74' lang='grc' dir='ltr'>τρυφηλὴ</span> <span class='ocrx_word' id='word_1_179' title='bbox 1183 2396 1275 2446; x_wconf 72' lang='grc' dir='ltr'><strong>καὶ</strong></span> <span class='ocrx_word' id='word_1_180' title='bbox 1304 2392 1628 2465; x_wconf 76' lang='grc' dir='ltr'>διαρρέουσα</span> <span class='ocrx_word' id='word_1_181' title='bbox 1650 2392 1827 2444; x_wconf 83' lang='grc' dir='ltr'>δίαιτα</span> <span class='ocrx_word' id='word_1_182' title='bbox 1847 2391 1940 2445; x_wconf 81' lang='grc' dir='ltr'>καὶ</span> 
     </span>
    </p>
   </div>
   <div class='ocr_carea' id='block_1_29' title="bbox 355 2482 1940 2558">
    <p class='ocr_par' dir='ltr' id='par_1_29' title="bbox 355 2482 1940 2558">
     <span class='ocr_line' id='line_1_29' title="bbox 355 2482 1940 2558; baseline -0.003 -17"><span class='ocrx_word' id='word_1_183' title='bbox 355 2491 708 2558; x_wconf 83' lang='grc' dir='ltr'>πειρατικαϊς</span> <span class='ocrx_word' id='word_1_184' title='bbox 757 2489 1025 2557; x_wconf 76' lang='grc' dir='ltr'>ἀνάγκαις</span> <span class='ocrx_word' id='word_1_185' title='bbox 1058 2487 1311 2557; x_wconf 80' lang='grc' dir='ltr'>οὐδαμῶς</span> <span class='ocrx_word' id='word_1_186' title='bbox 1348 2485 1707 2552; x_wconf 83' lang='grc' dir='ltr'>ἐνεθισθεῖσα,</span> <span class='ocrx_word' id='word_1_187' title='bbox 1743 2485 1862 2547; x_wconf 84' lang='grc' dir='ltr'><strong>πῶς</strong></span> <span class='ocrx_word' id='word_1_188' title='bbox 1883 2482 1940 2537; x_wconf 80' lang='grc' dir='ltr'>δὲ</span> 
     </span>
    </p>
   </div>
   <div class='ocr_carea' id='block_1_30' title="bbox 356 2570 1939 2647">
    <p class='ocr_par' dir='ltr' id='par_1_30' title="bbox 356 2570 1939 2647">
     <span class='ocr_line' id='line_1_30' title="bbox 356 2570 1939 2647; baseline -0.002 -18"><span class='ocrx_word' id='word_1_189' title='bbox 356 2578 460 2647; x_wconf 81' lang='grc' dir='ltr'>τὴν</span> <span class='ocrx_word' id='word_1_190' title='bbox 509 2577 830 2631; x_wconf 78' lang='grc' dir='ltr'>ἀνύποιστον</span> <span class='ocrx_word' id='word_1_191' title='bbox 877 2578 971 2630; x_wconf 71' lang='grc' dir='ltr'>καὶ</span> <span class='ocrx_word' id='word_1_192' title='bbox 1002 2578 1190 2645; x_wconf 82' lang='grc' dir='ltr'>δισσὴν</span> <span class='ocrx_word' id='word_1_193' title='bbox 1224 2576 1495 2647; x_wconf 84' lang='grc' dir='ltr'>πύρωσιν,</span> <span class='ocrx_word' id='word_1_194' title='bbox 1523 2575 1624 2645; x_wconf 79' lang='grc' dir='ltr'>τήν</span> <span class='ocrx_word' id='word_1_195' title='bbox 1650 2590 1710 2628; x_wconf 83' lang='grc' dir='ltr'><strong>τε</strong></span> <span class='ocrx_word' id='word_1_196' title='bbox 1751 2575 1815 2627; x_wconf 81' lang='grc' dir='ltr'><strong>ἐκ</strong></span> <span class='ocrx_word' id='word_1_197' title='bbox 1844 2570 1939 2627; x_wconf 81' lang='grc' dir='ltr'><strong>τοῦ</strong></span> 
     </span>
    </p>
   </div>
   <div class='ocr_carea' id='block_1_31' title="bbox 356 2666 1940 2740">
    <p class='ocr_par' dir='ltr' id='par_1_31' title="bbox 356 2666 1940 2740">
     <span class='ocr_line' id='line_1_31' title="bbox 356 2666 1940 2740; baseline -0.003 -18"><span class='ocrx_word' id='word_1_198' title='bbox 356 2669 605 2740; x_wconf 75' lang='grc' dir='ltr'><strong>φλογμοῦ</strong></span> <span class='ocrx_word' id='word_1_199' title='bbox 655 2670 753 2738; x_wconf 85' lang='grc' dir='ltr'>τῆς</span> <span class='ocrx_word' id='word_1_200' title='bbox 784 2669 944 2739; x_wconf 78' lang='grc' dir='ltr'>δίψης</span> <span class='ocrx_word' id='word_1_201' title='bbox 986 2669 1079 2722; x_wconf 75' lang='grc' dir='ltr'><strong>καὶ</strong></span> <span class='ocrx_word' id='word_1_202' title='bbox 1112 2668 1211 2738; x_wconf 75' lang='grc' dir='ltr'>τὴν</span> <span class='ocrx_word' id='word_1_203' title='bbox 1261 2669 1325 2721; x_wconf 79' lang='grc' dir='ltr'><strong>ἐκ</strong></span> <span class='ocrx_word' id='word_1_204' title='bbox 1358 2668 1459 2738; x_wconf 79' lang='grc' dir='ltr'>τῆς</span> <span class='ocrx_word' id='word_1_205' title='bbox 1515 2667 1736 2738; x_wconf 78' lang='grc' dir='ltr'>θερινῆς</span> <span class='ocrx_word' id='word_1_206' title='bbox 1789 2666 1940 2737; x_wconf 83' lang='grc' dir='ltr'>ὥρας</span> 
     </span>
    </p>
   </div>
   <div class='ocr_carea' id='block_1_32' title="bbox 354 2758 1939 2832">
    <p class='ocr_par' dir='ltr' id='par_1_32' title="bbox 354 2758 1939 2832">
     <span class='ocr_line' id='line_1_32' title="bbox 354 2758 1939 2832; baseline -0.003 -17"><span class='ocrx_word' id='word_1_207' title='bbox 354 2764 460 2824; x_wconf 76' lang='grc' dir='ltr'><strong>τάς</strong></span> <span class='ocrx_word' id='word_1_208' title='bbox 507 2762 737 2831; x_wconf 81' lang='grc' dir='ltr'>φυσικὰς</span> <span class='ocrx_word' id='word_1_209' title='bbox 795 2761 1027 2832; x_wconf 77' lang='grc' dir='ltr'>ἰκμάδας</span> <span class='ocrx_word' id='word_1_210' title='bbox 1080 2758 1572 2831; x_wconf 83' lang='grc' dir='ltr'>ἀναξηραίνουσαν,</span> <span class='ocrx_word' id='word_1_211' title='bbox 1624 2759 1720 2812; x_wconf 78' lang='grc' dir='ltr'><strong>καὶ</strong></span> <span class='ocrx_word' id='word_1_212' title='bbox 1768 2758 1830 2811; x_wconf 87' lang='grc' dir='ltr'><strong>τό</strong></span> <span class='ocrx_word' id='word_1_213' title='bbox 1874 2774 1939 2827; x_wconf 89' lang='grc' dir='ltr'><strong>γε</strong></span> 
     </span>
    </p>
   </div>
   <div class='ocr_carea' id='block_1_33' title="bbox 354 2850 1938 2924">
    <p class='ocr_par' dir='ltr' id='par_1_33' title="bbox 354 2850 1938 2924">
     <span class='ocr_line' id='line_1_33' title="bbox 354 2850 1938 2924; baseline -0.003 -17"><span class='ocrx_word' id='word_1_214' title='bbox 354 2854 567 2907; x_wconf 84' lang='grc' dir='ltr'>τούτων</span> <span class='ocrx_word' id='word_1_215' title='bbox 593 2853 978 2924; x_wconf 72' lang='grc' dir='ltr'>ἐλεεινότερον,</span> <span class='ocrx_word' id='word_1_216' title='bbox 1010 2853 1126 2914; x_wconf 85' lang='grc' dir='ltr'><strong>πῶς</strong></span> <span class='ocrx_word' id='word_1_217' title='bbox 1160 2853 1545 2923; x_wconf 84' lang='grc' dir='ltr'>συνεκρατεῖτο</span> <span class='ocrx_word' id='word_1_218' title='bbox 1572 2850 1667 2904; x_wconf 76' lang='grc' dir='ltr'>καὶ</span> <span class='ocrx_word' id='word_1_219' title='bbox 1690 2850 1938 2923; x_wconf 83' lang='grc' dir='ltr'>παρέμε-</span> 
     </span>
    </p>
   </div>
   <div class='ocr_carea' id='block_1_34' title="bbox 2044 368 3621 443">
    <p class='ocr_par' dir='ltr' id='par_1_34' title="bbox 2044 368 3621 443">
     <span class='ocr_line' id='line_1_34' title="bbox 2044 368 3621 443; baseline 0.004 -20"><span class='ocrx_word' id='word_1_220' title='bbox 2044 371 2324 439; x_wconf 76' lang='lat' dir='ltr'><strong>angustias</strong></span> <span class='ocrx_word' id='word_1_221' title='bbox 2347 368 2779 431; x_wconf 85' lang='lat' dir='ltr'><strong>sustinebamus,</strong></span> <span class='ocrx_word' id='word_1_222' title='bbox 2825 368 3029 439; x_wconf 87' lang='lat' dir='ltr'><strong>quibus</strong></span> <span class='ocrx_word' id='word_1_223' title='bbox 3060 386 3130 425; x_wconf 92' lang='lat' dir='ltr'><strong>ne</strong></span> <span class='ocrx_word' id='word_1_224' title='bbox 3168 370 3458 425; x_wconf 88' lang='lat' dir='ltr'><strong>minimum</strong></span> <span class='ocrx_word' id='word_1_225' title='bbox 3497 376 3621 443; x_wconf 89' lang='lat' dir='ltr'><strong>qui-</strong></span> 
     </span>
    </p>
   </div>
   <div class='ocr_carea' id='block_1_35' title="bbox 2044 461 3617 533">
    <p class='ocr_par' dir='ltr' id='par_1_35' title="bbox 2044 461 3617 533">
     <span class='ocr_line' id='line_1_35' title="bbox 2044 461 3617 533; baseline 0.005 -19"><span class='ocrx_word' id='word_1_226' title='bbox 2044 461 2166 515; x_wconf 91' lang='lat' dir='ltr'><strong>dem</strong></span> <span class='ocrx_word' id='word_1_227' title='bbox 2188 464 2542 532; x_wconf 90' lang='lat' dir='ltr'><strong>contorqueri</strong></span> <span class='ocrx_word' id='word_1_228' title='bbox 2571 472 2665 517; x_wconf 88' lang='lat' dir='ltr'><strong>aut</strong></span> <span class='ocrx_word' id='word_1_229' title='bbox 2696 464 2874 518; x_wconf 77' lang='lat' dir='ltr'><strong>solatii</strong></span> <span class='ocrx_word' id='word_1_230' title='bbox 2909 464 3114 533; x_wconf 86' lang='lat' dir='ltr'><strong>aliquid</strong></span> <span class='ocrx_word' id='word_1_231' title='bbox 3137 474 3360 533; x_wconf 88' lang='lat' dir='ltr'><strong>captare</strong></span> <span class='ocrx_word' id='word_1_232' title='bbox 3391 465 3617 533; x_wconf 79' lang='lat' dir='ltr'><strong>licebat,</strong></span> 
     </span>
    </p>
   </div>
   <div class='ocr_carea' id='block_1_36' title="bbox 2044 554 3622 628">
    <p class='ocr_par' dir='ltr' id='par_1_36' title="bbox 2044 554 3622 628">
     <span class='ocr_line' id='line_1_36' title="bbox 2044 554 3622 628; baseline 0.004 -20"><span class='ocrx_word' id='word_1_233' title='bbox 2044 555 2150 609; x_wconf 85' lang='lat' dir='ltr'><strong>nisi</strong></span> <span class='ocrx_word' id='word_1_234' title='bbox 2186 554 2450 610; x_wconf 78' lang='lat' dir='ltr'><strong>duntaxat</strong></span> <span class='ocrx_word' id='word_1_235' title='bbox 2474 558 2756 626; x_wconf 82' lang='lat' dir='ltr'><strong>paululum</strong></span> <span class='ocrx_word' id='word_1_236' title='bbox 2783 558 3074 611; x_wconf 80' lang='lat' dir='ltr'><strong>sustollere</strong></span> <span class='ocrx_word' id='word_1_237' title='bbox 3102 557 3299 626; x_wconf 80' lang='lat' dir='ltr'><strong>capita,</strong></span> <span class='ocrx_word' id='word_1_238' title='bbox 3321 558 3367 613; x_wconf 88' lang='lat' dir='ltr'><strong>si</strong></span> <span class='ocrx_word' id='word_1_239' title='bbox 3399 560 3622 628; x_wconf 84' lang='lat' dir='ltr'><strong>quando</strong></span> 
     </span>
    </p>
   </div>
   <div class='ocr_carea' id='block_1_37' title="bbox 2043 648 3621 718">
    <p class='ocr_par' dir='ltr' id='par_1_37' title="bbox 2043 648 3621 718">
     <span class='ocr_line' id='line_1_37' title="bbox 2043 648 3621 718; baseline 0.003 -16"><span class='ocrx_word' id='word_1_240' title='bbox 2043 648 2207 703; x_wconf 88' lang='lat' dir='ltr'><strong>liberi</strong></span> <span class='ocrx_word' id='word_1_241' title='bbox 2251 649 2457 718; x_wconf 89' lang='lat' dir='ltr'><strong>aliquid</strong></span> <span class='ocrx_word' id='word_1_242' title='bbox 2494 649 2639 704; x_wconf 89' lang='lat' dir='ltr'><strong>aeris</strong></span> <span class='ocrx_word' id='word_1_243' title='bbox 2671 650 2902 704; x_wconf 89' lang='lat' dir='ltr'><strong>naribus</strong></span> <span class='ocrx_word' id='word_1_244' title='bbox 2952 650 3230 705; x_wconf 88' lang='lat' dir='ltr'><strong>attrahere</strong></span> <span class='ocrx_word' id='word_1_245' title='bbox 3282 652 3502 715; x_wconf 83' lang='lat' dir='ltr'><strong>liberet,</strong></span> <span class='ocrx_word' id='word_1_246' title='bbox 3552 669 3621 707; x_wconf 87' lang='lat' dir='ltr'><strong>ne</strong></span> 
     </span>
    </p>
   </div>
   <div class='ocr_carea' id='block_1_38' title="bbox 2043 739 3619 812">
    <p class='ocr_par' dir='ltr' id='par_1_38' title="bbox 2043 739 3619 812">
     <span class='ocr_line' id='line_1_38' title="bbox 2043 739 3619 812; baseline 0.004 -20"><span class='ocrx_word' id='word_1_247' title='bbox 2043 739 2287 793; x_wconf 91' lang='lat' dir='ltr'><strong>omnium</strong></span> <span class='ocrx_word' id='word_1_248' title='bbox 2346 740 2581 793; x_wconf 85' lang='lat' dir='ltr'><strong>aliorum</strong></span> <span class='ocrx_word' id='word_1_249' title='bbox 2636 741 2905 795; x_wconf 88' lang='lat' dir='ltr'><strong>malorum</strong></span> <span class='ocrx_word' id='word_1_250' title='bbox 2950 742 3214 806; x_wconf 85' lang='lat' dir='ltr'><strong>cumulo,</strong></span> <span class='ocrx_word' id='word_1_251' title='bbox 3263 745 3619 812; x_wconf 67' lang='lat' dir='ltr'><strong>praesentium</strong></span> 
     </span>
    </p>
   </div>
   <div class='ocr_carea' id='block_1_39' title="bbox 2044 829 3624 887">
    <p class='ocr_par' dir='ltr' id='par_1_39' title="bbox 2044 829 3624 887">
     <span class='ocr_line' id='line_1_39' title="bbox 2044 829 3624 887; baseline 0.004 -6"><span class='ocrx_word' id='word_1_252' title='bbox 2044 843 2228 882; x_wconf 88' lang='lat' dir='ltr'><strong>rerum</strong></span> <span class='ocrx_word' id='word_1_253' title='bbox 2264 829 2558 883; x_wconf 87' lang='lat' dir='ltr'><strong>immanem</strong></span> <span class='ocrx_word' id='word_1_254' title='bbox 2610 829 2861 884; x_wconf 60' lang='lat' dir='ltr'><strong>faetorem</strong></span> <span class='ocrx_word' id='word_1_255' title='bbox 2893 830 3065 884; x_wconf 83' lang='lat' dir='ltr'><strong>halitu</strong></span> <span class='ocrx_word' id='word_1_256' title='bbox 3098 830 3467 886; x_wconf 86' lang='lat' dir='ltr'><strong>hauriremus.</strong></span> <span class='ocrx_word' id='word_1_257' title='bbox 3528 834 3624 887; x_wconf 44' lang='lat' dir='ltr'><strong>Pe.</strong></span> 
     </span>
    </p>
   </div>
   <div class='ocr_carea' id='block_1_40' title="bbox 2044 919 3619 993">
    <p class='ocr_par' dir='ltr' id='par_1_40' title="bbox 2044 919 3619 993">
     <span class='ocr_line' id='line_1_40' title="bbox 2044 919 3619 993; baseline 0.003 -20"><span class='ocrx_word' id='word_1_258' title='bbox 2044 919 2355 974; x_wconf 88' lang='lat' dir='ltr'><strong>diculorum</strong></span> <span class='ocrx_word' id='word_1_259' title='bbox 2394 921 2559 975; x_wconf 87' lang='lat' dir='ltr'><strong>etiam</strong></span> <span class='ocrx_word' id='word_1_260' title='bbox 2603 921 2795 992; x_wconf 80' lang='lat' dir='ltr'><strong>ingens</strong></span> <span class='ocrx_word' id='word_1_261' title='bbox 2839 921 2943 984; x_wconf 92' lang='lat' dir='ltr'><strong>vis,</strong></span> <span class='ocrx_word' id='word_1_262' title='bbox 2972 923 3242 977; x_wconf 90' lang='lat' dir='ltr'><strong>malorum</strong></span> <span class='ocrx_word' id='word_1_263' title='bbox 3268 939 3441 993; x_wconf 83' lang='lat' dir='ltr'><strong>genus</strong></span> <span class='ocrx_word' id='word_1_264' title='bbox 3471 925 3619 978; x_wconf 84' lang='lat' dir='ltr'><strong>aliud</strong></span> 
     </span>
    </p>
   </div>
   <div class='ocr_carea' id='block_1_41' title="bbox 2045 1010 3623 1084">
    <p class='ocr_par' dir='ltr' id='par_1_41' title="bbox 2045 1010 3623 1084">
     <span class='ocr_line' id='line_1_41' title="bbox 2045 1010 3623 1084; baseline 0.004 -20"><span class='ocrx_word' id='word_1_265' title='bbox 2045 1010 2516 1080; x_wconf 90' lang='lat' dir='ltr'><strong>improbissimum</strong></span> <span class='ocrx_word' id='word_1_266' title='bbox 2552 1030 2565 1065; x_wconf 89' lang='lat'><strong>:</strong></span> <span class='ocrx_word' id='word_1_267' title='bbox 2594 1013 2738 1066; x_wconf 82' lang='lat' dir='ltr'><strong>haud</strong></span> <span class='ocrx_word' id='word_1_268' title='bbox 2774 1027 2935 1067; x_wconf 89' lang='lat' dir='ltr'><strong>secus</strong></span> <span class='ocrx_word' id='word_1_269' title='bbox 2961 1013 3108 1067; x_wconf 90' lang='lat' dir='ltr'><strong>enim</strong></span> <span class='ocrx_word' id='word_1_270' title='bbox 3149 1029 3214 1077; x_wconf 83' lang='lat' dir='ltr'><strong>ac</strong></span> <span class='ocrx_word' id='word_1_271' title='bbox 3243 1029 3391 1069; x_wconf 87' lang='lat' dir='ltr'><strong>mors</strong></span> <span class='ocrx_word' id='word_1_272' title='bbox 3421 1031 3623 1084; x_wconf 87' lang='lat' dir='ltr'><strong>repens</strong></span> 
     </span>
    </p>
   </div>
   <div class='ocr_carea' id='block_1_42' title="bbox 2043 1102 3619 1173">
    <p class='ocr_par' dir='ltr' id='par_1_42' title="bbox 2043 1102 3619 1173">
     <span class='ocr_line' id='line_1_42' title="bbox 2043 1102 3619 1173; baseline 0.003 -16"><span class='ocrx_word' id='word_1_273' title='bbox 2043 1102 2289 1157; x_wconf 90' lang='lat' dir='ltr'><strong>omnium</strong></span> <span class='ocrx_word' id='word_1_274' title='bbox 2336 1105 2505 1158; x_wconf 90' lang='lat' dir='ltr'><strong>vitam</strong></span> <span class='ocrx_word' id='word_1_275' title='bbox 2561 1105 3022 1173; x_wconf 86' lang='lat' dir='ltr'><strong>depasccbantur.</strong></span> <span class='ocrx_word' id='word_1_276' title='bbox 3066 1104 3208 1159; x_wconf 86' lang='lat' dir='ltr'><strong>Hinc</strong></span> <span class='ocrx_word' id='word_1_277' title='bbox 3248 1107 3494 1162; x_wconf 91' lang='lat' dir='ltr'><strong>omnium</strong></span> <span class='ocrx_word' id='word_1_278' title='bbox 3527 1123 3619 1163; x_wconf 89' lang='lat' dir='ltr'><strong>ora</strong></span> 
     </span>
    </p>
   </div>
   <div class='ocr_carea' id='block_1_43' title="bbox 2045 1192 3621 1263">
    <p class='ocr_par' dir='ltr' id='par_1_43' title="bbox 2045 1192 3621 1263">
     <span class='ocr_line' id='line_1_43' title="bbox 2045 1192 3621 1263; baseline 0.004 -19"><span class='ocrx_word' id='word_1_279' title='bbox 2045 1192 2355 1257; x_wconf 86' lang='lat' dir='ltr'><strong>immutata,</strong></span> <span class='ocrx_word' id='word_1_280' title='bbox 2407 1193 2595 1263; x_wconf 85' lang='lat' dir='ltr'><strong>sicque</strong></span> <span class='ocrx_word' id='word_1_281' title='bbox 2636 1194 2829 1248; x_wconf 74' lang='lat' dir='ltr'><strong>affecta</strong></span> <span class='ocrx_word' id='word_1_282' title='bbox 2862 1202 2922 1247; x_wconf 91' lang='lat' dir='ltr'><strong>ut</strong></span> <span class='ocrx_word' id='word_1_283' title='bbox 2955 1195 3217 1263; x_wconf 87' lang='lat' dir='ltr'><strong>opinione</strong></span> <span class='ocrx_word' id='word_1_284' title='bbox 3261 1197 3468 1263; x_wconf 80' lang='lat' dir='ltr'><strong>vivere,</strong></span> <span class='ocrx_word' id='word_1_285' title='bbox 3511 1214 3621 1252; x_wconf 91' lang='lat' dir='ltr'><strong>non</strong></span> 
     </span>
    </p>
   </div>
   <div class='ocr_carea' id='block_1_44' title="bbox 2044 1280 3619 1354">
    <p class='ocr_par' dir='ltr' id='par_1_44' title="bbox 2044 1280 3619 1354">
     <span class='ocr_line' id='line_1_44' title="bbox 2044 1280 3619 1354; baseline 0.005 -21"><span class='ocrx_word' id='word_1_286' title='bbox 2044 1295 2102 1334; x_wconf 92' lang='lat' dir='ltr'><strong>re</strong></span> <span class='ocrx_word' id='word_1_287' title='bbox 2136 1280 2253 1349; x_wconf 85' lang='lat' dir='ltr'><strong>ipsa</strong></span> <span class='ocrx_word' id='word_1_288' title='bbox 2286 1281 2625 1336; x_wconf 78' lang='lat' dir='ltr'><strong>videremur.</strong></span> <span class='ocrx_word' id='word_1_289' title='bbox 2671 1283 2815 1348; x_wconf 80' lang='lat' dir='ltr'><strong>Quot</strong></span> <span class='ocrx_word' id='word_1_290' title='bbox 2864 1299 2996 1338; x_wconf 90' lang='lat' dir='ltr'><strong>vero</strong></span> <span class='ocrx_word' id='word_1_291' title='bbox 3030 1285 3218 1354; x_wconf 83' lang='lat' dir='ltr'><strong>plagas</strong></span> <span class='ocrx_word' id='word_1_292' title='bbox 3270 1285 3538 1342; x_wconf 86' lang='lat' dir='ltr'><strong>insaniter</strong></span> <span class='ocrx_word' id='word_1_293' title='bbox 3566 1289 3619 1341; x_wconf 91' lang='lat' dir='ltr'><strong>in</strong></span> 
     </span>
    </p>
   </div>
   <div class='ocr_carea' id='block_1_45' title="bbox 2042 1372 3625 1447">
    <p class='ocr_par' dir='ltr' id='par_1_45' title="bbox 2042 1372 3625 1447">
     <span class='ocr_line' id='line_1_45' title="bbox 2042 1372 3625 1447; baseline 0.006 -22"><span class='ocrx_word' id='word_1_294' title='bbox 2042 1386 2147 1425; x_wconf 91' lang='lat' dir='ltr'><strong>nos</strong></span> <span class='ocrx_word' id='word_1_295' title='bbox 2203 1372 2535 1428; x_wconf 86' lang='lat' dir='ltr'><strong>ferocientes</strong></span> <span class='ocrx_word' id='word_1_296' title='bbox 2591 1375 2897 1441; x_wconf 87' lang='lat' dir='ltr'><strong>intulerint,</strong></span> <span class='ocrx_word' id='word_1_297' title='bbox 2946 1384 3042 1429; x_wconf 88' lang='lat' dir='ltr'><strong>aut</strong></span> <span class='ocrx_word' id='word_1_298' title='bbox 3071 1377 3274 1446; x_wconf 90' lang='lat' dir='ltr'><strong>quibus</strong></span> <span class='ocrx_word' id='word_1_299' title='bbox 3311 1378 3530 1447; x_wconf 85' lang='lat' dir='ltr'><strong>probris</strong></span> <span class='ocrx_word' id='word_1_300' title='bbox 3562 1395 3625 1433; x_wconf 89' lang='lat' dir='ltr'><strong>ac</strong></span> 
     </span>
    </p>
   </div>
   <div class='ocr_carea' id='block_1_46' title="bbox 2044 1463 3619 1540">
    <p class='ocr_par' dir='ltr' id='par_1_46' title="bbox 2044 1463 3619 1540">
     <span class='ocr_line' id='line_1_46' title="bbox 2044 1463 3619 1540; baseline 0.005 -24"><span class='ocrx_word' id='word_1_301' title='bbox 2044 1463 2263 1536; x_wconf 86' lang='lat' dir='ltr'><strong>injuriis</strong></span> <span class='ocrx_word' id='word_1_302' title='bbox 2298 1482 2397 1535; x_wconf 86' lang='lat' dir='ltr'><strong>per</strong></span> <span class='ocrx_word' id='word_1_303' title='bbox 2421 1466 2586 1521; x_wconf 89' lang='lat' dir='ltr'><strong>horas</strong></span> <span class='ocrx_word' id='word_1_304' title='bbox 2614 1468 2859 1536; x_wconf 79' lang='lat' dir='ltr'><strong>singulas</strong></span> <span class='ocrx_word' id='word_1_305' title='bbox 2884 1481 3272 1540; x_wconf 86' lang='lat' dir='ltr'><strong>momentaque</strong></span> <span class='ocrx_word' id='word_1_306' title='bbox 3301 1481 3619 1533; x_wconf 88' lang='lat' dir='ltr'><strong>onerarent,</strong></span> 
     </span>
    </p>
   </div>
   <div class='ocr_carea' id='block_1_47' title="bbox 2044 1557 3620 1632">
    <p class='ocr_par' dir='ltr' id='par_1_47' title="bbox 2044 1557 3620 1632">
     <span class='ocr_line' id='line_1_47' title="bbox 2044 1557 3620 1632; baseline 0.004 -23"><span class='ocrx_word' id='word_1_307' title='bbox 2044 1557 2249 1627; x_wconf 86' lang='lat' dir='ltr'><strong>quibus</strong></span> <span class='ocrx_word' id='word_1_308' title='bbox 2304 1559 2651 1628; x_wconf 86' lang='lat' dir='ltr'><strong>potissimum</strong></span> <span class='ocrx_word' id='word_1_309' title='bbox 2706 1577 2734 1614; x_wconf 89' lang='lat' dir='ltr'><strong>a</strong></span> <span class='ocrx_word' id='word_1_310' title='bbox 2795 1577 2989 1632; x_wconf 67' lang='lat' dir='ltr'><strong>pugna:</strong></span> <span class='ocrx_word' id='word_1_311' title='bbox 3038 1563 3426 1632; x_wconf 84' lang='lat' dir='ltr'><strong>congressione</strong></span> <span class='ocrx_word' id='word_1_312' title='bbox 3484 1563 3620 1617; x_wconf 88' lang='lat' dir='ltr'><strong>iram</strong></span> 
     </span>
    </p>
   </div>
   <div class='ocr_carea' id='block_1_48' title="bbox 2045 1650 3623 1720">
    <p class='ocr_par' dir='ltr' id='par_1_48' title="bbox 2045 1650 3623 1720">
     <span class='ocr_line' id='line_1_48' title="bbox 2045 1650 3623 1720; baseline 0.004 -19"><span class='ocrx_word' id='word_1_313' title='bbox 2045 1663 2263 1703; x_wconf 88' lang='lat' dir='ltr'><strong>servare</strong></span> <span class='ocrx_word' id='word_1_314' title='bbox 2314 1650 2667 1715; x_wconf 81' lang='lat' dir='ltr'><strong>videbantur,</strong></span> <span class='ocrx_word' id='word_1_315' title='bbox 2699 1668 2820 1720; x_wconf 82' lang='lat' dir='ltr'><strong>quae</strong></span> <span class='ocrx_word' id='word_1_316' title='bbox 2850 1654 3029 1707; x_wconf 89' lang='lat' dir='ltr'><strong>oratio</strong></span> <span class='ocrx_word' id='word_1_317' title='bbox 3058 1669 3316 1709; x_wconf 86' lang='lat' dir='ltr'><strong>enarrare</strong></span> <span class='ocrx_word' id='word_1_318' title='bbox 3350 1653 3623 1709; x_wconf 76' lang='lat' dir='ltr'><strong>sufﬁciat?</strong></span> 
     </span>
    </p>
   </div>
   <div class='ocr_carea' id='block_1_49' title="bbox 2045 1741 3624 1817">
    <p class='ocr_par' dir='ltr' id='par_1_49' title="bbox 2045 1741 3624 1817">
     <span class='ocr_line' id='line_1_49' title="bbox 2045 1741 3624 1817; baseline 0.004 -22"><span class='ocrx_word' id='word_1_319' title='bbox 2045 1741 2170 1811; x_wconf 91' lang='lat' dir='ltr'><strong>quis</strong></span> <span class='ocrx_word' id='word_1_320' title='bbox 2194 1757 2329 1797; x_wconf 90' lang='lat' dir='ltr'><strong>vero</strong></span> <span class='ocrx_word' id='word_1_321' title='bbox 2367 1743 2590 1797; x_wconf 91' lang='lat' dir='ltr'><strong>auditus</strong></span> <span class='ocrx_word' id='word_1_322' title='bbox 2618 1745 2702 1799; x_wconf 86' lang='lat' dir='ltr'><strong>rei</strong></span> <span class='ocrx_word' id='word_1_323' title='bbox 2730 1746 2894 1816; x_wconf 84' lang='lat' dir='ltr'><strong>hujus</strong></span> <span class='ocrx_word' id='word_1_324' title='bbox 2926 1747 3245 1817; x_wconf 76' lang='lat' dir='ltr'><strong>tragmdiam</strong></span> <span class='ocrx_word' id='word_1_325' title='bbox 3276 1748 3453 1816; x_wconf 88' lang='lat' dir='ltr'><strong>possit</strong></span> <span class='ocrx_word' id='word_1_326' title='bbox 3481 1748 3624 1801; x_wconf 78' lang='lat' dir='ltr'><strong>exci-</strong></span> 
     </span>
    </p>
   </div>
   <div class='ocr_carea' id='block_1_50' title="bbox 2044 1831 3619 1907">
    <p class='ocr_par' dir='ltr' id='par_1_50' title="bbox 2044 1831 3619 1907">
     <span class='ocr_line' id='line_1_50' title="bbox 2044 1831 3619 1907; baseline 0.004 -23"><span class='ocrx_word' id='word_1_327' title='bbox 2044 1831 2214 1899; x_wconf 84' lang='lat' dir='ltr'><strong>pere?</strong></span> <span class='ocrx_word' id='word_1_328' title='bbox 2260 1832 2376 1901; x_wconf 79' lang='lat' dir='ltr'><strong>Ego</strong></span> <span class='ocrx_word' id='word_1_329' title='bbox 2412 1848 2543 1887; x_wconf 88' lang='lat' dir='ltr'><strong>sane</strong></span> <span class='ocrx_word' id='word_1_330' title='bbox 2584 1843 2765 1889; x_wconf 88' lang='lat' dir='ltr'><strong>mente</strong></span> <span class='ocrx_word' id='word_1_331' title='bbox 2796 1851 3041 1901; x_wconf 86' lang='lat' dir='ltr'><strong>moveor,</strong></span> <span class='ocrx_word' id='word_1_332' title='bbox 3077 1838 3512 1907; x_wconf 86' lang='lat' dir='ltr'><strong>quotiescunque</strong></span> <span class='ocrx_word' id='word_1_333' title='bbox 3536 1839 3619 1891; x_wconf 90' lang='lat' dir='ltr'><strong>vel</strong></span> 
     </span>
    </p>
   </div>
   <div class='ocr_carea' id='block_1_51' title="bbox 2000 1922 3620 1986">
    <p class='ocr_par' dir='ltr' id='par_1_51' title="bbox 2000 1922 3620 1986">
     <span class='ocr_line' id='line_1_51' title="bbox 2000 1922 3620 1986; baseline 0.007 -11"><span class='ocrx_word' id='word_1_334' title='bbox 2000 1938 2005 1943; x_wconf 63' lang='lat'>‘</span> <span class='ocrx_word' id='word_1_335' title='bbox 2044 1922 2220 1976; x_wconf 88' lang='lat' dir='ltr'><strong>solum</strong></span> <span class='ocrx_word' id='word_1_336' title='bbox 2254 1923 2310 1977; x_wconf 89' lang='lat' dir='ltr'><strong>in</strong></span> <span class='ocrx_word' id='word_1_337' title='bbox 2349 1926 2670 1980; x_wconf 85' lang='lat' dir='ltr'><strong>memoriam</strong></span> <span class='ocrx_word' id='word_1_338' title='bbox 2702 1927 2855 1982; x_wconf 84' lang='lat' dir='ltr'><strong>venit</strong></span> <span class='ocrx_word' id='word_1_339' title='bbox 2884 1928 3372 1985; x_wconf 88' lang='lat' dir='ltr'><strong>innumerabilium</strong></span> <span class='ocrx_word' id='word_1_340' title='bbox 3404 1932 3620 1986; x_wconf 89' lang='lat' dir='ltr'><strong>illorum</strong></span> 
     </span>
    </p>
   </div>
   <div class='ocr_carea' id='block_1_52' title="bbox 2043 2015 3622 2093">
    <p class='ocr_par' dir='ltr' id='par_1_52' title="bbox 2043 2015 3622 2093">
     <span class='ocr_line' id='line_1_52' title="bbox 2043 2015 3622 2093; baseline 0.006 -25"><span class='ocrx_word' id='word_1_341' title='bbox 2043 2015 2314 2070; x_wconf 89' lang='lat' dir='ltr'><strong>malorum</strong></span> <span class='ocrx_word' id='word_1_342' title='bbox 2346 2017 2552 2086; x_wconf 85' lang='lat' dir='ltr'><strong>quibus</strong></span> <span class='ocrx_word' id='word_1_343' title='bbox 2586 2034 2685 2087; x_wconf 89' lang='lat' dir='ltr'><strong>per</strong></span> <span class='ocrx_word' id='word_1_344' title='bbox 2732 2028 2898 2075; x_wconf 87' lang='lat' dir='ltr'><strong>totam</strong></span> <span class='ocrx_word' id='word_1_345' title='bbox 2942 2020 3089 2076; x_wconf 88' lang='lat' dir='ltr'><strong>illam</strong></span> <span class='ocrx_word' id='word_1_346' title='bbox 3130 2022 3496 2093; x_wconf 80' lang='lat' dir='ltr'><strong>navigationis</strong></span> <span class='ocrx_word' id='word_1_347' title='bbox 3525 2039 3622 2093; x_wconf 86' lang='lat' dir='ltr'><strong>pe-</strong></span> 
     </span>
    </p>
   </div>
   <div class='ocr_carea' id='block_1_53' title="bbox 2043 2106 3620 2182">
    <p class='ocr_par' dir='ltr' id='par_1_53' title="bbox 2043 2106 3620 2182">
     <span class='ocr_line' id='line_1_53' title="bbox 2043 2106 3620 2182; baseline 0.006 -22"><span class='ocrx_word' id='word_1_348' title='bbox 2043 2106 2260 2162; x_wconf 89' lang='lat' dir='ltr'><strong>riodum</strong></span> <span class='ocrx_word' id='word_1_349' title='bbox 2320 2108 2521 2164; x_wconf 81' lang='lat' dir='ltr'><strong>fuimus</strong></span> <span class='ocrx_word' id='word_1_350' title='bbox 2568 2111 2838 2177; x_wconf 76' lang='lat' dir='ltr'><strong>obnoxii,</strong></span> <span class='ocrx_word' id='word_1_351' title='bbox 2888 2113 3166 2182; x_wconf 90' lang='lat' dir='ltr'><strong>quomodo</strong></span> <span class='ocrx_word' id='word_1_352' title='bbox 3227 2116 3620 2170; x_wconf 83' lang='lat' dir='ltr'><strong>multiformem</strong></span> 
     </span>
    </p>
   </div>
   <div class='ocr_carea' id='block_1_54' title="bbox 2042 2196 3623 2274">
    <p class='ocr_par' dir='ltr' id='par_1_54' title="bbox 2042 2196 3623 2274">
     <span class='ocr_line' id='line_1_54' title="bbox 2042 2196 3623 2274; baseline 0.005 -24"><span class='ocrx_word' id='word_1_353' title='bbox 2042 2196 2182 2251; x_wconf 91' lang='lat' dir='ltr'><strong>adeo</strong></span> <span class='ocrx_word' id='word_1_354' title='bbox 2218 2213 2520 2253; x_wconf 78' lang='lat' dir='ltr'><strong>aerumnam</strong></span> <span class='ocrx_word' id='word_1_355' title='bbox 2562 2215 2873 2271; x_wconf 80' lang='lat' dir='ltr'><strong>noxamque</strong></span> <span class='ocrx_word' id='word_1_356' title='bbox 2919 2202 3158 2258; x_wconf 88' lang='lat' dir='ltr'><strong>humana</strong></span> <span class='ocrx_word' id='word_1_357' title='bbox 3190 2218 3422 2274; x_wconf 90' lang='lat' dir='ltr'><strong>corpora</strong></span> <span class='ocrx_word' id='word_1_358' title='bbox 3450 2208 3623 2261; x_wconf 83' lang='lat' dir='ltr'><strong>susti-</strong></span> 
     </span>
    </p>
   </div>
   <div class='ocr_carea' id='block_1_55' title="bbox 2041 2286 3624 2364">
    <p class='ocr_par' dir='ltr' id='par_1_55' title="bbox 2041 2286 3624 2364">
     <span class='ocr_line' id='line_1_55' title="bbox 2041 2286 3624 2364; baseline 0.007 -23"><span class='ocrx_word' id='word_1_359' title='bbox 2041 2302 2175 2342; x_wconf 91' lang='lat' dir='ltr'><strong>nere</strong></span> <span class='ocrx_word' id='word_1_360' title='bbox 2207 2290 2508 2359; x_wconf 89' lang='lat' dir='ltr'><strong>potuerint,</strong></span> <span class='ocrx_word' id='word_1_361' title='bbox 2553 2301 2805 2347; x_wconf 86' lang='lat' dir='ltr'><strong>anteacto</strong></span> <span class='ocrx_word' id='word_1_362' title='bbox 2854 2286 3102 2364; x_wconf 77' lang='lat' dir='ltr'><strong>tempere</strong></span> <span class='ocrx_word' id='word_1_363' title='bbox 3149 2295 3281 2350; x_wconf 81' lang='lat' dir='ltr'><strong>luxu</strong></span> <span class='ocrx_word' id='word_1_364' title='bbox 3312 2312 3377 2351; x_wconf 92' lang='lat' dir='ltr'><strong>ac</strong></span> <span class='ocrx_word' id='word_1_365' title='bbox 3408 2297 3624 2352; x_wconf 74' lang='lat' dir='ltr'><strong>deliciis</strong></span> 
     </span>
    </p>
   </div>
   <div class='ocr_carea' id='block_1_56' title="bbox 2043 2366 3621 2457">
    <p class='ocr_par' dir='ltr' id='par_1_56' title="bbox 2043 2366 3621 2457">
     <span class='ocr_line' id='line_1_56' title="bbox 2043 2366 3621 2457; baseline 0.01 -25"><span class='ocrx_word' id='word_1_366' title='bbox 2043 2378 2366 2447; x_wconf 78' lang='lat' dir='ltr'><strong>difﬂuentia,</strong></span> <span class='ocrx_word' id='word_1_367' title='bbox 2397 2398 2500 2438; x_wconf 92' lang='lat' dir='ltr'><strong>nec</strong></span> <span class='ocrx_word' id='word_1_368' title='bbox 2523 2366 2811 2451; x_wconf 73' lang='lat' dir='ltr'><strong>molestiis,</strong></span> <span class='ocrx_word' id='word_1_369' title='bbox 2837 2402 2958 2455; x_wconf 77' lang='lat' dir='ltr'><strong>qua:</strong></span> <span class='ocrx_word' id='word_1_370' title='bbox 2986 2403 3087 2456; x_wconf 91' lang='lat' dir='ltr'><strong>per</strong></span> <span class='ocrx_word' id='word_1_371' title='bbox 3114 2389 3402 2457; x_wconf 64' lang='lat' dir='ltr'><strong>praedones</strong></span> <span class='ocrx_word' id='word_1_372' title='bbox 3430 2391 3621 2447; x_wconf 88' lang='lat' dir='ltr'><strong>inferri</strong></span> 
     </span>
    </p>
   </div>
   <div class='ocr_carea' id='block_1_57' title="bbox 2042 2470 3624 2544">
    <p class='ocr_par' dir='ltr' id='par_1_57' title="bbox 2042 2470 3624 2544">
     <span class='ocr_line' id='line_1_57' title="bbox 2042 2470 3624 2544; baseline 0.006 -22"><span class='ocrx_word' id='word_1_373' title='bbox 2042 2470 2241 2533; x_wconf 82' lang='lat' dir='ltr'><strong>solent,</strong></span> <span class='ocrx_word' id='word_1_374' title='bbox 2265 2486 2493 2541; x_wconf 89' lang='lat' dir='ltr'><strong>usquam</strong></span> <span class='ocrx_word' id='word_1_375' title='bbox 2528 2482 2742 2527; x_wconf 89' lang='lat' dir='ltr'><strong>assueta</strong></span> <span class='ocrx_word' id='word_1_376' title='bbox 2772 2515 2786 2539; x_wconf 90' lang='lat'><strong>,</strong></span> <span class='ocrx_word' id='word_1_377' title='bbox 2824 2475 3104 2544; x_wconf 90' lang='lat' dir='ltr'><strong>quomodo</strong></span> <span class='ocrx_word' id='word_1_378' title='bbox 3135 2476 3537 2532; x_wconf 86' lang='lat' dir='ltr'><strong>intolerabilem</strong></span> <span class='ocrx_word' id='word_1_379' title='bbox 3567 2488 3624 2532; x_wconf 88' lang='lat' dir='ltr'><strong>et</strong></span> 
     </span>
    </p>
   </div>
   <div class='ocr_carea' id='block_1_58' title="bbox 2042 2558 3621 2633">
    <p class='ocr_par' dir='ltr' id='par_1_58' title="bbox 2042 2558 3621 2633">
     <span class='ocr_line' id='line_1_58' title="bbox 2042 2558 3621 2633; baseline 0.007 -20"><span class='ocrx_word' id='word_1_380' title='bbox 2042 2558 2317 2629; x_wconf 87' lang='lat' dir='ltr'><strong>duplicem</strong></span> <span class='ocrx_word' id='word_1_381' title='bbox 2350 2562 2511 2633; x_wconf 80' lang='lat'><strong>583</strong></span> <span class='ocrx_word' id='word_1_382' title='bbox 2566 2566 2884 2632; x_wconf 90' lang='lat' dir='ltr'><strong>ustionem,</strong></span> <span class='ocrx_word' id='word_1_383' title='bbox 2945 2575 3061 2622; x_wconf 92' lang='lat' dir='ltr'><strong>tum</strong></span> <span class='ocrx_word' id='word_1_384' title='bbox 3115 2570 3327 2625; x_wconf 90' lang='lat' dir='ltr'><strong>scilicet</strong></span> <span class='ocrx_word' id='word_1_385' title='bbox 3381 2571 3621 2626; x_wconf 89' lang='lat' dir='ltr'><strong>incendii</strong></span> 
     </span>
    </p>
   </div>
   <div class='ocr_carea' id='block_1_59' title="bbox 2042 2652 3617 2726">
    <p class='ocr_par' dir='ltr' id='par_1_59' title="bbox 2042 2652 3617 2726">
     <span class='ocr_line' id='line_1_59' title="bbox 2042 2652 3617 2726; baseline 0.007 -19"><span class='ocrx_word' id='word_1_386' title='bbox 2042 2652 2182 2718; x_wconf 84' lang='lat' dir='ltr'><strong>sitis,</strong></span> <span class='ocrx_word' id='word_1_387' title='bbox 2223 2662 2336 2709; x_wconf 91' lang='lat' dir='ltr'><strong>tum</strong></span> <span class='ocrx_word' id='word_1_388' title='bbox 2366 2656 2568 2710; x_wconf 65' lang='lat' dir='ltr'><strong>mstivae</strong></span> <span class='ocrx_word' id='word_1_389' title='bbox 2619 2659 2965 2726; x_wconf 85' lang='lat' dir='ltr'><strong>tempestatis</strong></span> <span class='ocrx_word' id='word_1_390' title='bbox 2990 2662 3300 2716; x_wconf 89' lang='lat' dir='ltr'><strong>naturalem</strong></span> <span class='ocrx_word' id='word_1_391' title='bbox 3328 2663 3617 2718; x_wconf 89' lang='lat' dir='ltr'><strong>humorem</strong></span> 
     </span>
    </p>
   </div>
   <div class='ocr_carea' id='block_1_60' title="bbox 2040 2744 3621 2824">
    <p class='ocr_par' dir='ltr' id='par_1_60' title="bbox 2040 2744 3621 2824">
     <span class='ocr_line' id='line_1_60' title="bbox 2040 2744 3621 2824; baseline 0.006 -25"><span class='ocrx_word' id='word_1_392' title='bbox 2040 2744 2409 2811; x_wconf 81' lang='lat' dir='ltr'><strong>exsiccantis,</strong></span> <span class='ocrx_word' id='word_1_393' title='bbox 2467 2746 2724 2817; x_wconf 87' lang='lat' dir='ltr'><strong>quodque</strong></span> <span class='ocrx_word' id='word_1_394' title='bbox 2780 2748 2867 2803; x_wconf 87' lang='lat' dir='ltr'><strong>his</strong></span> <span class='ocrx_word' id='word_1_395' title='bbox 2930 2751 3301 2807; x_wconf 86' lang='lat' dir='ltr'><strong>miserabilius</strong></span> <span class='ocrx_word' id='word_1_396' title='bbox 3355 2762 3459 2819; x_wconf 89' lang='lat' dir='ltr'><strong>est,</strong></span> <span class='ocrx_word' id='word_1_397' title='bbox 3513 2769 3621 2824; x_wconf 88' lang='lat' dir='ltr'><strong>qua</strong></span> 
     </span>
    </p>
   </div>
   <div class='ocr_carea' id='block_1_61' title="bbox 2041 2836 3614 2913">
    <p class='ocr_par' dir='ltr' id='par_1_61' title="bbox 2041 2836 3614 2913">
     <span class='ocr_line' id='line_1_61' title="bbox 2041 2836 3614 2913; baseline 0.006 -22"><span class='ocrx_word' id='word_1_398' title='bbox 2041 2836 2252 2892; x_wconf 86' lang='lat' dir='ltr'><strong>ratione</strong></span> <span class='ocrx_word' id='word_1_399' title='bbox 2271 2836 2621 2894; x_wconf 89' lang='lat' dir='ltr'><strong>detinebatur</strong></span> <span class='ocrx_word' id='word_1_400' title='bbox 2640 2848 2697 2895; x_wconf 89' lang='lat' dir='ltr'><strong>et</strong></span> <span class='ocrx_word' id='word_1_401' title='bbox 2722 2840 2777 2895; x_wconf 91' lang='lat' dir='ltr'><strong>in</strong></span> <span class='ocrx_word' id='word_1_402' title='bbox 2802 2842 2963 2897; x_wconf 90' lang='lat' dir='ltr'><strong>nobis</strong></span> <span class='ocrx_word' id='word_1_403' title='bbox 2989 2844 3383 2913; x_wconf 86' lang='lat' dir='ltr'><strong>perseverabat</strong></span> <span class='ocrx_word' id='word_1_404' title='bbox 3407 2848 3614 2909; x_wconf 89' lang='lat' dir='ltr'><strong>anima,</strong></span> 
     </span>
    </p>
   </div>
   <div class='ocr_carea' id='block_1_62' title="bbox 355 2929 1940 3021">
    <p class='ocr_par' dir='ltr' id='par_1_62' title="bbox 355 2939 1938 3013">
     <span class='ocr_line' id='line_1_62' title="bbox 355 2939 1938 3013; baseline -0.003 -17"><span class='ocrx_word' id='word_1_405' title='bbox 355 2961 451 2997; x_wconf 86' lang='grc' dir='ltr'><strong>νεν</strong></span> <span class='ocrx_word' id='word_1_406' title='bbox 479 2946 536 2995; x_wconf 77' lang='grc' dir='ltr'><strong>ἐν</strong></span> <span class='ocrx_word' id='word_1_407' title='bbox 562 2944 607 2975; x_wconf 85' lang='grc'>³³</span> <span class='ocrx_word' id='word_1_408' title='bbox 630 2944 760 3013; x_wconf 80' lang='grc' dir='ltr'>ἡμῖν</span> <span class='ocrx_word' id='word_1_409' title='bbox 784 2945 815 3012; x_wconf 78' lang='grc' dir='ltr'>ἡ</span> <span class='ocrx_word' id='word_1_410' title='bbox 846 2942 1014 3013; x_wconf 76' lang='grc' dir='ltr'>ψυχὴ,</span> <span class='ocrx_word' id='word_1_411' title='bbox 1042 2942 1202 2995; x_wconf 81' lang='grc' dir='ltr'>ὁπότε</span> <span class='ocrx_word' id='word_1_412' title='bbox 1233 2945 1349 3005; x_wconf 88' lang='grc' dir='ltr'>ταῖς</span> <span class='ocrx_word' id='word_1_413' title='bbox 1369 2940 1514 3008; x_wconf 74' lang='grc' dir='ltr'>νυξὶν</span> <span class='ocrx_word' id='word_1_414' title='bbox 1529 2939 1807 3012; x_wconf 83' lang='grc' dir='ltr'>ἐφήπλουν</span> <span class='ocrx_word' id='word_1_415' title='bbox 1839 2940 1938 3005; x_wconf 83' lang='grc' dir='ltr'>τὰς</span> 
     </span>
    </p>
   </div>
   <div class='ocr_carea' id='block_1_63' title="bbox 2044 2929 3621 3021">
    <p class='ocr_par' dir='ltr' id='par_1_63' title="bbox 2045 2929 3621 3006">
     <span class='ocr_line' id='line_1_63' title="bbox 2045 2929 3621 3006; baseline 0.006 -24"><span class='ocrx_word' id='word_1_416' title='bbox 2045 2943 2171 2983; x_wconf 91' lang='lat' dir='ltr'><strong>cum</strong></span> <span class='ocrx_word' id='word_1_417' title='bbox 2210 2929 2454 2985; x_wconf 81' lang='lat' dir='ltr'><strong>extensis</strong></span> <span class='ocrx_word' id='word_1_418' title='bbox 2507 2937 2677 2986; x_wconf 91' lang='lat' dir='ltr'><strong>noctu</strong></span> <span class='ocrx_word' id='word_1_419' title='bbox 2710 2947 2811 3002; x_wconf 93' lang='lat' dir='ltr'><strong>per</strong></span> <span class='ocrx_word' id='word_1_420' title='bbox 2841 2948 3033 2989; x_wconf 89' lang='lat' dir='ltr'><strong>omnes</strong></span> <span class='ocrx_word' id='word_1_421' title='bbox 3063 2951 3232 2990; x_wconf 90' lang='lat' dir='ltr'><strong>naves</strong></span> <span class='ocrx_word' id='word_1_422' title='bbox 3257 2936 3493 3006; x_wconf 88' lang='lat' dir='ltr'><strong>pellibus</strong></span> <span class='ocrx_word' id='word_1_423' title='bbox 3519 2954 3621 2993; x_wconf 89' lang='lat' dir='ltr'><strong>nos</strong></span> 
     </span>
    </p>
   </div>
   <div class='ocr_carea' id='block_1_64' title="bbox 354 3028 1939 3103">
    <p class='ocr_par' dir='ltr' id='par_1_64' title="bbox 354 3028 1939 3103">
     <span class='ocr_line' id='line_1_64' title="bbox 354 3028 1939 3103; baseline -0.001 -18"><span class='ocrx_word' id='word_1_424' title='bbox 354 3032 692 3103; x_wconf 70' lang='grc' dir='ltr'>δερματίνας</span> <span class='ocrx_word' id='word_1_425' title='bbox 729 3032 948 3103; x_wconf 74' lang='grc' dir='ltr'>δέρρεις</span> <span class='ocrx_word' id='word_1_426' title='bbox 974 3033 1060 3084; x_wconf 66' lang='grc' dir='ltr'><strong>διὰ</strong></span> <span class='ocrx_word' id='word_1_427' title='bbox 1093 3029 1284 3084; x_wconf 82' lang='grc' dir='ltr'>πασῶν</span> <span class='ocrx_word' id='word_1_428' title='bbox 1307 3031 1412 3083; x_wconf 86' lang='grc' dir='ltr'><strong>τῶν</strong></span> <span class='ocrx_word' id='word_1_429' title='bbox 1434 3028 1581 3100; x_wconf 84' lang='grc' dir='ltr'>νηῶν</span> <span class='ocrx_word' id='word_1_430' title='bbox 1615 3031 1709 3083; x_wconf 72' lang='grc' dir='ltr'><strong>καὶ</strong></span> <span class='ocrx_word' id='word_1_431' title='bbox 1732 3030 1939 3093; x_wconf 83' lang='grc' dir='ltr'>πάντας</span> 
     </span>
    </p>
   </div>
   <div class='ocr_carea' id='block_1_65' title="bbox 357 3121 1945 3194">
    <p class='ocr_par' dir='ltr' id='par_1_65' title="bbox 357 3121 1945 3194">
     <span class='ocr_line' id='line_1_65' title="bbox 357 3121 1945 3194; baseline -0.003 -17"><span class='ocrx_word' id='word_1_432' title='bbox 357 3126 495 3177; x_wconf 76' lang='grc' dir='ltr'>εἴσω</span> <span class='ocrx_word' id='word_1_433' title='bbox 538 3125 662 3186; x_wconf 80' lang='grc' dir='ltr'>τοὺς</span> <span class='ocrx_word' id='word_1_434' title='bbox 692 3123 975 3193; x_wconf 83' lang='grc' dir='ltr'>δυστυχεῖς</span> <span class='ocrx_word' id='word_1_435' title='bbox 1024 3126 1172 3194; x_wconf 82' lang='grc' dir='ltr'>ἡμᾶς</span> <span class='ocrx_word' id='word_1_436' title='bbox 1214 3122 1591 3188; x_wconf 84' lang='grc' dir='ltr'>ἐναπὲκλειον,</span> <span class='ocrx_word' id='word_1_437' title='bbox 1632 3121 1822 3193; x_wconf 82' lang='grc' dir='ltr'>ὥσπερ</span> <span class='ocrx_word' id='word_1_438' title='bbox 1850 3122 1945 3176; x_wconf 57' lang='grc' dir='ltr'><strong>καὶ⁹</strong></span> 
     </span>
    </p>
   </div>
   <div class='ocr_carea' id='block_1_66' title="bbox 357 3214 1945 3285">
    <p class='ocr_par' dir='ltr' id='par_1_66' title="bbox 357 3214 1945 3285">
     <span class='ocr_line' id='line_1_66' title="bbox 357 3214 1945 3285; baseline -0.001 -16"><span class='ocrx_word' id='word_1_439' title='bbox 357 3216 454 3269; x_wconf 78' lang='grc' dir='ltr'>τοῦ</span> <span class='ocrx_word' id='word_1_440' title='bbox 488 3216 667 3285; x_wconf 76' lang='grc' dir='ltr'>φωτὸς</span> <span class='ocrx_word' id='word_1_441' title='bbox 698 3217 829 3283; x_wconf 79' lang='grc' dir='ltr'>ἡμῖν</span> <span class='ocrx_word' id='word_1_442' title='bbox 866 3217 1003 3284; x_wconf 87' lang='grc' dir='ltr'>μετὰ</span> <span class='ocrx_word' id='word_1_443' title='bbox 1038 3216 1149 3267; x_wconf 90' lang='grc' dir='ltr'><strong>τῶν</strong></span> <span class='ocrx_word' id='word_1_444' title='bbox 1199 3215 1373 3269; x_wconf 78' lang='grc' dir='ltr'>ἄλλων</span> <span class='ocrx_word' id='word_1_445' title='bbox 1406 3214 1807 3284; x_wconf 80' lang='grc' dir='ltr'>βασκαίνοντες,</span> <span class='ocrx_word' id='word_1_446' title='bbox 1858 3215 1945 3268; x_wconf 81' lang='grc' dir='ltr'><strong>ἴνα</strong></span> 
     </span>
    </p>
   </div>
   <div class='ocr_carea' id='block_1_67' title="bbox 363 3305 1943 3377">
    <p class='ocr_par' dir='ltr' id='par_1_67' title="bbox 363 3305 1943 3377">
     <span class='ocr_line' id='line_1_67' title="bbox 363 3305 1943 3377; baseline -0.001 -17"><span class='ocrx_word' id='word_1_447' title='bbox 363 3310 545 3377; x_wconf 81' lang='grc' dir='ltr'>σκότῳ</span> <span class='ocrx_word' id='word_1_448' title='bbox 571 3309 664 3359; x_wconf 73' lang='grc' dir='ltr'>καὶ</span> <span class='ocrx_word' id='word_1_449' title='bbox 690 3307 954 3377; x_wconf 84' lang='grc' dir='ltr'>καύματι,</span> <span class='ocrx_word' id='word_1_450' title='bbox 987 3307 1137 3359; x_wconf 75' lang='grc' dir='ltr'>δυσὶν</span> <span class='ocrx_word' id='word_1_451' title='bbox 1164 3306 1427 3375; x_wconf 71' lang='grc' dir='ltr'>ἀφύκτοις</span> <span class='ocrx_word' id='word_1_452' title='bbox 1453 3308 1642 3370; x_wconf 86' lang='grc' dir='ltr'>κακοῖς</span> <span class='ocrx_word' id='word_1_453' title='bbox 1673 3307 1768 3377; x_wconf 78' lang='grc' dir='ltr'>τὴν</span> <span class='ocrx_word' id='word_1_454' title='bbox 1798 3305 1943 3377; x_wconf 80' lang='grc' dir='ltr'>ζωὴν</span> 
     </span>
    </p>
   </div>
   <div class='ocr_carea' id='block_1_68' title="bbox 364 3398 1945 3470">
    <p class='ocr_par' dir='ltr' id='par_1_68' title="bbox 364 3398 1945 3470">
     <span class='ocr_line' id='line_1_68' title="bbox 364 3398 1945 3470; baseline -0.001 -18"><span class='ocrx_word' id='word_1_455' title='bbox 364 3399 848 3470; x_wconf 77' lang='grc' dir='ltr'>είσπραττώμεθα.</span> <span class='ocrx_word' id='word_1_456' title='bbox 914 3399 1052 3452; x_wconf 81' lang='grc' dir='ltr'>Ἀλλ’</span> <span class='ocrx_word' id='word_1_457' title='bbox 1114 3399 1353 3470; x_wconf 79' lang='grc' dir='ltr'>ἡγοῦμαι</span> <span class='ocrx_word' id='word_1_458' title='bbox 1403 3398 1478 3463; x_wconf 82' lang='grc' dir='ltr'>ὡς</span> <span class='ocrx_word' id='word_1_459' title='bbox 1541 3399 1714 3452; x_wconf 83' lang='grc' dir='ltr'>ταῦτα</span> <span class='ocrx_word' id='word_1_460' title='bbox 1765 3399 1945 3452; x_wconf 79' lang='grc' dir='ltr'>πάντα</span> 
     </span>
    </p>
   </div>
   <div class='ocr_carea' id='block_1_69' title="bbox 360 3489 1943 3561">
    <p class='ocr_par' dir='ltr' id='par_1_69' title="bbox 360 3489 1943 3561">
     <span class='ocr_line' id='line_1_69' title="bbox 360 3489 1943 3561; baseline 0 -18"><span class='ocrx_word' id='word_1_461' title='bbox 360 3492 654 3560; x_wconf 79' lang='grc' dir='ltr'>καρτερεῖν</span> <span class='ocrx_word' id='word_1_462' title='bbox 698 3491 731 3560; x_wconf 80' lang='grc' dir='ltr'><strong>η</strong></span> <span class='ocrx_word' id='word_1_463' title='bbox 781 3489 902 3542; x_wconf 86' lang='grc' dir='ltr'>θεία</span> <span class='ocrx_word' id='word_1_464' title='bbox 934 3491 1027 3543; x_wconf 78' lang='grc' dir='ltr'><strong>καὶ</strong></span> <span class='ocrx_word' id='word_1_465' title='bbox 1061 3492 1400 3561; x_wconf 78' lang='grc' dir='ltr'>προνοητικὴ</span> <span class='ocrx_word' id='word_1_466' title='bbox 1443 3489 1538 3543; x_wconf 82' lang='grc' dir='ltr'><strong>τοῦ</strong></span> <span class='ocrx_word' id='word_1_467' title='bbox 1570 3490 1771 3554; x_wconf 81' lang='grc' dir='ltr'>παντὸς</span> <span class='ocrx_word' id='word_1_468' title='bbox 1803 3490 1943 3561; x_wconf 84' lang='grc' dir='ltr'>ὑπὲρ</span> 
     </span>
    </p>
   </div>
   <div class='ocr_carea' id='block_1_70' title="bbox 360 3582 1939 3655">
    <p class='ocr_par' dir='ltr' id='par_1_70' title="bbox 360 3582 1939 3655">
     <span class='ocr_line' id='line_1_70' title="bbox 360 3582 1939 3655; baseline -0.001 -19"><span class='ocrx_word' id='word_1_469' title='bbox 360 3587 546 3638; x_wconf 75' lang='grc' dir='ltr'>πᾶσαν</span> <span class='ocrx_word' id='word_1_470' title='bbox 580 3584 925 3654; x_wconf 82' lang='grc' dir='ltr'>ἀνθρωπίνην</span> <span class='ocrx_word' id='word_1_471' title='bbox 954 3585 1190 3639; x_wconf 77' lang='grc' dir='ltr'>διάνοιαν</span> <span class='ocrx_word' id='word_1_472' title='bbox 1240 3584 1565 3655; x_wconf 76' lang='grc' dir='ltr'>ἐνεδυνάμου</span> <span class='ocrx_word' id='word_1_473' title='bbox 1592 3582 1637 3616; x_wconf 64' lang='grc'><strong>³⁸</strong></span> <span class='ocrx_word' id='word_1_474' title='bbox 1690 3584 1939 3655; x_wconf 87' lang='grc' dir='ltr'>πρόνοια,</span> 
     </span>
    </p>
   </div>
   <div class='ocr_carea' id='block_1_71' title="bbox 362 3675 1942 3751">
    <p class='ocr_par' dir='ltr' id='par_1_71' title="bbox 362 3675 1942 3751">
     <span class='ocr_line' id='line_1_71' title="bbox 362 3675 1942 3751; baseline -0.002 -19"><span class='ocrx_word' id='word_1_475' title='bbox 362 3678 585 3751; x_wconf 65' lang='lat' dir='ltr'><strong>[P.S&#39;M]</strong></span> <span class='ocrx_word' id='word_1_476' title='bbox 645 3680 712 3732; x_wconf 81' lang='grc' dir='ltr'><strong>ἵν’</strong></span> <span class='ocrx_word' id='word_1_477' title='bbox 740 3681 799 3731; x_wconf 79' lang='grc' dir='ltr'><strong>ἐν</strong></span> <span class='ocrx_word' id='word_1_478' title='bbox 838 3677 1051 3749; x_wconf 80' lang='grc' dir='ltr'>ὑστέρῳ</span> <span class='ocrx_word' id='word_1_479' title='bbox 1080 3678 1302 3746; x_wconf 86' lang='grc' dir='ltr'>γνόντες</span> <span class='ocrx_word' id='word_1_480' title='bbox 1335 3677 1394 3741; x_wconf 80' lang='grc' dir='ltr'><strong>ἐξ</strong></span> <span class='ocrx_word' id='word_1_481' title='bbox 1421 3678 1548 3731; x_wconf 83' lang='grc' dir='ltr'>οἴων</span> <span class='ocrx_word' id='word_1_482' title='bbox 1605 3679 1727 3730; x_wconf 85' lang='grc' dir='ltr'>τότε</span> <span class='ocrx_word' id='word_1_483' title='bbox 1759 3675 1942 3729; x_wconf 80' lang='grc' dir='ltr'>κακῶν</span> 
     </span>
    </p>
   </div>
   <div class='ocr_carea' id='block_1_72' title="bbox 361 3768 1941 3841">
    <p class='ocr_par' dir='ltr' id='par_1_72' title="bbox 361 3768 1941 3841">
     <span class='ocr_line' id='line_1_72' title="bbox 361 3768 1941 3841; baseline -0.001 -18"><span class='ocrx_word' id='word_1_484' title='bbox 361 3769 497 3841; x_wconf 82' lang='grc' dir='ltr'>παρ’</span> <span class='ocrx_word' id='word_1_485' title='bbox 535 3768 757 3833; x_wconf 75' lang='grc' dir='ltr'>ἐλπίδας</span> <span class='ocrx_word' id='word_1_486' title='bbox 814 3770 1184 3841; x_wconf 75' lang='grc' dir='ltr'>ἐρρύσθημεν,</span> <span class='ocrx_word' id='word_1_487' title='bbox 1232 3770 1381 3837; x_wconf 77' lang='grc' dir='ltr'>ἡμᾶς</span> <span class='ocrx_word' id='word_1_488' title='bbox 1421 3785 1478 3821; x_wconf 89' lang='grc' dir='ltr'><strong>τε</strong></span> <span class='ocrx_word' id='word_1_489' title='bbox 1510 3769 1556 3801; x_wconf 86' lang='grc'><strong>³⁸</strong></span> <span class='ocrx_word' id='word_1_490' title='bbox 1603 3769 1797 3831; x_wconf 71' lang='grc' dir='ltr'>αὐτοὺς</span> <span class='ocrx_word' id='word_1_491' title='bbox 1844 3783 1941 3836; x_wconf 61' lang='grc' dir='ltr'>καὶ</span> 
     </span>
    </p>
   </div>
   <div class='ocr_carea' id='block_1_73' title="bbox 362 3858 1589 3937">
    <p class='ocr_par' dir='ltr' id='par_1_73' title="bbox 362 3858 1589 3937">
     <span class='ocr_line' id='line_1_73' title="bbox 362 3858 1589 3937; baseline -0.003 -22"><span class='ocrx_word' id='word_1_492' title='bbox 362 3859 559 3923; x_wconf 76' lang='grc' dir='ltr'>ἄλλους</span> <span class='ocrx_word' id='word_1_493' title='bbox 586 3860 662 3930; x_wconf 84' lang='grc' dir='ltr'><strong>τῷ</strong></span> <span class='ocrx_word' id='word_1_494' title='bbox 692 3861 1054 3930; x_wconf 73' lang='grc' dir='ltr'>ὑποδείγματι</span> <span class='ocrx_word' id='word_1_495' title='bbox 1078 3858 1522 3927; x_wconf 79' lang='grc' dir='ltr'>σωφρονίζωμεν.</span> <span class='ocrx_word' id='word_1_496' title='bbox 1580 3929 1589 3937; x_wconf 37' lang='lat'>.</span> 
     </span>
    </p>
   </div>
   <div class='ocr_carea' id='block_1_74' title="bbox 436 4041 1941 4116">
    <p class='ocr_par' dir='ltr' id='par_1_74' title="bbox 436 4041 1941 4116">
     <span class='ocr_line' id='line_1_74' title="bbox 436 4041 1941 4116; baseline 0.001 -19"><span class='ocrx_word' id='word_1_497' title='bbox 436 4041 538 4112; x_wconf 62' lang='lat'><strong>56&#39;,</strong></span> <span class='ocrx_word' id='word_1_498' title='bbox 562 4043 627 4099; x_wconf 78' lang='grc' dir='ltr'><strong>θ’.</strong></span> <span class='ocrx_word' id='word_1_499' title='bbox 670 4044 887 4115; x_wconf 78' lang='grc' dir='ltr'>Ἐπειδὴ</span> <span class='ocrx_word' id='word_1_500' title='bbox 919 4044 963 4097; x_wconf 82' lang='grc' dir='ltr'>δ’</span> <span class='ocrx_word' id='word_1_501' title='bbox 985 4046 1013 4097; x_wconf 87' lang='grc' dir='ltr'>ὁ</span> <span class='ocrx_word' id='word_1_502' title='bbox 1044 4047 1235 4116; x_wconf 81' lang='grc' dir='ltr'>καιρὸς</span> <span class='ocrx_word' id='word_1_503' title='bbox 1265 4043 1449 4098; x_wconf 79' lang='grc' dir='ltr'>ἐκάλει</span> <span class='ocrx_word' id='word_1_504' title='bbox 1468 4044 1567 4115; x_wconf 84' lang='grc' dir='ltr'><strong>τῆς</strong></span> <span class='ocrx_word' id='word_1_505' title='bbox 1599 4046 1735 4115; x_wconf 84' lang='grc' dir='ltr'>πρὸς</span> <span class='ocrx_word' id='word_1_506' title='bbox 1763 4044 1832 4097; x_wconf 77' lang='grc' dir='ltr'>τὰ</span> <span class='ocrx_word' id='word_1_507' title='bbox 1860 4047 1941 4099; x_wconf 80' lang='lat' dir='ltr'><strong>ol-</strong></span> 
     </span>
    </p>
   </div>
   <div class='ocr_carea' id='block_1_75' title="bbox 364 4135 1939 4206">
    <p class='ocr_par' dir='ltr' id='par_1_75' title="bbox 364 4135 1939 4206">
     <span class='ocr_line' id='line_1_75' title="bbox 364 4135 1939 4206; baseline -0.001 -17"><span class='ocrx_word' id='word_1_508' title='bbox 364 4139 491 4190; x_wconf 81' lang='grc' dir='ltr'>κεῖα</span> <span class='ocrx_word' id='word_1_509' title='bbox 518 4139 630 4199; x_wconf 87' lang='grc' dir='ltr'>τοῖς</span> <span class='ocrx_word' id='word_1_510' title='bbox 674 4136 978 4206; x_wconf 77' lang='grc' dir='ltr'>Βαρδάροις</span> <span class='ocrx_word' id='word_1_511' title='bbox 1004 4137 1049 4169; x_wconf 73' lang='grc'>³⁸</span> <span class='ocrx_word' id='word_1_512' title='bbox 1076 4135 1335 4205; x_wconf 79' lang='grc' dir='ltr'>ἀφίξεως,</span> <span class='ocrx_word' id='word_1_513' title='bbox 1368 4136 1530 4190; x_wconf 82' lang='grc' dir='ltr'>πάλιν</span> <span class='ocrx_word' id='word_1_514' title='bbox 1560 4135 1768 4189; x_wconf 83' lang='grc' dir='ltr'>ἐκεῖθεν</span> <span class='ocrx_word' id='word_1_515' title='bbox 1801 4137 1939 4188; x_wconf 80' lang='grc' dir='ltr'>ἁπο-</span> 
     </span>
    </p>
   </div>
   <div class='ocr_carea' id='block_1_76' title="bbox 364 4226 1940 4299">
    <p class='ocr_par' dir='ltr' id='par_1_76' title="bbox 364 4226 1940 4299">
     <span class='ocr_line' id='line_1_76' title="bbox 364 4226 1940 4299; baseline 0.001 -19"><span class='ocrx_word' id='word_1_516' title='bbox 364 4229 705 4291; x_wconf 82' lang='grc' dir='ltr'>πλεύσαντες</span> <span class='ocrx_word' id='word_1_517' title='bbox 755 4228 1114 4299; x_wconf 83' lang='grc' dir='ltr'>κατήχθημεν</span> <span class='ocrx_word' id='word_1_518' title='bbox 1142 4230 1221 4293; x_wconf 74' lang='grc' dir='ltr'><strong>εἰς</strong></span> <span class='ocrx_word' id='word_1_519' title='bbox 1252 4246 1373 4282; x_wconf 89' lang='grc' dir='ltr'>τινα</span> <span class='ocrx_word' id='word_1_520' title='bbox 1402 4230 1563 4299; x_wconf 82' lang='grc' dir='ltr'>νῆσον</span> <span class='ocrx_word' id='word_1_521' title='bbox 1597 4226 1940 4299; x_wconf 79' lang='grc' dir='ltr'>καλουμένην</span> 
     </span>
    </p>
   </div>
   <div class='ocr_carea' id='block_1_77' title="bbox 2047 3023 3621 3101">
    <p class='ocr_par' dir='ltr' id='par_1_77' title="bbox 2047 3023 3621 3101">
     <span class='ocr_line' id='line_1_77' title="bbox 2047 3023 3621 3101; baseline 0.008 -26"><span class='ocrx_word' id='word_1_522' title='bbox 2047 3036 2238 3076; x_wconf 89' lang='lat' dir='ltr'><strong>omnes</strong></span> <span class='ocrx_word' id='word_1_523' title='bbox 2269 3023 2503 3079; x_wconf 90' lang='lat' dir='ltr'><strong>miseros</strong></span> <span class='ocrx_word' id='word_1_524' title='bbox 2531 3024 2600 3078; x_wconf 91' lang='lat' dir='ltr'><strong>iis</strong></span> <span class='ocrx_word' id='word_1_525' title='bbox 2624 3024 2994 3092; x_wconf 89' lang='lat' dir='ltr'><strong>includerent,</strong></span> <span class='ocrx_word' id='word_1_526' title='bbox 3034 3036 3096 3082; x_wconf 92' lang='lat' dir='ltr'><strong>ut</strong></span> <span class='ocrx_word' id='word_1_527' title='bbox 3122 3029 3262 3084; x_wconf 90' lang='lat' dir='ltr'><strong>lucis</strong></span> <span class='ocrx_word' id='word_1_528' title='bbox 3284 3046 3528 3101; x_wconf 91' lang='lat' dir='ltr'><strong>quoque,</strong></span> <span class='ocrx_word' id='word_1_529' title='bbox 3558 3042 3621 3087; x_wconf 92' lang='lat' dir='ltr'><strong>ut</strong></span> 
     </span>
    </p>
   </div>
   <div class='ocr_carea' id='block_1_78' title="bbox 2044 3114 3624 3191">
    <p class='ocr_par' dir='ltr' id='par_1_78' title="bbox 2044 3114 3624 3191">
     <span class='ocr_line' id='line_1_78' title="bbox 2044 3114 3624 3191; baseline 0.008 -24"><span class='ocrx_word' id='word_1_530' title='bbox 2044 3122 2101 3168; x_wconf 88' lang='lat' dir='ltr'><strong>et</strong></span> <span class='ocrx_word' id='word_1_531' title='bbox 2126 3114 2360 3184; x_wconf 88' lang='lat' dir='ltr'><strong>reliqua,</strong></span> <span class='ocrx_word' id='word_1_532' title='bbox 2409 3131 2631 3170; x_wconf 81' lang='lat' dir='ltr'><strong>usuram</strong></span> <span class='ocrx_word' id='word_1_533' title='bbox 2662 3117 2823 3172; x_wconf 86' lang='lat' dir='ltr'><strong>nobis</strong></span> <span class='ocrx_word' id='word_1_534' title='bbox 2865 3119 3204 3185; x_wconf 89' lang='lat' dir='ltr'><strong>inviderent;</strong></span> <span class='ocrx_word' id='word_1_535' title='bbox 3252 3136 3362 3191; x_wconf 89' lang='lat' dir='ltr'><strong>quo</strong></span> <span class='ocrx_word' id='word_1_536' title='bbox 3412 3123 3624 3179; x_wconf 89' lang='lat' dir='ltr'><strong>scilicet</strong></span> 
     </span>
    </p>
   </div>
   <div class='ocr_carea' id='block_1_79' title="bbox 2045 3204 3619 3278">
    <p class='ocr_par' dir='ltr' id='par_1_79' title="bbox 2045 3204 3619 3278">
     <span class='ocr_line' id='line_1_79' title="bbox 2045 3204 3619 3278; baseline 0.007 -20"><span class='ocrx_word' id='word_1_537' title='bbox 2045 3204 2292 3260; x_wconf 88' lang='lat' dir='ltr'><strong>tenebris</strong></span> <span class='ocrx_word' id='word_1_538' title='bbox 2335 3214 2603 3276; x_wconf 86' lang='lat' dir='ltr'><strong>aestuque,</strong></span> <span class='ocrx_word' id='word_1_539' title='bbox 2651 3207 2858 3278; x_wconf 90' lang='lat' dir='ltr'><strong>duplici</strong></span> <span class='ocrx_word' id='word_1_540' title='bbox 2904 3211 3048 3265; x_wconf 89' lang='lat' dir='ltr'><strong>malo</strong></span> <span class='ocrx_word' id='word_1_541' title='bbox 3076 3211 3403 3275; x_wconf 87' lang='lat' dir='ltr'><strong>inevitabili,</strong></span> <span class='ocrx_word' id='word_1_542' title='bbox 3442 3215 3619 3269; x_wconf 63' lang='lat' dir='ltr'><strong>vitata</strong></span> 
     </span>
    </p>
   </div>
   <div class='ocr_carea' id='block_1_80' title="bbox 2044 3299 3617 3372">
    <p class='ocr_par' dir='ltr' id='par_1_80' title="bbox 2044 3299 3617 3372">
     <span class='ocr_line' id='line_1_80' title="bbox 2044 3299 3617 3372; baseline 0.004 -19"><span class='ocrx_word' id='word_1_543' title='bbox 2044 3299 2204 3355; x_wconf 88' lang='lat' dir='ltr'><strong>nobis</strong></span> <span class='ocrx_word' id='word_1_544' title='bbox 2224 3300 2471 3355; x_wconf 87' lang='lat' dir='ltr'><strong>debitum</strong></span> <span class='ocrx_word' id='word_1_545' title='bbox 2495 3301 2828 3372; x_wconf 79' lang='lat' dir='ltr'><strong>exigeretur.</strong></span> <span class='ocrx_word' id='word_1_546' title='bbox 2848 3302 3049 3356; x_wconf 77' lang='lat' dir='ltr'><strong>Verum</strong></span> <span class='ocrx_word' id='word_1_547' title='bbox 3074 3303 3330 3357; x_wconf 83' lang='lat' dir='ltr'><strong>existimo</strong></span> <span class='ocrx_word' id='word_1_548' title='bbox 3351 3305 3617 3369; x_wconf 84' lang='lat' dir='ltr'><strong>divinam,</strong></span> 
     </span>
    </p>
   </div>
   <div class='ocr_carea' id='block_1_81' title="bbox 2043 3389 3617 3461">
    <p class='ocr_par' dir='ltr' id='par_1_81' title="bbox 2043 3389 3617 3461">
     <span class='ocr_line' id='line_1_81' title="bbox 2043 3389 3617 3461; baseline 0.001 -18"><span class='ocrx_word' id='word_1_549' title='bbox 2043 3397 2101 3443; x_wconf 81' lang='lat' dir='ltr'><strong>et</strong></span> <span class='ocrx_word' id='word_1_550' title='bbox 2151 3404 2274 3458; x_wconf 69' lang='lat' dir='ltr'><strong>qua:</strong></span> <span class='ocrx_word' id='word_1_551' title='bbox 2329 3405 2513 3444; x_wconf 91' lang='lat' dir='ltr'><strong>rerum</strong></span> <span class='ocrx_word' id='word_1_552' title='bbox 2571 3390 2736 3460; x_wconf 84' lang='lat' dir='ltr'><strong>hujus</strong></span> <span class='ocrx_word' id='word_1_553' title='bbox 2778 3389 3160 3445; x_wconf 86' lang='lat' dir='ltr'><strong>universitatis</strong></span> <span class='ocrx_word' id='word_1_554' title='bbox 3205 3405 3397 3444; x_wconf 89' lang='lat' dir='ltr'><strong>curam</strong></span> <span class='ocrx_word' id='word_1_555' title='bbox 3442 3401 3617 3461; x_wconf 78' lang='lat' dir='ltr'><strong>gerat,</strong></span> 
     </span>
    </p>
   </div>
   <div class='ocr_carea' id='block_1_82' title="bbox 2043 3480 3623 3549">
    <p class='ocr_par' dir='ltr' id='par_1_82' title="bbox 2043 3480 3623 3549">
     <span class='ocr_line' id='line_1_82' title="bbox 2043 3480 3623 3549; baseline 0.003 -18"><span class='ocrx_word' id='word_1_556' title='bbox 2043 3480 2449 3549; x_wconf 86' lang='lat' dir='ltr'><strong>providentiam</strong></span> <span class='ocrx_word' id='word_1_557' title='bbox 2488 3480 2556 3534; x_wconf 89' lang='lat' dir='ltr'><strong>ad</strong></span> <span class='ocrx_word' id='word_1_558' title='bbox 2607 3481 2723 3535; x_wconf 72' lang='lat' dir='ltr'><strong>haec</strong></span> <span class='ocrx_word' id='word_1_559' title='bbox 2750 3481 2936 3535; x_wconf 88' lang='lat' dir='ltr'><strong>omnia</strong></span> <span class='ocrx_word' id='word_1_560' title='bbox 2970 3482 3254 3536; x_wconf 86' lang='lat' dir='ltr'><strong>toleranda</strong></span> <span class='ocrx_word' id='word_1_561' title='bbox 3289 3481 3439 3537; x_wconf 90' lang='lat' dir='ltr'><strong>vires</strong></span> <span class='ocrx_word' id='word_1_562' title='bbox 3458 3481 3623 3537; x_wconf 86' lang='lat' dir='ltr'><strong>nobis</strong></span> 
     </span>
    </p>
   </div>
   <div class='ocr_carea' id='block_1_83' title="bbox 2044 3570 3621 3641">
    <p class='ocr_par' dir='ltr' id='par_1_83' title="bbox 2044 3570 3621 3641">
     <span class='ocr_line' id='line_1_83' title="bbox 2044 3570 3621 3641; baseline 0.001 -18"><span class='ocrx_word' id='word_1_563' title='bbox 2044 3570 2325 3640; x_wconf 90' lang='lat' dir='ltr'><strong>roburque</strong></span> <span class='ocrx_word' id='word_1_564' title='bbox 2381 3587 2546 3641; x_wconf 89' lang='lat' dir='ltr'><strong>supra</strong></span> <span class='ocrx_word' id='word_1_565' title='bbox 2605 3572 2901 3626; x_wconf 87' lang='lat' dir='ltr'><strong>humanam</strong></span> <span class='ocrx_word' id='word_1_566' title='bbox 2933 3587 3151 3626; x_wconf 92' lang='lat' dir='ltr'><strong>omnem</strong></span> <span class='ocrx_word' id='word_1_567' title='bbox 3197 3572 3621 3627; x_wconf 84' lang='lat' dir='ltr'><strong>aestimationem</strong></span> 
     </span>
    </p>
   </div>
   <div class='ocr_carea' id='block_1_84' title="bbox 2042 3662 3619 3735">
    <p class='ocr_par' dir='ltr' id='par_1_84' title="bbox 2042 3662 3619 3735">
     <span class='ocr_line' id='line_1_84' title="bbox 2042 3662 3619 3735; baseline 0.003 -20"><span class='ocrx_word' id='word_1_568' title='bbox 2042 3662 2379 3728; x_wconf 83' lang='lat' dir='ltr'><strong>contulisse,</strong></span> <span class='ocrx_word' id='word_1_569' title='bbox 2431 3673 2492 3716; x_wconf 90' lang='lat' dir='ltr'><strong>ut</strong></span> <span class='ocrx_word' id='word_1_570' title='bbox 2539 3662 2595 3716; x_wconf 92' lang='lat' dir='ltr'><strong>in</strong></span> <span class='ocrx_word' id='word_1_571' title='bbox 2641 3673 2926 3733; x_wconf 92' lang='lat' dir='ltr'><strong>posterum</strong></span> <span class='ocrx_word' id='word_1_572' title='bbox 2965 3663 3339 3734; x_wconf 81' lang='lat' dir='ltr'><strong>intelligenles</strong></span> <span class='ocrx_word' id='word_1_573' title='bbox 3382 3680 3451 3719; x_wconf 76' lang='lat' dir='ltr'><strong>ex</strong></span> <span class='ocrx_word' id='word_1_574' title='bbox 3493 3664 3619 3735; x_wconf 83' lang='lat' dir='ltr'><strong>qui-</strong></span> 
     </span>
    </p>
   </div>
   <div class='ocr_carea' id='block_1_85' title="bbox 2043 3753 3621 3825">
    <p class='ocr_par' dir='ltr' id='par_1_85' title="bbox 2043 3753 3621 3825">
     <span class='ocr_line' id='line_1_85' title="bbox 2043 3753 3621 3825; baseline 0.005 -18"><span class='ocrx_word' id='word_1_575' title='bbox 2043 3753 2148 3808; x_wconf 84' lang='lat' dir='ltr'><strong>bus</strong></span> <span class='ocrx_word' id='word_1_576' title='bbox 2179 3763 2311 3809; x_wconf 91' lang='lat' dir='ltr'><strong>tunc</strong></span> <span class='ocrx_word' id='word_1_577' title='bbox 2354 3755 2512 3810; x_wconf 88' lang='lat' dir='ltr'><strong>malis</strong></span> <span class='ocrx_word' id='word_1_578' title='bbox 2548 3766 2751 3825; x_wconf 66' lang='lat' dir='ltr'><strong>praeter</strong></span> <span class='ocrx_word' id='word_1_579' title='bbox 2788 3771 3007 3811; x_wconf 90' lang='lat' dir='ltr'><strong>omnem</strong></span> <span class='ocrx_word' id='word_1_580' title='bbox 3040 3772 3193 3825; x_wconf 83' lang='lat' dir='ltr'><strong>spem</strong></span> <span class='ocrx_word' id='word_1_581' title='bbox 3236 3757 3456 3814; x_wconf 84' lang='lat' dir='ltr'><strong>liberati</strong></span> <span class='ocrx_word' id='word_1_582' title='bbox 3498 3760 3621 3815; x_wconf 82' lang='lat' dir='ltr'><strong>fue-&#39;</strong></span> 
     </span>
    </p>
   </div>
   <div class='ocr_carea' id='block_1_86' title="bbox 2042 3843 3617 3919">
    <p class='ocr_par' dir='ltr' id='par_1_86' title="bbox 2042 3843 3617 3919">
     <span class='ocr_line' id='line_1_86' title="bbox 2042 3843 3617 3919; baseline 0.006 -24"><span class='ocrx_word' id='word_1_583' title='bbox 2042 3843 2241 3907; x_wconf 86' lang='lat' dir='ltr'><strong>rimus,</strong></span> <span class='ocrx_word' id='word_1_584' title='bbox 2298 3852 2413 3898; x_wconf 91' lang='lat' dir='ltr'><strong>tum</strong></span> <span class='ocrx_word' id='word_1_585' title='bbox 2468 3857 2570 3897; x_wconf 89' lang='lat' dir='ltr'><strong>nos</strong></span> <span class='ocrx_word' id='word_1_586' title='bbox 2624 3844 2772 3913; x_wconf 87' lang='lat' dir='ltr'><strong>ipsos</strong></span> <span class='ocrx_word' id='word_1_587' title='bbox 2821 3853 2938 3899; x_wconf 90' lang='lat' dir='ltr'><strong>tum</strong></span> <span class='ocrx_word' id='word_1_588' title='bbox 2985 3845 3231 3916; x_wconf 82' lang='lat' dir='ltr'><strong>reliquos</strong></span> <span class='ocrx_word' id='word_1_589' title='bbox 3267 3848 3521 3919; x_wconf 81' lang='lat' dir='ltr'><strong>exemplo</strong></span> <span class='ocrx_word' id='word_1_590' title='bbox 3550 3850 3617 3905; x_wconf 80' lang='lat' dir='ltr'><strong>ad</strong></span> 
     </span>
    </p>
   </div>
   <div class='ocr_carea' id='block_1_87' title="bbox 2042 3932 2722 4003">
    <p class='ocr_par' dir='ltr' id='par_1_87' title="bbox 2042 3932 2722 4003">
     <span class='ocr_line' id='line_1_87' title="bbox 2042 3932 2722 4003; baseline 0.004 -16"><span class='ocrx_word' id='word_1_591' title='bbox 2042 3932 2255 4003; x_wconf 82' lang='lat' dir='ltr'><strong>frugem</strong></span> <span class='ocrx_word' id='word_1_592' title='bbox 2291 3932 2627 4002; x_wconf 73' lang='lat' dir='ltr'><strong>corrigerem</strong></span> <span class='ocrx_word' id='word_1_593' title='bbox 2637 3950 2722 3990; x_wconf 87' lang='lat' dir='ltr'><strong>us.</strong></span> 
     </span>
    </p>
   </div>
   <div class='ocr_carea' id='block_1_88' title="bbox 2113 4041 3621 4119">
    <p class='ocr_par' dir='ltr' id='par_1_88' title="bbox 2113 4041 3621 4119">
     <span class='ocr_line' id='line_1_88' title="bbox 2113 4041 3621 4119; baseline 0.007 -24"><span class='ocrx_word' id='word_1_594' title='bbox 2113 4041 2203 4109; x_wconf 86' lang='lat'><strong>69,</strong></span> <span class='ocrx_word' id='word_1_595' title='bbox 2229 4042 2317 4098; x_wconf 91' lang='lat'><strong>70.</strong></span> <span class='ocrx_word' id='word_1_596' title='bbox 2355 4044 2745 4100; x_wconf 82' lang='lat' dir='ltr'><strong>Verumtamen</strong></span> <span class='ocrx_word' id='word_1_597' title='bbox 2774 4061 2898 4101; x_wconf 90' lang='lat' dir='ltr'><strong>cum</strong></span> <span class='ocrx_word' id='word_1_598' title='bbox 2920 4048 3028 4117; x_wconf 81' lang='lat' dir='ltr'><strong>jam</strong></span> <span class='ocrx_word' id='word_1_599' title='bbox 3058 4058 3277 4119; x_wconf 91' lang='lat' dir='ltr'><strong>tempus</strong></span> <span class='ocrx_word' id='word_1_600' title='bbox 3303 4050 3534 4107; x_wconf 86' lang='lat' dir='ltr'><strong>instaret</strong></span> <span class='ocrx_word' id='word_1_601' title='bbox 3562 4065 3621 4106; x_wconf 85' lang='grc' dir='ltr'><strong>ιιι</strong></span> 
     </span>
    </p>
   </div>
   <div class='ocr_carea' id='block_1_89' title="bbox 2047 4136 3621 4209">
    <p class='ocr_par' dir='ltr' id='par_1_89' title="bbox 2047 4136 3621 4209">
     <span class='ocr_line' id='line_1_89' title="bbox 2047 4136 3621 4209; baseline 0.004 -17"><span class='ocrx_word' id='word_1_602' title='bbox 2047 4151 2105 4192; x_wconf 89' lang='lat' dir='ltr'><strong>se</strong></span> <span class='ocrx_word' id='word_1_603' title='bbox 2141 4136 2364 4192; x_wconf 87' lang='lat' dir='ltr'><strong>Barbari</strong></span> <span class='ocrx_word' id='word_1_604' title='bbox 2414 4138 2471 4192; x_wconf 92' lang='lat' dir='ltr'><strong>in</strong></span> <span class='ocrx_word' id='word_1_605' title='bbox 2507 4139 2737 4208; x_wconf 90' lang='lat' dir='ltr'><strong>patriam</strong></span> <span class='ocrx_word' id='word_1_606' title='bbox 2767 4142 3097 4209; x_wconf 88' lang='lat' dir='ltr'><strong>reciperent,</strong></span> <span class='ocrx_word' id='word_1_607' title='bbox 3135 4143 3261 4197; x_wconf 82' lang='lat' dir='ltr'><strong>inde</strong></span> <span class='ocrx_word' id='word_1_608' title='bbox 3291 4160 3482 4199; x_wconf 88' lang='lat' dir='ltr'><strong>rursus</strong></span> <span class='ocrx_word' id='word_1_609' title='bbox 3512 4147 3621 4200; x_wconf 79' lang='lat' dir='ltr'><strong>soi-</strong></span> 
     </span>
    </p>
   </div>
   <div class='ocr_carea' id='block_1_90' title="bbox 2042 4227 3619 4300">
    <p class='ocr_par' dir='ltr' id='par_1_90' title="bbox 2042 4227 3619 4300">
     <span class='ocr_line' id='line_1_90' title="bbox 2042 4227 3619 4300; baseline 0.005 -19"><span class='ocrx_word' id='word_1_610' title='bbox 2042 4236 2235 4283; x_wconf 88' lang='lat' dir='ltr'><strong>ventes</strong></span> <span class='ocrx_word' id='word_1_611' title='bbox 2258 4227 2312 4281; x_wconf 89' lang='lat' dir='ltr'><strong>in</strong></span> <span class='ocrx_word' id='word_1_612' title='bbox 2340 4227 2631 4297; x_wconf 89' lang='lat' dir='ltr'><strong>quamdam</strong></span> <span class='ocrx_word' id='word_1_613' title='bbox 2662 4230 2895 4284; x_wconf 90' lang='lat' dir='ltr'><strong>insulam</strong></span> <span class='ocrx_word' id='word_1_614' title='bbox 2927 4230 3140 4286; x_wconf 90' lang='lat' dir='ltr'><strong>devecti</strong></span> <span class='ocrx_word' id='word_1_615' title='bbox 3166 4248 3380 4300; x_wconf 82' lang='lat' dir='ltr'><strong>sumus,</strong></span> <span class='ocrx_word' id='word_1_616' title='bbox 3410 4235 3619 4290; x_wconf 80' lang='lat' dir='ltr'><strong>Naxum</strong></span> 
     </span>
    </p>
   </div>
   <div class='ocr_carea' id='block_1_91' title="bbox 363 4316 1940 4398">
    <p class='ocr_par' dir='ltr' id='par_1_91' title="bbox 363 4316 1937 4395">
     <span class='ocr_line' id='line_1_91' title="bbox 363 4316 1937 4395; baseline 0.002 -24"><span class='ocrx_word' id='word_1_617' title='bbox 363 4319 599 4385; x_wconf 76' lang='grc' dir='ltr'>Ναξίαν,</span> <span class='ocrx_word' id='word_1_618' title='bbox 631 4319 691 4384; x_wconf 79' lang='grc' dir='ltr'><strong>ἐξ</strong></span> <span class='ocrx_word' id='word_1_619' title='bbox 716 4316 782 4391; x_wconf 84' lang='grc' dir='ltr'>ἦς</span> <span class='ocrx_word' id='word_1_620' title='bbox 803 4321 852 4373; x_wconf 73' lang='grc' dir='ltr'><strong>οἱ</strong></span> <span class='ocrx_word' id='word_1_621' title='bbox 882 4322 980 4389; x_wconf 83' lang='grc' dir='ltr'>τὴν</span> <span class='ocrx_word' id='word_1_622' title='bbox 1016 4322 1238 4392; x_wconf 82' lang='grc' dir='ltr'>Κρήτην</span> <span class='ocrx_word' id='word_1_623' title='bbox 1267 4320 1543 4385; x_wconf 82' lang='grc' dir='ltr'>οίκοῦντες</span> <span class='ocrx_word' id='word_1_624' title='bbox 1569 4322 1767 4395; x_wconf 83' lang='grc' dir='ltr'>φόρους</span> <span class='ocrx_word' id='word_1_625' title='bbox 1796 4321 1937 4391; x_wconf 89' lang='grc' dir='ltr'>λαμ-</span> 
     </span>
    </p>
   </div>
   <div class='ocr_carea' id='block_1_92' title="bbox 2044 4316 3617 4398">
    <p class='ocr_par' dir='ltr' id='par_1_92' title="bbox 2046 4321 3617 4398">
     <span class='ocr_line' id='line_1_92' title="bbox 2046 4321 3617 4398; baseline 0.003 -22"><span class='ocrx_word' id='word_1_626' title='bbox 2046 4322 2291 4389; x_wconf 87' lang='lat' dir='ltr'><strong>nomine,</strong></span> <span class='ocrx_word' id='word_1_627' title='bbox 2336 4321 2698 4377; x_wconf 87' lang='lat' dir='ltr'><strong>Cretensibus</strong></span> <span class='ocrx_word' id='word_1_628' title='bbox 2746 4321 3115 4378; x_wconf 91' lang='lat' dir='ltr'><strong>tributariam.</strong></span> <span class='ocrx_word' id='word_1_629' title='bbox 3145 4325 3204 4379; x_wconf 83' lang='lat' dir='ltr'><strong>In</strong></span> <span class='ocrx_word' id='word_1_630' title='bbox 3229 4339 3348 4380; x_wconf 87' lang='lat' dir='ltr'><strong>eam</strong></span> <span class='ocrx_word' id='word_1_631' title='bbox 3371 4341 3495 4381; x_wconf 91' lang='lat' dir='ltr'><strong>cum</strong></span> <span class='ocrx_word' id='word_1_632' title='bbox 3519 4343 3617 4398; x_wconf 60' lang='lat' dir='ltr'><strong>apo</strong></span> 
     </span>
    </p>
   </div>
   <div class='ocr_carea' id='block_1_93' title="bbox 364 4405 1940 4485">
    <p class='ocr_par' dir='ltr' id='par_1_93' title="bbox 364 4405 1940 4485">
     <span class='ocr_line' id='line_1_93' title="bbox 364 4405 1940 4485; baseline 0.002 -23"><span class='ocrx_word' id='word_1_633' title='bbox 364 4412 655 4465; x_wconf 72' lang='lat' dir='ltr'><strong>6dvouaw&#39;</strong></span> <span class='ocrx_word' id='word_1_634' title='bbox 688 4414 744 4463; x_wconf 87' lang='grc' dir='ltr'><strong>ἐν</strong></span> <span class='ocrx_word' id='word_1_635' title='bbox 851 4413 1160 4481; x_wconf 77' lang='grc' dir='ltr'>γενομένων</span> <span class='ocrx_word' id='word_1_636' title='bbox 1192 4412 1351 4482; x_wconf 80' lang='grc' dir='ltr'>ἡμῶν</span> <span class='ocrx_word' id='word_1_637' title='bbox 1385 4415 1433 4466; x_wconf 78' lang='grc' dir='ltr'><strong>οἱ</strong></span> <span class='ocrx_word' id='word_1_638' title='bbox 1455 4414 1572 4466; x_wconf 76' lang='grc' dir='ltr'>κατ’</span> <span class='ocrx_word' id='word_1_639' title='bbox 1600 4414 1767 4485; x_wconf 82' lang='grc' dir='ltr'>αὐτὴν</span> <span class='ocrx_word' id='word_1_640' title='bbox 1790 4414 1940 4477; x_wconf 74' lang='grc' dir='ltr'>ὅντες</span> 
     </span>
    </p>
   </div>
   <div class='ocr_carea' id='block_1_94' title="bbox 363 4494 1938 4577">
    <p class='ocr_par' dir='ltr' id='par_1_94' title="bbox 363 4494 1938 4577">
     <span class='ocr_line' id='line_1_94' title="bbox 363 4494 1938 4577; baseline 0.003 -22"><span class='ocrx_word' id='word_1_641' title='bbox 363 4502 564 4572; x_wconf 76' lang='grc' dir='ltr'>ἄνδρες</span> <span class='ocrx_word' id='word_1_642' title='bbox 599 4502 793 4574; x_wconf 84' lang='grc' dir='ltr'>δώροις</span> <span class='ocrx_word' id='word_1_643' title='bbox 824 4504 948 4567; x_wconf 81' lang='grc' dir='ltr'>τοὺς</span> <span class='ocrx_word' id='word_1_644' title='bbox 982 4506 1259 4574; x_wconf 72' lang='grc' dir='ltr'>ἀρχηγοὺς</span> <span class='ocrx_word' id='word_1_645' title='bbox 1300 4505 1601 4575; x_wconf 80' lang='grc' dir='ltr'>ἠμείψαντο</span> <span class='ocrx_word' id='word_1_646' title='bbox 1633 4507 1741 4559; x_wconf 85' lang='grc' dir='ltr'><strong>τῶν</strong></span> <span class='ocrx_word' id='word_1_647' title='bbox 1773 4494 1938 4577; x_wconf 81' lang='grc' dir='ltr'>νηῶν,</span> 
     </span>
    </p>
   </div>
   <div class='ocr_carea' id='block_1_95' title="bbox 361 4588 1942 4668">
    <p class='ocr_par' dir='ltr' id='par_1_95' title="bbox 361 4588 1942 4668">
     <span class='ocr_line' id='line_1_95' title="bbox 361 4588 1942 4668; baseline 0.002 -21"><span class='ocrx_word' id='word_1_648' title='bbox 361 4588 445 4656; x_wconf 75' lang='grc' dir='ltr'>οἷς</span> <span class='ocrx_word' id='word_1_649' title='bbox 479 4593 717 4663; x_wconf 85' lang='grc' dir='ltr'>μάλιστα</span> <span class='ocrx_word' id='word_1_650' title='bbox 764 4595 980 4648; x_wconf 77' lang='grc' dir='ltr'>ἐδόκουν</span> <span class='ocrx_word' id='word_1_651' title='bbox 1026 4598 1226 4660; x_wconf 81' lang='grc' dir='ltr'>αὐτοὺς</span> <span class='ocrx_word' id='word_1_652' title='bbox 1268 4597 1464 4660; x_wconf 84' lang='grc' dir='ltr'>ἐνδεῶς</span> <span class='ocrx_word' id='word_1_653' title='bbox 1499 4598 1640 4666; x_wconf 77' lang='grc' dir='ltr'>ἔχειν</span> <span class='ocrx_word' id='word_1_654' title='bbox 1678 4597 1813 4666; x_wconf 78' lang='grc' dir='ltr'>πρὸς</span> <span class='ocrx_word' id='word_1_655' title='bbox 1845 4598 1942 4668; x_wconf 76' lang='grc' dir='ltr'><strong>τὴν</strong></span> 
     </span>
    </p>
   </div>
   <div class='ocr_carea' id='block_1_96' title="bbox 362 4687 1944 4760">
    <p class='ocr_par' dir='ltr' id='par_1_96' title="bbox 362 4687 1944 4760">
     <span class='ocr_line' id='line_1_96' title="bbox 362 4687 1944 4760; baseline 0 -19"><span class='ocrx_word' id='word_1_656' title='bbox 362 4688 461 4741; x_wconf 85' lang='grc' dir='ltr'><strong>τοῦ</strong></span> <span class='ocrx_word' id='word_1_657' title='bbox 515 4687 677 4753; x_wconf 76' lang='grc' dir='ltr'>πλοὸς</span> <span class='ocrx_word' id='word_1_658' title='bbox 733 4690 947 4759; x_wconf 85' lang='grc' dir='ltr'>χρείαν.</span> <span class='ocrx_word' id='word_1_659' title='bbox 1001 4688 1147 4759; x_wconf 76' lang='grc' dir='ltr'>Πλὴν</span> <span class='ocrx_word' id='word_1_660' title='bbox 1179 4690 1341 4742; x_wconf 86' lang='grc' dir='ltr'>κάκεῖ</span> <span class='ocrx_word' id='word_1_661' title='bbox 1390 4688 1484 4741; x_wconf 84' lang='grc' dir='ltr'><strong>δύο</strong></span> <span class='ocrx_word' id='word_1_662' title='bbox 1534 4688 1699 4760; x_wconf 85' lang='grc' dir='ltr'>μόνας</span> <span class='ocrx_word' id='word_1_663' title='bbox 1730 4689 1944 4759; x_wconf 74' lang='grc' dir='ltr'>ἡμέρας</span> 
     </span>
    </p>
   </div>
   <div class='ocr_carea' id='block_1_97' title="bbox 364 4782 1941 4854">
    <p class='ocr_par' dir='ltr' id='par_1_97' title="bbox 364 4782 1941 4854">
     <span class='ocr_line' id='line_1_97' title="bbox 364 4782 1941 4854; baseline -0.001 -19"><span class='ocrx_word' id='word_1_664' title='bbox 364 4782 801 4854; x_wconf 83' lang='grc' dir='ltr'>προσμείναντες</span> <span class='ocrx_word' id='word_1_665' title='bbox 840 4783 1192 4852; x_wconf 86' lang='grc' dir='ltr'>κατηγόμεοα</span> <span class='ocrx_word' id='word_1_666' title='bbox 1229 4782 1327 4851; x_wconf 78' lang='grc' dir='ltr'>τὴν</span> <span class='ocrx_word' id='word_1_667' title='bbox 1354 4783 1445 4834; x_wconf 75' lang='grc' dir='ltr'>ἐπὶ</span> <span class='ocrx_word' id='word_1_668' title='bbox 1480 4784 1706 4853; x_wconf 75' lang='grc' dir='ltr'>Κρήτην</span> <span class='ocrx_word' id='word_1_669' title='bbox 1730 4782 1941 4851; x_wconf 75' lang='grc' dir='ltr'>(ἐκάλει</span> 
     </span>
    </p>
   </div>
   <div class='ocr_carea' id='block_1_98' title="bbox 362 4873 1942 4947">
    <p class='ocr_par' dir='ltr' id='par_1_98' title="bbox 362 4873 1942 4947">
     <span class='ocr_line' id='line_1_98' title="bbox 362 4873 1942 4947; baseline 0 -21"><span class='ocrx_word' id='word_1_670' title='bbox 362 4878 476 4945; x_wconf 77' lang='grc' dir='ltr'>γὰρ</span> <span class='ocrx_word' id='word_1_671' title='bbox 506 4878 655 4946; x_wconf 76' lang='grc' dir='ltr'>ἡμᾶς</span> <span class='ocrx_word' id='word_1_672' title='bbox 708 4877 1015 4947; x_wconf 77' lang='grc' dir='ltr'>ἐπιτήδειον</span> <span class='ocrx_word' id='word_1_673' title='bbox 1047 4874 1313 4947; x_wconf 80' lang='grc' dir='ltr'>πνεῦμα),</span> <span class='ocrx_word' id='word_1_674' title='bbox 1365 4874 1471 4939; x_wconf 72' lang='grc' dir='ltr'>ἕως</span> <span class='ocrx_word' id='word_1_675' title='bbox 1510 4876 1833 4945; x_wconf 83' lang='grc' dir='ltr'>κατήραμεν</span> <span class='ocrx_word' id='word_1_676' title='bbox 1885 4873 1942 4926; x_wconf 77' lang='grc' dir='ltr'>ἓν</span> 
     </span>
    </p>
   </div>
   <div class='ocr_carea' id='block_1_99' title="bbox 360 4966 1941 5040">
    <p class='ocr_par' dir='ltr' id='par_1_99' title="bbox 360 4966 1941 5040">
     <span class='ocr_line' id='line_1_99' title="bbox 360 4966 1941 5040; baseline -0.001 -20"><span class='ocrx_word' id='word_1_677' title='bbox 360 4983 470 5021; x_wconf 84' lang='grc' dir='ltr'>τινι</span> <span class='ocrx_word' id='word_1_678' title='bbox 519 4969 673 5040; x_wconf 83' lang='grc' dir='ltr'>τόπῳ</span> <span class='ocrx_word' id='word_1_679' title='bbox 728 4968 1032 5039; x_wconf 83' lang='grc' dir='ltr'>Ζωντάριον</span> <span class='ocrx_word' id='word_1_680' title='bbox 1060 4969 1106 5000; x_wconf 87' lang='grc'>³⁷</span> <span class='ocrx_word' id='word_1_681' title='bbox 1169 4968 1267 5038; x_wconf 82' lang='grc' dir='ltr'>μὲν</span> <span class='ocrx_word' id='word_1_682' title='bbox 1318 4968 1469 5038; x_wconf 77' lang='grc' dir='ltr'>παρὰ</span> <span class='ocrx_word' id='word_1_683' title='bbox 1514 4966 1623 5019; x_wconf 88' lang='grc' dir='ltr'><strong>τῶν</strong></span> <span class='ocrx_word' id='word_1_684' title='bbox 1660 4966 1941 5036; x_wconf 82' lang='grc' dir='ltr'>ἐγχωρίων</span> 
     </span>
    </p>
   </div>
   <div class='ocr_carea' id='block_1_100' title="bbox 359 5058 1944 5131">
    <p class='ocr_par' dir='ltr' id='par_1_100' title="bbox 359 5058 1944 5131">
     <span class='ocr_line' id='line_1_100' title="bbox 359 5058 1944 5131; baseline -0.002 -20"><span class='ocrx_word' id='word_1_685' title='bbox 359 5058 754 5131; x_wconf 79' lang='grc' dir='ltr'>ὀνομαζομένῳ</span> <span class='ocrx_word' id='word_1_686' title='bbox 781 5060 845 5126; x_wconf 78' lang='grc'>³⁸,</span> <span class='ocrx_word' id='word_1_687' title='bbox 908 5059 1250 5130; x_wconf 71' lang='grc' dir='ltr'>ἀντιστρόφῳ</span> <span class='ocrx_word' id='word_1_688' title='bbox 1299 5059 1356 5111; x_wconf 74' lang='grc' dir='ltr'>δὲ</span> <span class='ocrx_word' id='word_1_689' title='bbox 1410 5061 1541 5129; x_wconf 80' lang='grc' dir='ltr'>ἡμῖν</span> <span class='ocrx_word' id='word_1_690' title='bbox 1598 5061 1665 5129; x_wconf 78' lang='grc' dir='ltr'>τῇ</span> <span class='ocrx_word' id='word_1_691' title='bbox 1716 5058 1944 5129; x_wconf 72' lang='grc' dir='ltr'>ἀληθείᾳ</span> 
     </span>
    </p>
   </div>
   <div class='ocr_carea' id='block_1_101' title="bbox 360 5149 1941 5223">
    <p class='ocr_par' dir='ltr' id='par_1_101' title="bbox 360 5149 1941 5223">
     <span class='ocr_line' id='line_1_101' title="bbox 360 5149 1941 5223; baseline -0.002 -19"><span class='ocrx_word' id='word_1_692' title='bbox 360 5152 752 5223; x_wconf 82' lang='grc' dir='ltr'>γνωριζομένῳ</span> <span class='ocrx_word' id='word_1_693' title='bbox 770 5169 781 5183; x_wconf 90' lang='grc'><strong>·</strong></span> <span class='ocrx_word' id='word_1_694' title='bbox 810 5151 1037 5212; x_wconf 76' lang='grc' dir='ltr'>πολλοὺς</span> <span class='ocrx_word' id='word_1_695' title='bbox 1062 5152 1171 5221; x_wconf 84' lang='grc' dir='ltr'><strong>γάρ</strong></span> <span class='ocrx_word' id='word_1_696' title='bbox 1203 5150 1265 5203; x_wconf 84' lang='grc' dir='ltr'>τὺ</span> <span class='ocrx_word' id='word_1_697' title='bbox 1292 5152 1599 5219; x_wconf 90' lang='grc' dir='ltr'>Ζωντάριον</span> <span class='ocrx_word' id='word_1_698' title='bbox 1637 5152 1812 5203; x_wconf 76' lang='grc' dir='ltr'>ἐκεῖνο</span> <span class='ocrx_word' id='word_1_699' title='bbox 1839 5149 1941 5218; x_wconf 78' lang='grc' dir='ltr'><strong>τῆς</strong></span> 
     </span>
    </p>
   </div>
   <div class='ocr_carea' id='block_1_102' title="bbox 364 5242 1936 5315">
    <p class='ocr_par' dir='ltr' id='par_1_102' title="bbox 364 5242 1936 5315">
     <span class='ocr_line' id='line_1_102' title="bbox 364 5242 1936 5315; baseline 0 -18"><span class='ocrx_word' id='word_1_700' title='bbox 364 5244 469 5315; x_wconf 75' lang='grc' dir='ltr'>μὲν</span> <span class='ocrx_word' id='word_1_701' title='bbox 498 5244 643 5315; x_wconf 77' lang='grc' dir='ltr'>ζωῆς</span> <span class='ocrx_word' id='word_1_702' title='bbox 669 5245 1033 5315; x_wconf 84' lang='grc' dir='ltr'>ἀπεστέρησε,</span> <span class='ocrx_word' id='word_1_703' title='bbox 1054 5243 1133 5314; x_wconf 85' lang='grc' dir='ltr'>τῷ</span> <span class='ocrx_word' id='word_1_704' title='bbox 1165 5244 1379 5310; x_wconf 84' lang='grc' dir='ltr'>θανάτῳ</span> <span class='ocrx_word' id='word_1_705' title='bbox 1404 5243 1461 5295; x_wconf 55' lang='grc' dir='ltr'>δὲ</span> <span class='ocrx_word' id='word_1_706' title='bbox 1496 5242 1797 5312; x_wconf 77' lang='grc' dir='ltr'>προῦδωκε.</span> <span class='ocrx_word' id='word_1_707' title='bbox 1836 5244 1936 5297; x_wconf 66' lang='grc' dir='ltr'><strong>Διά</strong></span> 
     </span>
    </p>
   </div>
   <div class='ocr_carea' id='block_1_103' title="bbox 360 5332 1934 5408">
    <p class='ocr_par' dir='ltr' id='par_1_103' title="bbox 360 5332 1934 5408">
     <span class='ocr_line' id='line_1_103' title="bbox 360 5332 1934 5408; baseline 0.001 -21"><span class='ocrx_word' id='word_1_708' title='bbox 360 5336 478 5407; x_wconf 80' lang='grc' dir='ltr'>γὰρ</span> <span class='ocrx_word' id='word_1_709' title='bbox 508 5336 570 5388; x_wconf 83' lang='grc' dir='ltr'>τὸ</span> <span class='ocrx_word' id='word_1_710' title='bbox 600 5336 673 5408; x_wconf 76' lang='grc' dir='ltr'><strong>μὴ</strong></span> <span class='ocrx_word' id='word_1_711' title='bbox 704 5335 801 5408; x_wconf 74' lang='grc' dir='ltr'>τὴν</span> <span class='ocrx_word' id='word_1_712' title='bbox 831 5337 939 5391; x_wconf 81' lang='grc' dir='ltr'>ἀπὸ</span> <span class='ocrx_word' id='word_1_713' title='bbox 964 5336 1059 5389; x_wconf 84' lang='grc' dir='ltr'><strong>τοῦ</strong></span> <span class='ocrx_word' id='word_1_714' title='bbox 1072 5336 1115 5368; x_wconf 86' lang='grc'><strong>³⁹</strong></span> <span class='ocrx_word' id='word_1_715' title='bbox 1156 5336 1309 5389; x_wconf 89' lang='grc' dir='ltr'>νότου</span> <span class='ocrx_word' id='word_1_716' title='bbox 1343 5336 1437 5388; x_wconf 74' lang='grc' dir='ltr'>καὶ</span> <span class='ocrx_word' id='word_1_717' title='bbox 1462 5334 1556 5388; x_wconf 83' lang='grc' dir='ltr'>τοῦ</span> <span class='ocrx_word' id='word_1_718' title='bbox 1582 5332 1730 5398; x_wconf 80' lang='grc' dir='ltr'>λιϐὸς</span> <span class='ocrx_word' id='word_1_719' title='bbox 1759 5334 1934 5388; x_wconf 82' lang='grc' dir='ltr'>δεδιέ-</span> 
     </span>
    </p>
   </div>
   <div class='ocr_carea' id='block_1_104' title="bbox 2048 4412 3617 4484">
    <p class='ocr_par' dir='ltr' id='par_1_104' title="bbox 2048 4412 3617 4484">
     <span class='ocr_line' id='line_1_104' title="bbox 2048 4412 3617 4484; baseline 0.003 -16"><span class='ocrx_word' id='word_1_720' title='bbox 2048 4414 2401 4484; x_wconf 88' lang='lat' dir='ltr'><strong>pulissemus,</strong></span> <span class='ocrx_word' id='word_1_721' title='bbox 2439 4412 2679 4468; x_wconf 87' lang='lat' dir='ltr'><strong>insulani</strong></span> <span class='ocrx_word' id='word_1_722' title='bbox 2722 4415 3048 4470; x_wconf 88' lang='lat' dir='ltr'><strong>muneribus</strong></span> <span class='ocrx_word' id='word_1_723' title='bbox 3089 4423 3147 4469; x_wconf 89' lang='lat' dir='ltr'><strong>et</strong></span> <span class='ocrx_word' id='word_1_724' title='bbox 3176 4415 3357 4481; x_wconf 88' lang='lat' dir='ltr'><strong>donis,</strong></span> <span class='ocrx_word' id='word_1_725' title='bbox 3402 4418 3471 4471; x_wconf 85' lang='lat' dir='ltr'><strong>iis</strong></span> <span class='ocrx_word' id='word_1_726' title='bbox 3502 4434 3617 4473; x_wconf 85' lang='lat' dir='ltr'><strong>ma-</strong></span> 
     </span>
    </p>
   </div>
   <div class='ocr_carea' id='block_1_105' title="bbox 2050 4504 3616 4577">
    <p class='ocr_par' dir='ltr' id='par_1_105' title="bbox 2050 4504 3616 4577">
     <span class='ocr_line' id='line_1_105' title="bbox 2050 4504 3616 4577; baseline 0.003 -19"><span class='ocrx_word' id='word_1_727' title='bbox 2050 4505 2195 4560; x_wconf 84' lang='lat' dir='ltr'><strong>xime</strong></span> <span class='ocrx_word' id='word_1_728' title='bbox 2233 4505 2435 4575; x_wconf 91' lang='lat' dir='ltr'><strong>quibus</strong></span> <span class='ocrx_word' id='word_1_729' title='bbox 2487 4504 2541 4558; x_wconf 90' lang='lat' dir='ltr'><strong>in</strong></span> <span class='ocrx_word' id='word_1_730' title='bbox 2590 4518 2748 4559; x_wconf 91' lang='lat' dir='ltr'><strong>usum</strong></span> <span class='ocrx_word' id='word_1_731' title='bbox 2789 4505 3155 4576; x_wconf 77' lang='lat' dir='ltr'><strong>navigationis</strong></span> <span class='ocrx_word' id='word_1_732' title='bbox 3197 4504 3444 4577; x_wconf 74' lang='lat' dir='ltr'><strong>indigere</strong></span> <span class='ocrx_word' id='word_1_733' title='bbox 3475 4509 3616 4563; x_wconf 89' lang='lat' dir='ltr'><strong>scie-</strong></span> 
     </span>
    </p>
   </div>
   <div class='ocr_carea' id='block_1_106' title="bbox 2048 4596 3618 4666">
    <p class='ocr_par' dir='ltr' id='par_1_106' title="bbox 2048 4596 3618 4666">
     <span class='ocr_line' id='line_1_106' title="bbox 2048 4596 3618 4666; baseline 0.004 -16"><span class='ocrx_word' id='word_1_734' title='bbox 2048 4596 2201 4659; x_wconf 85' lang='lat' dir='ltr'><strong>bant,</strong></span> <span class='ocrx_word' id='word_1_735' title='bbox 2234 4597 2540 4651; x_wconf 90' lang='lat' dir='ltr'><strong>navarchos</strong></span> <span class='ocrx_word' id='word_1_736' title='bbox 2563 4596 2927 4666; x_wconf 89' lang='lat' dir='ltr'><strong>accipiebant.</strong></span> <span class='ocrx_word' id='word_1_737' title='bbox 2978 4597 3057 4652; x_wconf 87' lang='lat' dir='ltr'><strong>lbi</strong></span> <span class='ocrx_word' id='word_1_738' title='bbox 3091 4598 3229 4653; x_wconf 87' lang='lat' dir='ltr'><strong>duos</strong></span> <span class='ocrx_word' id='word_1_739' title='bbox 3259 4600 3377 4655; x_wconf 89' lang='lat' dir='ltr'><strong>dies</strong></span> <span class='ocrx_word' id='word_1_740' title='bbox 3420 4601 3618 4657; x_wconf 87' lang='lat' dir='ltr'><strong>immo-</strong></span> 
     </span>
    </p>
   </div>
   <div class='ocr_carea' id='block_1_107' title="bbox 2051 4688 3619 4746">
    <p class='ocr_par' dir='ltr' id='par_1_107' title="bbox 2051 4688 3619 4746">
     <span class='ocr_line' id='line_1_107' title="bbox 2051 4688 3619 4746; baseline 0.003 -4"><span class='ocrx_word' id='word_1_741' title='bbox 2051 4689 2157 4743; x_wconf 86' lang='lat' dir='ltr'><strong>rati</strong></span> <span class='ocrx_word' id='word_1_742' title='bbox 2187 4704 2379 4745; x_wconf 90' lang='lat' dir='ltr'><strong>versus</strong></span> <span class='ocrx_word' id='word_1_743' title='bbox 2410 4688 2629 4745; x_wconf 86' lang='lat' dir='ltr'><strong>Cretam</strong></span> <span class='ocrx_word' id='word_1_744' title='bbox 2662 4705 2885 4744; x_wconf 89' lang='lat' dir='ltr'><strong>cursum</strong></span> <span class='ocrx_word' id='word_1_745' title='bbox 2930 4690 3268 4746; x_wconf 88' lang='lat' dir='ltr'><strong>intendimus</strong></span> <span class='ocrx_word' id='word_1_746' title='bbox 3302 4708 3316 4743; x_wconf 88' lang='lat'><strong>:</strong></span> <span class='ocrx_word' id='word_1_747' title='bbox 3350 4691 3619 4746; x_wconf 86' lang='lat' dir='ltr'><strong>invitabat</strong></span> 
     </span>
    </p>
   </div>
   <div class='ocr_carea' id='block_1_108' title="bbox 2044 4781 3619 4848">
    <p class='ocr_par' dir='ltr' id='par_1_108' title="bbox 2044 4781 3619 4848">
     <span class='ocr_line' id='line_1_108' title="bbox 2044 4781 3619 4848; baseline 0.001 -13"><span class='ocrx_word' id='word_1_748' title='bbox 2044 4782 2194 4836; x_wconf 92' lang='lat' dir='ltr'><strong>enim</strong></span> <span class='ocrx_word' id='word_1_749' title='bbox 2246 4781 2681 4836; x_wconf 89' lang='lat' dir='ltr'><strong>secundissimus</strong></span> <span class='ocrx_word' id='word_1_750' title='bbox 2727 4790 2947 4848; x_wconf 84' lang='lat' dir='ltr'><strong>ventus,</strong></span> <span class='ocrx_word' id='word_1_751' title='bbox 2991 4782 3167 4839; x_wconf 89' lang='lat' dir='ltr'><strong>donec</strong></span> <span class='ocrx_word' id='word_1_752' title='bbox 3215 4783 3282 4839; x_wconf 86' lang='lat' dir='ltr'><strong>ad</strong></span> <span class='ocrx_word' id='word_1_753' title='bbox 3324 4783 3506 4839; x_wconf 90' lang='lat' dir='ltr'><strong>locum</strong></span> <span class='ocrx_word' id='word_1_754' title='bbox 3540 4786 3619 4838; x_wconf 74' lang='lat' dir='ltr'><strong>sic</strong></span> 
     </span>
    </p>
   </div>
   <div class='ocr_carea' id='block_1_109' title="bbox 2042 4873 3615 4945">
    <p class='ocr_par' dir='ltr' id='par_1_109' title="bbox 2042 4873 3615 4945">
     <span class='ocr_line' id='line_1_109' title="bbox 2042 4873 3615 4945; baseline -0.001 -16"><span class='ocrx_word' id='word_1_755' title='bbox 2042 4874 2240 4929; x_wconf 86' lang='lat' dir='ltr'><strong>incolis</strong></span> <span class='ocrx_word' id='word_1_756' title='bbox 2288 4873 2497 4928; x_wconf 89' lang='lat' dir='ltr'><strong>dictum</strong></span> <span class='ocrx_word' id='word_1_757' title='bbox 2549 4873 2867 4928; x_wconf 86' lang='lat' dir='ltr'><strong>Zontarium</strong></span> <span class='ocrx_word' id='word_1_758' title='bbox 2913 4874 2999 4945; x_wconf 90' lang='lat' dir='ltr'><strong>(ac</strong></span> <span class='ocrx_word' id='word_1_759' title='bbox 3045 4875 3089 4929; x_wconf 87' lang='lat' dir='ltr'><strong>si</strong></span> <span class='ocrx_word' id='word_1_760' title='bbox 3125 4875 3408 4931; x_wconf 79' lang='lat' dir='ltr'><strong>Vivarium</strong></span> <span class='ocrx_word' id='word_1_761' title='bbox 3441 4876 3615 4943; x_wconf 88' lang='lat' dir='ltr'><strong>dicas)</strong></span> 
     </span>
    </p>
   </div>
   <div class='ocr_carea' id='block_1_110' title="bbox 2041 4961 3615 5036">
    <p class='ocr_par' dir='ltr' id='par_1_110' title="bbox 2041 4961 3615 5036">
     <span class='ocr_line' id='line_1_110' title="bbox 2041 4961 3615 5036; baseline -0.001 -18"><span class='ocrx_word' id='word_1_762' title='bbox 2041 4964 2317 5028; x_wconf 89' lang='lat' dir='ltr'><strong>venimus,</strong></span> <span class='ocrx_word' id='word_1_763' title='bbox 2373 4961 2468 5016; x_wconf 90' lang='lat' dir='ltr'><strong>sed</strong></span> <span class='ocrx_word' id='word_1_764' title='bbox 2523 4963 2802 5017; x_wconf 88' lang='lat' dir='ltr'><strong>contraria</strong></span> <span class='ocrx_word' id='word_1_765' title='bbox 2853 4964 3014 5019; x_wconf 91' lang='lat' dir='ltr'><strong>nobis</strong></span> <span class='ocrx_word' id='word_1_766' title='bbox 3052 4964 3287 5019; x_wconf 89' lang='lat' dir='ltr'><strong>veritate</strong></span> <span class='ocrx_word' id='word_1_767' title='bbox 3347 4966 3615 5036; x_wconf 73' lang='lat' dir='ltr'><strong>agnitum.</strong></span> 
     </span>
    </p>
   </div>
   <div class='ocr_carea' id='block_1_111' title="bbox 2043 5056 3616 5131">
    <p class='ocr_par' dir='ltr' id='par_1_111' title="bbox 2043 5056 3616 5131">
     <span class='ocr_line' id='line_1_111' title="bbox 2043 5056 3616 5131; baseline 0.001 -19"><span class='ocrx_word' id='word_1_768' title='bbox 2043 5056 2133 5112; x_wconf 91' lang='lat' dir='ltr'><strong>Sic</strong></span> <span class='ocrx_word' id='word_1_769' title='bbox 2158 5056 2307 5111; x_wconf 89' lang='lat' dir='ltr'><strong>enim</strong></span> <span class='ocrx_word' id='word_1_770' title='bbox 2336 5073 2366 5111; x_wconf 90' lang='lat' dir='ltr'><strong>a</strong></span> <span class='ocrx_word' id='word_1_771' title='bbox 2398 5057 2510 5111; x_wconf 89' lang='lat' dir='ltr'><strong>vita</strong></span> <span class='ocrx_word' id='word_1_772' title='bbox 2535 5056 2716 5111; x_wconf 89' lang='lat' dir='ltr'><strong>dictus</strong></span> <span class='ocrx_word' id='word_1_773' title='bbox 2748 5058 2904 5112; x_wconf 90' lang='lat' dir='ltr'><strong>locus</strong></span> <span class='ocrx_word' id='word_1_774' title='bbox 2936 5059 3141 5114; x_wconf 89' lang='lat' dir='ltr'><strong>multos</strong></span> <span class='ocrx_word' id='word_1_775' title='bbox 3162 5058 3327 5131; x_wconf 65' lang='grc'><strong>584</strong></span> <span class='ocrx_word' id='word_1_776' title='bbox 3369 5071 3616 5115; x_wconf 90' lang='lat' dir='ltr'><strong>nostrum</strong></span> 
     </span>
    </p>
   </div>
   <div class='ocr_carea' id='block_1_112' title="bbox 2045 5150 3613 5218">
    <p class='ocr_par' dir='ltr' id='par_1_112' title="bbox 2045 5150 3613 5218">
     <span class='ocr_line' id='line_1_112' title="bbox 2045 5150 3613 5218; baseline 0.001 -15"><span class='ocrx_word' id='word_1_777' title='bbox 2045 5151 2155 5204; x_wconf 86' lang='lat' dir='ltr'><strong>vita</strong></span> <span class='ocrx_word' id='word_1_778' title='bbox 2190 5161 2474 5218; x_wconf 84' lang='lat' dir='ltr'><strong>exemptos</strong></span> <span class='ocrx_word' id='word_1_779' title='bbox 2504 5150 2667 5204; x_wconf 86' lang='lat' dir='ltr'><strong>morti</strong></span> <span class='ocrx_word' id='word_1_780' title='bbox 2700 5150 2947 5205; x_wconf 90' lang='lat' dir='ltr'><strong>tradidit.</strong></span> <span class='ocrx_word' id='word_1_781' title='bbox 3005 5152 3143 5206; x_wconf 90' lang='lat' dir='ltr'><strong>Dum</strong></span> <span class='ocrx_word' id='word_1_782' title='bbox 3177 5153 3327 5207; x_wconf 91' lang='lat' dir='ltr'><strong>enim</strong></span> <span class='ocrx_word' id='word_1_783' title='bbox 3370 5154 3438 5207; x_wconf 89' lang='lat' dir='ltr'><strong>ad</strong></span> <span class='ocrx_word' id='word_1_784' title='bbox 3488 5168 3613 5208; x_wconf 87' lang='lat' dir='ltr'><strong>eum</strong></span> 
     </span>
    </p>
   </div>
   <div class='ocr_carea' id='block_1_113' title="bbox 2045 5242 3615 5311">
    <p class='ocr_par' dir='ltr' id='par_1_113' title="bbox 2045 5242 3615 5311">
     <span class='ocr_line' id='line_1_113' title="bbox 2045 5242 3615 5311; baseline 0.003 -16"><span class='ocrx_word' id='word_1_785' title='bbox 2045 5242 2380 5311; x_wconf 89' lang='lat' dir='ltr'><strong>applicantes</strong></span> <span class='ocrx_word' id='word_1_786' title='bbox 2405 5257 2434 5295; x_wconf 90' lang='lat' dir='ltr'><strong>a</strong></span> <span class='ocrx_word' id='word_1_787' title='bbox 2456 5250 2586 5296; x_wconf 91' lang='lat' dir='ltr'><strong>noto</strong></span> <span class='ocrx_word' id='word_1_788' title='bbox 2617 5252 2674 5297; x_wconf 91' lang='lat' dir='ltr'><strong>et</strong></span> <span class='ocrx_word' id='word_1_789' title='bbox 2698 5242 2869 5297; x_wconf 92' lang='lat' dir='ltr'><strong>africo</strong></span> <span class='ocrx_word' id='word_1_790' title='bbox 2900 5242 3005 5297; x_wconf 87' lang='lat' dir='ltr'><strong>sibi</strong></span> <span class='ocrx_word' id='word_1_791' title='bbox 3030 5260 3225 5298; x_wconf 81' lang='lat' dir='ltr'><strong>noxam</strong></span> <span class='ocrx_word' id='word_1_792' title='bbox 3259 5259 3371 5299; x_wconf 89' lang='lat' dir='ltr'><strong>non</strong></span> <span class='ocrx_word' id='word_1_793' title='bbox 3402 5244 3615 5301; x_wconf 91' lang='lat' dir='ltr'><strong>timent.</strong></span> 
     </span>
    </p>
   </div>
   <div class='ocr_carea' id='block_1_114' title="bbox 2045 5332 3618 5402">
    <p class='ocr_par' dir='ltr' id='par_1_114' title="bbox 2045 5332 3618 5402">
     <span class='ocr_line' id='line_1_114' title="bbox 2045 5332 3618 5402; baseline 0.001 -15"><span class='ocrx_word' id='word_1_794' title='bbox 2045 5332 2103 5387; x_wconf 91' lang='lat' dir='ltr'><strong>in</strong></span> <span class='ocrx_word' id='word_1_795' title='bbox 2131 5347 2197 5387; x_wconf 92' lang='lat' dir='ltr'><strong>eo</strong></span> <span class='ocrx_word' id='word_1_796' title='bbox 2226 5349 2388 5402; x_wconf 90' lang='lat' dir='ltr'><strong>quam</strong></span> <span class='ocrx_word' id='word_1_797' title='bbox 2412 5334 2465 5387; x_wconf 94' lang='lat' dir='ltr'><strong>in</strong></span> <span class='ocrx_word' id='word_1_798' title='bbox 2489 5334 2643 5390; x_wconf 88' lang='lat' dir='ltr'><strong>urbis</strong></span> <span class='ocrx_word' id='word_1_799' title='bbox 2666 5335 2842 5389; x_wconf 86' lang='lat' dir='ltr'><strong>navali</strong></span> <span class='ocrx_word' id='word_1_800' title='bbox 2882 5336 2939 5391; x_wconf 92' lang='lat' dir='ltr'><strong>in</strong></span> <span class='ocrx_word' id='word_1_801' title='bbox 2969 5337 3189 5392; x_wconf 88' lang='lat' dir='ltr'><strong>ancoris</strong></span> <span class='ocrx_word' id='word_1_802' title='bbox 3214 5344 3358 5392; x_wconf 88' lang='lat' dir='ltr'><strong>stare</strong></span> <span class='ocrx_word' id='word_1_803' title='bbox 3389 5335 3618 5392; x_wconf 81' lang='lat' dir='ltr'><strong>Barbari</strong></span> 
     </span>
    </p>
   </div>
   <div class='ocr_carea' id='block_1_115' title="bbox 1662 5448 2330 5507">
    <p class='ocr_par' dir='ltr' id='par_1_115' title="bbox 1662 5448 2330 5507">
     <span class='ocr_line' id='line_1_115' title="bbox 1662 5448 2330 5507; baseline 0.003 -2"><span class='ocrx_word' id='word_1_804' title='bbox 1662 5448 1896 5506; x_wconf 65' lang='lat' dir='ltr'><strong>VARUS</strong></span> <span class='ocrx_word' id='word_1_805' title='bbox 1924 5449 2330 5507; x_wconf 85' lang='lat' dir='ltr'><strong>LECTIONES.</strong></span> 
     </span>
    </p>
   </div>
   <div class='ocr_carea' id='block_1_116' title="bbox 443 5568 2453 5644">
    <p class='ocr_par' dir='ltr' id='par_1_116' title="bbox 443 5568 2453 5644">
     <span class='ocr_line' id='line_1_116' title="bbox 443 5568 2453 5644; baseline 0.001 -22"><span class='ocrx_word' id='word_1_806' title='bbox 443 5569 491 5602; x_wconf 85' lang='grc'><strong>⁸³</strong></span> <span class='ocrx_word' id='word_1_807' title='bbox 524 5570 588 5644; x_wconf 59' lang='grc' dir='ltr'><strong>ἐν</strong></span> <span class='ocrx_word' id='word_1_808' title='bbox 618 5584 745 5644; x_wconf 26' lang='lat' dir='ltr'><strong>omn</strong></span> <span class='ocrx_word' id='word_1_809' title='bbox 909 5571 952 5603; x_wconf 72' lang='lat'><strong>&quot;</strong></span> <span class='ocrx_word' id='word_1_810' title='bbox 982 5571 1310 5644; x_wconf 78' lang='grc' dir='ltr'>ἀνεδυνᾴμου</span> <span class='ocrx_word' id='word_1_811' title='bbox 1340 5568 1401 5625; x_wconf 83' lang='grc' dir='ltr'><strong>Ρ.</strong></span> <span class='ocrx_word' id='word_1_812' title='bbox 1477 5570 1522 5603; x_wconf 83' lang='grc'><strong>³⁸</strong></span> <span class='ocrx_word' id='word_1_813' title='bbox 1549 5586 1611 5638; x_wconf 83' lang='grc' dir='ltr'><strong>γε</strong></span> <span class='ocrx_word' id='word_1_814' title='bbox 1635 5569 1741 5623; x_wconf 83' lang='grc' dir='ltr'><strong>ΑΡ.</strong></span> <span class='ocrx_word' id='word_1_815' title='bbox 1822 5570 1866 5603; x_wconf 72' lang='grc'><strong>³⁸</strong></span> <span class='ocrx_word' id='word_1_816' title='bbox 1895 5571 2023 5635; x_wconf 74' lang='grc' dir='ltr'>τοὺς</span> <span class='ocrx_word' id='word_1_817' title='bbox 2052 5569 2367 5642; x_wconf 78' lang='grc' dir='ltr'>Βαρδάρους</span> <span class='ocrx_word' id='word_1_818' title='bbox 2391 5570 2453 5625; x_wconf 89' lang='grc' dir='ltr'><strong>Λ.</strong></span> 
     </span>
    </p>
   </div>
   <div class='ocr_carea' id='block_1_117' title="bbox 366 5640 830 5697">
    <p class='ocr_par' dir='ltr' id='par_1_117' title="bbox 366 5640 830 5697">
     <span class='ocr_line' id='line_1_117' title="bbox 366 5640 830 5697; baseline 0.011 -5"><span class='ocrx_word' id='word_1_819' title='bbox 366 5641 420 5675; x_wconf 80' lang='grc'><strong>⁸⁸</strong></span> <span class='ocrx_word' id='word_1_820' title='bbox 455 5640 552 5692; x_wconf 76' lang='grc' dir='ltr'>τοῦ</span> <span class='ocrx_word' id='word_1_821' title='bbox 579 5657 688 5693; x_wconf 76' lang='lat' dir='ltr'><strong>Olli.</strong></span> <span class='ocrx_word' id='word_1_822' title='bbox 722 5641 830 5697; x_wconf 83' lang='lat' dir='ltr'><strong>AP.</strong></span> 
     </span>
    </p>
   </div>
   <div class='ocr_carea' id='block_1_118' title="bbox 2536 5571 3618 5649">
    <p class='ocr_par' dir='ltr' id='par_1_118' title="bbox 2536 5571 3618 5649">
     <span class='ocr_line' id='line_1_118' title="bbox 2536 5571 3618 5649; baseline -0.012 -7"><span class='ocrx_word' id='word_1_823' title='bbox 2536 5572 2588 5641; x_wconf 80' lang='grc'><strong>³⁷.</strong></span> <span class='ocrx_word' id='word_1_824' title='bbox 2610 5571 2930 5644; x_wconf 78' lang='grc' dir='ltr'>Ζωνταρίων</span> <span class='ocrx_word' id='word_1_825' title='bbox 2959 5575 3025 5628; x_wconf 80' lang='grc' dir='ltr'><strong>Δ.</strong></span> <span class='ocrx_word' id='word_1_826' title='bbox 3108 5574 3151 5606; x_wconf 78' lang='grc'><strong>⁸⁸</strong></span> <span class='ocrx_word' id='word_1_827' title='bbox 3174 5575 3533 5649; x_wconf 79' lang='grc' dir='ltr'>ὀνομασμένῳ</span> <span class='ocrx_word' id='word_1_828' title='bbox 3559 5572 3618 5629; x_wconf 72' lang='grc'><strong>[³.</strong></span> 
     </span>
    </p>
   </div>
   <div class='ocr_carea' id='block_1_119' title="bbox 1982 5754 2214 5767">
    <p class='ocr_par' dir='ltr' id='par_1_119' title="bbox 1982 5754 2214 5767">
     <span class='ocr_line' id='line_1_119' title="bbox 1982 5754 2214 5767; baseline 0.004 -5"><span class='ocrx_word' id='word_1_829' title='bbox 1982 5754 2069 5762; x_wconf 52' lang='grc' dir='ltr'>...μη</span> <span class='ocrx_word' id='word_1_830' title='bbox 2110 5756 2214 5767; x_wconf 29' lang='grc' dir='ltr'><strong>ικψῌ</strong></span> 
     </span>
    </p>
   </div>
  </div>
