3962 6200
389 195 496 257 623

1508 209 1518 220 '
1601 191 1939 252 JOANNES
1976 193 2417 253 (ΣΑΜΕΝῙΑΤΑ

3541 198 3650 260 624

387 306 648 357 maluere.
673 299 792 367 Quo
817 315 943 356 cum
973 299 1279 363 venissent,
1317 308 1698 366 cognoverunt
1735 299 1936 354 Creten

2071 315 2157 354 ναι
2203 300 2410 373 βλάϐην
2462 302 2586 364 τοὺς
2650 303 2706 353 ἐν
2769 301 2918 370 αύτῷ
2967 301 3490 374 καθορμιζομένους,
3549 311 3648 378 τὴν

384 407 473 448 ses
509 409 522 445 :
574 406 607 450 a
633 391 773 444 mari
813 390 960 445 enim
989 389 1179 459 procul
1211 404 1311 442 nos
1335 388 1767 456 prospiciebant,
1799 400 1962 460 atque

384 482 757 536 Romanorum
796 480 1026 534 classem
1061 476 1322 531 invadere
1369 475 1604 531 ins’ulam
1649 478 1961 548 deprehen-

380 572 528 628 disse
571 587 630 627 se
667 571 953 641 putabant.
1003 567 1122 634 Quo
1167 577 1224 622 et
1268 577 1417 623 metu
1465 570 1752 625 conterriti
1808 578 1960 637 sunt,

382 664 529 734 quod
557 663 624 717 ad
656 663 861 718 bellum
903 660 1156 729 imparati
1180 671 1356 714 erant.
1409 661 1768 717 Postmodum
1801 663 1961 718 nobis

381 752 954 825 apprOpinquantibus
993 792 1008 818 ,
1065 753 1236 824 signis
1281 755 1504 808 navium
1555 755 1758 826 agnitis
1785 796 1800 820 ,
1833 772 1959 811 cum

383 861 578 914 magno
611 844 812 915 gaudio
865 860 994 898 suos
1049 846 1407 914 accipientes,
1461 861 1525 901 ac
1564 849 1714 902 velut
1743 863 1958 904 morum

378 935 710 991 commercio
743 936 998 1006 genuinae
1037 936 1184 990 inter
1219 951 1276 990 se
1310 938 1569 992 amicitiae
1622 954 1783 993 usum
1806 955 1959 994 com-

376 1035 771 1094 monstrantes,
798 1028 865 1082 ad
888 1028 1071 1081 locum
1104 1040 1492 1084 accesserunt:
1532 1045 1751 1100 semper
1784 1032 1955 1099 enim,

378 1131 439 1176 ut
462 1121 759 1191 proverbio
789 1121 984 1185 fertur,
1030 1120 1210 1175 simile
1250 1121 1316 1175 ad
1346 1122 1452 1175 sibi
1481 1123 1660 1178 simile
1690 1124 1954 1178 accurrit.

377 1212 533 1268 Tunc
563 1214 749 1282 itaque
801 1213 1040 1284 primum
1099 1212 1322 1266 Barbari
1358 1229 1571 1278 omnes,
1597 1229 1864 1269 exscensu
1889 1232 1958 1270 ex

372 1305 612 1360 navibus
641 1305 694 1358 in
727 1305 883 1360 littus
921 1305 1104 1371 effusi,
1141 1321 1244 1360 nos
1288 1321 1507 1375 quoque
1551 1323 1581 1360 a
1634 1316 1838 1361 mutua'
1865 1308 1957 1362 illa

374 1395 787 1463 compressione
838 1395 1122 1464 paululum
1160 1394 1387 1448 relaxari
1441 1395 1720 1457 siverunt,
1757 1413 1957 1466 suppe-

376 1488 544 1542 ditata
577 1503 800 1556 quoque
831 1503 1099 1558 aquarum
1147 1488 1325 1556 copia,
1355 1503 1475 1556 qua:
1519 1489 1702 1543 multa:
1749 1489 1952 1544 ibidem

375 1579 598 1648 irrigua:
627 1579 680 1632 in
703 1579 875 1634 maris
903 1594 960 1634 se
989 1579 1164 1633 undas
1195 1579 1480 1633 aﬂlucnter
1516 1588 1838 1633 exonerant.
1888 1580 1956 1634 Et

2067 391 2204 460 πρὸς
2230 393 2390 447 αὐτὸν
2420 394 2702 464 διατριϐὴν
2732 395 2825 448 τοῦ
2858 400 3205 468 ναυστάθμου
3228 401 3327 469 τῆς
3360 399 3572 463 πόλεως
3597 402 3647 453 οἱ

2065 486 2339 558 Βάρὸαροι
2364 490 2816 558 προκεκρίκασιν.
2849 489 2936 554 Ὠς
2957 491 3049 544 οὖν
3077 494 3450 563 κατήχθημεν,
3475 495 3646 562 ἔγνων

2064 579 2112 629 οἱ
2139 579 2354 648 Κρῆτες
2388 577 2705 650 (προεώρων
2734 581 2843 652 γὰρ
2887 585 3036 652 ἡμᾶς
3085 585 3184 653 τῆς
3228 585 3505 656 Θαλάσσης
3538 605 3647 657 μα-

2063 669 2304 739 κρόθεν),
2345 671 2438 724 καὶ
2483 673 2700 743 πρῶτον
2750 674 2857 728 τῶν
2915 675 3204 747 Ῥωμαίων
3227 677 3272 709 ⁸⁸
3307 678 3398 732 τὸν
3457 680 3646 732 στόλον

2063 761 2356 832 ἐφώρασαν
2385 765 2712 834 ἐπέρχεσθαι
2747 770 2813 838 τῇ
2845 769 3013 839 νήσῳ,
3059 769 3118 834 ἐξ
3155 763 3216 823 οὗ
3249 770 3342 823 καὶ
3371 771 3645 842 περιδεεῖς

2060 853 2309 920 ἐγένοντο
2333 854 2421 907 διὰ
2453 855 2514 908 τὸ
2539 857 2614 928 μὴ
2641 861 3195 930 προπαρεσκευάσθαι
3221 862 3356 934 πρὸς
3382 865 3643 935 πόλεμον.

2065 944 2297 998 Ἔπειτα
2327 947 2634 1017 γενομένων
2681 951 2839 1020 ἡμῶν
2869 952 3122 1020 ἐγγύθεν,
3160 954 3348 1024 ἐπειδὴ
3393 955 3645 1023 ἐπέγνων

2059 1036 2184 1089 τινὰ
2215 1040 2572 1109 γνωρίσματα
2620 1042 2739 1123 τῶν⁸
2767 1045 2934 1114 νηῶν,
2973 1045 3292 1114 πεφθάκασι
3337 1049 3429 1102 τὸν
3474 1050 3647 1103 τόπον

2064 1129 2201 1196 μετ-α
2223 1129 2425 1200 πολλῆς
2451 1131 2717 1203 θυμηδίας
2740 1134 2864 1198 τοὺς
2887 1136 3023 1207 ἀμφ’
3053 1138 3250 1201 αὐτοὺς
3279 1139 3643 1210 δεξιούμενοι,

2061 1220 2153 1272 καὶ
2182 1219 2372 1292 ὥσπερ
2415 1227 2482 1294 τῇ
2518 1229 2776 1296 κοινωνίᾳ
2799 1227 2908 1280 τῶν
2943 1229 3162 1298 τρόπων
3194 1230 3254 1282 τὸ
3289 1232 3513 1302 γνήσιον
3537 1234 3645 1303 τῆς

2060 1311 2195 1382 πρὸς
2233 1312 2498 1383 ἀλλήλους
2537 1317 2773 1388 στοργῆς
2811 1318 3253 1390 ἐνδεικνύμενοι·
3282 1323 3369 1375 ἀεὶ
3404 1325 3538 1394 γὰρ,
3564 1326 3642 1389 ὡς

2058 1400 2234 1470 λόγος,
2261 1407 2320 1457 τὸ
2351 1408 2535 1476 ὅμοιον
2560 1409 2636 1479 τῷ
2661 1410 2829 1480 ὁμοίῳ
2859 1415 3204 1484 προστρέχει.
3230 1417 3362 1470 Τότε
3397 1417 3463 1488 δὴ
3490 1419 3645 1488 πρῶο

2058 1511 2148 1547 τον
2177 1496 2414 1560 ἅπαντες
2445 1500 2546 1551 τῶν
2578 1500 2722 1571 νηῶν
2762 1502 2988 1572 ἐξῆλθον
3019 1506 3066 1557 οἱ
3103 1507 3402 1578 Βάρϐαροι,
3433 1511 3528 1563 καί
3561 1529 3645 1563 τι·

2058 1602 2149 1650 νος
2173 1588 2316 1658 ἡμᾶς
2340 1589 2382 1619 “
2406 1594 2591 1661 τυχεῖν
2623 1593 2862 1658 ἀνέσεως
2891 1594 2991 1665 τῆς
3021 1597 3078 1650 ὲν
3101 1598 3356 1670 ἀλλήλοις
3375 1618 3642 1672 στενοχω-

372 1672 454 1727 sic
491 1680 603 1725 tota
631 1685 696 1725 ea
718 1680 879 1726 nocte
909 1687 941 1725 a
979 1671 1260 1726 continuis
1296 1670 1484 1725 refecti
1508 1670 1808 1734 laboribus,
1834 1672 1940 1726 exi-

2059 1679 2180 1748 ρίας
2211 1679 2473 1750 ἠξίωσαν,
2509 1683 2819 1752 μετέδωκαν
2852 1687 2907 1739 δὲ
2933 1689 3028 1741 καὶ
3055 1691 3161 1743 τῶν
3194 1695 3333 1745 κατὰ
3356 1693 3447 1745 τὸν
3470 1696 3640 1748 τόπον

370 1762 731 1818 stimabamus
761 1763 1014 1831 sequenti
1067 1763 1187 1816 luce
1235 1762 1516 1816 mitiorum
1557 1778 1656 1816 nos
1685 1764 1951 1833 tantisper

370 1854 666 1923 potituros,
692 1855 840 1924 quod
867 1855 1022 1910 dives
1045 1856 1218 1909 insula
1246 1856 1517 1924 rebusque
1545 1857 1613 1910 ad
1642 1857 1764 1911 vitae
1788 1873 1950 1912 usum

369 1946 696 2000 necessariis
723 1945 1127 2000 confertissima
1156 1954 1321 2000 esset.
1342 1947 1540 2001 Verum
1562 1949 1948 2004 nesciebamus

369 2036 651 2105 prioribus
683 2051 838 2106 aeque
874 2036 1055 2100 malis,
1093 2051 1192 2090 seu
1223 2036 1388 2090 etiam
1421 2037 1819 2102 acerbioribus,
1865 2038 1949 2092 dio

369 2125 668 2191 vexandos,
710 2134 1114 2195 proptereaque
1151 2125 1258 2180 illis
1291 2125 1467 2196 accipi
1495 2135 1554 2181 ut
1583 2142 1682 2196 per
1705 2141 1768 2182 ea
1795 2135 1946 2182 atro-

367 2217 611 2272 cioribus
645 2216 766 2272 istis
789 2231 1272 2273 conservaremur.

2057 1769 2261 1824 ύδάτων
2295 1772 2504 1826 πολλῶν
2530 1775 2701 1829 ὄντων
2744 1781 2836 1832 καὶ
2875 1781 3129 1849 ἀφθόνως
3157 1787 3269 1846 τοῖς
3300 1785 3508 1856 κύμασι
3538 1788 3641 1855 τῆς

2056 1855 2334 1929 θαλάσσης
2363 1863 2726 1935 ἐπιρρεόντων
2749 1867 2816 1922 ⁸⁸.
2850 1869 2960 1922 Καὶ
2997 1870 3142 1924 οὕτω
3181 1872 3277 1944 τὴν
3310 1855 3482 1928 νύκτα
3527 1878 3639 1932 πᾶ-

2054 1967 2154 2004 σαν
2205 1952 2312 2004 τῶν
2368 1955 2608 2025 συνεχῶν
2661 1960 2946 2026 ἀνεθέντες
3002 1965 3184 2018 πόνων
3227 1967 3522 2039 ἐδοκοῦμεν
3568 1972 3637 2041 τῇ

2051 2042 2180 2112 ἐξῆς
2198 2048 2461 2115 χρηστοτέ
2471 2065 2577 2119 ρων
2597 2051 2757 2104 τινῶν
2780 2059 3092 2125 μετασχεῖν,
3122 2059 3216 2110 ἂτε
3246 2061 3639 2132 πεπληθυσμέ-

2051 2151 2151 2202 νης
2199 2135 2246 2166 δ⁸
2298 2136 2466 2210 οὔσης
2513 2143 2612 2212 τῆς
2659 2144 2822 2214 νήσου
2877 2147 2971 2200 καὶ
3011 2148 3216 2219 πολλὴν
3263 2141 3492 2221 ἐχούσης
3523 2153 3638 2206 τῶν

2053 2226 2250 2295 χρειῶν
2291 2229 2593 2299 δαψίλειαν.
2628 2235 2744 2289 Ούκ
2785 2237 3007 2308 ᾔδειμεν
3035 2240 3093 2293 δὲ
3134 2243 3540 2312 παραπλησίοις
3577 2247 3637 2298 ἐν

366 2310 504 2379 αὐτῇ
555 2309 664 2403 τῶν
717 2309 908 2403 πρώην
938 2309 1146 2380 ὁμιλεῖν
1180 2309 1476 2403 χαλεποῖς,
1510 2310 1542 2381 ἦ
1589 2310 1684 2366 καὶ
1713 2311 1943 2384 χείροσι,
1981 2315 2077 2369 καὶ
2104 2318 2194 2374 διὰ
2226 2321 2400 2378 ταῦτά
2429 2340 2492 2392 γε
2537 2326 2742 2396 μᾶλλον
2779 2329 2964 2384 ἐκεῖνα
3005 2309 3253 2403 πάσχειν,
3321 2309 3396 2400 ὡς
3460 2337 3526 2388 ἂν
3567 2333 3638 2389 δι’

365 2403 593 2456 ἐκείνων
617 2401 662 2432 ⁸⁵
686 2401 896 2464 τούτοις
927 2401 1377 2472 συντηρηθῶμεν.

437 2498 526 2550 7i.
566 2496 684 2552 Jam
711 2495 860 2552 enim
889 2495 1173 2566 dissipatis
1220 2497 1400 2552 noctis
1427 2498 1691 2564 tenebris,
1725 2515 1791 2554 ac
1819 2515 1945 2555 cum

364 2589 506 2644 lucis
533 2589 840 2660 fulgoribus
857 2588 1020 2660 585
1040 2599 1294 2644 exortum
1321 2606 1480 2645 mane
1506 2591 1939 2660 splendesceret,

365 2682 649 2737 Dominica
685 2681 898 2736 scilicet
944 2682 1298 2737 illucescente
1323 2724 1339 2749 ,
1393 2683 1636 2740 ululatus
1663 2685 1719 2739 in
1747 2686 1948 2754 quavis

364 2773 491 2826 navi
526 2771 728 2836 audiri,
753 2770 1009 2827 Barbaris
1040 2772 1190 2826 velut
1213 2781 1421 2842 gratam
1443 2774 1736 2844 quamdam
1763 2790 1827 2829 ac
1847 2777 1939 2836 lae-

368 2872 477 2918 tam
503 2876 695 2917 vocem
733 2860 850 2930 pari
881 2861 1290 2929 conspiratione
1326 2861 1622 2916 edentibus
1643 2862 1934 2933 cymbalis-

366 2969 474 3022 que
498 2950 996 3022 perstrepentibus,
1045 2960 1103 3005 ut
1145 2952 1302 3006 locus
1325 2951 1418 3006 ille
1451 2962 1598 3007 totus
1634 2955 1853 3008 concuti
1885 2963 1942 3008 et

365 3043 622 3100 clamoris
647 3043 862 3112 fragore
901 3041 1110 3096 turbari
1161 3042 1461 3100 videretur.
1498 3043 1636 3099 Tum
1676 3055 1800 3114 post
1856 3048 1940 3101 in-

2124 2500 2222 2553 οα’.
2263 2502 2400 2572 Ἤδη
2431 2505 2541 2577 γὰρ
2589 2507 2688 2577 τῆς
2741 2515 3061 2584 νυκτερινῆς
3109 2518 3268 2580 σκιᾶς
3315 2518 3640 2575 σκεδασθεί-

2054 2607 2173 2662 σης,
2197 2592 2288 2672 τοῦ
2325 2594 2380 2648 δὲ
2413 2599 2590 2665 φωτὸς
2617 2600 2922 2672 ἀρχομένου
2961 2606 3054 2660 τὸν
3095 2607 3292 2680 ὄρθρον
3327 2612 3636 2667 ἐπανατέλ-

2048 2683 2184 2752 λειν,
2220 2687 2506 2760 Κυριακῆς
2558 2693 2782 2765 ἡμερῶν
2821 2697 3264 2771 ἐπιφωσκούσης,
3312 2703 3638 2776 ἀλαλαγμὸς

2049 2776 2134 2846 ἐφ’
2175 2777 2412 2848 ἑκάστης
2434 2780 2561 2850 νηὸς
2592 2783 2848 2852 ἠκούετο,
2881 2787 3074 2862 ¹ὥσπερ
3106 2793 3228 2844 τινὰ
3261 2791 3484 2866 θυμήρη
3515 2814 3634 2865 φωσ-

2047 2867 2141 2938 νὴν
2165 2868 2273 2922 τῶν
2297 2870 2599 2942 Βαρϐάρων
2619 2878 3070 2947 συνεπηχούντων
3093 2883 3183 2935 καὶ
3197 2886 3306 2948 τοῖς
3325 2887 3632 2955 κυμϐάλοις

2048 2961 2422 3026 κτυπούντων,
2477 2964 2550 3028 ὡς
2598 2967 2774 3020 πάντα
2804 2970 2982 3025 δοκεῖν
3023 2973 3293 3030 δονεῖσθαι
3342 2979 3435 3032 τὸν
3461 2982 3632 3035 τόπον

2047 3050 2132 3123 [Ρ.
2165 3053 2292 3126 575]
2326 3057 2572 3128 καὶπρὸς
2604 3060 2699 3130 τὴν
2735 3065 2983 3134 κραυγὴν
3005 3068 3461 3138 ἐκταράττεσθαι.
3491 3071 3628 3128 Εἶτα

277 3206 281 3216 η
365 3135 648 3192 conditura
683 3133 1261 3204 terribilissimumque
1292 3136 1532 3191 sonitum
1565 3138 1784 3191 navium
1803 3154 1940 3195 onus

2049 3147 2184 3218 μετᾶ
2233 3146 2331 3219 τὴν
2370 3149 2584 3222 ἄσημον
2643 3155 2862 3226 ἐκείνην
2899 3133 2988 3211 καὶ
3038 3133 3428 3236 φοϐερωτάτην
3486 3167 3630 3239 ἠχὴν

364 3237 528 3298 atque
561 3237 845 3281 vecturam
888 3226 944 3280 i-n
990 3237 1194 3281 terram
1235 3228 1435 3298 ejicere
1468 3240 1777 3299 coeperunt,
1813 3248 1941 3286 cum

363 3321 673 3390 subjectum
703 3320 886 3376 locum
918 3335 1019 3388 pro
1047 3336 1280 3374 numero
1303 3321 1528 3375 navium
1558 3323 1942 3391 certisspatiis

363 3413 698 3478 divisissent,
729 3428 842 3482 quo
865 3412 1018 3478 navis
1047 3412 1312 3481 cujusque
1340 3428 1500 3477 onus,
1525 3414 1686 3482 quale
1722 3414 1942 3470 tandem

362 3504 496 3559 illud
523 3512 691 3566 esset,
721 3505 980 3558 distincte
1020 3517 1084 3556 ac
1111 3518 1359 3557 seorsum
1395 3505 1464 3557 ab
1496 3505 1620 3558 aliis
1647 3505 1936 3571 inferrent,

362 3606 424 3650 ut
450 3597 884 3665 uniuscujusque
911 3609 1044 3662 opes
1074 3609 1137 3648 ac
1169 3594 1475 3656 substantia
1523 3596 1662 3648 nihil
1709 3612 1940 3664 prorsus

359 3689 482 3740 aliis
510 3686 795 3742 commista
836 3692 1141 3746 exstarent.
1185 3684 1383 3739 Totum
1411 3686 1577 3755 igitur
1601 3686 1746 3741 diem
1781 3689 1942 3742 illum

357 3778 726 3834 exonerandis
756 3779 992 3839 navibus
1022 3779 1455 3848 insumpserunt.
1515 3780 1778 3849 Sequenti
1806 3798 1936 3836 vero

358 3871 643 3937 navarcbi,
675 3872 781 3942 ipsi
801 3888 1020 3942 quoque
1050 3874 1277 3944 egressi,
1310 3873 1433 3928 aliis
1459 3890 1654 3930 rursus
1685 3876 1936 3945 partibus

359 3975 473 4021 tum
505 3966 850 4035 captivorum
886 3965 1293 4022 multitudinem
1311 3966 1568 4032 divisere,
1591 3976 1704 4021 tum
1729 3969 1933 4039 spolio-

357 4074 482 4115 rum
514 4058 795 4128 copiosam
829 4059 1176 4128 amplamque
1219 4075 1479 4126 messem,
1506 4061 1662 4131 cujus
1688 4061 1929 4116 admira-

355 4150 503 4204 tione
555 4150 918 4219 obstupentes
959 4149 1288 4214 Cretenses,
1335 4150 1424 4207 cui
1474 4151 1729 4220 exemplo
1778 4168 1929 4207 com-

351 4250 550 4314 parent
577 4257 696 4311 quae
720 4242 790 4296 ob
821 4243 1010 4296 oculos
1056 4242 1232 4310 posita
1267 4250 1448 4307 erant,
1509 4243 1721 4298 nullum
1761 4244 1930 4300 habe-

348 4335 502 4390 bant.
558 4319 697 4402 Quia
727 4352 858 4392 vero
893 4337 947 4391 id
995 4338 1234 4405 primum
1267 4337 1528 4393 Barbaris
1566 4341 1928 4396 constitutum

347 4439 488 4491 erat,
533 4438 592 4483 ut
622 4429 962 4484 infortunato
997 4430 1089 4485 illo
1117 4431 1321 4500 populo
1351 4430 1660 4497 commisto,
1692 4433 1786 4500 qui
1814 4433 1925 4486 ullo

2044 3242 2364 3330 ἐπεχείρουν
2396 3247 2534 3317 πρὸς
2577 3246 2676 3318 τὴν
2717 3250 2824 3322 γῆν
2854 3253 3247 3326 ἀποφορτίζειν
3290 3260 3380 3312 τὸν
3430 3262 3626 3330 γόμον,

2041 3328 2304 3396 διελόντες
2349 3333 2429 3397 είς
2471 3335 2699 3407 μερίδας
2734 3341 2876 3394 κατά
2922 3342 3014 3395 τὸν
3060 3328 3450 3416 ἀριθμὸντῶν
3479 3328 3630 3416 νηῶν

2041 3421 2131 3475 τὸν
2163 3427 2570 3496 παρακείμενον
2599 3430 2782 3496 τόπον,
2815 3432 2948 3484 ὅπου
2981 3438 3111 3503 μιᾶς
3138 3437 3376 3508 ἑκάστης
3399 3441 3628 3509 φόρτον,

2040 3514 2187 3578 ὅστις
2216 3516 2345 3570 ποτὲ
2374 3513 2462 3588 ἦν,
2493 3519 2835 3591 διῃρημένως
2865 3525 2958 3576 καὶ
2981 3529 3438 3600 άποκεκρμένως
3468 3533 3629 3605 ἀλλη-

2039 3604 2146 3657 λων
2178 3605 2579 3676 ἐξεκομίζοντο,
2620 3611 2696 3676 ὡς
2734 3614 2800 3666 ἂν
2834 3615 3006 3685 ἀμιγῆ
3042 3620 3328 3689 τηρεῖσθαι
3359 3623 3458 3693 τὴν
3493 3604 3628 3678 ἐκά-

2041 3712 2173 3766 στης
2217 3699 2533 3767 περιουσίαν
2579 3703 2672 3756 καὶ
2726 3705 2835 3758 τῶν
2891 3709 3205 3779 προσόντων
3255 3715 3375 3774 ταῖς
3430 3715 3623 3780 ἄλλαις

2039 3787 2316 3851 παντελῶς
2357 3790 2734 3860 ἀνεπίμικτον.
2755 3798 2944 3851 Πᾶσαν
2970 3795 3062 3852 οὖν
3086 3801 3304 3870 ἐκείνην
3325 3805 3620 3862 ἀνάλωσαν

2037 3879 2117 3938 εἰς
2141 3878 2240 3947 τὴν
2267 3880 2580 3954 ἀποσκευὴν
2617 3886 2718 3956 τὴν
2755 3888 2988 3959 ἡμέραν.
3032 3890 3109 3962 Τῇ
3142 3891 3196 3944 δὲ
3224 3894 3352 3964 ἑξῆς
3391 3897 3622 3967 ἐξῆλθον

2035 3971 2131 4038 τῆς
2167 3970 2442 4042 θαλάσσης
2471 3977 2518 4026 oi
2541 3975 2648 4028 τῶν
2676 3979 2818 4046 νηῶν
2850 3980 3082 4052 ιὶιρχηγο)⁸
3118 3984 3310 4036 διελεῖν
3341 3988 3508 4040 πάλιν
3536 3991 3621 4054 είς

2036 4062 2199 4125 ἄλλας
2228 4065 2451 4136 μερίδας
2475 4068 2533 4120 τό
2563 4086 2621 4121 τε
2642 4070 2841 4139 πλῆθος
2871 4073 2981 4125 τῶν
3005 4075 3365 4144 αἰχμαλώτων
3397 4083 3492 4134 καὶ
3518 4081 3619 4150 τὴν

2036 4157 2234 4226 πολλὴν
2274 4159 2382 4211 τῶν
2416 4161 2626 4214 σκύλων
2665 4163 2816 4234 ὕλην,
2854 4161 2920 4239 ἧς
2952 4167 3230 4232 ἐξίσταντο
3269 4172 3368 4242 τὴν
3403 4175 3618 4246 πληθὺν

2031 4249 2078 4301 οἱ
2115 4251 2352 4320 Κρῆτες,
2386 4252 2560 4304 οὐδενὶ
2608 4256 3016 4327 παραδείγματι
3046 4264 3361 4332 συγκρίνειν
3395 4265 3616 4338 ἔχοντες

2031 4341 2097 4392 τὰ
2133 4341 2460 4414 βλεπόμενα.
2511 4345 2728 4417 Ἐπειδὴ
2781 4349 2836 4402 δὲ
2865 4351 3024 4404 τοῦτο
3059 4355 3276 4424 πρῶτον
3318 4357 3468 4423 ἔδοξε
3501 4362 3617 4424 τοῖς

2031 4432 2362 4503 Βαρϐάροις,
2392 4436 2764 4509 ἀναμιχθῆναι
2823 4441 2933 4496 τῶν
2966 4443 3242 4515 δυστυχῶν
3274 4449 3365 4500 τὸν
3416 4450 3614 4520 δῆμον,

346 4519 629 4574 allinitatis
655 4521 782 4590 jure
809 4520 1199 4590 sanguinisque
1241 4519 1647 4575 necessitudine
1683 4521 1922 4576 devincti

2047 4525 2177 4586 Snio;
2202 4529 2245 4557 ⁸⁸⁵
2279 4527 2372 4579 τὸν
2405 4529 2821 4602 ἀναγνωρισμδν
2857 4535 2952 4588 καὶ
2998 4535 3155 4601 αὖθις
3206 4539 3255 4593 οἱ
3291 4543 3618 4615 συγγενείας

345 4620 554 4676 essent,
588 4612 679 4668 alii
730 4611 868 4667 alios
907 4611 1091 4666 denuo
1131 4623 1516 4680 agnoscerent,
1567 4623 1697 4668 tunc
1729 4613 1920 4683 utique

345 4705 635 4762 horribilis
664 4706 1046 4777 turbatusque
1090 4705 1274 4761 audiri
1329 4706 1604 4776 ejulatus,
1663 4708 1922 4776 erunibus

341 4799 498 4854 velut
528 4813 638 4854 uno
667 4813 734 4853 ex
758 4799 909 4853 fonte
935 4799 1299 4870 lacrymarum
1328 4801 1474 4856 rivos
1504 4800 1653 4874 large
1682 4800 1918 4856 funden-

343 4889 514 4960 tibus,
549 4890 963 4962 identidemque
995 4893 1435 4956 susurrantibus,
1483 4910 1613 4947 num
1649 4909 1760 4964 quo
1797 4894 1918 4951 loco

341 4979 512 5034 ullius
565 4979 1022 5046 charissimorum
1077 4990 1362 5052 compotes
1414 4981 1636 5046 forent,
1684 4999 1787 5040 nec
1811 4982 1926 5038 illis.

341 5077 550 5127 temere
579 5073 940 5130 constitutum
983 5083 1200 5144 tempus
1234 5072 1548 5142 inquirendi
1578 5089 1707 5129 suos
1723 5075 1920 5131 elabe-

338 5172 512 5229 retur,
548 5165 860 5240 incertique
877 5174 1168 5234 manerent
1200 5181 1305 5235 qua
1342 5181 1400 5222 se
1444 5181 1540 5234 spe
1586 5169 1916 5224 recreandos

339 5256 506 5329 586
548 5259 656 5320 illis
705 5260 1085 5332 amplcxandis
1139 5259 1498 5328 fruendisque
1539 5276 1638 5329 per
1667 5278 1786 5316 eam
1824 5263 1911 5316 in-

337 5345 674 5417 dulgentiam
706 5352 1133 5408 existimassem.
1187 5350 1510 5405 Circuibant
1545 5351 1760 5407 miserae
1793 5369 1914 5408 mu-

2027 4616 2173 4678 τινὸς
2213 4618 2532 4688 μετέχοντες
2569 4623 2625 4675 ἐν
2674 4623 2922 4694 ἀλλήλοις
2978 4631 3319 4698 ποιήσονται,
3369 4633 3497 4686 τότε
3547 4634 3617 4704 δὴ

2029 4709 2258 4778 φοϐερός
2287 4729 2371 4775 τις
2400 4712 2628 4782 ἠκούετο
2677 4718 2770 4770 καὶ
2798 4718 3119 4792 ταραχώδης
3150 4721 3349 4793 θρῆνος
3391 4727 3614 4782 πάντων

2027 4800 2101 4862 ὡς
2150 4803 2258 4855 ἀπὸ
2290 4806 2422 4873 μιᾶς
2451 4807 2635 4877 πηγῆς
2683 4809 2952 4877 ἀφιέντων
2999 4814 3125 4877 τοὺς
3181 4818 3447 4886 κρουνοὺς
3500 4820 3613 4873 τῶν

2025 4893 2295 4965 δακρύων,
2349 4894 2917 4970 καίθρυλουμένων,
2973 4905 3025 4958 εί
3090 4907 3192 4959 πού
3243 4925 3392 4973 τινος
3450 4911 3614 4962 εὐτυ-

2027 4991 2245 5061 χήσοιεν
2269 4992 2313 5024 ⁸⁸
2339 4993 2446 5045 τῶν
2473 4994 2765 5061 φιλτάτων,
2800 4998 2892 5049 καὶ
2920 4998 2996 5067 μὴ
3022 4998 3161 5071 λάθῃ
3193 5001 3541 5070 παρελθοῦσα
3571 5005 3608 5073 ἡ

2030 5083 2338 5156 προθεσμία
2363 5087 2464 5155 τῆς
2493 5089 2833 5158 ἀνευρέσεως
2866 5091 2958 5144 καὶ⁸
2983 5093 3210 5160 μείωσιν
3234 5093 3277 5125 ⁸⁷
3309 5094 3398 5147 ἐπ’
3423 5096 3612 5152 οὐδενὶ

2025 5175 2228 5247 βεϐαίῳ
2273 5175 2368 5248 τὴν
2422 5180 2549 5250 περὶ
2599 5181 2796 5244 αὐτοὺς
2846 5182 3210 5254 ψυχαγωγίαν
3254 5187 3607 5251 ἐλπίσαντες.

2028 5269 2395 5340 Περιήρχοντο
2447 5271 2540 5324 οὖν
2562 5273 2606 5302 ⁸³
2663 5275 2788 5326 αίδ9
2839 5275 3120 5346 δυστυχεῖς
3171 5281 3450 5346 γυναῖκες,
3504 5283 3606 5345 τὰς

2025 5361 2200 5428 κόμας
2230 5362 2446 5431 ἔχουσαι
2479 5363 2800 5435 λελυμένας,
2846 5371 3120 5438 πανταχοῦ
3165 5373 3607 5442 napis-mmini.

1654 5467 1886 5525 γΑιιιΑς
1920 5471 2321 5532 LECTIONES.

405 5553 454 5588 ⁸⁸
474 5552 572 5620 ,τὸν
613 5555 879 5625 Ῥωμαῖον
912 5563 974 5614 Α.

1055 5562 1096 5598 ⁸³
1128 5562 1258 5633 ἡμῖν

341 5627 378 5660 ’⁵
410 5625 674 5696 εύτυχήσε
684 5643 725 5677 ιε
735 5648 757 5680 ν
797 5629 853 5682 Ρ.

935 5631 980 5663 ⁸⁷
1012 5631 1247 5701 μένωσιν
1278 5631 1338 5685 Ρ.

1428 5561 1471 5590 ω
1504 5578 1568 5633 πξ
1581 5563 1902 5633 ριρῥεόντων
1932 5569 1970 5619 Α
1982 5609 1994 5622 .

1417 5630 1460 5666 ⁸⁸
1486 5631 1612 5696 γοῦλ
1638 5630 1705 5685 λ.
1785 5635 1828 5667 ’⁵⁸³
1857 5640 1910 5689 αξ
1943 5655 2052 5693 om.
2095 5640 2150 5692 Ρ.

2097 5570 2142 5647 ξ³
2176 5571 2563 5644 πεπλησμένης
2589 5573 2643 5628 Ρ.
2743 5577 2786 5607 ⁸⁸
2806 5577 2871 5630 δι’
2900 5582 3078 5633 ἐκεῖνα
3110 5579 3169 5633 Ρ.
3250 5582 3295 5618 ⁸⁵
3327 5582 3498 5647 οὕτως
3521 5582 3591 5638 Α.
