3962 6200
308 361 405 424 625

1392 375 1490 436 DE
1523 374 1837 440 EXCIDIO
1868 382 2476 451 THESSALONICE.

3470 394 3574 458 823

307 475 395 528 καὶ
438 473 764 547 διαϐρόχους
809 476 935 541 τοὺς
977 478 1293 552 ὀφθαλμοὺς
1336 488 1723 558 περιάγουσαι,
1777 493 1870 546 τίνι

1980 493 2167 564 lieres,
2198 501 2411 570 capillis
2438 501 2745 569 dissolutis,
2775 518 3220 574 quaquaversum
3240 503 3573 579 circumspi-

305 563 409 618 τῶν
462 565 670 620 τέκνων
719 567 938 639 πρῶτον
988 573 1311 645 ἐντύχωσιν.
1367 579 1428 632 Ol
1467 579 1526 634 δὲ
1573 580 1636 652 δὴ
1668 581 1878 651 παῖδες,

305 659 414 712 ὅσοι
439 657 509 710 τὰ
536 657 689 712 δεινά
716 659 816 731 τῆς
841 660 1118 735 θαλάσσης
1149 664 1428 737 διέφυγον,
1452 670 1711 746 καθάπερ
1733 676 1881 742 τινὲς

308 750 498 804 ἁπαλοὶ
532 751 723 822 μόσχοι
752 753 947 826 γοερὸν
970 756 1016 788 ⁸⁸
1054 758 1335 827 μυκῶνται
1372 763 1472 835 τῆς
1505 764 1677 838 θηλῆς
1711 769 1881 839 ἀφαι-

309 843 579 912 ρούμενοι,
611 843 754 899 οὕτω
782 844 847 913 δὴ
877 848 971 901 καὶ
1000 841 1147 904 οὗτοι
1182 851 1416 908 ἐλεεινόν
1455 874 1508 910 τι
1536 859 1633 912 καὶ
1663 878 1884 932 συμπα-

303 932 389 997 θέξ
420 934 877 1022 ἐκλαυθμύριζον,
911 938 1072 1006 ἄλλος
1109 943 1229 998 κατ’
1262 944 1390 1002 ἄλλο
1430 947 1597 1020 μέρος
1640 952 1738 1022 τῆς
1766 954 1881 1007 δια-

307 1024 510 1096 σπορᾶς
557 1018 778 1101 ἐκείνης
811 1033 1095 1104 γενόμενοι
1134 1037 1228 1090 καὶ
1262 1037 1361 1102 τὰς
1395 1018 1640 1115 μητέρας
1671 1018 1879 1101 ἀνακαο

184 1114 196 1129 ⁸
302 1116 583 1188 λούμενοι·
634 1116 717 1186 οἷς
780 1125 876 1179 καὶ
944 1130 1442 1199 περιτυγχάνουσαι
1504 1114 1766 1202 πολλάκις
1823 1141 1877 1192 αἱ

301 1209 531 1266 δείλαιαι
566 1213 806 1284 μητέρες
845 1216 946 1288 τὴν
990 1221 1230 1290 φυσικὴν
1258 1224 1538 1280 ἐκένουνἰ
1575 1228 1663 1282 ἐπ’
1694 1232 1879 1294 αὐτοῖς

302 1302 667 1373 συμπάθειαν,
703 1307 1172 1382 περιπλεκόμεναι
1195 1317 1309 1378 τοῖς
1330 1316 1524 1387 αὐχέσι
1561 1320 1656 1374 καὶ
1698 1322 1876 1375 πάντα

300 1393 482 1447 αὐτῶν
514 1397 917 1467 καταφιλοῦσαι
951 1401 1019 1455 τὰ
1059 1403 1194 1476 μέλη
1226 1406 1323 1460 καὶ
1366 1406 1598 1481 δάκρυσι
1640 1412 1876 1467 πλύνου-

299 1500 409 1549 σαι,
451 1485 609 1540 τοῦτο
641 1489 803 1558 μόνον
841 1490 1146 1564 ἡγούμεναι
1179 1496 1320 1566 μέγα
1344 1517 1393 1553 τι
1432 1502 1526 1553 καὶ
1560 1502 1876 1575 θαυμαστὸν

295 1574 371 1640 ὡς
405 1578 464 1669 ἐν
489 1576 685 1643 δεινοῖς
726 1583 1102 1656 παρηγόρημα
1143 1589 1203 1641 τὸ
1242 1590 1374 1661 παρ’
1405 1593 1597 1648 ἐλπίδα
1632 1574 1874 1669 σωθῆναι

297 1668 393 1722 καὶ
425 1667 635 1734 ζῶντας
659 1673 855 1738 αὐταῖς
882 1677 975 1730 καὶ
1001 1673 1159 1742 αὖθις
1198 1682 1325 1745 τοὺς
1350 1684 1640 1752 φιλτάτους
1675 1667 1873 1745 ἀποδο-

296 1762 482 1833 θῆναι.
528 1764 693 1825 Ἀλλὰ
722 1769 896 1822 ταῦτα
926 1770 1027 1841 μὲν
1057 1774 1151 1826 ἐπὶ
1169 1777 1291 1840 ταῖς
1317 1777 1573 1848 ἐχούσαις
1600 1784 1657 1836 ἐν
1682 1788 1872 1856 χερσὶν

295 1854 395 1925 ἥδη
422 1856 550 1920 τοὺς
575 1857 773 1924 παῖδας
811 1862 903 1914 καὶ
944 1863 1007 1916 τὸ
1040 1865 1162 1919 κατ’
1188 1866 1386 1933 αὐτοὺς
1415 1874 1656 1942 ἀσφαλὲς
1686 1854 1758 1931 ἐκή
1776 1879 1874 1952 τῆς

294 1948 494 2019 πείρας
517 1948 1122 2045 αύτῆςῌγνωριζούσαις
1140 1976 1154 1990 ’
1186 1961 1303 2016 τίδ’
1331 1962 1398 2018 ἂν
1438 1966 1649 2038 εἴποιμι
1673 1970 1719 2002 ⁸¹
1744 1948 1874 2045 περὶ

290 2039 403 2094 τῶν
447 2039 646 2132 ἄλλων,
676 2036 751 2098 ὧν
784 2047 907 2101 καθ’
940 2036 1150 2106 ὑδάτων
1183 2053 1253 2110 τά
1297 2058 1475 2132 βρέφη
1505 2036 1726 2116 διόλωλε
1774 2036 1874 2120 καὶ

290 2132 491 2205 ἄδηλον
518 2129 588 2208 ἦν
646 2137 836 2205 αὑταῖς
872 2141 960 2196 ’τδ
1019 2145 1256 2214 συμϐὰν,
1309 2129 1427 2215 πῶς
1463 2129 1873 2226 ’διεσπάραττον

448 2229 708 2321 χιτῶνας,
731 2231 822 2287 τὸν
841 2233 988 2290 ἔνδον
1008 2238 1109 2308 τῆς
1141 2240 1368 2312 καρδίας
1399 2245 1474 2317 μὴ
1504 2247 1872 2321 ὑπομένουσαι

413 2320 544 2395 376]
574 2323 858 2417 κλύδωνας
885 2327 1005 2392 πῶς
1023 2333 1123 2386 ούκ
1150 2333 1339 2406 ἤθελον
1364 2317 1625 2412 μηδαμού
1655 2345 1870 2417 στῆναι,

288 2411 429 2507 ἀλλὰ
463 2415 793 2507 περιήγοντο
819 2422 1119 2494 φερόμεναι
1150 2425 1329 2499 μάτην
1367 2428 1471 2483 ὑπὸ
1520 2411 1621 2505 τῆς
1673 2411 1869 2507 ἀλόγου

287 2501 384 2557 τοῦ
415 2504 625 2572 πάθους
659 2509 855 2581 όρμῆς.
902 2512 1032 2584 τῇδε
1064 2515 1287 2571 κάκεῖσε
1332 2520 1402 2574 τὰ
1445 2501 1670 2593 ὄμματα
1712 2501 1872 2601 περι-

290 2596 649 2669 στρέφουσαι,
678 2603 734 2656 εῐ
773 2603 876 2658 πού
916 2623 1040 2660 τινα
1070 2607 1178 2663 τῶν
1211 2611 1564 2687 ποθουμένων
1594 2619 1873 2678 θεάσοιντο

285 2689 322 2761 ἦ
355 2706 502 2755 τινος
535 2695 665 2766 περὶ
701 2696 884 2751 αὐτῶν
918 2699 1169 2771 ἀκριϐῶς
1202 2702 1405 2770 ἰδόντος
1435 2708 1777 2783 ἀκούσοιντο,
1803 2716 1868 2771 ἶν’

285 2781 487 2876 ἐκεινῳ
524 2785 586 2839 τὸ
614 2788 714 2859 τῆς
760 2789 940 2864 ψυχῆς
987 2794 1321 2867 φλεγμαῖνον
1363 2803 1622 2859 κενώσειε
1641 2808 1717 2876 ⁸³;
1763 2781 1873 2865 Καὶ

283 2872 466 2930 ταῦτα
499 2877 599 2948 μὲν
628 2880 898 2952 ἔπραττον
931 2887 1024 2939 ἐπὶ
1050 2888 1173 2943 δυσὶ
1216 2891 1478 2961 πολλάκις
1502 2898 1535 2968 ἢ
1562 2900 1656 2953 καὶ
1692 2904 1872 2974 τρισὶν

284 2965 677 3062 ή³μέραις,ἓως
705 2972 876 3029 πολλὰ
908 2981 1216 3049 καμούσαις
1254 2984 1401 3040 ἄλλοι
1432 2964 1574 3056 me;
1602 2992 1710 3048 τῶν
1727 2964 1872 3062 ’γνω-

284 3057 471 3156 ρίμων
510 3061 739 3156 τδπερὶ
784 3066 894 3120 τῶν
948 3068 1301 3142 ζητουμένων
1343 3079 1618 3150 ἐδήλωσαν
1673 3057 1868 3156 πέρας,

281 3148 449 3221 λιμοῦ
484 3153 745 3220 πολλάκις
775 3157 807 3230 ἢ
839 3158 1000 3263 δέφης
1027 3163 1189 3233 ἔργον
1207 3169 1334 3233 τοὺς
1363 3148 1650 3238 φιλτάτους
1682 3148 1864 3232 αὐτῶν
1891 3205 1934 3263 c

280 3243 725 3336 γεγενημένους·
775 3248 835 3314 ἐξ
869 3243 930 3303 οὗ
975 3252 1039 3325 δὴ
1067 3255 1162 3309 καὶ
1208 3260 1410 3327 μᾶλλον
1452 3262 1513 3316 τὺ
1548 3265 1721 3331 πάθος
1779 3270 1865 3336 t5-

281 3332 696 3423 αγριαίνουσαι,
719 3344 1106 3415 γεγωνοτέροις
1136 3346 1357 3421 θρήνοις
1383 3355 1474 3409 καὶ
1492 3356 1672 3423 ἄλλοις
1692 3332 1869 3415 θλιϐε-

282 3422 399 3518 ρῶν
426 3424 595 3518 εἴδεσι
639 3431 765 3496 τοὺς
799 3434 1199 3508 ἀποιχομένους
1241 3444 1652 3518 ἐφιλοφρόνουν.
1703 3448 1870 3510 ’Δλλά

279 3516 334 3617 τί
570 3521 670 3617 την
702 3523 797 3617 ἐπὶ
834 3526 1049 3595 τούτοις
1085 3533 1354 3617 ἐπιχειρῶ
1376 3516 1720 3617 συγγραφὴν,
1745 3534 1868 3603 ούδὲ

276 3606 341 3660 τδ
378 3609 672 3667 πολλοστὸν
704 3616 872 3689 μέρος
892 3620 1002 3676 τῶν
1026 3610 1148 3679 τότε
1171 3606 1582 3703 πεπραγμένων
1602 3606 1795 3696 ’ἱκανὸν
1821 3642 1867 3675 ⁸⁸

277 3703 782 3775 παραστήσασθαις
831 3710 1072 3770 Ἐκεῖνον
1102 3714 1212 3789 γάρ
1240 3721 1403 3775 αὑτὸν
1425 3724 1471 3758 ⁸⁵
1521 3726 1629 3782 ἔδει
1672 3735 1865 3803 παρεῖ-

275 3809 373 3848 ναι
404 3794 500 3897 τδν
520 3798 648 3897 τοὺ-ς
675 3800 910 3874 θρήνους
940 3806 1041 3878 τῆς
1087 3809 1445 3888 Ἰερουσαλὴμ
1472 3794 1868 3897 ἀναγραφόμε-

277 3904 374 3944 νον
414 3887 716 3987 Ἰερεμίαν,
749 3897 818 3951 ἵν’
844 3899 1030 3973 ἐπαφῇ
1060 3902 1294 3976 δάκρυον
1323 3887 1870 3987 ἀπαρηγόρητονέπὶ

272 3982 545 4038 τοσοῦτον
578 3984 709 4042 λαὸν
729 3992 1023 4059 τοσαύταις
1063 3996 1324 4070 ἀλγηδόσι
1362 3982 1866 4080 κατατρυχόμενον.

274 4074 357 4174 (ξύ
393 4076 696 4174 γάρᾉοῦτω
739 4085 927 4158 φωνὴν
972 4084 1156 4161 ἀφῆκε
1201 4091 1402 4166 Ῥαχὴλ
1442 4097 1502 4151 ἐν
1539 4074 1737 4174 δράμᾷ,
1778 4104 1869 4158 ὅτε

269 4168 381 4241 την
441 4172 706 4244 στέρησιν
759 4175 869 4230 τῶν
923 4180 1134 4237 τέκνων
1200 4168 1652 4261 ἀπωλοφύρετο,
1685 4168 1870 4263 καθώς

270 4276 450 4354 φησιν
481 4263 514 4333 ἡ
543 4263 757 4338 Γραφὴ,
781 4265 912 4342 ὡςὴ
943 4271 1132 4336 κοιλὰς
1162 4272 1344 4350 ἐκείνη
1378 4280 1502 4334 καθ’
1532 4282 1599 4354 ἣν
1632 4285 1869 4341 ἐτελεῖτο

264 4352 476 4423 ταῦτα,
498 4356 598 4424 τὰς
628 4358 931 4432 ἀλγηδόνας
957 4362 1069 4419 τῶν
1110 4366 1350 4425 ἁλόντων
1394 4380 1865 4437 συνεπιτείνουσα.

1992 589 2222 658 cientes,
2246 601 2302 647 et
2325 592 2563 664 irriguos
2588 592 2847 665 lacrymis
2880 595 3069 650 oculos
3094 596 3571 668 circumferentes,

1988 680 2037 736 si
2078 698 2240 752 quem
2282 684 2522 754 primum
2578 683 2819 740 ﬁliorum
2851 686 3231 757 oﬂ‘enderent;
3276 688 3375 744 lilii
3414 706 3569 756 vero,

1988 772 2141 829 velut
2189 775 2374 830 tenelli
2426 776 2584 832 vituli
2617 777 2892 833 subducto
2932 779 3002 835 iis
3035 779 3178 835 lacte
3207 798 3273 837 ac
3302 783 3574 840 uberibus

1987 864 2228 921 ﬂebilem
2260 868 2433 923 edunt
2463 870 2751 940 gemitum,
2778 871 2858 926 sic
2880 880 2936 927 et
2964 874 3039 929 illi
3066 873 3381 929 miserabile
3410 874 3574 945 quid-

1986 956 2132 1026 piam
2182 973 2247 1013 ac
2293 957 2593 1013 miserandi
2645 975 2882 1030 pronum
2930 964 3131 1020 atfectu
3185 965 3474 1036 vagiebant
3509 982 3574 1022 ac

1988 1048 2289 1119 ejulabant,
2317 1050 2458 1105 alius
2487 1052 2593 1106 alia
2625 1057 2679 1106 in
2711 1062 2867 1123 parte
2892 1054 3254 1125 dispersionis
3290 1057 3438 1113 illius
3477 1074 3572 1128 pa-

1986 1138 2162 1194 lantes
2189 1155 2252 1195 ac
2293 1151 2497 1197 matres
2533 1128 2910 1213 appellantes;
2944 1146 3000 1200 in
3035 1164 3171 1218 quos
3196 1150 3571 1221 etdeplorata:

1986 1229 2092 1285 illae
2124 1232 2269 1287 haud
2308 1250 2432 1290 raro
2479 1234 2810 1304 incidentes,
2843 1240 3080 1295 naturali
3112 1241 3168 1297 in
3207 1256 3303 1297 eos
3343 1242 3572 1297 misera-

1986 1323 2137 1380 tione
2205 1329 2496 1384 commotis
2555 1330 2901 1398 visceribus,
2976 1328 3226 1390 cervices
3281 1334 3565 1405 amplecti,

1983 1417 2169 1472 omnia
2200 1418 2418 1474 illorum
2448 1421 2693 1478 membra
2720 1426 3053 1492 exosculari,
3088 1427 3266 1498 rigare
3286 1428 3567 1501 lacrymis.

1985 1507 2177 1579 ingens
2201 1511 2334 1567 illud
2370 1513 2627 1570 solatium
2657 1532 2938 1589 unumque
2970 1514 3356 1575 admirandum
3394 1521 3567 1575 malo-

1984 1618 2107 1657 rum
2130 1601 2222 1658 illa
2252 1606 2591 1664 immanitate
2614 1610 3014 1675 existimantes,
3046 1624 3246 1682 praeter
3277 1629 3425 1684 spem
3451 1629 3570 1669 ser-

1981 1704 2104 1750 vata
2133 1696 2419 1769 adhucque
2459 1701 2568 1757 vita
2601 1704 2805 1774 sospite
2856 1705 3180 1760 charissima
3218 1706 3299 1760 eis
3338 1707 3567 1777 pignora

1982 1788 2199 1845 reddita
2222 1807 2363 1847 esse.
2405 1792 2472 1848 Et
2502 1794 2619 1850 haec
2657 1796 2882 1866 quidem
2915 1795 2983 1851 de
3016 1797 3123 1852 illis
3147 1798 3397 1869 qumjam
3426 1798 3567 1854 ﬁlios

1902 1859 1950 1919 Β
1979 1878 2033 1933 in
2084 1882 2342 1939 manibus
2378 1859 2894 1959 habebant-resque
2941 1859 3253 1944 illorum-in
3285 1859 3419 1945 ἰιιιο
3444 1907 3566 1948 esse

1976 1974 2360 2043 experimento
2393 1975 2726 2033 didicerant.
2760 1978 2902 2046 Quid
2943 1997 3075 2035 vero
3105 1981 3172 2037 de
3204 1980 3328 2037 aliis
3360 1983 3563 2049 dicam,

1976 2074 2211 2131 quorum
2242 2063 2495 2120 infantuli
2528 2066 2582 2121 in
2620 2069 2779 2139 aquis
2812 2069 3115 2139 perierant,
3148 2079 3204 2125 et
3234 2076 3424 2126 eorum
3449 2073 3566 2127 exi-

1974 2160 2065 2207 tus
2090 2154 2337 2209 latebat?
2374 2159 2656 2226 quomodo
2710 2161 2924 2216 tunicas
2965 2161 3355 2233 discerpebant
3383 2205 3397 2229 ,
3436 2179 3562 2219 cum

1975 2246 2232 2302 intimum
2288 2249 2472 2304 cordis
2520 2253 2797 2307 turbinem
2842 2270 2952 2309 non
2994 2257 3371 2313 sustinerent?
3421 2275 3563 2328 quo-

1974 2337 2141 2395 modo
2185 2340 2339 2395 nullo
2384 2342 2506 2397 loco
2542 2344 2852 2400 subsistere
2905 2344 3179 2413 ferebant,
3219 2347 3315 2403 sed
3358 2347 3561 2406 frustra

1974 2430 2078 2486 hac
2116 2431 2353 2503 illacque
2386 2436 2575 2489 vesani
2607 2436 2837 2492 aﬂ'eetus
2860 2437 3067 2509 impetu
3095 2439 3560 2512 circumageban-

1976 2530 2087 2588 tur,
2127 2523 2182 2579 in
2216 2540 2436 2580 omnem
2460 2536 2672 2596 partem
2704 2530 2895 2586 oculos
2926 2530 3559 2602 distorquentes,sicubi

1975 2618 2577 2701 desideratissimorum‘
2603 2623 2845 2695 aliquem
2885 2625 3076 2681 videre
3108 2626 3327 2696 liceret,
3372 2637 3467 2683 aut
3491 2644 3560 2684 ex

1976 2712 2163 2783 aliquo
2207 2714 2301 2784 qui
2338 2724 2495 2770 certo
2519 2715 2687 2771 sciret
2727 2717 3071 2791 vidissetque
3129 2721 3360 2786 audire,
3402 2730 3463 2777 ut
3491 2737 3560 2778 eo

1976 2805 2173 2861 solatio
2200 2806 2369 2861 animi
2408 2806 2569 2879 537
2597 2819 2790 2865 aestum
2833 2811 3074 2868 leniret?
3097 2810 3166 2869 Et
3191 2807 3307 2870 haec
3341 2824 3400 2870 ut
3431 2815 3559 2887 plu-

1976 2895 2178 2950 rimum
2240 2912 2341 2966 per
2400 2897 2540 2953 duos
2593 2907 2691 2955 aut
2750 2902 2863 2956 tres
2906 2900 3027 2959 dies
3077 2904 3334 2975 agebant,
3381 2905 3560 2961 donec

1974 2989 2151 3042 multo
2182 2987 2415 3044 defessis
2443 2989 2652 3057 labore,
2699 2992 2792 3046 alii
2841 2994 3063 3064 quidam
3120 3012 3188 3052 ex
3238 2998 3403 3063 notis,
3447 3014 3560 3068 quo

1975 3079 2280 3135 evasissent
2336 3080 2431 3150 qui
2475 3082 2890 3151 qumrebantur,
2923 3084 3191 3141 certiores
3228 3086 3555 3155 reddebant,

1974 3172 2117 3227 fame
2163 3171 2374 3227 scilicet
2403 3180 2499 3227 aut
2543 3173 2633 3227 siti
2667 3173 2986 3232 dulcissima
3014 3179 3194 3249 capita
3228 3181 3557 3253 plerumque

1972 3274 2167 3319 enecta
2192 3278 2333 3319 esse.
2367 3262 2548 3330 Quare
2576 3266 2741 3320 etiam
2771 3265 2874 3320 illae
2901 3268 3093 3340 majori
3124 3268 3311 3326 dolore
3333 3287 3558 3343 exaspe-

1972 3366 2105 3412 rata:
2144 3356 2570 3413 clamosioribus
2597 3358 2856 3415 lamentis
2893 3360 3127 3431 aliisque
3163 3362 3556 3421 discruciatio-

1971 3467 2104 3505 num
2134 3452 2433 3524 generibus
2471 3450 2762 3507 defunctos
2799 3454 3166 3525 accipiebant.
3211 3454 3352 3523 Quid
3377 3458 3557 3513 enim-

1971 3558 2104 3599 vero
2125 3544 2214 3599 his
2239 3544 2449 3615 scripto
2478 3544 2808 3600 enarrandis
2835 3545 3041 3602 frustra
3074 3547 3287 3612 laboro,
3319 3549 3414 3620 qui
3453 3566 3558 3609 nec

1972 3634 2257 3690 minimam
2310 3634 2530 3689 illorum
2560 3643 2772 3704 partem
2805 3651 2928 3706 qua:
2956 3645 3089 3692 tunc
3125 3649 3277 3708 gesta
3308 3646 3437 3694 sunt
3464 3655 3555 3695 re-

1971 3739 2305 3799 praesentare
2338 3727 2647 3783 suﬂiciam?
2678 3727 2894 3784 Etenim
2921 3729 3115 3787 adesse
3138 3747 3237 3801 par
3268 3743 3433 3798 esset,
3459 3730 3555 3805 qui

1972 3821 2350 3892 Hierosolyma
2377 3819 2760 3891 deplangendo
2790 3819 3042 3877 Threnos
3069 3822 3421 3894 conscripsit,
3465 3839 3555 3878 sa-

1971 3912 2339 3967 cratissimum
2363 3909 2683 3971 Jeremiam.
2710 3926 2821 3981 quo
2845 3913 3076 3977 scilicet,
3107 3913 3162 3969 in
3186 3922 3336 3969 tanto
3350 3915 3557 3985 populo

1972 4003 2141 4059 tantis
2167 4000 2454 4057 doloribus
2494 4002 2762 4071 malisque
2795 4017 3059 4073 Oppresso
3079 4045 3093 4068 ,
3129 4003 3556 4061 inconsolabiles

1970 4094 2240 4166 laerymas
2281 4091 2561 4147 funderet.
2610 4091 2800 4162 Neque
2830 4093 2978 4147 enim
3010 4091 3216 4148 Rachel
3244 4094 3325 4149 sic
3361 4110 3554 4152 vocem

1972 4189 2028 4245 in
2082 4188 2294 4242 Rbama
2339 4185 2544 4250 emisit,
2580 4200 2704 4240 cum
2739 4184 2985 4242 sublatos
3031 4185 3172 4243 filios
3217 4186 3552 4258 deploraret,

1969 4289 2030 4338 ut
2053 4280 2253 4336 divinae
2296 4278 2520 4334 tradunt
2568 4277 2790 4332 Littera:
2817 4281 2856 4342 τ,
2887 4277 3352 4349 quemadmodum
3396 4278 3554 4334 vallis

1969 4372 2083 4438 ilia,
2126 4373 2180 4427 in
2211 4388 2320 4444 qua
2380 4371 2496 4427 haec
2519 4368 2888 4443 agitabantur,
2936 4371 3279 4442 captivorum
3332 4371 3554 4428 dolores

1970 4464 2224 4534 malaque
2259 4463 2523 4518 auetavit.

341 4534 444 4607 οβ’.
483 4532 611 4594 Οἷον
641 4542 749 4615 γὰρ
794 4543 958 4601 πάλιν
992 4546 1102 4602 ἀπὸ
1133 4547 1340 4606 τούτων
1380 4554 1531 4625 παρᾶ
1566 4556 1675 4612 τῶν
1703 4577 1858 4631 μισο-

2035 4532 2150 4611 72ξ
2177 4555 2347 4622 Quale
2389 4569 2522 4610 vero
2565 4555 2723 4623 tunc‘,
2746 4569 2942 4610 rursus
2982 4554 3051 4609 ab
3106 4555 3291 4626 impiis
3346 4555 3552 4625 Deique

265 4628 416 4684 θέων
438 4632 690 4708 ἐπράχθη
725 4639 894 4694 κακόν
919 4640 932 4694 !
967 4640 1127 4696 Καθά
1155 4642 1266 4714 γὰρ
1300 4645 1600 4717 φθάσαντες
1629 4628 1861 4726 ἔφημεν,

265 4722 662 4796 λογισαμένων
691 4728 873 4787 αὐτῶν
910 4734 1130 4805 πρῶτον
1160 4735 1236 4801 ὡς
1265 4739 1314 4792 εἰ
1357 4740 1499 4795 κατὰ
1541 4746 1863 4814 συγγένειαν

265 4817 416 4890 πρὸς
442 4819 710 4893 ἀλλήλους
732 4825 781 4877 οἱ
809 4824 906 4880 τοῦ
925 4826 1165 4899 πλήθους
1192 4830 1535 4904 ἀναμιχθῶσι
1551 4837 1661 4892 τῶν
1689 4840 1863 4911 αἰχμ-

263 4911 526 4979 αλώτων,
584 4915 677 4970 καὶ
722 4917 834 4973 τῶν
890 4920 1099 4975 πολλῶν
1139 4923 1342 4981 ὀδυνῶν
1395 4929 1719 5000 παύσονται,
1768 4937 1865 4990 καὶ

263 5003 413 5073 πρὸς
434 5004 537 5098 την
562 5005 810 5098 δουλείαν
852 5011 1013 5084 ἡνίκα
1044 5014 1113 5069 ἂν
1150 5017 1436 5085 ἐκδοθῶσι,
1482 5024 1724 5098 φορητὴν
1760 5028 1861 5080 αύ-

258 5098 389 5159 τοῖς
445 5092 589 5152 εἶναι
644 5097 721 5166 ὡς
776 5104 836 5157 ἐν
889 5109 1079 5172 κακοῖς
1128 5109 1230 5181 τὴν
1262 5113 1549 5185 ἐπήρειαν,
1600 5118 1675 5182 ὠς
1721 5115 1865 5175 εἶδον

259 5185 475 5251 αὐτοὺς
532 5188 655 5254 ταῖς
710 5191 1052 5264 ἀγχιστεῖαις
1105 5199 1736 5277 ὲπισυναλλαττομένους
1768 5213 1862 5267 καὶ

258 5277 532 5352 καθάπερ
572 5283 761 5354 σειρὰν
786 5285 981 5343 ἄλυτον
1007 5290 1194 5364 ἕτερον
1236 5294 1493 5366 ἐχόμενον
1522 5298 1616 5353 τοῦ
1644 5301 1858 5375 ἐτέρου,

251 5371 364 5426 τόν
412 5390 472 5439 τε
531 5378 814 5449 χωρισμὸν
850 5379 1239 5457 δυσδιαίρετον,
1293 5390 1431 5446 καθὸ
1480 5390 1706 5465 ἔμελλον
1738 5371 1862 5461 ⁷τὰς

256 5466 506 5537 μερίδας
529 5470 661 5538 μιᾶς
693 5472 932 5545 ἑκάστης
960 5476 1086 5547 νηὸς
1116 5479 1430 5553 ἀπονεῖμαι,
1466 5485 1861 5542 ἐϐουλεύσαντο

344 5583 367 5620 ⁸
395 5579 602 5641 Jerem.
630 5602 714 5656 Ill,
734 5587 825 5645 2|.

1969 4649 2227 4705 osoribus
2273 4656 2552 4718 patratum
2580 4655 2665 4702 est
2707 4647 2952 4701 malum?
2986 4646 3054 4702 Ut
3079 4647 3224 4701 enim
3261 4647 3370 4719 jam
3407 4644 3550 4700 dixi-

1970 4756 2115 4806 mus,
2171 4754 2298 4795 cum
2356 4739 2466 4794 illis
2515 4740 2756 4810 primum
2808 4739 2866 4793 in
2916 4748 3155 4793 mentem
3197 4741 3460 4805 venisset,
3505 4737 3551 4794 si

1969 4832 2135 4888 modo
2177 4830 2400 4901 captivi,
2435 4846 2543 4901 qua
2582 4831 2990 4886 necessitudine
3025 4831 3118 4886 alii
3153 4832 3291 4887 alios
3328 4830 3550 4887 contin-

1967 4930 2158 4997 gerent
2197 4921 2496 4993 ailinesque
2525 4929 2731 4989 essent,
2750 4922 2965 4977 confusi
3002 4923 3387 4987 miscerentur,
3433 4922 3551 4978 fore

1972 5023 2034 5071 ut
2088 5014 2261 5070 multa
2309 5012 2560 5068 dolorum
2611 5022 2766 5084 parte
2814 5013 3134 5070 levarentur
3188 5029 3254 5069 ae
3309 5014 3550 5069 servitu-

1972 5119 2101 5173 tem,
2133 5114 2423 5179 postquam
2457 5104 2663 5161 addicti
2693 5115 2899 5173 essent,
2932 5116 2992 5162 ut
3031 5108 3085 5162 in
3125 5107 3396 5162 malorum
3426 5122 3553 5176 pro-

1968 5202 2127 5263 cella.
2163 5196 2360 5267 quovis
2401 5195 2566 5251 modo
2602 5195 2946 5251 tolerabilem
2982 5196 3286 5259 ducerent,
3334 5205 3393 5251 ut
3427 5196 3552 5251 illos

1967 5307 2136 5365 penes
2176 5289 2412 5345 familias
2452 5286 2991 5358 necessitudinisque
3016 5288 3142 5359 jure
3172 5286 3460 5343 devinctos
3487 5301 3553 5342 ac

1970 5382 2314 5444 consociatos
2360 5380 2525 5450 inque
2568 5394 2779 5435 morem
2826 5379 3140 5436 insolubilis
3173 5388 3379 5436 catenae
3411 5379 3549 5436 alte-

1969 5496 2090 5535 rum
2123 5474 2282 5533 alteri
2320 5473 2658 5530 cohaerentes
2701 5471 2869 5543 588
2914 5471 2984 5528 ab
3014 5471 3249 5529 invicem
3278 5486 3420 5546 (egre
3459 5470 3548 5528 di-

1568 5662 1808 5722 VARI/IS
1837 5659 2245 5719 LECTIUNES.

334 5768 397 5804 ⁸⁸
422 5788 513 5843 γοε
524 5774 629 5843 ραΐλς
653 5775 712 5830 Ρ.

421 5776 629 5894 ὗοεραῦς
653 5776 712 5830 Ρ.
816 5779 858 5809 ⁸⁸
886 5776 1099 5835 ἐκίνουν
1130 5778 1173 5836 Α
1195 5788 1247 5837 et
1274 5780 1624 5853 interpretes.

244 5858 386 5898 om.
421 5858 479 5896 I'.

1733 5782 1779 5815 "
1798 5781 2053 5852 εἴποιμεν
2082 5775 2147 5832 Α.

2259 5780 2306 5818 ⁸³
2336 5777 2673 5859 κενώσειανῖ
2775 5779 2822 5814 ³⁸
2850 5778 3036 5846 ἱκανὸς
3087 5780 3162 5837 ὢν
3188 5783 3210 5836 ἲ
3306 5782 3352 5815 ³⁸
3380 5778 3542 5834 αὐτὸν
