  <div class='ocr_page' id='page_1' title='image "/cluster/home/n/w/nwhite01/storage/ocr_20150623/109/hvd.32044073502312/333.png"; bbox 0 0 3962 6200; ppageno 0'>
   <div class='ocr_carea' id='block_1_1' title="bbox 409 345 516 407">
    <p class='ocr_par' dir='ltr' id='par_1_1' title="bbox 409 345 516 407">
     <span class='ocr_line' id='line_1_1' title="bbox 409 345 516 407; baseline 0.019 -2"><span class='ocrx_word' id='word_1_1' title='bbox 409 345 516 407; x_wconf 70' lang='lat'><strong>£27</strong></span> 
     </span>
    </p>
   </div>
   <div class='ocr_carea' id='block_1_2' title="bbox 1636 350 2457 413">
    <p class='ocr_par' dir='ltr' id='par_1_2' title="bbox 1636 350 2457 413">
     <span class='ocr_line' id='line_1_2' title="bbox 1636 350 2457 413; baseline 0.001 -3"><span class='ocrx_word' id='word_1_2' title='bbox 1636 350 1978 410; x_wconf 74' lang='lat' dir='ltr'><strong>JOANNES</strong></span> <span class='ocrx_word' id='word_1_3' title='bbox 2016 351 2457 413; x_wconf 77' lang='lat' dir='ltr'><strong>CAMENIATA</strong></span> 
     </span>
    </p>
   </div>
   <div class='ocr_carea' id='block_1_3' title="bbox 3583 352 3691 415">
    <p class='ocr_par' dir='ltr' id='par_1_3' title="bbox 3583 352 3691 415">
     <span class='ocr_line' id='line_1_3' title="bbox 3583 352 3691 415; baseline 0 0"><span class='ocrx_word' id='word_1_4' title='bbox 3583 352 3691 415; x_wconf 71' lang='lat'><strong>628</strong></span> 
     </span>
    </p>
   </div>
   <div class='ocr_carea' id='block_1_4' title="bbox 410 458 1982 533">
    <p class='ocr_par' dir='ltr' id='par_1_4' title="bbox 410 458 1982 531">
     <span class='ocr_line' id='line_1_4' title="bbox 410 458 1982 531; baseline 0.001 -19"><span class='ocrx_word' id='word_1_5' title='bbox 410 459 523 513; x_wconf 81' lang='lat' dir='ltr'><strong>vidi</strong></span> <span class='ocrx_word' id='word_1_6' title='bbox 564 458 839 529; x_wconf 77' lang='lat' dir='ltr'><strong>patientes</strong></span> <span class='ocrx_word' id='word_1_7' title='bbox 870 460 1080 523; x_wconf 85' lang='lat' dir='ltr'><strong>videre,</strong></span> <span class='ocrx_word' id='word_1_8' title='bbox 1117 459 1248 512; x_wconf 89' lang='lat' dir='ltr'><strong>dum</strong></span> <span class='ocrx_word' id='word_1_9' title='bbox 1280 459 1514 530; x_wconf 88' lang='lat' dir='ltr'><strong>singulis</strong></span> <span class='ocrx_word' id='word_1_10' title='bbox 1549 461 1784 516; x_wconf 82' lang='lat' dir='ltr'><strong>navibus</strong></span> <span class='ocrx_word' id='word_1_11' title='bbox 1818 470 1982 531; x_wconf 81' lang='lat' dir='ltr'><strong>parte:</strong></span> 
     </span>
    </p>
   </div>
   <div class='ocr_carea' id='block_1_5' title="bbox 2088 458 3688 533">
    <p class='ocr_par' dir='ltr' id='par_1_5' title="bbox 2108 461 3688 533">
     <span class='ocr_line' id='line_1_5' title="bbox 2108 461 3688 533; baseline 0.003 -20"><span class='ocrx_word' id='word_1_12' title='bbox 2108 461 2270 517; x_wconf 81' lang='grc' dir='ltr'>πάλιν</span> <span class='ocrx_word' id='word_1_13' title='bbox 2320 462 2513 533; x_wconf 74' lang='grc' dir='ltr'>βουλὴν</span> <span class='ocrx_word' id='word_1_14' title='bbox 2571 462 2817 533; x_wconf 77' lang='grc' dir='ltr'>πονηράν</span> <span class='ocrx_word' id='word_1_15' title='bbox 2852 461 2944 515; x_wconf 69' lang='grc' dir='ltr'>καὶ</span> <span class='ocrx_word' id='word_1_16' title='bbox 2988 464 3252 533; x_wconf 72' lang='grc' dir='ltr'><strong>πολεμίαν</strong></span> <span class='ocrx_word' id='word_1_17' title='bbox 3299 462 3401 531; x_wconf 82' lang='grc' dir='ltr'><strong>τῆς</strong></span> <span class='ocrx_word' id='word_1_18' title='bbox 3447 464 3688 533; x_wconf 79' lang='grc' dir='ltr'>φύσεως·</span> 
     </span>
    </p>
   </div>
   <div class='ocr_carea' id='block_1_6' title="bbox 408 551 2002 625">
    <p class='ocr_par' dir='ltr' id='par_1_6' title="bbox 408 551 2002 625">
     <span class='ocr_line' id='line_1_6' title="bbox 408 551 2002 625; baseline 0.003 -20"><span class='ocrx_word' id='word_1_19' title='bbox 408 551 697 607; x_wconf 87' lang='lat' dir='ltr'><strong>ascribunt</strong></span> <span class='ocrx_word' id='word_1_20' title='bbox 751 567 1003 621; x_wconf 85' lang='lat' dir='ltr'><strong>onusque</strong></span> <span class='ocrx_word' id='word_1_21' title='bbox 1063 551 1424 617; x_wconf 88' lang='lat' dir='ltr'><strong>distribuunt,</strong></span> <span class='ocrx_word' id='word_1_22' title='bbox 1463 553 1775 625; x_wconf 88' lang='lat' dir='ltr'><strong>improbum</strong></span> <span class='ocrx_word' id='word_1_23' title='bbox 1809 569 2002 609; x_wconf 84' lang='lat' dir='ltr'><strong>rursus</strong></span> 
     </span>
    </p>
   </div>
   <div class='ocr_carea' id='block_1_7' title="bbox 409 642 2003 712">
    <p class='ocr_par' dir='ltr' id='par_1_7' title="bbox 409 642 2003 712">
     <span class='ocr_line' id='line_1_7' title="bbox 409 642 2003 712; baseline 0.001 -15"><span class='ocrx_word' id='word_1_24' title='bbox 409 642 704 698; x_wconf 85' lang='lat' dir='ltr'><strong>consilium</strong></span> <span class='ocrx_word' id='word_1_25' title='bbox 736 657 800 696; x_wconf 88' lang='lat' dir='ltr'><strong>ac</strong></span> <span class='ocrx_word' id='word_1_26' title='bbox 834 650 1046 695; x_wconf 69' lang='lat' dir='ltr'><strong>natura:</strong></span> <span class='ocrx_word' id='word_1_27' title='bbox 1076 657 1327 712; x_wconf 82' lang='lat' dir='ltr'><strong>pugnans</strong></span> <span class='ocrx_word' id='word_1_28' title='bbox 1362 642 1626 698; x_wconf 83' lang='lat' dir='ltr'><strong>inferunt.</strong></span> <span class='ocrx_word' id='word_1_29' title='bbox 1672 642 1877 698; x_wconf 83' lang='lat' dir='ltr'><strong>Jubent</strong></span> <span class='ocrx_word' id='word_1_30' title='bbox 1906 657 2003 698; x_wconf 88' lang='lat' dir='ltr'><strong>eos</strong></span> 
     </span>
    </p>
   </div>
   <div class='ocr_carea' id='block_1_8' title="bbox 408 734 2001 807">
    <p class='ocr_par' dir='ltr' id='par_1_8' title="bbox 408 734 2001 807">
     <span class='ocr_line' id='line_1_8' title="bbox 408 734 2001 807; baseline 0 -16"><span class='ocrx_word' id='word_1_31' title='bbox 408 736 505 807; x_wconf 87' lang='lat' dir='ltr'><strong>qui</strong></span> <span class='ocrx_word' id='word_1_32' title='bbox 540 736 709 791; x_wconf 88' lang='lat' dir='ltr'><strong>semel</strong></span> <span class='ocrx_word' id='word_1_33' title='bbox 751 734 928 806; x_wconf 86' lang='lat' dir='ltr'><strong>juncti</strong></span> <span class='ocrx_word' id='word_1_34' title='bbox 960 734 1179 790; x_wconf 86' lang='lat' dir='ltr'><strong>fuerant</strong></span> <span class='ocrx_word' id='word_1_35' title='bbox 1231 734 1432 790; x_wconf 92' lang='lat' dir='ltr'><strong>iterum</strong></span> <span class='ocrx_word' id='word_1_36' title='bbox 1470 735 1730 806; x_wconf 85' lang='lat' dir='ltr'><strong>disjungi.</strong></span> <span class='ocrx_word' id='word_1_37' title='bbox 1785 735 1841 791; x_wconf 91' lang='lat' dir='ltr'><strong>Si</strong></span> <span class='ocrx_word' id='word_1_38' title='bbox 1880 751 2001 806; x_wconf 62' lang='lat' dir='ltr'><strong>qua:</strong></span> 
     </span>
    </p>
   </div>
   <div class='ocr_carea' id='block_1_9' title="bbox 410 826 2001 898">
    <p class='ocr_par' dir='ltr' id='par_1_9' title="bbox 410 826 2001 898">
     <span class='ocr_line' id='line_1_9' title="bbox 410 826 2001 898; baseline 0.002 -19"><span class='ocrx_word' id='word_1_39' title='bbox 410 837 593 882; x_wconf 87' lang='lat' dir='ltr'><strong>tamen</strong></span> <span class='ocrx_word' id='word_1_40' title='bbox 622 834 797 881; x_wconf 85' lang='lat' dir='ltr'><strong>mater</strong></span> <span class='ocrx_word' id='word_1_41' title='bbox 829 826 885 880; x_wconf 92' lang='lat' dir='ltr'><strong>in</strong></span> <span class='ocrx_word' id='word_1_42' title='bbox 918 826 999 881; x_wconf 90' lang='lat' dir='ltr'><strong>eis</strong></span> <span class='ocrx_word' id='word_1_43' title='bbox 1032 826 1293 881; x_wconf 90' lang='lat' dir='ltr'><strong>infantem</strong></span> <span class='ocrx_word' id='word_1_44' title='bbox 1334 827 1474 881; x_wconf 84' lang='lat' dir='ltr'><strong>lacte</strong></span> <span class='ocrx_word' id='word_1_45' title='bbox 1519 826 1854 898; x_wconf 80' lang='lat' dir='ltr'><strong>indigentem</strong></span> <span class='ocrx_word' id='word_1_46' title='bbox 1903 828 2001 883; x_wconf 80' lang='lat' dir='ltr'><strong>ha-</strong></span> 
     </span>
    </p>
   </div>
   <div class='ocr_carea' id='block_1_10' title="bbox 409 917 1999 989">
    <p class='ocr_par' dir='ltr' id='par_1_10' title="bbox 409 917 1999 989">
     <span class='ocr_line' id='line_1_10' title="bbox 409 917 1999 989; baseline 0.001 -16"><span class='ocrx_word' id='word_1_47' title='bbox 409 920 596 984; x_wconf 88' lang='lat' dir='ltr'><strong>beret,</strong></span> <span class='ocrx_word' id='word_1_48' title='bbox 636 918 787 972; x_wconf 87' lang='lat' dir='ltr'><strong>hunc</strong></span> <span class='ocrx_word' id='word_1_49' title='bbox 830 917 1099 973; x_wconf 80' lang='lat' dir='ltr'><strong>duntaxat</strong></span> <span class='ocrx_word' id='word_1_50' title='bbox 1131 934 1257 973; x_wconf 90' lang='lat' dir='ltr'><strong>cum</strong></span> <span class='ocrx_word' id='word_1_51' title='bbox 1303 926 1531 988; x_wconf 91' lang='lat' dir='ltr'><strong>parente</strong></span> <span class='ocrx_word' id='word_1_52' title='bbox 1575 934 1799 974; x_wconf 88' lang='lat' dir='ltr'><strong>manere</strong></span> <span class='ocrx_word' id='word_1_53' title='bbox 1846 919 1999 989; x_wconf 90' lang='lat' dir='ltr'><strong>impii</strong></span> 
     </span>
    </p>
   </div>
   <div class='ocr_carea' id='block_1_11' title="bbox 409 1011 1999 1084">
    <p class='ocr_par' dir='ltr' id='par_1_11' title="bbox 409 1011 1999 1084">
     <span class='ocr_line' id='line_1_11' title="bbox 409 1011 1999 1084; baseline 0.001 -19"><span class='ocrx_word' id='word_1_54' title='bbox 409 1011 661 1066; x_wconf 85' lang='lat' dir='ltr'><strong>homines</strong></span> <span class='ocrx_word' id='word_1_55' title='bbox 710 1026 962 1074; x_wconf 87' lang='lat' dir='ltr'><strong>sanxere,</strong></span> <span class='ocrx_word' id='word_1_56' title='bbox 1004 1023 1064 1065; x_wconf 84' lang='lat' dir='ltr'><strong>ut</strong></span> <span class='ocrx_word' id='word_1_57' title='bbox 1100 1012 1195 1081; x_wconf 90' lang='lat' dir='ltr'><strong>qui</strong></span> <span class='ocrx_word' id='word_1_58' title='bbox 1239 1011 1502 1066; x_wconf 89' lang='lat' dir='ltr'><strong>nimirum</strong></span> <span class='ocrx_word' id='word_1_59' title='bbox 1552 1012 1658 1067; x_wconf 89' lang='lat' dir='ltr'><strong>sibi</strong></span> <span class='ocrx_word' id='word_1_60' title='bbox 1717 1013 1822 1084; x_wconf 88' lang='lat' dir='ltr'><strong>ipsi</strong></span> <span class='ocrx_word' id='word_1_61' title='bbox 1872 1013 1999 1068; x_wconf 66' lang='lat' dir='ltr'><strong>vitae</strong></span> 
     </span>
    </p>
   </div>
   <div class='ocr_carea' id='block_1_12' title="bbox 406 1102 1998 1175">
    <p class='ocr_par' dir='ltr' id='par_1_12' title="bbox 406 1102 1998 1175">
     <span class='ocr_line' id='line_1_12' title="bbox 406 1102 1998 1175; baseline 0.002 -18"><span class='ocrx_word' id='word_1_62' title='bbox 406 1102 738 1173; x_wconf 70' lang='lat' dir='ltr'><strong>compendio</strong></span> <span class='ocrx_word' id='word_1_63' title='bbox 774 1104 914 1158; x_wconf 86' lang='lat' dir='ltr'><strong>nihil</strong></span> <span class='ocrx_word' id='word_1_64' title='bbox 952 1102 1203 1159; x_wconf 84' lang='lat' dir='ltr'><strong>conferre</strong></span> <span class='ocrx_word' id='word_1_65' title='bbox 1232 1105 1483 1159; x_wconf 81' lang='lat' dir='ltr'><strong>valeret:</strong></span> <span class='ocrx_word' id='word_1_66' title='bbox 1531 1104 1773 1175; x_wconf 90' lang='lat' dir='ltr'><strong>reliquos</strong></span> <span class='ocrx_word' id='word_1_67' title='bbox 1806 1120 1998 1160; x_wconf 89' lang='lat' dir='ltr'><strong>omnes</strong></span> 
     </span>
    </p>
   </div>
   <div class='ocr_carea' id='block_1_13' title="bbox 404 1194 1995 1267">
    <p class='ocr_par' dir='ltr' id='par_1_13' title="bbox 404 1194 1995 1267">
     <span class='ocr_line' id='line_1_13' title="bbox 404 1194 1995 1267; baseline 0.001 -18"><span class='ocrx_word' id='word_1_68' title='bbox 404 1195 474 1249; x_wconf 88' lang='lat' dir='ltr'><strong>ab</strong></span> <span class='ocrx_word' id='word_1_69' title='bbox 501 1194 755 1251; x_wconf 75' lang='lat' dir='ltr'><strong>amnibus</strong></span> <span class='ocrx_word' id='word_1_70' title='bbox 784 1196 1144 1267; x_wconf 81' lang='lat' dir='ltr'><strong>cognatisque</strong></span> <span class='ocrx_word' id='word_1_71' title='bbox 1185 1195 1481 1251; x_wconf 82' lang='lat' dir='ltr'><strong>distractos</strong></span> <span class='ocrx_word' id='word_1_72' title='bbox 1523 1196 1834 1265; x_wconf 88' lang='lat' dir='ltr'><strong>promiscue</strong></span> <span class='ocrx_word' id='word_1_73' title='bbox 1867 1198 1995 1251; x_wconf 88' lang='lat' dir='ltr'><strong>nul-</strong></span> 
     </span>
    </p>
   </div>
   <div class='ocr_carea' id='block_1_14' title="bbox 403 1286 1997 1357">
    <p class='ocr_par' dir='ltr' id='par_1_14' title="bbox 403 1286 1997 1357">
     <span class='ocr_line' id='line_1_14' title="bbox 403 1286 1997 1357; baseline 0.004 -17"><span class='ocrx_word' id='word_1_74' title='bbox 403 1290 565 1357; x_wconf 84' lang='lat' dir='ltr'><strong>laque</strong></span> <span class='ocrx_word' id='word_1_75' title='bbox 608 1286 941 1341; x_wconf 91' lang='lat' dir='ltr'><strong>discretione</strong></span> <span class='ocrx_word' id='word_1_76' title='bbox 977 1287 1218 1342; x_wconf 86' lang='lat' dir='ltr'><strong>sortibus</strong></span> <span class='ocrx_word' id='word_1_77' title='bbox 1246 1303 1369 1342; x_wconf 89' lang='lat' dir='ltr'><strong>esse</strong></span> <span class='ocrx_word' id='word_1_78' title='bbox 1401 1288 1997 1356; x_wconf 71' lang='lat' dir='ltr'><strong>eommittendos.Qu:e</strong></span> 
     </span>
    </p>
   </div>
   <div class='ocr_carea' id='block_1_15' title="bbox 405 1374 1996 1433">
    <p class='ocr_par' dir='ltr' id='par_1_15' title="bbox 405 1374 1996 1433">
     <span class='ocr_line' id='line_1_15' title="bbox 405 1374 1996 1433; baseline 0.003 -6"><span class='ocrx_word' id='word_1_79' title='bbox 405 1374 691 1428; x_wconf 73' lang='lat' dir='ltr'><strong>enimvero</strong></span> <span class='ocrx_word' id='word_1_80' title='bbox 714 1374 891 1429; x_wconf 90' lang='lat' dir='ltr'><strong>oratio</strong></span> <span class='ocrx_word' id='word_1_81' title='bbox 920 1383 1083 1430; x_wconf 69' lang='lat' dir='ltr'><strong>tantae</strong></span> <span class='ocrx_word' id='word_1_82' title='bbox 1108 1375 1438 1431; x_wconf 85' lang='lat' dir='ltr'><strong>calamitatis</strong></span> <span class='ocrx_word' id='word_1_83' title='bbox 1467 1374 1833 1433; x_wconf 81' lang='lat' dir='ltr'><strong>infortunium</strong></span> <span class='ocrx_word' id='word_1_84' title='bbox 1864 1393 1996 1431; x_wconf 88' lang='lat' dir='ltr'><strong>nar-</strong></span> 
     </span>
    </p>
   </div>
   <div class='ocr_carea' id='block_1_16' title="bbox 407 1465 1996 1538">
    <p class='ocr_par' dir='ltr' id='par_1_16' title="bbox 407 1465 1996 1538">
     <span class='ocr_line' id='line_1_16' title="bbox 407 1465 1996 1538; baseline 0.004 -20"><span class='ocrx_word' id='word_1_85' title='bbox 407 1465 646 1520; x_wconf 88' lang='lat' dir='ltr'><strong>raverit?</strong></span> <span class='ocrx_word' id='word_1_86' title='bbox 672 1465 804 1532; x_wconf 73' lang='lat' dir='ltr'><strong>Quae</strong></span> <span class='ocrx_word' id='word_1_87' title='bbox 829 1473 1111 1521; x_wconf 90' lang='lat' dir='ltr'><strong>oratorum</strong></span> <span class='ocrx_word' id='word_1_88' title='bbox 1140 1466 1328 1538; x_wconf 83' lang='lat' dir='ltr'><strong>lingua</strong></span> <span class='ocrx_word' id='word_1_89' title='bbox 1353 1468 1561 1523; x_wconf 88' lang='lat' dir='ltr'><strong>variam</strong></span> <span class='ocrx_word' id='word_1_90' title='bbox 1590 1469 1739 1524; x_wconf 89' lang='lat' dir='ltr'><strong>illam</strong></span> <span class='ocrx_word' id='word_1_91' title='bbox 1762 1478 1819 1524; x_wconf 87' lang='lat' dir='ltr'><strong>et</strong></span> <span class='ocrx_word' id='word_1_92' title='bbox 1854 1469 1996 1524; x_wconf 87' lang='lat' dir='ltr'><strong>mul-</strong></span> 
     </span>
    </p>
   </div>
   <div class='ocr_carea' id='block_1_17' title="bbox 408 1558 1994 1633">
    <p class='ocr_par' dir='ltr' id='par_1_17' title="bbox 408 1558 1994 1633">
     <span class='ocr_line' id='line_1_17' title="bbox 408 1558 1994 1633; baseline 0.005 -22"><span class='ocrx_word' id='word_1_93' title='bbox 408 1558 686 1614; x_wconf 89' lang='lat' dir='ltr'><strong>tiformem</strong></span> <span class='ocrx_word' id='word_1_94' title='bbox 721 1559 975 1615; x_wconf 89' lang='lat' dir='ltr'><strong>dolorum</strong></span> <span class='ocrx_word' id='word_1_95' title='bbox 1004 1560 1402 1618; x_wconf 73' lang='lat' dir='ltr'><strong>immanitatem</strong></span> <span class='ocrx_word' id='word_1_96' title='bbox 1442 1562 1679 1618; x_wconf 90' lang='lat' dir='ltr'><strong>dicendo</strong></span> <span class='ocrx_word' id='word_1_97' title='bbox 1708 1578 1994 1633; x_wconf 89' lang='lat' dir='ltr'><strong>expresse-</strong></span> 
     </span>
    </p>
   </div>
   <div class='ocr_carea' id='block_1_18' title="bbox 405 1652 1993 1727">
    <p class='ocr_par' dir='ltr' id='par_1_18' title="bbox 405 1652 1993 1727">
     <span class='ocr_line' id='line_1_18' title="bbox 405 1652 1993 1727; baseline 0.005 -22"><span class='ocrx_word' id='word_1_98' title='bbox 405 1652 498 1716; x_wconf 89' lang='lat' dir='ltr'><strong>rit,</strong></span> <span class='ocrx_word' id='word_1_99' title='bbox 550 1667 676 1707; x_wconf 90' lang='lat' dir='ltr'><strong>cum</strong></span> <span class='ocrx_word' id='word_1_100' title='bbox 724 1662 781 1709; x_wconf 90' lang='lat' dir='ltr'><strong>et</strong></span> <span class='ocrx_word' id='word_1_101' title='bbox 827 1663 1029 1709; x_wconf 90' lang='lat' dir='ltr'><strong>natura</strong></span> <span class='ocrx_word' id='word_1_102' title='bbox 1078 1654 1197 1725; x_wconf 91' lang='lat' dir='ltr'><strong>ipsa</strong></span> <span class='ocrx_word' id='word_1_103' title='bbox 1246 1655 1469 1711; x_wconf 91' lang='lat' dir='ltr'><strong>insolito</strong></span> <span class='ocrx_word' id='word_1_104' title='bbox 1523 1656 1631 1712; x_wconf 85' lang='lat' dir='ltr'><strong>hoc</strong></span> <span class='ocrx_word' id='word_1_105' title='bbox 1679 1671 1993 1727; x_wconf 85' lang='lat' dir='ltr'><strong>vesanoque</strong></span> 
     </span>
    </p>
   </div>
   <div class='ocr_carea' id='block_1_19' title="bbox 404 1746 1991 1816">
    <p class='ocr_par' dir='ltr' id='par_1_19' title="bbox 404 1746 1991 1816">
     <span class='ocr_line' id='line_1_19' title="bbox 404 1746 1991 1816; baseline 0.004 -20"><span class='ocrx_word' id='word_1_106' title='bbox 404 1754 678 1816; x_wconf 74' lang='lat' dir='ltr'><strong>pnecepto</strong></span> <span class='ocrx_word' id='word_1_107' title='bbox 717 1746 771 1800; x_wconf 92' lang='lat' dir='ltr'><strong>in</strong></span> <span class='ocrx_word' id='word_1_108' title='bbox 807 1747 978 1802; x_wconf 89' lang='lat' dir='ltr'><strong>multa</strong></span> <span class='ocrx_word' id='word_1_109' title='bbox 1016 1748 1388 1814; x_wconf 90' lang='lat' dir='ltr'><strong>scinderetur,</strong></span> <span class='ocrx_word' id='word_1_110' title='bbox 1436 1748 1525 1803; x_wconf 90' lang='lat' dir='ltr'><strong>cui</strong></span> <span class='ocrx_word' id='word_1_111' title='bbox 1569 1749 1749 1804; x_wconf 88' lang='lat' dir='ltr'><strong>solum</strong></span> <span class='ocrx_word' id='word_1_112' title='bbox 1795 1749 1849 1803; x_wconf 92' lang='lat' dir='ltr'><strong>in</strong></span> <span class='ocrx_word' id='word_1_113' title='bbox 1882 1748 1991 1803; x_wconf 87' lang='lat' dir='ltr'><strong>cri-</strong></span> 
     </span>
    </p>
   </div>
   <div class='ocr_carea' id='block_1_20' title="bbox 405 1841 1990 1913">
    <p class='ocr_par' dir='ltr' id='par_1_20' title="bbox 405 1841 1990 1913">
     <span class='ocr_line' id='line_1_20' title="bbox 405 1841 1990 1913; baseline 0.003 -22"><span class='ocrx_word' id='word_1_114' title='bbox 405 1854 529 1893; x_wconf 85' lang='lat' dir='ltr'><strong>men</strong></span> <span class='ocrx_word' id='word_1_115' title='bbox 562 1847 875 1895; x_wconf 86' lang='lat' dir='ltr'><strong>verteretur</strong></span> <span class='ocrx_word' id='word_1_116' title='bbox 896 1841 1115 1912; x_wconf 80' lang='lat' dir='ltr'><strong>generis</strong></span> <span class='ocrx_word' id='word_1_117' title='bbox 1144 1842 1459 1897; x_wconf 89' lang='lat' dir='ltr'><strong>communio</strong></span> <span class='ocrx_word' id='word_1_118' title='bbox 1485 1858 1568 1907; x_wconf 92' lang='lat' dir='ltr'><strong>ac,</strong></span> <span class='ocrx_word' id='word_1_119' title='bbox 1599 1858 1763 1913; x_wconf 90' lang='lat' dir='ltr'><strong>quam</strong></span> <span class='ocrx_word' id='word_1_120' title='bbox 1794 1852 1990 1897; x_wconf 87' lang='lat' dir='ltr'><strong>natura</strong></span> 
     </span>
    </p>
   </div>
   <div class='ocr_carea' id='block_1_21' title="bbox 405 1930 1989 2006">
    <p class='ocr_par' dir='ltr' id='par_1_21' title="bbox 405 1930 1989 2006">
     <span class='ocr_line' id='line_1_21' title="bbox 405 1930 1989 2006; baseline 0.003 -22"><span class='ocrx_word' id='word_1_121' title='bbox 405 1930 556 1997; x_wconf 84' lang='lat' dir='ltr'><strong>facit,</strong></span> <span class='ocrx_word' id='word_1_122' title='bbox 592 1932 1031 2005; x_wconf 89' lang='lat' dir='ltr'><strong>propinquorum</strong></span> <span class='ocrx_word' id='word_1_123' title='bbox 1066 1936 1424 2005; x_wconf 83' lang='lat' dir='ltr'><strong>conjunctio?</strong></span> <span class='ocrx_word' id='word_1_124' title='bbox 1470 1935 1511 1989; x_wconf 83' lang='lat' dir='ltr'><strong>F</strong></span> <span class='ocrx_word' id='word_1_125' title='bbox 1516 1936 1641 1990; x_wconf 90' lang='lat' dir='ltr'><strong>ilius</strong></span> <span class='ocrx_word' id='word_1_126' title='bbox 1682 1950 1919 2006; x_wconf 87' lang='lat' dir='ltr'><strong>namque</strong></span> <span class='ocrx_word' id='word_1_127' title='bbox 1957 1950 1989 1991; x_wconf 90' lang='lat' dir='ltr'><strong>a</strong></span> 
     </span>
    </p>
   </div>
   <div class='ocr_carea' id='block_1_22' title="bbox 404 2025 1985 2093">
    <p class='ocr_par' dir='ltr' id='par_1_22' title="bbox 404 2025 1985 2093">
     <span class='ocr_line' id='line_1_22' title="bbox 404 2025 1985 2093; baseline 0.004 -17"><span class='ocrx_word' id='word_1_128' title='bbox 404 2031 593 2092; x_wconf 77' lang='lat' dir='ltr'><strong>patre,</strong></span> <span class='ocrx_word' id='word_1_129' title='bbox 636 2040 668 2079; x_wconf 89' lang='lat' dir='ltr'><strong>a</strong></span> <span class='ocrx_word' id='word_1_130' title='bbox 702 2033 877 2083; x_wconf 85' lang='lat' dir='ltr'><strong>matre</strong></span> <span class='ocrx_word' id='word_1_131' title='bbox 928 2025 1069 2093; x_wconf 81' lang='lat' dir='ltr'><strong>filia,</strong></span> <span class='ocrx_word' id='word_1_132' title='bbox 1109 2027 1283 2083; x_wconf 81' lang='lat' dir='ltr'><strong>frater</strong></span> <span class='ocrx_word' id='word_1_133' title='bbox 1323 2044 1353 2083; x_wconf 89' lang='lat' dir='ltr'><strong>a</strong></span> <span class='ocrx_word' id='word_1_134' title='bbox 1388 2028 1555 2084; x_wconf 83' lang='lat' dir='ltr'><strong>fratre</strong></span> <span class='ocrx_word' id='word_1_135' title='bbox 1600 2027 1985 2084; x_wconf 89' lang='lat' dir='ltr'><strong>divellebatur.</strong></span> 
     </span>
    </p>
   </div>
   <div class='ocr_carea' id='block_1_23' title="bbox 404 2114 1991 2189">
    <p class='ocr_par' dir='ltr' id='par_1_23' title="bbox 404 2114 1991 2189">
     <span class='ocr_line' id='line_1_23' title="bbox 404 2114 1991 2189; baseline 0.003 -18"><span class='ocrx_word' id='word_1_136' title='bbox 404 2114 507 2172; x_wconf 88' lang='lat' dir='ltr'><strong>Ubi</strong></span> <span class='ocrx_word' id='word_1_137' title='bbox 533 2114 666 2184; x_wconf 93' lang='lat' dir='ltr'><strong>quid</strong></span> <span class='ocrx_word' id='word_1_138' title='bbox 692 2131 887 2172; x_wconf 84' lang='lat' dir='ltr'><strong>omnes</strong></span> <span class='ocrx_word' id='word_1_139' title='bbox 913 2116 1038 2175; x_wconf 88' lang='lat' dir='ltr'><strong>illos</strong></span> <span class='ocrx_word' id='word_1_140' title='bbox 1065 2119 1178 2189; x_wconf 91' lang='lat' dir='ltr'><strong>pati</strong></span> <span class='ocrx_word' id='word_1_141' title='bbox 1224 2120 1773 2175; x_wconf 83' lang='lat' dir='ltr'><strong>verosimili-ratione</strong></span> <span class='ocrx_word' id='word_1_142' title='bbox 1802 2121 1991 2175; x_wconf 84' lang='lat' dir='ltr'><strong>existi-</strong></span> 
     </span>
    </p>
   </div>
   <div class='ocr_carea' id='block_1_24' title="bbox 403 2207 1985 2273">
    <p class='ocr_par' dir='ltr' id='par_1_24' title="bbox 403 2207 1985 2273">
     <span class='ocr_line' id='line_1_24' title="bbox 403 2207 1985 2273; baseline 0.004 -13"><span class='ocrx_word' id='word_1_143' title='bbox 403 2207 687 2273; x_wconf 84' lang='lat' dir='ltr'><strong>mandum,</strong></span> <span class='ocrx_word' id='word_1_144' title='bbox 726 2224 853 2264; x_wconf 90' lang='lat' dir='ltr'><strong>cum</strong></span> <span class='ocrx_word' id='word_1_145' title='bbox 902 2209 957 2264; x_wconf 86' lang='lat' dir='ltr'><strong>in</strong></span> <span class='ocrx_word' id='word_1_146' title='bbox 1008 2211 1332 2271; x_wconf 85' lang='lat' dir='ltr'><strong>servitutem</strong></span> <span class='ocrx_word' id='word_1_147' title='bbox 1391 2212 1446 2267; x_wconf 92' lang='lat' dir='ltr'><strong>in</strong></span> <span class='ocrx_word' id='word_1_148' title='bbox 1500 2223 1702 2268; x_wconf 87' lang='lat' dir='ltr'><strong>terram</strong></span> <span class='ocrx_word' id='word_1_149' title='bbox 1754 2214 1985 2270; x_wconf 89' lang='lat' dir='ltr'><strong>alienam</strong></span> 
     </span>
    </p>
   </div>
   <div class='ocr_carea' id='block_1_25' title="bbox 403 2296 1989 2369">
    <p class='ocr_par' dir='ltr' id='par_1_25' title="bbox 403 2296 1989 2369">
     <span class='ocr_line' id='line_1_25' title="bbox 403 2296 1989 2369; baseline 0.006 -18"><span class='ocrx_word' id='word_1_150' title='bbox 403 2296 813 2355; x_wconf 87' lang='lat' dir='ltr'><strong>abducerentur</strong></span> <span class='ocrx_word' id='word_1_151' title='bbox 844 2300 867 2352; x_wconf 87' lang='lat'><strong>?</strong></span> <span class='ocrx_word' id='word_1_152' title='bbox 912 2299 1006 2354; x_wconf 92' lang='lat' dir='ltr'><strong>ubi</strong></span> <span class='ocrx_word' id='word_1_153' title='bbox 1028 2301 1241 2356; x_wconf 88' lang='lat' dir='ltr'><strong>scilicet</strong></span> <span class='ocrx_word' id='word_1_154' title='bbox 1289 2311 1488 2357; x_wconf 55' lang='lat' dir='ltr'><strong>uOStra‘.</strong></span> <span class='ocrx_word' id='word_1_155' title='bbox 1530 2302 1658 2357; x_wconf 84' lang='lat' dir='ltr'><strong>ﬁdei</strong></span> <span class='ocrx_word' id='word_1_156' title='bbox 1692 2303 1893 2369; x_wconf 91' lang='lat' dir='ltr'><strong>cultus,</strong></span> <span class='ocrx_word' id='word_1_157' title='bbox 1927 2312 1989 2360; x_wconf 91' lang='lat' dir='ltr'><strong>ut</strong></span> 
     </span>
    </p>
   </div>
   <div class='ocr_carea' id='block_1_26' title="bbox 400 2390 1988 2464">
    <p class='ocr_par' dir='ltr' id='par_1_26' title="bbox 400 2390 1988 2464">
     <span class='ocr_line' id='line_1_26' title="bbox 400 2390 1988 2464; baseline 0.004 -20"><span class='ocrx_word' id='word_1_158' title='bbox 400 2390 792 2456; x_wconf 86' lang='lat' dir='ltr'><strong>exsecrandus,</strong></span> <span class='ocrx_word' id='word_1_159' title='bbox 824 2392 975 2446; x_wconf 91' lang='lat' dir='ltr'><strong>omni</strong></span> <span class='ocrx_word' id='word_1_160' title='bbox 1026 2392 1354 2463; x_wconf 87' lang='lat' dir='ltr'><strong>injuriarum</strong></span> <span class='ocrx_word' id='word_1_161' title='bbox 1399 2395 1736 2464; x_wconf 88' lang='lat' dir='ltr'><strong>procacitate</strong></span> <span class='ocrx_word' id='word_1_162' title='bbox 1782 2396 1988 2451; x_wconf 91' lang='lat' dir='ltr'><strong>lacera-</strong></span> 
     </span>
    </p>
   </div>
   <div class='ocr_carea' id='block_1_27' title="bbox 404 2480 1983 2554">
    <p class='ocr_par' dir='ltr' id='par_1_27' title="bbox 404 2480 1983 2554">
     <span class='ocr_line' id='line_1_27' title="bbox 404 2480 1983 2554; baseline 0.003 -20"><span class='ocrx_word' id='word_1_163' title='bbox 404 2488 512 2544; x_wconf 83' lang='lat' dir='ltr'><strong>tur,</strong></span> <span class='ocrx_word' id='word_1_164' title='bbox 547 2480 1032 2552; x_wconf 65' lang='lat' dir='ltr'><strong>vesanissimaaque</strong></span> <span class='ocrx_word' id='word_1_165' title='bbox 1062 2482 1327 2539; x_wconf 88' lang='lat' dir='ltr'><strong>libidines</strong></span> <span class='ocrx_word' id='word_1_166' title='bbox 1359 2492 1522 2554; x_wconf 90' lang='lat' dir='ltr'><strong>atque</strong></span> <span class='ocrx_word' id='word_1_167' title='bbox 1551 2485 1683 2539; x_wconf 89' lang='lat' dir='ltr'><strong>vitia</strong></span> <span class='ocrx_word' id='word_1_168' title='bbox 1707 2485 1983 2551; x_wconf 90' lang='lat' dir='ltr'><strong>coluntur,</strong></span> 
     </span>
    </p>
   </div>
   <div class='ocr_carea' id='block_1_28' title="bbox 402 2568 1982 2645">
    <p class='ocr_par' dir='ltr' id='par_1_28' title="bbox 402 2568 1982 2645">
     <span class='ocr_line' id='line_1_28' title="bbox 402 2568 1982 2645; baseline 0.007 -26"><span class='ocrx_word' id='word_1_169' title='bbox 402 2568 495 2623; x_wconf 84' lang='lat' dir='ltr'><strong>ubi</strong></span> <span class='ocrx_word' id='word_1_170' title='bbox 525 2568 819 2627; x_wconf 88' lang='lat' dir='ltr'><strong>fornicatio</strong></span> <span class='ocrx_word' id='word_1_171' title='bbox 860 2571 1211 2637; x_wconf 78' lang='lat' dir='ltr'><strong>ltonestatur,</strong></span> <span class='ocrx_word' id='word_1_172' title='bbox 1250 2573 1575 2645; x_wconf 90' lang='lat' dir='ltr'><strong>insaniaque</strong></span> <span class='ocrx_word' id='word_1_173' title='bbox 1608 2576 1836 2645; x_wconf 67' lang='lat' dir='ltr'><strong>praemio</strong></span> <span class='ocrx_word' id='word_1_174' title='bbox 1864 2575 1982 2630; x_wconf 75' lang='lat' dir='ltr'><strong>alli-</strong></span> 
     </span>
    </p>
   </div>
   <div class='ocr_carea' id='block_1_29' title="bbox 399 2663 1984 2737">
    <p class='ocr_par' dir='ltr' id='par_1_29' title="bbox 399 2663 1984 2737">
     <span class='ocr_line' id='line_1_29' title="bbox 399 2663 1984 2737; baseline 0.005 -21"><span class='ocrx_word' id='word_1_175' title='bbox 399 2663 564 2730; x_wconf 89' lang='lat' dir='ltr'><strong>citur,</strong></span> <span class='ocrx_word' id='word_1_176' title='bbox 628 2679 694 2719; x_wconf 88' lang='lat' dir='ltr'><strong>ac</strong></span> <span class='ocrx_word' id='word_1_177' title='bbox 746 2664 1093 2735; x_wconf 90' lang='lat' dir='ltr'><strong>impudentia</strong></span> <span class='ocrx_word' id='word_1_178' title='bbox 1149 2668 1449 2737; x_wconf 91' lang='lat' dir='ltr'><strong>plurimum</strong></span> <span class='ocrx_word' id='word_1_179' title='bbox 1503 2668 1839 2734; x_wconf 83' lang='lat' dir='ltr'><strong>honoratur,</strong></span> <span class='ocrx_word' id='word_1_180' title='bbox 1891 2670 1984 2726; x_wconf 93' lang='lat' dir='ltr'><strong>ubi</strong></span> 
     </span>
    </p>
   </div>
   <div class='ocr_carea' id='block_1_30' title="bbox 400 2757 1983 2829">
    <p class='ocr_par' dir='ltr' id='par_1_30' title="bbox 400 2757 1983 2829">
     <span class='ocr_line' id='line_1_30' title="bbox 400 2757 1983 2829; baseline 0.006 -20"><span class='ocrx_word' id='word_1_181' title='bbox 400 2757 771 2813; x_wconf 85' lang='lat' dir='ltr'><strong>masculorum</strong></span> <span class='ocrx_word' id='word_1_182' title='bbox 800 2772 967 2816; x_wconf 76' lang='lat' dir='ltr'><strong>sexus</strong></span> <span class='ocrx_word' id='word_1_183' title='bbox 996 2758 1051 2812; x_wconf 91' lang='lat' dir='ltr'><strong>in</strong></span> <span class='ocrx_word' id='word_1_184' title='bbox 1077 2760 1407 2816; x_wconf 90' lang='lat' dir='ltr'><strong>muliebrem</strong></span> <span class='ocrx_word' id='word_1_185' title='bbox 1440 2776 1598 2816; x_wconf 91' lang='lat' dir='ltr'><strong>usum</strong></span> <span class='ocrx_word' id='word_1_186' title='bbox 1631 2762 1983 2829; x_wconf 87' lang='lat' dir='ltr'><strong>transfertur,</strong></span> 
     </span>
    </p>
   </div>
   <div class='ocr_carea' id='block_1_31' title="bbox 394 2852 1984 2925">
    <p class='ocr_par' dir='ltr' id='par_1_31' title="bbox 394 2852 1984 2925">
     <span class='ocr_line' id='line_1_31' title="bbox 394 2852 1984 2925; baseline 0.006 -22"><span class='ocrx_word' id='word_1_187' title='bbox 394 2861 452 2905; x_wconf 79' lang='lat' dir='ltr'><strong>et</strong></span> <span class='ocrx_word' id='word_1_188' title='bbox 494 2852 735 2908; x_wconf 86' lang='lat' dir='ltr'><strong>violatur</strong></span> <span class='ocrx_word' id='word_1_189' title='bbox 788 2861 1066 2919; x_wconf 86' lang='lat' dir='ltr'><strong>creatura,</strong></span> <span class='ocrx_word' id='word_1_190' title='bbox 1124 2864 1363 2925; x_wconf 89' lang='lat' dir='ltr'><strong>suntque</strong></span> <span class='ocrx_word' id='word_1_191' title='bbox 1420 2856 1605 2911; x_wconf 89' lang='lat' dir='ltr'><strong>omnia</strong></span> <span class='ocrx_word' id='word_1_192' title='bbox 1644 2857 1984 2913; x_wconf 89' lang='lat' dir='ltr'><strong>confusionis</strong></span> 
     </span>
    </p>
   </div>
   <div class='ocr_carea' id='block_1_32' title="bbox 311 2945 1980 3017">
    <p class='ocr_par' dir='ltr' id='par_1_32' title="bbox 311 2945 1980 3017">
     <span class='ocr_line' id='line_1_32' title="bbox 311 2945 1980 3017; baseline 0.004 -18"><span class='ocrx_word' id='word_1_193' title='bbox 311 2969 318 2976; x_wconf 88' lang='lat'><strong>-</strong></span> <span class='ocrx_word' id='word_1_194' title='bbox 399 2945 559 3017; x_wconf 79' lang='lat' dir='ltr'><strong>plena</strong></span> <span class='ocrx_word' id='word_1_195' title='bbox 593 2954 649 3000; x_wconf 92' lang='lat' dir='ltr'><strong>et</strong></span> <span class='ocrx_word' id='word_1_196' title='bbox 676 2945 744 3001; x_wconf 87' lang='lat' dir='ltr'><strong>ad</strong></span> <span class='ocrx_word' id='word_1_197' title='bbox 772 2947 974 3001; x_wconf 90' lang='lat' dir='ltr'><strong>malum</strong></span> <span class='ocrx_word' id='word_1_198' title='bbox 1012 2962 1295 3003; x_wconf 88' lang='lat' dir='ltr'><strong>conversa.</strong></span> <span class='ocrx_word' id='word_1_199' title='bbox 1323 2947 1465 3016; x_wconf 83' lang='lat' dir='ltr'><strong>Quid</strong></span> <span class='ocrx_word' id='word_1_200' title='bbox 1498 2950 1697 3004; x_wconf 91' lang='lat' dir='ltr'><strong>borum</strong></span> <span class='ocrx_word' id='word_1_201' title='bbox 1733 2952 1980 3006; x_wconf 90' lang='lat' dir='ltr'><strong>omnium</strong></span> 
     </span>
    </p>
   </div>
   <div class='ocr_carea' id='block_1_33' title="bbox 398 3035 1979 3112">
    <p class='ocr_par' dir='ltr' id='par_1_33' title="bbox 398 3035 1979 3112">
     <span class='ocr_line' id='line_1_33' title="bbox 398 3035 1979 3112; baseline 0.004 -22"><span class='ocrx_word' id='word_1_202' title='bbox 398 3035 636 3105; x_wconf 88' lang='lat' dir='ltr'><strong>primum</strong></span> <span class='ocrx_word' id='word_1_203' title='bbox 680 3035 846 3110; x_wconf 79' lang='lat'><strong>589</strong></span> <span class='ocrx_word' id='word_1_204' title='bbox 901 3037 1270 3107; x_wconf 79' lang='lat' dir='ltr'><strong>planxerunt?</strong></span> <span class='ocrx_word' id='word_1_205' title='bbox 1304 3039 1358 3093; x_wconf 91' lang='lat' dir='ltr'><strong>in</strong></span> <span class='ocrx_word' id='word_1_206' title='bbox 1392 3054 1501 3109; x_wconf 89' lang='lat' dir='ltr'><strong>quo</strong></span> <span class='ocrx_word' id='word_1_207' title='bbox 1531 3056 1640 3095; x_wconf 91' lang='lat' dir='ltr'><strong>non</strong></span> <span class='ocrx_word' id='word_1_208' title='bbox 1682 3041 1852 3112; x_wconf 86' lang='lat' dir='ltr'><strong>magis</strong></span> <span class='ocrx_word' id='word_1_209' title='bbox 1898 3042 1979 3097; x_wconf 88' lang='lat' dir='ltr'><strong>la-</strong></span> 
     </span>
    </p>
   </div>
   <div class='ocr_carea' id='block_1_34' title="bbox 394 3128 1976 3200">
    <p class='ocr_par' dir='ltr' id='par_1_34' title="bbox 394 3128 1976 3200">
     <span class='ocr_line' id='line_1_34' title="bbox 394 3128 1976 3200; baseline 0.006 -19"><span class='ocrx_word' id='word_1_210' title='bbox 394 3144 598 3199; x_wconf 91' lang='lat' dir='ltr'><strong>queum</strong></span> <span class='ocrx_word' id='word_1_211' title='bbox 633 3128 950 3200; x_wconf 79' lang='lat' dir='ltr'><strong>elegerunt?</strong></span> <span class='ocrx_word' id='word_1_212' title='bbox 993 3130 1269 3187; x_wconf 85' lang='lat' dir='ltr'><strong>Fercbant</strong></span> <span class='ocrx_word' id='word_1_213' title='bbox 1301 3140 1483 3187; x_wconf 90' lang='lat' dir='ltr'><strong>tamen</strong></span> <span class='ocrx_word' id='word_1_214' title='bbox 1521 3133 1726 3198; x_wconf 88' lang='lat' dir='ltr'><strong>omnia,</strong></span> <span class='ocrx_word' id='word_1_215' title='bbox 1776 3134 1888 3189; x_wconf 91' lang='lat' dir='ltr'><strong>Deo</strong></span> <span class='ocrx_word' id='word_1_216' title='bbox 1923 3136 1976 3191; x_wconf 89' lang='lat' dir='ltr'><strong>in</strong></span> 
     </span>
    </p>
   </div>
   <div class='ocr_carea' id='block_1_35' title="bbox 395 3221 1976 3297">
    <p class='ocr_par' dir='ltr' id='par_1_35' title="bbox 395 3221 1976 3297">
     <span class='ocr_line' id='line_1_35' title="bbox 395 3221 1976 3297; baseline 0.005 -23"><span class='ocrx_word' id='word_1_217' title='bbox 395 3221 653 3278; x_wconf 82' lang='lat' dir='ltr'><strong>omnibus</strong></span> <span class='ocrx_word' id='word_1_218' title='bbox 681 3223 897 3279; x_wconf 90' lang='lat' dir='ltr'><strong>animos</strong></span> <span class='ocrx_word' id='word_1_219' title='bbox 939 3238 1003 3279; x_wconf 90' lang='lat' dir='ltr'><strong>ac</strong></span> <span class='ocrx_word' id='word_1_220' title='bbox 1030 3224 1396 3279; x_wconf 82' lang='lat' dir='ltr'><strong>constantiam</strong></span> <span class='ocrx_word' id='word_1_221' title='bbox 1440 3225 1718 3295; x_wconf 62' lang='lat' dir='ltr'><strong>praebente</strong></span> <span class='ocrx_word' id='word_1_222' title='bbox 1756 3241 1976 3297; x_wconf 74' lang='lat' dir='ltr'><strong>sua:un</strong></span> 
     </span>
    </p>
   </div>
   <div class='ocr_carea' id='block_1_36' title="bbox 394 3315 1744 3389">
    <p class='ocr_par' dir='ltr' id='par_1_36' title="bbox 394 3315 1744 3389">
     <span class='ocr_line' id='line_1_36' title="bbox 394 3315 1744 3389; baseline 0.005 -21"><span class='ocrx_word' id='word_1_223' title='bbox 394 3315 694 3372; x_wconf 83' lang='lat' dir='ltr'><strong>voluntatis</strong></span> <span class='ocrx_word' id='word_1_224' title='bbox 728 3328 867 3371; x_wconf 91' lang='lat' dir='ltr'><strong>nutu</strong></span> <span class='ocrx_word' id='word_1_225' title='bbox 897 3317 1109 3388; x_wconf 87' lang='lat' dir='ltr'><strong>singula</strong></span> <span class='ocrx_word' id='word_1_226' title='bbox 1136 3334 1367 3388; x_wconf 84' lang='lat' dir='ltr'><strong>quaeque</strong></span> <span class='ocrx_word' id='word_1_227' title='bbox 1398 3318 1744 3389; x_wconf 90' lang='lat' dir='ltr'><strong>disponente.</strong></span> 
     </span>
    </p>
   </div>
   <div class='ocr_carea' id='block_1_37' title="bbox 468 3408 1980 3481">
    <p class='ocr_par' dir='ltr' id='par_1_37' title="bbox 468 3408 1980 3481">
     <span class='ocr_line' id='line_1_37' title="bbox 468 3408 1980 3481; baseline 0.005 -20"><span class='ocrx_word' id='word_1_228' title='bbox 468 3408 556 3463; x_wconf 83' lang='lat'><strong>7&#39;5.</strong></span> <span class='ocrx_word' id='word_1_229' title='bbox 611 3408 731 3464; x_wconf 87' lang='lat' dir='ltr'><strong>Jam</strong></span> <span class='ocrx_word' id='word_1_230' title='bbox 766 3424 899 3464; x_wconf 90' lang='lat' dir='ltr'><strong>vero</strong></span> <span class='ocrx_word' id='word_1_231' title='bbox 947 3425 1140 3463; x_wconf 88' lang='lat' dir='ltr'><strong>rursus</strong></span> <span class='ocrx_word' id='word_1_232' title='bbox 1181 3408 1364 3463; x_wconf 91' lang='lat' dir='ltr'><strong>edicto</strong></span> <span class='ocrx_word' id='word_1_233' title='bbox 1393 3410 1499 3465; x_wconf 89' lang='lat' dir='ltr'><strong>hoc</strong></span> <span class='ocrx_word' id='word_1_234' title='bbox 1543 3426 1608 3465; x_wconf 91' lang='lat' dir='ltr'><strong>ae</strong></span> <span class='ocrx_word' id='word_1_235' title='bbox 1651 3411 1899 3481; x_wconf 85' lang='lat' dir='ltr'><strong>jussione</strong></span> <span class='ocrx_word' id='word_1_236' title='bbox 1949 3429 1980 3469; x_wconf 86' lang='lat' dir='ltr'><strong>a</strong></span> 
     </span>
    </p>
   </div>
   <div class='ocr_carea' id='block_1_38' title="bbox 390 3500 1981 3570">
    <p class='ocr_par' dir='ltr' id='par_1_38' title="bbox 390 3500 1981 3570">
     <span class='ocr_line' id='line_1_38' title="bbox 390 3500 1981 3570; baseline 0.005 -17"><span class='ocrx_word' id='word_1_237' title='bbox 390 3500 638 3570; x_wconf 75' lang='lat' dir='ltr'><strong>cognatis</strong></span> <span class='ocrx_word' id='word_1_238' title='bbox 693 3500 1131 3569; x_wconf 90' lang='lat' dir='ltr'><strong>necessariisque</strong></span> <span class='ocrx_word' id='word_1_239' title='bbox 1160 3500 1324 3555; x_wconf 87' lang='lat' dir='ltr'><strong>divisi</strong></span> <span class='ocrx_word' id='word_1_240' title='bbox 1349 3502 1582 3556; x_wconf 88' lang='lat' dir='ltr'><strong>diversis</strong></span> <span class='ocrx_word' id='word_1_241' title='bbox 1615 3504 1670 3557; x_wconf 93' lang='lat' dir='ltr'><strong>in</strong></span> <span class='ocrx_word' id='word_1_242' title='bbox 1710 3504 1846 3559; x_wconf 89' lang='lat' dir='ltr'><strong>locis</strong></span> <span class='ocrx_word' id='word_1_243' title='bbox 1878 3505 1981 3561; x_wconf 89' lang='lat' dir='ltr'><strong>sub</strong></span> 
     </span>
    </p>
   </div>
   <div class='ocr_carea' id='block_1_39' title="bbox 392 3589 1980 3665">
    <p class='ocr_par' dir='ltr' id='par_1_39' title="bbox 392 3589 1980 3665">
     <span class='ocr_line' id='line_1_39' title="bbox 392 3589 1980 3665; baseline 0.009 -28"><span class='ocrx_word' id='word_1_244' title='bbox 392 3589 641 3644; x_wconf 66' lang='lat' dir='ltr'><strong>custodia</strong></span> <span class='ocrx_word' id='word_1_245' title='bbox 680 3590 970 3653; x_wconf 83' lang='lat' dir='ltr'><strong>sedebant,</strong></span> <span class='ocrx_word' id='word_1_246' title='bbox 1017 3589 1195 3644; x_wconf 87' lang='lat' dir='ltr'><strong>donec</strong></span> <span class='ocrx_word' id='word_1_247' title='bbox 1236 3607 1379 3646; x_wconf 91' lang='lat' dir='ltr'><strong>novo</strong></span> <span class='ocrx_word' id='word_1_248' title='bbox 1412 3591 1636 3648; x_wconf 89' lang='lat' dir='ltr'><strong>decreto</strong></span> <span class='ocrx_word' id='word_1_249' title='bbox 1675 3594 1980 3665; x_wconf 88' lang='lat' dir='ltr'><strong>imperatur</strong></span> 
     </span>
    </p>
   </div>
   <div class='ocr_carea' id='block_1_40' title="bbox 395 3689 1979 3753">
    <p class='ocr_par' dir='ltr' id='par_1_40' title="bbox 395 3689 1979 3753">
     <span class='ocr_line' id='line_1_40' title="bbox 395 3689 1979 3753; baseline 0.007 -20"><span class='ocrx_word' id='word_1_250' title='bbox 395 3689 453 3734; x_wconf 89' lang='lat' dir='ltr'><strong>ut</strong></span> <span class='ocrx_word' id='word_1_251' title='bbox 484 3689 849 3736; x_wconf 89' lang='lat' dir='ltr'><strong>numerentur</strong></span> <span class='ocrx_word' id='word_1_252' title='bbox 881 3696 1095 3747; x_wconf 88' lang='lat' dir='ltr'><strong>omnes,</strong></span> <span class='ocrx_word' id='word_1_253' title='bbox 1120 3698 1297 3751; x_wconf 82' lang='lat' dir='ltr'><strong>exque</strong></span> <span class='ocrx_word' id='word_1_254' title='bbox 1325 3699 1684 3753; x_wconf 91' lang='lat' dir='ltr'><strong>personarum</strong></span> <span class='ocrx_word' id='word_1_255' title='bbox 1728 3696 1979 3744; x_wconf 65' lang='lat' dir='ltr'><strong>aetatum-</strong></span> 
     </span>
    </p>
   </div>
   <div class='ocr_carea' id='block_1_41' title="bbox 393 3772 1977 3852">
    <p class='ocr_par' dir='ltr' id='par_1_41' title="bbox 393 3772 1977 3852">
     <span class='ocr_line' id='line_1_41' title="bbox 393 3772 1977 3852; baseline 0.008 -27"><span class='ocrx_word' id='word_1_256' title='bbox 393 3787 501 3842; x_wconf 85' lang='lat' dir='ltr'><strong>que</strong></span> <span class='ocrx_word' id='word_1_257' title='bbox 550 3772 766 3828; x_wconf 90' lang='lat' dir='ltr'><strong>ratione</strong></span> <span class='ocrx_word' id='word_1_258' title='bbox 820 3774 1102 3829; x_wconf 90' lang='lat' dir='ltr'><strong>diversum</strong></span> <span class='ocrx_word' id='word_1_259' title='bbox 1154 3777 1423 3847; x_wconf 87' lang='lat' dir='ltr'><strong>cujusque</strong></span> <span class='ocrx_word' id='word_1_260' title='bbox 1480 3780 1636 3833; x_wconf 88' lang='lat' dir='ltr'><strong>navis</strong></span> <span class='ocrx_word' id='word_1_261' title='bbox 1692 3783 1977 3852; x_wconf 85' lang='lat' dir='ltr'><strong>proprium</strong></span> 
     </span>
    </p>
   </div>
   <div class='ocr_carea' id='block_1_42' title="bbox 392 3870 1979 3944">
    <p class='ocr_par' dir='ltr' id='par_1_42' title="bbox 392 3870 1979 3944">
     <span class='ocr_line' id='line_1_42' title="bbox 392 3870 1979 3944; baseline 0.008 -26"><span class='ocrx_word' id='word_1_262' title='bbox 392 3881 587 3937; x_wconf 78' lang='lat' dir='ltr'><strong>agmen</strong></span> <span class='ocrx_word' id='word_1_263' title='bbox 631 3876 1015 3937; x_wconf 78' lang='lat' dir='ltr'><strong>cognoscatur,</strong></span> <span class='ocrx_word' id='word_1_264' title='bbox 1066 3884 1137 3924; x_wconf 90' lang='lat' dir='ltr'><strong>ne</strong></span> <span class='ocrx_word' id='word_1_265' title='bbox 1170 3870 1278 3924; x_wconf 92' lang='lat' dir='ltr'><strong>ulla</strong></span> <span class='ocrx_word' id='word_1_266' title='bbox 1314 3871 1538 3926; x_wconf 90' lang='lat' dir='ltr'><strong>navium</strong></span> <span class='ocrx_word' id='word_1_267' title='bbox 1570 3881 1665 3927; x_wconf 90' lang='lat' dir='ltr'><strong>aut</strong></span> <span class='ocrx_word' id='word_1_268' title='bbox 1699 3874 1979 3944; x_wconf 83' lang='lat' dir='ltr'><strong>superfluo</strong></span> 
     </span>
    </p>
   </div>
   <div class='ocr_carea' id='block_1_43' title="bbox 389 3962 1977 4036">
    <p class='ocr_par' dir='ltr' id='par_1_43' title="bbox 389 3962 1977 4036">
     <span class='ocr_line' id='line_1_43' title="bbox 389 3962 1977 4036; baseline 0.008 -25"><span class='ocrx_word' id='word_1_269' title='bbox 389 3974 558 4014; x_wconf 76' lang='lat' dir='ltr'><strong>onere</strong></span> <span class='ocrx_word' id='word_1_270' title='bbox 582 3970 842 4030; x_wconf 79' lang='lat' dir='ltr'><strong>gravetur</strong></span> <span class='ocrx_word' id='word_1_271' title='bbox 868 3971 964 4016; x_wconf 91' lang='lat' dir='ltr'><strong>aut</strong></span> <span class='ocrx_word' id='word_1_272' title='bbox 998 3962 1093 4017; x_wconf 92' lang='lat' dir='ltr'><strong>illo</strong></span> <span class='ocrx_word' id='word_1_273' title='bbox 1119 3962 1403 4019; x_wconf 88' lang='lat' dir='ltr'><strong>minuatur</strong></span> <span class='ocrx_word' id='word_1_274' title='bbox 1425 4005 1438 4027; x_wconf 89' lang='lat'><strong>,</strong></span> <span class='ocrx_word' id='word_1_275' title='bbox 1472 3965 1566 4021; x_wconf 89' lang='lat' dir='ltr'><strong>sed</strong></span> <span class='ocrx_word' id='word_1_276' title='bbox 1596 3982 1698 4036; x_wconf 90' lang='lat' dir='ltr'><strong>pro</strong></span> <span class='ocrx_word' id='word_1_277' title='bbox 1725 3968 1977 4024; x_wconf 87' lang='lat' dir='ltr'><strong>multitu-</strong></span> 
     </span>
    </p>
   </div>
   <div class='ocr_carea' id='block_1_44' title="bbox 388 4048 1976 4125">
    <p class='ocr_par' dir='ltr' id='par_1_44' title="bbox 388 4048 1976 4125">
     <span class='ocr_line' id='line_1_44' title="bbox 388 4048 1976 4125; baseline 0.008 -23"><span class='ocrx_word' id='word_1_278' title='bbox 388 4048 515 4104; x_wconf 88' lang='lat' dir='ltr'><strong>dine</strong></span> <span class='ocrx_word' id='word_1_279' title='bbox 560 4065 755 4106; x_wconf 91' lang='lat' dir='ltr'><strong>eorum</strong></span> <span class='ocrx_word' id='word_1_280' title='bbox 797 4052 892 4122; x_wconf 90' lang='lat' dir='ltr'><strong>qui</strong></span> <span class='ocrx_word' id='word_1_281' title='bbox 946 4051 1002 4106; x_wconf 91' lang='lat' dir='ltr'><strong>in</strong></span> <span class='ocrx_word' id='word_1_282' title='bbox 1058 4054 1291 4109; x_wconf 89' lang='lat' dir='ltr'><strong>navibus</strong></span> <span class='ocrx_word' id='word_1_283' title='bbox 1339 4055 1709 4114; x_wconf 88' lang='lat' dir='ltr'><strong>Barbarorum</strong></span> <span class='ocrx_word' id='word_1_284' title='bbox 1768 4070 1976 4125; x_wconf 83' lang='lat' dir='ltr'><strong>essent,</strong></span> 
     </span>
    </p>
   </div>
   <div class='ocr_carea' id='block_1_45' title="bbox 388 4143 1978 4221">
    <p class='ocr_par' dir='ltr' id='par_1_45' title="bbox 388 4143 1978 4221">
     <span class='ocr_line' id='line_1_45' title="bbox 388 4143 1978 4221; baseline 0.009 -26"><span class='ocrx_word' id='word_1_285' title='bbox 388 4143 701 4200; x_wconf 88' lang='lat' dir='ltr'><strong>distributis</strong></span> <span class='ocrx_word' id='word_1_286' title='bbox 722 4145 997 4216; x_wconf 89' lang='lat' dir='ltr'><strong>partibus,</strong></span> <span class='ocrx_word' id='word_1_287' title='bbox 1029 4163 1131 4202; x_wconf 91' lang='lat' dir='ltr'><strong>nec</strong></span> <span class='ocrx_word' id='word_1_288' title='bbox 1164 4148 1344 4218; x_wconf 85' lang='lat' dir='ltr'><strong>majus</strong></span> <span class='ocrx_word' id='word_1_289' title='bbox 1366 4148 1743 4221; x_wconf 80' lang='lat' dir='ltr'><strong>aliquidjusto</strong></span> <span class='ocrx_word' id='word_1_290' title='bbox 1776 4154 1978 4210; x_wconf 88' lang='lat' dir='ltr'><strong>redde-</strong></span> 
     </span>
    </p>
   </div>
   <div class='ocr_carea' id='block_1_46' title="bbox 391 4239 1974 4314">
    <p class='ocr_par' dir='ltr' id='par_1_46' title="bbox 391 4239 1974 4314">
     <span class='ocr_line' id='line_1_46' title="bbox 391 4239 1974 4314; baseline 0.008 -25"><span class='ocrx_word' id='word_1_291' title='bbox 391 4246 542 4292; x_wconf 80' lang='lat' dir='ltr'><strong>retur</strong></span> <span class='ocrx_word' id='word_1_292' title='bbox 574 4254 677 4294; x_wconf 90' lang='lat' dir='ltr'><strong>nec</strong></span> <span class='ocrx_word' id='word_1_293' title='bbox 722 4239 925 4295; x_wconf 88' lang='lat' dir='ltr'><strong>minus.</strong></span> <span class='ocrx_word' id='word_1_294' title='bbox 971 4240 1029 4294; x_wconf 88' lang='lat' dir='ltr'><strong>In</strong></span> <span class='ocrx_word' id='word_1_295' title='bbox 1067 4242 1260 4310; x_wconf 89' lang='lat' dir='ltr'><strong>primis</strong></span> <span class='ocrx_word' id='word_1_296' title='bbox 1302 4243 1469 4314; x_wconf 79' lang='lat' dir='ltr'><strong>igitur</strong></span> <span class='ocrx_word' id='word_1_297' title='bbox 1510 4255 1794 4301; x_wconf 91' lang='lat' dir='ltr'><strong>numerata</strong></span> <span class='ocrx_word' id='word_1_298' title='bbox 1825 4250 1974 4303; x_wconf 89' lang='lat' dir='ltr'><strong>omni</strong></span> 
     </span>
    </p>
   </div>
   <div class='ocr_carea' id='block_1_47' title="bbox 386 4330 1974 4405">
    <p class='ocr_par' dir='ltr' id='par_1_47' title="bbox 386 4330 1974 4405">
     <span class='ocr_line' id='line_1_47' title="bbox 386 4330 1974 4405; baseline 0.008 -21"><span class='ocrx_word' id='word_1_299' title='bbox 386 4330 762 4397; x_wconf 89' lang='lat' dir='ltr'><strong>multitudine,</strong></span> <span class='ocrx_word' id='word_1_300' title='bbox 795 4347 1008 4388; x_wconf 89' lang='lat' dir='ltr'><strong>summa</strong></span> <span class='ocrx_word' id='word_1_301' title='bbox 1041 4333 1143 4388; x_wconf 89' lang='lat' dir='ltr'><strong>fuit</strong></span> <span class='ocrx_word' id='word_1_302' title='bbox 1167 4335 1277 4391; x_wconf 88' lang='lat' dir='ltr'><strong>duo</strong></span> <span class='ocrx_word' id='word_1_303' title='bbox 1309 4346 1365 4392; x_wconf 89' lang='lat' dir='ltr'><strong>et</strong></span> <span class='ocrx_word' id='word_1_304' title='bbox 1395 4337 1583 4405; x_wconf 82' lang='lat' dir='ltr'><strong>viginti</strong></span> <span class='ocrx_word' id='word_1_305' title='bbox 1617 4338 1849 4393; x_wconf 88' lang='lat' dir='ltr'><strong>millium</strong></span> <span class='ocrx_word' id='word_1_306' title='bbox 1884 4357 1974 4396; x_wconf 87' lang='lat' dir='ltr'><strong>ca-</strong></span> 
     </span>
    </p>
   </div>
   <div class='ocr_carea' id='block_1_48' title="bbox 386 4424 1977 4501">
    <p class='ocr_par' dir='ltr' id='par_1_48' title="bbox 386 4424 1977 4501">
     <span class='ocr_line' id='line_1_48' title="bbox 386 4424 1977 4501; baseline 0.008 -24"><span class='ocrx_word' id='word_1_307' title='bbox 386 4424 603 4494; x_wconf 88' lang='lat' dir='ltr'><strong>pitum;</strong></span> <span class='ocrx_word' id='word_1_308' title='bbox 653 4425 797 4479; x_wconf 90' lang='lat' dir='ltr'><strong>inter</strong></span> <span class='ocrx_word' id='word_1_309' title='bbox 846 4440 984 4495; x_wconf 91' lang='lat' dir='ltr'><strong>quos</strong></span> <span class='ocrx_word' id='word_1_310' title='bbox 1033 4442 1226 4483; x_wconf 90' lang='lat' dir='ltr'><strong>omnes</strong></span> <span class='ocrx_word' id='word_1_311' title='bbox 1277 4446 1345 4485; x_wconf 91' lang='lat' dir='ltr'><strong>ne</strong></span> <span class='ocrx_word' id='word_1_312' title='bbox 1399 4446 1542 4484; x_wconf 92' lang='lat' dir='ltr'><strong>unus</strong></span> <span class='ocrx_word' id='word_1_313' title='bbox 1584 4432 1806 4501; x_wconf 89' lang='lat' dir='ltr'><strong>quidem</strong></span> <span class='ocrx_word' id='word_1_314' title='bbox 1859 4446 1977 4489; x_wconf 88' lang='lat' dir='ltr'><strong>erat</strong></span> 
     </span>
    </p>
   </div>
   <div class='ocr_carea' id='block_1_49' title="bbox 388 4507 1982 4597">
    <p class='ocr_par' dir='ltr' id='par_1_49' title="bbox 388 4516 1969 4591">
     <span class='ocr_line' id='line_1_49' title="bbox 388 4516 1969 4591; baseline 0.008 -21"><span class='ocrx_word' id='word_1_315' title='bbox 388 4516 585 4587; x_wconf 79' lang='lat' dir='ltr'><strong>(nobis</strong></span> <span class='ocrx_word' id='word_1_316' title='bbox 618 4517 883 4574; x_wconf 82' lang='lat' dir='ltr'><strong>duntaxat</strong></span> <span class='ocrx_word' id='word_1_317' title='bbox 914 4520 1161 4589; x_wconf 84' lang='lat' dir='ltr'><strong>exceptis</strong></span> <span class='ocrx_word' id='word_1_318' title='bbox 1183 4560 1196 4583; x_wconf 94' lang='lat'><strong>,</strong></span> <span class='ocrx_word' id='word_1_319' title='bbox 1239 4522 1332 4591; x_wconf 88' lang='lat' dir='ltr'><strong>qui</strong></span> <span class='ocrx_word' id='word_1_320' title='bbox 1368 4526 1742 4581; x_wconf 86' lang='lat' dir='ltr'><strong>commutandi</strong></span> <span class='ocrx_word' id='word_1_321' title='bbox 1780 4543 1969 4583; x_wconf 88' lang='lat' dir='ltr'><strong>serva-</strong></span> 
     </span>
    </p>
   </div>
   <div class='ocr_carea' id='block_1_50' title="bbox 2088 4507 3677 4597">
    <p class='ocr_par' dir='ltr' id='par_1_50' title="bbox 2088 4507 3677 4583">
     <span class='ocr_line' id='line_1_50' title="bbox 2088 4507 3677 4583; baseline 0.001 -20"><span class='ocrx_word' id='word_1_322' title='bbox 2088 4510 2322 4581; x_wconf 70' lang='grc' dir='ltr'>ιιλλαγῆς</span> <span class='ocrx_word' id='word_1_323' title='bbox 2370 4510 2749 4581; x_wconf 80' lang='grc' dir='ltr'>τηρουμένων,</span> <span class='ocrx_word' id='word_1_324' title='bbox 2795 4513 2897 4565; x_wconf 91' lang='grc' dir='ltr'><strong>ούκ</strong></span> <span class='ocrx_word' id='word_1_325' title='bbox 2936 4507 3003 4583; x_wconf 80' lang='grc' dir='ltr'>ἦν</span> <span class='ocrx_word' id='word_1_326' title='bbox 3048 4513 3219 4577; x_wconf 70' lang='grc' dir='ltr'>οὐδεὶς</span> <span class='ocrx_word' id='word_1_327' title='bbox 3258 4513 3315 4577; x_wconf 83' lang='grc' dir='ltr'>ὃς</span> <span class='ocrx_word' id='word_1_328' title='bbox 3350 4512 3447 4566; x_wconf 74' lang='grc' dir='ltr'>τὸν</span> <span class='ocrx_word' id='word_1_329' title='bbox 3472 4514 3519 4545; x_wconf 74' lang='grc'>⁸⁸</span> <span class='ocrx_word' id='word_1_330' title='bbox 3554 4513 3677 4565; x_wconf 73' lang='lat' dir='ltr'><strong>mb-</strong></span> 
     </span>
    </p>
   </div>
   <div class='ocr_carea' id='block_1_51' title="bbox 384 4609 1977 4689">
    <p class='ocr_par' dir='ltr' id='par_1_51' title="bbox 384 4609 1977 4689">
     <span class='ocr_line' id='line_1_51' title="bbox 384 4609 1977 4689; baseline 0.007 -25"><span class='ocrx_word' id='word_1_331' title='bbox 384 4610 598 4679; x_wconf 91' lang='lat' dir='ltr'><strong>bamur)</strong></span> <span class='ocrx_word' id='word_1_332' title='bbox 621 4609 710 4668; x_wconf 90' lang='lat' dir='ltr'><strong>cui</strong></span> <span class='ocrx_word' id='word_1_333' title='bbox 732 4622 989 4679; x_wconf 86' lang='lat' dir='ltr'><strong>mentum</strong></span> <span class='ocrx_word' id='word_1_334' title='bbox 1014 4612 1141 4683; x_wconf 52' lang='lat' dir='ltr'><strong>piis</strong></span> <span class='ocrx_word' id='word_1_335' title='bbox 1173 4613 1481 4671; x_wconf 89' lang='lat' dir='ltr'><strong>fruticaret.</strong></span> <span class='ocrx_word' id='word_1_336' title='bbox 1508 4617 1577 4672; x_wconf 80' lang='lat' dir='ltr'><strong>At</strong></span> <span class='ocrx_word' id='word_1_337' title='bbox 1607 4634 1785 4689; x_wconf 88' lang='lat' dir='ltr'><strong>neque</strong></span> <span class='ocrx_word' id='word_1_338' title='bbox 1817 4620 1870 4674; x_wconf 93' lang='lat' dir='ltr'><strong>in</strong></span> <span class='ocrx_word' id='word_1_339' title='bbox 1898 4629 1977 4676; x_wconf 87' lang='lat' dir='ltr'><strong>tot</strong></span> 
     </span>
    </p>
   </div>
   <div class='ocr_carea' id='block_1_52' title="bbox 388 4700 1971 4778">
    <p class='ocr_par' dir='ltr' id='par_1_52' title="bbox 388 4700 1971 4778">
     <span class='ocr_line' id='line_1_52' title="bbox 388 4700 1971 4778; baseline 0.009 -26"><span class='ocrx_word' id='word_1_340' title='bbox 388 4700 685 4756; x_wconf 86' lang='lat' dir='ltr'><strong>mulierum</strong></span> <span class='ocrx_word' id='word_1_341' title='bbox 713 4700 958 4757; x_wconf 90' lang='lat' dir='ltr'><strong>millibus</strong></span> <span class='ocrx_word' id='word_1_342' title='bbox 994 4704 1104 4758; x_wconf 90' lang='lat' dir='ltr'><strong>ulla</strong></span> <span class='ocrx_word' id='word_1_343' title='bbox 1135 4714 1251 4759; x_wconf 90' lang='lat' dir='ltr'><strong>erat</strong></span> <span class='ocrx_word' id='word_1_344' title='bbox 1278 4722 1399 4777; x_wconf 66' lang='lat' dir='ltr'><strong>quin</strong></span> <span class='ocrx_word' id='word_1_345' title='bbox 1419 4707 1620 4778; x_wconf 90' lang='lat' dir='ltr'><strong>pubem</strong></span> <span class='ocrx_word' id='word_1_346' title='bbox 1652 4710 1971 4767; x_wconf 89' lang='lat' dir='ltr'><strong>excederet.</strong></span> 
     </span>
    </p>
   </div>
   <div class='ocr_carea' id='block_1_53' title="bbox 383 4792 1971 4873">
    <p class='ocr_par' dir='ltr' id='par_1_53' title="bbox 383 4792 1971 4873">
     <span class='ocr_line' id='line_1_53' title="bbox 383 4792 1971 4873; baseline 0.008 -26"><span class='ocrx_word' id='word_1_347' title='bbox 383 4792 515 4847; x_wconf 84' lang='lat' dir='ltr'><strong>Erat</strong></span> <span class='ocrx_word' id='word_1_348' title='bbox 533 4808 664 4848; x_wconf 89' lang='lat' dir='ltr'><strong>vero</strong></span> <span class='ocrx_word' id='word_1_349' title='bbox 689 4794 900 4850; x_wconf 89' lang='lat' dir='ltr'><strong>electus</strong></span> <span class='ocrx_word' id='word_1_350' title='bbox 927 4798 1165 4867; x_wconf 89' lang='lat' dir='ltr'><strong>p0pulus</strong></span> <span class='ocrx_word' id='word_1_351' title='bbox 1190 4800 1491 4871; x_wconf 87' lang='lat' dir='ltr'><strong>etjuventa</strong></span> <span class='ocrx_word' id='word_1_352' title='bbox 1521 4804 1876 4873; x_wconf 88' lang='lat' dir='ltr'><strong>conspicuus.</strong></span> <span class='ocrx_word' id='word_1_353' title='bbox 1905 4821 1971 4861; x_wconf 94' lang='lat' dir='ltr'><strong>ac</strong></span> 
     </span>
    </p>
   </div>
   <div class='ocr_carea' id='block_1_54' title="bbox 384 4887 1966 4967">
    <p class='ocr_par' dir='ltr' id='par_1_54' title="bbox 384 4887 1966 4967">
     <span class='ocr_line' id='line_1_54' title="bbox 384 4887 1966 4967; baseline 0.008 -28"><span class='ocrx_word' id='word_1_354' title='bbox 384 4887 439 4940; x_wconf 91' lang='lat' dir='ltr'><strong>in</strong></span> <span class='ocrx_word' id='word_1_355' title='bbox 475 4901 586 4957; x_wconf 91' lang='lat' dir='ltr'><strong>quo</strong></span> <span class='ocrx_word' id='word_1_356' title='bbox 611 4887 705 4941; x_wconf 87' lang='lat' dir='ltr'><strong>alii</strong></span> <span class='ocrx_word' id='word_1_357' title='bbox 738 4888 862 4942; x_wconf 86' lang='lat' dir='ltr'><strong>aliis</strong></span> <span class='ocrx_word' id='word_1_358' title='bbox 892 4905 1062 4966; x_wconf 82' lang='lat' dir='ltr'><strong>prope</strong></span> <span class='ocrx_word' id='word_1_359' title='bbox 1092 4902 1307 4949; x_wconf 86' lang='lat' dir='ltr'><strong>certare</strong></span> <span class='ocrx_word' id='word_1_360' title='bbox 1334 4894 1618 4951; x_wconf 85' lang='lat' dir='ltr'><strong>videretur</strong></span> <span class='ocrx_word' id='word_1_361' title='bbox 1654 4913 1821 4967; x_wconf 87' lang='lat' dir='ltr'><strong>seque</strong></span> <span class='ocrx_word' id='word_1_362' title='bbox 1842 4914 1966 4952; x_wconf 56' lang='lat' dir='ltr'><strong>mn-</strong></span> 
     </span>
    </p>
   </div>
   <div class='ocr_carea' id='block_1_55' title="bbox 383 4978 1967 5053">
    <p class='ocr_par' dir='ltr' id='par_1_55' title="bbox 383 4978 1967 5053">
     <span class='ocr_line' id='line_1_55' title="bbox 383 4978 1967 5053; baseline 0.009 -22"><span class='ocrx_word' id='word_1_363' title='bbox 383 4990 478 5034; x_wconf 92' lang='lat' dir='ltr'><strong>tuo</strong></span> <span class='ocrx_word' id='word_1_364' title='bbox 511 4978 781 5035; x_wconf 81' lang='lat' dir='ltr'><strong>excedere</strong></span> <span class='ocrx_word' id='word_1_365' title='bbox 810 4990 905 5035; x_wconf 90' lang='lat' dir='ltr'><strong>aut</strong></span> <span class='ocrx_word' id='word_1_366' title='bbox 939 4985 1116 5038; x_wconf 71' lang='lat' dir='ltr'><strong>aetatis</strong></span> <span class='ocrx_word' id='word_1_367' title='bbox 1147 4983 1279 5040; x_wconf 83' lang='lat' dir='ltr'><strong>ﬂore</strong></span> <span class='ocrx_word' id='word_1_368' title='bbox 1312 4997 1408 5041; x_wconf 93' lang='lat' dir='ltr'><strong>aut</strong></span> <span class='ocrx_word' id='word_1_369' title='bbox 1438 4996 1724 5044; x_wconf 88' lang='lat' dir='ltr'><strong>venustate</strong></span> <span class='ocrx_word' id='word_1_370' title='bbox 1757 4990 1967 5053; x_wconf 59' lang='lat' dir='ltr'><strong>formae,</strong></span> 
     </span>
    </p>
   </div>
   <div class='ocr_carea' id='block_1_56' title="bbox 383 5070 1969 5135">
    <p class='ocr_par' dir='ltr' id='par_1_56' title="bbox 383 5070 1969 5135">
     <span class='ocr_line' id='line_1_56' title="bbox 383 5070 1969 5135; baseline 0.008 -12"><span class='ocrx_word' id='word_1_371' title='bbox 383 5070 596 5125; x_wconf 91' lang='lat' dir='ltr'><strong>tametsi</strong></span> <span class='ocrx_word' id='word_1_372' title='bbox 625 5070 955 5126; x_wconf 84' lang='lat' dir='ltr'><strong>afllietorum</strong></span> <span class='ocrx_word' id='word_1_373' title='bbox 989 5088 1218 5131; x_wconf 88' lang='lat' dir='ltr'><strong>casuum</strong></span> <span class='ocrx_word' id='word_1_374' title='bbox 1255 5075 1337 5131; x_wconf 86' lang='lat' dir='ltr'><strong>vis</strong></span> <span class='ocrx_word' id='word_1_375' title='bbox 1374 5077 1633 5131; x_wconf 90' lang='lat' dir='ltr'><strong>continua</strong></span> <span class='ocrx_word' id='word_1_376' title='bbox 1660 5094 1690 5132; x_wconf 85' lang='lat' dir='ltr'><strong>a</strong></span> <span class='ocrx_word' id='word_1_377' title='bbox 1729 5081 1969 5135; x_wconf 88' lang='lat' dir='ltr'><strong>naturali</strong></span> 
     </span>
    </p>
   </div>
   <div class='ocr_carea' id='block_1_57' title="bbox 381 5162 1967 5239">
    <p class='ocr_par' dir='ltr' id='par_1_57' title="bbox 381 5162 1967 5239">
     <span class='ocr_line' id='line_1_57' title="bbox 381 5162 1967 5239; baseline 0.004 -22"><span class='ocrx_word' id='word_1_378' title='bbox 381 5162 652 5218; x_wconf 66' lang='lat' dir='ltr'><strong>decedere</strong></span> <span class='ocrx_word' id='word_1_379' title='bbox 691 5177 787 5218; x_wconf 90' lang='lat' dir='ltr'><strong>eos</strong></span> <span class='ocrx_word' id='word_1_380' title='bbox 836 5163 1025 5220; x_wconf 91' lang='lat' dir='ltr'><strong>habitu</strong></span> <span class='ocrx_word' id='word_1_381' title='bbox 1061 5166 1327 5235; x_wconf 88' lang='lat' dir='ltr'><strong>cultuque</strong></span> <span class='ocrx_word' id='word_1_382' title='bbox 1374 5167 1620 5236; x_wconf 82' lang='lat' dir='ltr'><strong>cogebat.</strong></span> <span class='ocrx_word' id='word_1_383' title='bbox 1672 5168 1967 5239; x_wconf 84' lang='lat' dir='ltr'><strong>Postquam</strong></span> 
     </span>
    </p>
   </div>
   <div class='ocr_carea' id='block_1_58' title="bbox 383 5258 1963 5330">
    <p class='ocr_par' dir='ltr' id='par_1_58' title="bbox 383 5258 1963 5330">
     <span class='ocr_line' id='line_1_58' title="bbox 383 5258 1963 5330; baseline 0.006 -23"><span class='ocrx_word' id='word_1_384' title='bbox 383 5265 562 5311; x_wconf 81' lang='lat' dir='ltr'><strong>autem</strong></span> <span class='ocrx_word' id='word_1_385' title='bbox 606 5272 799 5313; x_wconf 87' lang='lat' dir='ltr'><strong>omnes</strong></span> <span class='ocrx_word' id='word_1_386' title='bbox 844 5258 899 5313; x_wconf 88' lang='lat' dir='ltr'><strong>in</strong></span> <span class='ocrx_word' id='word_1_387' title='bbox 954 5269 1139 5330; x_wconf 89' lang='lat' dir='ltr'><strong>partes</strong></span> <span class='ocrx_word' id='word_1_388' title='bbox 1194 5259 1519 5315; x_wconf 89' lang='lat' dir='ltr'><strong>distributos</strong></span> <span class='ocrx_word' id='word_1_389' title='bbox 1584 5261 1783 5316; x_wconf 89' lang='lat' dir='ltr'><strong>iterum</strong></span> <span class='ocrx_word' id='word_1_390' title='bbox 1840 5279 1963 5317; x_wconf 83' lang='lat' dir='ltr'><strong>eum</strong></span> 
     </span>
    </p>
   </div>
   <div class='ocr_carea' id='block_1_59' title="bbox 383 5347 1964 5419">
    <p class='ocr_par' dir='ltr' id='par_1_59' title="bbox 383 5347 1964 5419">
     <span class='ocr_line' id='line_1_59' title="bbox 383 5347 1964 5419; baseline 0.004 -22"><span class='ocrx_word' id='word_1_391' title='bbox 383 5347 571 5413; x_wconf 76' lang='lat' dir='ltr'><strong>spoliis</strong></span> <span class='ocrx_word' id='word_1_392' title='bbox 593 5348 648 5402; x_wconf 90' lang='lat' dir='ltr'><strong>in</strong></span> <span class='ocrx_word' id='word_1_393' title='bbox 679 5364 847 5403; x_wconf 90' lang='lat' dir='ltr'><strong>naves</strong></span> <span class='ocrx_word' id='word_1_394' title='bbox 869 5360 1259 5405; x_wconf 86' lang='lat' dir='ltr'><strong>contruserant</strong></span> <span class='ocrx_word' id='word_1_395' title='bbox 1282 5350 1429 5419; x_wconf 91' lang='lat' dir='ltr'><strong>(nam</strong></span> <span class='ocrx_word' id='word_1_396' title='bbox 1462 5348 1575 5404; x_wconf 65' lang='lat' dir='ltr'><strong>haec</strong></span> <span class='ocrx_word' id='word_1_397' title='bbox 1599 5364 1818 5419; x_wconf 89' lang='lat' dir='ltr'><strong>quoque</strong></span> <span class='ocrx_word' id='word_1_398' title='bbox 1839 5366 1964 5405; x_wconf 89' lang='lat' dir='ltr'><strong>cum</strong></span> 
     </span>
    </p>
   </div>
   <div class='ocr_carea' id='block_1_60' title="bbox 385 5436 1963 5512">
    <p class='ocr_par' dir='ltr' id='par_1_60' title="bbox 385 5436 1963 5512">
     <span class='ocr_line' id='line_1_60' title="bbox 385 5436 1963 5512; baseline 0.007 -26"><span class='ocrx_word' id='word_1_399' title='bbox 385 5436 741 5493; x_wconf 87' lang='lat' dir='ltr'><strong>multitudine</strong></span> <span class='ocrx_word' id='word_1_400' title='bbox 760 5438 932 5495; x_wconf 84' lang='lat' dir='ltr'><strong>divisa</strong></span> <span class='ocrx_word' id='word_1_401' title='bbox 980 5441 1251 5511; x_wconf 86' lang='lat' dir='ltr'><strong>fuerant),</strong></span> <span class='ocrx_word' id='word_1_402' title='bbox 1291 5440 1516 5495; x_wconf 88' lang='lat' dir='ltr'><strong>Barbari</strong></span> <span class='ocrx_word' id='word_1_403' title='bbox 1557 5440 1719 5512; x_wconf 80' lang='lat'><strong>590</strong></span> <span class='ocrx_word' id='word_1_404' title='bbox 1746 5442 1963 5498; x_wconf 83' lang='lat' dir='ltr'><strong>Cretam</strong></span> 
     </span>
    </p>
   </div>
   <div class='ocr_carea' id='block_1_61' title="bbox 383 5524 1964 5604">
    <p class='ocr_par' dir='ltr' id='par_1_61' title="bbox 383 5524 1964 5604">
     <span class='ocr_line' id='line_1_61' title="bbox 383 5524 1964 5604; baseline 0.004 -23"><span class='ocrx_word' id='word_1_405' title='bbox 383 5524 687 5581; x_wconf 87' lang='lat' dir='ltr'><strong>incolentes</strong></span> <span class='ocrx_word' id='word_1_406' title='bbox 730 5544 798 5582; x_wconf 78' lang='lat' dir='ltr'><strong>ex</strong></span> <span class='ocrx_word' id='word_1_407' title='bbox 843 5531 925 5585; x_wconf 87' lang='lat' dir='ltr'><strong>eis</strong></span> <span class='ocrx_word' id='word_1_408' title='bbox 984 5548 1092 5587; x_wconf 91' lang='lat' dir='ltr'><strong>non</strong></span> <span class='ocrx_word' id='word_1_409' title='bbox 1155 5548 1359 5604; x_wconf 88' lang='lat' dir='ltr'><strong>paucos</strong></span> <span class='ocrx_word' id='word_1_410' title='bbox 1406 5536 1759 5588; x_wconf 87' lang='lat' dir='ltr'><strong>commcreati</strong></span> <span class='ocrx_word' id='word_1_411' title='bbox 1812 5543 1964 5597; x_wconf 87' lang='lat' dir='ltr'><strong>sunt,</strong></span> 
     </span>
    </p>
   </div>
   <div class='ocr_carea' id='block_1_62' title="bbox 383 5614 1962 5695">
    <p class='ocr_par' dir='ltr' id='par_1_62' title="bbox 383 5614 1962 5695">
     <span class='ocr_line' id='line_1_62' title="bbox 383 5614 1962 5695; baseline 0.006 -25"><span class='ocrx_word' id='word_1_412' title='bbox 383 5616 554 5672; x_wconf 85' lang='lat' dir='ltr'><strong>multa</strong></span> <span class='ocrx_word' id='word_1_413' title='bbox 599 5614 652 5668; x_wconf 86' lang='lat' dir='ltr'><strong>in</strong></span> <span class='ocrx_word' id='word_1_414' title='bbox 688 5632 806 5673; x_wconf 90' lang='lat' dir='ltr'><strong>eam</strong></span> <span class='ocrx_word' id='word_1_415' title='bbox 858 5637 972 5677; x_wconf 89' lang='lat' dir='ltr'><strong>rem</strong></span> <span class='ocrx_word' id='word_1_416' title='bbox 1014 5634 1208 5695; x_wconf 82' lang='lat' dir='ltr'><strong>sponte</strong></span> <span class='ocrx_word' id='word_1_417' title='bbox 1252 5636 1534 5680; x_wconf 83' lang='lat' dir='ltr'><strong>numerata</strong></span> <span class='ocrx_word' id='word_1_418' title='bbox 1572 5626 1823 5695; x_wconf 82' lang='lat' dir='ltr'><strong>pecunia,</strong></span> <span class='ocrx_word' id='word_1_419' title='bbox 1855 5644 1962 5681; x_wconf 86' lang='lat' dir='ltr'><strong>non</strong></span> 
     </span>
    </p>
   </div>
   <div class='ocr_carea' id='block_1_63' title="bbox 2106 550 3691 625">
    <p class='ocr_par' dir='ltr' id='par_1_63' title="bbox 2106 550 3691 625">
     <span class='ocr_line' id='line_1_63' title="bbox 2106 550 3691 625; baseline 0.001 -20"><span class='ocrx_word' id='word_1_420' title='bbox 2106 554 2243 617; x_wconf 71' lang='grc' dir='ltr'>Τοὺς</span> <span class='ocrx_word' id='word_1_421' title='bbox 2287 552 2436 618; x_wconf 78' lang='grc' dir='ltr'>ἅπαξ</span> <span class='ocrx_word' id='word_1_422' title='bbox 2492 553 2599 624; x_wconf 83' lang='grc' dir='ltr'><strong>γάρ</strong></span> <span class='ocrx_word' id='word_1_423' title='bbox 2661 554 2959 619; x_wconf 77' lang='grc' dir='ltr'>ἐνωθέντας</span> <span class='ocrx_word' id='word_1_424' title='bbox 3004 555 3340 625; x_wconf 80' lang='grc' dir='ltr'>διαιρεθῆναι</span> <span class='ocrx_word' id='word_1_425' title='bbox 3379 555 3474 608; x_wconf 76' lang='grc' dir='ltr'><strong>καὶ</strong></span> <span class='ocrx_word' id='word_1_426' title='bbox 3534 550 3691 617; x_wconf 75' lang='grc' dir='ltr'>αὖθις</span> 
     </span>
    </p>
   </div>
   <div class='ocr_carea' id='block_1_64' title="bbox 2104 645 3694 717">
    <p class='ocr_par' dir='ltr' id='par_1_64' title="bbox 2104 645 3694 717">
     <span class='ocr_line' id='line_1_64' title="bbox 2104 645 3694 717; baseline 0.001 -19"><span class='ocrx_word' id='word_1_427' title='bbox 2104 645 2494 714; x_wconf 79' lang='grc' dir='ltr'><strong>προσέταττον,</strong></span> <span class='ocrx_word' id='word_1_428' title='bbox 2528 646 2625 699; x_wconf 74' lang='grc' dir='ltr'><strong>καὶ</strong></span> <span class='ocrx_word' id='word_1_429' title='bbox 2655 647 2709 699; x_wconf 82' lang='grc' dir='ltr'><strong>εί</strong></span> <span class='ocrx_word' id='word_1_430' title='bbox 2729 645 2830 699; x_wconf 92' lang='grc' dir='ltr'><strong>πού</strong></span> <span class='ocrx_word' id='word_1_431' title='bbox 2864 663 2943 709; x_wconf 86' lang='grc' dir='ltr'><strong>τις</strong></span> <span class='ocrx_word' id='word_1_432' title='bbox 2971 647 3175 717; x_wconf 79' lang='grc' dir='ltr'>μήτηρ,</span> <span class='ocrx_word' id='word_1_433' title='bbox 3200 646 3384 715; x_wconf 61' lang='grc' dir='ltr'>φησιν,</span> <span class='ocrx_word' id='word_1_434' title='bbox 3417 649 3475 699; x_wconf 86' lang='grc' dir='ltr'>ὲν</span> <span class='ocrx_word' id='word_1_435' title='bbox 3505 648 3694 710; x_wconf 80' lang='grc' dir='ltr'>αὐτοῖς</span> 
     </span>
    </p>
   </div>
   <div class='ocr_carea' id='block_1_65' title="bbox 2102 732 3693 805">
    <p class='ocr_par' dir='ltr' id='par_1_65' title="bbox 2102 732 3693 805">
     <span class='ocr_line' id='line_1_65' title="bbox 2102 732 3693 805; baseline 0.003 -20"><span class='ocrx_word' id='word_1_436' title='bbox 2102 734 2295 805; x_wconf 80' lang='grc' dir='ltr'><strong>νήπιον</strong></span> <span class='ocrx_word' id='word_1_437' title='bbox 2325 732 2524 803; x_wconf 74' lang='grc' dir='ltr'>ἔχουσα</span> <span class='ocrx_word' id='word_1_438' title='bbox 2555 734 2649 787; x_wconf 86' lang='grc' dir='ltr'><strong>τοῦ</strong></span> <span class='ocrx_word' id='word_1_439' title='bbox 2677 733 2949 803; x_wconf 85' lang='grc' dir='ltr'>γάλακτος</span> <span class='ocrx_word' id='word_1_440' title='bbox 2970 735 3224 804; x_wconf 84' lang='grc' dir='ltr'>δεόμενον</span> <span class='ocrx_word' id='word_1_441' title='bbox 3243 735 3313 800; x_wconf 77' lang='grc'><strong>⁸⁸,</strong></span> <span class='ocrx_word' id='word_1_442' title='bbox 3342 736 3501 789; x_wconf 91' lang='grc' dir='ltr'>τοῦτο</span> <span class='ocrx_word' id='word_1_443' title='bbox 3530 736 3693 805; x_wconf 87' lang='grc' dir='ltr'>μόνον</span> 
     </span>
    </p>
   </div>
   <div class='ocr_carea' id='block_1_66' title="bbox 2102 825 3693 897">
    <p class='ocr_par' dir='ltr' id='par_1_66' title="bbox 2102 825 3693 897">
     <span class='ocr_line' id='line_1_66' title="bbox 2102 825 3693 897; baseline 0.003 -20"><span class='ocrx_word' id='word_1_444' title='bbox 2102 826 2241 896; x_wconf 74' lang='grc' dir='ltr'>προς</span> <span class='ocrx_word' id='word_1_445' title='bbox 2270 825 2368 895; x_wconf 80' lang='grc' dir='ltr'><strong>τὴν</strong></span> <span class='ocrx_word' id='word_1_446' title='bbox 2392 825 2659 880; x_wconf 83' lang='grc' dir='ltr'><strong>τεκοῦσαν</strong></span> <span class='ocrx_word' id='word_1_447' title='bbox 2687 827 2868 897; x_wconf 81' lang='grc' dir='ltr'>μένειν</span> <span class='ocrx_word' id='word_1_448' title='bbox 2892 829 2941 880; x_wconf 89' lang='grc' dir='ltr'>οἱ</span> <span class='ocrx_word' id='word_1_449' title='bbox 2975 827 3258 890; x_wconf 77' lang='grc' dir='ltr'>δυσσεϐεῖς</span> <span class='ocrx_word' id='word_1_450' title='bbox 3282 828 3693 882; x_wconf 82' lang='grc' dir='ltr'>κατεθὲσπισαν</span> 
     </span>
    </p>
   </div>
   <div class='ocr_carea' id='block_1_67' title="bbox 2099 916 3693 993">
    <p class='ocr_par' dir='ltr' id='par_1_67' title="bbox 2099 916 3693 993">
     <span class='ocr_line' id='line_1_67' title="bbox 2099 916 3693 993; baseline 0.003 -24"><span class='ocrx_word' id='word_1_451' title='bbox 2099 916 2176 980; x_wconf 83' lang='grc' dir='ltr'>ὼς</span> <span class='ocrx_word' id='word_1_452' title='bbox 2227 916 2396 986; x_wconf 78' lang='grc' dir='ltr'>μηδὲν</span> <span class='ocrx_word' id='word_1_453' title='bbox 2452 918 2613 989; x_wconf 68' lang='grc' dir='ltr'>τυχὸν</span> <span class='ocrx_word' id='word_1_454' title='bbox 2648 919 2945 989; x_wconf 81' lang='grc' dir='ltr'><strong>δυνάμενον</strong></span> <span class='ocrx_word' id='word_1_455' title='bbox 2990 920 3168 991; x_wconf 80' lang='grc' dir='ltr'>ἐαυτῷ</span> <span class='ocrx_word' id='word_1_456' title='bbox 3210 920 3348 990; x_wconf 73' lang='grc' dir='ltr'>πρὸς</span> <span class='ocrx_word' id='word_1_457' title='bbox 3385 920 3484 992; x_wconf 79' lang='grc' dir='ltr'><strong>τὴν</strong></span> <span class='ocrx_word' id='word_1_458' title='bbox 3544 921 3693 993; x_wconf 78' lang='grc' dir='ltr'>ζωὴν</span> 
     </span>
    </p>
   </div>
   <div class='ocr_carea' id='block_1_68' title="bbox 2103 1006 3694 1078">
    <p class='ocr_par' dir='ltr' id='par_1_68' title="bbox 2103 1006 3694 1078">
     <span class='ocr_line' id='line_1_68' title="bbox 2103 1006 3694 1078; baseline 0.005 -20"><span class='ocrx_word' id='word_1_459' title='bbox 2103 1006 2406 1073; x_wconf 79' lang='grc' dir='ltr'>συντελεῖν,</span> <span class='ocrx_word' id='word_1_460' title='bbox 2460 1010 2588 1070; x_wconf 75' lang='grc' dir='ltr'>τοὺς</span> <span class='ocrx_word' id='word_1_461' title='bbox 2626 1008 2849 1072; x_wconf 79' lang='grc' dir='ltr'>λοιποὺς</span> <span class='ocrx_word' id='word_1_462' title='bbox 2900 1010 2956 1063; x_wconf 84' lang='grc' dir='ltr'>δὲ</span> <span class='ocrx_word' id='word_1_463' title='bbox 3013 1010 3123 1062; x_wconf 84' lang='grc' dir='ltr'><strong>τῶν</strong></span> <span class='ocrx_word' id='word_1_464' title='bbox 3178 1012 3521 1078; x_wconf 78' lang='grc' dir='ltr'>συγγενικῶν</span> <span class='ocrx_word' id='word_1_465' title='bbox 3568 1030 3694 1066; x_wconf 88' lang='grc' dir='ltr'>συν-</span> 
     </span>
    </p>
   </div>
   <div class='ocr_carea' id='block_1_69' title="bbox 2109 1098 3692 1176">
    <p class='ocr_par' dir='ltr' id='par_1_69' title="bbox 2109 1098 3692 1176">
     <span class='ocr_line' id='line_1_69' title="bbox 2109 1098 3692 1176; baseline 0.004 -24"><span class='ocrx_word' id='word_1_466' title='bbox 2109 1100 2317 1168; x_wconf 73' lang='grc' dir='ltr'>αφειῶν</span> <span class='ocrx_word' id='word_1_467' title='bbox 2339 1103 2431 1155; x_wconf 75' lang='grc' dir='ltr'>καὶ</span> <span class='ocrx_word' id='word_1_468' title='bbox 2460 1098 2616 1165; x_wconf 74' lang='grc' dir='ltr'>αὖθις</span> <span class='ocrx_word' id='word_1_469' title='bbox 2642 1103 3013 1175; x_wconf 81' lang='grc' dir='ltr'>διαιρεθέντας</span> <span class='ocrx_word' id='word_1_470' title='bbox 3036 1105 3236 1175; x_wconf 71' lang='grc' dir='ltr'>ἀναμὶξ</span> <span class='ocrx_word' id='word_1_471' title='bbox 3258 1106 3351 1158; x_wconf 77' lang='grc' dir='ltr'>καὶ</span> <span class='ocrx_word' id='word_1_472' title='bbox 3378 1106 3692 1176; x_wconf 77' lang='grc' dir='ltr'>ἀδιαφόρως</span> 
     </span>
    </p>
   </div>
   <div class='ocr_carea' id='block_1_70' title="bbox 2096 1191 3694 1267">
    <p class='ocr_par' dir='ltr' id='par_1_70' title="bbox 2096 1191 3694 1267">
     <span class='ocr_line' id='line_1_70' title="bbox 2096 1191 3694 1267; baseline 0.005 -24"><span class='ocrx_word' id='word_1_473' title='bbox 2096 1194 2209 1253; x_wconf 80' lang='grc' dir='ltr'>τοῖς</span> <span class='ocrx_word' id='word_1_474' title='bbox 2234 1191 2459 1263; x_wconf 82' lang='grc' dir='ltr'>κλήροις</span> <span class='ocrx_word' id='word_1_475' title='bbox 2495 1192 2848 1263; x_wconf 77' lang='grc' dir='ltr'>ἀποδοθῆναι.</span> <span class='ocrx_word' id='word_1_476' title='bbox 2880 1192 3044 1249; x_wconf 80' lang='grc' dir='ltr'>Ἀλλά</span> <span class='ocrx_word' id='word_1_477' title='bbox 3069 1195 3152 1258; x_wconf 89' lang='grc' dir='ltr'><strong>τίς</strong></span> <span class='ocrx_word' id='word_1_478' title='bbox 3178 1195 3335 1263; x_wconf 86' lang='grc' dir='ltr'>λόγος</span> <span class='ocrx_word' id='word_1_479' title='bbox 3362 1195 3424 1249; x_wconf 80' lang='grc' dir='ltr'><strong>τὸ</strong></span> <span class='ocrx_word' id='word_1_480' title='bbox 3453 1198 3694 1267; x_wconf 86' lang='grc' dir='ltr'>μέγεθος</span> 
     </span>
    </p>
   </div>
   <div class='ocr_carea' id='block_1_71' title="bbox 2096 1286 3693 1359">
    <p class='ocr_par' dir='ltr' id='par_1_71' title="bbox 2096 1286 3693 1359">
     <span class='ocr_line' id='line_1_71' title="bbox 2096 1286 3693 1359; baseline 0.006 -23"><span class='ocrx_word' id='word_1_481' title='bbox 2096 1286 2195 1352; x_wconf 81' lang='grc' dir='ltr'>τῆς</span> <span class='ocrx_word' id='word_1_482' title='bbox 2249 1286 2540 1356; x_wconf 80' lang='grc' dir='ltr'>συμφορᾶς</span> <span class='ocrx_word' id='word_1_483' title='bbox 2601 1286 2809 1357; x_wconf 83' lang='grc' dir='ltr'><strong>ταύτης</strong></span> <span class='ocrx_word' id='word_1_484' title='bbox 2854 1286 3156 1358; x_wconf 73' lang='grc' dir='ltr'>ἑκφράσοις</span> <span class='ocrx_word' id='word_1_485' title='bbox 3195 1288 3325 1342; x_wconf 85' lang='grc' dir='ltr'>ποία</span> <span class='ocrx_word' id='word_1_486' title='bbox 3358 1289 3415 1342; x_wconf 82' lang='grc' dir='ltr'>δὲ</span> <span class='ocrx_word' id='word_1_487' title='bbox 3462 1290 3693 1359; x_wconf 85' lang='grc' dir='ltr'>γλῶσσα</span> 
     </span>
    </p>
   </div>
   <div class='ocr_carea' id='block_1_72' title="bbox 2099 1377 3691 1453">
    <p class='ocr_par' dir='ltr' id='par_1_72' title="bbox 2099 1377 3691 1453">
     <span class='ocr_line' id='line_1_72' title="bbox 2099 1377 3691 1453; baseline 0.006 -26"><span class='ocrx_word' id='word_1_488' title='bbox 2099 1377 2349 1447; x_wconf 75' lang='grc' dir='ltr'>ῥητόρων</span> <span class='ocrx_word' id='word_1_489' title='bbox 2387 1377 2701 1444; x_wconf 82' lang='grc' dir='ltr'>ἐπεξελθείν</span> <span class='ocrx_word' id='word_1_490' title='bbox 2732 1378 2987 1451; x_wconf 81' lang='grc' dir='ltr'>δυνηθείη</span> <span class='ocrx_word' id='word_1_491' title='bbox 3019 1381 3121 1451; x_wconf 77' lang='grc' dir='ltr'>τὴν</span> <span class='ocrx_word' id='word_1_492' title='bbox 3169 1382 3421 1452; x_wconf 77' lang='grc' dir='ltr'><strong>ποικίλην</strong></span> <span class='ocrx_word' id='word_1_493' title='bbox 3471 1383 3691 1453; x_wconf 72' lang='grc' dir='ltr'>ἐκείνην</span> 
     </span>
    </p>
   </div>
   <div class='ocr_carea' id='block_1_73' title="bbox 2096 1469 3688 1546">
    <p class='ocr_par' dir='ltr' id='par_1_73' title="bbox 2096 1469 3688 1546">
     <span class='ocr_line' id='line_1_73' title="bbox 2096 1469 3688 1546; baseline 0.004 -24"><span class='ocrx_word' id='word_1_494' title='bbox 2096 1471 2189 1522; x_wconf 75' lang='grc' dir='ltr'><strong>καὶ</strong></span> <span class='ocrx_word' id='word_1_495' title='bbox 2220 1469 2479 1541; x_wconf 81' lang='grc' dir='ltr'>πολυειδῆ</span> <span class='ocrx_word' id='word_1_496' title='bbox 2513 1471 2624 1523; x_wconf 88' lang='grc' dir='ltr'><strong>τῶν</strong></span> <span class='ocrx_word' id='word_1_497' title='bbox 2666 1472 2869 1525; x_wconf 76' lang='grc' dir='ltr'>ὀδυνῶν</span> <span class='ocrx_word' id='word_1_498' title='bbox 2907 1473 3173 1537; x_wconf 81' lang='grc' dir='ltr'>κάκωσιν,</span> <span class='ocrx_word' id='word_1_499' title='bbox 3206 1472 3293 1545; x_wconf 83' lang='grc' dir='ltr'><strong>[Ρ.</strong></span> <span class='ocrx_word' id='word_1_500' title='bbox 3337 1472 3465 1546; x_wconf 79' lang='grc'><strong>577]</strong></span> <span class='ocrx_word' id='word_1_501' title='bbox 3521 1477 3688 1529; x_wconf 82' lang='grc' dir='ltr'>ὁπότε</span> 
     </span>
    </p>
   </div>
   <div class='ocr_carea' id='block_1_74' title="bbox 2095 1560 3689 1639">
    <p class='ocr_par' dir='ltr' id='par_1_74' title="bbox 2095 1560 3689 1639">
     <span class='ocr_line' id='line_1_74' title="bbox 2095 1560 3689 1639; baseline 0.004 -28"><span class='ocrx_word' id='word_1_502' title='bbox 2095 1560 2249 1631; x_wconf 75' lang='grc' dir='ltr'><strong>καὶὴ</strong></span> <span class='ocrx_word' id='word_1_503' title='bbox 2304 1562 2443 1631; x_wconf 81' lang='grc' dir='ltr'>αὐτὴ</span> <span class='ocrx_word' id='word_1_504' title='bbox 2476 1562 2636 1630; x_wconf 83' lang='grc' dir='ltr'>φύσις</span> <span class='ocrx_word' id='word_1_505' title='bbox 2685 1561 2763 1631; x_wconf 80' lang='grc' dir='ltr'>τῷ</span> <span class='ocrx_word' id='word_1_506' title='bbox 2810 1562 2984 1633; x_wconf 83' lang='grc' dir='ltr'>καινῷ</span> <span class='ocrx_word' id='word_1_507' title='bbox 3028 1562 3204 1635; x_wconf 83' lang='grc' dir='ltr'>τούτῳ</span> <span class='ocrx_word' id='word_1_508' title='bbox 3248 1566 3341 1618; x_wconf 69' lang='grc' dir='ltr'>καὶ</span> <span class='ocrx_word' id='word_1_509' title='bbox 3388 1567 3689 1639; x_wconf 78' lang='grc' dir='ltr'>παραλόγῳ</span> 
     </span>
    </p>
   </div>
   <div class='ocr_carea' id='block_1_75' title="bbox 2095 1651 3688 1725">
    <p class='ocr_par' dir='ltr' id='par_1_75' title="bbox 2095 1651 3688 1725">
     <span class='ocr_line' id='line_1_75' title="bbox 2095 1651 3688 1725; baseline 0.004 -23"><span class='ocrx_word' id='word_1_510' title='bbox 2095 1651 2482 1721; x_wconf 77' lang='grc' dir='ltr'>προστάγματι</span> <span class='ocrx_word' id='word_1_511' title='bbox 2532 1652 2615 1713; x_wconf 89' lang='grc' dir='ltr'>εἰς</span> <span class='ocrx_word' id='word_1_512' title='bbox 2673 1651 2842 1704; x_wconf 76' lang='grc' dir='ltr'>πολλὰ</span> <span class='ocrx_word' id='word_1_513' title='bbox 2893 1653 3278 1722; x_wconf 84' lang='grc' dir='ltr'>κατετέμνετο,</span> <span class='ocrx_word' id='word_1_514' title='bbox 3314 1652 3476 1707; x_wconf 90' lang='grc' dir='ltr'>τοῦτο</span> <span class='ocrx_word' id='word_1_515' title='bbox 3523 1654 3688 1725; x_wconf 86' lang='grc' dir='ltr'>μόνον</span> 
     </span>
    </p>
   </div>
   <div class='ocr_carea' id='block_1_76' title="bbox 2092 1743 3688 1816">
    <p class='ocr_par' dir='ltr' id='par_1_76' title="bbox 2092 1743 3688 1816">
     <span class='ocr_line' id='line_1_76' title="bbox 2092 1743 3688 1816; baseline 0.001 -19"><span class='ocrx_word' id='word_1_516' title='bbox 2092 1743 2350 1815; x_wconf 79' lang='grc' dir='ltr'>ἔγκλημα</span> <span class='ocrx_word' id='word_1_517' title='bbox 2379 1744 2478 1815; x_wconf 74' lang='grc' dir='ltr'><strong>τὴν</strong></span> <span class='ocrx_word' id='word_1_518' title='bbox 2513 1745 2799 1798; x_wconf 86' lang='grc' dir='ltr'>κοινωνίαν</span> <span class='ocrx_word' id='word_1_519' title='bbox 2829 1744 2925 1797; x_wconf 85' lang='grc' dir='ltr'><strong>τοῦ</strong></span> <span class='ocrx_word' id='word_1_520' title='bbox 2962 1744 3155 1813; x_wconf 82' lang='grc' dir='ltr'>γένους</span> <span class='ocrx_word' id='word_1_521' title='bbox 3198 1744 3396 1815; x_wconf 79' lang='grc' dir='ltr'>ἔχουσα</span> <span class='ocrx_word' id='word_1_522' title='bbox 3457 1746 3554 1801; x_wconf 79' lang='grc' dir='ltr'>καὶ</span> <span class='ocrx_word' id='word_1_523' title='bbox 3586 1746 3688 1816; x_wconf 69' lang='grc' dir='ltr'>τὴν</span> 
     </span>
    </p>
   </div>
   <div class='ocr_carea' id='block_1_77' title="bbox 2022 1826 3688 1908">
    <p class='ocr_par' dir='ltr' id='par_1_77' title="bbox 2022 1826 3688 1908">
     <span class='ocr_line' id='line_1_77' title="bbox 2022 1826 3688 1908; baseline 0.003 -24"><span class='ocrx_word' id='word_1_524' title='bbox 2022 1826 2063 1883; x_wconf 83' lang='grc' dir='ltr'><strong>Β</strong></span> <span class='ocrx_word' id='word_1_525' title='bbox 2094 1834 2333 1905; x_wconf 78' lang='grc' dir='ltr'>ἔμφυτον</span> <span class='ocrx_word' id='word_1_526' title='bbox 2378 1835 2490 1889; x_wconf 85' lang='grc' dir='ltr'><strong>τῶν</strong></span> <span class='ocrx_word' id='word_1_527' title='bbox 2533 1835 2844 1889; x_wconf 80' lang='grc' dir='ltr'>ἑνωθέντων</span> <span class='ocrx_word' id='word_1_528' title='bbox 2894 1835 3227 1905; x_wconf 79' lang='grc' dir='ltr'>συνάφειαν;</span> <span class='ocrx_word' id='word_1_529' title='bbox 3262 1836 3373 1891; x_wconf 78' lang='grc' dir='ltr'><strong>Καὶ</strong></span> <span class='ocrx_word' id='word_1_530' title='bbox 3411 1836 3521 1908; x_wconf 81' lang='grc' dir='ltr'><strong>γάρ</strong></span> <span class='ocrx_word' id='word_1_531' title='bbox 3578 1838 3688 1891; x_wconf 84' lang='grc' dir='ltr'>άπ-</span> 
     </span>
    </p>
   </div>
   <div class='ocr_carea' id='block_1_78' title="bbox 2092 1927 3686 2000">
    <p class='ocr_par' dir='ltr' id='par_1_78' title="bbox 2092 1927 3686 2000">
     <span class='ocr_line' id='line_1_78' title="bbox 2092 1927 3686 2000; baseline -0.001 -17"><span class='ocrx_word' id='word_1_532' title='bbox 2092 1930 2299 1983; x_wconf 87' lang='grc' dir='ltr'>εσπᾶτο</span> <span class='ocrx_word' id='word_1_533' title='bbox 2333 1927 2541 1995; x_wconf 82' lang='grc' dir='ltr'>πατρὸς</span> <span class='ocrx_word' id='word_1_534' title='bbox 2594 1928 2691 1998; x_wconf 84' lang='grc' dir='ltr'><strong>μὲν</strong></span> <span class='ocrx_word' id='word_1_535' title='bbox 2745 1927 2894 1994; x_wconf 78' lang='grc' dir='ltr'>υίὸς,</span> <span class='ocrx_word' id='word_1_536' title='bbox 2934 1928 3142 1999; x_wconf 78' lang='grc' dir='ltr'>μητρὸς</span> <span class='ocrx_word' id='word_1_537' title='bbox 3190 1928 3249 1981; x_wconf 84' lang='grc' dir='ltr'>δὲ</span> <span class='ocrx_word' id='word_1_538' title='bbox 3299 1928 3545 2000; x_wconf 78' lang='grc' dir='ltr'>θυγάτηρ</span> <span class='ocrx_word' id='word_1_539' title='bbox 3588 1929 3686 1983; x_wconf 80' lang='grc' dir='ltr'><strong>καὶ</strong></span> 
     </span>
    </p>
   </div>
   <div class='ocr_carea' id='block_1_79' title="bbox 2091 2013 3686 2091">
    <p class='ocr_par' dir='ltr' id='par_1_79' title="bbox 2091 2013 3686 2091">
     <span class='ocr_line' id='line_1_79' title="bbox 2091 2013 3686 2091; baseline -0.001 -16"><span class='ocrx_word' id='word_1_540' title='bbox 2091 2020 2321 2091; x_wconf 78' lang='grc' dir='ltr'>ἀδελφὸς</span> <span class='ocrx_word' id='word_1_541' title='bbox 2354 2018 2606 2090; x_wconf 80' lang='grc' dir='ltr'>ἀδελφοῦ.</span> <span class='ocrx_word' id='word_1_542' title='bbox 2650 2019 2740 2074; x_wconf 85' lang='grc' dir='ltr'>Ἐν</span> <span class='ocrx_word' id='word_1_543' title='bbox 2781 2013 2863 2083; x_wconf 70' lang='grc' dir='ltr'>οἷς</span> <span class='ocrx_word' id='word_1_544' title='bbox 2912 2020 2967 2072; x_wconf 85' lang='grc' dir='ltr'><strong>τί</strong></span> <span class='ocrx_word' id='word_1_545' title='bbox 3016 2020 3251 2091; x_wconf 80' lang='grc' dir='ltr'>πάσχειν</span> <span class='ocrx_word' id='word_1_546' title='bbox 3281 2020 3425 2084; x_wconf 82' lang='grc' dir='ltr'>είκδς</span> <span class='ocrx_word' id='word_1_547' title='bbox 3457 2021 3686 2085; x_wconf 81' lang='grc' dir='ltr'>τούτους</span> 
     </span>
    </p>
   </div>
   <div class='ocr_carea' id='block_1_80' title="bbox 2092 2111 3685 2184">
    <p class='ocr_par' dir='ltr' id='par_1_80' title="bbox 2092 2111 3685 2184">
     <span class='ocr_line' id='line_1_80' title="bbox 2092 2111 3685 2184; baseline 0 -18"><span class='ocrx_word' id='word_1_548' title='bbox 2092 2113 2361 2175; x_wconf 78' lang='grc' dir='ltr'>ἅπαντας,</span> <span class='ocrx_word' id='word_1_549' title='bbox 2394 2112 2557 2166; x_wconf 79' lang='grc' dir='ltr'>ὁπότε</span> <span class='ocrx_word' id='word_1_550' title='bbox 2600 2111 2739 2184; x_wconf 84' lang='grc' dir='ltr'>πρὸς</span> <span class='ocrx_word' id='word_1_551' title='bbox 2764 2111 3012 2165; x_wconf 81' lang='grc' dir='ltr'>δουλείαν</span> <span class='ocrx_word' id='word_1_552' title='bbox 3053 2113 3253 2183; x_wconf 69' lang='grc' dir='ltr'>ἤγοντο</span> <span class='ocrx_word' id='word_1_553' title='bbox 3283 2113 3361 2176; x_wconf 83' lang='grc' dir='ltr'><strong>είς</strong></span> <span class='ocrx_word' id='word_1_554' title='bbox 3388 2112 3492 2183; x_wconf 78' lang='grc' dir='ltr'>γῆν</span> <span class='ocrx_word' id='word_1_555' title='bbox 3523 2111 3685 2166; x_wconf 79' lang='grc' dir='ltr'>ἁλλο-</span> 
     </span>
    </p>
   </div>
   <div class='ocr_carea' id='block_1_81' title="bbox 2089 2201 3684 2275">
    <p class='ocr_par' dir='ltr' id='par_1_81' title="bbox 2089 2201 3684 2275">
     <span class='ocr_line' id='line_1_81' title="bbox 2089 2201 3684 2275; baseline -0.001 -19"><span class='ocrx_word' id='word_1_556' title='bbox 2089 2203 2427 2275; x_wconf 86' lang='grc' dir='ltr'>τρίαν,ὃπου</span> <span class='ocrx_word' id='word_1_557' title='bbox 2470 2202 2531 2257; x_wconf 81' lang='grc' dir='ltr'>τὸ</span> <span class='ocrx_word' id='word_1_558' title='bbox 2581 2204 2680 2274; x_wconf 81' lang='grc' dir='ltr'><strong>μὲν</strong></span> <span class='ocrx_word' id='word_1_559' title='bbox 2729 2201 2894 2266; x_wconf 84' lang='grc' dir='ltr'>σέϐας</span> <span class='ocrx_word' id='word_1_560' title='bbox 2928 2203 3028 2273; x_wconf 71' lang='grc' dir='ltr'>τῆς</span> <span class='ocrx_word' id='word_1_561' title='bbox 3079 2204 3204 2257; x_wconf 85' lang='grc' dir='ltr'>καθ’</span> <span class='ocrx_word' id='word_1_562' title='bbox 3252 2206 3398 2275; x_wconf 71' lang='grc' dir='ltr'>ἡμᾶς</span> <span class='ocrx_word' id='word_1_563' title='bbox 3441 2204 3684 2270; x_wconf 81' lang='grc' dir='ltr'>πίστεως</span> 
     </span>
    </p>
   </div>
   <div class='ocr_carea' id='block_1_82' title="bbox 2088 2295 3683 2369">
    <p class='ocr_par' dir='ltr' id='par_1_82' title="bbox 2088 2295 3683 2369">
     <span class='ocr_line' id='line_1_82' title="bbox 2088 2295 3683 2369; baseline 0.001 -20"><span class='ocrx_word' id='word_1_564' title='bbox 2088 2296 2165 2360; x_wconf 88' lang='grc' dir='ltr'>ὡς</span> <span class='ocrx_word' id='word_1_565' title='bbox 2198 2297 2389 2367; x_wconf 81' lang='grc' dir='ltr'>ἐναγὲς</span> <span class='ocrx_word' id='word_1_566' title='bbox 2418 2296 2786 2369; x_wconf 80' lang='grc' dir='ltr'>ἐνυϐρίζεται,</span> <span class='ocrx_word' id='word_1_567' title='bbox 2813 2296 2963 2368; x_wconf 76' lang='grc' dir='ltr'>πάθη</span> <span class='ocrx_word' id='word_1_568' title='bbox 2995 2296 3053 2350; x_wconf 84' lang='grc' dir='ltr'>δὲ</span> <span class='ocrx_word' id='word_1_569' title='bbox 3075 2298 3304 2367; x_wconf 80' lang='grc' dir='ltr'>τιμᾶται</span> <span class='ocrx_word' id='word_1_570' title='bbox 3329 2295 3683 2365; x_wconf 79' lang='grc' dir='ltr'>άλογώτατα·</span> 
     </span>
    </p>
   </div>
   <div class='ocr_carea' id='block_1_83' title="bbox 2087 2388 3687 2463">
    <p class='ocr_par' dir='ltr' id='par_1_83' title="bbox 2087 2388 3687 2463">
     <span class='ocr_line' id='line_1_83' title="bbox 2087 2388 3687 2463; baseline 0 -20"><span class='ocrx_word' id='word_1_571' title='bbox 2087 2390 2221 2444; x_wconf 86' lang='grc' dir='ltr'>ὅπου</span> <span class='ocrx_word' id='word_1_572' title='bbox 2258 2390 2487 2463; x_wconf 88' lang='grc' dir='ltr'>πορνεία</span> <span class='ocrx_word' id='word_1_573' title='bbox 2519 2388 2847 2460; x_wconf 82' lang='grc' dir='ltr'>σεμνύνεται</span> <span class='ocrx_word' id='word_1_574' title='bbox 2890 2389 2983 2443; x_wconf 66' lang='grc' dir='ltr'>καὶ</span> <span class='ocrx_word' id='word_1_575' title='bbox 3016 2389 3184 2462; x_wconf 86' lang='grc' dir='ltr'>μανία</span> <span class='ocrx_word' id='word_1_576' title='bbox 3211 2390 3556 2462; x_wconf 83' lang='grc' dir='ltr'>γεραίρεται,</span> <span class='ocrx_word' id='word_1_577' title='bbox 3588 2391 3687 2443; x_wconf 76' lang='grc' dir='ltr'>καὶ</span> 
     </span>
    </p>
   </div>
   <div class='ocr_carea' id='block_1_84' title="bbox 2089 2480 3687 2555">
    <p class='ocr_par' dir='ltr' id='par_1_84' title="bbox 2089 2480 3687 2555">
     <span class='ocr_line' id='line_1_84' title="bbox 2089 2480 3687 2555; baseline 0.001 -20"><span class='ocrx_word' id='word_1_578' title='bbox 2089 2482 2291 2552; x_wconf 84' lang='grc' dir='ltr'>πολλῆς</span> <span class='ocrx_word' id='word_1_579' title='bbox 2327 2481 2499 2553; x_wconf 80' lang='grc' dir='ltr'>τιμῆς</span> <span class='ocrx_word' id='word_1_580' title='bbox 2527 2480 2880 2546; x_wconf 81' lang='grc' dir='ltr'>καταξιοῦται</span> <span class='ocrx_word' id='word_1_581' title='bbox 2903 2482 3151 2536; x_wconf 82' lang='grc' dir='ltr'>ἀναίδεια</span> <span class='ocrx_word' id='word_1_582' title='bbox 3178 2498 3191 2512; x_wconf 90' lang='grc'><strong>·</strong></span> <span class='ocrx_word' id='word_1_583' title='bbox 3221 2483 3356 2536; x_wconf 83' lang='grc' dir='ltr'>ὅπου</span> <span class='ocrx_word' id='word_1_584' title='bbox 3386 2483 3492 2536; x_wconf 89' lang='grc' dir='ltr'><strong>τῶν</strong></span> <span class='ocrx_word' id='word_1_585' title='bbox 3516 2484 3687 2555; x_wconf 73' lang='grc' dir='ltr'>ἀρρέ-</span> 
     </span>
    </p>
   </div>
   <div class='ocr_carea' id='block_1_85' title="bbox 2087 2580 3677 2651">
    <p class='ocr_par' dir='ltr' id='par_1_85' title="bbox 2087 2580 3677 2651">
     <span class='ocr_line' id='line_1_85' title="bbox 2087 2580 3677 2651; baseline -0.001 -18"><span class='ocrx_word' id='word_1_586' title='bbox 2087 2581 2253 2651; x_wconf 81' lang='grc' dir='ltr'>νωνὴ</span> <span class='ocrx_word' id='word_1_587' title='bbox 2290 2581 2449 2649; x_wconf 75' lang='grc' dir='ltr'>φύσις</span> <span class='ocrx_word' id='word_1_588' title='bbox 2502 2581 2582 2643; x_wconf 84' lang='grc' dir='ltr'>εἰς</span> <span class='ocrx_word' id='word_1_589' title='bbox 2611 2580 2931 2649; x_wconf 81' lang='grc' dir='ltr'>γυναικείαν</span> <span class='ocrx_word' id='word_1_590' title='bbox 2976 2580 3173 2651; x_wconf 71' lang='grc' dir='ltr'>χρῆσιν</span> <span class='ocrx_word' id='word_1_591' title='bbox 3218 2581 3541 2648; x_wconf 85' lang='grc' dir='ltr'>μετάγεται,</span> <span class='ocrx_word' id='word_1_592' title='bbox 3576 2582 3677 2632; x_wconf 78' lang='grc' dir='ltr'><strong>καὶ</strong></span> 
     </span>
    </p>
   </div>
   <div class='ocr_carea' id='block_1_86' title="bbox 2086 2671 3687 2742">
    <p class='ocr_par' dir='ltr' id='par_1_86' title="bbox 2086 2671 3687 2742">
     <span class='ocr_line' id='line_1_86' title="bbox 2086 2671 3687 2742; baseline -0.001 -16"><span class='ocrx_word' id='word_1_593' title='bbox 2086 2672 2121 2739; x_wconf 83' lang='grc' dir='ltr'>ἡ</span> <span class='ocrx_word' id='word_1_594' title='bbox 2162 2674 2340 2736; x_wconf 82' lang='grc' dir='ltr'>κτίσις</span> <span class='ocrx_word' id='word_1_595' title='bbox 2362 2671 2666 2742; x_wconf 78' lang='grc' dir='ltr'>ὑϐρίζεται,</span> <span class='ocrx_word' id='word_1_596' title='bbox 2700 2672 2796 2725; x_wconf 80' lang='grc' dir='ltr'><strong>καὶ</strong></span> <span class='ocrx_word' id='word_1_597' title='bbox 2830 2672 3149 2742; x_wconf 85' lang='grc' dir='ltr'>συγχύσεως</span> <span class='ocrx_word' id='word_1_598' title='bbox 3180 2673 3339 2742; x_wconf 79' lang='grc' dir='ltr'>γέμει</span> <span class='ocrx_word' id='word_1_599' title='bbox 3371 2672 3550 2725; x_wconf 84' lang='grc' dir='ltr'>πάντα</span> <span class='ocrx_word' id='word_1_600' title='bbox 3585 2675 3687 2726; x_wconf 73' lang='grc' dir='ltr'><strong>καὶ</strong></span> 
     </span>
    </p>
   </div>
   <div class='ocr_carea' id='block_1_87' title="bbox 2086 2762 3686 2835">
    <p class='ocr_par' dir='ltr' id='par_1_87' title="bbox 2086 2762 3686 2835">
     <span class='ocr_line' id='line_1_87' title="bbox 2086 2762 3686 2835; baseline 0.002 -22"><span class='ocrx_word' id='word_1_601' title='bbox 2086 2762 2223 2833; x_wconf 81' lang='grc' dir='ltr'>πρὸς</span> <span class='ocrx_word' id='word_1_602' title='bbox 2281 2762 2341 2815; x_wconf 81' lang='grc' dir='ltr'>τὸ</span> <span class='ocrx_word' id='word_1_603' title='bbox 2385 2762 2555 2816; x_wconf 85' lang='grc' dir='ltr'>κακὸν</span> <span class='ocrx_word' id='word_1_604' title='bbox 2603 2762 3037 2833; x_wconf 73' lang='grc' dir='ltr'>ἁνατέτραπταις</span> <span class='ocrx_word' id='word_1_605' title='bbox 3095 2764 3159 2815; x_wconf 85' lang='grc' dir='ltr'><strong>Τί</strong></span> <span class='ocrx_word' id='word_1_606' title='bbox 3210 2764 3426 2835; x_wconf 87' lang='grc' dir='ltr'>πρῶτον</span> <span class='ocrx_word' id='word_1_607' title='bbox 3472 2763 3686 2816; x_wconf 81' lang='grc' dir='ltr'>τούτων</span> 
     </span>
    </p>
   </div>
   <div class='ocr_carea' id='block_1_88' title="bbox 2084 2851 3685 2924">
    <p class='ocr_par' dir='ltr' id='par_1_88' title="bbox 2084 2851 3685 2924">
     <span class='ocr_line' id='line_1_88' title="bbox 2084 2851 3685 2924; baseline -0.001 -20"><span class='ocrx_word' id='word_1_608' title='bbox 2084 2852 2344 2905; x_wconf 85' lang='grc' dir='ltr'>ἁπάντων</span> <span class='ocrx_word' id='word_1_609' title='bbox 2390 2851 2696 2921; x_wconf 52' lang='lat' dir='ltr'><strong>Exedunt);</strong></span> <span class='ocrx_word' id='word_1_610' title='bbox 2734 2853 2793 2904; x_wconf 83' lang='grc' dir='ltr'>ὲν</span> <span class='ocrx_word' id='word_1_611' title='bbox 2844 2852 2983 2923; x_wconf 82' lang='grc' dir='ltr'>ποίῳ</span> <span class='ocrx_word' id='word_1_612' title='bbox 3034 2853 3091 2906; x_wconf 79' lang='grc' dir='ltr'><strong>δὲ</strong></span> <span class='ocrx_word' id='word_1_613' title='bbox 3145 2852 3219 2923; x_wconf 80' lang='grc' dir='ltr'>μὴ</span> <span class='ocrx_word' id='word_1_614' title='bbox 3268 2853 3503 2923; x_wconf 77' lang='grc' dir='ltr'>ἀγχόνην</span> <span class='ocrx_word' id='word_1_615' title='bbox 3538 2854 3685 2924; x_wconf 68' lang='grc' dir='ltr'><strong>ᾑρή-</strong></span> 
     </span>
    </p>
   </div>
   <div class='ocr_carea' id='block_1_89' title="bbox 2087 2944 3685 3016">
    <p class='ocr_par' dir='ltr' id='par_1_89' title="bbox 2087 2944 3685 3016">
     <span class='ocr_line' id='line_1_89' title="bbox 2087 2944 3685 3016; baseline 0.001 -18"><span class='ocrx_word' id='word_1_616' title='bbox 2087 2962 2287 3010; x_wconf 77' lang='grc' dir='ltr'>σαντο;</span> <span class='ocrx_word' id='word_1_617' title='bbox 2332 2944 2631 3015; x_wconf 81' lang='grc' dir='ltr'>Ἀλλ’ὄμως</span> <span class='ocrx_word' id='word_1_618' title='bbox 2666 2944 2861 3015; x_wconf 63' lang='grc' dir='ltr'>ἔφερον</span> <span class='ocrx_word' id='word_1_619' title='bbox 2899 2945 3101 3010; x_wconf 85' lang='grc' dir='ltr'>πάντα,</span> <span class='ocrx_word' id='word_1_620' title='bbox 3138 2946 3237 3016; x_wconf 78' lang='grc' dir='ltr'><strong>τὴν</strong></span> <span class='ocrx_word' id='word_1_621' title='bbox 3270 2946 3363 2998; x_wconf 71' lang='grc' dir='ltr'><strong>ἐπὶ</strong></span> <span class='ocrx_word' id='word_1_622' title='bbox 3404 2947 3541 2998; x_wconf 78' lang='grc' dir='ltr'>πᾶσι</span> <span class='ocrx_word' id='word_1_623' title='bbox 3579 2962 3685 3014; x_wconf 79' lang='grc' dir='ltr'>με-</span> 
     </span>
    </p>
   </div>
   <div class='ocr_carea' id='block_1_90' title="bbox 2084 3038 3682 3111">
    <p class='ocr_par' dir='ltr' id='par_1_90' title="bbox 2084 3038 3682 3111">
     <span class='ocr_line' id='line_1_90' title="bbox 2084 3038 3682 3111; baseline 0 -21"><span class='ocrx_word' id='word_1_624' title='bbox 2084 3038 2423 3108; x_wconf 68' lang='grc' dir='ltr'>γαλοψυχίαν</span> <span class='ocrx_word' id='word_1_625' title='bbox 2448 3038 2829 3110; x_wconf 77' lang='grc' dir='ltr'>παρεχομένου</span> <span class='ocrx_word' id='word_1_626' title='bbox 2863 3038 3000 3091; x_wconf 85' lang='grc' dir='ltr'>θεοῦ</span> <span class='ocrx_word' id='word_1_627' title='bbox 3038 3040 3133 3093; x_wconf 75' lang='grc' dir='ltr'><strong>καὶ</strong></span> <span class='ocrx_word' id='word_1_628' title='bbox 3157 3038 3235 3106; x_wconf 79' lang='grc' dir='ltr'>τῷ</span> <span class='ocrx_word' id='word_1_629' title='bbox 3269 3038 3453 3110; x_wconf 78' lang='grc' dir='ltr'>οἰκείῳ</span> <span class='ocrx_word' id='word_1_630' title='bbox 3478 3038 3682 3111; x_wconf 63' lang='grc' dir='ltr'>βουλή-</span> 
     </span>
    </p>
   </div>
   <div class='ocr_carea' id='block_1_91' title="bbox 2088 3129 3229 3205">
    <p class='ocr_par' dir='ltr' id='par_1_91' title="bbox 2088 3129 3229 3205">
     <span class='ocr_line' id='line_1_91' title="bbox 2088 3129 3229 3205; baseline -0.002 -21"><span class='ocrx_word' id='word_1_631' title='bbox 2088 3148 2218 3201; x_wconf 86' lang='grc' dir='ltr'>ματι</span> <span class='ocrx_word' id='word_1_632' title='bbox 2244 3130 2311 3184; x_wconf 80' lang='grc' dir='ltr'>τὰ</span> <span class='ocrx_word' id='word_1_633' title='bbox 2340 3129 2463 3183; x_wconf 78' lang='grc' dir='ltr'>καθ’</span> <span class='ocrx_word' id='word_1_634' title='bbox 2494 3130 2728 3183; x_wconf 74' lang='grc' dir='ltr'>ἕκαστον</span> <span class='ocrx_word' id='word_1_635' title='bbox 2764 3129 3229 3205; x_wconf 76' lang='grc' dir='ltr'>μεθαρμόζοντος.</span> 
     </span>
    </p>
   </div>
   <div class='ocr_carea' id='block_1_92' title="bbox 2153 3403 3687 3474">
    <p class='ocr_par' dir='ltr' id='par_1_92' title="bbox 2153 3403 3687 3474">
     <span class='ocr_line' id='line_1_92' title="bbox 2153 3403 3687 3474; baseline 0.001 -19"><span class='ocrx_word' id='word_1_636' title='bbox 2153 3411 2251 3470; x_wconf 83' lang='grc' dir='ltr'>ογ¹.</span> <span class='ocrx_word' id='word_1_637' title='bbox 2296 3403 2382 3466; x_wconf 83' lang='grc' dir='ltr'>Ὠς</span> <span class='ocrx_word' id='word_1_638' title='bbox 2411 3403 2465 3455; x_wconf 77' lang='grc' dir='ltr'><strong>δὲ</strong></span> <span class='ocrx_word' id='word_1_639' title='bbox 2515 3403 2679 3458; x_wconf 70' lang='grc' dir='ltr'>πάλιν</span> <span class='ocrx_word' id='word_1_640' title='bbox 2720 3403 2798 3474; x_wconf 77' lang='grc' dir='ltr'>τῷ</span> <span class='ocrx_word' id='word_1_641' title='bbox 2830 3405 3218 3474; x_wconf 82' lang='grc' dir='ltr'>προστάγματι</span> <span class='ocrx_word' id='word_1_642' title='bbox 3263 3403 3439 3473; x_wconf 80' lang='grc' dir='ltr'>τούτῳ</span> <span class='ocrx_word' id='word_1_643' title='bbox 3485 3406 3583 3472; x_wconf 73' lang='grc' dir='ltr'>τῆς</span> <span class='ocrx_word' id='word_1_644' title='bbox 3619 3404 3687 3471; x_wconf 77' lang='grc' dir='ltr'><strong>ἐξ</strong></span> 
     </span>
    </p>
   </div>
   <div class='ocr_carea' id='block_1_93' title="bbox 2084 3493 3687 3566">
    <p class='ocr_par' dir='ltr' id='par_1_93' title="bbox 2084 3493 3687 3566">
     <span class='ocr_line' id='line_1_93' title="bbox 2084 3493 3687 3566; baseline 0.001 -21"><span class='ocrx_word' id='word_1_645' title='bbox 2084 3493 2333 3563; x_wconf 81' lang='grc' dir='ltr'>ἀλλήλων</span> <span class='ocrx_word' id='word_1_646' title='bbox 2358 3495 2692 3565; x_wconf 77' lang='grc' dir='ltr'>διῃρέθησαν</span> <span class='ocrx_word' id='word_1_647' title='bbox 2726 3494 3070 3563; x_wconf 84' lang='grc' dir='ltr'>συγγενείας,</span> <span class='ocrx_word' id='word_1_648' title='bbox 3101 3495 3371 3565; x_wconf 77' lang='grc' dir='ltr'>ἐκάθηντο</span> <span class='ocrx_word' id='word_1_649' title='bbox 3403 3496 3687 3566; x_wconf 75' lang='grc' dir='ltr'>φρουρούο</span> 
     </span>
    </p>
   </div>
   <div class='ocr_carea' id='block_1_94' title="bbox 2086 3586 3685 3657">
    <p class='ocr_par' dir='ltr' id='par_1_94' title="bbox 2086 3586 3685 3657">
     <span class='ocr_line' id='line_1_94' title="bbox 2086 3586 3685 3657; baseline 0.002 -21"><span class='ocrx_word' id='word_1_650' title='bbox 2086 3602 2235 3656; x_wconf 88' lang='grc' dir='ltr'>μενοι</span> <span class='ocrx_word' id='word_1_651' title='bbox 2285 3589 2426 3639; x_wconf 74' lang='grc' dir='ltr'>κατὰ</span> <span class='ocrx_word' id='word_1_652' title='bbox 2470 3586 2762 3657; x_wconf 74' lang='grc' dir='ltr'>διαφόρους</span> <span class='ocrx_word' id='word_1_653' title='bbox 2807 3586 3029 3649; x_wconf 81' lang='grc' dir='ltr'>τόπους,</span> <span class='ocrx_word' id='word_1_654' title='bbox 3072 3588 3178 3651; x_wconf 74' lang='grc' dir='ltr'><strong>ἕως</strong></span> <span class='ocrx_word' id='word_1_655' title='bbox 3228 3586 3454 3656; x_wconf 78' lang='grc' dir='ltr'>ἐξῆλθεν</span> <span class='ocrx_word' id='word_1_656' title='bbox 3488 3588 3685 3657; x_wconf 70' lang='grc' dir='ltr'>ἕτερον</span> 
     </span>
    </p>
   </div>
   <div class='ocr_carea' id='block_1_95' title="bbox 2085 3675 3685 3749">
    <p class='ocr_par' dir='ltr' id='par_1_95' title="bbox 2085 3675 3685 3749">
     <span class='ocr_line' id='line_1_95' title="bbox 2085 3675 3685 3749; baseline 0.001 -22"><span class='ocrx_word' id='word_1_657' title='bbox 2085 3675 2437 3747; x_wconf 81' lang='grc' dir='ltr'>πρόσταγμα,</span> <span class='ocrx_word' id='word_1_658' title='bbox 2472 3679 2682 3740; x_wconf 81' lang='grc' dir='ltr'>πάντας</span> <span class='ocrx_word' id='word_1_659' title='bbox 2707 3676 3080 3749; x_wconf 70' lang='grc' dir='ltr'>ἀριθμηθῆναι</span> <span class='ocrx_word' id='word_1_660' title='bbox 3112 3679 3203 3730; x_wconf 71' lang='grc' dir='ltr'><strong>καὶ</strong></span> <span class='ocrx_word' id='word_1_661' title='bbox 3234 3677 3371 3748; x_wconf 80' lang='grc' dir='ltr'>πρὸς</span> <span class='ocrx_word' id='word_1_662' title='bbox 3403 3676 3501 3740; x_wconf 80' lang='grc' dir='ltr'><strong>τάς</strong></span> <span class='ocrx_word' id='word_1_663' title='bbox 3530 3678 3685 3742; x_wconf 76' lang='grc' dir='ltr'>ἰδέας</span> 
     </span>
    </p>
   </div>
   <div class='ocr_carea' id='block_1_96' title="bbox 2081 3766 3686 3839">
    <p class='ocr_par' dir='ltr' id='par_1_96' title="bbox 2081 3766 3686 3839">
     <span class='ocr_line' id='line_1_96' title="bbox 2081 3766 3686 3839; baseline 0.002 -20"><span class='ocrx_word' id='word_1_664' title='bbox 2081 3767 2189 3819; x_wconf 85' lang='grc' dir='ltr'><strong>τῶν</strong></span> <span class='ocrx_word' id='word_1_665' title='bbox 2210 3766 2524 3837; x_wconf 82' lang='grc' dir='ltr'>προσώπων</span> <span class='ocrx_word' id='word_1_666' title='bbox 2550 3766 2773 3822; x_wconf 75' lang='grc' dir='ltr'>καὶτῶν</span> <span class='ocrx_word' id='word_1_667' title='bbox 2802 3768 3029 3839; x_wconf 81' lang='grc' dir='ltr'>ἡλικιῶν</span> <span class='ocrx_word' id='word_1_668' title='bbox 3058 3769 3115 3821; x_wconf 81' lang='grc' dir='ltr'><strong>τὸ</strong></span> <span class='ocrx_word' id='word_1_669' title='bbox 3149 3768 3408 3838; x_wconf 73' lang='grc' dir='ltr'>διάφορον</span> <span class='ocrx_word' id='word_1_670' title='bbox 3438 3770 3686 3839; x_wconf 70' lang='grc' dir='ltr'>ἑκάστης</span> 
     </span>
    </p>
   </div>
   <div class='ocr_carea' id='block_1_97' title="bbox 2082 3862 3686 3935">
    <p class='ocr_par' dir='ltr' id='par_1_97' title="bbox 2082 3862 3686 3935">
     <span class='ocr_line' id='line_1_97' title="bbox 2082 3862 3686 3935; baseline -0.003 -15"><span class='ocrx_word' id='word_1_671' title='bbox 2082 3863 2208 3935; x_wconf 75' lang='grc' dir='ltr'>νηὸς</span> <span class='ocrx_word' id='word_1_672' title='bbox 2261 3863 2392 3917; x_wconf 74' lang='grc' dir='ltr'>ἴδιον</span> <span class='ocrx_word' id='word_1_673' title='bbox 2437 3862 2728 3932; x_wconf 89' lang='grc' dir='ltr'>σύνταγμα</span> <span class='ocrx_word' id='word_1_674' title='bbox 2772 3863 3164 3933; x_wconf 80' lang='grc' dir='ltr'>γνωρισθῆναι,</span> <span class='ocrx_word' id='word_1_675' title='bbox 3211 3863 3276 3916; x_wconf 81' lang='grc' dir='ltr'>ἵν’</span> <span class='ocrx_word' id='word_1_676' title='bbox 3321 3864 3380 3915; x_wconf 78' lang='grc' dir='ltr'>ἐν</span> <span class='ocrx_word' id='word_1_677' title='bbox 3433 3864 3686 3935; x_wconf 74' lang='grc' dir='ltr'>μηδεμιᾷ</span> 
     </span>
    </p>
   </div>
   <div class='ocr_carea' id='block_1_98' title="bbox 2082 3955 3684 4031">
    <p class='ocr_par' dir='ltr' id='par_1_98' title="bbox 2082 3955 3684 4031">
     <span class='ocr_line' id='line_1_98' title="bbox 2082 3955 3684 4031; baseline 0.001 -23"><span class='ocrx_word' id='word_1_678' title='bbox 2082 3955 2279 4028; x_wconf 84' lang='grc' dir='ltr'>φανείη</span> <span class='ocrx_word' id='word_1_679' title='bbox 2316 3956 2687 4028; x_wconf 77' lang='grc' dir='ltr'>πλεονασμὸς,</span> <span class='ocrx_word' id='word_1_680' title='bbox 2721 3957 2907 4027; x_wconf 68' lang='grc' dir='ltr'>φησιν,</span> <span class='ocrx_word' id='word_1_681' title='bbox 2946 3958 2977 4031; x_wconf 77' lang='grc' dir='ltr'>ἢ</span> <span class='ocrx_word' id='word_1_682' title='bbox 3012 3956 3322 4025; x_wconf 71' lang='grc' dir='ltr'>ύφαίρεσις,</span> <span class='ocrx_word' id='word_1_683' title='bbox 3355 3956 3494 4008; x_wconf 80' lang='grc' dir='ltr'>ἀλλά</span> <span class='ocrx_word' id='word_1_684' title='bbox 3530 3956 3684 4010; x_wconf 69' lang='grc' dir='ltr'>κατὰ</span> 
     </span>
    </p>
   </div>
   <div class='ocr_carea' id='block_1_99' title="bbox 2079 4044 3684 4116">
    <p class='ocr_par' dir='ltr' id='par_1_99' title="bbox 2079 4044 3684 4116">
     <span class='ocr_line' id='line_1_99' title="bbox 2079 4044 3684 4116; baseline 0.001 -19"><span class='ocrx_word' id='word_1_685' title='bbox 2079 4044 2142 4097; x_wconf 80' lang='grc' dir='ltr'>τὸ</span> <span class='ocrx_word' id='word_1_686' title='bbox 2173 4044 2379 4116; x_wconf 79' lang='grc' dir='ltr'>πλῆθος</span> <span class='ocrx_word' id='word_1_687' title='bbox 2405 4046 2516 4099; x_wconf 86' lang='grc' dir='ltr'><strong>τῶν</strong></span> <span class='ocrx_word' id='word_1_688' title='bbox 2564 4045 2795 4099; x_wconf 76' lang='grc' dir='ltr'>ἐνόντων</span> <span class='ocrx_word' id='word_1_689' title='bbox 2823 4048 2945 4109; x_wconf 87' lang='grc' dir='ltr'>ταῖς</span> <span class='ocrx_word' id='word_1_690' title='bbox 2975 4044 3134 4098; x_wconf 80' lang='grc' dir='ltr'>ναυσὶ</span> <span class='ocrx_word' id='word_1_691' title='bbox 3170 4044 3489 4116; x_wconf 84' lang='grc' dir='ltr'>βαρϐάρων,</span> <span class='ocrx_word' id='word_1_692' title='bbox 3530 4044 3684 4098; x_wconf 74' lang='grc' dir='ltr'>οὕτω</span> 
     </span>
    </p>
   </div>
   <div class='ocr_carea' id='block_1_100' title="bbox 2081 4137 3684 4211">
    <p class='ocr_par' dir='ltr' id='par_1_100' title="bbox 2081 4137 3684 4211">
     <span class='ocr_line' id='line_1_100' title="bbox 2081 4137 3684 4211; baseline 0.001 -21"><span class='ocrx_word' id='word_1_693' title='bbox 2081 4137 2175 4190; x_wconf 72' lang='grc' dir='ltr'>καὶ</span> <span class='ocrx_word' id='word_1_694' title='bbox 2201 4138 2300 4201; x_wconf 83' lang='grc' dir='ltr'>τὰς</span> <span class='ocrx_word' id='word_1_695' title='bbox 2327 4138 2555 4210; x_wconf 88' lang='grc' dir='ltr'>μερίδας</span> <span class='ocrx_word' id='word_1_696' title='bbox 2587 4138 2843 4207; x_wconf 81' lang='grc' dir='ltr'>γενέσθαι</span> <span class='ocrx_word' id='word_1_697' title='bbox 2870 4140 2965 4192; x_wconf 69' lang='grc' dir='ltr'><strong>καὶ</strong></span> <span class='ocrx_word' id='word_1_698' title='bbox 3000 4139 3167 4210; x_wconf 75' lang='grc' dir='ltr'>μηδὲν</span> <span class='ocrx_word' id='word_1_699' title='bbox 3197 4140 3390 4202; x_wconf 83' lang='grc' dir='ltr'>αύταῖς</span> <span class='ocrx_word' id='word_1_700' title='bbox 3416 4156 3481 4191; x_wconf 87' lang='grc' dir='ltr'><strong>πε</strong></span> <span class='ocrx_word' id='word_1_701' title='bbox 3494 4140 3684 4211; x_wconf 66' lang='grc' dir='ltr'>ριττὶν</span> 
     </span>
    </p>
   </div>
   <div class='ocr_carea' id='block_1_101' title="bbox 2079 4226 3679 4302">
    <p class='ocr_par' dir='ltr' id='par_1_101' title="bbox 2079 4226 3679 4302">
     <span class='ocr_line' id='line_1_101' title="bbox 2079 4226 3679 4302; baseline 0.001 -19"><span class='ocrx_word' id='word_1_702' title='bbox 2079 4229 2113 4300; x_wconf 84' lang='grc' dir='ltr'>ἢ</span> <span class='ocrx_word' id='word_1_703' title='bbox 2150 4230 2400 4283; x_wconf 79' lang='grc' dir='ltr'>ἐλλεῖπον</span> <span class='ocrx_word' id='word_1_704' title='bbox 2432 4229 2787 4301; x_wconf 84' lang='grc' dir='ltr'>ἀποδοθῆναι.</span> <span class='ocrx_word' id='word_1_705' title='bbox 2832 4231 3179 4302; x_wconf 85' lang='grc' dir='ltr'>Ἦρίθμησαν</span> <span class='ocrx_word' id='word_1_706' title='bbox 3207 4226 3298 4285; x_wconf 82' lang='grc' dir='ltr'>οὖν</span> <span class='ocrx_word' id='word_1_707' title='bbox 3329 4233 3388 4284; x_wconf 82' lang='grc' dir='ltr'>ἐν</span> <span class='ocrx_word' id='word_1_708' title='bbox 3433 4232 3679 4301; x_wconf 82' lang='grc' dir='ltr'>πρώτοις</span> 
     </span>
    </p>
   </div>
   <div class='ocr_carea' id='block_1_102' title="bbox 2079 4320 3678 4397">
    <p class='ocr_par' dir='ltr' id='par_1_102' title="bbox 2079 4320 3678 4397">
     <span class='ocr_line' id='line_1_102' title="bbox 2079 4320 3678 4397; baseline 0.002 -22"><span class='ocrx_word' id='word_1_709' title='bbox 2079 4325 2177 4393; x_wconf 78' lang='grc' dir='ltr'><strong>τὴν</strong></span> <span class='ocrx_word' id='word_1_710' title='bbox 2206 4322 2418 4393; x_wconf 79' lang='grc' dir='ltr'>πληθὺν</span> <span class='ocrx_word' id='word_1_711' title='bbox 2445 4322 2667 4377; x_wconf 77' lang='grc' dir='ltr'>ἃπασαν</span> <span class='ocrx_word' id='word_1_712' title='bbox 2690 4340 2703 4354; x_wconf 77' lang='grc' dir='ltr'><strong>ο</strong></span> <span class='ocrx_word' id='word_1_713' title='bbox 2738 4326 2770 4394; x_wconf 77' lang='grc' dir='ltr'>ἡ</span> <span class='ocrx_word' id='word_1_714' title='bbox 2794 4324 2851 4377; x_wconf 81' lang='grc' dir='ltr'><strong>δὲ</strong></span> <span class='ocrx_word' id='word_1_715' title='bbox 2872 4320 2939 4397; x_wconf 78' lang='grc' dir='ltr'>ἦν</span> <span class='ocrx_word' id='word_1_716' title='bbox 2966 4325 3060 4379; x_wconf 87' lang='grc' dir='ltr'><strong>δύο</strong></span> <span class='ocrx_word' id='word_1_717' title='bbox 3084 4327 3177 4379; x_wconf 72' lang='grc' dir='ltr'>καὶ</span> <span class='ocrx_word' id='word_1_718' title='bbox 3207 4324 3381 4378; x_wconf 79' lang='grc' dir='ltr'>εἴκοσι</span> <span class='ocrx_word' id='word_1_719' title='bbox 3408 4325 3678 4396; x_wconf 80' lang='grc' dir='ltr'>χιλιάδες,</span> 
     </span>
    </p>
   </div>
   <div class='ocr_carea' id='block_1_103' title="bbox 2079 4411 3688 4523">
    <p class='ocr_par' dir='ltr' id='par_1_103' title="bbox 2079 4411 3688 4523">
     <span class='ocr_line' id='line_1_103' title="bbox 2079 4411 3688 4523; baseline -0.006 -44"><span class='ocrx_word' id='word_1_720' title='bbox 2079 4416 2138 4479; x_wconf 72' lang='grc' dir='ltr'><strong>ἐξ</strong></span> <span class='ocrx_word' id='word_1_721' title='bbox 2167 4411 2242 4469; x_wconf 78' lang='grc' dir='ltr'>ὧν</span> <span class='ocrx_word' id='word_1_722' title='bbox 2280 4417 2557 4479; x_wconf 77' lang='grc' dir='ltr'>ἁπάντων,</span> <span class='ocrx_word' id='word_1_723' title='bbox 2609 4417 2779 4489; x_wconf 70' lang='grc' dir='ltr'>χωρὶς</span> <span class='ocrx_word' id='word_1_724' title='bbox 2827 4419 2859 4488; x_wconf 80' lang='grc' dir='ltr'>ἡ</span> <span class='ocrx_word' id='word_1_725' title='bbox 2871 4416 2986 4489; x_wconf 84' lang='grc' dir='ltr'><strong>μῶν</strong></span> <span class='ocrx_word' id='word_1_726' title='bbox 3017 4418 3122 4471; x_wconf 86' lang='grc' dir='ltr'><strong>τῶν</strong></span> <span class='ocrx_word' id='word_1_727' title='bbox 3160 4419 3302 4489; x_wconf 81' lang='grc' dir='ltr'>λόγῳ</span> <span class='ocrx_word' id='word_1_728' title='bbox 3326 4419 3372 4449; x_wconf 88' lang='grc'><strong>⁸⁷</strong></span> <span class='ocrx_word' id='word_1_729' title='bbox 3406 4419 3506 4487; x_wconf 74' lang='grc' dir='ltr'>τῆς</span> <span class='ocrx_word' id='word_1_730' title='bbox 3539 4436 3688 4523; x_wconf 67' lang='grc' dir='ltr'><strong>κοιτ-1</strong></span> 
     </span>
    </p>
   </div>
   <div class='ocr_carea' id='block_1_104' title="bbox 2084 4598 3676 4677">
    <p class='ocr_par' dir='ltr' id='par_1_104' title="bbox 2084 4598 3676 4677">
     <span class='ocr_line' id='line_1_104' title="bbox 2084 4598 3676 4677; baseline 0.002 -22"><span class='ocrx_word' id='word_1_731' title='bbox 2084 4620 2237 4671; x_wconf 91' lang='grc' dir='ltr'>γωνα</span> <span class='ocrx_word' id='word_1_732' title='bbox 2289 4598 2403 4673; x_wconf 81' lang='grc' dir='ltr'>εἶχε</span> <span class='ocrx_word' id='word_1_733' title='bbox 2454 4605 2876 4674; x_wconf 83' lang='grc' dir='ltr'>τετριχωμένον.</span> <span class='ocrx_word' id='word_1_734' title='bbox 2934 4605 3076 4659; x_wconf 71' lang='grc' dir='ltr'>Ἀλλ’</span> <span class='ocrx_word' id='word_1_735' title='bbox 3114 4606 3234 4660; x_wconf 67' lang='grc' dir='ltr'>οὐδὲ</span> <span class='ocrx_word' id='word_1_736' title='bbox 3288 4607 3676 4677; x_wconf 80' lang='grc' dir='ltr'>προϐεϐηκυῖα</span> 
     </span>
    </p>
   </div>
   <div class='ocr_carea' id='block_1_105' title="bbox 2076 4694 3676 4769">
    <p class='ocr_par' dir='ltr' id='par_1_105' title="bbox 2076 4694 3676 4769">
     <span class='ocr_line' id='line_1_105' title="bbox 2076 4694 3676 4769; baseline 0.003 -21"><span class='ocrx_word' id='word_1_737' title='bbox 2076 4694 2213 4767; x_wconf 81' lang='grc' dir='ltr'>γυνὴ</span> <span class='ocrx_word' id='word_1_738' title='bbox 2257 4697 2315 4749; x_wconf 85' lang='grc' dir='ltr'>ὲν</span> <span class='ocrx_word' id='word_1_739' title='bbox 2362 4694 2592 4761; x_wconf 89' lang='grc' dir='ltr'>ταύταις</span> <span class='ocrx_word' id='word_1_740' title='bbox 2629 4698 2832 4761; x_wconf 87' lang='grc' dir='ltr'>πάσαις</span> <span class='ocrx_word' id='word_1_741' title='bbox 2862 4700 2983 4762; x_wconf 89' lang='grc' dir='ltr'>ταῖς</span> <span class='ocrx_word' id='word_1_742' title='bbox 3032 4700 3290 4769; x_wconf 81' lang='grc' dir='ltr'>χιλιάσιν.</span> <span class='ocrx_word' id='word_1_743' title='bbox 3349 4700 3676 4763; x_wconf 82' lang='grc' dir='ltr'>Ἐπίλεκτος</span> 
     </span>
    </p>
   </div>
   <div class='ocr_carea' id='block_1_106' title="bbox 2071 4784 3674 4863">
    <p class='ocr_par' dir='ltr' id='par_1_106' title="bbox 2071 4784 3674 4863">
     <span class='ocr_line' id='line_1_106' title="bbox 2071 4784 3674 4863; baseline 0.003 -23"><span class='ocrx_word' id='word_1_744' title='bbox 2071 4788 2129 4841; x_wconf 83' lang='grc' dir='ltr'>δέ</span> <span class='ocrx_word' id='word_1_745' title='bbox 2152 4806 2233 4851; x_wconf 91' lang='grc' dir='ltr'><strong>τις</strong></span> <span class='ocrx_word' id='word_1_746' title='bbox 2266 4784 2334 4859; x_wconf 75' lang='grc' dir='ltr'><strong>ἦν</strong></span> <span class='ocrx_word' id='word_1_747' title='bbox 2363 4790 2455 4843; x_wconf 73' lang='grc' dir='ltr'><strong>καὶ</strong></span> <span class='ocrx_word' id='word_1_748' title='bbox 2488 4790 2698 4854; x_wconf 76' lang='grc' dir='ltr'>νεάζων</span> <span class='ocrx_word' id='word_1_749' title='bbox 2729 4792 2757 4843; x_wconf 84' lang='grc' dir='ltr'>ὁ</span> <span class='ocrx_word' id='word_1_750' title='bbox 2787 4791 2981 4862; x_wconf 84' lang='grc' dir='ltr'>δῆμος,</span> <span class='ocrx_word' id='word_1_751' title='bbox 3012 4794 3106 4846; x_wconf 77' lang='grc' dir='ltr'><strong>καὶ</strong></span> <span class='ocrx_word' id='word_1_752' title='bbox 3137 4788 3250 4846; x_wconf 80' lang='grc' dir='ltr'>οἷον</span> <span class='ocrx_word' id='word_1_753' title='bbox 3286 4791 3489 4863; x_wconf 73' lang='grc' dir='ltr'>ἐρίζων</span> <span class='ocrx_word' id='word_1_754' title='bbox 3533 4794 3674 4845; x_wconf 73' lang='grc' dir='ltr'>ἔκα-</span> 
     </span>
    </p>
   </div>
   <div class='ocr_carea' id='block_1_107' title="bbox 2074 4880 3677 4958">
    <p class='ocr_par' dir='ltr' id='par_1_107' title="bbox 2074 4880 3677 4958">
     <span class='ocr_line' id='line_1_107' title="bbox 2074 4880 3677 4958; baseline 0.003 -25"><span class='ocrx_word' id='word_1_755' title='bbox 2074 4898 2197 4945; x_wconf 87' lang='grc' dir='ltr'>στος</span> <span class='ocrx_word' id='word_1_756' title='bbox 2231 4880 2365 4953; x_wconf 76' lang='grc' dir='ltr'><strong>ἢτῷ</strong></span> <span class='ocrx_word' id='word_1_757' title='bbox 2394 4883 2617 4953; x_wconf 81' lang='grc' dir='ltr'>ἀκμαίῳ</span> <span class='ocrx_word' id='word_1_758' title='bbox 2637 4883 2736 4954; x_wconf 85' lang='grc' dir='ltr'>τῆς</span> <span class='ocrx_word' id='word_1_759' title='bbox 2767 4882 2984 4955; x_wconf 76' lang='grc' dir='ltr'>ἡλικίας</span> <span class='ocrx_word' id='word_1_760' title='bbox 3012 4885 3044 4958; x_wconf 81' lang='grc' dir='ltr'>ἢ</span> <span class='ocrx_word' id='word_1_761' title='bbox 3080 4885 3158 4957; x_wconf 81' lang='grc' dir='ltr'><strong>τῷ</strong></span> <span class='ocrx_word' id='word_1_762' title='bbox 3182 4886 3372 4957; x_wconf 82' lang='grc' dir='ltr'>ὡραίῳ</span> <span class='ocrx_word' id='word_1_763' title='bbox 3400 4888 3501 4954; x_wconf 74' lang='grc' dir='ltr'><strong>τῆς</strong></span> <span class='ocrx_word' id='word_1_764' title='bbox 3533 4903 3677 4957; x_wconf 67' lang='grc' dir='ltr'>μορε</span> 
     </span>
    </p>
   </div>
   <div class='ocr_carea' id='block_1_108' title="bbox 2073 4975 3671 5050">
    <p class='ocr_par' dir='ltr' id='par_1_108' title="bbox 2073 4975 3671 5050">
     <span class='ocr_line' id='line_1_108' title="bbox 2073 4975 3671 5050; baseline 0.003 -23"><span class='ocrx_word' id='word_1_765' title='bbox 2073 4978 2182 5047; x_wconf 79' lang='grc' dir='ltr'><strong>φῆς</strong></span> <span class='ocrx_word' id='word_1_766' title='bbox 2214 4975 2566 5047; x_wconf 81' lang='grc' dir='ltr'>ὑπερϐαίνειν</span> <span class='ocrx_word' id='word_1_767' title='bbox 2601 4978 2693 5033; x_wconf 69' lang='grc' dir='ltr'><strong>τον</strong></span> <span class='ocrx_word' id='word_1_768' title='bbox 2746 4978 2958 5050; x_wconf 71' lang='grc' dir='ltr'>ἕτερον,</span> <span class='ocrx_word' id='word_1_769' title='bbox 2989 4978 3093 5033; x_wconf 76' lang='grc' dir='ltr'><strong>κᾶν</strong></span> <span class='ocrx_word' id='word_1_770' title='bbox 3124 4982 3157 5049; x_wconf 82' lang='grc' dir='ltr'>ἡ</span> <span class='ocrx_word' id='word_1_771' title='bbox 3212 4978 3519 5048; x_wconf 78' lang='grc' dir='ltr'>ἐπαλληλία</span> <span class='ocrx_word' id='word_1_772' title='bbox 3556 4982 3671 5031; x_wconf 79' lang='grc' dir='ltr'><strong>τῶν</strong></span> 
     </span>
    </p>
   </div>
   <div class='ocr_carea' id='block_1_109' title="bbox 2072 5069 3672 5143">
    <p class='ocr_par' dir='ltr' id='par_1_109' title="bbox 2072 5069 3672 5143">
     <span class='ocr_line' id='line_1_109' title="bbox 2072 5069 3672 5143; baseline 0.002 -21"><span class='ocrx_word' id='word_1_773' title='bbox 2072 5069 2354 5141; x_wconf 82' lang='grc' dir='ltr'>δυσχερῶν</span> <span class='ocrx_word' id='word_1_774' title='bbox 2397 5070 2507 5123; x_wconf 86' lang='grc' dir='ltr'><strong>τῶν</strong></span> <span class='ocrx_word' id='word_1_775' title='bbox 2565 5071 2815 5139; x_wconf 84' lang='grc' dir='ltr'>φυσικῶν</span> <span class='ocrx_word' id='word_1_776' title='bbox 2870 5073 3069 5134; x_wconf 76' lang='grc' dir='ltr'>αὐτοὺς</span> <span class='ocrx_word' id='word_1_777' title='bbox 3118 5072 3285 5136; x_wconf 82' lang='grc' dir='ltr'>’ἐξεων</span> <span class='ocrx_word' id='word_1_778' title='bbox 3344 5072 3672 5143; x_wconf 70' lang='grc' dir='ltr'>ἀλλοτριοῦν</span> 
     </span>
    </p>
   </div>
   <div class='ocr_carea' id='block_1_110' title="bbox 2074 5162 3670 5235">
    <p class='ocr_par' dir='ltr' id='par_1_110' title="bbox 2074 5162 3670 5235">
     <span class='ocr_line' id='line_1_110' title="bbox 2074 5162 3670 5235; baseline 0 -20"><span class='ocrx_word' id='word_1_779' title='bbox 2074 5162 2348 5227; x_wconf 81' lang='grc' dir='ltr'>ἐϐιάζετο.</span> <span class='ocrx_word' id='word_1_780' title='bbox 2392 5162 2535 5216; x_wconf 79' lang='grc' dir='ltr'>Ἀλλ’</span> <span class='ocrx_word' id='word_1_781' title='bbox 2569 5164 2658 5217; x_wconf 84' lang='grc' dir='ltr'>ὅτε</span> <span class='ocrx_word' id='word_1_782' title='bbox 2684 5163 2749 5235; x_wconf 82' lang='grc' dir='ltr'>δὴ</span> <span class='ocrx_word' id='word_1_783' title='bbox 2780 5163 2981 5227; x_wconf 85' lang='grc' dir='ltr'>πάντες</span> <span class='ocrx_word' id='word_1_784' title='bbox 3008 5164 3088 5227; x_wconf 88' lang='grc' dir='ltr'><strong>είς</strong></span> <span class='ocrx_word' id='word_1_785' title='bbox 3118 5162 3341 5233; x_wconf 79' lang='grc' dir='ltr'>μερίδας</span> <span class='ocrx_word' id='word_1_786' title='bbox 3375 5162 3670 5230; x_wconf 70' lang='grc' dir='ltr'>γενόμενος.</span> 
     </span>
    </p>
   </div>
   <div class='ocr_carea' id='block_1_111' title="bbox 2078 5256 3673 5327">
    <p class='ocr_par' dir='ltr' id='par_1_111' title="bbox 2078 5256 3673 5327">
     <span class='ocr_line' id='line_1_111' title="bbox 2078 5256 3673 5327; baseline 0.001 -19"><span class='ocrx_word' id='word_1_787' title='bbox 2078 5256 2240 5309; x_wconf 87' lang='grc' dir='ltr'>πάλιν</span> <span class='ocrx_word' id='word_1_788' title='bbox 2275 5256 2413 5327; x_wconf 87' lang='grc' dir='ltr'>μετά</span> <span class='ocrx_word' id='word_1_789' title='bbox 2456 5257 2501 5288; x_wconf 72' lang='grc'><strong>⁵⁸</strong></span> <span class='ocrx_word' id='word_1_790' title='bbox 2532 5262 2639 5309; x_wconf 81' lang='grc' dir='ltr'><strong>τῶν</strong></span> <span class='ocrx_word' id='word_1_791' title='bbox 2680 5258 2893 5311; x_wconf 90' lang='grc' dir='ltr'>σκύλων</span> <span class='ocrx_word' id='word_1_792' title='bbox 2926 5259 3048 5319; x_wconf 86' lang='grc' dir='ltr'>ταῖς</span> <span class='ocrx_word' id='word_1_793' title='bbox 3080 5256 3241 5310; x_wconf 78' lang='grc' dir='ltr'>ναυσὶ</span> <span class='ocrx_word' id='word_1_794' title='bbox 3284 5256 3673 5325; x_wconf 69' lang='grc' dir='ltr'>συνηλάθησαν</span> 
     </span>
    </p>
   </div>
   <div class='ocr_carea' id='block_1_112' title="bbox 2076 5344 3669 5418">
    <p class='ocr_par' dir='ltr' id='par_1_112' title="bbox 2076 5344 3669 5418">
     <span class='ocr_line' id='line_1_112' title="bbox 2076 5344 3669 5418; baseline -0.003 -17"><span class='ocrx_word' id='word_1_795' title='bbox 2076 5346 2265 5417; x_wconf 74' lang='grc' dir='ltr'>(ἄμφω</span> <span class='ocrx_word' id='word_1_796' title='bbox 2292 5345 2401 5416; x_wconf 82' lang='grc' dir='ltr'><strong>γάρ</strong></span> <span class='ocrx_word' id='word_1_797' title='bbox 2430 5347 2524 5399; x_wconf 73' lang='grc' dir='ltr'><strong>καὶ</strong></span> <span class='ocrx_word' id='word_1_798' title='bbox 2559 5345 2734 5401; x_wconf 70' lang='grc' dir='ltr'>ταῦτα</span> <span class='ocrx_word' id='word_1_799' title='bbox 2767 5348 2863 5401; x_wconf 71' lang='grc' dir='ltr'><strong>σὺν</strong></span> <span class='ocrx_word' id='word_1_800' title='bbox 2894 5346 2970 5418; x_wconf 80' lang='grc' dir='ltr'><strong>τῷ</strong></span> <span class='ocrx_word' id='word_1_801' title='bbox 2997 5345 3191 5416; x_wconf 78' lang='grc' dir='ltr'>πλήθει</span> <span class='ocrx_word' id='word_1_802' title='bbox 3212 5344 3669 5417; x_wconf 70' lang='grc' dir='ltr'>διενεμήθησαν),</span> 
     </span>
    </p>
   </div>
   <div class='ocr_carea' id='block_1_113' title="bbox 2075 5440 3671 5515">
    <p class='ocr_par' dir='ltr' id='par_1_113' title="bbox 2075 5440 3671 5515">
     <span class='ocr_line' id='line_1_113' title="bbox 2075 5440 3671 5515; baseline 0.002 -24"><span class='ocrx_word' id='word_1_803' title='bbox 2075 5442 2201 5515; x_wconf 75' lang='grc' dir='ltr'><strong>τότε¹</strong></span> <span class='ocrx_word' id='word_1_804' title='bbox 2230 5440 2294 5510; x_wconf 78' lang='grc' dir='ltr'>δὴ</span> <span class='ocrx_word' id='word_1_805' title='bbox 2342 5442 2451 5496; x_wconf 85' lang='grc' dir='ltr'><strong>των</strong></span> <span class='ocrx_word' id='word_1_806' title='bbox 2512 5442 2816 5514; x_wconf 80' lang='grc' dir='ltr'>Βαρϐάρων</span> <span class='ocrx_word' id='word_1_807' title='bbox 2859 5443 2908 5494; x_wconf 88' lang='grc' dir='ltr'>οἱ</span> <span class='ocrx_word' id='word_1_808' title='bbox 2962 5442 3060 5511; x_wconf 78' lang='grc' dir='ltr'>τὴν</span> <span class='ocrx_word' id='word_1_809' title='bbox 3116 5443 3342 5513; x_wconf 75' lang='grc' dir='ltr'>Κρήτην</span> <span class='ocrx_word' id='word_1_810' title='bbox 3388 5440 3671 5507; x_wconf 70' lang='grc' dir='ltr'>οἰκοῦντες</span> 
     </span>
    </p>
   </div>
   <div class='ocr_carea' id='block_1_114' title="bbox 2074 5530 3669 5606">
    <p class='ocr_par' dir='ltr' id='par_1_114' title="bbox 2074 5530 3669 5606">
     <span class='ocr_line' id='line_1_114' title="bbox 2074 5530 3669 5606; baseline -0.001 -23"><span class='ocrx_word' id='word_1_811' title='bbox 2074 5532 2173 5584; x_wconf 78' lang='grc' dir='ltr'><strong>οὐκ</strong></span> <span class='ocrx_word' id='word_1_812' title='bbox 2197 5530 2411 5599; x_wconf 80' lang='grc' dir='ltr'>ὀλίγους</span> <span class='ocrx_word' id='word_1_813' title='bbox 2431 5534 2687 5600; x_wconf 86' lang='grc' dir='ltr'>ὠνοῦντο,</span> <span class='ocrx_word' id='word_1_814' title='bbox 2713 5534 2847 5587; x_wconf 76' lang='grc' dir='ltr'>πολὺ</span> <span class='ocrx_word' id='word_1_815' title='bbox 2878 5534 3100 5606; x_wconf 80' lang='grc' dir='ltr'>χρυσίον</span> <span class='ocrx_word' id='word_1_816' title='bbox 3130 5532 3268 5603; x_wconf 74' lang='grc' dir='ltr'>ὑπὲρ</span> <span class='ocrx_word' id='word_1_817' title='bbox 3290 5532 3472 5585; x_wconf 76' lang='grc' dir='ltr'>αὐτῶν</span> <span class='ocrx_word' id='word_1_818' title='bbox 3496 5548 3669 5583; x_wconf 83' lang='grc' dir='ltr'>κατα-</span> 
     </span>
    </p>
   </div>
   <div class='ocr_carea' id='block_1_115' title="bbox 2075 5625 3656 5699">
    <p class='ocr_par' dir='ltr' id='par_1_115' title="bbox 2075 5625 3656 5699">
     <span class='ocr_line' id='line_1_115' title="bbox 2075 5625 3656 5699; baseline 0.004 -23"><span class='ocrx_word' id='word_1_819' title='bbox 2075 5625 2329 5678; x_wconf 75' lang='grc' dir='ltr'>ϐαλέσθαι</span> <span class='ocrx_word' id='word_1_820' title='bbox 2369 5626 2444 5698; x_wconf 75' lang='grc' dir='ltr'><strong>μὴ</strong></span> <span class='ocrx_word' id='word_1_821' title='bbox 2478 5628 2926 5699; x_wconf 72' lang='grc' dir='ltr'>παραιτούμενοι,</span> <span class='ocrx_word' id='word_1_822' title='bbox 2952 5628 3048 5699; x_wconf 70' lang='grc' dir='ltr'>οὔχ</span> <span class='ocrx_word' id='word_1_823' title='bbox 3076 5627 3261 5691; x_wconf 78' lang='grc' dir='ltr'>άτ-λῶς</span> <span class='ocrx_word' id='word_1_824' title='bbox 3283 5628 3389 5681; x_wconf 70' lang='grc' dir='ltr'>οὐδ’</span> <span class='ocrx_word' id='word_1_825' title='bbox 3420 5627 3493 5691; x_wconf 82' lang='grc' dir='ltr'><strong>ὡς</strong></span> <span class='ocrx_word' id='word_1_826' title='bbox 3526 5626 3656 5679; x_wconf 72' lang='grc' dir='ltr'>ἔτυ-</span> 
     </span>
    </p>
   </div>
   <div class='ocr_carea' id='block_1_116' title="bbox 1655 5717 2331 5775">
    <p class='ocr_par' dir='ltr' id='par_1_116' title="bbox 1655 5717 2331 5775">
     <span class='ocr_line' id='line_1_116' title="bbox 1655 5717 2331 5775; baseline -0.004 -1"><span class='ocrx_word' id='word_1_827' title='bbox 1655 5720 1887 5775; x_wconf 65' lang='lat' dir='ltr'><strong>‘v&#39;AlllA&#39;l</strong></span> <span class='ocrx_word' id='word_1_828' title='bbox 1930 5717 2331 5775; x_wconf 63' lang='lat' dir='ltr'><strong>LICC&#39;I‘IONES.</strong></span> 
     </span>
    </p>
   </div>
   <div class='ocr_carea' id='block_1_117' title="bbox 457 5804 1558 5879">
    <p class='ocr_par' dir='ltr' id='par_1_117' title="bbox 457 5804 1558 5879">
     <span class='ocr_line' id='line_1_117' title="bbox 457 5804 1558 5879; baseline 0.012 -25"><span class='ocrx_word' id='word_1_829' title='bbox 457 5811 503 5843; x_wconf 73' lang='lat' dir='ltr'><strong>I‘</strong></span> <span class='ocrx_word' id='word_1_830' title='bbox 543 5804 934 5875; x_wconf 59' lang='grc' dir='ltr'>τροσδεόμενον</span> <span class='ocrx_word' id='word_1_831' title='bbox 962 5810 1024 5863; x_wconf 72' lang='grc' dir='ltr'><strong>Α.</strong></span> <span class='ocrx_word' id='word_1_832' title='bbox 1125 5814 1167 5847; x_wconf 75' lang='grc'><strong>⁸⁷</strong></span> <span class='ocrx_word' id='word_1_833' title='bbox 1198 5814 1287 5866; x_wconf 65' lang='grc' dir='ltr'><strong>τὸν</strong></span> <span class='ocrx_word' id='word_1_834' title='bbox 1312 5814 1467 5879; x_wconf 62' lang='grc' dir='ltr'>λόγον</span> <span class='ocrx_word' id='word_1_835' title='bbox 1498 5813 1558 5868; x_wconf 73' lang='grc' dir='ltr'><strong>Ᾱ.</strong></span> 
     </span>
    </p>
   </div>
   <div class='ocr_carea' id='block_1_118' title="bbox 1641 5810 2052 5871">
    <p class='ocr_par' dir='ltr' id='par_1_118' title="bbox 1641 5810 2052 5871">
     <span class='ocr_line' id='line_1_118' title="bbox 1641 5810 2052 5871; baseline -0.002 -8"><span class='ocrx_word' id='word_1_836' title='bbox 1641 5816 1681 5843; x_wconf 70' lang='grc'><strong>⁸⁸</strong></span> <span class='ocrx_word' id='word_1_837' title='bbox 1715 5814 1798 5871; x_wconf 61' lang='grc' dir='ltr'>τζν</span> <span class='ocrx_word' id='word_1_838' title='bbox 1840 5829 1947 5868; x_wconf 87' lang='lat' dir='ltr'><strong>om.</strong></span> <span class='ocrx_word' id='word_1_839' title='bbox 1997 5810 2052 5863; x_wconf 71' lang='grc' dir='ltr'><strong>Ρ.</strong></span> 
     </span>
    </p>
   </div>
   <div class='ocr_carea' id='block_1_119' title="bbox 2136 5812 2369 5881">
    <p class='ocr_par' dir='ltr' id='par_1_119' title="bbox 2136 5812 2369 5881">
     <span class='ocr_line' id='line_1_119' title="bbox 2136 5812 2369 5881; baseline 0.004 -16"><span class='ocrx_word' id='word_1_840' title='bbox 2136 5813 2177 5842; x_wconf 49' lang='grc' dir='ltr'><strong>⁵η</strong></span> <span class='ocrx_word' id='word_1_841' title='bbox 2214 5812 2369 5881; x_wconf 65' lang='grc' dir='ltr'>ἆμᾱῖ</span> 
     </span>
    </p>
   </div>
  </div>
