3962 6200
269 353 365 416 6‘29

1324 349 1422 409 DE
1465 346 1785 408 EXCIDIO
1818 347 2432 415 THESSALONICE.

3428 357 3532 420 διο
3594 328 3597 333 ’

268 485 372 537 χεν,
409 464 549 519 ἀλλά
581 463 807 536 κέρδους
840 462 987 527 τινὸς
1022 461 1280 516 ὑπόθεσιν
1312 462 1527 525 ἑαυτοῖς
1554 464 1618 516 ἐκ
1649 461 1839 515 τούτου

1956 473 2154 522 temere
2198 467 2415 524 nullave
2446 467 2681 533 ratione.
2708 468 2803 524 sed
2832 482 2958 523 eum
3000 467 3107 524 sibi
3149 466 3277 523 inde
3316 468 3531 524 lucrum

268 556 732 628 περιποιούμενοι.
761 555 1021 626 Ιᾙδεισαν
1048 553 1158 624 γὰρ
1199 553 1640 606 πολλαπλασίονα
1662 555 1709 586 ⁸⁸
1733 554 1842 607 τῶν

269 650 550 721 διδομένων
598 648 807 713 λαϐεῖν,
857 647 1021 719 ήνίκα
1056 645 1123 700 ἂν
1174 644 1271 718 [Ρ.
1312 645 1454 717 578]
1495 648 1842 719 καταλλαγῆς

270 743 481 798 ἐπέλθοι
523 741 737 812 καιρὸς,
774 740 939 795 ὁπότε
977 739 1105 803 τοὺς
1150 739 1456 810 ὁμοφύλους
1488 740 1689 806 αὐτῶν,
1718 741 1841 802 τοὺς

253 835 411 905 ξπαρὰ
434 832 545 887 τῶν
589 832 882 902 Ῥωμαίων
922 830 1313 904 χειρωθέντας,
1345 831 1676 902 ἐκδέχονται.
1707 832 1843 886 Οὐδὲ

250 889 370 998 ἕτεῤ
401 928 477 990 ὡς
528 929 587 979 ἐν
641 889 757 989 τοὶς
783 889 952 979 ma"
973 889 1197 996 Συρίαν.
1241 924 1385 978 οὕτω
1434 889 1526 978 κᾶι
1566 925 1777 988 τούτοις
1808 927 1842 997 ἡ

268 1021 370 1074 τῶν
408 1017 773 1090 αἰχμαλώτων
800 1017 1179 1088 ἀπολύτρωσις
1209 1018 1536 1083 ἐκτελεῖται,
1579 1018 1695 1070 ἀλλ’
1740 1020 1841 1070 ἐπ-

274 1115 575 1187 ικράτησιν
595 1113 653 1166 ἐν
682 1112 893 1176 τούτοις
919 1111 1149 1165 παλαιὸν
1170 1110 1290 1174 έθος
1320 1110 1497 1183 χρόνῳ
1525 1109 1842 1181 βεδαιωθέν,

269 1208 353 1261 ἵνα
390 1206 485 1261 καὶ
536 1207 630 1260 τὸν
684 1204 991 1277 Βάρὸαρον,
1033 1204 1182 1267 ὅστις
1230 1204 1361 1256 ποτὲ
1409 1199 1500 1273 ἦν,
1552 1203 1713 1273 χάριν
1749 1202 1843 1256 τοῦ

267 1300 630 1371 κατεχομένου
676 1298 1032 1369 κομίζωνται,
1076 1298 1170 1351 καὶ
1221 1296 1321 1367 τὴν
1348 1296 1488 1365 ὑπὲρ
1543 1295 1709 1350 αὑτοῦ
1758 1295 1845 1349 δο-

265 1393 451 1447 θείσαν
496 1390 661 1461 τιμὴν
708 1389 1017 1443 ἀπαιτῶσιν
1051 1392 1131 1452 είς
1179 1389 1241 1442 τὸ
1268 1388 1570 1443 διπλάσιον.
1624 1389 1723 1442 Διά
1764 1405 1845 1443 τοι

268 1482 429 1537 τοῦτο
448 1481 679 1546 πολλοὺς
701 1482 750 1535 οἱ
784 1480 1004 1551 Κρῆτες
1030 1480 1518 1551 τῶναίχμαλὼτων
1538 1479 1650 1551 ὠνή
1660 1497 1842 1544 σαντο,

263 1577 363 1646 τὴν
400 1575 526 1629 καθ’
559 1576 709 1647 ἡμᾶς
741 1574 1033 1646 συμφορὰν
1066 1574 1293 1644 κέρδους
1322 1574 1684 1645 συνεισφορὰν
1713 1575 1845 1627 ἐαυ-

262 1672 376 1730 τοίς
439 1667 827 1739 ἐφευράμενοι.
892 1668 1176 1739 Ἑπράχθη
1231 1668 1288 1721 δέ
1343 1666 1516 1742 ταῦτα
1572 1669 1657 1736 ἐφ’
1694 1667 1846 1729 ὅλαις

262 1760 503 1832 ἡμέραις
525 1760 681 1822 δέκα.
717 1759 806 1813 ἀεὶ
840 1759 949 1812 τῶν
985 1759 1191 1812 ἐθάδων
1219 1758 1364 1829 νηῶν
1403 1759 1845 1827 μετασκευαξου-

1944 555 2281 612 factitarent.
2330 558 2497 614 Plane
2530 558 2677 613 enim
2711 569 2982 615 noverant
3025 561 3199 615 multo
3232 560 3337 615 sibi
3379 561 3534 630 plura

1946 648 2292 704 restituenda
2325 651 2775 709 commutationis
2817 661 3087 724 tempore,
3122 653 3252 707 dum
3293 668 3406 708 sua:
3440 669 3537 706 na-

1946 740 2115 795 tionis
2144 742 2393 811 captivos
2423 759 2452 797 a
2481 744 2746 800 Romanis
2790 745 2845 799 in
2876 746 3251 815 captivitatem
3283 746 3536 800 redactos

1946 833 2282 903 reciperent.
2314 834 2434 889 Non
2467 835 2639 902 enim,
2670 837 3137 905 quemadmodum
3172 839 3225 891 in
3252 837 3427 909 Syria,
3457 839 3533 891 sic

1946 924 2331 995 hisquoquein
2347 927 2484 982 locis
2509 924 2830 999 transigitur
2850 929 3191 999 captivorum
3210 930 3533 999 redemptio'

1946 1016 2043 1071 sed
2074 1017 2126 1071 in
2156 1018 2245 1072 his
2269 1019 2443 1074 veteri
2466 1020 2873 1075 consuetudine
2900 1036 3004 1076 usu
3036 1022 3249 1076 firmata
3275 1021 3537 1085 obtinuit,

1948 1118 2005 1162 ut
2034 1120 2089 1164 et
2113 1109 2461 1180 l8arbarum,
2495 1111 2748 1183 quisquis
2781 1112 2872 1166 ille
2907 1112 3001 1177 sit,
3033 1114 3155 1168 loco
3199 1114 3345 1168 illius
3373 1130 3537 1183 quem

1949 1200 2053 1270 ipsi
2089 1200 2343 1256 detinent
2370 1202 2633 1267 referant,
2670 1213 2725 1259 et
2760 1202 3072 1258 exsolutum
3103 1220 3202 1278 pro
3241 1219 3308 1259 eo
3336 1204 3538 1275 duplex

1946 1294 2185 1363 pretium
2208 1294 2537 1365 {reposcanL
2575 1296 2708 1351 Eam
2751 1297 2822 1352 ob
2860 1313 2977 1351 rem
3009 1297 3213 1352 multos
3250 1296 3541 1353 Cretenses

1947 1388 2196 1457 captivos
2225 1390 2453 1444 mercati
2484 1398 2636 1457 sunt,
2668 1400 2911 1445 nostram
2940 1390 3151 1446 scilicet
3174 1390 3539 1446 calamitatem

1948 1479 2033 1534 sui
2074 1479 2214 1535 lucri
2248 1481 2563 1537 auctionem
2595 1483 2913 1538 commenti.
2956 1482 3121 1537 Gesta
3159 1483 3275 1538 haec
3320 1498 3419 1553 per
3448 1483 3543 1537 de-

1949 1586 2069 1626 cem
2098 1571 2341 1643 integros
2370 1572 2509 1638 dies,
2546 1589 2670 1631 cum
2702 1590 2920 1645 semper
2943 1584 3221 1630 consuetae
3248 1591 3416 1630 naves
3446 1591 3543 1631 eos

1948 1664 2041 1733 qui
2077 1665 2249 1735 empti
2292 1677 2481 1721 essent
2512 1666 2877 1723 transferrent
2907 1676 2963 1723 et
3001 1668 3055 1722 in
3094 1667 3347 1740 proprias
3376 1668 3541 1723 urbes

1950 1757 2311 1813 deveherent.
2351 1759 2501 1814 Inter
2552 1759 2670 1815 haec
2714 1759 2999 1816 divendita
3058 1776 3279 1831 quoque
3328 1770 3385 1817 et
3434 1760 3543 1815 fra-

264 1853 374 1905 σῶν
403 1853 529 1915 τοὺς
557 1850 901 1922 ὠνουμένους
942 1852 1038 1905 καὶ
1079 1852 1215 1924 πρὸς
1238 1852 1336 1922 τὴν
1365 1851 1504 1905 ἰδίαν
1529 1850 1686 1905 πόλιν
1721 1868 1849 1922 μετ-

1956 1851 2051 1906 tris
2094 1851 2201 1905 mei
2232 1867 2391 1917 uxor,
2426 1868 2548 1922 quae
2591 1868 2678 1908 res
2706 1867 2817 1907 non
2857 1854 2963 1908 levi
2993 1868 3095 1909 nos
3120 1852 3303 1909 eii‘ecit
3334 1853 3545 1909 maesti-

262 1945 535 2013 αγουσῶν.
572 1944 663 1997 Ἐν
708 1938 789 2008 οἷς
833 1944 1022 2015 ἔτυχεν
1072 1944 1354 1998 ἐκδοθεῖσα
1386 1944 1479 1997 καὶ⁹
1511 1945 1545 2015 ἡ
1575 1943 1668 1998 τοῦ
1715 1943 1847 2014 ἐμοῦ

265 2038 500 2108 ἀδελφοῦ
531 2036 787 2107 σύζυγος,
816 2039 876 2091 ού
911 2036 1142 2110 μετρίαν
1173 2038 1305 2107 ἡμῖν
1339 2036 1531 2105 ὀδύνην
1563 2038 1851 2107 περιποιή-

266 2148 430 2184 σασα.
458 2130 523 2184 Ἦ
547 2131 605 2183 δέ
635 2148 724 2201 μοι
756 2130 939 2201 μήτηρ
964 2131 1058 2183 καὶ
1080 2132 1113 2200 ἡ
1136 2130 1351 2200 γαμετὴ
1377 2132 1473 2184 σὺν
1498 2132 1618 2184 δυσὶ
1643 2131 1850 2194 τέκνοις

265 2223 353 2294 (τὸ
386 2222 495 2294 γὰρ
523 2223 713 2293 ἕτερον
754 2222 917 2292 ἔργον
948 2217 1017 2293 ἦν
1057 2222 1349 2293 γενόμενον
1389 2223 1491 2292 τῆς
1525 2222 1849 2295 θαλάσσης),

265 2316 349 2369 ἔτι
394 2314 452 2369 δὲ
487 2316 576 2370 καὶ
615 2314 847 2378 ἐλεεινὸς
876 2313 1059 2377 ἅθλιος
1099 2316 1128 2369 ό
1167 2313 1389 2385 τλήμων
1418 2314 1643 2385 ἀδελφδς
1685 2319 1781 2371 καὶ
1814 2320 1848 2390 ἡ

262 2406 343 2477 τῷ
379 2406 561 2478 χρόνῳ
613 2406 831 2460 πάντων
874 2404 1310 2476 ἐφυστερίζουσα
1349 2406 1574 2478 ἀδελφὴ,
1614 2406 1679 2460 ἐκ
1708 2424 1851 2471 τινος

267 2500 459 2569 θεῖκῆς
490 2499 752 2571 προνοίας
785 2500 864 2562 είς
898 2499 1026 2570 μίαν
1068 2498 1311 2555 Σιδονίαν
1348 2498 1539 2568 ἔτυχον
1569 2498 1723 2561 ναῦν,
1752 2499 1851 2568 τῆς

265 2591 405 2663 πρὸς
437 2593 638 2663 Συρίαν
666 2591 978 2663 ἀποδημίας
1008 2592 1359 2663 τηρούμενοι.
1402 2593 1580 2662 Ἦμᾶς
1616 2591 1673 2643 δὲ
1710 2590 1850 2645 πάν-

260 2702 365 2749 τας
403 2685 533 2748 τοὺς
563 2686 622 2738 ἐν
642 2688 709 2757 τῇ
739 2684 1057 2756 καταλλαγῇ
1089 2685 1460 2756 τηρουμένους
1488 2683 1568 2737 ἔτι
1597 2683 1855 2754 διεσπαρ-

265 2780 468 2849 μένους
515 2779 674 2842 ὄντας
729 2778 1135 2846 συναγαγόντες
1177 2778 1227 2830 oi
1281 2776 1556 2848 Βάρόαροι
1588 2775 1701 2837 ,καί
1748 2792 1854 2829 τινι

262 2870 541 2941 πολεμικῇ
602 2868 692 2940 νηῒ
735 2869 845 2924 τῶν
893 2871 959 2923 ἐκ
1005 2869 1099 2922 τοῦ
1144 2868 1366 2940 λιμένος
1399 2864 1854 2921 ἀνασπασθεισῶν

262 2966 359 3033 ὑφ’
380 2964 442 3018 ιν
480 2963 891 3033 είσενεγκόντες
922 2962 1238 3033 καθεῖρξαν,
1271 2960 1521 3030 φύλακάς
1556 2977 1711 3024 τινας
1743 2958 1854 3012 τῶν

265 3054 395 3109 καθ’
422 3053 627 3116 αὐτοὺς
664 3052 950 3123 ἐμπείρων
978 3050 1160 3104 αὐτῶν
1194 3052 1328 3121 ἡμῖν
1354 3048 1813 3120 συμϐιϐάσαντες.

337 3146 432 3200 οδ’.
468 3143 580 3198 Καὶ
611 3141 787 3206 οὕτως
837 3140 1199 3207 ἐσκευάζοντο
1243 3140 1381 3211 μετά
1409 3142 1451 3174 ⁶¹
1514 3141 1643 3211 μίαν
1684 3140 1853 3209 ἀλλην

262 3236 488 3309 ἡμέραν
516 3233 739 3305 ἔχεσθαι
768 3233 863 3288 τοῦ
916 3232 1078 3296 πλοός
1097 3250 1115 3265 ·
1143 3233 1243 3304 ἤδη
1288 3232 1397 3303 γὰρ
1429 3226 1566 3303 ἦγεν
1596 3232 1793 3294 αὐτοὺς
1820 3233 1848 3285 ὁ

261 3327 463 3400 καιρὸς
507 3327 604 3381 καὶ
649 3325 925 3398 χρονίζειν
953 3325 1053 3379 οὐκ
1093 3325 1264 3378 ἐδίδου
1307 3323 1384 3393 τῷ
1415 3322 1586 3395 τόπῳ,
1621 3324 1760 3396 πρὸς
1796 3324 1857 3378 τὸ

263 3420 550 3492 χειμέριον
601 3419 693 3472 τὸν
721 3419 863 3490 ἀέρα
895 3416 1340 3490 μετατιθέμενος.
1376 3418 1596 3482 Ἵπποις
1627 3416 1720 3470 οὖν
1753 3418 1852 3486 ἐφ-

264 3512 507 3567 εστῶσιν
541 3510 835 3574 ἐπιϐάντες
871 3511 921 3565 0i
976 3511 1083 3565 τῶν
1133 3510 1279 3582 νηῶν
1325 3512 1559 3583 ἀρχηγοὶ
1589 3511 1729 3581 μετά
1764 3511 1857 3564 καὶ

262 3604 436 3659 αὐτοῦ
480 3603 577 3658 τοῦ
613 3602 883 3675 τυράννου
919 3604 1054 3674 πρὸς
1097 3606 1163 3675 τῇ
1209 3603 1364 3657 πόλει
1390 3603 1701 3674 γεγόνασιν,
1739 3603 1856 3675 ἅμα

264 3700 368 3768 μὲν
398 3697 809 3768 ἐνδεικνύμενοι
841 3699 952 3761 τοῖς
984 3698 1167 3769 Κρησὶ
1215 3697 1314 3769 τὴν
1344 3698 1438 3752 ἐπὶ
1485 3700 1597 3762 τοῖς
1638 3714 1857 3767 πεπρα-

262 3788 495 3855 γμένοις
521 3789 581 3841 ἐν
626 3788 757 3858 ἡμῖν
790 3787 1172 3857 περιφάνειαν,
1215 3789 1331 3859 ἅμα
1369 3789 1423 3841 δὲ
1468 3791 1562 3843 καὶ
1604 3791 1705 3860 τὴν
1739 3788 1857 3859 βδε-

259 3880 437 3951 λυρὰν
470 3879 652 3934 αὐτῶν
673 3879 898 3950 τελετὴν
923 3877 1401 3949 ἐκπληρώσοντες.
1441 3879 1765 3948 δεξιωθῆναί
1795 3898 1854 3933 τε

261 3969 422 4042 παρὰ
461 3969 574 4023 τῶν
604 3968 945 4041 αὐτοχθόνων
973 3970 1017 4002 ⁸³
1046 3969 1138 4022 καί
1178 3986 1325 4031 τινος
1368 3972 1550 4039 τυχεῖν
1572 3969 1689 4033 ,τῶν
1722 3987 1856 4040 προ-

263 4063 669 4132 ηγωνισμένων
694 4063 953 4126 ἀνέσεως.
981 4056 1058 4118 Οῦ
1083 4062 1148 4133 δὴ
1178 4061 1273 4115 καὶ
1300 4062 1427 4132 μίαν
1453 4061 1617 4131 ἄλλην
1642 4061 1857 4131 ἡμέραν

263 4154 804 4226 προσδιατρίψαντες
839 4154 1025 4224 τομῶς
1050 4152 1418 4223 ὑπέστρεψαν,
1441 4151 1856 4213 ἐπισπεύδοντες

260 4247 334 4300 τὰ
368 4246 507 4318 πρὸς
536 4247 627 4300 τὸν
654 4245 843 4310 πλοῦν,
871 4244 1163 4309 καλοῦντος
1201 4245 1400 4308 αὐτοὺς
1429 4244 1528 4315 ἥδη
1561 4242 1654 4296 τοῦ
1697 4241 1858 4295 πνεύ-

264 4355 467 4407 ματος.
499 4337 657 4407 Ἤδη·
681 4336 739 4391 δέ
778 4338 876 4409 τῆς
911 4337 1223 4408 δωδεκάτης
1254 4337 1471 4408 ἡμέρας
1524 4335 1855 4409 ἀρχομένης,

1952 1944 2047 1998 tia.
2105 1941 2376 1998 Caeterum
2423 1955 2603 1999 mater
2649 1955 2705 2001 et
2746 1946 2946 2016 conjux
2988 1961 3113 2000 cum
3156 1944 3373 2000 duobus
3417 1946 3543 2000 filiis

1954 2038 1971 2107 (
1998 2052 2120 2090 nam
2155 2035 2353 2092 tertius
2381 2037 2709 2093 demortuus
2750 2038 2805 2092 in
2848 2052 2997 2093 mare
3032 2038 3313 2110 projectus
3341 2038 3540 2104 fuerat)

1948 2144 2167 2183 necnon
2219 2128 2387 2184 miser
2446 2144 2511 2185 ac
2551 2145 2899 2186 aerumnosos
2951 2133 3142 2195 frater,
3197 2140 3362 2200 atque
3425 2147 3541 2185 om-

1952 2222 2116 2277 nibus
2165 2230 2324 2277 aztate
2369 2223 2561 2293 junior
2608 2238 2790 2289 soror,
2839 2223 3025 2278 divina
3068 2223 3303 2293 quadam
3355 2224 3541 2293 provi-

1952 2312 2140 2368 dentia
2196 2313 2253 2367 in
2305 2329 2412 2367 una
2471 2313 2827 2368 Sidoniarum
2881 2314 3105 2368 navium
3155 2304 3539 2379 servabantur,

1953 2407 2008 2461 in
2057 2406 2270 2478 Syriam
2301 2407 2644 2477 asportandi.
2672 2407 2785 2461 Nos
2811 2421 2945 2461 vero
2976 2421 3194 2469 omnes,
3223 2421 3362 2475 quos
3391 2420 3541 2459 com—

1953 2499 2247 2554 mutandos
2300 2500 2628 2564 servabant,
2687 2515 2814 2554 cum
2867 2499 3049 2555 adhuc
3115 2499 3349 2569 dispersi
3393 2512 3543 2554 esse-

1952 2590 2438 2661 mns,col|igentcs
2481 2590 2734 2655 Barbari,
2778 2588 2935 2661 591
2977 2598 3034 2644 et
3056 2587 3110 2642 in
3136 2590 3263 2643 navi
3286 2587 3483 2643 bellica
3511 2604 3542 2642 a

1953 2682 2142 2740 littore
2192 2683 2412 2749 avulsa,
2470 2682 2525 2737 in
2569 2698 2739 2737 unum
2786 2682 3198 2745 convehentes,
3250 2679 3543 2736 concluse-

1952 2784 2099 2841 rant,
2131 2774 2459 2831 custodibus
2487 2786 2555 2830 ex
2585 2775 2724 2843 suis,
2756 2789 2943 2831 rerum
2978 2772 3319 2845 experientia
3345 2771 3543 2843 pradi-

1954 2870 2047 2936 tis,
2074 2868 2235 2925 nobis
2262 2868 2600 2925 constitutis.

2026 3121 2139 3189 '74..
2168 3133 2349 3203 Atque
2398 3132 2571 3187 altera
2626 3130 2811 3186 statim
2861 3130 2953 3185 die
2999 3135 3405 3201 navrgatronem
3454 3142 3545 3184 ca-

1960 3240 2185 3297 pessere
2221 3225 2492 3295 parabant
2523 3224 2717 3294 reique
2765 3223 2994 3277 instare.
3046 3220 3166 3277 lam
3211 3219 3360 3276 enim
3402 3228 3545 3275 tem-

1958 3332 2064 3388 pus
2108 3316 2339 3388 urgebat
2368 3314 2672 3371 deﬂectens
2711 3313 2779 3369 ad
2815 3313 3081 3379 hiberna,
3120 3326 3225 3368 nec
3268 3309 3548 3383 longiores

1959 3408 2035 3463 ibi
2086 3422 2272 3463 moras
2316 3407 2545 3463 trahere
2586 3406 2825 3462 sinebat.
2866 3402 3138 3460 Navarchi
3178 3404 3360 3474 itaque
3389 3402 3548 3472 equis

1958 3499 2296 3563 conscensis,
2336 3514 2478 3569 quos
2510 3497 2565 3552 in
2601 3505 2861 3568 promptu
2902 3494 3200 3557 habebant,
3240 3509 3346 3548 una
3379 3494 3545 3549 etiam

1957 3592 2223 3662 adjuncto
2254 3599 2521 3657 tyranno,
2557 3587 2753 3643 urbem
2798 3594 3017 3658 petunt,
3054 3594 3168 3641 tum
3212 3595 3275 3641 ut
3314 3584 3544 3642 Creten-

1958 3686 2115 3741 sibus
2171 3684 2436 3756 przeclara
2497 3682 2766 3738 adversus
2808 3695 2912 3735 nos
2965 3677 3211 3734 facinora
3262 3691 3548 3732 common-

1956 3787 2233 3841 strarent,
2293 3785 2409 3831 tum
2461 3782 2519 3829 ut
2569 3772 2969 3829 abominandas
3026 3786 3154 3827 suas
3203 3770 3550 3827 caerimonias

1959 3871 2275 3941 explerent,
2332 3867 2741 3936 humaniusque
2792 3865 2861 3919 ab
2887 3863 3180 3935 oppidanis
3229 3862 3549 3933 acciperen-

1961 3971 2072 4026 tur,
2117 3970 2283 4030 atque
2327 3974 2358 4013 a
2392 3958 2699 4022 laboribus,
2742 3971 2881 4027 quos
2924 3954 3289 4026 pertulerant,
3338 3955 3552 4009 animos

1960 4052 2213 4110 nonnihil
2274 4053 2617 4108 relaxarent.
2697 4050 2773 4105 lbi
2826 4049 3061 4104 alterum
3118 4062 3340 4118 quoque
3404 4046 3550 4101 diem

1960 4146 2289 4203 commorati
2353 4144 2552 4199 festino
2601 4148 2980 4206 revertuntur,
3029 4138 3385 4209 secundoque
3440 4140 3552 4209 jam

1960 4249 2127 4295 vento
2187 4237 2599 4309 navigationem
2669 4234 2992 4291 sollicitant.
3038 4232 3268 4303 Jamque
3335 4231 3553 4287 duode-

1961 4332 2138 4398 cimo,
2190 4347 2221 4386 a
2274 4322 2466 4385 nos'tro
2523 4328 2738 4384 scilicet
2787 4327 2843 4381 in
2890 4325 3108 4381 Cretam
3158 4324 3425 4395 appulsu,
3484 4323 3553 4378 il-

257 4430 412 4498 λέγω
439 4428 504 4501 δὴ
538 4430 636 4500 τῆς
688 4430 825 4502 πρὸς
876 4430 973 4500 τὴν
1006 4431 1233 4500 Κρήτην
1264 4428 1521 4499 ἀφίξεως,
1556 4428 1652 4483 τοῦ
1697 4427 1850 4490 πλοὸς

1961 4425 2278 4479 luccscente
2321 4421 2412 4476 die
2460 4435 2491 4475 e
2541 4428 2706 4491 portu
2757 4418 3056 4483 solvimus,
3121 4416 3288 4487 inque
3354 4416 3553 4471 adver-

257 4521 657 4592 ἀπ-ηρξάμεθα.
689 4520 1058 4591 Μετήχοημεν
1096 4519 1155 4574 δέ
1194 4520 1331 4590 πρὸς
1355 4520 1455 4589 τὴν
1504 4518 1733 4589 ἀντικρὺ
1765 4518 1858 4587 νῆ-
1887 4552 1933 4608 D

260 4631 382 4677 σον,
414 4615 539 4685 ἥτις
568 4614 612 4646 ⁸³
666 4614 789 4677 Διὸς
834 4615 1118 4667 καλεῖται’
1157 4614 1251 4666 καὶ
1300 4612 1464 4667 πάλιν
1507 4612 1717 4664 ἐκεῖθεν
1761 4612 1854 4664 ἀν-

256 4708 528 4777 αχθέντες
563 4708 620 4760 ἐν
658 4706 736 4778 τῷ
758 4707 852 4778 τῆς
880 4708 1047 4777 νήσου
1080 4705 1281 4778 πέρατι
1328 4704 1854 4776 προσωρμίσθημεν.

270 4802 367 4855 Ἐν
389 4794 435 4869 ᾧ
460 4801 553 4855 καὶ
572 4800 963 4871 ὑδρευσάμενοι
988 4800 1083 4855 καὶ
1110 4799 1307 4872 μικρόν
1331 4817 1383 4852 τι
1405 4798 1484 4869 τῷ
1509 4799 1658 4869 τόπῳ
1687 4816 1857 4869 προσ-

258 4893 578 4962 μείναντες,
610 4892 685 4957 ὡς
715 4894 836 4945 κατ’
865 4893 1033 4964 οὐρὰν
1054 4889 1191 4946 εἶδον
1214 4891 1478 4960 γεγονότα
1508 4891 1601 4944 τὸν
1628 4891 1851 4960 ἄνεμον,

256 4983 622 5038 ἀπέπλευσαν
658 4984 867 5038 ἐκεῖθεν
907 4984 1051 5039 κατὰ
1096 4985 1262 5054 μέσον
1299 4983 1578 5045 ἰθύναντες
1608 4981 1702 5036 τοῦ
1758 5000 1855 5035 πε-

254 5077 485 5147 λάγους.
514 5074 702 5143 Ἧμεν
753 5078 808 5132 δὲ
858 5079 1084 5142 πάντες,
1138 5078 1213 5141 ὡς
1247 5077 1483 5148 εἴρηται,
1539 5078 1597 5129 ἐν
1638 5077 1735 5147 μιᾷ
1767 5073 1856 5145 νηῒ

268 5168 564 5239 Ῥωμαῖκῇ
597 5168 642 5200 ⁸⁵
672 5168 968 5239 πολεμικῇ,
1003 5169 1125 5236 ἥτις
1178 5163 1246 5238 ἦν
1271 5167 1485 5237 διήρης,
1513 5160 1589 5220 ὧν
1617 5164 1717 5237 τὴν
1757 5165 1858 5235 μὲν

252 5260 382 5316 ἄνω
408 5261 681 5331 καθέδραν
710 5262 759 5314 οἱ
793 5261 1049 5334 λαχόντες
1084 5256 1223 5315 εἶναι
1256 5259 1552 5329 μεθ’ήμῶν
1583 5258 1850 5331 Βάρϐαροι

1960 5264 2016 5310 et
2098 5271 2272 5327 prope
2364 5254 2609 5309 carinam
2684 5252 2847 5308 nobis
2924 5251 3308 5322 reliquerant,

254 5356 485 5419 ἑαυτοῖς
518 5354 928 5426 ἐκληρώσαντο,
955 5353 1054 5424 τὴν
1091 5353 1244 5407 κάτω
1287 5352 1344 5406 δὲ
1376 5353 1511 5422 ἡμῖν
1540 5350 1854 5420 ἐπαφῆκαν,

256 5447 351 5521 [Ρ.
387 5447 517 5516 579]
557 5448 781 5511 σκότους
824 5447 1023 5501 πολλοῦ
1054 5446 1148 5500 καὶ
1192 5444 1459 5508 δυσωδίας
1500 5442 1713 5514 πλήρη.
1743 5443 1856 5496 Καὶ

253 5542 311 5593 τί
374 5540 506 5594 ἄλλο
551 5556 615 5608 γε
648 5539 755 5613 χρὴ
802 5539 1047 5609 λέγεινῆ
1103 5538 1272 5607 τάφον
1316 5537 1403 5606 ἐφ’
1437 5535 1593 5590 ὕδασι
1627 5534 1863 5607 φερόμε-

1962 4514 2077 4572 sam
2137 4515 2410 4579 insulam,
2459 4527 2623 4584 quam
2670 4511 2825 4568 Jovis
2869 4511 3093 4577 dicunt,
3142 4509 3287 4565 vecti
3340 4524 3552 4563 sumus.

1960 4610 2094 4665 Inde
2136 4624 2330 4664 rursus
2379 4607 2637 4678 profecti,
2683 4604 2752 4660 ad
2800 4603 2993 4659 insula:
3051 4607 3356 4657 extremam
3398 4614 3556 4655 oram

1958 4701 2320 4772 applicantes,
2378 4707 2641 4770 aquatum
2693 4695 3120 4759 eascendimus;
3174 4693 3362 4763 ibique
3400 4705 3555 4745 mora

1958 4794 2139 4863 aliqua
2184 4791 2350 4855 facta,
2386 4800 2449 4845 ut
2496 4806 2527 4844 a
2573 4788 2745 4859 puppi
2793 4786 2926 4843 ﬂare
2972 4793 3200 4841 ventum
3241 4782 3552 4844 advertere.

1958 4901 2058 4956 per
2111 4884 2357 4939 medium
2401 4898 2553 4937 mare
2586 4897 2753 4937 cursu
2812 4880 3027 4935 directo
3074 4876 3368 4934 recedunt.
3417 4874 3553 4930 Era-

1958 4993 2083 5033 mus
2125 4992 2339 5043 omnes,
2380 4984 2441 5031 ut
2484 4974 2695 5030 dictum
2734 4983 2840 5040 est,
2890 4972 2947 5028 in
2990 4988 3099 5027 una
3144 4970 3390 5026 Romana
3436 4968 3556 5023 bel-

1957 5072 2066 5127 lica
2122 5070 2361 5126 biremi:
2401 5069 2548 5124 illius
2600 5067 2917 5138 superiores
2961 5065 3123 5122 sedes
3180 5061 3407 5118 Barbari
3454 5076 3555 5116 no-

1961 5164 2177 5219 biscum
2243 5162 2567 5232 navigantes
2641 5160 2749 5216 sibi
2830 5159 3187 5231 delegerant,
3267 5155 3557 5210 inferiores

3403 5257 3556 5306 ιθηθ-

1966 5347 2082 5402 bris
2165 5346 2377 5402 obsitas
2464 5344 2627 5415 592
2707 5351 2764 5399 et
2838 5342 3225 5414 graveolentiae
3312 5343 3552 5412 plenas;

1970 5456 2074 5495 nec
2146 5439 2347 5509 aptiori
2404 5437 2674 5494 vocabulo
2725 5435 3099 5507 expresseris,
3156 5452 3318 5507 quam
3367 5434 3411 5490 si
3464 5449 3552 5490 se-

1970 5534 2225 5604 pulcrum
2313 5548 2480 5603 super
2589 5543 2804 5600 aquas;
2853 5528 3144 5585 ambulans
3245 5529 3553 5599 appellave-

1506 5738 1509 5739 ν
1557 5674 1791 5732 VARUE
1833 5672 2244 5732 LECTIONES.

339 5832 389 5863 ⁸⁸
423 5827 829 5884 πολυπλασίονα
867 5827 933 5896 Α,
972 5824 1445 5881 πολυαπλανσίονα
1474 5824 1531 5881 Ρ.

1632 5826 1672 5863 ⁸⁸
1712 5824 1852 5879 κατά
1880 5822 1940 5879 Ρ.

2044 5823 2089 5855 ⁸⁸
2122 5820 2486 5894 αύτοχθονίων
2525 5821 2589 5878 A.
2674 5821 2717 5854 "
2748 5819 2785 5892 ἢ
2818 5818 2909 5876 τοῦ
2940 5818 3000 5875 Ρ.
3079 5820 3124 5853 ⁸⁸
3168 5818 3415 5891 Ῥωμαία
3445 5816 3515 5868 Α.
