3962 6200
370 291 474 355 831

1443 355 1450 360 _
1545 276 1904 338 -Jt)ANNES
1926 274 2367 336 CAMENIAT‘A

3531 263 3628 325 632

369 402 464 456 ris.
531 398 748 454 Etenim
804 397 845 452 si
907 395 1121 464 singula
1187 404 1478 446 recensere
1539 389 1767 443 voluero
1827 401 1950 455 quae

2079 403 2145 437 ιον
2167 386 2243 449 6";
2271 386 2333 438 Et
2357 384 2465 456 γὰρ
2495 381 2880 453 ἀπαριθμῆσαι
2906 380 3117 447 θελήσω
3135 377 3257 431 καθ’
3288 377 3347 428 ἓν
3370 377 3470 431 ὅσα
3496 373 3633 428 κατὰ

366 508 466 564 per
497 492 616 562 ejus
655 487 1016 558 navigationis
1047 483 1315 540 circulum
1350 482 1735 542 sustinuimus,
1772 494 1949 548 quan-

366 586 547 654 tisque
612 585 667 638 in
725 580 993 651 angustiis
1048 577 1250 633 versati
1311 577 1516 641 simus,
1561 574 1772 630 fabulas
1825 589 1950 626 nar-

367 694 492 735 rare
539 677 816 748 plerisque
851 673 1082 728 videbor
1123 681 1180 727 et
1223 672 1383 741 longe
1429 686 1459 724 a
1512 668 1739 726 veritate
1784 666 1949 720 aber-

366 784 524 832 rare,
579 784 685 838 qua
735 767 960 836 auspice
1002 769 1187 822 omnia
1247 781 1334 819 me
1395 763 1728 833 scripturum
1792 758 1951 829 polli-

366 863 508 915 citus
534 875 653 914 sum
690 859 742 913 in
769 858 1036 913 orationis
1059 856 1306 912 exordio.
1343 855 1649 924 Eapmpter
1675 860 1953 920 gestarum

295 969 298 972 λ
369 967 556 1006 rerum
611 960 822 1021 partem
879 952 1176 1021 plurimam
1226 957 1422 1018 sponte
1477 945 1829 1017 praeteriens.
1886 944 1954 998 iis

288 1056 303 1150 ἓ

370 1043 426 1097 in
490 1043 693 1114 quibus
758 1043 894 1097 mihi
949 1044 1098 1098 vires
1161 1041 1408 1097 suflicere
1467 1040 1788 1094 viderentur
1844 1039 1953 1093 huc

370 1151 548 1206 usque
593 1136 938 1197 immoralus,
982 1143 1041 1189 ut
1086 1133 1374 1190 credibilia
1423 1146 1522 1200 per
1569 1131 1754 1184 omnia
1807 1129 1956 1184 dice-

368 1242 523 1292 rem,
581 1242 614 1282 o
669 1225 921 1297 Gregori,
966 1226 1250 1280 hominum
1317 1220 1723 1292 sapientissime
1789 1230 1956 1290 atque

369 1319 796 1381 studiosissime,
826 1319 1020 1374 eodem
1052 1319 1218 1373 modo
1250 1325 1306 1370 et
1351 1318 1566 1386 reliqua
1611 1329 1954 1385 percurram,

370 1426 492 1480 quae
526 1409 662 1479 ipsa,
701 1418 760 1464 ut
793 1426 938 1474 reor,
969 1408 1219 1478 quamvis
1249 1407 1448 1461 durum
1479 1421 1575 1460 cor
1605 1415 1662 1462 et
1702 1404 1961 1475 implaca-

372 1501 484 1559 bile
533 1503 788 1558 emollire
836 1501 1145 1567 suiIiciant;
1192 1516 1262 1556 ne
1297 1511 1448 1554 tuum
1484 1500 1701 1563 dicam,
1759 1499 1812 1553 in
1848 1513 1960 1568 quo

375 1594 522 1648 inter
578 1593 683 1663 alia
739 1593 976 1647 maxime
1029 1591 1292 1663 proprius
1352 1592 1527 1647 enitet
1574 1590 1741 1645 animi
1797 1591 1962 1646 mise-

373 1695 564 1741 rantus
611 1685 870 1752 affectus,
930 1703 998 1741 ex
1041 1688 1198 1757 Cujus
1247 1695 1384 1741 nutu
1442 1693 1608 1755 atque
1656 1683 1842 1739 indole
1892 1683 1958 1739 ad

378 1776 496 1831 haec
554 1778 844 1833 scribenda
901 1779 1230 1832 adhortatus
1289 1793 1350 1832 es
1413 1791 1641 1847 remque
1713 1783 1957 1840 tantam,

377 1869 484 1924 etsi
518 1867 731 1925 viribus
763 1870 924 1941 longe
953 1870 1240 1940 itnparem,
1268 1869 1490 1942 aggredi
1516 1869 1854 1940 compulisti.

445 2047 535 2104 75.
575 2047 849 2104 Czetcrum
891 2049 1021 2104 dum
1064 2049 1145 2105 sic
1172 2049 1317 2104 inter
1349 2049 1498 2104 varia
1533 2049 1961 2106 infortuniorum

377 2159 580 2214 genera
636 2145 1025 2207 colluctamur,
1081 2143 1274 2214 ingens
1320 2142 1570 2213 quaadam
1610 2153 1802 2198 exorta
1839 2160 1966 2214 pro-

378 2237 542 2302 cella,
578 2239 714 2293 mari
757 2247 1083 2308 tempestate
1125 2239 1366 2306 turbato,
1397 2241 1452 2294 in
1489 2241 1615 2295 vita:
1663 2256 1765 2296 nos
1802 2257 1966 2312 grave

383 2330 693 2404 periculum
735 2331 972 2386 induxit.
1039 2333 1179 2386 Hinc
1228 2349 1398 2388 naves
1437 2349 1630 2388 omnes
1667 2335 1966 2389 vehemen-

382 2419 523 2475 tiore
582 2420 713 2476 ﬂatu
767 2437 797 2476 a
850 2438 910 2477 se
968 2422 1203 2478 invicem
1261 2433 1484 2494 totaque
1547 2426 1720 2480 classe
1779 2425 1969 2495 procul

384 2511 645 2583 dispersa:
689 2523 854 2584 atque
893 2513 1103 2580 divisae,
1149 2531 1252 2572 nec
1288 2525 1436 2572 recta
1478 2532 1700 2572 cursum
1727 2519 1971 2574 valentes

385 2604 696 2662 intendere.
753 2606 950 2662 Nescio
1005 2623 1138 2662 vero
1200 2623 1439 2678 quonam
1495 2609 1640 2664 malo
1686 2608 1968 2679 daemone,

386 2697 670 2767 proximus
712 2699 874 2756 nobis
910 2699 1073 2772 593
1109 2702 1176 2756 ad
1222 2701 1414 2756 laevam
1461 2701 1687 2757 infausti
1730 2701 1972 2756 nominis

385 2788 528 2858 Leo,
579 2807 693 2848 suae
742 2793 899 2847 navis
942 2793 1111 2863 puppi
1166 2793 1418 2850 assidens
1479 2802 1536 2849 et
1575 2797 1972 2868 gubernatores

387 2879 680 2950 navigandi
729 2881 930 2950 peritia
988 2881 1291 2947 instruens,
1326 2882 1656 2938 vehebatur.
1706 2885 1842 2938 Eum
1877 2899 1975 2938 na-

390 2971 473 3027 vis
525 2971 668 3036 alia,
721 2972 817 3028 sed
874 2973 1050 3028 multo
1110 2973 1467 3038 imbecillior,
1519 2973 1574 3028 vi
1633 2973 1972 3044 tempestatis

2055 481 2152 551 τὴν
2184 479 2438 549 περίοδον
2478 478 2694 547 ἐκείνην
2724 476 2816 529 τοῦ
2849 475 3009 537 πλοὸς
3042 473 3363 540 ὑπέστημεν
3389 472 3484 524 καὶ
3516 468 3629 539 μεθ’

2056 576 2188 642 ὅσης
2222 571 2605 641 στενοχωρίας,
2635 569 2838 639 μύθους
2870 567 3014 633 δόξω
3041 567 3156 627 τοῖς
3185 563 3402 626 πολλοῖς
3431 561 3634 632 ἐξηγεί-

2063 662 2183 715 σθαι
2213 663 2306 714 καὶ
2343 661 2444 730 τῆς
2467 659 2724 730 ἀληθείας
2750 656 3136 728 ἐκτρέπεσθαι,
3168 655 3289 709 καθ’
3317 655 3382 724 ἢν
3415 655 3474 707 ὲν
3497 654 3632 722 ἀρχῇ

2057 755 2153 810 τοῦ
2195 756 2356 820 λόγου
2399 753 2575 808 πάντα
2600 756 2784 825 γραφῇ
2818 749 3156 821 παραδοῦναι
3188 746 3632 815 καθυπεσχὸμην.

2058 849 2160 902 Διά
2198 867 2280 902 τοι
2319 847 2476 901 τοῦτο
2525 846 2592 900 τὰ
2636 847 2864 900 πλεῖστα
2895 846 3002 898 τῶν
3037 841 3447 912 πεπραγμένων
3502 839 3636 892 ἑκὼν

2061 939 2458 1012 παραδραμὼν,
2502 936 2586 1003 οἷς
2617 940 2684 994 ἂν
2721 939 2938 992 ἐδόκουν
2959 938 3195 1008 μάλιστα
3234 937 3330 1005 τὴν
3369 933 3635 1004 ἡμετέραν

2061 1039 2314 1108 ἐξαρκεῖν
2339 1037 2579 1091 διάνοιαν
2603 1039 2762 1107 μέχρι
2784 1035 2878 1088 τοῦ
2902 1035 2998 1087 νῦν
3017 1030 3465 1102 προσδιατρίψας,
3481 1029 3560 1093 ὡς
3587 1029 3636 1081 ἐν

2063 1131 2237 1185 ἅπασι
2263 1130 2324 1183 τὸ
2361 1129 2555 1182 πιστόν
2588 1145 2669 1180 σοι
2708 1127 3036 1197 παρασχεῖν,
3055 1117 3101 1176 ὦ
3123 1120 3404 1190 σοφώτατε
3430 1117 3639 1189 ἀνδρῶν

2062 1225 2158 1277 καὶ
2183 1221 2616 1292 φιλομαθέστατε
2643 1219 2936 1290 Γρηγόριε,
2968 1217 3111 1272 κατά
3132 1215 3223 1268 τὸν
3247 1213 3410 1267 αὐτὸν
3438 1211 3640 1280 τρόπον

2065 1316 2227 1370 πάλιν
2255 1316 2349 1368 καὶ
2371 1313 2625 1384 περὶτῶν
2649 1311 2851 1365 λοιπῶν
2879 1308 3082 1375 διεξίω,
3101 1305 3303 1361 ἱκανῶν
3340 1305 3435 1358 καὶ
3461 1303 3642 1356 (beati-

2063 1428 2169 1473 τως
2193 1407 2362 1461 ὄντων
2382 1409 2476 1461 καὶ
2499 1405 2816 1476 ἀμείλικτον
2837 1401 3130 1474 διαθρύψαι
3156 1399 3403 1470 καρδίαν,
3433 1397 3643 1467 μήτιγε

2063 1500 2162 1572 τὴν
2193 1499 2313 1571 σὴν,
2344 1493 2411 1570 ἧς
2439 1499 2600 1551 τοῦτο
2632 1497 2832 1565 μᾶλλον
2856 1495 2966 1549 τῶν
2986 1493 3161 1548 ἄλλων
3181 1492 3329 1545 ἐστὶν
3357 1490 3646 1543 ἱδιαίτατον

2066 1594 2100 1662 ἡ
2139 1590 2475 1661 συμπάθεια,
2581 1587 2894 1658 πειθαρχῶν
2934 1588 3014 1648 είς
3052 1585 3256 1654 ταύτην
3290 1582 3439 1654 ἡμᾶς
3475 1578 3648 1632 ἐλθεῖν

2067 1687 2166 1756 τὴν
2197 1685 2525 1755 συγγραφὴν
2553 1683 2877 1752 προετρέψω
2913 1680 3010 1733 καὶ
3033 1679 3362 1750 πράγματος
3395 1673 3648 1728 τοσούτου

2065 1779 2486 1850 κατατολμῆσαι
2520 1777 2861 1850 παρεϐιάσω,
2901 1776 3002 1848 τὴν
3031 1774 3152 1828 καθ’
3195 1773 3342 1843 ἡμᾶς
3387 1767 3653 1840 ὑπερϐαί-

2065 1890 2250 1938 νοντος
2271 1872 2524 1944 δύναμιν.

2138 2053 2230 2107 os'.
2261 2053 2410 2124 Πλὴν
2439 2050 2554 2106 ἀλλ’
2593 2049 2736 2104 οὕτω
2775 2050 2905 2119 περὶ
2945 2048 3150 2111 πολλὰς
3181 2045 3480 2118 συμφορῶν
3511 2045 3658 2106 ίδέας

2069 2146 2559 2220 προσπαλαιόντων
2608 2144 2760 2215 ἡμῶν
2811 2143 3050 2212 ἔφθασεν
3080 2144 3353 2196 ἐπιστᾶσα
3396 2140 3496 2194 καὶ
3541 2155 3662 2209 τρι-

2069 2241 2244 2311 κυμία
2275 2257 2380 2303 τις,
2423 2238 2716 2293 θαλάσσιον
2734 2238 3078 2308 διεγείρουσα
3102 2235 3370 2299 κλύδωνα,
3401 2233 3496 2286 τὸν
3533 2231 3666 2297 περὶ

2069 2333 2248 2404 ψυχῆς
2301 2333 2629 2388 ἀπειλοῦντα
2679 2333 2956 2387 κίνδυνον·
3002 2330 3062 2396 ἐξ
3094 2313 3298 2384 οἶδ’καὶ
3347 2331 3522 2382 πᾶσαι
3580 2328 3667 2382 δι-

2073 2426 2517 2498 εσκορπίσθησαν
2563 2426 2619 2480 αἱ
2653 2426 2800 2495 νῆες,
2829 2423 2909 2496 τῷ
2941 2424 3105 2496 ῥοίζῳ
3138 2422 3229 2477 τοῦ
3259 2421 3580 2492 πνεύματος
3607 2421 3671 2486 ἐξ

2073 2518 2321 2586 ἀλλήλων
2346 2519 2567 2587 μακρὰν
2589 2516 3012 2570 διασπασθεῖσαι
3045 2513 3252 2569 καὶτοῦ
3286 2513 3408 2568 κατ’
3436 2513 3669 2566 εὐθεῖαν

2073 2611 2232 2680 ἥκειν
2297 2609 2636 2663 ἐκκλίνασαι.
2673 2609 2788 2664 Ούκ
2849 2603 2965 2662 οἶδα
3015 2607 3060 2660 δ’
3108 2609 3173 2660 ἐκ
3225 2606 3370 2670 τίνος
3418 2603 3669 2674 πονηροῦ

2073 2703 2329 2772 δαίμονος
2362 2702 2521 2771 ἔτυχε
2565 2701 2900 2772 παραπλέων
2929 2702 3066 2770 ἡμῖν
3111 2698 3344 2767 ἐγγύθεν
3373 2698 3434 2763 ἐξ
3467 2697 3676 2750 εὐωνύ-

2080 2813 2184 2864 μου
2229 2798 2257 2850 ὁ
2289 2795 2605 2864 δυσώνυμος
2637 2794 2811 2858 Λέων,
2857 2795 3002 2847 κατὰ
3058 2793 3315 2864 πρύμναν
3369 2790 3473 2860 τῆς
3525 2790 3672 2854 ἰδίας

2077 2887 2206 2959 νηὸς
2239 2886 2555 2956 καθήμενος
2603 2885 2700 2939 καὶ
2737 2887 2850 2948 τοῖς
2874 2883 3240 2956 κυϐερνήταις
3273 2883 3374 2954 τὴν
3416 2882 3549 2954 περὶ
3573 2882 3674 2936 τοῦ

2079 2980 2233 3034 πλεῖν
2263 2980 2563 3050 ἐμπειρίαν
2592 2979 2914 3033 διατάττων.
2942 2977 3078 3032 Μεθ’
3109 2971 3186 3031 ὧν
3215 2976 3261 3007 ⁸⁸
3294 2976 3390 3029 καί
3426 2992 3514 3039 τις
3545 2975 3674 3028 επι-

389 3063 803 3134 (navigantium
857 3074 1012 3122 certo
1057 3064 1479 3135 indubitatoque
1530 3065 1814 3135 periculo)
1854 3080 1971 3119 me-

2079 3073 2208 3127 σοεν
2242 3073 2375 3135 ναῦς
2422 3073 2588 3141 ἑτέρα
2634 3067 2786 3125 εἷλκε
2835 3072 2945 3125 τῶν
2991 3071 3170 3128 ἄλλων
3197 3072 3240 3104 ⁶¹¹
3273 3069 3672 3139 ὑποδεεστέρα,

389 3157 477 3212 dia
515 3155 768 3213 diffracta
807 3157 1161 3228 sequebatur.
1213 3157 1295 3216 Ex
1337 3173 1402 3214 ea
1441 3158 1702 3224 clamare,
1743 3157 1840 3228 qui
1879 3158 1972 3215 illa

389 3245 736 3304 vehebantur
763 3247 987 3304 Barbari
1021 3266 1036 3304 :
1071 3247 1235 3306 Serva
1269 3256 1364 3304 tua
1395 3251 1699 3318 prementia,
1737 3267 1768 3304 ο
1796 3252 1974 3322 capia-

391 3353 510 3391 rum
537 3337 664 3405 dum,
696 3355 789 3394 nec
819 3348 1030 3395 tantam
1052 3339 1418 3410 Agarenorum
1437 3341 1830 3398 multitudinem
1849 3360 1973 3414 per-

390 3430 468 3485 ire
517 3432 684 3494 sinas,
718 3449 846 3503 quos
889 3433 1155 3502 hucusque
1184 3433 1249 3487 ab
1275 3435 1421 3487 omni
1459 3436 1714 3490 immunes
1745 3438 1975 3507 periculo

397 3524 740 3576 conservasti.
808 3522 950 3576 Tum
1000 3522 1128 3588 ille,
1181 3531 1430 3578 actutum
1495 3525 1551 3580 in
1616 3543 1713 3582 eos
1765 3527 1976 3583 directa

394 3611 543 3674 navi,
601 3612 807 3667 certius
859 3613 1234 3682 perquirebat.
1304 3614 1386 3668 Illi
1439 3631 1547 3670 una
1603 3633 1735 3674 voce
1785 3635 1977 3675 omnes

395 3704 657 3769 clamare,
703 3713 758 3762 et
799 3720 994 3762 navem
1037 3704 1268 3762 fractam
1309 3719 1808 3766 commonstrantes
1849 3727 1978 3782 sup-

394 3796 614 3866 pliciter
651 3813 842 3868 rogare
872 3807 932 3855 ut
961 3798 1122 3868 nobis
1172 3799 1452 3869 omnibus,
1499 3803 1595 3872 qui
1626 3804 1798 3860 vincti
1824 3821 1977 3861 esse-

395 3904 541 3957 mus,
594 3890 647 3943 in
693 3906 843 3947 mare
902 3892 1184 3962 projectis,
1233 3894 1337 3964 ipsi
1384 3895 1440 3948 in
1496 3911 1709 3973 navem,
1735 3908 1976 3954 nostram

396 3992 852 4039 convasarentur.
886 3984 1157 4040 Nimirum
1195 3986 1528 4058 probrosum
1568 4005 1690 4046 esse
1724 3991 1780 4046 in
1829 3999 1981 4048 tanto

397 4075 646 4148 periculo
703 4074 867 4133 nobis
924 4079 1159 4134 servatis
1218 4079 1342 4135 illos
1393 4081 1562 4138 maris
1612 4083 1796 4153 perire
1846 4101 1982 4141 neu-

396 4170 603 4242 t‘ragio,
656 4171 768 4228 uec’
813 4171 1036 4228 illorum
1085 4173 1252 4230 vitam
1299 4183 1505 4230 nostra:
1550 4177 1835 4232 anteferri.
1897 4180 1980 4234 Ad

397 4263 546 4334 quod
596 4265 688 4321 ille
735 4266 992 4321 ocissime
1029 4267 1256 4331 annuit,
1316 4267 1662 4339 imperamue
1715 4270 1834 4328 sisti
1885 4289 1982 4327 na-

399 4375 546 4425 ven),
592 4375 771 4431 exque
825 4361 917 4417 illa
962 4376 1066 4418 nos
1106 4362 1160 4416 in
1219 4378 1370 4418 mare
1419 4364 1633 4434 projici,
1685 4364 1812 4420 illos
1850 4381 1983 4423 vero

399 4453 455 4508 in
517 4452 687 4523 ipsam
742 4453 1049 4509 transferri.
1105 4452 1242 4510 Cum
1303 4454 1420 4510 haec
1468 4466 1797 4526 agerentur.
1853 4474 1981 4514 sen-
2017 4447 2060 4502 ο

397 4544 502 4605 sint
558 4543 780 4617 longius
829 4545 1148 4602 elabimur:
1194 4547 1512 4603 ferebamur
1552 4550 1703 4604 enim
1746 4551 1988 4609 violento

397 4652 462 4692 ac
511 4636 718 4694 furenti
767 4639 1012 4709 impetu,
1075 4641 1520 4710 propellentibus
1567 4642 1863 4712 fluctibus,
1927 4655 1990 4702 ut

399 4742 509 4782 non
545 4733 759 4784 tantum
803 4729 1154 4794 clamor,sed
1200 4746 1269 4786 ne
1309 4732 1516 4788 tonitru
1556 4734 1778 4803 quidem
1821 4753 1988 4792 etau-

400 4819 510 4876 diri
559 4830 769 4892 posset,
815 4837 929 4891 quo
971 4839 1040 4878 ex
1085 4822 1206 4878 loco
1243 4823 1314 4880 ab
1360 4825 1444 4880 eis
1493 4825 1756 4897 disiuncti
1802 4829 1987 4885 fuera-

401 4927 542 4972 mus.
613 4912 684 4972 Ut
739 4929 873 4972 vero
938 4914 1103 4989 594.
1167 4932 1268 4970 nos
1323 4932 1353 4970 a
1416 4932 1474 4972 se
1536 4918 1694 4990 longe
1763 4920 1988 4977 dissitas

399 5016 833 5080 conspexerunt.
877 5017 1016 5068 nutu
1071 5009 1192 5065 solo
1245 5009 1514 5067 Barbaros
1561 5013 1656 5084 qui
1698 5016 1986 5071 nobiscum

397 5108 560 5172 erant
611 5109 934 5172 exspectare
980 5100 1272 5174 jubebant.
1330 5103 1436 5172 Qui
1488 5105 1603 5161 sive
1654 5123 1761 5162 non
1822 5109 1986 5164 intel-

401 5191 635 5262 ligentes
682 5193 818 5266 quid
865 5195 942 5252 illi
995 5196 1216 5262 vellent,
1270 5197 1387 5254 sive
1425 5199 1590 5254 etiam
1639 5211 1836 5270 sponte
1876 5219 1984 5258 non

403 5295 684 5351 curantes,
728 5305 856 5350 cum
893 5290 1047 5361 quod.
1089 5290 1167 5346 illi
1211 5300 1460 5362 agerent,
1506 5295 1791 5350 attendere
1833 5299 1986 5353 nullo

405 5379 570 5436 modo
608 5382 950 5448 viderentur,
987 5385 1130 5442 forte
1165 5399 1295 5443 vero
1329 5384 1511 5455 (quod
1535 5393 1591 5439 et
1629 5387 1988 5445 verisimilius

405 5471 524 5538 est)
573 5472 873 5542 ineﬂ‘abilis
908 5494 1040 5550 erga
1076 5493 1177 5542 eos
1201 5479 1299 5536 Dei
1339 5477 1700 5548 providentia:
1738 5481 1986 5538 instincti

405 5563 698 5632 edoctique
764 5570 1026 5635 numine,
1094 5570 1426 5644 navigationi
1494 5571 1755 5628 continue
1816 5573 1986 5630 insta-

2079 3167 2204 3237 ἥτις
2235 3159 2304 3236 ἦν
2339 3165 2384 3197 ⁸³
2417 3167 2483 3235 τῇ
2521 3164 2613 3236 βίᾳ
2641 3166 2736 3235 τῆς
2769 3165 2938 3234 ζάλης
2979 3165 3143 3234 μέσον
3173 3163 3542 3234 διαρῤαγεῑσα
3577 3161 3675 3213 καὶ

2079 3257 2384 3313 ἀπειλοῦσα
2427 3260 2539 3320 τοῖς
2585 3258 2643 3309 ὲν
2683 3259 2822 3328 αὐτῇ
2855 3258 2958 3328 ἠδη
2988 3255 3233 3327 παρόντα
3279 3254 3373 3307 τὸν
3405 3255 3466 3308 ἐν
3514 3251 3676 3306 ὕδασι

2084 3351 2342 3407 θάνατον’
2372 3353 2434 3418 ἐξ
2463 3347 2529 3426 ἧς
2565 3352 2868 3424 ἀνέκραγον
2910 3355 2958 3404 of
2990 3352 3112 3406 κατ’
3141 3350 3317 3420 αὐτὴν
3349 3347 3635 3419 Βὰρῦαροι
3655 3362 3670 3377 ⁸

2084 3445 2297 3500 Σῶσον
2325 3444 2601 3512 ἐπιστὰς,
2631 3440 2677 3499 ὦ
2711 3444 3063 3514 καθηγεμὼν
3102 3443 3209 3497 τοῦ
3244 3440 3532 3510 στρατοῦ,
3573 3438 3675 3494 καὶ

2079 3537 2166 3608 μὴ
2190 3538 2381 3606 ἐάσῃς
2403 3537 2601 3607 δῆμον
2623 3536 2918 3592 τοσοῦτον
2959 3536 3292 3606 Ἀγσρηνῶν
3312 3535 3674 3598 ἀπολέσθαι,

2085 3631 2193 3697 οὓς
2239 3630 2418 3700 μέχρι
2463 3630 2639 3685 τοῦδε
2690 3629 2942 3684 πολλῶν
2977 3629 3275 3683 κινδύνων
3311 3626 3669 3696 ἀπειράτους

2085 3723 2410 3791 ἐτήρησας,
2470 3723 2780 3787 ὲξειπόντες
2827 3725 2886 3776 ἐν
2917 3722 3084 3793 ὀλίγῳ
3119 3722 3213 3775 καὶ
3249 3723 3310 3774 τί,
3336 3720 3573 3792 συμϐάν.
3618 3719 3674 3771 Ὀ

2085 3815 2142 3866 δέ
2180 3816 2460 3886 παρευθὺς
2489 3815 2612 3870 κατ’
2655 3816 2854 3878 αὐτοὺς
2889 3815 2987 3886 τὴν
3022 3814 3153 3868 ναῦν
3185 3813 3363 3868 ίθῦναι
3397 3815 3512 3876 τοῖς
3545 3812 3668 3882 περ*

2087 3907 2249 3960 αὑτὸν
2301 3907 2616 3979 προστάξας
2657 3908 3052 3978 ἀκριϐέστερον
3095 3907 3356 3977 ἀνηρώτα
3380 3907 3460 3964 .⁶⁹,
3511 3906 3577 3958 0i.
3620 3902 3673 3955 δὲ

2089 3997 2260 4052 πάλιν
2310 3998 2653 4070 ὁμοθυμαδὸν
2703 3999 2895 4065 ἐῦόων,
2940 3999 3034 4052 καὶ
3072 3999 3134 4052 τὸ
3172 3999 3342 4062 πάθος
3399 3998 3502 4069 τῆς
3550 3997 3671 4065 νηὸς

2090 4090 2478 4157 ὑποδείξαντες
2517 4089 2922 4162 ἐπρεσϐεύοντο
2966 4093 3185 4147 πάντων
3231 4091 3391 4164 ἡμῶν
3441 4093 3552 4144 τῶν
3597 4091 3666 4142 δε·

2092 4186 2269 4254 σμίων
2301 4189 2367 4256 τῇ
2423 4183 2668 4254 θαλάσσῃ
2707 4186 2976 4254 ῥιφέντων
3024 4187 3222 4247 αὐτοὺς
3277 4187 3358 4248 είς
3409 4187 3514 4256 τὴν
3560 4185 3672 4238 καθ’

2092 4277 2240 4345 ἡμᾶς
2271 4273 2402 4329 ναῦν
2458 4274 2997 4345 μετασκευασθῆναι.
3041 4275 3372 4345 ὲφύὸριστον
3419 4271 3562 4328 εἶναι
3599 4273 3675 4325 ὶὲο

2091 4385 2282 4436 γοντες
2318 4369 2378 4421 ἐν
2412 4367 2656 4438 τοσούτῳ
2699 4369 2855 4439 κακῷ
2889 4367 3213 4439 σωζομένων
3242 4367 3403 4438 ἡμῶν
3438 4369 3672 4431 ἐκείνους

2091 4462 2185 4516 τοῦ
2220 4463 2363 4516 κατά
2405 4460 2683 4517 θάλασσαν
2710 4463 2964 4530 γενέσθαι
3000 4463 3253 4516 κινδύνου
3286 4463 3386 4515 καὶ
3418 4463 3499 4536 μὴ
3553 4478 3652 4532 προ

2091 4555 2395 4627 τιμηθῆναι
2435 4556 2536 4625 τῆς
2574 4557 2850 4626 ἡμετέρας
2880 4555 3042 4624 ζωῆς.
3079 4556 3223 4627 llpbg
3253 4555 3281 4608 ὂ
3321 4555 3388 4627 δὴ
3421 4559 3521 4610 καὶ
3554 4573 3668 4608 κατ-

2092 4647 2281 4702 ένευσε
2345 4648 2726 4719 παραχρῆμα,
2781 4648 3082 4719 ἐπιτρέψας
3137 4649 3338 4701 στᾶσαν
3379 4649 3505 4718 ’τὴν
3557 4648 3666 4701 vain

2090 4743 2242 4812 ἡμᾶς
2274 4742 2374 4812 μὲν
2407 4745 2474 4812 τῇ
2519 4741 2763 4812 θαλάσσῃ
2805 4743 3052 4812 ῥιφῆναι,
3085 4742 3326 4805 ἐκείνους
3371 4742 3430 4796 δὲ
3459 4745 3519 4795 ὲν
3549 4743 3671 4810 αἰτῇ

2098 4833 2597 4905 μετακομισθῆναι.
2637 4834 2726 4887 Ἐν
2756 4835 2865 4904 ὅσῳ
2895 4832 2952 4887 δέ
2987 4833 3162 4888 ταῦτα
3196 4836 3528 4905 ἐπράττετο,
3563 4836 3672 4886 ἐλάα

2096 4929 2264 4998 θομεν
2295 4929 2396 4983 οὐκ
2425 4929 2608 4996 ὀλίγον
2635 4929 2975 4992 ἀποστάντες
3001 4928 3162 4999 ἡμεῖς
3180 4945 3194 4957 ·
3232 4928 3550 4999 ἐφερόμεθα
3578 4929 3673 4996 γὰρ

2097 5018 2260 5089 βιαίῳ
2304 5017 2414 5071 τινὶ
2462 5019 2555 5070 καὶ
2577 5016 2800 5088 χαλεπῷ
2842 5015 2920 5086 τῷ
2967 5017 3250 5087 ὁρμήματι
3280 5014 3366 5087 μ).
3396 5015 3527 5088 580]
3576 5017 3673 5076 τοῖς

2095 5111 2338 5180 κύμασιν
2362 5107 2822 5179 ἐλαυνόμενοι,ὠς
2852 5110 2913 5160 οὑ
2945 5107 3105 5179 μόνον
3129 5105 3405 5177 κραυγῆς,
3422 5106 3541 5160 ἀλλ’
3566 5104 3676 5159 οὐδὲ

2097 5204 2328 5275 βροντῆς
2381 5203 2614 5268 ἐκεῖθεν,
2649 5201 2708 5268 ἐξ
2745 5194 2808 5254 οὗ
2857 5200 3227 5270 κατελίπομεν
3266 5198 3489 5261 αὐτοὺς,
3528 5197 3678 5250 δυνάο

2100 5314 2251 5368 μενοι
2279 5296 2580 5361 ἐξακούειν.
2627 5297 2717 5359 Ὠς
2757 5289 2851 5350 οὖν
2883 5290 3024 5348 εἶδον
3055 5292 3273 5365 μακρὰν
3308 5293 3675 5355 ἀποστάντας,

2094 5391 2328 5461 νεύματι
2360 5391 2520 5461 μόνον
2550 5388 2878 5459 προσμένειν
2911 5388 3037 5450 τοὺς
3066 5388 3162 5440 σὺν
3195 5389 3328 5458 ἡμῖν
3364 5387 3681 5457 Βαρὸἁρους

2099 5488 2422 5554 ἐπέτρεπον.
2459 5486 2522 5538 Οί
2553 5485 2632 5550 δέ,
2671 5483 2779 5536 εἴτε
2819 5483 2892 5554 μὴ
2944 5483 3218 5545 συνιέντες
3261 5481 3399 5550 πρὸς
3449 5479 3478 5532 ὃ
3512 5478 3683 5556 ταῦτα

2098 5578 2336 5639 ἐποίουν,
2366 5578 2474 5630 εἴτε
2526 5579 2619 5629 καὶ
2671 5575 2885 5639 ἑκόντες
2927 5576 3123 5639 αὐτοὺς
3177 5574 3682 5646 παραλογισάμενοι

1716 5663 1948 5722 VARI/Ii
1981 5669 2380 5724 LECTIONIZS.

478 5751 525 5785 ⁸⁸
561 5755 927 5828 πορευόμενον
962 5755 1024 5809 Α·
1102 5759 1144 5789 ⁸⁸
1175 5761 1265 5842 ᾆνῖ
1347 5763 1388 5792 ⁸⁷
1418 5767 1540 5827 ταῖς
1566 5763 1753 5826 ἄλλαις
1787 5763 1846 5817 Ρ.
1927 5767 1969 5795 ⁸⁸
1999 5761 2088 5836 ἦν]
2121 5767 2214 5822 καὶ
2249 5765 2306 5819 Ρ.
2386 5767 2432 5798 ⁶⁹
2467 5763 2715 5835 imprimat
2755 5762 2813 5818 Ρ.
