3962 6200
237 355 322 416 633
1277 360 1378 420 DE
1419 361 1728 421 EXCIDIO
1755 361 2196 421 THESSALON
2209 359 2369 419 lC.E.

3322 311 3460 427 ~634

231 465 294 534 τῷ
321 466 428 536 μηδ’
479 467 616 528 ὅλως
668 467 958 536 φαίνεσθαι
994 468 1285 537 προσέχειν
1318 471 1430 532 τοίς
1471 469 1561 522 ὑπ’
1598 471 1768 522 αύτῶι

1883 470 2036 529 haut.
2083 469 2230 522 nulla
2279 481 2470 522 eorum
2521 469 2614 538 qui
2670 478 2820 524 retro
2864 480 3051 526 essent
3102 470 3316 527 ratione
3368 474 3463 527 hac

232 558 694 627 προσταττομένοις
734 560 800 622 ⁷ο,
842 558 980 628 τάχα
1017 559 1073 610 δὲ
1121 558 1280 610 τοῦτο
1327 555 1626 614 πλέον’ὑπὸ
1673 559 1772 629 τῆς

232 649 410 717 ἁφάτου
439 651 565 719 περὶ
587 653 733 719 ἡμᾶς
765 651 1090 720 κηδεμονίας
1115 651 1209 704 τοῦ
1237 651 1373 705 Θεοῦ
1407 651 1770 721 διδαχθέντες,

231 742 408 812 εἴχοντο
428 742 522 796 τοῦ
551 742 731 807 πλοὸς,
767 745 970 813 μηδένα
999 744 1156 812 λόγον
1189 744 1296 797 τῶν
1326 745 1558 798 κατόπιν
1591 745 1774 798 ποιού-

1881 562 2031 626 bita,
2086 561 2182 615 sed
2231 569 2291 614 ut
2335 561 2488 615 omni
2539 562 2822 632 diligentia
2877 573 3040 634 atque
3089 581 3255 635 opera
3308 581 3463 620 suam

1878 656 2086 725 pariter
2130 663 2505 725 nostramque,
2544 655 2597 709 in
2637 663 2746 710 tam
2786 653 2906 711 dira
2955 655 3288 726 immanique
3330 672 3464 727 pro-

1881 746 2043 807 cella.
2072 754 2378 800 statuerent
2407 747 2662 802 salutem.

229 809 373 906 μένοι,
405 838 542 892 ἀλλά
594 841 742 910 πάσῃ
769 809 987 910 *σπουδῇ
1037 809 1136 910 τῆν
1165 839 1346 894 αὐτῶν
1417 857 1477 894 τε
1548 842 1639 895 καὶ
1685 842 1844 911 ἡμῶν
1902 843 2177 914 σωτηρίαν
2227 843 2288 896 έν
2337 840 2481 895 οὕτω
2545 843 2835 915 βιαιοτάτῳ
2897 809 3278 916 μηχανώμενοι
3332 845 3465 899 κλύ-

227 932 349 986 δωνι.

288 1024 373 1090 ος’.
418 1026 504 1088 Ὠς
534 1024 590 1078 δὲ
621 1026 838 1096 μακρὰν
860 1025 1208 1086 ἀποστάντας
1240 1024 1380 1080 εἶδον
1399 1029 1547 1097 ἡμᾶς
1575 1029 1773 1080 ἐκεῖνοι

226 1123 307 1176 καὶ
336 1123 406 1182 είς
436 1121 588 1174 οὐδὲν
609 1122 710 1191 τὴν
742 1122 942 1192 σκῆψιν
963 1123 1005 1154 ⁷⁸
1041 1122 1344 1192 χωροῦσαν,
1385 1123 1690 1193 συνείχοντο
1717 1123 1774 1176 δὲ

224 1212 595 1274 κινδυνεύοντες
651 1214 766 1274 τοῖς
801 1211 957 1265 ὕδασι
1009 1213 1110 1281 τῆς
1161 1213 1288 1281 νηὸς
1337 1212 1768 1282 καταδυομένης,

221 1304 364 1374 ἄλλην
383 1303 504 1357 τινὰ
541 1303 726 1370 δέησιν
748 1303 826 1375 τῷ
849 1305 1101 1374 τυράννῳ
1127 1303 1430 1374 προσῆγον,
1451 1303 1638 1356 λαϐεῖν
1673 1305 1774 1373 μὲν

218 1398 390 1459 αὐτοὺς
411 1399 490 1458 είς
521 1395 622 1465 τὴν
659 1396 796 1448 ίδίαν
821 1397 973 1460 ναῦν,
999 1398 1159 1450 ἐᾶσαι
1183 1397 1238 1448 δὲ
1262 1398 1392 1460 τοὺς
1426 1399 1544 1466 μετ’
1569 1398 1770 1461 αὐτῶν,

219 1483 412 1560 μεθ’ὦν
441 1489 773 1559 ἐπεφέροντο
805 1489 1037 1555 σκύλων,
1069 1492 1134 1560 τῇ
1165 1489 1410 1562 θαλάσσῃ
1439 1490 1681 1560 δοθῆναι.
1711 1489 1771 1544 '0

212 1581 264 1634 δὲ
291 1580 415 1649 πρὸς
437 1577 595 1632 τοῦτο
623 1579 784 1633 πάλιν
813 1575 880 1650 ἦν
911 1579 1194 1649 εὐπειθὴς,
1219 1578 1424 1648 καίπερ
1453 1577 1548 1630 τοῦ
1572 1576 1768 1647 καιροῦ

216 1675 284 1743 μὴ
314 1673 886 1746 συγχωροῦντος,ἀλλά
914 1673 1014 1744 τὴν
1041 1673 1262 1726 πάντων
1302 1674 1612 1739 ἀπόγνωσιν
1641 1675 1767 1727 ἑπι-

1952 1027 2039 1083 76.
2094 1029 2194 1084 Ubi
2230 1045 2396 1098 porro
2433 1043 2532 1083 nos
2570 1029 2730 1099 longe
2777 1029 3042 1086 distantes
3088 1032 3459 1100 conspiciunt;

1882 1136 2088 1190 suaque
2135 1121 2370 1191 cogitata
2412 1121 2467 1174 in
2515 1121 2749 1175 nihilum
2792 1122 2990 1177 cedere
3030 1121 3344 1185 advertunt,
3378 1134 3462 1179 at-

1880 1229 1986 1284 que
2029 1213 2156 1267 navi
2196 1229 2370 1284 prope
2411 1215 2706 1284 mergenda
2752 1215 2806 1268 in
2858 1224 3294 1285 praesentaneum
3341 1216 3464 1270 vitze

1881 1304 2181 1360 discrimen
2229 1319 2288 1358 se
2333 1304 2602 1359 adductos
2649 1314 2918 1367 cernunt;
2981 1303 3129 1359 aliud
3181 1302 3464 1373 quidpiam

1879 1411 1908 1450 a
1968 1404 2200 1466 tyranno
2261 1394 2591 1466 efﬂagitant,
2655 1373 2716 1450 ut
2781 1396 2991 1450 scilicet
3063 1396 3117 1449 in
3183 1397 3460 1466 propriam

1877 1489 2060 1542 navim
2110 1487 2244 1558 ipsis
2297 1489 2569 1557 receptis,
2616 1503 2711 1543 eos
2759 1488 2852 1558 qui
2917 1504 3040 1542 cum
3089 1488 3223 1558 ipsis
3272 1495 3462 1554 erant,

1876 1581 2229 1651 praedamque
2281 1573 2590 1635 universam
2639 1581 2774 1634 mari
2827 1580 3206 1635 concrederet.
3252 1579 3465 1646 Quibus

1874 1675 1965 1732 ille
2009 1693 2202 1732 rursus
2246 1677 2491 1730 animum
2531 1675 2706 1729 facilis
2755 1674 3002 1736 adhibet,
3049 1673 3180 1729 licet
3227 1674 3280 1729 id
3329 1683 3466 1729 tem-

213 1767 486 1829 τείνοντος,
539 1767 630 1819 καὶ
678 1765 786 1818 τῶν
819 1767 1119 1836 ἀγωγίμων
1158 1765 1254 1818 τοῦ
1315 1765 1508 1836 πρώην
1568 1767 1767 1836 φόρτου

1877 1788 1976 1844 pus
2029 1785 2138 1826 non
2197 1770 2571 1840 permitteret,
2637 1767 2734 1822 sed
2797 1766 3043 1821 omnium
3109 1767 3281 1837 magis
3345 1782 3463 1820 ma-

210 1857 442 1925 αύτάρκη
471 1857 570 1924 τῆς
595 1857 720 1921 νηὸς
741 1855 911 1909 αὑτοῦ
935 1855 1034 1925 τὴν
1060 1857 1250 1926 χρείαν
1278 1856 1764 1926 άποπληρούντων.

209 1951 346 2020 Πλὴν
365 1950 462 2002 οὐκ
489 1947 635 2012 ἔδοξε
665 1947 820 2001 τοῦτο
846 1948 1122 2019 συμφέρον
1146 1945 1308 2012 εἶναι,
1335 1949 1444 2002 τῶν
1467 1949 1540 2002 Ba
1551 1950 1768 2020 ρδάρων

207 2043 612 2114 περισωθέντων
643 2042 768 2104 τοὺς
798 2040 1180 2110 αἰχμαλώτους
1217 2042 1540 2096 καταλιπεῖν
1565 2042 1643 2113 τῷ
1674 2042 1768 2096 θα-

205 2137 400 2207 λασσίῳ
435 2135 603 2207 βυθῷ,
646 2135 784 2189 ἀλλά
812 2152 864 2188 τι
906 2135 1069 2206 δῆθεν
1113 2136 1297 2200 ἐλέους
1344 2136 1601 2206 ἐχόμενον
1643 2136 1770 2190 καθ’

205 2224 388 2279 ἑαυτὸν
421 2224 874 2296 βουλευσάμενος,
904 2225 1048 2296 τάχα
1098 2229 1168 2296 τῇ
1205 2225 1372 2298 μανίᾳ
1409 2226 1512 2297 τῆς
1570 2227 1767 2301 φιλαρ-

201 2317 393 2388 γυρίας
419 2318 499 2380 είς
527 2315 688 2370 τοῦτο
719 2317 1052 2382 συνελαθεὶς,
1081 2317 1204 2389 οὐχὶ
1235 2318 1293 2372 δὲ
1326 2319 1639 2391 συμπαθείᾳ
1659 2321 1768 2374 τινὶ

203 2411 328 2478 περὶ
356 2410 454 2480 τῆς
489 2409 670 2465 αὐτῶν
701 2409 979 2473 ἀπωλείας
1012 2411 1354 2480 δυσωπηθεὶς
1386 2412 1527 2480 (πῶς
1558 2412 1666 2482 γάρ
1708 2413 1768 2476 ὃς

199 2503 448 2572 ἐφαίνετο
478 2503 672 2576 πρώην
701 2506 813 2566 τοῖς
836 2504 1041 2566 ἀδίκοις
1063 2505 1248 2572 φόνοις
1303 2505 1578 2575 τρυφῶνς)
1617 2505 1768 2574 ὅμως

198 2596 288 2646 καὶ
307 2594 503 2656 αὐτοὺς
528 2592 854 2664 μετενέγκαι
878 2594 974 2647 σὺν
989 2595 1102 2656 τοῖς
1123 2593 1429 2664 Βαρδάροις
1447 2595 1763 2658 ἐπέταττεν,

196 2685 258 2733 ἴθ’
293 2683 407 2753 ἔχοι
439 2683 541 2736 κάν
569 2683 782 2748 τούτοις
799 2684 1090 2756 ἁδρότερον
1110 2686 1333 2754 ποιῆσαι
1359 2685 1420 2739 τὸ
1439 2686 1541 2756 τῆς
1567 2686 1765 2740 πλεον-

192 2775 342 2838 εξίας
407 2775 691 2845 βαλάντιον
771 2777 868 2830 καὶ
920 2776 1020 2846 τὴν
1079 2777 1406 2848 φιλόχρυσον
1454 2779 1766 2850 ἀναπλῆσαι

191 2869 417 2936 λύσσαν,
446 2869 549 2923 κᾶν
578 2869 719 2939 τάχα
743 2868 1001 2940 φορτικὸν
1033 2864 1103 2940 ἦν
1132 2871 1227 2924 καὶ
1252 2871 1460 2940 τόλμης
1487 2871 1684 2938 ἀλόγου
1707 2871 1768 2925 τὸ

187 2961 520 3032 ἐγχείρημα.
549 2961 775 3015 Πάντων
802 2961 858 3015 δὲ
879 2962 1020 3015 κατὰ
1041 2961 1140 3032 τὴν
1172 2962 1337 3016 αὐτοῦ
1359 2962 1494 3016 ναῦν
1518 2962 1580 3017 τδ
1604 2963 1766 3034 τάχος

190 3051 651 3122 μετενεχθέντων,
685 3053 772 3106 ἔδυ
795 3053 978 3123 ἐκείνη
1005 3056 1119 3118 τοῖς
1141 3054 1296 3108 ὕδασι
1318 3053 1624 3125 βλεπόντων
1655 3060 1764 3114 τῶν

183 3145 496 3216 Βιρόάρων
524 3147 618 3200 καὶ
642 3145 822 3200 αὐτῶν
848 3146 906 3200 δὲ
941 3147 1052 3200 τῶν
1081 3150 1406 3217 στρατηγῶν
1438 3153 1495 3204 ἐν
1529 3153 1665 3223 αὐτῇ
1699 3155 1767 3226 τῇ

183 3238 275 3306 νηῒ
308 3237 407 3312 τοῦ
449 3239 714 3310 τυράννου
745 3237 1170 3310 φυλαττομένων
1197 3241 1384 3304 αὐτοῖς
1403 3258 1418 3274 ·
1448 3244 1647 3308 οἵτινες
1678 3247 1771 3299 καὶ

179 3335 211 3397 ἡ
223 3333 322 3398 pia
345 3332 406 3382 ὲν
432 3329 646 3400 ὑστέρῳ
664 3329 837 3383 ταῦτα
860 3329 1216 3401 διηγήσαντο,
1241 3332 1302 3384 τὸ
1329 3334 1770 3390 παντεπίσκοπον

105 3493 114 3498 _
181 3423 278 3474 καὶ
310 3420 699 3492 φιλάνθρωπον
757 3421 1196 3493 ἐκπληττόμενοι
1241 3425 1341 3494 τῆς
1398 3425 1588 3496 θεῐκῆς
1637 3445 1770 3499 atpo-

178 3514 356 3575 νοέας.
391 3511 581 3582 Πολλῷ
613 3513 720 3583 γάρ
766 3513 937 3566 πλείω
965 3512 1074 3568 τῶν
1100 3514 1147 3545 ⁷²
1176 3513 1364 3584 χιλίων
1409 3514 1598 3586 ψυχῶν
1640 3516 1771 3587 ἔφα-

177 3623 313 3658 σκον
347 3601 491 3659 εἶναι
523 3606 664 3659 κατὰ
687 3606 784 3677 τὴν
811 3604 943 3660 ναῦν
975 3605 1211 3677 ἐκείνην,
1237 3606 1302 3662 ἐκ
1330 3625 1388 3662 τε
1418 3609 1528 3663 τῶν
1554 3611 1769 3680 Βαρϐά-

176 3717 292 3766 ρων
317 3697 417 3753 καὶ
451 3697 562 3751 τῶν
584 3697 949 3768 αἰχμαλώτων
975 3699 1084 3754 τῶν
1113 3703 1172 3756 έν
1199 3706 1265 3774 τῇ
1293 3703 1482 3775 Κρήτῃ
1521 3704 1641 3757 κατ’
1667 3704 1769 3758 αὐ-

171 3793 272 3857 τὴν
323 3787 754 3860 είσενεχθέντων
784 3792 1022 3845 καὶτῶν
1066 3793 1132 3846 ὲκ
1169 3793 1268 3863 τῆς
1300 3793 1558 3866 ῥηθείσης
1604 3811 1773 3863 προσ-

170 3882 456 3934 τεθέντων
500 3882 702 3946 αἰτίας,
735 3881 810 3946 ὠς
845 3882 1101 3938 τοσοῦτον
1145 3885 1373 3953 ἀπέχειν
1408 3884 1771 3956 βαπτισθῆναι

168 3973 268 4042 τῆν
307 3971 524 4025 ὁλκάδα
580 3973 704 4025 ὅσον
739 3975 866 4043 μιᾶς
902 3975 1204 4045 παλαιστῆς
1247 3975 1308 4027 τὸ
1350 3976 1547 4046 μέτρον
1601 3978 1766 4031 ὲστίν.

169 4064 245 4116 οὐ
285 4063 652 4134 συνεχώρησε
681 4065 738 4118 δὲ
767 4066 926 4119 τοῦτο
953 4068 982 4119 ό
1019 4066 1130 4120 τῶν
1157 4067 1379 4137 ἀφανῶν
1411 4066 1657 4136 γνώστης
1679 4068 1772 4121 καὶ

165 4155 278 4207 τῶν
335 4156 594 4225 κρυφίων
645 4156 938 4229 ἐξεταστὴς
978 4159 1204 4230 Κύριος,
1240 4159 1324 4232 [Ρ.
1369 4159 1498 4232 581]
1529 4157 1644 4214 ἀλλ’
1696 4159 1773 4224 ὡς

165 4243 275 4300 εἶδε
312 4248 421 4312 τὰς
465 4249 691 4317 καρδίας
721 4252 975 4304 ἁπάντων
1005 4253 1186 4322 πάσης
1219 4254 1316 4324 μὲν
1337 4253 1580 4324 χρηστῆς
1613 4253 1772 4305 ἀπει-

165 4338 399 4402 πούσας
429 4339 666 4404 ἐλπίδος,
693 4342 841 4412 αὐτῷ
864 4344 921 4396 δὲ
950 4345 1096 4415 μόνῳ
1122 4348 1222 4415 τὴν
1251 4347 1562 4416 ἀμηχανίαν
1589 4349 1772 4417 ἐμφα-

1875 1869 2066 1940 gisquc
2117 1865 2557 1935 desperationem
2611 1872 2865 1933 augeret,
2908 1862 3194 1932 priorique
3237 1869 3463 1916 vectura

1875 1975 1939 2015 ac
2007 1972 2177 2013 onere
2237 1957 2358 2025 ejus
2418 1954 2639 2010 abunde
2699 1953 2856 2008 navis
2921 1953 3228 2022 constipata
3293 1963 3461 2008 esset.

1875 2052 2032 2108 Haud
2086 2052 2370 2105 enimvero
2422 2063 2453 2100 e
2510 2061 2568 2101 re
2621 2046 2757 2100 satis
2804 2044 2882 2098 illi
2922 2045 3100 2098 visum
3152 2053 3213 2099 ut
3255 2041 3463 2097 Barba-

1875 2145 1952 2200 ris
1994 2142 2225 2199 servatis
2263 2140 2511 2211 captivos
2557 2137 2728 2193 maris
2767 2135 2965 2209 gurgiti
3021 2133 3324 2190 sorbendos
3368 2133 3463 2189 de-

1874 2245 2106 2294 sereret.
2168 2233 2310 2300 Quin
2364 2232 2477 2286 imo
2520 2245 2708 2286 secum
2755 2231 2870 2300 ipse
2909 2227 3287 2283 misericordia
3335 2243 3464 2295 pro-

1872 2344 2005 2384 num
2058 2324 2349 2381 consilium
2395 2323 2640 2391 agitans,
2683 2329 2738 2376 et
2806 2319 2944 2373 forte
2995 2318 3240 2371 avaritiae
3276 2316 3462 2371 furore

1874 2416 2145 2480 concitus,
2186 2429 2296 2469 non
2339 2413 2448 2466 ulla
2488 2420 2803 2465 nostrorum
2837 2407 3094 2462 interitus
3138 2415 3317 2460 tactus
3355 2405 3460 2459 mi-

1873 2502 2514 2575 seratione,(quomodo
2551 2501 2731 2559 enim.
2773 2499 2865 2569 qui
2908 2513 3084 2566 nuper
3127 2497 3206 2550 sic
3243 2493 3465 2565 injustis

1873 2599 2116 2656 caedibus
2169 2597 2496 2670 gaudentem
2530 2591 2688 2663 595
2727 2585 3117 2660 prodiderat?)
3165 2587 3288 2640 illos
3319 2601 3460 2655 quo-

1873 2710 1981 2766 que
2040 2691 2397 2747 nihilominus
2447 2699 2572 2742 cum
2617 2683 2872 2740 Barbaris
2926 2681 3110 2736 invehi
3160 2679 3348 2747 iubet,
3399 2684 3463 2732 ut

1873 2787 2002 2841 hinc
2049 2796 2268 2853 quoque
2311 2787 2653 2834 nummatum
2693 2772 3031 2841 marsupium
3081 2769 3298 2824 auctius
3331 2767 3449 2820 red-

1873 2879 2031 2933 deret
2085 2873 2317 2943 aurique
2358 2868 2573 2925 avidam
2623 2866 2832 2921 rabiem
2874 2862 3190 2922 exsatiaret,
3235 2857 3457 2914 tametsi

1877 2969 2109 3023 fortasse
2169 2964 2224 3018 id
2285 2975 2448 3034 grave
2505 2957 2889 3025 dementisque
2946 2951 3189 3009 audacia:
3249 2949 3462 3004 facinus

1873 3067 2036 3114 esset.
2099 3054 2371 3112 Omnibus
2417 3059 2599 3105 autem
2654 3048 2708 3102 in
2764 3049 2884 3117 ejus
2937 3044 3120 3098 navim
3173 3042 3461 3097 celerrime

1872 3151 2124 3215 invectis,
2152 3149 2258 3205 alia
2290 3146 2358 3201 ab
2394 3145 2550 3214 aquis
2581 3142 2738 3198 navis
2766 3141 3020 3210 absorpta
3058 3147 3160 3202 est,
3196 3134 3456 3190 Barbaris

1872 3241 2242 3302 intuentibus,
2303 3237 2546 3307 ipsisque
2602 3230 2895 3287 navarchis
2945 3229 3001 3282 in
3059 3227 3176 3298 ipsa
3231 3225 3448 3297 tyranni

1870 3339 1995 3394 navi
2053 3335 2306 3400 servatis,
2351 3332 2446 3403 qui
2494 3340 2549 3386 et
2599 3337 2811 3400 postea,
2849 3326 3049 3381 divin‘ae
3092 3321 3454 3394 providentia:

1869 3433 1980 3484 vim
2010 3429 2256 3484 omnium
2301 3424 2687 3494 inspectricem
2718 3429 2774 3476 et
2813 3419 3210 3473 humanitatem
3257 3429 3322 3468 ae
3343 3414 3458 3467 cle-
3526 3487 3532 3492 Ι

1869 3518 2134 3574 mentiam
2190 3521 2512 3584 stupentes,
2569 3511 2686 3566 haec
2741 3509 2858 3578 ipsa
2917 3506 3080 3561 nobis
3134 3513 3454 3558 narravere.

1872 3611 2015 3665 Mille
2055 3609 2203 3664 enim
2259 3605 2498 3676 amplius
2548 3603 2760 3658 animas
2811 3600 3070 3656 dicebant
3125 3598 3180 3652 in
3234 3611 3298 3651 ea
3352 3611 3459 3649 nua

1871 3701 2068 3758 merari
2122 3717 2293 3766 nave,
2352 3708 2467 3754 tum
2521 3695 2890 3751 Barbarorum
2950 3702 3064 3759 tum
3115 3690 3458 3760 captivorum

1871 3796 2013 3867 apud
2047 3794 2266 3850 Cretam
2307 3790 2364 3844 in
2395 3793 2515 3844 eam
2548 3787 2918 3843 invectorum.
2962 3771 3036 3838 ac,
3058 3791 3338 3853 postremo
3369 3795 3464 3833 er-

1874 3900 1996 3940 rum
2043 3883 2138 3953 qui
2191 3895 2291 3951 per
2328 3893 2449 3932 eam
2500 3891 2722 3931 causam
2775 3875 2853 3928 illi
2890 3883 3140 3928 vectores
3193 3870 3460 3926 accessis-

1873 3985 2030 4037 sent,
2091 3979 2149 4025 ut
2194 3969 2359 4023 unius
2417 3967 2684 4021 duntaxat
2738 3964 2905 4034 palmi
2964 3977 3222 4017 mensura
3276 3971 3460 4014 exsta-

1873 4073 1986 4128 ret,
2044 4076 2109 4116 ac
2159 4073 2228 4113 ne
2277 4057 2435 4126 aquis
2472 4062 2815 4125 mergeretur
2871 4049 3324 4118 abesset.,Quod
3374 4057 3459 4102 ta-

1873 4169 2000 4209 men
2046 4167 2156 4206 non
2197 4146 2448 4219 permisit
2492 4147 2836 4201 occultorum
2876 4143 3127 4214 cognitor
3171 4141 3458 4207 Dominus,

1874 4255 1930 4301 et
1991 4245 2087 4315 qui
2143 4239 2463 4297 abscondita
2521 4246 2823 4296 scrutatur.
2886 4235 2994 4291 Sed
3047 4233 3142 4289 ubi
3213 4233 3459 4288 omnium

1875 4336 2040 4393 corda
2093 4334 2266 4398 vidit,
2317 4331 2465 4386 omni
2517 4331 2628 4401 jam
2678 4328 2944 4384 felicioris
2995 4327 3176 4382 exitus
3223 4341 3317 4394 spe
3367 4323 3463 4379 de-

165 4430 443 4494 νιζούσας
477 4432 557 4504 τῷ
601 4433 777 4486 πάντα
821 4435 1108 4506 δυναμένῳ
1161 4415 1309 4508 μόνῳ
1458 4415 1765 4508 βούλεσθαι,

1877 4427 2073 4500 posita,
2110 4422 2216 4495 ipsi
2256 4423 2376 4486 uni,
2425 4422 2484 4476 in
2528 4435 2640 4489 quo
2676 4419 3058 4478 versabantur,
3110 4415 3462 4470 manifestare

165 4523 491 4594 ὲπέὸλεψεν
545 4526 632 4579 ἐπ’
678 4528 896 4592 αὐτοὺς,
939 4529 1034 4583 καὶ
1088 4532 1170 4593 εἰς
1220 4531 1404 4599 πράαν
1445 4532 1544 4601 μὲν
1593 4531 1767 4602 αὔραν

162 4618 269 4684 τὴν
328 4619 658 4686 καταιγίδα,
711 4621 792 4682 είς
823 4621 1066 4692 γαλήνην
1121 4622 1178 4674 δὲ
1209 4622 1308 4693 τὴν
1353 4623 1462 4678 τῶν
1509 4625 1768 4695 κυμάτων

167 4709 606 4782 καταστορέσας
639 4711 988 4782 τραχύτητα,
1030 4713 1234 4767 ἔσωσεν
1276 4713 1477 4778 αὐτοὺς
1525 4717 1589 4767 ὲκ
1639 4731 1767 4768 τοσ-

164 4799 341 4854 ούτου
372 4801 645 4868 κινδύνου,
671 4805 839 4858 πᾶσιν
864 4806 1275 4876 ὲμφαίνων,καὶ
1303 4807 1463 4877 μόνον
1485 4809 1605 4878 οὐχὶ
1638 4808 1768 4879 βοᾷν

161 4889 454 4948 δεικνύων
475 4897 544 4951 τὰ
572 4898 897 4967 πράγματα,
926 4900 1075 4960 ὅπως
1105 4898 1330 4969 ῥύεσθαι
1359 4899 1630 4955 δύναταιηό
1659 4901 1769 4955 τῶν

163 4986 514 5054 θαυμασίων
557 4987 691 5050 Θεὸς
721 4991 846 5052 τοὺς
904 4989 963 5042 ἐν
1015 4989 1244 5062 ἀληθείᾳ
1301 4991 1398 5046 καὶ
1456 4992 1608 5064 φόϐῳ
1647 4995 1768 5048 sm-

157 5077 561 5147 καλουμένους
592 5080 781 5134 αὐτόν.

238 5258 349 5323 οξ.
395 5259 537 5330 Ἤδη
565 5260 624 5314 δὲ
691 5261 830 5332 μετά
880 5261 1140 5333 πέμπτην
1200 5261 1294 5315 τοῦ
1343 5263 1506 5324 πλοὸς
1549 5264 1767 5334 ἡμέραν

143 5352 517 5423 κατήραμεν
554 5355 608 5406 ex
638 5355 712 5423 ’τῇ
741 5354 892 5424 νήσῳ
922 5354 1021 5423 τῆς
1049 5353 1274 5425 Κύπρου
1303 5355 1446 5408 κατὰ
1481 5360 1572 5408 τδν
1597 5355 1768 5424 ὅρμον

137 5434 271 5503 τῆς
300 5442 532 5510 Πάφου,
561 5443 620 5497 ὲν
652 5435 697 5510 ᾧ
724 5445 820 5498 καὶ
865 5445 1147 5508 ἀνεθέντες
1191 5444 1387 5516 μικρὸν
1421 5445 1496 5507 ὡς
1525 5443 1766 5509 ἐξελθεῖν

131 5530 301 5594 τοὺς
326 5533 657 5604 Βαρϐάρους
691 5537 786 5589 καὶ
814 5539 924 5600 τοῖς
953 5538 1379 5608 παρακειμένοις
1436 5536 1592 5592 ὕδασι
1639 5537 1766 5591 λού-

129 5622 415 5690 σασθαι,
465 5627 627 5680 πάλιν
680 5629 889 5684 ἐκεῖθεν
944 5629 1268 5699 ἀναχθέντες
1320 5631 1460 5700 μετά
1499 5648 1562 5698 γε
1602 5632 1764 5700 νυχθ-
1807 5620 1829 5634 ’

1874 4515 2090 4572 consilii
2137 4513 2402 4584 impiam,
2453 4510 2548 4580 qui
2579 4508 2838 4565 videlicet
2885 4508 2998 4562 sola
3029 4506 3314 4561 voluntate
3356 4503 3463 4558 sal-

1874 4628 1968 4667 vas
2022 4617 2205 4680 potest
2254 4614 2549 4677 praestare,
2614 4605 2670 4659 in
2728 4603 2851 4658 illos
2906 4603 3096 4657 oculos
3148 4597 3458 4663 convertit,

1875 4721 1938 4759 ac
1989 4700 2288 4773 procellam
2345 4698 2570 4769 quidem
2629 4698 2684 4751 in
2746 4709 2936 4750 auram
2981 4695 3198 4756 lenem,
3259 4690 3461 4744 ﬂuctus

1875 4813 2007 4852 vero
2056 4800 2407 4863 exasperatos
2459 4791 2517 4845 i-n
2570 4788 2931 4858 tranquillum
2979 4800 3131 4840 mare
3180 4792 3457 4846 sternens,

1878 4903 1907 4941 a
1969 4894 2120 4940 tanto
2179 4883 2302 4936 illos
2353 4881 2604 4951 periculo
2667 4877 2954 4941 liberavit,
3017 4873 3232 4932 cunctis
3293 4871 3459 4927 nimi-

1875 4993 1995 5033 rum
2041 4975 2313 5046 prodens,
2347 4973 2551 5042 vixque
2586 4987 2674 5028 res
2709 4987 2820 5026 non
2853 4971 3089 5026 clamare
3127 4966 3458 5028 ostendens,

1875 5084 2032 5139 posse
2066 5067 2231 5138 596
2265 5065 2603 5122 mirabilium
2649 5065 2821 5119 Deum
2861 5063 3103 5118 liberare
3142 5074 3239 5116 eos
3271 5055 3364 5128 qui
3402 5055 3456 5110 in

1874 5159 2106 5214 veritate
2135 5165 2299 5226 atque
2330 5157 2526 5211 timore
2556 5156 2738 5226 ipsum
2764 5153 3045 5209 invocant.

1943 5270 2032 5324 77.
2062 5271 2192 5324 Post
2234 5269 2490 5338 quintum
2543 5266 2916 5340 navigationis
2964 5264 3111 5319 diem
3172 5261 3228 5315 'm
3277 5258 3456 5314 insula

1875 5360 2053 5433 Cypro
2109 5361 2283 5431 Paphi
2343 5369 2571 5431 portum
2640 5360 3006 5419 intravimus;
3058 5354 3457 5427 paululumque

1874 5467 2210 5517 recreamur,
2240 5452 2369 5506 dum
2402 5451 2630 5506 Barbari
2683 5449 2920 5504 navibus
2951 5443 3220 5503 exeuntes
3249 5435 3318 5498 ad
3370 5441 3454 5496 vi-

1873 5546 2028 5601 cinas
2055 5561 2226 5616 aquas
2257 5546 2496 5600 lavatum
2527 5551 2682 5600 eunt.
2712 5542 2852 5597 Tum
2879 5541 3007 5596 inde
3026 5540 3303 5596 solventes
3323 5543 3448 5607 post

1871 5637 2016 5691 diem
2053 5653 2220 5691 unum
2253 5652 2317 5693 ac
2346 5645 2559 5692 noctem
2601 5634 2866 5704 Tripolim
2918 5632 3449 5694 concessimus,,eo-

1421 5727 1649 5780 VARL-E
1700 5727 2106 5788 LECTIONES.

218 5808 290 5844 "
339 5815 844 5885 προσταττομένοις
871 5817 1231 5875 Combelisius
1270 5837 1280 5873 :
1327 5820 1449 5875 libri
1482 5823 1900 5891 πραττομένοις.
1977 5826 2019 5857 ⁷¹
2051 5823 2286 5892 σκέψινῖ
2357 5827 2402 5856 ⁷¹
2437 5823 2543 5876 τῶν
2579 5838 2687 5877 om.
2729 5821 2792 5876 Α.
