3962 6200
465 337 572 401 635

1124 320 1462 404 JOANNES
1514 341 1949 401 CAMENIATA
1995 339 2093 400 DE
2128 333 3082 399 EXCIDIOTHESSALONICAL
3621 336 3699 395 om

452 450 592 515 dem
632 448 752 518 ipso
783 449 871 504 die
895 466 1006 519 quo
1040 452 1278 507 salutare
1303 454 1488 509 erucis
1510 454 1719 524 lignum
1755 453 2049 515 exaltatur,

2164 449 2263 519 ήμε
2275 466 2365 519 ρον
2399 450 2528 503 ἀλλο
2555 449 2655 518 τὴν
2677 447 2941 519 Τρίπολιν
2970 447 3366 518 κατελάϐομεν,
3397 447 3517 500 κατ’
3566 450 3701 518 αὑτήν

470 539 696 608 quando
727 551 783 595 et
818 557 919 619 nos
950 544 1062 612 jam
1097 544 1337 612 primum
1368 561 1398 600 a
1434 547 1602 601 maris
1637 545 1904 615 periculis
1938 560 2055 598 ma-

468 630 646 702 lisque
674 649 894 688 eramus
932 635 1226 690 liberandi.
1278 636 1415 691 Cum
1474 653 1645 707 prope
1685 652 1906 690 murum
1960 650 2057 689 ve-

468 726 765 789 nissemus,
798 726 1203 795 oppidanorum
1235 729 1472 784 barbara
1524 730 1706 784 omnis
1735 729 2051 795 multitudo,

468 834 598 872 suos
627 816 911 887 excipiens
940 829 1273 891 nostrosque
1295 821 1598 884 admirans,
1634 822 1701 877 ad
1741 822 1921 891 ipsum
1952 837 2053 876 na-

466 906 584 960 vale
623 905 1037 962 effundebatur.
1076 908 1198 963 Mox
1221 910 1369 964 enim
1409 926 1473 964 ac
1498 911 1655 965 urbis
1672 926 1841 966 naves
1863 926 2056 967 omnes

466 998 632 1053 simul
664 1007 884 1053 coactas
914 999 968 1053 in
1008 1011 1231 1071 portum
1280 1002 1487 1057 deferri
1543 1003 1796 1073 contigit,
1860 1012 1975 1059 tum
2024 1020 2055 1059 e

466 1089 701 1159 singulis
732 1099 788 1144 et
809 1092 1171 1161 pecuniarum
1203 1094 1361 1163 copia
1386 1102 1441 1148 et
1473 1095 1685 1164 reliqua
1718 1096 2054 1165 spolia,vel-

467 1190 527 1234 ut
561 1197 629 1235 ex
656 1192 822 1237 vasta:
854 1183 1179 1252 capacitatis
1223 1186 1478 1249 urbibus,
1505 1186 1667 1241 educi
1696 1196 1752 1241 et
1773 1186 1828 1240 in
1860 1187 2055 1242 domos

469 1272 537 1325 ad
572 1271 624 1326 id
672 1280 834 1327 antea
872 1284 1096 1343 paratas
1142 1277 1401 1343 convehi,
1439 1287 1497 1331 ut
1558 1279 1713 1332 brevi
1765 1280 2055 1334 intervallo

469 1364 558 1419 his
592 1365 647 1418 in
670 1380 790 1420 eam
821 1366 1055 1422 invectis
1080 1369 1213 1423 urbs
1244 1370 1590 1439 impleretur.
1616 1370 1759 1437 Quin
1789 1387 1893 1427 nos
1916 1388 2055 1442 quo-

468 1472 577 1525 que
619 1456 887 1513 ducentes
914 1459 1243 1524 efferebant,
1283 1474 1338 1516 et
1369 1465 1528 1531 quasi
1577 1463 1827 1518 victoriae
1874 1465 2055 1534 quod-

467 1548 593 1602 dam
623 1558 909 1619 tropaenm,
937 1551 994 1605 in
1029 1555 1276 1607 omnium
1316 1555 1494 1607 oculis
1538 1555 1913 1621 traducentes,
1950 1558 2056 1611 mi-

469 1642 669 1697 seriam
726 1655 972 1697 nostram
1020 1660 1084 1700 ac
1138 1646 1511 1702 calamitatem
1572 1648 1725 1703 velut
1787 1649 1843 1704 in
1899 1650 2054 1706 orbis

468 1734 686 1790 theatro
717 1735 1122 1807 producebant.
1156 1738 1331 1804 Quam
1368 1740 1559 1795 multis
1588 1741 1736 1795 enim
1784 1742 2054 1798 vocifera-

469 1827 717 1893 t-ionibus
752 1829 836 1883 usi
867 1837 995 1883 sunt
1024 1831 1367 1901 saltibusque
1409 1830 1749 1888 insultarunt
1802 1835 1857 1889 in
1900 1836 2058 1891 urbis

470 1922 749 1992 ingressu,
803 1938 929 1977 cum
980 1923 1046 1977 ad
1084 1939 1204 1978 eam
1259 1926 1611 1990 accessimus,
1664 1926 1797 1981 dum
1853 1928 2057 1997 probra

467 2022 656 2067 nostra
692 2028 759 2068 ac
801 2012 1033 2085 injurias
1076 2028 1287 2085 magna:
1333 2014 1438 2069 sibi
1490 2017 1861 2087 iucunditatis
1891 2035 2057 2088 argu-

469 2113 716 2161 mentum
750 2106 911 2178 597
937 2109 1195 2161 sumunt!
1251 2108 1399 2177 quod
1447 2116 1503 2161 et
1538 2109 1769 2179 reliquis
1792 2111 2057 2181 majorem

469 2197 633 2253 nobis
663 2198 913 2254 dolorem
949 2198 1204 2264 incussit,
1241 2215 1366 2255 cum
1419 2200 1559 2255 mala
1615 2201 1707 2256 illa
1752 2213 1809 2257 et
1861 2204 2057 2259 iterata

470 2291 769 2361 opprobria
788 2291 1137 2362 maximaque
1156 2292 1430 2347 dedecora
1447 2293 1593 2348 ferre
1616 2310 1724 2348 non
1745 2310 2055 2364 possemus.

470 2383 572 2438 Ubi
597 2383 883 2439 enimvero
912 2392 1035 2453 post
1065 2400 1192 2440 eum
1224 2386 1506 2454 expletum
1542 2386 1887 2456 triumphum
1918 2388 2058 2441 assi-

470 2482 650 2542 gnatae
683 2472 847 2528 nobis
877 2472 1194 2538 suntmdes,
1232 2474 1288 2528 in
1325 2473 1530 2544 quibus
1562 2476 1665 2530 sub
1689 2476 2057 2533 Barbarorum

471 2567 724 2621 custodia
754 2567 961 2623 addicti
1022 2567 1351 2623 tenebamur
1406 2584 1580 2639 usque
1630 2569 1761 2624 dum
1823 2571 2058 2627 Tarsum

473 2658 979 2727 proficisceremur,
1010 2669 1144 2716 tunc
1182 2660 1444 2715 nimirum
1472 2678 1501 2715 a
1541 2662 1728 2717 multis
1774 2662 2061 2719 laboribus

472 2751 661 2815 levati,
696 2751 927 2822 fixisque
961 2752 1015 2807 in
1045 2760 1247 2807 terram
1280 2753 1580 2822 capitibus,
1605 2770 1716 2809 non
1741 2758 1860 2810 sine
1884 2756 2060 2828 lacry-

474 2844 581 2899 mis
607 2846 781 2899 Deum
804 2845 1171 2915 precabamur
1204 2853 1264 2900 ut
1299 2846 1519 2902 tandem
1548 2848 1848 2917 aliquando
1900 2851 2062 2906 malis

474 2938 679 2991 nostris
706 2937 869 2991 finem
902 2938 1213 3006 imponens,
1261 2938 1406 2992 haud
1450 2940 1594 2994 ultra
1645 2948 1729 2994 tot
1776 2943 2059 2998 molestia-

478 3044 601 3081 rum
639 3028 893 3083 turbines
926 3030 979 3082 in
1027 3044 1130 3082 nos
1171 3028 1507 3095 intenderet,
1538 3046 1774 3099 quorum
1826 3033 1910 3086 vel
1943 3034 2060 3088 solo

2157 543 2259 611 τήν
2291 543 2509 612 ἡμέραν
2536 540 2661 596 καθ’
2683 544 2750 612 ἢν
2792 541 3022 610 ὑψοῦται
3068 542 3127 594 τὸ
3164 541 3432 612 σωτήριον
3455 540 3547 592 τοῦ
3576 558 3704 593 σταν-

2163 634 2256 705 ροῦ
2288 634 2463 699 ξύλον,
2495 635 2581 687 ὅτε
2615 634 2711 688 καὶ
2764 635 2928 703 ήμείς
2970 633 3080 686 τῶν
3118 632 3260 686 κατὰ
3314 631 3583 684 θάλασσαν
3606 631 3703 701 ἄρτι

2160 728 2378 798 πρῶτον
2408 727 2710 797 ἐμέλλομεν
2744 724 3076 797 πειρασμῶν
3103 724 3396 794 ἀφεθῆναι.
3424 724 3704 791 Γενομένων

2158 816 2252 874 οὖν
2286 819 2444 891 ἡμῶν
2467 818 2697 889 πλησίον
2730 819 2823 871 τοῦ
2853 818 3090 887 τείχους,
3122 817 3303 886 ἐχεῖτο
3344 815 3471 885 περὶ
3503 815 3590 867 τὸν
3610 815 3707 868 vati:

2161 911 2401 981 σταθμον
2456 913 2714 965 ἀπάντων
2768 909 3051 979 ἐγχωρίων
3091 907 3396 979 Βαρϐάρων
3422 907 3485 959 τὸ
3517 907 3705 977 πλῆθος,

2157 1008 2284 1069 τοὺς
2312 1006 2410 1076 μὲν
2444 1004 2679 1068 οἰκείους
2709 1002 3287 1075 προσλαμϐανόμενον,
3309 1002 3433 1063 τοὺς
3454 1000 3570 1055 καθ’
3589 1003 3710 1071 ἡμᾶς
3740 1070 3743 1071 ν

2160 1094 2216 1148 δὲ
2254 1093 2660 1164 θαμϐούμενον.
2700 1095 2853 1163 Ἀμα
2903 1093 3012 1162 γὰρ
3062 1091 3264 1162 συνέϐη
3313 1092 3493 1154 πάσας
3518 1090 3606 1153 τὰς
3633 1095 3713 1162 τῆς

2159 1186 2368 1249 πόλεως
2400 1185 2676 1239 συνελθεῖν
2706 1186 2841 1253 νῆας
2872 1186 2967 1237 καὶ
2998 1184 3135 1254 πρὸς
3153 1183 3245 1235 τὸν
3262 1178 3434 1253 ὅρμον
3462 1182 3709 1251 γενέσθαι,

2160 1273 2276 1331 εἶτα
2306 1276 2657 1347 ἐξεκομίζετο
2681 1277 2774 1345 ἀφ’
2805 1276 3041 1343 ἑκάστης
3075 1272 3255 1328 αὐτῶν
3288 1273 3395 1327 τῶν
3430 1291 3488 1326 τε
3530 1276 3710 1345 χρημά-

2156 1388 2265 1424 των
2293 1369 2355 1423 τδ
2395 1368 2599 1438 πλῆθος
2629 1369 2726 1423 καὶ
2778 1369 2889 1421 τῶν
2932 1367 3137 1421 λοιπῶν
3168 1366 3381 1420 σκύλων
3409 1364 3599 1435 ῶσπερ
3628 1367 3714 1420 ἀπό

2158 1478 2323 1514 τινων
2381 1459 2613 1533 πόλεων,
2669 1461 2763 1513 καὶ
2809 1461 3078 1530 μετήγετο
3122 1460 3203 1524 είς
3234 1478 3386 1525 τινας
3435 1480 3712 1534 προηυτρεο

2160 1551 2433 1619 πισμένας
2456 1551 2659 1614 οἰκίας,
2694 1550 2768 1614 ὡς
2799 1552 2855 1604 ἐν
2884 1550 3051 1621 ὀλίγῳ
3081 1552 3438 1622 πληρωθῆναι
3462 1555 3561 1621 τὴν
3586 1557 3717 1608 πόλιν

2156 1643 2258 1713 τῆς
2272 1643 2474 1696 τούτων
2506 1642 2794 1713 ὑποδοχῆς.
2816 1644 3022 1714 Προέφε
3032 1661 3125 1715 ρον
3160 1645 3214 1697 δὲ
3241 1647 3337 1698 καὶ
3356 1647 3386 1712 ή
3395 1648 3503 1714 μᾶς
3523 1646 3719 1715 ἄγοντες

2160 1733 2415 1804 καθάπερ
2450 1751 2504 1787 τι
2527 1733 2789 1803 τρόπαιον
2818 1733 2994 1803 νίκης,
3024 1734 3119 1786 ἐπὶ
3174 1736 3340 1788 πᾶσιν
3366 1737 3515 1805 ἡμᾶς
3544 1738 3721 1808 θριαμ-

2090 1791 2132 1849 Β
2162 1791 2415 1890 ϐεύοντες
2441 1828 2535 1880 καὶ
2563 1791 2792 1893 θέατρον
2819 1791 3137 1895 ποιούμενοι
3154 1827 3254 1896 τὴν
3284 1791 3722 1899 καθϊήμᾶξσυμ-

2163 1919 2357 1989 φοράν.
2407 1915 2532 1973 Οἷον
2577 1917 2687 1987 γὰρ
2748 1917 3053 1987 ἀνέκραγον
3123 1920 3217 1971 καὶ
3275 1921 3389 1980 τοῖς
3447 1919 3724 1989 ἐξάλμασιν

2162 2010 2591 2080 ἐπεσκίρτησαν,
2626 2008 2715 2062 ὅτε
2747 2007 2884 2077 πρὸς
2940 2008 3080 2077 αὐτῇ
3128 2009 3173 2039 ⁷³
3208 2010 3516 2079 γεγόναμεν
3545 2014 3607 2082 τῇ
3633 2014 3728 2064 εἰσ-

2160 2102 2264 2173 όδῳ
2294 2103 2397 2171 τῆς
2424 2101 2653 2167 πόλεως,
2684 2102 2941 2171 ἀφορμὴν
2997 2100 3268 2171 θυμηδίας
3310 2102 3409 2174 τὴν
3434 2104 3557 2156 καθ’
3589 2106 3728 2174 ήμῶν

2163 2194 2323 2266 ὕϐριν
2346 2193 2691 2263 δεικνύμενοι
2720 2196 2733 2249 l
2768 2194 2796 2246 ὃ
2822 2194 2886 2264 δὴ
2910 2193 3005 2246 καὶ
3037 2193 3208 2248 πλείω
3261 2195 3371 2247 τῶν
3401 2196 3578 2251 ἄλλων
3612 2198 3732 2253 ὠδύ-

2161 2304 2322 2357 νησεν
2346 2287 2390 2318 ⁷⁵
2419 2288 2589 2357 ἡμᾶς,
2624 2285 2809 2339 οὐκέτι
2857 2287 3123 2357 φέροντας
3169 2287 3279 2340 τῶν
3306 2288 3496 2341 δεινῶν
3526 2290 3735 2344 ἐκείνων

2162 2381 2257 2433 καὶ
2312 2380 2410 2449 τῆς
2456 2378 2910 2450 ὑπερϐαλλούσης
2960 2378 3226 2449 αἰσχύνης
3275 2381 3374 2449 τὴν
3405 2380 3737 2451 ἐπαλληλίαν

2164 2472 2511 2542 ὑφίστασθαι.
2559 2471 2699 2525 Ἀλλ’
2727 2473 2817 2525 ὅτε
2844 2472 2909 2542 δὴ
2933 2472 3029 2525 καὶ
3052 2472 3193 2541 μετὰ
3216 2472 3407 2526 τοῦτον
3423 2473 3521 2527 τὸν
3552 2474 3741 2545 θρίαμ-

2163 2565 2256 2618 ϐον
2290 2563 2580 2635 ἐκληρώθη
2604 2581 2687 2627 τις
2720 2559 2870 2627 οἶκος
2900 2568 2960 2618 ἐν
3005 2558 3050 2633 ᾧ
3098 2566 3455 2637 φρουρεῖσθαι
3488 2571 3743 2641 κατεκρί-

2164 2658 2339 2727 θημεν
2366 2675 2429 2729 τη
2440 2656 2809 2729 ρηθησόμενοι
2830 2660 2930 2727 τῆς
2960 2656 3096 2728 πρὸς
3121 2659 3221 2727 τὴν
3244 2658 3459 2729 Ταρσὸν
3488 2661 3744 2729 ἀφίξεως,

2162 2750 2288 2802 τότε
2317 2749 2381 2820 δή
2416 2750 2525 2804 τῶν
2560 2748 2770 2803 πολλῶν
2794 2748 3085 2813 ἀνεθέντες
3126 2751 3308 2805 πόνων
3338 2753 3433 2805 καὶ
3460 2755 3529 2824 τῇ
3564 2757 3634 2823 γῇ
3657 2756 3750 2816 τὰς

2162 2842 2404 2911 κεφαλὰς
2464 2841 2919 2914 προσερείσαντες
2976 2843 3240 2914 ἐδεόμεθα
3290 2844 3385 2897 τοῦ
3442 2844 3586 2899 Θεοῦ
3619 2848 3753 2916 μετὰ

2161 2935 2413 3006 δακρύων
2440 2936 2632 3005 στῆναι
2663 2936 2795 3006 ἡμῖν
2816 2953 2944 2989 ποτε
2975 2935 3045 2989 τὰ
3061 2936 3209 2989 κακὰ
3227 2937 3321 2991 καὶ
3349 2939 3550 3007 μηκέτι
3571 2936 3755 3011 χώραν

2162 3028 2349 3083 λαϐεῖν
2376 3028 2496 3081 καθ’
2525 3027 2684 3098 ήμῶν
2730 3028 2993 3084 τοιούτων
3054 3028 3305 3101 ὀχληρῶν
3357 3031 3639 3096 ἐπίτασιν,
3686 3025 3759 3085 ὧν

474 3120 666 3175 auditu
688 3120 907 3176 animus
930 3120 1205 3187 horreret,
1230 3120 1435 3191 quippe
1458 3138 1583 3177 cum
1606 3133 1663 3179 et
1685 3124 1790 3180 illa:
1808 3124 1915 3179 vim
1940 3142 2056 3181 om-

2166 3122 2263 3174 καί
2294 3123 2326 3192 ή
2352 3120 2495 3192 ἀκοὴ
2526 3121 2662 3191 μόνη
2694 3123 2967 3193 μετήγετο
2992 3120 3080 3175 διὰ
3105 3122 3300 3193 πείρας
3330 3122 3527 3176 ἐλθεῖν·
3557 3126 3763 3187 παντὸς

476 3229 601 3267 nem
636 3212 843 3268 doloris
873 3212 1228 3267 excederent.

546 3306 635 3361 78.
667 3307 867 3363 Verum
899 3306 1014 3361 hazc
1042 3307 1291 3376 quidem,
1322 3309 1470 3378 quod
1500 3310 1567 3363 ad
1595 3326 1695 3365 nos
1724 3310 1941 3376 attinet,
1968 3314 2064 3383 qui

475 3398 930 3454 commutationis
959 3399 1085 3469 jure
1117 3414 1284 3453 manu
1314 3400 1569 3455 mittendi
1596 3402 1975 3469 servabamur,
2009 3413 2067 3460 et

475 3490 679 3560 quibus
707 3490 982 3561 obtigerat
1015 3490 1249 3558 captivis
1277 3492 1509 3561 reliquis
1540 3501 1601 3545 ut
1630 3493 1838 3563 Tripoli
1874 3496 2065 3550 nobis-

476 3597 603 3636 cum
633 3590 1015 3635 versarentur.
1051 3581 1153 3647 Qui
1177 3591 1360 3636 autem
1386 3592 1637 3637 nostrum
1661 3585 1839 3640 Cretae
1863 3586 1917 3640 in
1940 3588 2066 3642 aliis

476 3671 713 3725 navibus
738 3671 900 3725 divisi
924 3671 1162 3736 fuerant,
1192 3688 1290 3741 per
1319 3688 1538 3728 onmem
1568 3676 1739 3747 Syriae
1772 3694 1923 3733 oram
1947 3696 2065 3734 ma-

481 3763 722 3817 ritimam
747 3763 986 3833 dispersi
1016 3773 1179 3831 sunt;
1230 3781 1371 3836 quos
1402 3776 1742 3824 mercatores
1786 3787 2064 3827 commer-

477 3854 609 3919 cati,
643 3870 837 3911 rursus
860 3855 984 3910 aliis
1017 3856 1070 3910 in
1094 3856 1231 3912 locis
1264 3858 1650 3926 divendentes,
1694 3861 1838 3916 inter
1893 3879 1952 3919 se
1994 3865 2064 3920 ad

480 3944 586 4000 hoc
614 3946 717 4001 aevi
775 3947 856 4003 sic
906 3958 1252 4003 commutant
1302 3963 1362 4004 ut
1418 3967 1485 4005 ex
1536 3952 1646 4007 illis
1701 3956 1951 4010 nonnulli
2010 3957 2065 4012 in

474 4040 811 4112 Ethiopiam
841 4051 1255 4113 extremamque
1286 4046 1463 4099 austri
1491 4046 1705 4117 plagam
1735 4049 1884 4105 inter
1930 4051 2065 4105 Bar-

478 4135 642 4189 baros
676 4135 1068 4205 immigrarint.
1098 4135 1331 4201 Horum,
1375 4138 1621 4207 inquam,
1666 4141 1713 4195 si
1742 4143 1870 4211 quis
1922 4144 2064 4199 mala

479 4238 644 4298 atque
672 4244 949 4282 aerumnas
971 4228 1179 4297 scripto
1208 4229 1533 4300 consignare
1561 4235 1878 4300 tentaverit,
1906 4236 2063 4291 simi-

478 4322 547 4377 lis
578 4321 656 4376 illi
681 4320 964 4377 videbitur
995 4320 1091 4391 qui
1133 4336 1192 4375 se
1226 4322 1398 4377 maris
1434 4339 1634 4378 arenas
1668 4325 1722 4379 in
1773 4338 2065 4384 numerato

482 4415 690 4470 habere
719 4415 885 4469 stulte
931 4414 1225 4485 putaverit.
1280 4414 1519 4470 Omnino
1550 4417 1697 4471 enim
1731 4418 1896 4490 598
1922 4431 1978 4475 et
2004 4432 2059 4477 tu

2164 3218 2273 3286 γὰρ
2292 3218 2541 3285 ἀλγεινοῦ
2562 3216 2724 3287 φύσιν
2750 3217 3074 3287 ἐκϐέϐηκεν.

2240 3309 2324 3382 [Ρ.
2378 3309 2505 3382 582]
2559 3308 2661 3380 οη’.
2735 3309 2895 3363 ’Δλλὰ
2947 3310 3122 3365 ταῦτα
3172 3313 3331 3383 ἡμεῖς
3383 3313 3431 3364 οἱ
3478 3311 3622 3381 πρὸς
3670 3312 3772 3381 τὴν

2166 3403 2517 3473 καταλλαγὴν
2562 3400 2896 3473 τηρούμενοι
2930 3403 3025 3456 καὶ
3055 3406 3103 3456 οἰ
3152 3403 3271 3474 μεθ’
3300 3403 3458 3474 ἡμῶν
3501 3403 3773 3474 λαχόντες

2164 3495 2273 3547 τῶν
2307 3493 2512 3548 λοιπῶν
2563 3492 2930 3564 αἰχμαλώτων
2975 3494 3119 3548 κατὰ
3161 3495 3260 3565 τὴν
3290 3494 3579 3565 Τρίπολιν.
3616 3498 3685 3549 Ol
3717 3497 3775 3549 δέ

2166 3590 2217 3656 γ’
2255 3592 2313 3641 ἐν
2347 3589 2543 3658 Κρήτῃ
2592 3588 2651 3652 ἐξ
2712 3587 2870 3657 ἡμῶν
2920 3587 3286 3658 διαιρεθέντες
3330 3590 3387 3641 ἐν
3417 3591 3537 3653 ταῖς
3573 3590 3777 3650 ἄλλως

2165 3682 2324 3734 ναυσὶ
2352 3684 2475 3744 ταῖς
2504 3682 2596 3750 ἀφ’
2629 3683 2674 3713 τ’
2711 3681 2947 3734 ἐκὰστου
2997 3681 3161 3734 τόπου
3217 3682 3600 3752 διεσπάρησαν
3648 3682 3778 3734 καθ’

2165 3771 2292 3839 ὅλης
2330 3772 2430 3840 τῆς
2455 3770 2734 3841 παραλίας
2762 3771 2965 3841 Συρίας
2990 3789 3005 3802 ο
3041 3771 3137 3835 οὓς
3163 3772 3257 3825 καὶ
3287 3772 3590 3842 ὠνούμενοι
3637 3774 3778 3825 πολ·

2165 3862 2246 3916 λοί
2266 3862 2374 3916 τῶν
2394 3863 2654 3932 ἐμπόρων
2687 3862 2783 3916 καὶ
2810 3861 2975 3916 πάλιν
3021 3864 3574 3933 μεταπιπράσκοντες
3620 3864 3776 3917 κατᾶ

2164 3957 2457 4027 διαφόρους
2482 3957 2679 4020 τόπους
2711 3957 2769 4008 ἐν
2795 3954 3046 4024 ἀλλήλοις
3082 3955 3244 4025 μέχρι
3280 3956 3376 4008 καὶ
3412 3955 3509 4008 νῦν
3558 3955 3776 4014 αὐτοὺς

2166 4050 2613 4121 ἀνταμείϐουσιν,
2643 4049 2719 4112 ώς
2744 4048 2841 4101 καὶ
2878 4048 3050 4118 αὐτὴν
3096 4048 3303 4116 φθάσαι
3335 4051 3435 4118 τὴν
3465 4048 3775 4101 Αἰθιοπίαν

2165 4144 2316 4206 τινας
2349 4143 2407 4208 ἐξ
2440 4142 2618 4195 αὐτῶν
2647 4142 2741 4193 καὶ
2770 4141 2899 4202 τοὺς
2928 4139 3025 4211 τὴν
3072 4141 3382 4210 ἀκροτάτην
3411 4136 3772 4209 μεσημϐρίαν

2166 4234 2557 4295 κατοικοῦντας
2621 4230 2960 4301 Βαρϐάρους.
3026 4225 3127 4282 Ὧν
3182 4232 3231 4283 εἰ
3285 4229 3505 4299 θελήσοι
3534 4247 3623 4291 τις
3667 4231 3771 4285 τὰς

2170 4328 2455 4399 συμφορὰς
2489 4322 2926 4393 ἀναγράφεσθαι,
2957 4324 3147 4393 ὅμοιος
3182 4317 3323 4377 εἶναι
3380 4321 3521 4387 δόξει
3542 4320 3626 4390 τῷ
3667 4317 3769 4385 τὴν

2168 4420 2439 4490 παραλίαν
2481 4418 2710 4488 ψάμμον
2787 4417 3079 4487 ὲκμετρεῖν
3146 4416 3366 4479 εἰκαίως
3429 4414 3765 4468 τοπάσαντι.

483 4509 622 4579 ipse,
652 4507 901 4562 virorum
935 4506 1368 4573 studiosnssime,
1397 4508 1443 4561 si
1501 4524 1644 4578 quos
1683 4510 1903 4565 illorum
1952 4514 2060 4567 Da-

2171 4487 2396 4574 Πάντως
2430 4487 2539 4581 γὰρ
2562 4487 2654 4562 καὶ
2683 4494 3325 4576 αὑτὸςξφιλομαθέστατε
3351 4506 3577 4577 ἀνδρῶν,
3602 4504 3726 4555 εἶπε
3737 4515 3767 4567 ρ

481 4599 650 4654 masci
697 4608 754 4653 et
791 4598 846 4651 in
892 4597 1421 4668 circumiacentibus
1470 4598 1706 4655 urbibus
1755 4602 2061 4659 offendisti.

479 4690 788 4746 Oll‘endisse
814 4689 962 4743 enim
998 4688 1110 4743 illic
1134 4704 1245 4743 non
1278 4704 1483 4758 paucos
1523 4690 1659 4756 scio,
1688 4694 1838 4763 quod
1870 4709 2064 4751 omnes

479 4800 647 4839 naves
671 4782 848 4855 Tyria:
875 4788 1123 4851 captivos
1143 4796 1275 4835 suos
1304 4781 1361 4835 in
1415 4782 1536 4839 illas
1589 4792 1775 4853 partes
1816 4796 2064 4855 asporta-

477 4886 628 4931 runt.
657 4876 810 4930 Mitto
830 4874 977 4931 enim
1000 4890 1068 4929 ex
1095 4882 1282 4929 nostra
1332 4890 1552 4945 quoque
1584 4875 1789 4946 Tripoli
1820 4894 2066 4935 commo-

480 4968 717 5032 ratione,
742 4980 870 5021 cum
896 4980 994 5033 per
1022 4964 1116 5018 illa
1137 4964 1259 5018 loca
1291 4965 1389 5018 tibi
1413 4974 1528 5018 tum
1557 4965 1736 5034 primo
1755 4970 2063 5023 transeunti

481 5076 780 5131 parumper
810 5058 1183 5123 innotuimus,
1213 5073 1479 5127 perquam
1511 5058 1732 5115 abunde
1779 5070 1830 5115 te
1861 5062 1929 5117 de
1981 5063 2069 5117 his

480 5150 781 5216 didicisse;
817 5165 940 5220 quae
967 5157 1025 5204 et
1048 5148 1209 5203 nobis
1235 5148 1551 5203 tacentibus
1574 5165 1663 5204 res
1684 5164 2067 5221 repraesentet,

482 5243 910 5313 animorumque
943 5241 1191 5297 dolorem
1223 5255 1287 5294 ac
1317 5240 1625 5295 cruciatum
1653 5258 1721 5297 ex
1750 5244 1863 5315 ipsa
1890 5248 2072 5303 vultus

484 5336 669 5404 specie
697 5346 852 5392 certo
888 5335 1117 5392 indicet.
1160 5334 1509 5404 Quapropter
1568 5344 1683 5388 tum
1742 5347 1799 5391 tu
1849 5356 2072 5411 quoque

486 5428 933 5493 commiseratus,
962 5437 1021 5484 et
1050 5427 1402 5482 fortunarum
1434 5435 1752 5482 nostrarum
1791 5431 2073 5503 particeps

489 5517 783 5588 sociusque
805 5522 1058 5586 effectus,
1098 5536 1162 5575 ea
1193 5519 1410 5574 ratione
1437 5519 1583 5588 quod
1610 5519 1809 5574 horum
1853 5538 2074 5580 omnem

492 5609 693 5667 seriem
717 5613 906 5669 doceri
953 5613 1176 5687 plurimi
1211 5613 1430 5678 feceris,
1472 5611 1604 5667 satis
1656 5615 1945 5671 manifeste
1998 5618 2073 5671 si-

2172 4603 2421 4673 ἐνέτυχες
2469 4619 2611 4655 τισιν
2664 4600 2724 4664 ἐξ
2779 4598 2983 4661 αὐτῶν,
3037 4598 3092 4649 ἒν
3123 4614 3181 4649 τε
3238 4598 3303 4667 τῇ
3346 4593 3631 4665 Δαμασκῷ
3669 4588 3767 4642 καὶ

2171 4699 2290 4758 ταῖς
2325 4694 2452 4764 περὶ
2478 4690 2650 4762 αὐτὴν
2688 4690 2909 4742 πόλεσιν
2928 4706 2942 4720 ⁸
3008 4687 3261 4757 ἐνέτυχες
3285 4687 3421 4757 γὰρ,
3450 4681 3580 4749 οἶδα,
3632 4678 3759 4733 πολ-

2172 4787 2283 4849 λοῖς
2322 4782 2633 4848 ἐκεῖσε,διά
2658 4781 2718 4834 τὸ
2766 4781 2945 4843 πάσας
2983 4780 3082 4842 τὰς
3114 4778 3322 4849 Τυρίας
3351 4778 3487 4847 νῆας
3508 4776 3622 4836 τοῖς
3664 4768 3763 4840 .85"-

2178 4894 2326 4946 ρεσιν
2387 4876 2618 4937 ἐκείνοις
2679 4874 2805 4933 τοὺς
2836 4870 3217 4941 αἰχμαλώτους
3252 4869 3503 4924 αὐτῶν...
3532 4866 3607 4920 ἐῶ
3634 4860 3762 4931 ,γὰρ

2174 4971 2354 5038 λέγειν
2383 4969 2466 5022 ὅτι
2493 4968 2587 5022 καὶ
2613 4965 2774 5036 ήμῶν
2824 4967 2857 5035 ὴ
2908 4964 3037 5035 περί
3059 4964 3158 5034 τὴν
3193 4963 3455 5032 Τρίπολιν
3492 4954 3761 5025 διαγωγὴ.

2166 5064 2332 5119 ὁπότε
2381 5060 2719 5133 διερχομένῳ
2784 5076 2865 5112 σοι
2920 5059 3129 5112 ἐκεῖθεν
3175 5058 3296 5110 κατ’
3338 5057 3513 5126 ἀρχὰς
3560 5046 3764 5123 μικρὸν

2172 5154 2685 5228 ἁνεγνωρίσθημεν,
2725 5152 2928 5216 ἱκανῶς
2963 5170 3018 5204 σε
3064 5152 3194 5222 περὶ
3246 5150 3454 5205 τούτων
3487 5144 3766 5211 πεπληρο·

2173 5250 2407 5321 φόρηκε,
2460 5249 2556 5301 καὶ
2612 5247 2943 5299 σιωπώντων
2982 5244 3142 5315 ήμῶν
3177 5243 3245 5295 τὰ
3288 5243 3589 5313 πράγματα
3628 5248 3763 5301 παρ.

2176 5344 2382 5396 ιστῶσα
2408 5343 2501 5395 καὶ
2522 5341 2621 5410 τὴν
2664 5338 2859 5408 ὀδύνην
2885 5337 2995 5391 τῶν
3021 5336 3209 5407 ψυχῶν
3238 5337 3361 5398 ταῖς
3412 5331 3647 5403 μορφαῖς
3680 5322 3738 5386 ἐξ

2176 5431 2608 5504 ελέγχουσα.Ἐξ
2648 5424 2709 5483 οὗ
2757 5431 2822 5501 δὴ
2880 5430 2975 5482 καὶ
3015 5429 3175 5491 αὐτὸς
3218 5427 3579 5497 συμπαθήσας
3617 5420 3760 5473 τότε.

2178 5528 2271 5580 καὶ
2323 5529 2380 5579 ἐν
2409 5526 2586 5595 τούτῳ
2628 5524 2969 5593 κοινωνήσας
3026 5522 3159 5591 ἡμῖν
3187 5519 3283 5572 τοῦ
3316 5518 3520 5580 πάθους
3575 5516 3636 5565 ὲν
3685 5525 3762 5572 τΨ

2178 5610 2304 5689 περὶ
2334 5618 2529 5671 πολλοῦ
2593 5616 2922 5690 ποιήσασθαι
2975 5613 3168 5685 μαθεῖν
3220 5612 3319 5682 τὴν
3370 5612 3498 5681 περῖ
3550 5604 3761 5659 τούτων

1813 5709 2042 5765 νΑΙὶΙᾹΞ
2086 5712 2485 5769 LECTIONES.

589 5799 635 5833 "
663 5800 831 5872 αὐτὴν
862 5803 966 5859 ΛΡ.
1048 5804 1091 5834 ⁷⁵
1121 5802 1378 5874 ὡδίνησεν
1410 5804 1517 5860 ΛΡ.
1600 5806 1643 5836 ⁷⁸
1680 5805 1762 5859 ἀν’
1790 5804 1851 5858 Ρ.
