3962 6200
399 309 508 372 639
1652 310 2030 371 DEMETRII
2069 313 2379 373 CYDONII
3549 315 3638 379 640

403 437 732 482 antecessum
785 427 1039 497 funestius
1103 427 1253 482 aliud
1299 428 1381 480 hic
1437 425 1552 497 ejus
1620 436 2002 498 reprcsentare
2057 429 2339 494 excidium,
2389 445 2624 499 quonon
2675 429 2902 483 hostium
2942 430 3294 499 grassatione,
3338 429 3429 482 sed
3467 429 3640 482 civium

403 514 633 569 tumultu
662 516 894 568 immane
915 523 1173 584 quantum
1199 515 1396 584 foedata
1427 516 1612 569 civitas
1645 524 1718 568 est
1741 525 1791 568 et
1817 515 2078 583 desolata,
2126 517 2328 586 sibique
2361 519 2474 585 ipsa
2516 518 2648 570 vires
2685 517 2901 581 ademit,
2944 526 2991 569 et
3026 526 3080 569 ut
3124 517 3279 585 facile
3322 517 3640 587 postmodum

407 603 586 658 Turcis
635 603 815 674 pra’da
849 603 1073 666 cederet,
1131 613 1451 658 momentum
1506 604 1667 669 dedit,
1714 603 1934 672 urbique
1963 604 2214 674 Augusta:
2249 622 2309 657 ac
2339 604 2614 674 Byzantio,
2652 597 2755 675 per
2782 622 2870 658 eas
2894 606 3034 674 ipsas
3063 604 3234 658 civiles
3275 605 3564 658 discordias
3589 621 3642 657 ac

408 693 686 761 factiones,
715 708 775 745 eo
801 691 914 760 fato
941 694 1178 761 praziret.
1212 693 1410 747 Auctor
1455 693 1584 746 mihi
1630 693 1712 746 hic
1735 692 2030 746 Demetrius
2076 692 2341 763 Cydonius
2365 693 2473 763 ipse
2497 693 2995 756 Thessalonicensis,
3039 693 3178 747 inter
3203 709 3323 746 suos
3363 692 3642 762 plurimum

405 780 784 843 schismaticos,
826 795 920 832 nec
951 779 1145 833 levibus
1177 780 1441 833 erroribus
1473 779 1872 834 Palamitarum
1916 780 2049 832 nube
2100 780 2382 846 involutos,
2426 782 2552 852 ipsis
2578 781 2891 835 dementatis
2921 781 3281 834 Ecclesiarum
3310 779 3646 850 principibus,

407 867 637 936 aulaque
663 867 770 936 fere
802 869 854 920 in
880 869 1319 922 eorum'addncta
1345 869 1685 931 sententiam,
1713 867 2168 923 Catholicissimus
2195 869 2505 940 Latinisque
2533 870 2948 934 addictissimus,
2979 886 3070 922 nec
3096 869 3266 922 minus
3290 869 3400 921 suis
3419 869 3643 933 devotus,

404 957 726 1022 studensque
759 953 976 1008 Crazcia:
996 956 1116 1025 jam
1149 955 1384 1024 dejectio,
1417 972 1522 1025 qua
1561 958 1647 1010 via
1681 956 1884 1020 liceret,
1918 957 2224 1011 revocandis
2252 957 2436 1022 rebus;
2459 958 2598 1027 quod
2628 957 2722 1010 hoc
2748 973 2851 1009 uno
2883 957 3126 1026 prwstari
3156 971 3302 1025 posse
3339 972 3401 1008 ac
3425 957 3644 1023 sperari,

408 1041 521 1093 acri
541 1057 670 1094 sane
699 1043 779 1094 vir
795 1043 998 1110 judicio
1024 1043 1364 1103 existimavit,
1403 1044 1449 1096 si
1481 1045 1650 1113 sapito
1686 1045 1944 1114 sequioris
1978 1045 2074 1099 (cui
2103 1044 2340 1108 dissidio,
2398 1046 2726 1114 pristinaque
2752 1044 2970 1097 reducta
3006 1042 3427 1098 Christianitatis
3461 1059 3525 1095 ac
3557 1042 3647 1095 Ec-

409 1127 581 1182 clesia:
605 1130 760 1199 facie,
797 1131 956 1184 Nova:
981 1131 1162 1184 Roma:
1196 1148 1314 1184 cum
1334 1130 1566 1197 Seniori,
1614 1133 1743 1201 ﬁlice
1765 1151 1883 1188 cum
1929 1142 2121 1199 matre,
2171 1140 2219 1185 et
2252 1151 2285 1186 a
2315 1149 2421 1202 qua
2449 1131 2579 1199 ﬁlia:
2619 1133 2790 1185 omnis
2843 1132 3102 1202 dignitas,
3154 1131 3479 1183 conveniret.
3530 1129 3647 1194 Eius

409 1221 505 1270 hoc
549 1228 864 1288 argumento
913 1217 1219 1273 Orationem
1264 1219 1685 1285 deliberativam,
1724 1222 1787 1275 de
1831 1222 2140 1274 Latinorum
2173 1221 2499 1289 corrogando
2551 1219 2774 1283 auxilio,
2817 1219 3150 1287 alteramque
3184 1219 3247 1270 de
3268 1233 3369 1270 non
3394 1217 3648 1269 reddenda

412 1303 693 1374 Gallipoli,
717 1306 780 1359 ab
809 1308 1084 1376 annojam
1109 1307 1244 1361 1648
1273 1309 1409 1378 typis
1450 1307 1702 1378 vulgasse,
1730 1311 2163 1379 memini,quibus
2193 1309 2402 1377 prtciret
2442 1307 2693 1360 Theodori
2734 1307 2976 1376 Despotce
3014 1305 3312 1374 Pulmologi
3344 1308 3396 1359 in
3418 1322 3648 1374 purpura

413 1393 528 1444 nati
577 1393 914 1461 Ἐπιτάφιος,
953 1409 1116 1447 aureo
1151 1394 1449 1465 mollitaque
1469 1395 1729 1450 Manuelis
1762 1399 1888 1450 item
1919 1397 2213 1464 l’alwologi
2240 1396 2582 1464 imperatoris
2606 1396 2771 1462 ipsius
2802 1395 3010 1462 fratris.
3046 1409 3156 1458 ore,
3187 1393 3269 1446 illi
3301 1394 3357 1446 in
3396 1392 3649 1463 Pelopon-

412 1494 535 1533 neso
567 1480 758 1541 dictus,
789 1481 875 1533 ubi
896 1481 941 1534 is
964 1497 1079 1534 cum
1113 1483 1334 1553 imperio
1369 1484 1457 1536 diu
1487 1484 1797 1554 praefuerat,
1831 1485 2071 1555 diemque
2096 1485 2336 1546 obierat;
2363 1484 2626 1552 triumque
2654 1482 2962 1552 fasciculum
2993 1481 3137 1535 haud
3158 1479 3535 1552 spernendum,
3569 1496 3656 1533 nec

412 1569 568 1637 regiis
611 1570 826 1623 auribus
861 1586 924 1623 ac
952 1571 1408 1625 animadversione
1433 1590 1646 1642 prorsus
1692 1574 1991 1644 indignum,
2045 1571 2501 1632 Christianissimo
2565 1568 2896 1623 Francorum
2953 1569 3215 1622 Ludovico
3260 1566 3398 1633 XIV,
3461 1584 3657 1635 semper

412 1657 668 1726 Augusto,
691 1660 845 1712 antiis
873 1660 1084 1724 minori,
1119 1661 1208 1713 sed
1232 1668 1342 1714 tota
1373 1662 1485 1730 iam
1522 1661 1698 1714 indole
1726 1679 1786 1715 ac
1808 1662 2078 1732 spiritibus
2110 1660 2331 1730 Magno,
2353 1677 2457 1713 non
2489 1661 2762 1728 ingratum
2793 1675 2986 1712 munus
3015 1659 3284 1711 obtulisse.
3327 1656 3390 1710 In
3411 1673 3517 1726 quo
3545 1657 3661 1709 mihi

410 1745 523 1812 ipse
549 1743 752 1813 placeo,
803 1762 898 1799 nec
932 1755 1042 1800 tam
1071 1748 1220 1809 mihi,
1255 1765 1411 1816 quam
1442 1750 1630 1818 patriis
1661 1765 1722 1801 ac
1754 1747 1945 1804 Gallice
1979 1748 2191 1817 orbique
2227 1747 2327 1817 ipsi
2354 1745 2677 1810 Christiano,
2706 1744 2970 1816 gratulor,
2998 1745 3137 1815 quod
3161 1755 3271 1798 tam
3300 1760 3455 1797 serus
3509 1759 3663 1812 quam

307 1892 310 1894 _
412 1831 575 1886 bonus
614 1841 759 1886 vates
815 1834 924 1902 fui:
975 1842 1024 1886 et
1071 1850 1231 1904 quam
1267 1837 1321 1888 in
1364 1836 1680 1906 Palaeologis
1707 1835 2086 1905 φιλαδελφίαν.
2145 1835 2283 1905 quod
2311 1833 2590 1887 laudatum
2611 1851 2711 1904 par
2742 1834 2973 1904 fratrum
2999 1843 3049 1886 et
3079 1834 3396 1896 amicorum,
3428 1834 3664 1900 suspexi,

414 1921 616 1983 amavi,
654 1921 813 1986 colui,
849 1923 964 1974 orbi
995 1922 1224 1986 exhibui,
1265 1925 1318 1976 in
1353 1923 1806 1977 Christianissimo
1841 1925 2100 1993 principe.
2135 1924 2405 1994 fratreque
2437 1925 2611 1988 unico,
2653 1931 2806 1994 gente
2835 1923 3128 1988 Borbonia,
3159 1923 3496 1978 invictissimi
3525 1938 3670 1993 teque

414 2023 479 2059 ac
500 2008 784 2077 justissimi
832 2010 1154 2079 piissimique
1204 2009 1448 2064 Ludovici
1496 2011 1630 2064 XIII
1697 2011 1894 2081 inclyta
1920 2009 2114 2077 sobole,
2154 2011 2375 2080 feliciori
2406 2013 2581 2088 omine
2608 2013 2736 2065 mihi
2774 2013 2882 2082 ipse
2903 2013 3021 2082 jam
3053 2020 3167 2066 tum
3201 2020 3502 2082 auguratus
3532 2027 3670 2072 sum.

413 2097 652 2167 vatisque
685 2098 896 2167 expetii.
922 2097 990 2151 Et
1018 2114 1139 2151 vero
1177 2099 1412 2162 donavit,
1446 2099 1701 2168 fraternae
1723 2098 1866 2152 illius
1898 2098 2176 2152 charitatis
2205 2108 2503 2163 auctor,‘ac
2529 2099 2821 2153 concordia:
2860 2098 3058 2153 arbiter
3083 2097 3342 2163 Christus,
3375 2115 3472 2169 per
3511 2114 3676 2168 quam

416 2197 492 2242 tot
523 2189 677 2242 annis
707 2187 986 2244 Gallorum
1029 2197 1256 2259 gentem,
1301 2191 1570 2259 sociosque
1614 2207 1792 2243 omnes
1831 2190 2020 2252 beavit,
2062 2203 2124 2240 ac
2145 2187 2201 2238 in
2234 2201 2402 2238 tecum
2443 2185 2790 2256 longinquum
2819 2185 2967 2251 beet;
2994 2188 3267 2256 hostesque
3290 2186 3456 2256 (quod
3476 2185 3681 2239 dudum

418 2277 566 2345 facit)
608 2293 881 2346 nunquam
920 2293 1021 2331 non
1056 2277 1272 2347 dejiciat
1304 2294 1366 2330 ac
1399 2277 1667 2347 percellat,
1700 2285 1793 2331 aut
1826 2277 1986 2330 etiam
2014 2277 2269 2328 virtutum
2310 2273 2558 2328 illecebra
2594 2275 2841 2344 omnique
2889 2274 3192 2338 clementia,
3233 2274 3427 2342 majori
3456 2273 3686 2328 victoria

417 2365 638 2424 amoris,
677 2363 817 2434 ipsos
843 2380 1050 2434 quoque
1074 2363 1338 2431 vero,Soli
1366 2365 1582 2429 mundo,
1607 2365 1770 2418 socios
1799 2363 2095 2433 amicosque
2129 2353 2374 2424 deliniat,
2407 2363 2611 2423 trahat,
2634 2363 2903 2434 subjiciat.
2945 2362 3211 2418 Tabellam
3240 2364 3360 2416 huis
3379 2363 3692 2432 oppositam

419 2452 618 2506 exhibet
667 2453 917 2506 Demetrii
951 2450 1176 2523 Cydonii
1204 2453 1313 2506 htcc
1350 2453 1620 2522 Μονῳδία.
1651 2452 1910 2522 Craphice
1937 2453 1988 2504 in
2012 2467 2075 2505 ea
2105 2451 2368 2519 descripta
2401 2451 2592 2504 civium
2637 2450 2913 2506 discordia:
2957 2452 3139 2506 mala:
3186 2452 3310 2522 quid
3352 2452 3454 2506 sibi
3477 2453 3696 2522 pariat,

416 2538 537 2608 ipsa
567 2537 666 2593 sibi
689 2555 993 2592 mucronem
1023 2539 1239 2608 adigens
1264 2540 1465 2604 civitas,
1498 2555 1560 2592 ac
1584 2541 1638 2592 in
1669 2555 1725 2592 se
1745 2555 1894 2592 versa
1927 2537 2222 2606 respublica
2249 2540 2628 2609 ﬂammamque
2659 2540 2756 2592 sibi
2794 2540 3095 2610 subjiciens,
3117 2557 3181 2594 ne
3214 2541 3296 2594 cui
3321 2539 3544 2592 tandem
3580 2537 3699 2591 ulla

420 2643 658 2696 unquam
681 2626 854 2680 colore
876 2627 1220 2696 furor-tantus
1258 2627 1496 2698 obrepat,
1516 2628 1800 2698 invidoque
1823 2627 2048 2681 daemoni
2075 2642 2136 2680 ea
2173 2625 2446 2679 molitione
2473 2626 2739 2694 funestum
2767 2627 2928 2697 plane
2965 2644 3225 2698 organum
3252 2637 3466 2697 pareat,
3498 2643 3569 2680 ac
3615 2626 3703 2679 vel

420 2713 623 2782 fumum
661 2715 852 2784 patria:
879 2715 1176 2785 civibusque
1216 2725 1486 2785 aspergat,
1539 2733 1604 2770 ne
1646 2724 1798 2769 tanta
1837 2715 2012 2768 dicam
2049 2715 2231 2784 hisque
2268 2712 2833 2779 Thessalonicensib'us,
2890 2715 3068 2785 aﬂinia
3111 2716 3372 2785 pariaque
3410 2715 3704 2767 incendia.

421 2798 645 2870 Reliqua
687 2802 756 2854 ad
798 2802 1008 2870 imperii
1055 2801 1342 2872 Byzantini
1369 2804 1665 2868 interitum,
1710 2804 1925 2873 ejusque
1969 2803 2140 2871 ipsam
2181 2809 2505 2871 postremam
2547 2800 2717 2854 labem
2752 2819 2814 2854 ac
2864 2819 3105 2854 occasum
3132 2803 3546 2864 ministrabant,
3577 2803 3707 2870 ipsa

423 2888 667 2958 Cydonii,
703 2887 1031 2958 aliorumque
1059 2888 1172 2957 ejus
1209 2891 1418 2943 circiter
1441 2891 1558 2955 levi,
1591 2888 1851 2960 pauloque
1879 2889 2191 2960 supparium
2230 2903 2256 2939 e
2287 2885 2452 2955 Regia
2477 2888 2616 2956 ipsa,
2650 2888 2877 2958 aliisque
2911 2886 3204 2942 Christiani
3231 2889 3371 2942 orbis
3401 2887 3704 2942 bibliothe-

421 2976 518 3038 cis,
554 2974 787 3044 epistolte
819 2991 881 3029 ac
909 2975 1188 3047 opuscula,
1225 2985 1340 3048 post
1382 2977 1570 3032 Leonis
1601 2977 1824 3032 Diaconi
1861 2989 1913 3032 et
1943 2973 2215 3032 Michaelis
2257 2973 2422 3028 Pselli
2464 2975 2656 3043 (altero
2689 2977 2771 3029 hic
2799 2978 2980 3030 statim
3008 2977 3290 3046 volumine)
3320 2976 3710 3030 Historiarum

423 3061 660 3116 illustria
705 3080 737 3116 a
777 3080 857 3116 me
899 3063 1027 3118 data
1061 3066 1416 3132 συντάγματα
1451 3082 1464 3094 ·
1513 3068 1620 3122 sive
1654 3067 1783 3120 mihi
1830 3067 1930 3137 ipsi
1967 3069 2077 3120 vita
2108 3079 2278 3116 comes
2315 3065 2494 3134 fuerit,
2539 3066 2646 3118 sive
2679 3065 2764 3117 cui
2801 3081 2894 3134 per
2926 3064 3320 3118 Providentiam
3357 3065 3710 3117 destinatum

424 3149 542 3207 erit.
579 3148 825 3220 lampade
847 3150 1067 3204 tradita.
1099 3150 1608 3207 Thessalonicensem
1635 3155 1770 3208 hunc
1803 3154 2089 3208 tumultum
2110 3153 2417 3223 perstrinxit
2447 3151 2845 3207 Cantacuzenus
2875 3152 2912 3206 ι.
2936 3154 2990 3220 '5,
3010 3170 3059 3207 c.
3080 3153 3180 3218 94;
3215 3169 3286 3206 an
3316 3153 3532 3207 sincera
3564 3154 3710 3205 satis

425 3237 657 3291 historici
673 3236 799 3306 ﬁde,
830 3255 922 3291 nec
945 3253 1056 3292 sua:
1088 3240 1197 3310 ipse
1230 3256 1402 3295 causa:
1434 3241 1637 3311 favens,
1670 3241 1898 3296 aliorum
1925 3243 2188 3313 judicium
2222 3251 2353 3295 esto.

2741 3415 3117 3434 m

1403 3566 2057 3658 ΔΗΜΗΤΡΙοΥ
2120 3574 2708 3663 ΚΥΔΟΝΙΟΥ

1891 3741 2200 3812 ΜΟΝῼΔΙΑ

1290 3886 1423 3940 ειη
1493 3889 1655 3941 ron:
1722 3887 1823 3940 EN
1889 3855 2412 3956 ΘΕΣΣΑΛΟΝΙΚῌ
2471 3887 2820 3940 nexam.

1451 4137 2042 4228 DEMETRII
2123 4073 2629 4230 CYDO‘NII

1107 4327 1600 4391 OCCISORUM
1683 4331 2351 4395 THESSALONIC/E
2433 4338 2823 4401 MONODIA
2896 4338 3004 4422 (1).

1877 4459 2042 4515 (Anno
2078 4458 2239 4509 15i6J

2009 4618 2080 4630 I—

511 4745 533 4798 I
605 4741 744 4809 Viri,
797 4749 1068 4812 quotquot
1122 4742 1554 4813 propinquorum
1600 4759 1664 4798 ac
1719 4744 2006 4814 gentilium
2040 4753 2075 4808 Α

2185 4746 2273 4818 [Ρ.
2303 4749 2564 4823 ﬁsi-585]
2616 4751 2685 4806 α’.
2714 4751 2960 4820 Ἀνδρες,
2995 4751 3107 4804 ὅσοι
3139 4752 3236 4815 τὰς
3265 4753 3374 4804 τῶν
3414 4752 3677 4821 συγγενῶν

436 4843 750 4889 vestrorum
778 4829 1052 4903 eﬂ'ugistis
1080 4845 1294 4896 manus,
1329 4848 1543 4888 mecum
1580 4834 1695 4902 ipse
1728 4831 2000 4902 undequa-

2111 4839 2520 4910 διαπεφεύγατε
2551 4843 2760 4913 χεῖρας,
2807 4840 2918 4910 ἐγὼ
2949 4842 3047 4912 μὲν
3083 4841 3193 4894 οὐδ’
3215 4843 3244 4894 ὅ
3264 4860 3316 4894 τι
3351 4843 3459 4914 χρὴ
3503 4844 3673 4896 uulsis

437 4942 545 4996 que
569 4925 950 4990 considerans,
1000 4941 1110 4995 quo
1138 4925 1362 4980 nomine
1398 4925 1643 4981 vocanda
1675 4925 1747 4980 sit
1790 4924 2001 4988 civitas,

2113 4935 2214 5002 τὴν
2244 4935 2420 5000 πόλιν,
2448 4937 2506 4988 ὲν
2590 4935 2764 4989 ταῦτα
2791 4935 3158 5006 πεπόνθαμεν,
3182 4935 3421 5001 δύναμαι
3452 4934 3675 4988 euomi-

441 5014 496 5068 in
551 5029 658 5084 qua
690 5011 852 5068 nobis
893 5013 1035 5069 mala
1080 5013 1198 5068 haec
1241 5023 1571 5080 evenerunt,
1622 5015 1871 5070 invenire
1899 5030 2005 5070 non

2117 5045 2278 5098 μενος
2307 5029 2646 5100 πανταχόθεν
2671 5030 2873 5101 εὑρεῖν.
2905 5030 2964 5084 '0
2989 5030 3086 5100 μὲν
3117 5029 3226 5099 γὰρ
3253 5027 3568 5098 περίϐολος,
3588 5027 3677 5079 τό·

441 5122 688 5178 possum.
741 5106 886 5162 Sane
917 5105 1145 5177 quidem
1189 5105 1432 5161 civitatis
1476 5107 1741 5176 urbisque
1771 5106 2005 5161 ambitus

2114 5120 2286 5183 λεωςο
2315 5121 2375 5173 τὸ
2405 5122 2448 5174 δ’
2485 5122 2542 5174 ὲν
2573 5122 2711 5192 αὐτῇ
2748 5125 2945 5192 στῆσαι
2984 5123 3245 5193 τρόπαιον
3296 5121 3408 5174 ἀπὸ
3444 5119 3553 5173 τῶν
3586 5135 3675 5170 πο-

441 5206 559 5263 est;
599 5199 653 5254 in
685 5215 752 5255 ea
780 5208 962 5256 autem
995 5199 1089 5270 qui
1129 5197 1292 5255 sedes
1317 5200 1554 5255 habeant
1574 5199 1642 5254 de
1665 5199 1880 5254 civibus
1904 5207 2005 5254 tro-

2118 5213 2283 5267 λιτῶν
2307 5215 2435 5277 τοὺς
2471 5214 2786 5284 οἰκήτορας,
2817 5213 2914 5268 καὶ
2940 5213 3276 5267 κεκενῶσθαι
3319 5213 3592 5282 σωμάτων
3629 5209 3679 5262 τὸ

445 5303 622 5356 pusum
655 5289 918 5355 erexisse,
963 5297 1020 5346 et
1051 5289 1380 5360 corporibus
1407 5289 1767 5359 municipium
1809 5304 2009 5344 vacua-

2120 5307 2275 5370 ᾶττυ,
2309 5307 2403 5359 καὶ
2429 5307 2628 5376 Στυγὸς
2655 5308 2747 5361 καὶ
2778 5307 3039 5361 Κωκυτοῦ
3069 5308 3164 5360 καὶ
3191 5305 3497 5376 Βαρϐάρων
3531 5303 3684 5375 χείρω

447 5390 564 5436 tum
587 5397 730 5448 esse,
763 5398 879 5444 eos.
910 5383 1005 5453 qui
1036 5397 1284 5447 evasere,
1310 5381 1473 5453 Styge
1493 5381 1701 5452 pariter
1719 5391 1775 5438 et
1806 5380 2011 5452 Cocyto

1876 5390 2013 5452 ’CY‘O
2119 5400 2248 5463 τοὺς
2281 5399 2622 5470 ἐκφυγόντας
2655 5399 2958 5468 ἀναγκάζει
2996 5398 3200 5470 ταύτην
3231 5398 3440 5452 καλεῖν.

447 5477 611 5540 atque
636 5471 890 5528 Barbaris
919 5472 1249 5529 deteriorem
1295 5472 1466 5542 ipsam
1496 5484 1815 5541 nuncupare
1845 5471 2010 5541 cogit.

518 5560 573 5613 2.
628 5558 673 5615 Ο
705 5572 922 5634 tempus
960 5563 1016 5619 in
1064 5564 1242 5620 lucem
1295 5563 1516 5619 trahens
1568 5561 1788 5628 omnia,
1851 5570 2014 5630 atque

2197 5559 2258 5630 β’.
2287 5563 2349 5614 Ὢ
2370 5561 2546 5616 πάντα
2585 5562 2681 5632 μὲν
2717 5560 2943 5630 φαίνων,
2979 5559 3154 5613 πάντα
3188 5558 3246 5612 δὲ
3277 5557 3537 5629 κρύπτων
3566 5554 3696 5626 χρό’

1951 5671 2183 5730 ΝΟΤίΕ.

527 5783 604 5857 (Ι)
648 5781 873 5850 Trugica
903 5779 1284 5854 comploratio,
1317 5776 1683 5834 Lamentatio.
