3962 6200
186 201 271 265 ιιι
1033 199 1384 261 MONODIA
1423 199 1858 261 OCCISORUM
1892 202 2495 268 TllESSALONIC/E.

3285 209 3394 274 642

186 319 284 379 vo;!
314 316 364 368 Ὤ
401 316 574 368 πᾶσαν
607 314 706 384 μὲν
762 315 1111 383 συγγραφὴν,
1144 315 1326 368 πᾶσαν
1376 313 1435 366 δὲ
1482 314 1698 385 ποίησιν

1804 317 1990 372 omnia
2031 320 2260 388 tegens!
2314 317 2680 386 Ocalamitas,
2709 323 2978 394 quidquid
3033 338 3263 393 usquam
3299 325 3391 379 ιιι.

182 405 492 478 ἀπκρὸψασα
518 406 807 476 συμφοράί
839 406 902 459 Ὢ
925 407 1132 468 πάντας
1164 407 1264 476 μὲν
1289 404 1703 478 διηγουμένους,

183 497 353 559 πάντας
378 496 428 548 δὲ
456 496 826 564 μονῳδοῦντας
845 497 1057 567 σιωπᾷν
1086 493 1476 564 ἀναγκάζουσα
1503 498 1662 567 φήμη
1687 497 1700 549 l

179 590 374 660 Πότερον
394 590 700 659 ἑπαινῶμεν
724 591 848 652 τοὺς
875 591 1045 642 οίκεῖν
1071 588 1337 658 λαχόντας
1360 589 1459 659 τὴν
1485 588 1703 659 χώραν;

189 681 308 738 Ἀλλ’
323 681 464 735 αὐτοῦ
497 682 593 736 καὶ
610 681 738 744 τοὺς
768 687 966 751 φονέας
992 682 1230 752 ὁρῶμεν,
1264 683 1358 735 καὶ
1387 684 1440 736 οι
1458 685 1524 752 τῇ
1547 683 1706 751 φύσει

177 772 358 844 πικρῶς
380 773 606 842 ἔχοντες,
638 771 874 826 ἐνταῦθα
899 774 989 825 τὸν
1011 773 1148 842 πρὸς
1185 771 1357 844 αὐτὴν
1387 773 1706 844 πεπολεμή-

175 883 287 920 κασι
307 864 537 936 πόλεμον.
568 865 731 919 Ἀλλὰ
755 865 1131 936 καταρώμεθα
1159 866 1255 920 καὶ
1291 866 1494 937 μιαρὰν
1524 866 1706 920 καλῶ-

175 975 264 1028 μεν
292 957 374 1027 τὴν
394 955 570 1022 πόλιν;
607 956 750 1010 Ἀλλ’
779 959 811 1026 ἡ
844 958 954 1010 τῶν
989 958 1266 1010 πεσόντων
1297 958 1487 1029 ἁρετὴ,
1524 960 1706 1030 πάσης

170 1049 350 1120 ἀρετῆς
367 1066 414 1102 τε
439 1050 534 1101 καὶ
561 1050 727 1120 εὐχῆς
755 1050 914 1116 ἀξίαν
944 1051 1115 1121 αὐτὴν
1144 1050 1456 1119 ἀποφαίνει.
1479 1050 1573 1114 Τίς
1596 1050 1706 1121 ἄρα

166 1145 226 1214 τῇ
251 1143 338 1212 τῆς
368 1142 561 1204 πόλεως
588 1141 858 1211 ἐϐάσκηνε
881 1140 1041 1215 δόξῃ;
1073 1143 1169 1206 Τίς
1193 1142 1399 1213 ταύτην
1424 1143 1562 1214 αὐτῇ
1599 1161 1704 1214 (ρυ-

163 1234 416 1288 λάττεσθαι
455 1234 602 1304 παρὰ
638 1236 861 1289 πάντων
891 1237 952 1287 οὐ
988 1235 1336 1308 συνεχώρησε
1357 1236 1448 1291 διὰ
1472 1236 1658 1299 τέλους
1685 1253 1701 1302 ;

162 1325 249 1388 Τίς
277 1325 341 1396 μὴ
370 1324 492 1397 πρὸς
531 1329 598 1396 τῇ
639 1326 825 1398 σοφίᾳ.
856 1329 950 1381 καὶ
983 1330 1050 1398 τῇ
1085 1327 1469 1400 φιλανθρωπίᾳ
1498 1329 1702 1396 ταύτην

159 1419 326 1488 ἀφῆκε
356 1419 744 1490 φιλοτιμεῖσθαι
766 1420 900 1486 ;-Τίς
934 1423 1046 1486 τοῖς
1085 1422 1336 1492 ὑστέροις
1380 1423 1602 1493 συνέχεε
1635 1423 1706 1477 τὰ

159 1512 405 1582 πρότερα;
439 1513 518 1566 Τὰ
578 1514 680 1583 μὲν
731 1515 839 1586 γὰρ
896 1515 1004 1586 πρὸ
1033 1514 1143 1569 τῶν
1181 1515 1549 1587 τολμημάτων
1580 1517 1704 1571 τού-

152 1622 253 1658 των
291 1607 373 1658 καὶ
396 1607 484 1676 τῆς
511 1607 766 1677 σχετλίας
793 1609 1031 1681 ἡμέρας,
1067 1608 1152 1672 τίς
1178 1609 1322 1663 οὕτω
1351 1610 1530 1679 λόγοις
1563 1610 1702 1664 πάν-

1789 406 2109 474 ,ειοιίατιιιιι
2138 410 2513 467 monumentis
2534 411 2812 482 proditum
2827 425 2934 480 est,
2967 414 3236 486 quidquid
3261 431 3394 486 ροσε

1813 505 1995 552 tarum
2043 496 2246 553 fabulis
2289 501 2633 558 celebratum
2663 544 2678 567 ,
2730 505 2970 561 obscuro
2992 507 3295 562 damnans!
3345 508 3392 566 Ο

1811 600 2021 651 rumor,
2073 602 2108 642 o
2158 587 2325 653 fama,
2379 593 2630 647 omnium
2676 595 2772 664 qui
2804 598 3178 652 narrationem
3229 598 3392 653 insti-

1812 687 1989 746 tuant,
2014 680 2373 752 omniumque
2396 683 2646 740 funestos
2675 702 2838 742 casus
2875 689 3077 759 tragice
3101 690 3394 761 deploran-

1813 770 1953 825 tium
1979 785 2076 826 ora
2103 772 2271 829 silere
2316 777 2634 832 necessario
2671 783 2968 848 praestans!
3004 782 3391 838 Laudemusnc

1811 863 2054 934 regionis
2082 864 2327 921 incolas?
2373 869 2445 922 At
2502 868 2558 922 in
2600 884 2669 924 ea
2731 879 2790 927 et
2823 873 3056 929 sicarios
3100 875 3387 931 videmus:

1808 956 2270 1028 amarulentoque
2307 958 2561 1016 homines
2591 961 2778 1017 animo
2805 979 2870 1019 ac
2890 965 3131 1036 ingenio,
3181 968 3272 1024 hic
3291 967 3390 1023 ad-

1808 1063 2005 1106 versus
2037 1066 2159 1106 eam
2215 1067 2454 1123 pugnam
2506 1055 2923 1112 commiserunt.
2969 1058 3184 1115 Dirisne
3218 1060 3389 1115 devo-

1809 1157 2075 1208 veamus,
2129 1143 2434 1213 urbemque
2498 1147 2770 1216 impuram
2822 1164 2887 1204 ac
2943 1151 3388 1208 scelestissimam

1807 1235 2090 1291 dicamus?
2119 1237 2438 1304 Enimvero,
2485 1255 2678 1294 eorum
2708 1240 2803 1311 qui
2836 1243 3159 1298 ceciderunt
3187 1245 3386 1312 virtus,

1807 1330 1959 1384 omni
1997 1343 2121 1384 eam
2161 1329 2368 1384 virtute
2399 1370 2415 1396 ,
2463 1331 2766 1403 faustisque
2816 1333 3034 1405 dignam
3085 1335 3388 1403 ominibus,

1807 1421 2072 1478 ostendit.
2129 1422 2396 1489 Quisnam
2448 1424 2619 1496 igitur
2665 1426 2821 1481 urbis
2866 1427 3101 1482 claritati
3157 1428 3392 1485 invidit?

1805 1515 1940 1582 Quis
1968 1531 2089 1574 eam
2117 1531 2177 1571 se
2207 1517 2312 1571 sibi
2359 1517 2413 1571 in
2445 1517 2610 1573 linem
2645 1534 2818 1588 usque
2860 1520 2928 1575 ab
2960 1521 3222 1576 omnibus
3271 1538 3390 1577 ser-
3481 1524 3489 1554 ί

1804 1625 1937 1665 vare
1969 1626 2078 1665 non
2109 1611 2280 1665 sivit?
2307 1610 2442 1676 Quis
2471 1619 2673 1682 praeter
2705 1613 3056 1682 sapientiam,
3091 1615 3256 1670 etiam
3288 1615 3392 1670 hu-

152 1715 246 1761 τις
293 1697 462 1760 νικῶν,
495 1700 646 1763 ὅστις
694 1699 760 1753 ἂν
815 1696 927 1764 οἷός
973 1701 1022 1754 τ’
1071 1701 1292 1769 ἐγένετο
1342 1701 1698 1773 διηγούμενος

1805 1701 2089 1756 manitatis
2120 1702 2283 1758 laude
2327 1717 2449 1757 eam
2483 1703 2776 1773 splendere
2812 1720 2923 1760 non
2968 1705 3222 1760 dimisit?
3255 1705 3390 1773 Quis

147 1789 412 1859 ἐφικέσθαι
440 1791 666 1861 μέγεθος
705 1793 823 1863 μὲν,
860 1792 990 1846 ὥστ’
1021 1793 1226 1860 ἐξεῖναι
1253 1797 1374 1856 ταῖς
1410 1795 1698 1865 μεγίσταις

144 1886 308 1955 αὐτὴν
332 1883 692 1956 παραϐάλλειν
709 1901 723 1916 ·
763 1885 914 1939 θέσιν
935 1886 994 1939 δὲ
1018 1885 1116 1957 τὴν
1139 1887 1434 1958 καλλίστην
1464 1886 1581 1958 ἅμα
1605 1887 1699 1940 καὶ

143 1978 528 2049 ὑγιεινοτάτην·
564 1979 798 2050 καρπῶν
829 1996 889 2032 τε
923 1981 1118 2051 φορὰν,
1155 1980 1250 2033 καὶ
1272 1958 1366 2034 si»;
1396 1983 1498 2052 τῆς
1527 1980 1700 2049 Αίγύ-

141 2086 269 2122 πτου
318 2069 463 2124 τόκον
500 2070 742 2124 νικῶσαν
769 2087 783 2136 ;
817 2069 944 2123 Νεὼ
971 2071 1029 2124 δὲ
1057 2071 1152 2124 καὶ
1192 2071 1338 2141 ἱερὰ,
1377 2071 1486 2124 τῶν
1519 2072 1697 2124 ἀπαν-

137 2163 298 2234 ταχοῦ
326 2162 577 2220 κάλλιστά
610 2181 668 2217 τε
727 2163 824 2218 καὶ
857 2162 1170 2232 ἁγιώτατα,
1214 2163 1454 2218 τοσαῦτα
1502 2165 1596 2218 καὶ
1637 2162 1699 2216 τὸ

137 2258 360 2328 μέγεθος
386 2257 476 2310 καὶ
503 2257 568 2309 τὸ
595 2256 820 2326 πλῆθος,
844 2256 974 2310 ὥστ’
997 2259 1099 2310 οὐκ
1117 2252 1257 2311 εἶναι
1283 2255 1489 2310 τούτων
1513 2256 1699 2312 ἄλλοθι

133 2349 414 2415 τοσούτοις,
465 2347 592 2404 οὔτε
645 2350 892 2419 μείζοσιν
937 2347 1066 2402 οὔτε
1129 2349 1373 2403 πλείοσιν
1427 2350 1692 2419 ἐντυχεῖν·

129 2443 303 2513 ἀγορά
336 2459 389 2495 τε
429 2442 554 2505 τοὺς
610 2442 669 2508 ἐξ
709 2441 930 2511 ἁπάσης
993 2442 1098 2512 γῆς
1152 2441 1544 2511 ὑποδεχομένη,
1600 2441 1698 2495 καὶ

126 2540 254 2600 τοὺς
295 2536 586 2600 συνιόντας,
611 2528 673 2587 οὗ
714 2537 816 2605 γῆς
853 2529 963 2593 εἷεν
1003 2536 1234 2605 ἀπορεῖν
1277 2533 1693 2600 ἀναγκάζουσα·

124 2628 214 2700 ῙΡ.
239 2628 362 2698 386]
397 2627 534 2681 οὕτω
557 2626 756 2681 ταυτὸν
795 2623 863 2698 ἦν
899 2627 1116 2695 ἐκείνην
1155 2643 1212 2678 τε
1249 2626 1438 2688 οἰκεῖν,
1469 2629 1559 2679 καὶ
1592 2627 1700 2680 πά-

125 2740 246 2784 σιις
277 2723 389 2791 ἅμα
421 2723 698 2791 παρεῖναι.
731 2719 974 2790 Λιμένας
1001 2719 1057 2771 δὲ
1075 2718 1262 2772 πολλοὶ
1284 2719 1383 2788 μὲν
1406 2719 1694 2790 ἐπῄνεσαν·

122 2814 224 2866 ὁδ’
288 2813 516 2867 ἐνταῦθα
573 2815 792 2866 πάντων
847 2811 912 2866 ἂν
968 2812 1195 2875 δικαίως
1235 2811 1484 2880 ἐνίκησεν
1549 2805 1692 2864 εἶναι

119 2908 487 2978 παράδειγμα,
511 2907 538 2959 ό
569 2905 730 2968 αὐτὸς
791 2906 912 2959 ἀντὶ
960 2904 1169 2968 πόλεως
1202 2922 1259 2957 τε
1298 2904 1375 2957 ὢν
1425 2905 1520 2957 καὶ
1547 2904 1700 2974 λιμέ-

118 3017 229 3064 νος,
292 3000 384 3052 καὶ
418 2999 517 3070 τὴν
546 2997 701 3052 πόλιν
727 2999 828 3050 οὐκ
856 2999 933 3060 είς
974 2995 1072 3067 τὴν
1103 2997 1375 3050 θάλατταν
1423 2997 1697 3066 λήγουσαν

114 3067 512 3163 παρεχόμενος,
547 3090 660 3146 ἀλλ’
692 3091 773 3154 είς
802 3091 957 3156 πόλιν
983 3089 1197 3160 ἑτέραν.
1251 3088 1409 3142 Οὕτω
1451 3089 1702 3158 σεμνότε-
1729 3067 1772 3126 c

110 3205 211 3259 ρον
239 3188 334 3240 καὶ
360 3185 471 3242 τῶν
500 3185 822 3248 Βαϐυλῶνος
862 3185 1193 3254 ἐτετείχιστο
1236 3182 1559 3252 περιϐόλων.
1587 3183 1702 3236 Μέ-

106 3301 298 3352 γιστος
331 3283 384 3336 δὲ
411 3282 486 3335 ὣν
512 3276 588 3336 ὧν
620 3285 780 3352 ίσμεν
808 3281 1064 3351 λιμένων,
1106 3280 1370 3351 μεγίστην
1396 3277 1699 3349 παρέχεται

103 3377 214 3448 τὴν
249 3375 573 3444 ἀσφάλειαν,
618 3375 715 3428 καὶ
761 3375 862 3445 τὴν
892 3374 1049 3426 πόλιν
1075 3368 1187 3425 οἷον
1215 3372 1276 3426 ὲν
1300 3371 1571 3440 ἀγκάλαις
1595 3386 1694 3422 πε⁸

103 3470 480 3542 ριλαμὸάνων,
533 3467 815 3538 συμφῦναι
845 3468 997 3520 δοκεῖ
1047 3465 1300 3520 σπεύδειν
1350 3466 1511 3535 αὐτῇ.
1536 3465 1609 3517 Τὸ
1637 3465 1694 3518 δὲ

97 3567 228 3618 ὅλον
252 3563 445 3632 σχῆμα
505 3561 606 3630 τῆς
659 3560 870 3624 πόλεως
905 3559 1060 3623 τίνος.
1083 3560 1183 3630 μὲν
1207 3559 1310 3612 οὐκ
1347 3558 1416 3613 ἂν
1447 3558 1698 3628 ἐκοίμισε

95 3661 320 3728 λύπηνς
351 3659 492 3712 Τίνα
519 3657 576 3708 δὲ
607 3655 710 3708 οὐκ
735 3655 802 3708 ἂν
831 3655 1094 3708 νοσοῦντα
1132 3650 1612 3724 ἁνὼρθωσε;Τίνα
1640 3648 1697 3702 δὲ

93 3751 206 3802 οὐκ
232 3750 298 3801 ἂν
341 3748 494 3813 ξένον
517 3746 702 3800 ἔπεισε
729 3746 945 3814 καὶτῆς
965 3743 1218 3815 audciam;
1253 3742 1642 3808 ὲπιλαθέσθαι;

1804 1793 1895 1860 iis,
1930 1810 2053 1864 qua:
2095 1805 2283 1852 secuta
2318 1803 2470 1860 sunt,
2516 1796 2704 1866 priora
2738 1797 3035 1853 confudit?
3081 1797 3213 1865 Quae
3241 1799 3389 1854 enim

1800 1888 2222 1944 scelestissimos
2243 1904 2413 1944 ausus
2434 1888 2539 1945 bos
2567 1897 2624 1944 et
2651 1890 3023 1945 miserabilem
3055 1892 3200 1947 diem
3233 1903 3391 1947 ante-

1800 1996 2041 2047 cessere,
2099 1982 2224 2052 quis
2267 1990 2419 2038 tanta
2451 1982 2786 2052 eloquentia:
2827 1982 2882 2037 vi
2909 1981 3128 2040 cunctis
3155 1986 3386 2052 eminet,

1800 2084 1862 2132 ut
1887 2076 2104 2146 assequi
2136 2075 2320 2131 verbis
2350 2074 2627 2131 sulliciat?
2659 2075 2980 2146 Magnitudo
3014 2083 3183 2142 tanta,
3227 2085 3291 2132 ut
3321 2092 3386 2131 ea

1801 2184 1928 2224 cum
1953 2168 2206 2223 maximis
2234 2168 2468 2224 urbibus
2510 2167 2771 2239 componi
2795 2169 2994 2224 merito
3017 2165 3210 2240 possit.
3256 2168 3388 2224 Loci

1800 2260 1942 2315 situs
1993 2261 2406 2330 pulcherrimus
2449 2259 2614 2315 simul
2668 2270 2726 2315 et
2771 2260 3212 2326 saluberrimus;
3267 2260 3388 2315 fru-

1800 2362 1988 2407 ctuum
2023 2352 2458 2422 proventus,qui
2483 2360 2540 2408 et
2564 2352 2781 2423 Egypti
2805 2353 3152 2409 feracitatem
3182 2353 3390 2408 vincat.

1801 2445 2027 2515 Templa
2082 2461 2146 2500 ac
2180 2460 2352 2500 sacra:
2381 2445 2550 2510 aedes,
2603 2453 2754 2499 tanta
2791 2444 3174 2515 magnitudine
3203 2445 3393 2516 sicque

1801 2553 2148 2602 numerosae,
2207 2545 2269 2592 ut
2330 2537 2486 2591 nullo
2523 2552 2755 2607 usquam
2807 2537 2929 2590 loco
2963 2538 3020 2590 in
3088 2543 3269 2590 tantas
3297 2543 3394 2590 aut

1802 2631 2037 2700 majores
2084 2629 2342 2699 pluresve
2395 2628 2644 2684 incidere
2679 2629 2866 2684 liceat.
2916 2627 3120 2683 Forum
3147 2626 3300 2682 omni
3317 2641 3388 2682 ex

1803 2730 1950 2775 terra
1977 2720 2266 2775 venientes
2295 2721 2624 2791 suscipiens,
2665 2719 2848 2794 aequi
2876 2719 3264 2775 convenissent
3295 2718 3390 2774 ubi

1800 2822 2084 2867 terrarum
2119 2823 2308 2867 essent
2357 2814 2640 2885 ambigere
2696 2829 2944 2883 cogens:
2971 2813 3053 2867 sic
3089 2812 3237 2866 idem
3270 2822 3391 2868 erat

1802 2905 1858 2959 in
1889 2919 1954 2959 ea
1989 2905 2226 2974 degere,
2273 2920 2338 2960 ac
2384 2906 2604 2961 cunctis
2657 2906 2824 2962 simul
2875 2904 3039 2960 terris
3097 2905 3390 2975 praesentia

1806 2999 2023 3056 adesse.
2079 2999 2234 3054 Multi
2272 3006 2402 3054 sunt
2441 2999 2534 3068 qui
2566 3009 2762 3068 portus
2795 2998 3392 3063 laudavere;'l‘hessa-

1808 3089 2174 3145 lonicensium
2204 3100 2390 3145 autem
2415 3090 2663 3144 omnium
2687 3090 2886 3144 merito
2917 3090 3200 3159 exemplar
3223 3089 3393 3145 evicit

1807 3197 1952 3249 esse,
1983 3183 2129 3238 idem
2163 3183 2280 3251 ipse
2318 3191 2375 3236 et
2420 3181 2598 3247 urbis,
2651 3190 2707 3236 et
2752 3191 2944 3250 portus
2964 3183 3142 3236 vicem
3171 3197 3391 3253 gerens,

1807 3276 1964 3346 cujus
2003 3289 2235 3328 munere
2279 3274 2415 3328 urbs
2466 3288 2579 3328 non
2622 3273 2688 3327 ad
2726 3287 2878 3327 mare
2928 3273 3167 3336 desinat,
3198 3272 3296 3326 sed
3321 3271 3392 3326 ad

1805 3367 1999 3421 urbem
2029 3367 2284 3421 alteram.
2337 3366 2431 3421 Sic
2455 3375 2514 3420 et
2536 3381 2648 3434 prae
2672 3365 2950 3437 Babylone
2976 3365 3264 3436 augustior
3294 3380 3388 3420 se-

1800 3467 1960 3527 ptus:
1997 3471 2234 3524 cumque
2266 3457 2536 3521 omnium,
2569 3470 2714 3525 quos
2735 3456 3075 3518 noverimus,
3103 3464 3297 3523 portus
3321 3453 3392 3507 sit

1803 3550 2090 3611 maximus,
2121 3548 2414 3602 maximam
2447 3547 2806 3603 securitatem
2827 3546 3056 3617 prabet,
3081 3545 3394 3615 urbemque

1803 3645 1960 3714 quasi
2015 3642 2260 3697 brachiis
2317 3642 2668 3710 astringens,
2751 3641 3008 3710 uinisque
3052 3639 3284 3704 fovens,
3338 3637 3395 3692 ei

1805 3737 1957 3792 velut
1977 3735 2289 3791 coalescere
2311 3734 2446 3788 eniti
2477 3733 2718 3787 videtur.
2763 3732 2936 3787 Urbis
2963 3731 3146 3786 cunnis
3178 3729 3399 3800 species

92 3844 260 3913 cujus
285 3857 403 3898 non
434 3836 602 3896 animi
634 3838 882 3895 dolorem
918 3836 1164 3892 sedarit?
1195 3836 1374 3902 Quem
1390 3848 1538 3904 aegro
1570 3843 1802 3902 corpore
1864 3841 1975 3882 non
2028 3815 2226 3880 senum
2272 3823 2625 3878 reddiderit?
2696 3822 2798 3876 Cui
2834 3833 3100 3878 extraneo
3159 3835 3277 3875 non
3335 3824 3396 3871 et

92 3934 296 4004 patria:
319 3931 639 4000 donmsqne.
662 3927 999 3984 oblivione-tn
1028 3925 1260 3980 fecerit?

162 4033 242 4097 γ’.
293 4025 466 4083 Ἀλλὰ
491 4031 598 4096 μὴν
623 4026 722 4093 τήν
778 4038 842 4090 γε
869 4021 970 4091 τῆς
999 4018 1209 4081 πόλεως
1254 4015 1559 4079 εὐσέϐειαν,
1598 4011 1698 4067 καὶ

81 4121 193 4191 τὴν
220 4119 358 4189 περὶ
391 4118 488 4172 τὸν
521 4116 653 4171 Θεὸν
678 4114 995 4187 θεραπείαν,
1039 4112 1246 4183 βέλτιον
1277 4109 1346 4164 ἄν
1369 4126 1453 4172 τις
1473 4104 1696 4160 σιωπῶν

83 4215 116 4283 ἦ
159 4213 561 4283 φθεγγόμενος
595 4208 890 4274 ἐνδείξαιτο
915 4209 1028 4268 τοῖς
1059 4203 1380 4259 ἁκούουσιν.
1416 4200 1562 4252 Ἐκεῖ
1586 4197 1696 4268 γὰρ

75 4307 288 4358 tamet
330 4303 441 4371 μὲν
461 4301 565 4355 οὐκ
603 4302 710 4354 εἰσὶ
757 4299 941 4369 καιροὶ
989 4299 1102 4359 τοῖς
1145 4294 1404 4359 εξιξασϐαι
1437 4290 1696 4362 βουλομέο

73 4411 218 4457 νοις,
247 4391 403 4448 ἀλλὰ
440 4391 550 4446 τῶν
610 4390 769 4460 ἱερῶν
820 4391 918 4442 καὶ⁸
969 4388 1194 4457 νύκτωρ.
1232 4387 1329 4440 καὶ
1373 4385 1696 4456 μεθημέραν

65 4484 478 4558 ἀνεῳγμένων
509 4521 526 4546 .
579 4456 758 4547 ἔξεστι
811 4481 1055 4552 πληροῦν
1103 4456 1203 4544 τὰς
1248 4480 1414 4547 εὐχὰς
1443 4480 1539 4532 καὶ
1564 4477 1698 4549 Οαρ-
1728 4456 1772 4510 D

65 4580 199 4647 ῥεῖν
260 4578 412 4648 περὶ
475 4570 556 4632 ὧν
607 4591 691 4640 τις
745 4575 1072 4648 δεησόμενος
1125 4569 1283 4644 ἧκεν.
1322 4571 1399 4626 "H
1425 4588 1486 4624 τε
1537 4570 1700 4641 λοιπὴ

61 4670 216 4740 περὶ
247 4669 328 4724 τὰ
360 4666 602 4724 τοιαῦτα
634 4666 915 4737 φιλοτιμία
936 4682 1000 4720 τε
1033 4665 1128 4719 καὶ
1152 4660 1382 4730 σπουδὴ,
1415 4658 1703 4731 ἀναθημά-

1869 4006 2068 4076 6οοα
2086 4003 2140 4056 ὅ.
2165 4000 2388 4056 Atenim
2420 3999 2578 4054 urbis
2607 3998 2892 4068 pietatem,
2941 4016 3006 4055 ac
3049 4016 3179 4072 erga
3212 4002 3385 4060 Deum

1801 4105 2036 4166 cultum,
2055 4100 2256 4156 melius
2277 4097 2557 4169 quispiam
2583 4097 2829 4161 silentio,
2861 4111 3026 4166 quam
3049 4111 3305 4151 sermone
3325 4111 3391 4152 ac

1801 4196 2023 4266 eloquio
2043 4193 2397 4256 auditoribus
2415 4189 2801 4245 insinuaverit.
2821 4189 2979 4244 Nulla
3003 4189 3080 4242 ibi
3098 4197 3236 4244 stata
3255 4199 3393 4244 tem-

1802 4304 1958 4360 pora,
1977 4287 2046 4341 iis
2075 4285 2172 4357 qui
2203 4285 2376 4340 velint
2395 4283 2716 4354 precatione
2745 4281 2992 4351 defungi,
3016 4282 3113 4336 sed
3145 4289 3202 4336 et
3221 4290 3391 4337 noctu

1801 4393 1964 4452 atque
1992 4381 2240 4436 interdiu
2273 4377 2535 4433 reseratis
2563 4376 2739 4431 sacris
2785 4375 3020 4440 aedibus,
3071 4374 3392 4445 precesim-

1802 4477 1953 4547 plere
1998 4474 2149 4537 licet,
2219 4489 2283 4528 ac
2331 4471 2611 4527 conlidere
2643 4471 2711 4525 de
2739 4470 2944 4540 quibus
2978 4469 3106 4539 quis
3130 4479 3393 4524 oraturus

1798 4568 1970 4622 venit.
2016 4566 2250 4636 Reliqua
2283 4566 2415 4621 item
2446 4564 2504 4618 in
2544 4563 2818 4635 ejusmodi
2856 4560 3270 4633 magniﬁcentia
3307 4571 3391 4616 at-

1797 4679 1904 4736 que
1930 4676 2115 4733 opera,
2140 4660 2372 4730 pulchra
2397 4658 2650 4723 donaria,
2669 4664 3040 4728 proventuum
3067 4655 3390 4719 multitudo,

53 4776 190 4812 των
227 4759 436 4828 κάλλη
467 4758 565 4812 καὶ
600 4757 802 4827 πλῆθος
852 4757 1153 4827 προσόδων,
1212 4751 1308 4807 καὶ
1359 4752 1698 4820 παννυχίδων

1804 4760 1951 4829 iuges
1991 4764 2164 4811 noctu
2212 4753 2431 4825 vigilias,
2493 4763 2784 4808 cantorum
2836 4748 3142 4811 illecebm,
3195 4763 3261 4803 ac
3290 4763 3392 4818 per

51 4853 382 4921 συνέχεια,
418 4852 521 4906 καὶ
547 4853 601 4906 αί
631 4850 740 4906 τῶν
769 4851 1007 4922 ᾀδόντων
1033 4850 1244 4916 ευγγες,
1271 4845 1370 4904 καὶ
1394 4848 1428 4916 ἡ
1453 4845 1542 4900 διὰ
1564 4844 1701 4898 πάν-

43 4962 184 4997 των
225 4945 452 5015 ὥσπερ
493 4946 552 4998 ἐν
583 4947 819 5014 μουσικῇ
869 4941 1130 5011 ὁμολογία
1160 4943 1260 4996 καὶ
1315 4939 1488 5006 τάξις,
1534 4935 1695 4990 ταυτὶ

35 5039 103 5089 δὲ
147 5037 402 5108 βέλτιον
460 5039 706 5109 παρόντα
753 5038 887 5108 ὀρᾷν
916 5037 1026 5089 καὶ.
1058 5035 1358 5107 πειρᾶσθαι
1409 5045 1701 5099 καταμανιο

33 5129 264 5184 θάνεν)
305 5129 612 5200 γινόμενα.
649 5130 759 5183 Καὶ
795 5129 900 5199 μὴν
957 5129 1054 5181 καὶ
1099 5126 1291 5196 μισθὸν
1322 5125 1506 5187 αὐτοῖς
1547 5120 1696 5178 οὗτοι

33 5221 286 5289 φαῦλον
323 5223 443 5294 τῆς
499 5221 784 5284 εὐσεῦείας
813 5222 1032 5293 ὁρῶμεν
1053 5237 1066 5250 ·
1091 5219 1206 5272 ἀλλ’
1245 5219 1305 5271 ὃν
1338 5218 1405 5271 ἂν
1437 5233 1522 5278 τις
1547 5213 1700 5282 αὐτῷ

24 5331 100 5379 ἴε
139 5314 189 5382 ἦ
219 5315 433 5383 φίλοις
507 5313 853 5382 συνεύξαιτο·
896 5312 1224 5383 πολιορκιῶν
1253 5327 1314 5364 τε
1361 5309 1564 5371 λύσεις,
1605 5305 1706 5359 καὶ.

24 5406 250 5476 λιμνῶν
289 5407 600 5479 βοηθείας,
636 5409 730 5461 καὶ
760 5407 1084 5476 νοσημάτων
1135 5405 1200 5475 δὴ
1230 5401 1529 5474 θεραπείας
1569 5400 1694 5453 ὲπι-

1799 4849 1988 4904 omnia
2018 4847 2172 4902 velut
2216 4847 2274 4900 in
2322 4844 2531 4900 musica
2577 4849 2889 4898 concentus
2908 4840 3196 4911 ordoque;
3243 4839 3388 4898 haec.

1804 4939 2052 5008 inquam,
2080 4943 2324 5006 praestat;
2348 4934 2444 5004 qui
2475 4935 2548 4989 sit
2571 4947 2833 5004 prmsens,
2857 4932 3071 4995 videre,
3105 4947 3170 4986 ac
3196 4929 3388 4986 conari

1803 5046 1992 5088 rerum
2020 5030 2141 5100 ipsa
2172 5026 2514 5083 exhibitione
2540 5026 2882 5082 condiscere.
2913 5025 3081 5095 Atqui
3103 5039 3210 5079 nec
3230 5039 3390 5092 sper-

1802 5123 2044 5181 nendam
2067 5120 2292 5193 pietatis
2325 5118 2640 5176 mercedem
2672 5118 2887 5176 civitati
2925 5116 3182 5172 videmus
3198 5129 3390 5169 seces-

1801 5217 1964 5280 sisse,
1991 5229 2058 5268 ac
2087 5228 2258 5282 quam
2284 5211 2394 5266 sibi
2419 5209 2544 5279 quis
2563 5208 2762 5264 merito
2791 5214 3194 5275 eompreeetun,
3211 5203 3388 5273 iisque

1801 5323 1941 5378 quos
1998 5305 2342 5362 necessarios
2420 5301 2700 5367 habebat;
2773 5298 2991 5354 solutas
3047 5295 3387 5362 obsidiones,

1802 5400 1970 5455 famis
2003 5398 2222 5464 solatia,
2259 5394 2680 5452 adventantium
2729 5389 2991 5462 depulsos
3023 5389 3256 5446 morbos.
3284 5388 3386 5461 (Ξ),

1627 5488 1862 5548 ΒΟΤᾸΕ.

105 5597 218 5667 (Ξ)
273 5599 433 5658 Βεο
469 5600 750 5670 praecipue
789 5599 843 5654 in
868 5597 992 5658 Vita
1023 5595 1288 5672 Demetrii
1308 5594 1428 5672 inse
1453 5592 1696 5672 digesta;

23 5665 296 5740 [utet
383 5665 732 5728 ornamento
801 5679 990 5725 essent
1048 5666 1114 5719 ad
1170 5665 1408 5719 Manritii
1463 5665 1689 5718 circiter

1812 5600 2092 5659 tempora,
2139 5604 2204 5643 ac
2239 5585 2444 5658 Illyrici
2480 5583 2660 5650 bella;
2711 5593 3043 5652 possemque
3082 5591 3390 5649 reptantem

1803 5670 1941 5719 tarc.
