3962 6200
514 242 620 306 643

1787 241 2165 304 DEMETRII
2200 211 2507 301 c'vDoNu

3686 237 3783 301 (ΞΗ

511 367 705 423 regum
734 366 901 407 neces
926 352 1220 408 instructis
1247 352 1422 423 copiis
1459 349 1871 415 adorientium;
1916 352 1974 404 in
2018 348 2100 402 fu-

2219 350 2538 419 ῖημούντων,
2575 351 2790 419 σφαγάς
2820 367 2878 403 τε
2909 348 3172 420 βασιλέων
3229 348 3416 411 αὐτοῖς
3444 348 3786 420 στρατεύμα-

513 455 699 501 turum
726 446 971 510 oracula,
1018 445 1190 500 Unam
1214 446 1348 515 fore,
1384 460 1503 516 quae
1547 447 1602 499 in
1639 444 1907 497 communi
1942 442 2096 495 clade

511 555 576 595 ac
600 540 847 593 vastitate
884 538 1159 592 incolumis
1180 546 1440 592 servetur.
1483 536 1711 591 Confert
1741 550 1876 591 vero
1904 535 2100 589 istius-

512 630 662 686 modi
692 645 911 699 quoque
934 628 1149 693 usibus,
1172 629 1268 697 qui
1286 636 1343 682 et
1375 627 1695 682 universum
1720 626 1911 680 orbem
1938 624 2098 678 habi-

516 721 738 775 tabilem
821 719 1259 788 universumque
1347 716 1768 771 inhabitabilem
1830 712 2101 768 miraculo

517 818 685 872 tenet,
720 808 775 863 in
815 809 992 862 media
1022 807 1157 862 urbe
1180 808 1338 872 situs,
1369 815 1535 876 atque
1557 806 1625 859 ad
1652 820 1709 859 se
1734 804 2103 873 undequaque

514 911 759 955 extrema
784 915 1007 970 cogens,
1058 908 1172 953 tum
1206 900 1323 968 ipse
1351 899 1475 955 urbi
1497 907 1767 962 servator,
1814 905 1928 950 tum
1962 895 2101 949 civi-

515 994 619 1049 bus
654 992 980 1047 conciliator
1004 1002 1169 1061 atque
1199 991 1265 1045 ad
1298 992 1472 1045 Deum
1512 990 1872 1044 intercessor.
1912 990 2107 1058 Neque

519 1086 570 1140 id
596 1086 797 1149 solum,
844 1084 937 1139 sed
987 1094 1045 1139 et
1088 1084 1184 1154 qui
1220 1085 1585 1153 imperatores
1615 1082 1863 1152 placidos
1888 1079 2101 1136 civitati

520 1179 735 1242 reddat,
790 1193 915 1232 cum
964 1178 1018 1231 in
1050 1178 1300 1247 reliquis,
1337 1187 1451 1231 tum
1480 1186 1542 1230 ut
1571 1175 1863 1245 oppidanis
1911 1174 2103 1228 remit-

521 1282 640 1326 tant
673 1272 917 1335 tributa;
955 1271 1119 1340 inque
1160 1270 1407 1325 externis
1443 1285 1508 1323 ac
1545 1268 1913 1322 Barbarorum
1945 1266 2105 1322 bellis

521 1366 637 1436 ipse
667 1366 863 1421 ducem
897 1374 1042 1435 agat,
1100 1364 1559 1433 tremendumque
1607 1362 1914 1432 majoribus
1942 1362 2104 1430 longe

519 1460 695 1529 copiis
720 1469 781 1513 ut
807 1459 1075 1513 adversus
1102 1457 1380 1511 civitatem
1406 1470 1557 1508 arma
1587 1462 1864 1518 moveant,
1883 1451 2105 1507 efﬁciat.

520 1549 613 1604 Sic
676 1550 939 1603 nimirum
993 1556 1211 1602 exstare
1278 1546 1475 1601 urbem
1540 1558 1836 1598 commune
1888 1541 2106 1612 pietatis

519 1644 798 1712 exemplar
834 1642 961 1712 quis
997 1641 1220 1696 dixerit.

2207 458 2293 494 σιν
2326 444 2612 506 ἐπιόντων,
2660 447 2755 497 καὶ
2792 443 3076 513 χρησμοὺς
3128 443 3207 505 είς
3234 443 3297 494 τὸ
3334 441 3548 511 μέλλον,
3586 444 3790 507 Μόνην

2206 533 2521 587 ἀνάλωτον
2542 535 2611 587 ἐν
2638 534 2711 602 τῇ
2742 534 2915 603 κοινῇ
2936 535 3463 602 περισωθήσεσθαι
3491 534 3789 603 συμφορᾷ.

2208 628 2471 699 Συνεργεῖ
2498 628 2553 681 δὲ
2582 629 2717 700 πρὸς
2767 628 2871 691 τὰς
2923 626 3184 691 τοιαύτας
3210 628 3403 698 χρείας
3453 628 3617 698 αὐτῇ,
3651 630 3744 681 καὶ
3780 634 3803 682 ὁ

2210 723 2392 775 πᾶσαν
2424 721 2522 791 μὲν
2545 721 2643 791 τὴν
2691 720 3040 790 οἰκουμένην,
3091 722 3275 772 πᾶσαν
3307 720 3362 773 δὲ
3402 720 3501 789 τὴν
3542 720 3805 790 ἀοίκητον

2207 814 2287 883 τῷ
2318 812 2557 883 θαύματι
2591 813 2903 883 κατασχὼν,
2943 812 2999 875 ὃς
3032 814 3089 866 ἐν
3135 812 3274 882 μέσῃ
3311 814 3376 881 τῇ
3423 811 3577 865 πόλει
3611 812 3776 880 κείμε

2210 926 2322 973 νος,
2358 908 2615 979 καὶπρὸς
2650 908 2818 960 αὑτὸν
2844 907 2913 959 τὰ
2969 906 3308 976 πανταχόθεν
3337 906 3485 976 ἄκρα
3530 904 3805 973 συνάγων.

2210 1003 2277 1071 τῇ
2306 1016 2364 1051 τε
2400 1000 2553 1052 πόλει
2595 1000 2778 1070 σωτὴρ
2807 997 3141 1068 διαλλακτής
3166 1014 3226 1050 τε
3264 998 3378 1059 τοῖς
3426 996 3683 1059 πολίταις
3714 998 3804 1048 καὶ

2212 1090 2557 1161 πρεσϐευτὴς
2587 1090 2657 1143 τὰ
2692 1090 2829 1161 πρὸς
2860 1089 3017 1143 Θεόν.
3052 1089 3131 1142 Οὐ
3160 1086 3322 1140 τοῦτο
3360 1087 3416 1140 δὲ
3449 1087 3640 1157 μόνον,
3672 1086 3803 1140 ἀλλὰ

2211 1183 2307 1237 καὶ
2334 1182 2590 1253 βασιλέας
2642 1183 2742 1251 μὲν
2794 1182 3039 1251 ἡμέρους
3084 1182 3152 1250 τῇ
3201 1178 3447 1250 πολιτείᾳ
3480 1178 3801 1246 καθίστησι,

2211 1274 2280 1326 τά
2315 1290 2375 1327 τε
2405 1273 2542 1327 ἄλλα
2582 1273 2679 1326 καὶ⁸
2708 1272 2777 1325 τὰ
2817 1272 2926 1326 τῶν
2958 1273 3145 1342 φόρων
3165 1271 3417 1333 ἀνιέντας
3439 1271 3508 1339 τῇ
3543 1270 3724 1333 πόλει,
3751 1269 3803 1321 ἓν

2212 1382 2273 1417 τε
2302 1367 2414 1428 τοῖς
2442 1367 2579 1436 πρὸς
2610 1366 2739 1428 τοὺς
2768 1365 2873 1430 ἔξω
2919 1364 3184 1435 πολέμοις
3242 1362 3406 1426 αὐτὸς
3454 1362 3801 1433 στρατηγῶν,

2216 1458 2312 1511 καὶ
2342 1457 2576 1530 φοϐερὸν
2629 1460 2745 1522 τοῖς
2775 1458 3130 1521 πλεονάζουσι
3165 1455 3429 1518 καθιστὰς
3459 1458 3637 1508 κινεῖν
3668 1456 3803 1508 ὅπλα

2216 1549 2357 1603 κατὰ
2378 1549 2477 1618 τῆς
2504 1550 2731 1613 πόλεως.
2761 1548 2949 1611 Οὕτως
2964 1549 3029 1601 ἂν
3042 1550 3184 1601 εἴποι
3217 1565 3299 1610 τις
3321 1547 3578 1601 ἵστασθαι
3626 1549 3802 1599 κοινὲν

2215 1640 2315 1711 τὴν
2350 1642 2509 1695 πόλιν
2535 1641 2819 1704 εὐσεϐείας
2844 1637 3218 1712 παράδειγμα.
3368 1650 3369 1653 “

596 1736 644 1790 ι.
670 1736 966 1789 Oratorum
994 1749 1164 1803 porro
1183 1740 1240 1787 et
1264 1730 1743 1801 philosophorum,
1767 1727 2110 1796 aliorumque

2285 1731 2348 1789 δ’.
2385 1732 2665 1803 Ῥητόρων
2710 1732 2767 1786 δὲ
2814 1732 2907 1785 καὶ
2959 1733 3285 1802 φιλοσόφων.
3336 1732 3431 1785 καί
3474 1732 3587 1784 τῶν
3631 1731 3806 1785 ἄλλων

502 1828 916 1907 litteratorum,
952 1827 1045 1881 ubi
1089 1825 1212 1895 quis
1248 1832 1343 1878 aut
1385 1824 1593 1894 plures,
1639 1830 1735 1876 aut
1767 1818 2112 1891 praestantio-

522 1937 612 1976 res
654 1921 854 1976 choros
905 1919 1240 1990 perspiciat?
1270 1917 1412 1983 Quin
1456 1917 1619 1986 plane
1653 1915 1743 1969 hic
1766 1929 1958 1969 omnes
1994 1912 2110 1981 pri-

522 2030 641 2068 mas
684 2014 818 2069 dant
855 2013 1088 2076 civitati,
1134 2027 1197 2066 ac
1243 2025 1538 2065 commune
1584 2008 1930 2079 gymnasium
1963 2005 2112 2060 voci-

526 2115 644 2161 tant
672 2122 736 2161 ac
760 2106 1030 2169 scholam,
1070 2103 1286 2160 cunctis
1315 2104 1382 2157 ad
1408 2117 1595 2157 musas
1620 2103 1675 2155 in
1697 2116 1761 2155 ea
1791 2099 1951 2155 enixe
1976 2113 2111 2153 con-

526 2195 901 2251 tendentibus.
924 2196 1219 2250 Enimvero
1278 2194 1412 2248 illud
1433 2203 1582 2248 certe
1607 2208 1777 2247 unum
1813 2171 1960 2245 haud
1981 2192 2110 2245 licet

524 2288 709 2341 dicere
737 2305 750 2340 :
784 2286 839 2341 id
870 2301 1019 2340 nunc
1042 2285 1267 2356 quidem
1294 2284 1418 2337 urbi
1448 2282 1770 2354 contigisse,
1806 2290 1866 2335 ut
1901 2281 2112 2336 littera-

526 2395 649 2433 rum
689 2395 753 2433 ac
781 2364 1120 2434 eruditionis
1151 2376 1452 2448 primatum
1496 2384 1738 2439 teneret,
1770 2374 1943 2429 fuisse
1976 2387 2110 2427 vero

524 2488 651 2526 eum
708 2471 763 2525 in
817 2486 1014 2526 eorum
1063 2470 1158 2539 qui
1210 2468 1519 2540 ignorantia
1552 2466 2105 2522 laborantclasselo-

524 2561 699 2616 canda
758 2570 943 2615 esset:
999 2574 1161 2615 secus
1218 2560 1414 2628 plane,
1469 2559 1685 2612 nullum
1730 2572 1841 2611 non
1894 2567 2112 2626 tempus

524 2653 652 2718 fuit,
685 2654 738 2708 in
758 2670 868 2724 quo
889 2669 1001 2709 non
1036 2662 1186 2708 esset
1220 2653 1499 2709 Elicorum
1527 2651 1682 2714 urbs,
1716 2664 2111 2719 musarumque

526 2746 617 2800 hic
647 2746 700 2799 in
734 2761 912 2800 arvum
943 2743 1126 2799 studia
1163 2745 1311 2799 clara
1343 2744 1593 2815 vigerent
1645 2742 1900 2806 victoria,
1939 2741 2110 2797 veluti

527 2840 730 2909 pubem
754 2839 949 2895 dicunt
974 2848 1169 2908 poetae.
1198 2838 1291 2894 Sic
1314 2837 1548 2893 Athenis
1573 2836 1847 2907 quiSpiam
1887 2836 2110 2901 dixerit,

528 2947 654 2986 cum
707 2932 1077 2986 Demosthene
1126 2945 1191 2984 ac
1249 2930 1479 2985 Platone
1518 2929 1759 2994 versari,
1808 2928 2114 2999 ludumque

530 3035 733 3088 terere,
760 3024 852 3078 cui
884 3023 977 3077 hic
1007 3023 1220 3078 versari
1243 3022 1562 3095 contigerit.

562 3149 566 3152 ~
601 3119 655 3175 5.
696 3119 995 3174 Enimvero
1039 3126 1239 3172 cuncta
1280 3116 1398 3171 haec
1432 3116 1550 3171 dies
1573 3131 1682 3170 una
1711 3114 1979 3181 confudit,
2030 3122 2115 3169 at-

530 3227 639 3282 que
685 3210 807 3264 urbi
850 3224 1113 3266 coronam
1154 3208 1429 3273 detraxit;
1483 3224 1546 3263 ac
1580 3223 1747 3277 quam
1794 3207 2118 3277 deperirent

530 3318 743 3367 omnes,
782 3302 926 3357 haud
964 3317 1126 3358 secus
1151 3317 1216 3356 ac
1247 3302 1507 3371 scopulos
1550 3300 1655 3355 sub
1689 3300 1848 3370 aquis
1884 3302 2119 3355 latentes

529 3399 779 3453 omnium
821 3398 1023 3453 animis
1060 3404 1374 3466 suspectam
1410 3394 1669 3449 reddidit.
1722 3392 1766 3448 Ο
1807 3392 1952 3447 unde
1982 3407 2116 3446 con-

535 3492 709 3547 tentio
741 3502 909 3560 atque
936 3490 1005 3545 lis
1052 3489 1108 3542 in
1133 3487 1402 3542 mundum
1454 3487 1762 3553 ingressum
1788 3486 2028 3539 habuit?
2073 3484 2118 3539 Ο

534 3583 684 3638 unde
720 3582 921 3637 seditio
962 3580 1203 3634 miscens
1234 3578 1422 3632 omnia
1448 3578 1797 3647 impudenter
1834 3577 2117 3646 obrepsit?

532 3673 690 3732 Unde
728 3687 860 3727 vero
884 3680 945 3725 ut
966 3686 1074 3725 una
1102 3670 1157 3724 in
1189 3686 1254 3725 ea
1287 3670 1433 3723 nacti
1464 3669 1644 3733 sedes,
1683 3686 1793 3724 non
1825 3678 1884 3725 et
1925 3670 2119 3724 eadem

532 3766 591 3821 in
616 3781 731 3820 rem
766 3774 961 3820 mutuo
994 3766 1097 3820 rati
1126 3764 1456 3829 conducere,
1497 3763 1591 3817 alii
1618 3763 1856 3817 aliorum
1883 3772 2117 3817 conten-

534 3858 702 3915 tionis
753 3858 952 3915 ardore
995 3858 1338 3928 degustarint
1382 3872 1610 3922 carnes,
1668 3855 2021 3926 aﬂiniumque
2054 3870 2119 3911 ac

532 3954 969 4026 propinquorum
998 3952 1295 4007 cruoribus
1333 3951 1569 4021 patriam
1615 3948 1897 4013 fmdarint,
1951 3962 2118 4018 quam

532 4056 591 4101 et
629 4046 846 4115 potiore
894 4044 1218 4115 parentibus
1261 4045 1382 4099 loco
1430 4044 1498 4098 iis
1548 4042 1664 4097 fore
1725 4058 1823 4111 par
1870 4052 2009 4104 erat,
2072 4036 2129 4097 si'

534 4154 682 4195 sana:
733 4139 940 4193 mentis
986 4137 1283 4193 scintillam
1315 4138 1481 4191 ullam
1522 4136 1865 4191 retinerent?
1914 4136 1958 4190 li
1988 4151 2120 4191 vero

533 4231 696 4285 furiis
742 4230 957 4300 agitari,
1018 4243 1288 4300 regesque
1336 4228 1568 4283 adorare
1614 4244 1679 4283 ac
1736 4230 2117 4298 imperatores,

535 4325 629 4394 qui
672 4324 911 4394 publicis
948 4324 1085 4379 nihil
1136 4324 1386 4395 tyrannis
1407 4324 1666 4378 meliores
1687 4332 1893 4377 essent.
1950 4322 2120 4377 Terra

2213 1826 2324 1878 τῶν
2382 1828 2475 1879 ἐπὶ
2520 1828 2633 1889 τοῖς
2684 1826 2887 1893 λόγοις,
2956 1824 3061 1877 ποῦ
3126 1841 3210 1887 τις
3265 1824 3331 1878 ἂν
3397 1824 3431 1897 ἢ
3486 1823 3717 1885 πλείους
3771 1823 3803 1889 ἦ

2212 1919 2469 1981 καλλίους
2572 1920 2671 1972 ῐδοι
2741 1918 2981 1989 χορούς;
3046 1917 3186 1970 Ἀλλ’
3272 1917 3511 1970 ἐνταῦθα
3603 1918 3809 1980 πάντες

2214 2009 2299 2082 [Ρ.
2343 2009 2470 2081 387]
2502 2011 2848 2082 συγχωροῦσι
2915 2012 2981 2081 τῇ
3027 2009 3201 2073 πόλει,
3245 2011 3339 2063 καὶ
3370 2009 3661 2080 διατριϐὴν
3695 2027 3809 2062 καο

2213 2103 2366 2156 λοῦσι
2408 2105 2634 2175 κοινὴνν
2674 2105 2894 2158 πάντων
2940 2103 3095 2174 παρὰ
3148 2104 3249 2167 τὰς
3295 2102 3535 2156 ἐνταῦθα
3595 2103 3805 2173 μούσας

2214 2194 2612 2265 ἐπειγομένων.
2655 2196 2819 2249 Ἀλλὰ
2852 2196 2961 2266 μὴν
2984 2194 3143 2249 τοῦτό
3177 2213 3241 2263 γε
3277 2196 3438 2266 μόνον
3481 2196 3587 2249 οὐκ
3630 2196 3809 2248 ἔνεστ’

2214 2293 2412 2352 εἰπεῖν,
2440 2292 2515 2353 ὡς
2542 2292 2637 2343 νῦν
2676 2293 2774 2359 μὲν
2808 2292 2944 2361 αὐτῇ
2982 2290 3299 2361 συμϐέϐηκε
3333 2291 3650 2360 προστῆναι
3696 2290 3811 2344 τῶν

2213 2381 2412 2449 λόγων,
2443 2378 2510 2453 ἦν
2569 2384 2614 2436 δ’
2640 2385 2729 2436 ὅτε
2768 2384 2908 2453 μετὰ
2960 2383 3070 2436 τῶν
3106 2383 3450 2451 ἀγνοούντων
3506 2383 3811 2435 ἐτέτακτο·

2214 2475 2352 2529 ἀλλὰ
2377 2476 2469 2529 τὸν
2499 2476 2717 2529 ἅπαντα
2741 2476 2805 2546 δὴ
2838 2476 3029 2545 χρόνον
3070 2474 3303 2528 Ἐλικῶν
3335 2469 3459 2545 ἦνή
3496 2473 3678 2541 πόλις,
3716 2475 3819 2529 καὶ

2216 2568 2502 2638 νενίκηκεν
2524 2568 2765 2622 ἐνταῦθα
2798 2568 2867 2621 τὰ
2901 2568 3010 2621 τῶν
3040 2567 3261 2639 μουσῶν
3294 2567 3363 2621 δι’
3390 2568 3587 2632 αίῶνος
3623 2568 3787 2636 ἁκμά

2216 2659 2353 2725 ζειν,
2374 2660 2711 2731 ῶσπερφασὶ
2730 2660 2831 2731 τὴν
2850 2659 3036 2730 Ἥϐην
3069 2660 3119 2713 οἱ
3153 2658 3394 2729 ποιηταί.
3424 2656 3617 2721 Οὕτως
3644 2659 3823 2729 Ἀθή-

2215 2771 2372 2826 νῃσιν
2406 2755 2470 2807 ἄν
2498 2772 2583 2817 τις
2615 2754 2760 2807 εἴποι
2798 2752 2938 2824 μετά
2968 2752 3354 2823 Δημοσθένους
3392 2753 3487 2807 καὶ
3519 2751 3823 2815 Πλάτωνος

2214 2848 2533 2919 διατρίϐειν,
2563 2847 2751 2900 αὐτόθι
2776 2846 3095 2917 γενόμενος.

2289 3113 2353 3169 ε’.
2387 3113 2532 3167 Ἀλλ’
2567 3113 2787 3169 ἅπαντα
2838 3115 3014 3169 ταῦτα
3052 3118 3238 3189 ἡμέρα
3306 3115 3371 3188 δὴ
3411 3118 3513 3189 μία
3560 3120 3826 3190 συνέχεε,

2219 3207 2420 3262 καὶτὸν
2448 3207 2549 3278 τῆς
2579 3208 2787 3273 πόλεως
2808 3209 3063 3277 ἀφείλετο
3089 3210 3352 3279 στέφανον
3370 3228 3386 3242 °
3408 3212 3504 3265 καὶ
3528 3212 3633 3282 τὴν
3660 3217 3824 3283 κοινῇ

2219 3301 2529 3372 ἐρωμένην,
2569 3302 2758 3374 ὥσπερ
2808 3304 2907 3366 τὰς
2942 3304 3178 3372 ὑφάλους
3223 3305 3556 3359 ὑποπτεύειν
3588 3308 3827 3361 ἔπεισεν

2220 3394 2487 3458 ἅπαντας.
2522 3397 2586 3448 Ὢ
2618 3396 2782 3449 πόθεν
2816 3397 2914 3466 μὲν
2939 3399 3019 3460 εἰς
3051 3397 3142 3451 τὸν
3163 3398 3367 3469 κόσμον
3396 3400 3511 3471 ἔρις
3538 3402 3775 3471 εἰσῆλθε
3806 3421 3823 3468 ;

2222 3489 2393 3542 Πόθεν
2421 3490 2479 3543 δέ
2520 3491 2863 3561 εἰσεκώμασε
2908 3492 3123 3558 στάσις
3156 3492 3328 3547 Πόθεν
3355 3494 3411 3545 δὲ
3437 3494 3604 3566 οιτὴν
3637 3498 3830 3566 αὐτὴν

2222 3581 2645 3647 κατοικοῦντες,
2671 3585 2732 3636 οὐ
2781 3584 2879 3638 καὶ
2902 3584 3078 3638 ταυτὰ
3128 3586 3503 3657 λυσιτελήσειν
3555 3588 3827 3658 ἀλλήλοις

2222 3674 2562 3743 νομίζοντες,
2605 3676 2863 3743 γεύονται
2917 3677 3015 3746 μὲν
3054 3677 3492 3747 φιλονεικοῦντες
3538 3679 3828 3751 ἀλλήλων,

2221 3770 2417 3838 αἵματι
2455 3769 2512 3821 δὲ
2546 3768 2831 3839 συγγενῶν
2853 3769 2953 3840 τὴν
2980 3770 3218 3841 πατρίδα
3257 3772 3587 3840 μιαίνουσιν,
3612 3775 3678 3845 ῆν
3710 3773 3827 3827 ἔδει

2224 3862 2324 3917 καὶ
2354 3863 2463 3934 πρὸ
2487 3864 2598 3917 τῶν
2622 3864 2828 3931 γονέων
2857 3864 3067 3929 αὐτοῖς,
3092 3865 3147 3917 εἴ
3172 3864 3225 3932 γ’
3251 3865 3605 3935 ἐσωφρόνουν
3636 3866 3827 3939 ὑπάρ-

2222 3974 2379 4027 χειν;
2412 3958 2475 4010 Οί
2508 3956 2607 4026 μὲν
2639 3955 2947 4026 ἐμαίνοντο,
2998 3958 3091 4009 καὶ
3121 3956 3379 4027 βασιλέας
3411 3958 3829 4028 προσεκύνουν,

2221 4047 2375 4100 οὐδὲν
2413 4048 2521 4099 τῶν
2545 4045 2782 4117 δημοσίᾳ
2810 4046 3223 4116 τυραννούντων
3251 4046 3539 4117 ἀμείνους.
3573 4049 3682 4101 Καὶ
3753 4048 3831 4115 τῆ

2224 4140 2509 4211 ἐνομίζετο
2566 4139 2666 4208 μὲν
2726 4139 2999 4210 ἡμετέρα,
3055 4139 3160 4192 ὑπὸ
3210 4138 3267 4191 δὲ
3336 4138 3446 4193 τῶν
3496 4140 3832 4210 δυναμένων

2223 4230 2574 4299 ἐγεωργεῖτο.
2623 4228 2973 4283 Ἐκέκλειστο
3000 4228 3055 4282 δὲ
3089 4231 3122 4299 ἠ
3161 4229 3431 4293 θάλασσα,
3465 4234 3592 4295 ταῖς
3627 4233 3685 4286 δέ
3722 4233 3831 4285 πό-

2222 4320 2371 4374 λεσιν
2397 4320 2541 4373 οὕτω
2578 4320 2757 4390 μόνως
2794 4321 2923 4391 ἐνῆν
2954 4322 3315 4387 ἀναπνεῦσαι,
3352 4325 3401 4375 εἰ
3446 4324 3551 4391 τῆς
3602 4326 3835 4377 tle-26:.

534 4432 701 4488 porro
746 4433 811 4472 ac
848 4418 1000 4489 regio
1040 4427 1228 4471 nostra
1253 4416 1583 4481 habebatur,
1609 4414 1705 4471 sed
1746 4414 2112 4484 potentiorum

2229 4415 2351 4483 ρίας
2402 4415 2755 4468 παντάπασιν
2798 4414 3163 4489 ὲπιλάθοιντο,
3202 4414 3319 4479 Οὓς·
3347 4416 3404 4469 δὲ
3430 4415 3835 4488 δυσχεραίνειν

537 4510 623 4565 vis
675 4525 739 4565 ac
779 4510 980 4581 injuria
1004 4526 1093 4565 .ca
1136 4509 1443 4564 fruebatur.
1490 4508 1636 4562 Mare
1660 4508 1941 4562 occlusum
1973 4518 2114 4571 erat,

537 4602 879 4672 urbibusque
913 4603 989 4657 ita
1012 4603 1189 4658 solum
1220 4600 1728 4671 respirarelicebat,
1765 4599 1811 4654 si
1847 4599 2119 4653 libertatis

537 4711 767 4766 prorsus
798 4696 987 4750 oblitae
1016 4704 1226 4750 essent.
1274 4694 1424 4761 Quos
1456 4708 1589 4747 vero
1618 4707 1716 4763 par
1747 4700 1869 4746 erat
1894 4691 2118 4761 indigne

534 4792 703 4853 ferre,
740 4798 801 4844 ut
829 4789 1034 4860 quibus
1071 4796 1361 4859 putaretur
1398 4786 1715 4859 imperium,
1755 4786 1793 4839 ii
1852 4801 1969 4840 rem
2004 4784 2118 4841 risu

532 4880 908 4952 excipiebant,
931 4896 994 4936 ac
1019 4881 1066 4937 si
1127 4881 1297 4937 rebus
1318 4881 1447 4936 hinc
1478 4880 1722 4935 accessio
1750 4880 1914 4934 foret.
1952 4878 2119 4933 Malo-

533 4993 658 5031 rum
686 4992 854 5047 porro
888 4975 1193 5030 remedium
1219 4985 1339 5030 erat
1376 4975 1446 5029 iis
1467 4974 1647 5028 solum
1687 4972 1946 5027 nuntiare
1972 4971 2116 5035 dira,

531 5071 627 5139 qui
673 5071 794 5140 ipso
840 5084 1033 5123 eorum
1069 5077 1297 5131 eventu,
1347 5066 1601 5121 victimas
1630 5066 1920 5119 faciebant.
1949 5064 2120 5130 Quot-

534 5171 671 5233 quot
718 5170 904 5217 autem
943 5175 1012 5214 ex
1055 5158 1446 5229 praesentibus,
1477 5173 1588 5227 quo
1618 5157 1839 5212 tandem
1866 5171 1956 5211 res
1981 5156 2118 5211 civi-

534 5258 743 5313 tatibus
772 5271 1022 5312 evasurte
1060 5262 1271 5321 essent,
1320 5253 1759 5323 augurabantur,
1796 5248 2121 5320 quaerebant

536 5352 626 5407 cui
676 5350 1031 5421 pereuntium
1080 5364 1228 5402 cura:
1268 5353 1434 5401 esset.
1484 5345 1562 5399 Ac
1610 5342 1980 5405 occurrebat,
2023 5340 2119 5409 qui

539 5441 778 5499 Hercule
809 5442 1024 5507 fortior,
1059 5441 1223 5496 Peleo
1260 5437 1485 5502 castior,
1518 5436 1714 5507 majori
1749 5432 2120 5489 Themistocle

535 5536 591 5590 vi
634 5537 841 5606 ingenii
880 5545 1061 5599 esset;
1113 5550 1175 5589 ac
1221 5532 1316 5603 qui
1366 5532 1483 5602 ipse
1526 5545 1657 5600 erga
1697 5526 1948 5583 subditos
1993 5524 2120 5595 Cyri

537 5631 781 5685 animum
812 5630 1164 5699 indolemque
1199 5630 1454 5685 referret.
1504 5626 1593 5689 At,
1620 5624 1758 5679 dura
1782 5639 1873 5677 res
1901 5620 2118 5691 legisla-

541 5732 627 5777 tor
653 5718 852 5773 animis
885 5720 1127 5786 quietem
1150 5735 1310 5785 agerc
1343 5717 1578 5782 nesciis;
1621 5717 1849 5784 ejusque
1893 5712 2119 5767 moleste

2228 4505 2359 4572 ἔδει,
2387 4505 2463 4569 ὡς
2500 4506 2651 4575 σφίσι
2692 4506 2791 4575 τῆς
2830 4506 3006 4578 ἀρχῆς
3053 4505 3556 4579 περικοπτομένης,
3595 4510 3837 4577 ἐγέλων,

2228 4602 2419 4673 ὥσπερ
2452 4601 2841 4673 προστιθέντες
2870 4604 2983 4664 τοῖς
3018 4601 3157 4655 οὖσι.
3191 4600 3342 4653 Τὸδέ
3380 4600 3690 4672 φάρμακον
3724 4601 3845 4652 τῶν

2228 4694 2439 4759 κακῶν,
2470 4695 2705 4767 μηνύσαι
2743 4694 2995 4765 μόνοντὰ
3043 4694 3192 4763 πάθη
3223 4695 3337 4757 τοῖς
3376 4694 3464 4746 ὅτι
3507 4692 3672 4747 ταῦτ’
3713 4693 3851 4759 ἐγέι

2228 4805 2354 4842 νετο
2381 4787 2592 4841 θύουσι.
2615 4786 2774 4840 Ὅσοι
2798 4786 2845 4838 δ’
2873 4788 2939 4840 ἐκ
2958 4785 3068 4838 τῶν
3090 4785 3399 4855 παρόντων,
3422 4780 3481 4838 οἷ
3503 4785 3851 4855 τελευτήσει

2228 4879 2298 4931 τὰ
2332 4880 2483 4933 κακὰ
2516 4880 2637 4941 ταῖς
2678 4877 2900 4931 πόλεσιν
2930 4875 3313 4947 ἐμαντεύοντο,
3344 4875 3579 4946 ἐζήτουν
3620 4871 3673 4944 ᾧ
3728 4878 3861 4929 τῶν

2229 4972 2625 5042 ἀπολλυμένων
2662 4970 2927 5040 μελήσειο
2981 4971 3077 5023 καὶ
3132 4961 3295 5040 εὖρον
3332 4968 3684 5045 Ἡρακλέους
3745 4970 3865 5039 μὲν

2228 5064 2629 5136 ἀνδρειότερον,
2683 5061 3128 5131 σωφρονέστερον
3161 5060 3219 5112 δέ
3260 5059 3512 5129 Πηλέως,
3555 5060 3872 5129 θεμιστο-

2230 5156 2425 5218 κλέους
2452 5155 2507 5209 δὲ
2538 5154 2940 5223 συνετώτερον·
2971 5153 3041 5206 τὰ
3064 5153 3252 5224 Κύρου
3274 5152 3329 5205 δὲ
3359 5155 3456 5205 καὶ
3484 5154 3661 5205 αὐτὸν
3704 5158 3872 5223 πρὶς

2229 5248 2357 5312 τοὺς
2378 5252 2409 5302 ἀ
2420 5266 2515 5319 ρχο
2522 5249 2717 5320 μένους
2734 5266 2799 5319 με
2810 5248 2885 5319 μιΙ
2902 5246 3189 5319 μη]μένον.
3206 5246 3369 5299 Ἀλλὰ
3386 5264 3488 5299 πικ
3496 5248 3588 5318 ρὺν
3598 5248 3803 5318 vappa
3814 5250 3839 5302 ἐ
3850 5278 3880 5291 ..

2227 5341 2783 5410 της,τοῖςὴσυχάζειν
2794 5341 2893 5392 οὐκ
2908 5340 3199 5407 ἐγνωκόσι,
3225 5340 3319 5392 καὶ
3342 5338 3442 5410 τὴν
3461 5340 3650 5409 ἀρχὴν
3678 5342 3789 5394 ὲδυ
3800 5359 3875 5394 σ-

2229 5435 2483 5505 χέραινον
2532 5434 2633 5503 τὴν
2678 5434 2913 5498 ἐκείνου,
2940 5433 2990 5485 οἱ
3012 5432 3195 5501 σφίσιν
3210 5433 3637 5502 αὐτοῖςπονηρὰ
3664 5452 3895 5492 συνει-

2227 5526 2377 5589 δότες
2399 5541 2411 5555 ·
2445 5526 2540 5578 καὶ
2571 5523 2662 5579 διὰ
2682 5524 2859 5577 ταῦτα
2880 5524 3179 5594 ἀκρόπολίς
3202 5540 3261 5576 τε
3288 5522 3352 5593 δὴ
3381 5524 3533 5595 παρὰ
3559 5524 3703 5577 τῶν
3734 5531 3897 5582 νποίν

2230 5619 2465 5688 ἐχόντων
2522 5617 3009 5688 κατελαμϐάνετο,
3065 5617 3143 5680 ὡς
3196 5615 3288 5688 βίᾳ
3332 5617 3425 5670 τὸν
3482 5618 3895 5691 ἐξεστηκότα

2229 5710 2402 5777 δῆμον
2431 5708 2902 5777 θεραπευσόντων.
2939 5708 3048 5762 Καὶ
3076 5708 3226 5778 παρὰ
3252 5708 3344 5763 τὸν
3377 5710 3538 5762 παῖδα
3594 5714 3733 5768 τοῦ
3788 5717 3897 5787 βα-
