3962 6200
192 244 193 247 ‘
237 222 320 285 645

1074 220 1431 282 MONODIA
1461 220 1901 282 OCCISORUM
1938 220 2547 281 THESSALONICAZ.

3343 223 3448 287 646

237 331 488 399 σιλέωςτδν
523 333 781 405 σώφρονα
819 335 915 389 καὶ
952 337 1128 406 πρᾶον
1159 337 1257 389 καὶ
1304 336 1573 405 φρόνιμον
1622 334 1754 404 πρέ-

1867 330 2118 387 ferebant
2144 334 2465 403 imperium,
2510 334 2605 405 qui
2652 334 2754 405 ipsi
2795 334 2901 391 sibi
2937 336 3208 391 malorum
3237 341 3449 393 conscii

233 428 346 489 σϐεις
367 422 510 498 ἧκον,
531 426 810 492 ἀξιοῦντες
834 427 1150 498 στράτευμα
1180 428 1518 499 πέμπεσθαι,
1545 428 1640 480 καὶ
1656 428 1756 497 τὴν

233 522 311 592 μὶν
327 522 454 575 πόλιν
484 522 732 592 ἐπισχεῖν
757 520 841 593 [Ρ.
862 520 990 592 388]
1016 520 1141 575 καθ’
1165 522 1364 592 ἐαυτῆς
1392 521 1751 591 μαινομένην,

227 613 408 680 φυλάξαι
433 614 573 667 δέτά
605 614 929 684 πράγματα,
955 614 1033 683 τῷ
1052 613 1246 677 σώζειν
1282 614 1421 668 αύτά
1445 612 1752 683 δυναμένῳ.

230 707 344 759 Ἔδει
365 708 473 759 τότε
503 706 698 777 μικρὸν
724 706 997 776 ήσυχάσαι
1024 707 1127 776 τὴν
1145 707 1336 777 τύχην,
1364 708 1459 759 καὶ
1486 703 1758 777 στρατιώ-

223 814 302 862 τας
343 797 640 867 ἐλευθερίαν
693 797 1024 868 κομίζοντας
1079 798 1153 868 μὴ
1209 798 1477 851 κωλῦσαι.
1524 798 1638 851 Νῦν
1665 796 1753 864 ἂν,

222 891 319 944 ἀντὶ
337 890 416 943 τοῦ
445 889 747 957 στενάζειν,
778 893 835 943 ἐν
869 891 1087 961 ἑορταῖς
1114 892 1247 959 ἡμῖν
1278 886 1347 960 ἦν
1372 892 1403 959 ἡ
1432 889 1606 951 πόλις.
1638 887 1754 941 Νῦν

220 982 276 1036 ἂν
301 982 525 1053 ἐχόρευον
578 982 676 1052 μὲν
711 982 870 1052 ἡμῶν
894 982 943 1034 oi
1000 982 1238 1044 πολῖται,
1280 984 1329 1034 οἱ
1353 982 1397 1034 δ’
1432 981 1617 1053 ἐχθροὶ
1655 982 1753 1052 τὴν

219 1074 453 1145 παροῦσαν
507 1075 919 1145 μετελάμϐανον
951 1075 1145 1146 τύχην.
1199 1076 1334 1147 Δίκη
1365 1074 1411 1128 δ’
1450 1075 1515 1129 ἂν
1546 1075 1755 1143 ἐγίνετο

218 1171 319 1238 μετ’
343 1168 653 1238 ἀνθρώπων,
692 1169 875 1222 καὶτὰ
927 1168 1020 1222 τοῦ
1051 1168 1259 1239 χρυσοῦ
1301 1169 1492 1236 γένους
1531 1170 1596 1222 ἂν
1621 1171 1754 1240 ἡμῖν

215 1259 430 1331 περιῆκε.
456 1258 568 1312 Νῦν
603 1258 651 1311 δ’
684 1258 750 1329 (ὣ
783 1258 900 1323 πῶς
923 1260 991 1313 τὰ
1037 1260 1218 1323 καλῶς
1265 1259 1665 1331 βεϐουλευμένα
1718 1261 1753 1331 ἡ

211 1353 326 1423 τύχη
352 1352 615 1416 παίζουσα
673 1352 994 1423 περιτρέπει
1018 1354 1055 1423 l)
1094 1355 1142 1406 οί
1200 1353 1299 1423 μὲν
1346 1354 1636 1422 ἠπείγοντο
1662 1370 1675 1385 ·
1704 1355 1753 1406 οί

208 1445 248 1498 δ’
270 1441 387 1518 ἦσαν
419 1446 720 1517 μετέωροι·
756 1447 851 1499 καὶ
891 1447 1000 1501 τῶν
1038 1447 1282 1518 σημείων
1329 1445 1427 1517 ἠδη
1493 1448 1599 1515 πρὸ
1643 1446 1753 1500 τῶν

208 1538 366 1592 πυλῶν
386 1538 744 1609 φαινομένων,
768 1539 979 1609 δαίμων
1007 1557 1093 1602 τις
1128 1539 1390 1610 φθονερὸς
1422 1541 1584 1611 ὑπῄει
1626 1540 1754 1603 τοὺς

204 1633 383 1695 πάντας
411 1633 656 1695 ἐοικότας
672 1629 823 1702 αύτῷ
847 1647 861 1660 ⁸
898 1632 992 1683 καὶ
1016 1630 1109 1684 τὸν
1136 1632 1309 1702 δῆμον
1336 1634 1565 1703 αἵματος
1583 1633 1752 1685 πάλαι

1863 434 2072 480 essent.
2101 426 2177 480 Ea
2205 442 2367 481 causa
2392 426 2498 481 fuit
2531 444 2630 481 cur
2668 427 2772 482 viri
2799 429 2905 484 cati
2930 444 2993 483 ac
3014 429 3227 484 cordati
3264 445 3449 484 arcem

1863 519 2212 587 occuparint,
2252 521 2409 589 quasi
2428 520 2495 574 ad
2519 522 2797 575 saniorem
2820 533 3083 588 mentem,
3115 538 3181 578 ea
3210 532 3453 577 emotam‘

1862 609 2080 678 plebem
2104 611 2158 665 vi
2192 612 2472 667 redacturi
2506 622 2713 667 essent.
2742 613 2960 668 Adsunt
2981 614 3144 685 legati
3173 615 3241 668 ad
3280 614 3455 684 impe-

1862 704 2061 757 ratoris
2088 702 2279 768 filium,
2299 704 2481 757 virum
2509 704 2841 771 modestum,
2870 706 3448 775 mitem,prudentem,

1863 802 2120 862 rogantes
2165 795 2310 850 mitti
2354 797 2557 851 milites
2614 796 2708 867 qui
2750 799 2946 853 urbem
2993 811 3347 869 compescant
3396 800 3450 853 in

1861 900 1982 940 sese
2032 886 2329 952 furentem,
2360 889 2521 957 eique
2554 891 2764 944 servari
2812 906 2924 954 res,
2957 891 3051 961 qui
3080 892 3199 961 ipse
3233 891 3450 946 incolu-

1860 990 1979 1031 mes
2024 986 2285 1047 praestare
2337 989 2543 1049 posset.
2573 981 2707 1036 Erat
2743 990 2873 1037 tunc
2901 982 3172 1052 tantisper
3203 983 3453 1049 fortuna:

1861 1069 2280 1138 quiescendum,
2316 1088 2417 1127 nec
2441 1073 2725 1128 inhibendi
2754 1076 2978 1140 milites,
3010 1076 3105 1145 qui
3136 1076 3451 1132 libertatem

1861 1161 2083 1216 allaturi
2118 1173 2327 1218 essent.
2368 1164 2527 1220 Nunc
2555 1181 2685 1220 sane
2710 1152 2821 1235 pro
2852 1167 3002 1221 luctu
3038 1183 3102 1222 ac
3130 1169 3359 1239 gemitu,
3393 1170 3449 1222 in

1863 1254 2107 1324 tripudio
2152 1265 2318 1326 atque
2354 1260 2535 1328 epulis
2595 1259 2757 1313 nobis
2816 1260 3011 1315 civitas
3069 1270 3236 1316 esset.
3293 1262 3451 1318 Nunc

1861 1348 2021 1417 plane
2049 1348 2200 1403 cives
2231 1355 2405 1405 nostri
2431 1352 2634 1406 choros
2655 1353 2943 1419 ducerent,
2977 1369 3041 1407 ac
3072 1353 3281 1407 inimici
3310 1369 3449 1423 pra}-

1860 1440 2036 1494 sentis
2089 1451 2293 1497 nostra:
2348 1444 2586 1499 fortuna:
2639 1446 2937 1515 participes
2990 1456 3195 1501 essent.
3227 1446 3450 1516 Vigeret

1855 1532 2068 1602 justitia
2098 1534 2245 1589 inter
2287 1536 2563 1603 homines,
2591 1553 2932 1609 aureumque
2963 1554 3138 1608 genus
3185 1539 3239 1592 in
3284 1538 3448 1593 nobis

1862 1634 2144 1693 superstes
2185 1637 2350 1683 esset.
2383 1629 2541 1684 Nunc
2587 1646 2741 1696 vero,
2770 1646 2803 1685 ο
2829 1631 3103 1700 quomodo
3128 1647 3250 1701 qua
3298 1638 3448 1685 recte

199 1725 428 1794 διψῶντα,
442 1724 535 1777 ἐπὶ
548 1723 711 1794 κόρον
723 1715 843 1787 τᾶἶς
860 1740 998 1793 πονη
1008 1727 1126 1794 ραῖς
1152 1728 1493 1796 παρεκάλουν
1506 1729 1533 1781 δ
1543 1748 1567 1797 η
1579 1746 1651 1797 μη
1660 1745 1753 1795 γο-

1859 1720 2109 1774 consiliis
2145 1720 2299 1776 initis
2357 1721 2664 1777 deliberata
2716 1733 2924 1786 essent,
2986 1722 3185 1777 ludens
3222 1722 3447 1777 fortuna

199 1818 345 1889 ρίαις.
366 1814 782 1881 Οίδ’ὲκινοῦντο,
804 1810 914 1867 οἷον
937 1815 1184 1887 Ὅμηρος
1209 1816 1314 1889 ἔφη
1349 1819 1449 1890 τὴν
1482 1819 1754 1873 Θάλατταν

197 1910 281 1963 ὑπ’
309 1908 555 1962 ἐναντίων
612 1906 945 1978 πνευμάτων
1001 1909 1385 1980 ἐλαυνομένην.
1438 1911 1546 1964 Καὶ
1568 1912 1755 1965 λοιπὸν

192 2001 330 2055 οὐδὲν
360 1996 425 2072 ἦν
459 2002 559 2054 σὺν
590 2000 764 2071 νόμῳ,
817 2000 933 2054 ἀλλ’
959 2000 1155 2053 ἔπιπτε
1198 2002 1298 2073 μὲν
1328 2004 1355 2055 ό
1391 2003 1711 2074 προστυχών
1738 2023 1750 2036 ·

191 2092 274 2145 διὰ
297 2092 347 2143 δέ
370 2090 476 2144 τῶν
503 2091 714 2163 νεκρῶν
749 2092 843 2146 ἐπὶ
895 2093 1023 2156 τοὺς
1064 2092 1334 2162 ἄρχοντας
1365 2095 1554 2166 ⁴ᾔεσαν.
1588 2097 1651 2149 Ut
1698 2096 1754 2150 δέ

187 2181 674 2251 διασκεδασάμενοι,
725 2181 976 2253 δέχεσθαι
1027 2184 1126 2255 μὲν
1168 2185 1294 2248 τοῦς
1350 2186 1622 2249 ἐπιόντας,
1662 2189 1755 2239 καὶ

188 2275 358 2344 σφίσιν
384 2274 566 2338 αὐτοῖς
601 2276 829 2346 ἀμύνειν
857 2278 1145 2331 ἐϐούλοντο
1167 2296 1180 2310 ·
1217 2278 1403 2348 ἕτερος
1430 2279 1484 2331 δὲ
1521 2279 1754 2349 πόλεμος

186 2363 383 2416 Matini
407 2364 548 2418 κατά
564 2363 736 2416 νῶτον
770 2365 989 2436 ἀπήντα
1019 2383 1034 2396 ·
1069 2365 1198 2419 ὥστ’
1225 2367 1327 2420 οὐκ
1376 2361 1523 2437 εἶχον
1568 2368 1754 2420 λοιπὸν

184 2456 298 2507 ὅποι
324 2454 387 2507 τὰ
422 2456 692 2525 πρόσωπα
744 2456 1024 2526 τρέψειαν.
1071 2458 1203 2510 Τότε
1235 2458 1299 2529 δὴ
1350 2458 1464 2529 πῦρ
1510 2458 1609 2528 μὲν
1634 2462 1754 2523 ταῖς

182 2547 368 2610 πύλαις
396 2549 723 2619 προσήγετο,
780 2549 875 2600 καὶ
926 2550 954 2601 ὀ
1009 2549 1219 2612 καπνὸς
1272 2551 1399 2613 τοὺς
1436 2550 1755 2620 μένηέξωοεν

179 2639 556 2708 ἐπειγομένους
610 2634 763 2709 εἶργε
793 2638 889 2692 τοῦ
922 2640 1111 2707 πρόσω
1136 2655 1149 2669 ο
1175 2640 1249 2702 ὡς
1273 2641 1339 2692 ἂν
1360 2636 1440 2703 οἷς
1471 2640 1755 2693 ἐϐούλοντο

177 2728 401 2799 βοηθεῖν,
435 2729 804 2799 εἰλημμένων.
840 2731 901 2783 Οί
924 2729 1427 2801 δ’ἓνδοθενῆνοιγον
1443 2730 1542 2795 τὰς
1578 2730 1751 2795 πύλας

174 2823 282 2882 τοῖς
308 2820 682 2891 ἀνδροφόνοιςο
726 2823 774 2873 οί
809 2819 860 2872 δ’
896 2805 1265 2890 εἰσχυθέντες,
1303 2825 1485 2877 πᾶσαν
1512 2823 1751 2879 ἀνάστα-

175 2928 254 2963 σιν
275 2910 484 2974 πὸλεως
514 2905 595 2974 οἷς
634 2911 893 2982 ἔδρασαν,
934 2912 1244 2984 ἀπέφηναν.
1294 2914 1630 2984 Ἑγυμνοῦτο
1654 2915 1753 2985 μέν

170 3004 275 3057 τῶν
306 3003 486 3056 ὅπλων
513 3003 542 3054 ὁ
575 3003 917 3074 στρατιώτης
939 3020 955 3034 ·
987 3004 1199 3059 εἵλκετο
1216 3003 1270 3059 δὲ
1295 3006 1398 3059 ὑπὸ
1423 3006 1534 3061 τῶν
1562 3007 1753 3077 τυχόν-

166 3111 272 3149 των
322 3097 349 3147 ό
383 3093 554 3148 πολλὰ
580 3095 644 3166 δὴ
693 3096 906 3160 πολλοῖς
937 3096 1144 3161 εἰωθὼς
1192 3099 1524 3153 ἐπιτάττειν.
1556 3100 1754 3162 Δοῦλος

164 3188 216 3241 δὲ
247 3189 343 3242 τὸν
376 3188 643 3259 δεσπότην
674 3190 882 3259 ἠγνόει,
909 3192 1004 3245 καὶ
1033 3185 1108 3244 ὧν
1148 3192 1418 3263 πρότερον
1453 3195 1757 3264 ἐπετιμᾶτο

160 3282 388 3346 δικαίως
410 3281 531 3335 τότε
566 3281 722 3354 δίκην
750 3281 901 3352 ἠξίου
942 3281 1263 3352 λαμϐάνειν.
1302 3281 1524 3336 Ὅπλων
1551 3282 1615 3354 δὴ
1662 3286 1758 3337 καὶ

156 3377 466 3448 χρημάτων
498 3376 548 3428 οί
594 3375 769 3429 δοῦλοι
800 3376 895 3429 καὶ
919 3376 1150 3445 πένητες
1166 3375 1346 3446 κύριοι
1366 3377 1751 3445 καταστάντες,

156 3476 271 3536 τοῖς
304 3474 445 3543 πρὶν
497 3472 638 3525 αὐτὰ
687 3469 1069 3541 κεκτημένοις,
1098 3471 1197 3542 τὴν
1252 3471 1361 3524 τῶν
1402 3472 1756 3542 ἀνδραπόδων

155 3566 472 3636 προσήκειν
497 3563 746 3634 ἐνόμιζον
773 3564 965 3634 τύχην,
999 3566 1093 3618 καὶ
1117 3564 1378 3636 δήσαντες
1408 3560 1613 3636 εἶργον,
1648 3583 1756 3638 μη-

149 3657 203 3711 δὲ
248 3659 368 3711 τῶν
424 3654 664 3710 ἀκτίνων
727 3655 1025 3712 ἀπολαύειν
1071 3656 1271 3720 αὐτοὺς
1319 3656 1751 3727 συγχωροῦντες.

142 3750 378 3821 Δρόμος
417 3749 515 3801 ἐπὶ
538 3748 639 3812 τὰς
684 3748 884 3815 οίκίκς,
923 3751 1018 3803 καὶ
1061 3749 1243 3812 πάσας
1287 3748 1477 3820 ὥσπερ
1518 3748 1755 3820 ἐρημίας

134 3843 465 3912 διέσκαψαν
497 3842 707 3906 πόλεις.
739 3841 801 3895 Ὀ
826 3842 883 3895 δὲ
910 3841 1210 3913 δακρύσας,
1259 3842 1425 3895 αὑτοῦ
1473 3843 1627 3913 παρά
1650 3842 1754 3896 τῶν

134 3937 377 3991 ἀσεϐῶν
412 3936 821 4005 ἀπεσφάττετο.
846 3936 909 3987 ’Ὠ
938 3934 1168 4000 πόλεως,
1192 3934 1313 3987 ἀντὶ
1339 3933 1488 4003 μιᾶς,
1520 3932 1753 3999 πολλῶν,

131 4029 235 4082 καὶ
270 4028 499 4082 τούτων
520 4027 932 4088 ἐναντιωτάτων
948 4043 1149 4097 γεγενη
1159 4026 1348 4097 μένηςί
1374 4026 1438 4077 Ὢ
1456 4025 1753 4089 πολιτείας,

130 4123 439 4193 θαλάττης
470 4124 655 4193 πάσης
684 4121 1088 4190 ἀπιστοτέραςί
1127 4120 1192 4172 Ὢ
1228 4119 1487 4185 πολιτῶν,
1521 4118 1673 4173 οὐδέν
1702 4137 1756 4172 τι

126 4215 248 4267 τῶν
293 4215 474 4283 φύσει
528 4213 824 4287 βαρϐάρων
871 4215 1280 4285 ἀπιστοτέρωνί
1310 4213 1756 4267 Καταποντισταί

130 4322 291 4370 τινες
324 4306 602 4378 ἄντικρυς
634 4308 692 4362 ἰν
710 4307 926 4378 ἠπείρῳ
945 4324 961 4339 ο
997 4306 1199 4378 μᾶλλον
1223 4307 1279 4359 δὲ
1308 4306 1377 4359 τὰ
1404 4306 1631 4374 τούτων,
1656 4306 1754 4360 καὶ

1856 1812 2095 1867 evertit!
2129 1815 2193 1868 Hi
2228 1831 2428 1885 nempe
2456 1816 2748 1887 urgebant,
2776 1815 2857 1869 illi
2888 1831 2917 1869 e
2948 1815 3169 1868 sublimi
3203 1815 3443 1869 stabant:

1852 1903 2078 1973 jamque
2104 1906 2304 1961 vexilla
2332 1916 2461 1962 ante
2492 1918 2679 1977 portas
2702 1908 2973 1976 explicata
3005 1914 3183 1971 erant,
3212 1923 3337 1962 cum
3366 1907 3449 1961 in-

1856 1997 2017 2054 vidus
2067 2000 2292 2069 quidam
2331 2000 2547 2055 daemon
2597 2017 2791 2055 omnes
2839 2000 3031 2064 subiit,
3069 2001 3163 2071 qui
3196 2000 3317 2071 pari
3366 1999 3447 2057 illi

1856 2088 2080 2158 ingenio
2128 2100 2356 2159 essent;
2390 2093 2598 2163 quique
2649 2093 2867 2164 plebem
2917 2093 3129 2163 pridem
3166 2092 3450 2165 sanguinis

1856 2183 2217 2250 sitibnndam,
2248 2196 2310 2240 ut
2335 2202 2403 2241 eo
2453 2187 2822 2242 exsatiaretur
2870 2187 3278 2243 scelestissimis
3307 2203 3443 2242 con-

1856 2276 2111 2332 cionibus
2163 2279 2490 2333 incitabant.
2530 2280 2607 2334 Ea
2639 2296 2804 2349 porro
2847 2279 2926 2335 sic
2963 2281 3313 2346 movebatur,
3366 2280 3446 2334 uti

1857 2381 2008 2422 mare
2039 2368 2179 2423 dixit
2211 2369 2509 2434 Homerus,
2546 2388 2673 2426 cum
2710 2372 3009 2427 contrariis
3039 2374 3221 2426 ventis
3258 2372 3446 2441 quati-

1859 2468 1966 2513 tur.
1998 2460 2189 2530 Neque
2236 2463 2348 2533 jam
2389 2463 2590 2517 rationi
2644 2463 2853 2533 aliquid
2913 2465 3268 2535 coniunctum
3305 2473 3446 2529 erat,

1856 2553 1952 2606 sed
1984 2553 2221 2623 quisque
2254 2554 2453 2609 obvius
2477 2554 2850 2609 cadebat.Per
2877 2554 3157 2610 substrata
3180 2555 3449 2611 cadavera

1856 2646 1993 2699 itum
2026 2647 2093 2701 ad
2126 2648 2503 2719 magistratus.
2537 2649 2617 2703 Illi
2653 2649 2927 2719 dissipati,
2961 2649 3284 2719 ingruentes
3312 2650 3444 2720 qui-

1855 2738 1980 2793 dem
2014 2741 2294 2811 excipere,
2335 2757 2506 2812 seque
2541 2742 2683 2796 tueri
2713 2742 3015 2811 optabant;
3044 2742 3133 2797 his
3159 2744 3448 2798 enimvero
3535 2786 3539 2788 ν

1856 2831 2193 2887 intrinsecus
2219 2850 2250 2888 a
2281 2843 2433 2905 tergo
2460 2851 2640 2906 pugna
2663 2836 2835 2890 altera
2863 2836 3214 2890 occurrebat.
3242 2835 3449 2901 Quam-

1855 2922 2047 2977 obrem
2088 2940 2197 2978 non
2248 2926 2360 2995 jam
2401 2936 2519 2981 erat
2569 2941 2680 2996 quo
2724 2926 2893 2980 facies
2953 2934 3259 2981 verterent.
3293 2926 3451 2982 Tunc

1856 3000 2119 3070 nimirum
2152 3018 2275 3089 igne
2308 3020 2483 3086 portis
2536 3019 2780 3083 admoto,
2842 3018 3045 3083 fumus,
3075 3034 3169 3073 eos
3211 3018 3307 3089 qui
3354 3035 3452 3074 ex-

1859 3105 2136 3160 trinsecus
2188 3118 2471 3176 urgerent,
2508 3108 2768 3178 progredi
2820 3108 3133 3173 inhibebat,
3167 3108 3327 3177 quasi
3380 3108 3450 3163 iis

1859 3199 2300 3268 comprehensis,
2334 3200 2539 3269 quibus
2567 3202 2669 3269 ipsi
2702 3201 2985 3269 suppetias
3013 3201 3186 3254 ibant.
3219 3201 3325 3266 Qui
3365 3204 3450 3253 in-

1860 3300 1949 3345 tus
1977 3300 2156 3357 erant,
2190 3292 2406 3347 sicariis
2437 3308 2501 3346 ac
2530 3292 2795 3347 maleficis
2822 3301 3010 3361 portas
3044 3293 3319 3362 aperiunt.
3366 3292 3450 3346 llli

1859 3383 1916 3437 in
1951 3384 2146 3438 urbem
2209 3385 2393 3450 effusi,
2431 3385 2636 3455 quibus
2695 3394 3008 3457 gesserunt,
3063 3400 3283 3440 omnem
3342 3385 3447 3454 ipsi

1856 3477 2176 3533 vastitatem
2212 3478 2507 3534 inducunt.
2535 3479 2689 3533 Miles
2747 3478 2921 3533 armis
2951 3478 3303 3545 nudabatur;
3332 3486 3451 3531 tra-

1859 3570 2096 3626 hebatur
2126 3587 2157 3627 a
2195 3571 2290 3626 vili
2320 3572 2503 3642 vulgo,
2539 3570 2633 3641 qui
2675 3571 2846 3624 multa
2900 3569 3090 3624 multis
3148 3569 3449 3640 praecipere

1858 3662 2056 3716 solitus
2081 3670 2220 3717 erat.
2256 3661 2464 3717 Servus
2498 3662 2695 3716 lterum
2731 3660 3054 3716 nesciebat:
3082 3676 3146 3714 ac
3201 3675 3365 3730 quem
3405 3659 3452 3714 is

1861 3752 2015 3820 prius
2039 3754 2164 3824 jure
2216 3753 2561 3822 increpabat,
2591 3762 2725 3807 tunc
2758 3753 2860 3807 sibi
2915 3768 3107 3821 poenas
3153 3767 3280 3806 eum
3314 3750 3449 3806 dare

1859 3845 2143 3914 poscebat.
2172 3845 2470 3900 Armorum
2511 3860 2791 3914 opumque
2822 3844 2968 3898 servi
2996 3859 3060 3898 ac
3096 3843 3288 3913 inopes
3316 3843 3452 3899 facti

1859 3946 2164 4007 compotes,
2198 3938 2404 4007 quibus
2440 3938 2531 3991 illa
2563 3940 2717 4007 prius
2772 3938 3180 4006 competebant,
3235 3934 3456 3990 manci-.

1859 4031 2078 4101 piorum
2108 4029 2252 4083 forte
2291 4045 2355 4084 ac
2403 4028 2624 4082 fortuna
2688 4028 2989 4093 habebant,
3017 4036 3451 4096 compactosque

3544 1471 3554 1490 ι

3541 1498 3553 1525 ἔ

1862 4121 1916 4175 in
1969 4136 2271 4185 carcerem,
2330 4135 2433 4175 nec
2493 4120 2635 4174 lucis
2685 4119 2855 4174 radiis
2909 4118 3018 4172 frui
3079 4118 3352 4174 sinebant.
3390 4118 3451 4171 In
3538 4132 3544 4138 α

1859 4211 2005 4267 aedes
2033 4211 2408 4276 concitabant,
2451 4225 2754 4279 omnesque
2811 4209 3068 4263 civitates
3100 4207 3449 4264 desertorum

1862 4319 2012 4359 more
2038 4303 2329 4358 eruebant.
2356 4302 2459 4358 Cui
2487 4304 2743 4373 laerymze
2768 4302 2978 4357 obortae
3000 4309 3209 4366 essent,
3242 4300 3450 4371 impio-

132 4398 339 4470 χείρω.
371 4400 448 4452 οι
480 4399 581 4471 μέν
607 4416 670 4468 γε
702 4399 813 4453 τῶν
834 4399 1003 4453 ὄντων
1043 4398 1454 4469 γυμνώσαντες,
1488 4400 1548 4453 ού
1570 4400 1662 4452 καὶ
1695 4400 1754 4453 τὸ

1864 4410 1986 4449 rum
2019 4395 2312 4450 confestim
2367 4394 2566 4466 gladiis
2614 4392 3126 4447 contrucidabatur.
3160 4390 3205 4447 Ο
3256 4392 3451 4445 civita-

133 4488 239 4561 ζῇν
274 4482 765 4563 προσαφεῖλοντο·
807 4486 953 4546 οὗτοι
982 4492 1059 4557 δέ,
1090 4492 1189 4566 τὸν,
1222 4490 1321 4561 μὲν
1348 4491 1560 4545 οἴκοθεν
1593 4492 1757 4562 στρά-

129 4601 326 4656 τευμα
352 4587 590 4658 τρέφειν
625 4585 950 4657 δυνάμενον,
980 4583 1067 4657 [Ρ.
1115 4583 1246 4654 589]
1280 4582 1543 4652 ἐξαίφνης
1571 4582 1757 4652 ὥσπερ

129 4680 409 4751 σκηπτοῦ
473 4680 929 4751 κατενεχθέντος,
990 4678 1389 4748 ἀποπέμπουσι
1453 4677 1757 4746 προσαιτή-

129 4790 336 4829 σοντοι.
384 4776 460 4830 Ἦ
510 4775 556 4828 δ’
619 4774 917 4846 ὑπερϐολὴ,
967 4774 1047 4827 ὅτι
1090 4774 1184 4827 καὶ
1232 4774 1342 4825 τῶν
1369 4770 1538 4823 ὄντων
1565 4770 1761 4823 ἐκϐἀλ-

123 4865 332 4934 λοντες
356 4869 801 4939 ἀγανακτοῦσιν,
834 4869 884 4920 εἰ
932 4865 1098 4930 ζῶντι
1134 4864 1275 4937 μετά
1311 4864 1418 4917 τῶν
1452 4862 1628 4918 ἄλλων
1669 4862 1758 4926 ἐξ·

117 4960 296 5016 ἐσται
341 4963 672 5034 μεμνῆσθαι
695 4963 795 5031 τῆς
833 4961 1140 5031 συμφορᾶς.

1856 4498 1991 4556 tem,
2011 4506 2137 4560 qua:
2162 4505 2230 4545 ex
2258 4505 2389 4555 una,
2418 4489 2628 4553 multae,
2665 4485 3232 4555 contrariissimisque
3254 4485 3455 4539 studiis

1858 4592 2023 4654 atque
2052 4583 2254 4637 animis
2304 4584 2553 4639 evaseris
2580 4583 2593 4635 ί
2618 4580 2661 4636 Ο
2695 4578 3095 4650 rempublicam
3132 4578 3328 4647 quovis
3361 4594 3427 4647 pe

1860 4679 1984 4749 lago
2032 4676 2267 4732 infidam
2322 4679 2533 4747 magis!
2568 4675 2612 4730 0
2668 4675 2819 4729 cives
2867 4672 3008 4727 nihil
3066 4672 3261 4744 majori
3324 4670 3453 4734 fide,

1862 4786 2029 4840 quam
2058 4770 2155 4839 qui
2182 4779 2381 4824 natura
2420 4768 2639 4823 barbari
2672 4767 2937 4836 omnique
2998 4764 3183 4820 indole
3210 4765 3223 4818 l
3256 4763 3454 4818 Marini

1866 4863 2092 4934 quidam
2138 4863 2303 4933 plane
2356 4861 2645 4932 praedones
2691 4862 2747 4915 in
2778 4860 3140 4927 continente;
3174 4857 3310 4929 quin
3369 4856 3457 4909 bis

1866 4972 2088 5026 quoque
2118 4955 2317 5011 studiis
2348 4954 2672 5009 deteriores.
2713 4954 2796 5009 llli
2827 4968 3067 5022 namque
3121 4965 3263 5020 quos
3294 4948 3456 5003 bonis

111 5055 476 5122 spoliarint,
512 5054 662 5109 baud
688 5055 856 5109 etiam
878 5054 1048 5107 vitam
1074 5066 1295 5121 quoque
1317 5049 1399 5104 eis
1421 5049 1761 5117 ademerint;
1799 5048 1857 5102 hi
1889 5064 2023 5103 vero
2048 5049 2208 5120 queis
2238 5047 2384 5103 domi
2417 5048 2719 5117 repositum
2776 5054 2838 5099 ut
2886 5044 3145 5115 praesidio
3181 5044 3456 5112 militique

106 5146 223 5202 bos
255 5159 517 5220 repente
547 5150 701 5204 velut
737 5148 983 5203 immisso
1011 5147 1263 5212 fulmine,
1292 5145 1361 5199 ad
1388 5128 1852 5199 emendicandum
1881 5160 1911 5198 a
1936 5160 1993 5198 se
2022 5142 2341 5198 amandant.
2399 5141 2669 5211 Quodque
2731 5140 2870 5194 adeo
2936 5153 3157 5192 omnem
3229 5137 3458 5192 sceleris

105 5241 564 5299 immanitatem
595 5233 792 5308 vincit,
829 5259 859 5297 a
907 5244 1025 5297 suis
1058 5254 1281 5311 quoque
1326 5238 1634 5309 ejicientes,
1665 5236 1890 5307 indigne
1922 5237 2148 5303 ferunt;
2222 5237 2268 5291 si
2301 5234 2390 5290 cui
2418 5234 2530 5288 vita
2566 5233 2788 5288 residua
2857 5231 2951 5297 sit,
2998 5246 3157 5285 cum
3229 5230 3461 5300 reliqui!

101 5337 483 5392 meminisse
512 5337 709 5391 saltem
741 5336 1068 5390 calamitatis
1099 5334 1344 5389 licuerit.

178 5435 275 5491 ς’.
320 5432 401 5482 Ὢ
460 5427 726 5499 λογισμοῦ
771 5426 1241 5499 περιυϐρισμένου
1270 5425 1282 5477 !
1315 5424 1380 5475 ’Ὡ
1414 5422 1595 5476 πάντα
1635 5420 1754 5475 ἀλο-

1934 5418 2129 5491 6οοὺ
2144 5416 2196 5470 6.
2218 5415 2261 5471 0
2283 5414 2449 5470 animi
2472 5410 3218 5469 rationcsludibriohabitas!
3241 5409 3285 5465 Ο
3302 5426 3457 5467 men-

101 5519 243 5586 γεῖις
276 5523 563 5593 ἀγούσης
587 5524 601 5575 !
633 5523 697 5575 Οἱ
724 5520 843 5592 μὲν,
870 5521 965 5573 ἐπὶ
992 5522 1117 5582 τοὺς
1148 5518 1257 5571 τῶν
1288 5516 1513 5570 δικαίων
1537 5516 1754 5581 πόνους,

1864 5513 1936 5567 tis
1955 5507 2434 5577 insaniamjeuncta
2454 5515 2727 5577 agentem,
2748 5504 3091 5573 rationisque
3108 5503 3414 5561 absentiam
3431 5501 3456 5562 ι

109 5614 202 5665 καὶ
236 5617 365 5670 τοῦ
425 5615 606 5686 πυρὸς
639 5613 895 5683 ὀξύτερον
923 5612 1225 5667 ἐκινοῦντο·
1258 5609 1481 5682 Θαρρεἰν
1510 5608 1568 5663 δὲ
1612 5603 1754 5679 εἶχεν

1862 5604 1969 5669 Illi,
2000 5603 2053 5657 in
2082 5603 2355 5673 iustorum
2392 5599 2631 5662 labores,
2663 5598 2784 5668 ipso
2810 5597 2931 5669 igne
2959 5597 3195 5653 celerius
3228 5597 3455 5653 invade—

103 5702 337 5778 οὐδεὶς,
365 5711 445 5764 οὐ
473 5709 622 5779 γένει
644 5709 1042 5779 κοσμούμενος,
1060 5705 1121 5760 ού
1151 5702 1363 5775 μεγάλα
1383 5702 1448 5775 δὴ
1471 5702 1564 5756 καὶ
1590 5701 1754 5754 πολλὰ

1865 5699 2019 5754 bant.
2074 5695 2244 5751 Nemo
2285 5709 2459 5763 usque
2500 5690 2779 5748 confidere
2812 5702 3066 5763 poterat;
3117 5707 3228 5746 non
3286 5704 3451 5763 quem
