3962 6200
482 233 587 298 847

1729 222 2109 283 DEMETRII
2144 220 2451 282 CYDONII
2568 272 2571 275 .
3646 208 3740 277 658

486 344 709 418 generis
738 341 927 397 infulae
977 343 1256 400 ornarent,
1307 350 1417 389 non
1456 331 1549 403 qui
1574 347 1768 400 magna
1799 346 1863 385 ac
1892 330 2060 394 clara,

2191 328 2632 399 ,ελειτουργηκώς
2652 345 2664 357 ·
2686 327 2748 380 ού
2777 328 2942 380 πᾶσιν
2975 326 3171 381 ἑαυτὸν
3203 325 3546 396 εὐάρμοστον
3568 344 3748 397 παρα-

481 454 585 493 nec
613 452 785 508 pauca
841 448 1074 488 munera
1119 428 1407 491 edidisset,
1441 442 1549 480 non
1578 422 1673 494 qui
1707 440 1765 479 se
1809 422 2069 479 omnibus

482 531 842 590 concinnum,
881 522 1218 594 placidisque
1261 518 1511 574 moribus
1557 515 1941 578 exhibuisset;
1973 513 2068 567 sed

483 624 633 677 velut
673 620 932 674 omnibus
953 614 1157 669 indicta
1190 622 1386 674 morte,
1428 611 1508 665 sic
1536 609 1869 663 irruentium
1902 606 2071 661 furia-

481 730 603 767 rum
637 713 854 765 illarum
891 708 1089 761 obtutu
1123 704 1456 758 tremebant.
1490 701 1722 768 Quidam
1755 716 1859 755 nec
1892 700 2070 753 solum

482 815 765 876 aspectum
789 801 1076 861 ferebant;
1106 796 1356 851 nonnulli
1391 796 1495 850 sub
1519 795 1827 847 vicinorum
1851 790 2072 846 lectulis

483 899 588 953 sibi
616 895 857 950 latebras
884 891 1244 961 quaerebant;
1293 896 1489 958 puteos
1518 887 1617 941 alii
1639 886 1934 948 subibant;
1979 882 2072 937 alii

488 985 855 1058 apprehensis
901 983 1033 1043 aris.
1094 996 1198 1036 nec
1245 980 1352 1034 loci
1411 978 1676 1049 religione
1708 994 1739 1031 a
1770 992 1829 1033 se
1864 985 2074 1030 metum

486 1076 856 1149 depellebant.
891 1074 1004 1128 Nec
1024 1072 1223 1125 desunt
1255 1069 1349 1139 qui
1382 1068 1605 1139 indigne
1631 1066 1892 1129 ferentes,
1926 1062 2074 1134 quod

486 1183 595 1222 non
622 1167 837 1236 pridem
868 1164 979 1216 vita
1003 1161 1179 1214 functi
1198 1168 1405 1223 essent,
1430 1157 1667 1227 diruptis
1690 1156 1885 1210 loculis
1908 1164 2075 1224 atque

488 1259 739 1320 tumulis,
760 1272 825 1311 ac
855 1254 1120 1309 cadavera
1145 1252 1447 1306 subeuntes
1468 1248 1649 1303 adhuc
1671 1248 1798 1301 tabo
1822 1245 2073 1310 ﬂuentia,

487 1370 589 1409 nec
619 1352 663 1407 si
701 1352 825 1421 quis
883 1347 1113 1418 propius
1143 1345 1432 1400 accederet
1468 1342 1555 1396 vel
1579 1341 1835 1411 spiritum
1870 1339 2076 1393 ducere

490 1444 763 1507 sitientia,
819 1456 923 1496 nec
976 1440 1058 1495 sic
1093 1438 1318 1509 quidem
1357 1438 1739 1507 sepulcrorum
1782 1433 2077 1488 effossores

490 1537 615 1590 illos
643 1536 817 1589 vitare
855 1531 1157 1604 potuerint.
1204 1530 1308 1585 Per
1337 1528 1531 1583 domos
1567 1518 1775 1582 clamor
1811 1524 2076 1579 audieba-

492 1641 603 1691 tur,
648 1644 712 1682 ac
742 1626 837 1695 qui
888 1623 1009 1677 beri
1060 1622 1334 1677 conducta
1389 1620 1554 1675 obolo
1602 1633 1768 1689 opera
1807 1617 2074 1681 fodiebat,

2173 424 2454 493 σχόμενος.
2491 422 2633 474 Ἀλλ’
2670 420 2861 490 ὥσπερ
2895 420 3131 474 θανάτου
3175 419 3319 473 κατὰ
3354 420 3574 473 πάντων
3622 437 3750 489 προ-

2174 514 2493 583 ειρημένου,
2519 513 2662 567 οὕτω
2693 514 2924 582 ἔτρεμον
2955 512 3055 574 τὰς
3093 510 3338 582 Ἑριννῦς
3382 512 3597 573 ὲκείνας
3640 514 3755 563 ὲπιο

2171 607 2330 657 όντας
2386 603 2643 672 ὁρῶντες.
2699 604 2761 654 Οἱ
2820 602 2918 671 μὲν
2981 602 3076 654 καὶ
3125 601 3295 671 μόνην
3329 601 3427 670 τὴν
3487 600 3614 668 ὄψιν
3660 603 3755 654 οὐκ

2174 696 2525 763 ἐνεγκόντεςο
2559 696 2608 747 οἱ
2658 694 2712 747 δὲ
2758 697 2897 761 σφᾶς
2946 694 3145 755 αὐτοὺς
3206 692 3314 745 ὑπὸ
3353 692 3452 753 τὰς
3495 692 3605 744 τῶν
3647 706 3757 755 γει-

2174 790 2347 840 τόνων
2388 786 2660 856 ἔκρυπτον
2713 785 2923 845 κλίνας.
2961 787 3022 836 Οἱ
3054 783 3098 837 δ’
3144 782 3389 854 ύπῄεσαν
3434 782 3684 852 φρέατα·
3714 783 3760 834 ei

2173 878 2251 945 δὲ,
2316 878 2425 932 τῶν
2496 878 2696 948 βωμῶν
2771 877 3043 946 ἐχόμενοι,
3092 876 3216 929 οὐδὲ
3265 874 3356 927 τὸν
3409 874 3574 928 τόπον
3614 874 3763 943 εὔρι-

2179 987 2305 1024 σκον
2363 969 2701 1040 ἀφαιροῦντά
2733 987 2787 1023 τι
2819 968 2914 1021 τοῦ
2958 969 3135 1031 δέους.
3187 968 3311 1021 Εἰσὶ
3342 966 3389 1019 δ’
3464 968 3515 1021 oi
3569 966 3765 1035 δυσχε-

2178 1062 2456 1131 ραίνοντες
2487 1059 2565 1128 τῷ
2600 1060 2675 1129 μὴ
2714 1058 2888 1112 πάλαι
2916 1058 3193 1120 τεθνάναι,
3246 1058 3345 1119 τάς
3382 1056 3554 1125 θήκας
3598 1057 3763 1128 ἀναῤ-

2178 1151 2500 1223 ῥηγνύντες,
2530 1154 2625 1204 καί⁹
2670 1151 2799 1213 τοὺς
2842 1150 3072 1221 νεκροὺς
3129 1148 3405 1212 ὑπιόντες,
3460 1147 3539 1201 ἔτι
3589 1164 3761 1216 σηπο-

2178 1245 2395 1314 μένους,
2460 1242 2557 1297 καὶ
2610 1242 2731 1313 μηδ’
2786 1242 2839 1295 εί
2895 1259 2975 1304 τις
3031 1241 3448 1312 προσεγγίσειεν
3502 1243 3763 1295 ἀναπνεῖν

2179 1333 2615 1406 συγχωροῦντας,
2633 1334 2738 1387 οὐδ’
2763 1334 2928 1387 αὑτοῦ
2946 1335 3073 1396 τοὺς
3097 1333 3496 1403 τυμὸωρύχους
3520 1333 3763 1395 ἐκείνους

2179 1422 2282 1481 οἷοί
2315 1445 2373 1480 τε
2426 1428 2677 1495 ἐγένοντο
2716 1427 3026 1495 διαδρᾶναι.
3059 1427 3168 1495 Βοὴ
3205 1425 3247 1478 δ’
3280 1427 3372 1479 ἰπὶ
3420 1427 3521 1489 τὰς
3567 1426 3762 1489 οἰκίας,

2178 1522 2274 1573 καὶ
2306 1522 2333 1572 ό
2365 1520 2624 1573 σκάπτων
2660 1519 2787 1589 χθὲς
2830 1517 3043 1584 Malui},
3083 1520 3324 1589 σήμερον
3357 1520 3766 1573 κατασκάπτω

2178 1610 2275 1681 τὴν
2330 1612 2490 1664 πόλιν
2535 1611 2819 1664 ἐπλούτει·
2878 1612 2971 1665 καὶ
3016 1612 3310 1676 πολυτελὲς
3350 1611 3411 1663 τὸ
3456 1605 3769 1678 δεῖπνον,ᾧ

491 1721 655 1775 hodie
695 1716 1045 1773 sutfodiendo
1100 1714 1383 1769 civitatem
1425 1727 1659 1781 eamque
1689 1725 1893 1765 eruens
1921 1708 2079 1763 dives

2191 1677 2447 1773 ῦεραπεία
2489 1702 2583 1757 τοῦ
2630 1702 2817 1772 δίψους
2884 1706 2940 1757 αί
3019 1705 3242 1774 κρῆναι.
3292 1704 3515 1767 Κτύπος
3570 1705 3631 1757 δὲ
3681 1677 3771 1757 καὶ

489 1819 629 1865 erat.
691 1812 971 1875 Coeuaque
1019 1806 1099 1859 illi
1162 1805 1410 1873 opipara,
1466 1802 1555 1857 cui
1621 1801 1772 1856 sitim
1821 1799 2081 1854 levabant

489 1902 670 1956 fontes
694 1917 757 1954 ac
788 1898 1009 1966 frigida.
1063 1896 1269 1965 Fragor
1294 1911 1460 1965 porro
1486 1910 1548 1948 ac
1571 1893 1773 1964 pulvis,
1810 1907 2081 1947 corruen-

494 1996 630 2048 tium
682 1992 871 2062 procul
909 2004 1191 2042 murorum
1225 1986 1434 2041 indicio
1457 1996 1633 2046 erant.
1676 1984 1974 2053 uxorisque
2016 1997 2083 2037 ac

494 2083 798 2137 liberorum
824 2078 928 2133 sub
960 2078 1026 2131 iis
1052 2075 1227 2129 ruinis
1261 2075 1611 2128 obrutorum.
1667 2074 1740 2127 lis
1760 2084 1947 2130 autem
1985 2070 2081 2142 qui

492 2172 821 2242 superstites
872 2176 1096 2233 essent,
1152 2163 1520 2220 aerumnosius
1553 2173 1674 2217 erat
1710 2163 1858 2233 quod
1888 2178 2078 2218 evase-

494 2274 638 2326 rant,
669 2276 809 2331 quos
846 2276 955 2312 non
996 2258 1195 2311 lateret
1217 2255 1451 2310 salutem
1475 2254 1622 2309 haud
1656 2255 1760 2308 sibi
1791 2255 1906 2308 fore
1933 2253 2077 2323 peri-

494 2356 622 2412 culo
657 2363 830 2408 tutam
856 2370 868 2404 :
904 2350 973 2405 ad
997 2350 1133 2405 alias
1161 2349 1308 2403 enim
1339 2347 1686 2403 ducebantur
1716 2346 2019 2417 angustias,
2046 2363 2077 2401 a

495 2448 697 2519 quibus
729 2442 902 2500 Crcesi
932 2440 1179 2497 thesauri
1204 2441 1580 2511 exigerentur.
1617 2439 1730 2493 Nec
1756 2438 1954 2505 defuit,
1986 2437 2083 2493 ubi

494 2552 549 2596 et
583 2538 785 2611 puella,
818 2551 939 2606 quae
973 2535 1029 2589 in
1059 2548 1224 2588 omne
1254 2540 1477 2602 tempus
1519 2531 1767 2585 virorum
1803 2531 2083 2602 inaspecta

495 2633 672 2687 oculis
697 2629 948 2683 instituta
975 2633 1144 2692 esset,
1184 2624 1240 2678 in
1273 2623 1408 2695 ipsis
1437 2624 1765 2678 verberibus
1799 2622 2081 2677 denudata

496 2722 783 2778 occiderit.
831 2717 875 2775 0
931 2718 1229 2782 insaniam,
1289 2733 1412 2788 qua:
1449 2732 1553 2771 nec
1583 2717 1837 2770 homines
1875 2716 2086 2786 liquido

2183 1794 2485 1865 κονιορτὸς,
2508 1795 2925 1848 καταπίπτοντα
2956 1796 3243 1866 πόρρωθεν
3272 1796 3465 1865 ἐδήλου
3493 1794 3565 1847 τὰ
3592 1794 3768 1863 τείχη,

2183 1891 2279 1944 καὶ
2326 1890 2586 1957 γυναικὸς
2637 1891 2734 1944 καί
2774 1889 2979 1942 παίδων
3020 1889 3184 1943 αὑτοῦ
3239 1890 3771 1959 καταχωννυμὲνων.

2184 1984 2309 2045 Τοῖς
2339 1983 2397 2035 δὲ
2444 1982 2882 2052 περιγινομένοις
2922 1982 3301 2052 ἀλγεινότερον
3354 1984 3416 2035 τδ
3462 1982 3773 2051 διαφυγεῖν,

2186 2076 2382 2131 εἰδόσιν
2412 2075 2514 2129 οὐκ
2536 2075 2820 2143 ἀκίνδυνον
2842 2075 3023 2138 αὐτοῖς
3055 2076 3322 2145 ἐσομένην
3348 2074 3445 2145 τὴν
3471 2072 3773 2145 σωτηρίαν*

2187 2170 2386 2240 ἤγοντο
2421 2168 2530 2238 γὰρ
2565 2168 2702 2238 πρὸς
2754 2168 3012 2239 δευτέρας
3047 2169 3315 2238 ἀνάγκας,
3352 2169 3479 2232 τοὺς
3536 2169 3776 2239 Κροίσου

2188 2259 2502 2331 θησαυροὺς
2544 2260 2959 2330 ἀπαιτούμενοι.
3003 2260 3113 2315 Καί
3152 2278 3258 2313 που
3305 2260 3402 2313 καὶ
3450 2260 3628 2329 κόρη,
3690 2261 3780 2312 τὸν

2189 2351 2407 2407 ᾶπαντα
2456 2351 2519 2420 δὴ
2550 2352 2744 2421 χρόνον
2781 2351 3095 2421 ὀφθαλμοὺς
3135 2352 3347 2422 ἀνδρῶν
3392 2350 3694 2422 διαδρᾶσα,
3730 2354 3783 2403 ὲν

2187 2444 2383 2506 αύταῖς
2441 2445 2563 2505 ταῖς
2618 2443 2872 2513 μάστιξιν
2929 2443 3252 2513 ἐτελεύτησε
3296 2443 3691 2511 γυμνωθεὴα.
3724 2445 3787 2497 Ὢ

2193 2534 2414 2605 μανίας,
2451 2534 2575 2606 μηδ’
2597 2534 2923 2605 ἀνθρώπους
2954 2535 3213 2607 καθαρῶς
3241 2536 3648 2607 συγχωρούσης
3682 2555 3784 2590 και

2190 2626 2401 2681 λείσθαι
2430 2629 2558 2691 τοὺς
2597 2627 2775 2681 ταῦτα
2802 2629 3246 2700 τετολμηκόταςί
3280 2630 3344 2683 Ὠ
3371 2627 3460 2684 οἷα
3497 2630 3600 2700 μὲν
3623 2632 3788 2701 ἑδρα-

2196 2736 2318 2784 σαν,
2350 2716 2439 2773 οἷα
2466 2720 2523 2774 δὲ
2554 2721 2854 2791 ὲπέθηκανί

498 2816 726 2871 vocitari
764 2813 929 2877 sinat,
960 2811 1162 2882 quibus
1186 2812 1325 2864 tanti
1347 2810 1464 2866 hazc
1493 2811 1721 2866 sceleris
1748 2821 2079 2881 prmsumpta
2117 2811 2269 2869 sint!
2332 2812 2376 2868 0
2410 2815 2595 2884 qualia
2628 2815 2735 2872 illis
2773 2815 3058 2886 designata
3085 2814 3355 2881 facinora,
3419 2816 3635 2886 quibus
3701 2833 3788 2872 su-

501 2923 690 2983 perata
719 2908 957 2964 cumulis
978 2909 990 2960 ι

573 3008 626 3061 7.
668 3006 892 3060 Illorum
928 3004 1113 3073 itaque
1144 3010 1263 3056 erat
1305 3000 1659 3072 superiorum
1697 3002 1965 3057 malorum
1989 3017 2085 3057 cu-

2264 3001 2328 3068 C'.
2374 3001 2631 3055 Ἑκείνων
2657 3001 2745 3073 ἄρ’
2783 2997 2874 3071 ἦν,
2908 3003 3024 3065 τοῖς
3053 3001 3295 3072 φθάσασι
3322 3005 3519 3066 κακοῖς
3551 3002 3790 3057 τοιαῦτα

503 3096 674 3159 mulo,
711 3103 875 3150 tanta:
903 3108 990 3147 res
1027 3090 1329 3162 impietatis
1374 3090 1717 3151 adinvenire.
1747 3090 2082 3159 secutisque,

501 3201 693 3241 eorum
739 3200 860 3254 quae
910 3182 1028 3237 dira
1074 3181 1420 3252 punivissent
1471 3180 1870 3235 immanitatem
1934 3180 2091 3235 obte-

503 3296 655 3352 gere.
718 3279 891 3347 Quam
940 3277 1065 3348 quis
1116 3292 1146 3330 a
1199 3274 1337 3329 viris
1378 3274 1768 3345 praestantibus
1826 3276 2091 3343 majorem

504 3372 859 3444 exquisiisset
910 3386 1152 3440 poenam,
1205 3385 1367 3439 quam
1402 3378 1459 3422 ut
1498 3383 1717 3423 carcere
1745 3376 2087 3432 tenerentur,

507 3465 790 3534 virgisque
826 3462 1346 3524 dehonestarentur,
1374 3475 1437 3514 ac
1473 3459 1667 3524 vincti,
1711 3459 2089 3520 rnaleﬁcorum

510 3571 663 3609 more
718 3552 1009 3607 sederent?
1059 3550 1193 3616 Quis
1249 3551 1452 3603 talibus
1494 3551 1831 3621 mancipatos
1872 3551 2087 3615 videns,

512 3662 621 3700 non
663 3645 871 3698 fractus
901 3644 1086 3696 animo
1115 3658 1181 3697 ac
1215 3642 1519 3708 emollitus,
1556 3642 1898 3713 fortunaque
1920 3644 2087 3698 vicis—

518 3736 795 3789 situdincs
831 3734 1139 3800 reveritus,
1192 3734 1281 3787 his
1331 3750 1507 3805 poetice
1552 3734 1714 3790 finem
1776 3736 2092 3790 statuisset?

512 3824 667 3881 Haud
724 3824 1009 3879 enimvero
1071 3824 1287 3893 impura
1346 3825 1849 3895 scelestissimaque
1910 3825 2091 3894 capita

514 3918 630 3972 haec
669 3916 800 3971 satis
827 3916 1106 3982 habuere;
1144 3918 1238 3971 sed
1283 3917 1389 3973 nisi
1432 3916 1657 3971 immani
1705 3916 1940 3988 quadam
1978 3925 2090 3971 tra-

515 4009 697 4080 gcedia
730 4007 952 4079 ﬂagitiis
1002 4007 1211 4075 addita,
1244 4009 1383 4063 nihil
1412 4008 1517 4063 sibi
1546 4010 1680 4064 satis
1733 4024 1854 4064 esse
1920 4009 2091 4063 duce-

515 4101 669 4155 bant.
695 4100 903 4169 Nempe
946 4099 1126 4154 nudos
1162 4099 1217 4154 in
1246 4100 1480 4156 indusiis
1534 4102 1866 4165 educebant,
1899 4118 1963 4156 ac
1994 4101 2089 4171 qui

516 4189 717 4261 szepius
754 4206 854 4260 pro
886 4190 1105 4243 illorum
1134 4206 1198 4244 ac
1235 4191 1473 4245 civitatis
1507 4192 1764 4247 libertate
1814 4190 2093 4264 perfuncti

516 4283 821 4338 certamine
847 4293 1022 4347 erant,
1048 4282 1271 4338 funibus
1298 4299 1327 4338 a
1356 4284 1668 4339 cervicibus
1691 4284 2092 4354 mancipiorum

2193 3093 2583 3165 προσεξευρεῖν
2625 3093 3051 3164 δυσσεὸήματα·
3087 3096 3181 3147 καὶ
3220 3097 3337 3158 τοῖς
3382 3095 3648 3164 ὑστέροις
3698 3098 3793 3157 τὰς

2190 3186 2298 3240 τῶν
2331 3185 2612 3254 προτέρων
2661 3184 2852 3237 δεινῶν
2905 3184 3212 3255 ὑπερϐολὰς
3262 3185 3610 3255 ἀποκρύψαι.
3658 3188 3792 3239 Τίνα

2190 3277 2361 3338 άντις
2400 3276 2519 3329 κατ’
2545 3274 2756 3345 ἀνδρῶν
2802 3274 2946 3329 οὕτω
2999 3262 3250 3345 μεγάλων
3296 3275 3473 3345 μείζω
3506 3278 3798 3347 τιμωρίαν

2192 3364 2480 3437 ἐζήτησεν,
2508 3365 2740 3437 εἱρκτῆς
2774 3366 2872 3419 καὶ
2906 3366 3158 3435 πληγῶν,
3186 3366 3282 3419 καὶ
3327 3366 3427 3419 τοῦ
3455 3367 3794 3436 δεδεμένους

2192 3459 2381 3530 ὥσπερ
2403 3459 2529 3522 τοὺς
2560 3457 2920 3529 κακούργους,
2955 3458 3227 3529 καθῆσθαι
3252 3475 3271 3523 ;
3300 3458 3396 3521 Τίς
3420 3458 3665 3512 τοιαῦτα
3702 3475 3798 3511 πε-

2194 3550 2463 3614 πονθότας
2493 3550 2737 3613 ἐκείνους
2777 3549 2946 3620 ὁρῶν,
2977 3551 3078 3603 οὐκ
3107 3551 3175 3604 ἂν
3218 3550 3318 3620 τὴν
3365 3550 3553 3620 ψυχὴν
3578 3550 3799 3621 ἐδαμά-

2196 3640 2321 3713 σθη,
2348 3643 2446 3709 καὶ
2477 3640 2740 3710 λογισμὸν
2774 3640 2924 3711 ἔσχε,
2958 3644 3055 3695 καὶ
3088 3642 3187 3705 τὰς
3215 3643 3429 3713 τροπὰς
3469 3645 3576 3712 τῆς
3615 3646 3799 3715 τύχης

2194 3732 2539 3801 εὐλαϐηθεὶς,
2564 3730 2648 3803 [Ρ.
2674 3731 2806 3804 590]
2836 3732 3047 3795 τούτοις
3074 3734 3171 3802 τὴν
3206 3735 3478 3807 τιμωρίαν
3507 3737 3799 3805 ὠρίσατος

2205 3823 2344 3876 Ἀλλ’
2376 3825 2436 3876 ού
2468 3823 2560 3876 καὶ
2583 3825 2695 3885 τοῖς
2720 3826 2937 3895 μιαροῖς
2963 3825 3194 3890 ἐκείνοις
3220 3826 3393 3883 ταῦτα
3425 3828 3765 3901 ἀπέχρησεν
3782 3844 3796 3856 ’

2194 3918 2307 3971 ἀλλ’
2332 3918 2380 3968 εἰ
2414 3918 2489 3987 μή
2520 3934 2643 3971 τινα
2668 3919 2792 3981 ταῖς
2822 3917 3112 3987 πονηρίαις
3150 3918 3440 3989 προσθεῖεν
3472 3924 3803 3995 τραγῳδίαν

2194 4007 2585 4078 ἀπάνθρωπον,
2626 4010 2778 4063 οὐδὲν
2827 4010 3074 4079 ἐνόμιζον
3105 4010 3378 4081 ἐξαρκεῖν.
3417 4013 3663 4083 Ἐξῆγον
3701 4016 3800 4086 μὲν

2194 4102 2260 4171 δὴ
2297 4102 2539 4171 γυμνοὺς
2570 4101 2628 4152 ὲν
2670 4103 2784 4163 τοῖς
2822 4102 3189 4170 χιτωνίσκοις,
3225 4105 3319 4156 καὶ
3350 4105 3482 4167 τοὺς
3516 4106 3673 4178 ὑπὲρ
3704 4107 3800 4173 τῆς

2199 4193 2511 4264 ἐλευθερίας
2540 4193 2722 4248 αὐτῶν
2753 4210 2813 4245 τε
2836 4193 2929 4246 καὶ
2959 4194 3058 4262 τῆς
3098 4195 3307 4259 πόλεως
3334 4198 3609 4263 πολλάκις
3654 4205 3799 4268 gyg-

2196 4286 2506 4354 νισμένους,
2534 4281 2717 4337 εἷλκον
2741 4284 2852 4340 ἀπὸ
2882 4286 2989 4339 τῶν
3024 4287 3293 4357 αὐχένων,
3345 4284 3436 4344 οἷα
3455 4292 3527 4347 τὰ
3549 4292 3674 4347 τῶν
3706 4296 3802 4347 ἀν-

518 4391 669 4429 tnore
703 4375 1013 4429 trahebant.
1047 4374 1149 4428 Hic.
1180 4392 1370 4429 servus
1394 4376 1590 4430 herum
1616 4377 1870 4432 trudebat
1897 4394 1911 4443 ;
1943 4392 2085 4432 mau-

2197 4376 2495 4448 δραπόδων,
2528 4376 2805 4446 σχοινίοις.
2852 4378 3120 4432 Ἐνταῦθα
3162 4380 3353 4444 δοῦλος
3414 4382 3519 4452 μιν
3556 4385 3669 4441 τὸν
3712 4386 3799 4441 δε-

519 4467 749 4539 cipium,
792 4484 823 4522 a
873 4484 983 4538 quo
1040 4469 1219 4540 pretio
1278 4469 1595 4540 redemptus
1640 4479 1793 4543 erat;
1834 4471 2093 4535 rusticus,

521 4562 809 4616 ductorem
850 4550 1128 4617 exercitus
1155 4579 1167 4627 ;
1199 4562 1453 4628 militem,
1480 4562 1644 4615 homo
1692 4561 1967 4632 agricola;
1996 4578 2095 4615 cu-

514 4655 606 4724 jus
626 4653 826 4722 opibus
858 4652 1017 4707 multi
1042 4653 1275 4722 patriam
1303 4652 1545 4723 adjutam
1576 4662 1867 4717 noverant,
1892 4667 2099 4724 egenus

519 4744 744 4815 otioque
778 4744 1084 4810 maleficus,
1119 4745 1527 4816 ducebautque,
1557 4761 1668 4815 quo
1698 4761 1795 4801 eos
1844 4738 1966 4800 loco
1997 4760 2097 4798 ne-

520 4853 613 4893 ces
641 4838 957 4891 manebant.

591 5012 644 5067 8.
677 5011 721 5067 Ο
752 5010 1054 5075 civitatem,
1108 5011 1164 5065 in
1199 5028 1307 5081 qua
1336 5012 1545 5069 invidis
1593 5014 1933 5071 daemonibus
1964 5017 2099 5071 tales

522 5114 651 5159 sunt
700 5104 864 5159 editae
893 5104 1145 5159 choreae!
1202 5103 1247 5159 Ο
1311 5120 1519 5169 muros,
1576 5108 1767 5176 quales
1805 5109 2101 5163 exstinctas

523 5196 851 5267 suscepistis
887 5198 1105 5250 turres!
1158 5195 1202 5250 Ο
1237 5197 1381 5250 muri
1417 5198 1706 5265 ambitum,
1750 5210 2097 5272 septumque,

524 5303 591 5342 ex
615 5304 724 5358 quo
752 5291 831 5344 illi
867 5289 1070 5358 saepius
1094 5288 1294 5359 fugatis
1324 5289 1596 5356 hostibus,
1622 5292 1909 5348 acerbiora
1938 5310 2104 5363 quam

526 5395 626 5448 pro
654 5383 927 5437 victorum
960 5383 1171 5437 ratione
1222 5383 1537 5438 sustinuere
1587 5386 1766 5439 malai
1807 5386 2013 5458 Nempe
2048 5388 2101 5441 in

530 5488 737 5538 muros,
768 5475 972 5530 vinctis
996 5475 1272 5540 manibus,
1310 5474 1687 5531 maleﬁcorum
1720 5493 1895 5545 more,
1946 5478 2102 5532 nefa-

531 5563 601 5616 rii
630 5563 907 5621 ducebant
931 5583 945 5633 ;
970 5577 1201 5622 mortem
1230 5570 1344 5639 jam
1376 5584 1406 5623 e
1440 5569 1621 5625 vicino
1653 5572 1963 5626 venientem
1988 5588 2105 5626 cer-

532 5661 727 5710 nentes
774 5657 985 5725 miseri,
1022 5660 1220 5716 animis
1262 5661 1607 5733 fugitabant:
1642 5680 1705 5719 ac
1754 5665 1831 5718 illi
1881 5665 2101 5736 quidem

2201 4468 2403 4535 σπότην
2426 4466 2555 4518 ὦθει
2587 4483 2601 4496 ’
2640 4467 2731 4520 τὸν
2758 4468 2813 4522 δὲ
2837 4469 3162 4540 πριάμενον,
3188 4472 3249 4524 τὸ
3293 4473 3648 4545 ἀνδράποδον
3669 4494 3686 4508 ⁸
3712 4479 3803 4528 τὸν

2197 4560 2255 4612 δὲ
2284 4559 2608 4629 στρατηγὸν,
2673 4562 2701 4613 ό
2758 4562 3016 4631 ἀγροῖκος
3042 4576 3056 4591 ⁸
3089 4565 3184 4615 καὶ
3219 4564 3313 4617 τὸν
3351 4568 3750 4640 στρατιώτην,
3778 4571 3806 4620 ὁ

2200 4651 2445 4721 γεωργός
2470 4666 2483 4679 ·
2515 4644 2558 4717 ᾧ
2586 4651 2630 4705 δ’
2660 4653 2723 4704 ἐκ
2752 4653 2865 4706 τῶν
2914 4653 3085 4707 ὄντων
3126 4655 3311 4710 πολλοὶ
3340 4660 3658 4729 συνῄδεσαν
3708 4665 3809 4729 τὴν

2200 4742 2432 4811 πατρίδα
2460 4741 2793 4811 ὼςρεληκότι,
2850 4747 2878 4799 ὁ
2924 4747 3128 4819 ἄπορος
3168 4750 3263 4802 καὶ
3312 4755 3659 4823 κακουργῶν
3719 4755 3809 4806 διὰ

2202 4836 2526 4906 τῆςάργίας,
2561 4838 2653 4888 καὶ
2691 4838 2929 4907 ἀπῆγον,
2957 4836 3019 4894 οὗ
3052 4843 3376 4912 γενομένους
3403 4845 3514 4898 ἔδει
3533 4847 3811 4912 δέξασθαι

2199 4930 2299 4997 τὴν
2327 4930 2561 4998 σφαγήν.

2272 5018 2342 5086 η’.
2394 5022 2456 5073 Ὢ
2483 5023 2716 5087 πόλεως,
2749 5025 2807 5076 ὲν
2838 5018 2871 5098 ᾖ
2900 5025 3118 5095 δαίμοσι
3138 5026 3420 5098 φθονεροις
3456 5048 3527 5085 τα
3562 5050 3815 5088 tutatuta

2204 5112 2520 5181 ὲχόρευσανί
2560 5116 2623 5166 Ὢ
2648 5116 3025 5185 τειχῶν,οἱόυς
3056 5119 3507 5189 ἀποθνήσκοντας
3534 5125 3817 5193 ἐδέξασθε

2205 5204 2469 5273 πύργουςῐ
2504 5208 2568 5258 Ὢ
2598 5209 2910 5276 περιόόλου,
2943 5210 3034 5279 ἀφ’
3057 5203 3116 5265 οὗ
3152 5211 3417 5278 πολλάκις
3442 5217 3656 5271 ἐκεῖνοι⁵
3681 5235 3811 5290 τρε-

2203 5300 2434 5370 ψάμενοι
2464 5321 2590 5365 τους
2625 5304 2874 5375 εχθροίις,
2916 5306 3056 5375 μετὰ
3078 5308 3179 5370 τὰς
3227 5310 3383 5373 νίκας
3430 5310 3650 5365 ἔπαθον
3699 5313 3817 5364 τῶν

2206 5398 2523 5466 ἡττημένων
2557 5403 2859 5471 πικρότερα
2887 5404 2898 5455 i
2929 5404 2993 5455 Οί
3026 5404 3123 5474 μὲν
3152 5405 3358 5475 ἀνῆγον
3389 5408 3483 5461 ἐπὶ
3512 5410 3580 5462 τὰ
3608 5411 3825 5479 τείχη,

2204 5489 2296 5540 τὸν
2337 5489 2447 5544 τῶν
2513 5492 2857 5563 κακούργων
2890 5496 3111 5565 τρόπον,
3142 5497 3457 5568 δεδεμένους
3484 5500 3560 5555 τὼ
3591 5505 3780 5572 χεῖρε
3810 5520 3832 5536 ·

2206 5580 2255 5633 of
2276 5581 2319 5632 δ’
2350 5586 2744 5653 ἀνεστρέφοντο
2792 5587 2890 5648 τὰς
2937 5587 3134 5658 ψυχὰς,
3188 5590 3285 5662 τὴν
3313 5592 3570 5663 τελευτὴν
3607 5596 3731 5649 καὶ
3760 5596 3843 5668 δὴ

2210 5676 2546 5743 προσιοῦσαν
2571 5677 2841 5747 ὁρῶντες·
2892 5682 2985 5734 καί
3033 5683 3081 5736 οἱ
3121 5684 3240 5753 μὲν,
3274 5684 3499 5755 ἤπειγον
3525 5686 3675 5751 τοῖος
3714 5690 3847 5747 ὑπὸ
