3962 6200
341 187 428 265 ω
1359 190 1462 253 EX
1493 191 2014 253 VITA..BASILII
2068 191 2435 256 JUNIORIS
3444 196 3550 260 6M

431 272 454 304 ἰ

343 319 3544 374 summm

527 417 674 613 A\D
774 517 1450 624 SEQUENTIA
1551 523 1704 612 EX
1818 527 2107 616 VITA
2215 526 2646 614 BASILII
2755 526 3331 616 JUNIORIS

1379 735 1499 797 FR.
1548 735 1982 798 COMBEFISII
2043 736 2462 798 PR/EFATIO.

387 1060 511 1127 Quod
547 1063 674 1118 olim
730 1065 1088 1128 adverteram,
1127 1066 1342 1137 viroque
1387 1065 1540 1121 docto
1577 1064 1862 1136 Codefrido
1895 1061 2226 1118 Heuschenio
2249 1063 2306 1120 S.
2329 1063 2382 1118 J.
2413 1065 2754 1134 scripseram,
2781 1071 2914 1126 tum,
2949 1077 3066 1116 cum
3092 1061 3174 1116 illi
3209 1064 3332 1116 vita:
3364 1062 3546 1132 hujus-

326 1152 661 1207 excardinalis
695 1153 829 1208 Julii
855 1153 1120 1227 Mazarini
1153 1153 1244 1207 τοῦ
1285 1155 1619 1225 μακαρίτου,
1660 1169 1802 1208 nunc
1835 1148 2018 1222 Regio,
2060 1154 2255 1217 codice,
2291 1153 2390 1222 feci
2419 1153 2648 1224 copiam,
2683 1162 2743 1206 ut
2786 1153 2844 1205 in
2886 1167 2997 1204 rem
3035 1150 3466 1212 ecclesiasticam,
3493 1151 3548 1204 in

323 1253 404 1291 suo
425 1238 594 1292 Martio
625 1236 887 1310 uulgaret,
917 1243 1066 1312 isque
1089 1257 1154 1295 ex
1187 1243 1316 1296 meis
1338 1241 1570 1310 ﬁdeliter
1602 1244 1896 1312 expressit:
1931 1259 2036 1297 non
2061 1245 2324 1298 modicam
2342 1243 2539 1298 scilicet
2577 1243 2740 1297 lucem
2773 1259 2838 1296 ea:
2866 1259 2927 1296 ea
2955 1242 3138 1296 haberi
3169 1257 3318 1312 posse
3349 1243 3408 1295 in
3435 1256 3547 1293 rem

324 1326 534 1383 Historiis
562 1327 908 1397 Byzantina;
952 1332 1121 1401 magis
1159 1347 1299 1384 nunc
1323 1330 1678 1399 deprehendo,
1700 1347 1818 1384 cum
1843 1343 1938 1402 per
1962 1333 2401 1388 Christianissimi
2431 1335 2569 1403 regis
2594 1331 3009 1404 indulgentiam,
3039 1348 3103 1385 ex
3125 1330 3288 1401 Regia
3307 1330 3422 1401 ejus
3441 1328 3550 1383 Ln-

324 1431 436 1484 pam
459 1416 686 1471 Annales
715 1419 875 1483 edidi,
919 1419 1167 1490 Vitasque
1199 1419 1614 1490 lmperatorum,
1660 1422 1731 1473 ad
1752 1437 1977 1490 quorum
2026 1430 2271 1491 tempora
2301 1419 2494 1475 Basilii
2531 1420 2645 1474 Vita
2684 1422 2801 1491 ipsa
2835 1429 3056 1487 spectat,
3091 1418 3300 1481 Basilii,
3341 1417 3551 1476 Leonis.

319 1503 596 1568 Alexandri,
626 1504 980 1568 Constantini,
1011 1509 1238 1562 Romani
1255 1508 1543 1578 Lacapeni,
1580 1518 1678 1562 etc.
1717 1508 1792 1562 Ac
1818 1509 2030 1578 quidem
2061 1510 2235 1577 primo
2269 1517 2590 1571 statueram,
2624 1525 2685 1562 ea
2717 1509 2889 1563 solum
2914 1510 3051 1564 inter
3084 1517 3238 1561 notas
3264 1522 3554 1576 represen-

320 1601 434 1653 tare,
455 1608 564 1661 qua!
587 1594 656 1646 ad
687 1595 919 1660 primum
948 1595 1248 1666 ingressum
1277 1594 1616 1650 Constantini
1645 1607 1910 1667 spectant,
1941 1598 2200 1667 Dus-isque
2223 1599 2614 1668 aggressionem
2645 1607 2694 1650 et
2715 1597 2928 1658 caedem,
2959 1596 3095 1667 quod
3124 1595 3407 1666 Gregorius
3427 1605 3552 1648 tan-

317 1692 412 1733 tum
437 1680 558 1741 Daci
579 1681 757 1749 faveat
794 1687 883 1748 (ac
921 1700 1086 1753 prope
1110 1693 1401 1755 martyrem
1423 1685 1710 1746 consecret)
1741 1696 2004 1750 quantum
2025 1685 2226 1756 reliqui
2257 1686 2568 1748 detrahunt,
2605 1693 2662 1738 ut
2700 1685 2897 1740 scilicet
2924 1684 3278 1739 Constantino
3309 1699 3371 1736 ac
3399 1683 3555 1752 [ami-

317 1771 392 1822 tie
408 1769 762 1838 gratiﬁcentur
781 1787 799 1824 :
823 1773 972 1842 cujus
1001 1773 1277 1842 stipendiis
1319 1774 1600 1843 scriptores
1623 1784 1670 1826 et
1696 1775 1951 1844 equales,
1985 1774 2294 1839 merebant;
2317 1779 2368 1826 et
2395 1790 2428 1826 a
2458 1772 2647 1842 quibus
2673 1771 2866 1842 reliqui
2899 1785 3170 1840 accepere.
3192 1767 3341 1834 Quod
3371 1776 3554 1824 tamen

314 1857 454 1912 etiam
509 1857 616 1911 alia
682 1861 930 1928 quaedam
985 1862 1332 1921 contineant.
1384 1861 1770 1931 imperatorum
1834 1878 1898 1916 ac
1955 1864 2319 1916 ministrorum
2384 1861 2648 1930 propria,
2708 1859 2952 1929 uultuque
3010 1857 3092 1913 uel
3158 1859 3418 1921 virtutes,
3467 1855 3553 1910 vel

312 1945 443 2008 uitia,
471 1946 579 2013 ipsa
600 1947 879 2000 annalium
905 1964 1065 2017 prape
1090 1949 1392 2018 compendio
1417 1950 1618 2019 digesta
1641 1965 1659 2010 :
1695 1967 1728 2003 a
1755 1951 1926 2020 primo
1956 1967 2076 2020 cap.
2113 1951 2186 2002 ad
2205 1949 2238 2002 4
2267 1950 2343 2001 ita
2381 1958 2438 2002 ut
2467 1948 2710 2002 distinxit
2729 1947 3082 2009 Henschenius
3099 1960 3304 2016 ;opertc
3328 1946 3557 2013 pretium

311 2032 470 2110 putavi
491 2034 639 2102 quasi
667 2035 979 2106 Appendicis
1002 2034 1136 2098 loco,
1174 2045 1298 2090 ante
1325 2044 1500 2102 notas,
1539 2038 1624 2091 llic
1661 2055 1771 2092 una
1800 2039 1937 2092 serie
1969 2038 2092 2092 aliis
2119 2036 2337 2104 perinde
2368 2036 2713 2107 appendicem
2751 2033 3066 2104 facientibus
3105 2034 3414 2087 summatim
3453 2033 3558 2086 ud-

309 2122 435 2181 dere,
457 2129 609 2190 atque
641 2123 695 2176 in
728 2124 801 2176 eis
842 2129 1044 2177 tomum
1085 2125 1222 2178 hunc
1265 2123 1696 2180 Continuationis
1729 2143 1762 2179 a
1795 2125 2128 2196 TheOphaue,
2172 2142 2237 2180 ne
2265 2124 2402 2182 mole
2426 2124 2687 2196 grandior
2721 2123 2887 2178 uideri
2919 2123 3104 2194 possit,
3138 2121 3360 2191 adjectis
3384 2122 3544 2182 notis,

305 2208 479 2275 ﬁnire:
520 2211 618 2264 nisi
640 2213 802 2265 etiam
839 2209 1116 2282 Symeouis
1152 2211 1444 2283 Logotltette
1471 2212 1765 2268 Cltronicon
1802 2231 1833 2268 a
1865 2214 2038 2270 Leone
2058 2214 2291 2268 Armeno
2344 2213 2416 2268 ad
2448 2212 2710 2266 Basiliam
2743 2210 3021 2266 Juniorem
3043 2226 3234 2281 capere
3261 2211 3423 2281 possit
3449 2227 3467 2265 :
3492 2226 3558 2263 ne

306 2295 521 2367 ejusdem
554 2301 805 2368 temporis
844 2301 1086 2376 historia
1131 2318 1163 2354 α
1195 2317 1250 2354 se
1270 2300 1576 2366 divellatur,
1607 2304 1812 2371 etquod
1842 2302 2138 2375 Logothetce
2159 2305 2268 2374 ipse
2301 2303 2646 2373 singulariter
2667 2301 2992 2369 Theophanis
3031 2301 3394 2364 continuator,
3438 2301 3555 2362 eius

304 2386 458 2454 ipsam
483 2402 687 2439 omnem
705 2389 1006 2442 methodum
1044 2399 1276 2452 secutus,
1305 2389 1444 2460 quod
1471 2407 1574 2443 non
1608 2388 1726 2454 alii,
1765 2389 1917 2444 nulla
1952 2394 2023 2446 eis
2053 2408 2320 2446 annorum
2341 2391 2543 2462 digesta
2574 2389 2800 2451 ratione,
2827 2389 2882 2440 in
2913 2405 3019 2457 qua
3054 2386 3341 2459 Logotheta
3371 2385 3546 2458 pluri-

303 2489 433 2526 mum
456 2474 716 2529 desudat:
749 2484 798 2528 et
821 2493 941 2530 vero
959 2493 1149 2548 capere
1181 2477 1388 2543 debere,
1426 2493 1517 2530 nec
1562 2477 1786 2531 ulterius
1825 2478 2107 2532 trahendos
2137 2479 2287 2532 hosce
2320 2476 2577 2537 Annales,
2633 2483 2683 2528 et
2726 2474 2889 2528 doctis
2923 2477 3116 2542 visum,
3155 2482 3204 2528 et
3234 2475 3384 2546 cujus
3415 2477 3554 2528 curis

299 2559 450 2633 Regia
494 2565 693 2620 credita
733 2565 971 2637 Lupara,
1025 2567 1254 2637 rejectis,
1309 2568 1354 2620 si
1377 2569 1502 2630 quid
1536 2575 1613 2620 est
1644 2584 1882 2624 mearum
1921 2567 2204 2626 Notarum,
2241 2568 2294 2620 in
2325 2551 2767 2621 Continuatorem
2793 2565 3011 2635 ejusque
3038 2565 3374 2635 appendices,
3421 2575 3472 2617 et
3497 2565 3554 2618 in

299 2650 641 2722 Logotlietam,
687 2654 758 2710 ad
805 2655 923 2708 libri
953 2655 1160 2722 ‘ﬁnem,
1205 2669 1322 2722 qua:
1354 2655 1464 2710 alia
1502 2654 1623 2710 aliis
1669 2653 1837 2710 lucem
1873 2658 2090 2726 facient.
2149 2653 2408 2726 Sequens,
2457 2654 2550 2724 qui
2593 2663 2760 2706 certos
2789 2662 3030 2706 auctores
3067 2651 3280 2715 habeat,
3325 2649 3554 2706 Leonem

298 2739 578 2794 Diaconnm
609 2751 657 2794 et
695 2741 1002 2797 .llicliaelem
1042 2741 1300 2806 Psellum,
1329 2743 1510 2797 ambos
1543 2742 1698 2797 titulo
1730 2744 1998 2816 prcel'eret,
2027 2761 2088 2800 ac
2122 2760 2216 2814 per
2235 2760 2321 2798 eos
2345 2743 2551 2814 insigne
2579 2751 3036 2798 auctoramentum
3059 2743 3314 2797 Historia
3342 2741 3556 2813 Byzan-

294 2829 416 2882 tina:
466 2827 618 2898 faciet
646 2845 664 2883 :
713 2830 986 2902 aberitque
1023 2831 1192 2885 omnis
1227 2831 1322 2884 illa
1352 2829 1596 2885 dictionis
1630 2833 1912 2899 impuritas
1933 2875 1948 2900 ,
1984 2849 2104 2906 quae
2144 2841 2195 2886 et
2224 2832 2354 2886 mihi
2386 2847 2490 2885 non
2525 2847 2689 2886 unam
2713 2830 2832 2899 ﬁxit
2867 2847 3094 2894 crucem,
3125 2837 3176 2885 et
3200 2830 3314 2894 tibi,
3345 2829 3551 2896 Lector,

294 2933 542 2971 nauseam
593 2918 834 2991 aliquam
893 2935 1099 2974 movere
1144 2921 1361 2990 poterit,
1428 2920 1531 2974 nisi
1585 2927 1848 2990 quantum
1900 2936 2080 2976 rerum
2134 2919 2253 2990 ipsa
2304 2919 2558 2990 majestas
2598 2917 2899 2984 solabitur,
2960 2916 3360 2989 Anualiumque
3406 2931 3554 2971 com-

291 3007 559 3076 pendium.

1185 3302 1338 3388 EK
1407 3303 1637 3391 ΤΟΥ
1723 3305 1987 3393 ΒΙΟΥ
2055 3300 2641 3393 ΒΑΣΙΛΕΙΟΥ

1739 3485 1879 3542 ΤΟΥ
1923 3488 2112 3543 ΝΕΟΥ

1135 3645 1322 3698 aues
1377 3641 1772 3698 reammor
1826 3644 1969 3698 τοι·
2053 3645 2392 3701 ΜΑθιποΥ
2422 3629 2494 3714 έΑ
2507 3645 2634 3699 rm
2649 3645 2708 3697 r.

1008 3975 1168 4063 EX
1270 3974 1712 4062 BASILII
1822 3971 2398 4061 JUNIOBIS
2503 3972 2785 4061 VI'I‘A

1108 4168 1515 4234 AUCTORE
1555 4168 1998 4232 GREGORIO
2028 4169 2240 4231 EJUS
2271 4167 2745 4231 DISCIPULO.

335 4493 439 4566 [Ρ.
466 4490 601 4553 393,
626 4490 754 4564 59η
781 4495 852 4544 α’.
885 4487 1162 4550 Basiliam;
1201 4485 1231 4538 ὁ
1264 4485 1546 4557 βασιλεὺς,
1585 4479 1630 4554 ᾧ
1661 4487 1723 4540 τὸ
1757 4487 1878 4540 ἐπι-

2051 4487 2210 4559 θοι
2231 4486 2464 4542 Basilius
2487 4487 2808 4557 imperator,
2827 4497 3196 4559 cognomento
3215 4489 3458 4554 Macedo,
3498 4493 3565 4546 li-

246 4585 412 4654 κλην
452 4581 754 4644 Μακεδὼν,
787 4582 938 4644 uicis;
959 4580 1084 4649 ἔσχε
1113 4579 1408 4650 τέσσαρας,
1433 4579 1810 4634 Κωνσταντῖνο

2003 4596 2147 4637 toros
2163 4590 2402 4651 quatuor
2421 4581 2664 4643 sustulit,
2683 4580 3130 4646 Constantinum,
3158 4582 3417 4648 Leonem,
3446 4585 3567 4639 Ste-

242 4677 516 4740 Λέοντα,
553 4673 826 4743 Στέφανον
858 4675 952 4726 καὶ
987 4671 1359 4746 Ἀλέξανδρον.
1391 4666 1494 4724 Ὧν
1523 4673 1550 4725 ὁ
1587 4671 1686 4744 μὲν
1718 4674 1806 4728 Κω

2003 4675 2226 4731 thanum
2256 4683 2312 4729 et
2341 4674 2736 4729 Alexandrum.
2769 4674 2854 4729 Ex
2880 4675 2964 4729 nis
2992 4674 3390 4733 Constantinus
3428 4678 3567 4732 vivis

239 4769 573 4830 παντῐνος
604 4767 798 4837 κομιδῇ
831 4766 971 4830 νέος,
1009 4763 1280 4836 ὑπεξῆλθε
1302 4764 1397 4817 τοῦ
1431 4763 1570 4835 βίου’
1601 4764 1803 4835 Στιφω

2003 4775 2276 4836 :xemptus
2323 4773 2428 4828 est,
2481 4763 2664 4820 adhuc
2715 4765 2875 4820 valde
2926 4765 3196 4836 juvenis:
3249 4768 3567 4839 Stephanus

231 4864 327 4927 δὲ,
402 4859 861 4934 ἀρχιεπῑσκοπος
913 4857 1543 4920 Κωνσταντινουπὸλεως
1587 4875 1795 4928 προχειι

2004 4873 2145 4920 rem,
2179 4857 2626 4927 archiepiscopus
2651 4855 3300 4930 Constantinopolitanus
3329 4862 3568 4932 paelici-

228 4958 451 5021 ζεται,
492 4953 642 5026 ἀνὴρ
671 4953 822 5026 πάσῃ
842 4953 1010 5025 ἀρετῇ
1044 4949 1352 5022 διαπρέψας
1373 4966 1388 4980 ·
1415 4953 1463 5004 el
1504 4950 1599 5004 καὶ
1627 4943 1788 5014 οὗτος

2005 4968 2098 5016 ,ur,
2125 4951 2210 5005 vir
2240 4950 2390 5005 omni
2420 4949 2643 5006 virtutis
2668 4950 2831 5007 laude
2859 4953 3227 5024 conspicuus:
3269 4955 3484 5022 tametsi
3521 4957 3569 5010 is

226 5047 546 5118 συντόμῳ
568 5046 630 5100 τὸ
650 5044 827 5118 χρεὼν
860 5043 1275 5114 ὲλειτούργησε·
1308 5043 1403 5095 καὶ
1436 5042 1637 5112 συνεχῆ
1669 5040 1790 5097 nec

2002 5043 2139 5099 ποιεί
2195 5041 2306 5098 fato
2365 5043 2588 5097 functus
2633 5051 2758 5098 est:
2815 5045 3210 5116 continuisque
3249 5063 3280 5102 τι
3333 5047 3566 5103 medicis

221 5155 343 5193 σια
381 5137 569 5210 παρά
607 5137 809 5191 παίδων
836 5135 1035 5209 ἰατρῶν
1049 5133 1363 5205 δεξάμενος,
1391 5133 1476 5187 διὰ
1494 5137 1593 5204 τὴν
1625 5134 1785 5205 ὲνυχλ‹

2007 5135 2660 5209 ωτεεηιίιιυεπεηὶεὰἰὶε
2701 5144 2996 5207 acceptus,
3043 5137 3112 5192 ad
3153 5137 3324 5194 febris
3354 5155 3454 5195 ex.
3479 5181 3526 5194 ..
3564 5181 3571 5193 .

217 5247 353 5284 σαν
397 5229 580 5302 αὐτῷ
607 5233 740 5285 ὲκ...
776 5228 1074 5296 πυρκαϊὰν,
1098 5225 1188 5296 ὑφ’
1219 5221 1296 5280 ὧν
1321 5225 1508 5290 κακῶς
1541 5225 1781 5298 ψυχρανε

2005 5227 2358 5283 uoderandos
2378 5227 2628 5293 ardOres,
2671 5241 2834 5282 verso
2860 5229 2914 5282 in
2951 5227 3204 5300 frigidam
3243 5231 3569 5300 qualitatem

208 5324 336 5376 τὸν
379 5323 712 5394 στόμαχον,
742 5325 833 5376 καῖ
861 5323 944 5386 «ις
973 5321 1128 5375 νόσον
1148 5318 1505 5390 δυσδιήγητον
1536 5335 1772 5390 περιπεσ

2006 5320 2295 5384 stomacho,
2327 5334 2412 5385 ac,
2452 5335 2618 5390 quam
2649 5334 2814 5374 nemo
2852 5320 3043 5375 verbis
3065 5320 3226 5378 facile
3258 5323 3570 5394 explicare.

205 5416 638 5486 ὲτεὶεύτησε.
657 5416 768 5469 Καὶ
795 5414 902 5486 μὴν
928 5413 1025 5468 καὶ
1048 5413 1076 5466 ὁ
1094 5411 1286 5466 τούτου
1326 5411 1510 5482 πατὴρ
1535 5409 1769 5465 Bullati

2006 5411 2079 5476 ιίι,
2118 5419 2398 5467 contracta
2420 5410 2770 5482 aegritudine,
2804 5413 3110 5469 exstinctus
3137 5425 3241 5470 est.
3275 5414 3417 5483 Quin
3447 5418 3570 5486 ejus

202 5510 335 5564 καὶ
367 5509 496 5565 τὸν
518 5509 632 5579 πρὸ
657 5506 823 5562 αὑτοῦ
851 5504 1275 5577 βεὸασιλευκότα
1291 5503 1512 5575 Μιχαὴλ
1536 5501 1764 5572 ἀνελὼν,

2007 5517 2206 5576 μιοψιε
2234 5515 2393 5574 pater
2441 5502 2676 5558 Basilius
2698 5543 2711 5566 ,
2746 5502 2842 5574 qui
2889 5504 3235 5561 decessorem
3276 5523 3436 5565 suum
3471 5509 3571 5563 illi-

198 5603 407 5659 οὕτω
451 5602 533 5656 τὰ
562 5604 818 5673 σκῆπτρα
847 5596 1160 5668 κατασχών.
1229 5597 1326 5650 Ὃν
1372 5597 1442 5668 δὴ
1472 5597 1566 5650 καὶ
1603 5595 1762 5668 ψυχοέ

2007 5597 2232 5653 :haelem
2263 5597 2650 5666 imperatorem
2683 5595 2927 5658 sustulit,
2989 5607 3154 5666 atquc
3187 5599 3241 5654 in
3277 5601 3426 5656 hunc
3453 5616 3571 5653 inn-

203 5695 363 5764 γῶν
454 5693 701 5749 ἔϐλεπεν
763 5691 1103 5764 ιγκαλοῦντα
1159 5688 1336 5762 τούτῳ
1375 5691 1468 5746 καὶ
1508 5689 1767 5760 λέγονται

2007 5689 2118 5746 lum
2146 5703 2332 5747 rerum
2364 5687 2422 5745 in
2449 5703 2510 5746 se
2535 5703 2806 5745 summam
2841 5692 3124 5747 transtulit
3161 5716 3171 5750 :
3203 5709 3368 5764 quem
3395 5694 3571 5762 ipsum
