3962 6200
401 235 510 298 655

1498 241 1597 301 EX
1649 239 1822 301 VlTA
1883 235 2163 296 BASILII
2206 234 2587 296 JUNIORIS.

3566 233 3668 299 656

404 358 535 411 dum
572 356 813 409 animam
842 364 1052 424 ageret,
1086 356 1339 412 viditsibi
1364 359 1791 427 exprobrantem
1823 365 1969 425 atqui

2091 366 2189 403 σοι
2222 350 2506 417 ἐποίησα,
2531 349 2581 401 ὦ
2605 350 2905 404 Βασίλεια.
2936 349 2971 415 ἡ
3006 348 3061 400 τι
3109 363 3209 400 σοι
3237 346 3525 415 ἠδίκησα.
3581 348 3666 402 ὅτι

406 452 681 505 dicentem
718 468 729 503 :
761 450 1028 515 Quidnam
1051 451 1164 513 tibi,
1190 449 1379 515 Basili,
1410 452 1527 520 feci,
1565 462 1659 506 aut
1694 454 1821 522 quid
1853 452 1985 515 Ia’si,

408 544 545 613 quod
567 545 641 597 sic
670 544 953 597 crudeliter
982 561 1064 597 me
1086 545 1459 599 interemisti?
1494 546 1663 616 Inque
1704 562 1832 601 eum
1875 562 1989 602 mo-

406 638 535 691 dum
566 639 745 691 scelus
771 636 1103 699 contitendo,
1139 636 1357 691 vivendi
1393 637 1557 692 linem
1586 638 1740 699 fecit,
1779 638 1988 692 relictis

408 726 462 779 in
486 725 736 795 imperio,
778 723 959 778 Leone
986 732 1038 778 et
1073 724 1384 779 Alexandro
1414 725 1563 780 ﬁliis.

472 815 527 865 τὶ.
572 812 776 866 llorum
832 812 1050 881 imperii
1095 828 1239 867 anno
1276 813 1516 879 decimo,
1563 815 1634 868 ob
1676 814 1985 869 necessaria

402 904 652 974 quaedam
704 920 968 966 munera,
1022 905 1175 960 missi
1217 906 1271 959 in
1313 906 1497 960 Asiam
1546 908 1769 977 quidam
1816 908 1985 977 Magi-

403 994 599 1048 striani
634 1006 797 1049 sunt:
847 996 940 1064 qui
986 995 1038 1049 in
1084 1004 1270 1050 monte
1310 996 1549 1065 quodam
1586 998 1707 1067 ejus
1746 998 1988 1068 regionis

404 1088 581 1141 arduo
631 1102 695 1141 ac
742 1086 951 1142 dillicili
998 1087 1103 1142 iter
1163 1087 1466 1151 habentes,
1512 1088 1566 1143 in
1606 1097 1859 1143 sanctum
1907 1087 1983 1142 ibi

407 1189 537 1234 tunc
592 1188 902 1235 versantem
955 1178 1238 1243 incidere,
1296 1179 1389 1234 vili
1453 1179 1643 1234 habitu
1708 1178 1985 1245 indutum,

402 1273 718 1342 agrestique
777 1273 961 1342 specie
1015 1271 1171 1342 quasi
1217 1272 1566 1326 monticolam
1616 1271 1895 1326 hominem
1929 1280 1987 1327 et

405 1365 461 1417 in
511 1365 681 1435 sylvis
722 1365 1012 1419 nutritum.
1044 1364 1167 1419 Rati
1202 1372 1384 1418 autem
1426 1379 1551 1418 eum
1579 1363 1983 1432 exploratorem

400 1469 545 1518 esse,
574 1464 633 1507 ut
649 1465 809 1509 erant
840 1454 894 1509 in
921 1470 1095 1523 equos
1128 1455 1633 1523 insilientesipsum
1663 1460 1983 1517 tenuerunt,

400 1563 465 1623 ac
537 1556 883 1603 revertentes
947 1548 1269 1618 Byzantium
1343 1562 1532 1602 secum
1608 1546 1983 1601 adduxerunt.

399 1641 646 1710 Cumque
674 1642 741 1695 de
772 1642 864 1696 illo
886 1642 1205 1697 retulissent
1234 1641 1301 1696 ad
1333 1642 1713 1710 imperatores,
1748 1640 1985 1696 traditus

400 1740 484 1786 est
505 1709 572 1786 ad
605 1731 940 1802 quaestiones
969 1732 1037 1787 de
1065 1747 1132 1786 eo
1162 1709 1445 1786 habendas
1481 1730 1731 1803 Agareno
1761 1728 1979 1785 cuidam
2017 1709 2056 1766 Β

401 1822 671 1887 Samonze,
708 1822 974 1894 dignitate
1009 1823 1263 1894 patricio,
1295 1823 1388 1891 qui
1433 1823 1606 1891 ipsius
1635 1836 1857 1876 causam
1881 1836 1979 1876 co-

401 1914 655 1981 gniturus
692 1924 860 1979 esset,
902 1923 957 1968 et
992 1915 1269 1985 quisnam,
1304 1925 1361 1970 et
1398 1914 1563 1977 unde,
1596 1914 1814 1984 quodve
1860 1916 1979 1985 ejus

404 2008 688 2077 proprium
726 2023 926 2063 nomen
960 2018 1125 2071 esset,
1155 2009 1587 2065 examinaturus.

465 2098 525 2155 3.
571 2100 621 2154 ls
667 2115 801 2170 ergo
849 2115 916 2155 eo
966 2101 1190 2155 domum
1244 2111 1550 2170 assumpto,
1585 2116 1647 2155 ac
1677 2116 1776 2171 pro
1804 2101 1978 2155 tribu-

398 2191 512 2247 nali
556 2208 681 2250 cum
741 2193 891 2247 omni
948 2193 1213 2249 satellitio
1268 2209 1370 2249 suo
1417 2209 1730 2264 pompaque
1776 2193 1978 2248 sedens

400 2286 543 2352 (erat
568 2285 715 2339 enim
751 2286 907 2339 novis
942 2285 1107 2340 rebus
1162 2286 1413 2351 studens,
1444 2287 1813 2356 superbiaque
1860 2286 1975 2340 ela-

399 2383 488 2431 tus
520 2392 583 2431 ac
620 2376 761 2439 fastu
808 2386 1048 2443 tumens,
1090 2395 1197 2448 qua
1243 2378 1559 2432 divitiarum
1599 2377 1758 2450 copia
1786 2392 1849 2432 ac
1875 2377 1978 2431 im-

399 2470 691 2526 mensitate
743 2470 1087 2539 conStipatus
1143 2472 1295 2538 erat)
1357 2470 1648 2525 confestim
1723 2480 1973 2525 sanctum

394 2564 502 2619 sibi
530 2580 711 2619 coram
748 2563 1063 2634 sistijubct.
1099 2564 1218 2631 Quo
1249 2573 1461 2620 astante
1486 2561 1760 2632 intrepida
1793 2573 1977 2617 mente

395 2672 692 2725 sensuque,
730 2664 787 2709 ut
822 2671 924 2711 nec
955 2655 1323 2726 genuﬂectere
1379 2655 1435 2709 in
1464 2655 1711 2710 animum
1740 2653 1975 2711 induxe-

396 2748 487 2810 rit,
530 2749 607 2803 uti
638 2748 920 2817 iudicibus
952 2749 1124 2804 moris
1150 2757 1257 2813 est,
1282 2748 1441 2804 valde
1482 2748 1656 2806 iratus
1685 2749 1971 2811 Samonas,

396 2841 828 2912 inlrendensque
870 2842 1029 2897 iniit:
1070 2842 1230 2899 Nobis
1270 2842 1569 2913 responde:
1622 2842 1697 2897 Tu
1744 2843 1860 2911 quis
1895 2857 1971 2905 es,

395 2944 443 2987 et
474 2936 612 2987 unde
638 2975 653 2999 ,
683 2943 733 2987 et
760 2935 898 3004 quod
935 2944 1084 2999 tuum
1138 2935 1370 2988 nomen?
1420 2934 1519 2990 Cui
1572 2946 1797 2990 sanctus
1836 2933 1973 2988 nihil

2091 443 2280 508 οὕτως
2309 441 2584 509 ἀνηλεῶς
2599 459 2673 509 με
2704 440 3087 506 κιιτέκτεινας
3120 457 3136 505 ;
3166 441 3259 494 καὶ
3286 439 3460 505 οὕτως
3479 441 3665 510 ἐξαγοο

2092 526 2292 606 ρεύων,
2322 534 2465 587 τέλει
2490 533 2585 587 τοῦ
2639 532 2757 603 βίου
2804 534 3099 603 ἐχρήσατο,
3152 534 3231 595 εὶς
3255 533 3355 599 τὴν
3392 532 3664 601 βασιλείαν

2091 626 2407 679 καταλιπὼν
2473 624 2678 679 Λέοντα
2754 625 2850 678 καὶ
2918 624 3263 696 Ἀλέξανδρον
3326 625 3452 689 τοὺς
3523 626 3665 689 υἱοὺς

2090 718 2255 772 αὑτοῦ
2266 760 2277 771 .

2162 812 2228 883 β’.
2260 813 2478 866 Τούτων
2512 812 2727 883 δεκάτῳ
2767 811 2877 866 ἔτει
2908 812 3009 883 τῆς
3059 812 3361 883 βασιλείας,
3404 812 3494 867 διά
3521 830 3666 877 τινας

2088 906 2329 970 δουλείας
2360 910 2437 970 είς
2458 908 2557 973 τὴν
2612 907 2796 960 Ἀσίαν
2846 905 3274 976 Μαγιστριανῶν
3322 922 3485 960 τινων
3531 907 3663 961 ἀπο-

2091 1000 2396 1053 σταλέντων
2430 1000 2521 1070 ὑπξ
2550 999 2751 1064 αὐτῶν,
2788 1000 2845 1051 ἐν
2872 999 2990 1069 ὄρει
3019 999 3126 1051 τινὶ
3171 998 3280 1051 τῶν
3316 1000 3495 1051 ἐκεῖσε
3526 998 3665 1070 διερ-

2088 1090 2340 1159 χομένων
2388 1068 2690 1156 δυσέάτων,
2730 1068 3013 1161 ιτυχεντὸν
3055 1090 3211 1157 ἅγιον
3251 1091 3309 1142 ἐν
3345 1088 3521 1161 τούτῳ
3546 1068 3666 1143 τότε

2087 1180 2587 1253 ἀναστρεφόμενον,
2614 1182 2816 1254 εὔηθες
2863 1183 3050 1253 σχῆμα
3089 1181 3385 1252 φοροῦντα,
3432 1181 3528 1235 καὶ
3559 1184 3666 1234 ἁπ-

2088 1273 2434 1341 ηγριωμένον
2505 1273 2637 1329 ὄντα
2710 1274 2786 1337 ὼς
2828 1272 3218 1345 όρεσίτροᾳονλ
3249 1274 3358 1327 Καὶ
3402 1270 3668 1341 δηλάτορα

2086 1360 2295 1424 τούτοις
2317 1361 2549 1428 δόξαντα
2577 1358 2743 1431 εἶναι,
2780 1364 2857 1426 ὡς
2889 1359 3034 1434 εἶχον
3062 1364 3172 1416 τῶν
3207 1363 3390 1417 ἵππων
3418 1380 3668 1431 καταπη-

2085 1451 2368 1519 δήσαντες,
2398 1454 2659 1524 συνέσχον
2687 1456 2884 1508 αὐτόν’
2916 1458 3009 1508 καὶ
3062 1453 3252 1508 τοῦτον
3300 1454 3419 1523 μεθ’
3456 1454 3668 1509 ἑαυτῶν

2087 1544 2529 1617 ὑποστρέφοντες
2556 1590 2571 1614 ,
2650 1548 2733 1612 είς
2800 1548 2902 1617 τὴν
2983 1546 3375 1615 βασιλεύουσαν
3437 1549 3663 1619 ἧγαγον.

2086 1635 2174 1708 [Ρ.
2207 1638 2339 1711 595]
2390 1640 2525 1711 Περὶ
2567 1633 2631 1694 οὖ
2681 1642 2776 1694 καὶ
2813 1643 2928 1703 τοῖς
2984 1639 3299 1710 βασιὶεῦσιν
3348 1640 3660 1711 ἀνενεχθὲν,

2085 1732 2168 1793 et;
2216 1732 2465 1798 ἐξέτασιν
2502 1734 2775 1805 παρεδόθη
2817 1734 3138 1804 ’Δγαρηνῶν
3171 1750 3278 1786 τινι
3324 1734 3580 1804 Σαμωνᾷ,
3604 1733 3665 1787 τὸ

2086 1818 2306 1890 ἀξίωμα
2341 1823 2640 1893 πατρικίῳ,
2702 1822 2799 1877 τοῦ
2855 1824 3152 1893 διαγνῶναι
3213 1824 3280 1877 τὰ
3333 1825 3458 1877 κατ’
3504 1824 3666 1879 αὐτὸν

2083 1911 2216 1981 παρ’
2241 1912 2406 1966 αὐτοῦ
2432 1955 2446 1977 ,
2476 1913 2557 1976 τίς
2580 1914 2639 1965 τέ
2660 1916 2794 1978 ἐστι,
2822 1914 2919 1968 καὶ
2958 1914 3143 1979 πόθεν,
3176 1912 3271 1966 καὶ
3298 1913 3433 1967 τίτδ
3476 1913 3661 1967 τούτου

2084 2001 2274 2073 κύριον
2300 2004 2490 2075 ὃνομα.

2154 2094 2224 2161 γ’.
2272 2096 2329 2149 ’0
2373 2097 2429 2150 δὲ
2467 2098 2803 2168 παραλαϐὼν
2842 2098 3008 2152 αὐτὸν
3057 2099 3139 2161 είς
3186 2096 3278 2151 τὸν
3320 2098 3454 2153 ῐδισν
3494 2092 3660 2165 οἷκον,

2084 2188 2181 2240 καὶ
2207 2189 2551 2258 προκαθίσας
2600 2190 2697 2244 σὺν
2751 2191 2901 2263 πάσῃ
2928 2193 2993 2261 τῇ
3045 2190 3321 2261 φαντασία
3366 2189 3535 2244 αὐτοῦ
3579 2185 3664 2261 (ἦν

2083 2281 2190 2350 γὰρ
2217 2283 2562 2352 νεωτερίζων
2595 2285 2689 2336 καὶ
2717 2283 3169 2356 γεγαυριωμένος
3206 2283 3300 2336 καὶ
3333 2285 3425 2337 ἐπὶ
3471 2284 3662 2354 πλήθει

2084 2372 2321 2426 πλούτου
2350 2376 2740 2447 ἐπαιρόμενος)
2762 2379 3077 2449 παραυτίκα
3098 2377 3309 2431 κελεύει
3335 2376 3476 2432 κατὰ
3502 2378 3663 2449 πρόσ-

2081 2481 2230 2517 ωπον
2264 2466 2431 2520 αὑτοῦ
2457 2469 2809 2539 παραστῆναι
2854 2468 2945 2523 τὸν
2981 2469 3156 2539 ἅγιον.
3190 2463 3264 2523 Οὖ
3289 2469 3661 2540 παραστάντος

2081 2558 2341 2631 ἀπτοήτῳ
2388 2564 2721 2633 φρονήματι,
2766 2562 2842 2628 ὡς
2896 2564 3031 2634 μηδὲ
3073 2564 3298 2632 θελῆσαι
3332 2562 3659 2631 γονυκλῖναι,

2081 2650 2158 2714 ὡς
2206 2650 2331 2714 ἔθος
2384 2651 2615 2722 ἄρχουσι
2658 2655 2865 2724 νέμειν,
2898 2654 3148 2728 ὠργίσθη
3196 2654 3321 2708 λίαν
3376 2656 3661 2724 Σαμωνᾶς.

2083 2745 2180 2798 καὶ
2214 2745 2380 2815 φησὶν
2419 2746 2697 2818 ἐμῦριθώς
2735 2750 2873 2820 πρὸς
2902 2747 3087 2802 αὐτόν
3134 2747 3297 2819 Ἡμῖν
3324 2747 3658 2818 ἀπόκριναι,

2083 2836 2166 2892 Σὺ
2202 2837 2294 2903 τίς
2321 2837 2423 2891 καί
2470 2840 2658 2893 πόθεν
2685 2836 2759 2905 si,
2792 2841 2890 2895 καί
2930 2842 2989 2895 τί
3036 2857 3154 2896 σου
3198 2840 3314 2910 ἄρα
3354 2826 3421 2895 ia
3454 2842 3660 2911 droya;

2092 2935 2150 2989 '0
2198 2936 2252 2991 δὲ
2310 2938 2465 3006 ἅγιος
2515 2939 2615 2992 οὐκ
2659 2938 2936 3011 ἀπεκρίθη
2997 2939 3181 3010 αὐτῷ·
3248 2941 3365 2996 ἀλλ’
3418 2942 3661 3013 εἱστήκει

394 3026 681 3095 respondit
716 3026 791 3094 ,l)
819 3045 830 3077 :
869 3026 965 3079 sed
989 3027 1167 3080 stabat
1195 3025 1381 3081 sedata
1412 3026 1969 3096 mente,plaeidisquc

2083 3026 2329 3099 ἠρεμῶν,
2364 3028 2459 3081 καὶ
2492 3028 2727 3099 πραέσιν
2762 3028 3069 3099 ὀφθαλμοῖς
3098 3030 3365 3095 ἀτενίζων
3384 3031 3538 3102 αὐτῷ

395 3120 448 3171 in
473 3133 598 3171 eum
634 3117 861 3171 intentis
893 3119 1090 3172 oculis.

436 3212 514 3263 ui.
583 3210 671 3265 Ait
721 3212 787 3265 ad
842 3226 967 3265 eum
1014 3220 1286 3266 sanctus:
1336 3210 1406 3265 Tu
1448 3228 1568 3265 vero
1614 3213 1729 3281 quis
1772 3220 1881 3275 est,
1924 3221 1973 3265 et

394 3306 535 3357 unde
562 3306 586 3357 ?
621 3304 699 3359 Ad
738 3322 901 3374 quem
946 3305 1211 3360 Samonns
1234 3347 1247 3369 ,
1295 3307 1406 3378 Ego
1434 3323 1553 3359 sum
1584 3306 1847 3362 Santones
1878 3326 1978 3381 pa-

394 3401 574 3451 tricius
607 3408 653 3449 et
697 3399 964 3451 uccubitor
990 3399 1152 3464 (sacri
1177 3398 1413 3452 cubiculi
1434 3398 1745 3467 pmicrtus;
1767 3416 1971 3465 eorum,

391 3495 480 3561 qui
516 3509 654 3545 nunc
683 3492 1045 3544 Romanorum
1093 3501 1297 3559 sceptra
1334 3493 1698 3545 moderantur.
1748 3494 1851 3548 Cui
1888 3494 1973 3547 vir

390 3585 585 3638 beatus
614 3602 625 3636 :
664 3584 775 3653 Ego
806 3599 1008 3651 quoque
1047 3585 1351 3651 peregrinus
1384 3600 1519 3647 sum,
1555 3592 1603 3636 et
1632 3602 1765 3636 unus
1790 3602 1970 3639 eorum

390 3678 477 3743 qui
514 3677 753 3728 habitant
785 3685 1006 3728 terram.

461 3768 511 3821 5.
558 3765 646 3819 Ait
687 3766 951 3819 Salnonas
985 3786 995 3820 :
1054 3767 1337 3820 "ominum
1381 3767 1764 3829 scelestissime,
1791 3787 1967 3837 quau-

387 3857 477 3910 diu
538 3857 717 3910 dolum
781 3858 1013 3911 occultas
1067 3861 1121 3911 in
1174 3860 1329 3912 corde
1384 3859 1519 3913 tuo?
1565 3859 1643 3913 Ad
1690 3878 1851 3929 quem
1883 3863 1968 3915 vir

382 3953 583 4007 beatus
616 3969 629 4005 :
666 3952 768 4018 Qui
816 3955 869 4006 in
910 3953 1107 4006 occulto
1145 3952 1493 4007 Sodomorum
1537 3972 1695 4025 opera
1738 3956 1962 4026 faciunt,

384 4048 525 4101 velut
582 4055 678 4111 tu,
741 4047 794 4100 lii
859 4046 991 4100 tales
1050 4049 1236 4100 merito
1296 4046 1499 4101 scelesti
1559 4060 1959 4119 nuneupantur.

382 4141 515 4195 Erat
561 4139 709 4194 enim
755 4139 1023 4194 Samonas
1068 4148 1263 4194 natura
1312 4140 1506 4210 spado,
1542 4142 1805 4213 vultuque
1863 4161 1962 4199 ve-

383 4242 599 4290 ηυειυε,

450 4324 503 4379 6.
544 4322 696 4379 Vivis
720 4323 905 4393 itaque
934 4322 1325 4393 exempto,qui
1361 4332 1474 4378 tum
1498 4323 1716 4393 imperii
1740 4333 1957 4393 sceptra

2146 3205 2209 3261 6'.
2247 3206 2410 3274 Λέγει
2441 3207 2581 3278 πρὸς
2619 3206 2783 3261 αὐτὸν
2822 3207 2852 3260 6
2892 3208 3078 3276 ἅγιος⁸
3106 3209 3192 3262 Σύ
3220 3207 3291 3262 δὲ
3328 3209 3429 3275 ,τίς
3459 3205 3533 3274 εἶ,
3560 3210 3655 3264 και

2076 3301 2299 3364 πόθεν;
2342 3301 2452 3357 Καὶ
2506 3301 2534 3355 6
2593 3300 2881 3371 Σαμωνᾶςο
2929 3300 3077 3370 Ἐγώ
3131 3303 3244 3370 ειμι
3294 3302 3583 3371 Σαμωγᾶς
3626 3306 3660 3357 ό

2074 3394 2385 3462 πατρίκιος
2408 3392 2505 3446 καί
2526 3396 3049 3463 πιιρακοιμώμρνος
3094 3392 3213 3447 τῶν
3232 3392 3350 3447 νῦν
3375 3396 3659 3464 κατεχόν-

2075 3502 2194 3540 των
2228 3486 2295 3539 τὰ
2334 3484 2615 3551 σκῆπτρα
2665 3486 2987 3556 Ῥωμαίων.
3040 3487 3202 3554 Λέγει
3244 3487 3383 3555 πρὸς
3418 3488 3577 3541 αὑτὸν
3627 3490 3659 3542 6

2077 3577 2369 3645 μακάριο;.
2426 3578 2597 3647 lidng
2653 3577 2831 3642 ξένος
2868 3580 3007 3647 είμὶ,
3059 3579 3156 3633 καὶ
3213 3574 3301 3646 εἷς
3348 3580 3466 3633 τῶν
3515 3598 3655 3636 κατ-

2071 3670 2402 3727 οικούντων
2436 3668 2557 3735 τὴν
2578 3667 2715 3739 γῆν.

2151 3758 2214 3814 ε’.
2256 3761 2400 3831 Ἔφη
2432 3763 2721 3832 Σαμωνᾶς,
2770 3765 2995 3818 Ἀνόσιε
3024 3764 3142 3818 τῶν
3170 3766 3517 3835 ἀνθράκτιιηρ,
3546 3768 3655 3832 ἕως

2070 3854 2233 3919 τίνος
2264 3856 2546 3921 κρύπτεις
2568 3857 2677 3908 τὸν
2703 3856 2890 3909 δόλον
2915 3858 2985 3909 ἐν
3012 3856 3084 3927 τῇ
3114 3858 3319 3926 καρδίᾳ
3345 3872 3486 3927 σου;
3509 3842 3648 3931 ’ἐφη

2069 3948 2206 4015 πρὸς
2237 3946 2400 3999 αὑτὸν
2440 3950 2467 4000 6
2504 3947 2791 4017 μακάριος,
2828 3952 2891 4002 Ol
2929 3950 2999 4003 τὰ
3039 3948 3158 4002 τῶν
3191 3951 3476 4020 Σοδόμων
3510 3954 3648 4021 ἔργα

2068 4040 2346 4108 κρυπτῶς
2385 4042 2726 4108 ποιοῦντες,
2762 4042 2841 4107 ὠς
2875 4041 2981 4106 σὺ,
3022 4040 3265 4107 δικαίως
3299 4046 3353 4097 ci
3396 4044 3645 4097 τοιοῦτοι

2064 4134 2302 4187 ἀνόσιοι
2355 4134 2927 4203 προσαγορεύονται.
2984 4128 3089 4187 Ἦν
3128 4134 3238 4205 γὰρ
3299 4138 3329 4188 6
3384 4136 3643 4207 Σαμωνᾶς

2064 4222 2227 4294 φύσει
2257 4225 2532 4294 εὐνοῦχος,
2568 4225 2662 4278 καὶ
2687 4224 2889 4297 ὡραῖος
2912 4229 2978 4297 τῇ
3006 4226 3147 4295 ὕψει.

2142 4323 2216 4381 ς’.
2252 4317 2628 4387 Παρελθόντος
2658 4316 2753 4371 οὖν
2786 4318 2882 4372 τοῦ
2924 4320 3047 4372 τότε
3082 4320 3151 4372 τὰ
3206 4325 3468 4393 σκῆπτρα
3519 4342 3639 4378 κατ-

380 4417 623 4477 tenebat,
661 4414 866 4479 Leone,
904 4425 1025 4485 post
1045 4432 1249 4469 annum
1294 4431 1359 4470 ac
1391 4415 1511 4470 dies
1550 4417 1759 4487 aliquot
1810 4415 1958 4470 illius

2083 4413 2281 4483 Ξχοντος
2322 4414 2576 4477 Λέοντος,
2612 4415 2731 4483 μετ’
2762 4415 3012 4469 ἐνιαυτὸν
3045 4417 3141 4470 καὶ
3171 4418 3370 4489 μικρόν
3405 4437 3459 4475 τι
3490 4422 3636 4489 πρὸς,

379 4525 601 4579 quoque
650 4523 944 4579 germanus
1006 4507 1316 4563 Alexander
1375 4507 1635 4564 humanis
1697 4507 1956 4570 excessit,

376 4617 699 4659 successore
764 4601 981 4672 imperii
1044 4602 1239 4657 relicto
1298 4601 1664 4658 Constantino
1727 4616 1828 4657 suo
1887 4616 1956 4655 ex

377 4688 560 4745 Leone
586 4689 756 4744 fratre
796 4699 1019 4759 nepote.
1054 4704 1179 4744 cum
1208 4690 1330 4760 ejus
1362 4698 1535 4744 matre
1555 4688 1684 4745 Zoe.
1705 4688 1956 4759 Cumque

375 4790 580 4838 tenera:
629 4782 927 4837 admodum
968 4782 1149 4837 aetatis
1196 4797 1334 4852 puer
1384 4790 1553 4844 esset,
1618 4790 1832 4837 tutores
1872 4782 1951 4836 illi

370 4889 438 4932 ac
484 4876 745 4931 custodes
793 4874 1058 4947 reliquit,
1110 4884 1227 4930 tum
1275 4875 1489 4933 scilicet
1527 4874 1813 4930 Nicolaum
1862 4890 1951 4928 ar-

368 4966 781 5038 chiepiscOpum
832 4965 1539 5039 Constantinopolitanum,
1608 4976 1723 5023 tum
1780 4966 1950 5036 magi-

368 5065 543 5114 strum
600 5058 869 5115 Joannem
910 5056 1169 5115 Garidam
1197 5098 1212 5123 ,
1266 5057 1559 5129 sociosque
1591 5099 1605 5122 ,
1649 5057 1944 5128 imperium

367 5166 543 5220 puero
581 5161 933 5216 servaturos,
971 5168 1040 5208 ne
1072 5153 1200 5223 quis
1240 5162 1479 5222 raperet,
1522 5162 1619 5207 aut
1646 5152 1750 5207 sibi
1785 5168 1940 5207 usur-

2064 4506 2160 4558 καὶ
2191 4504 2221 4557 6
2249 4503 2445 4558 τούτου
2485 4506 2821 4577 αύτάδελφος
2854 4509 3090 4578 μετέστη
3118 4507 3497 4581 Ἀλέξανδρος,
3529 4510 3637 4565 διὰ·

2058 4597 2214 4667 δοχον
2246 4598 2579 4668 καταλείψας
2612 4602 2711 4670 τῆς
2746 4600 3026 4671 βασιλείας
3077 4602 3170 4656 τὸν
3195 4602 3259 4656 ὲκ
3291 4603 3389 4657 τοῦ
3422 4604 3638 4665 Λέοντος

2057 4688 2281 4755 ἀνεψιὸν
2330 4690 2759 4753 Κωνσταντίνον,
2806 4690 2904 4743 σὺν
2936 4693 3002 4761 τῇ
3055 4691 3228 4762 μητρὶ
3274 4691 3450 4745 αὑτοῦ
3499 4694 3635 4762 Ζωῇ.

2057 4780 2273 4851 Νήπιον
2331 4781 2393 4834 δὲ
2438 4782 2635 4853 κομιδῇ
2682 4780 2834 4849 ὄντα,
2885 4783 3219 4856 ἐπιτρόπους
3253 4784 3349 4839 καὶ
3399 4785 3638 4859 φύλακας

2056 4874 2208 4943 αὐτῷ
2229 4876 2504 4945 ἐπαφῆκε,
2521 4876 2613 4929 τόν
2655 4892 2715 4929 τε
2748 4877 3185 4947 ἀρχιεπίσκοπον
3204 4877 3639 4933 Κωνσταντι-ιου-

2059 4968 2269 5032 πόλεως
2306 4967 2596 5031 Νικόλαον,
2626 4968 2722 5022 καὶ
2765 4970 3022 5040 Ἰωάννην
3060 4968 3375 5041 μαγιστρον
3409 4971 3503 5025 τὶν
3538 4971 3639 5024 fa-

2057 5060 2232 5129 ριδὰν,
2266 5060 2360 5113 καὶ
2391 5059 2516 5124 τοὺς
2549 5061 2647 5114 σὺν
2680 5060 2889 5127 αύτοίς,
2920 5062 3020 5132 τὴν
3050 5061 3329 5132 βασίλειον
3358 5064 3540 5136 ἀρχὴν
3570 5060 3641 5128 τῷ

2055 5146 2209 5200 παιδὶ
2240 5146 2665 5218 συντηροῦντας,
2702 5150 2779 5220 μή
2818 5167 2903 5215 τις
2941 5150 3165 5223 ἁρπάσῃ
3203 5151 3401 5225 αὑτήν.
3425 5152 3642 5207 Τούτων

366 5255 543 5311 paret.
582 5246 680 5303 llis
709 5248 917 5319 itaque,
947 5247 1026 5301 uti
1061 5246 1272 5302 dictum
1311 5254 1417 5309 est,
1446 5234 1769 5300 concredita
1803 5244 1945 5300 aula

2083 5237 2145 5291 ὒν
2168 5238 2268 5303 τὰς
2297 5240 2669 5310 ἀνακτορικὰς
2696 5243 3013 5313 οἰκονομίας
3048 5246 3533 5317 πεπιστευμένων.
3570 5245 3642 5306 ὼς

364 5335 865 5406 administratione,
916 5338 1124 5395 absona
1176 5335 1425 5408 quasdam
1472 5335 1679 5391 ﬁebant
1719 5334 1776 5391 in
1821 5351 1940 5408 rep.

362 5426 721 5501 barbamque
754 5440 947 5503 gentes
983 5439 1202 5502 sumpta
1241 5429 1487 5493 licentia,
1519 5428 1639 5485 loca
1670 5428 1796 5485 urbi
1828 5429 1941 5483 cir-

360 5519 671 5581 Cumvicina
702 5524 1126 5595 papulabantur,
1156 5538 1283 5581 cum
1318 5537 1429 5579 non
1455 5530 1605 5579 esset
1632 5519 1725 5592 qui
1757 5530 1945 5591 posset

2050 5331 2292 5403 εἴρηται,
2319 5332 2547 5403 ἀπρεπῆ
2580 5350 2703 5388 τινα
2734 5334 2830 5389 ἐπὶ
2856 5334 2951 5391 τοῦ
2976 5337 3236 5407 δημοσίου
3268 5341 3638 5411 exparte-nr

2050 5423 2147 5478 καὶ
2190 5422 2259 5477 τὰ
2285 5423 2473 5496 κύκλῳ
2524 5422 2780 5498 βάρϐαρα
2830 5427 2963 5502 ἔθνη
3005 5429 3161 5502 ἀδείᾳ
3191 5432 3547 5502 χρησάμενα,
3578 5434 3643 5481 τι

2052 5514 2214 5588 πέριξ
2238 5515 2335 5587 τῆς
2361 5516 2570 5583 πόλεως
2593 5516 2893 5591 ἐληίζοντο,
2928 5520 3005 5593 μὴ
3035 5521 3188 5588 ὄντος
3212 5523 3304 5577 τοῦ
3336 5520 3645 5601 δυναμένου

428 5706 508 5779 (ί)
554 5701 633 5763 Ex
673 5703 777 5764 hoc
820 5704 1038 5767 silentio
1086 5707 1259 5765 multa
1305 5705 1455 5763 illata
1492 5703 1788 5779 supplicia,
1814 5609 1963 5778 ηιξκπο

2083 5710 2276 5761 rantur
2318 5701 2375 5760 in
2406 5702 2554 5762 Vita.
