3962 6200
380 360 489 423 659

1500 350 1621 409 ΕΧ
1644 348 1821 408 νιτΑγ
1858 346 2139 406 BASILII
2173 342 2534 407 JUNIORlS

3535 332 3634 396 £60

382 482 671 534 noverant,
708 489 830 549 sese
858 470 1004 526 domi
1035 473 1405 526 continentes.
1443 463 1663 518 silentio
1699 462 1954 533 agebant.

2094 477 2252 523 αντες
2281 460 2413 527 παρ’
2439 456 2606 509 αὐτοῦ
2634 455 2693 507 τὸ
2722 454 2915 523 μέλλον
2939 451 3198 522 γενέσθαι
3230 428 3471 518 ὀλέθριον
3500 448 3633 517 σύμ-

389 565 657 634 ltenique,
695 577 804 633 quo
836 578 902 615 ex
945 570 1190 627 tempore
1233 564 1480 608 atrocem
1515 551 1663 606 illam
1702 563 1960 619 praenun-

386 659 579 713 tiasset
606 656 831 718 caedem,
860 650 1137 723 gemendi,
1165 645 1526 710 lamentandi,
1572 642 1797 714 lugendi
1833 640 1960 695 nul-

384 752 499 806 lum
533 749 698 805 linem
724 748 877 805 iecit.

457 928 618 1002 602
637 929 687 983 8.
707 927 824 981 Duo
851 939 1016 994 porro
1034 919 1255 991 quidam
1273 915 1559 988 cujusdam
1576 912 1843 985 magnatis
1865 910 1962 970 ﬁlii

388 1042 453 1080 ac
510 1015 965 1089 protospatharii,
998 1014 1178 1082 ipsum
1215 1007 1627 1072 convenientes,
1660 1004 1960 1075 rogabant:

386 1127 515 1165 num
553 1108 649 1162 sibi
688 1107 954 1177 expediret
1000 1104 1166 1165 abire,
1207 1118 1269 1155 ac
1296 1116 1352 1153 se
1395 1098 1553 1153 Ducis
1586 1097 1839 1152 satellitio
1864 1095 1965 1149 ad-

385 1203 608 1271 iungere
635 1199 658 1251 ?
687 1196 900 1264 Quibus
925 1194 1019 1249 ille
1048 1209 1063 1245 ι
1099 1191 1297 1256 Nolite,
1317 1190 1439 1258 ﬁlii,
1459 1187 1619 1241 nolite
1646 1188 1720 1241 sic
1753 1186 1925 1255 facere
1947 1200 1965 1237 :

390 1309 558 1362 neque
626 1292 905 1361 desperata
985 1285 1242 1357 ejusmodi
1315 1280 1537 1336 consilia
1599 1281 1822 1351 capite:
1883 1279 1965 1331 sin

393 1388 591 1447 minus,
640 1400 774 1437 unus
804 1390 1033 1436 vestrum
1083 1379 1138 1431 in
1192 1376 1371 1448 gladio
1414 1374 1600 1427 cadet:
1633 1371 1790 1435 alter,
1820 1370 1970 1425 auri-

390 1478 486 1530 bus
559 1476 880 1543 naribusque
933 1470 1131 1541 putatis
1168 1509 1182 1531 ,
1256 1482 1395 1537 a'gre
1470 1472 1691 1519 mortem
1761 1463 1965 1517 evadet.

392 1568 700 1629 Ambobus,
734 1565 881 1636 quod
913 1572 1161 1617 sanctum
1190 1560 1381 1616 audire
1408 1559 1721 1621 noluerant,
1761 1555 1967 1618 evenit,

393 1660 538 1728 quod
570 1660 616 1713 is
645 1658 748 1712 illis
784 1656 1115 1710 vaticinatus
1142 1658 1307 1707 esset.
1341 1651 1459 1704 Dux
1481 1652 1627 1703 enim
1664 1648 1803 1701 male
1834 1661 1969 1701 con-

391 1749 590 1810 sultus,
630 1748 830 1801 malum
869 1745 975 1800 sibi
1030 1744 1253 1811 suisque
1284 1740 1575 1809 Opsonium
1607 1735 1964 1806 comparavit.

2066 569 2267 622 πτωμα
2305 550 2407 621 ἤδη
2442 547 2551 618 πρὸ
2572 546 2739 616 τριῶν
2785 545 2993 613 μηνῶν,
3024 541 3477 599 κατακλείσαντες
3514 538 3639 589 ἔτυ-

2066 642 2193 704 τοὺς
2210 642 2289 703 είς
2321 640 2448 701 τοὺς
2478 636 2714 697 οἰκείους
2739 637 2944 699 οἴκους,
2989 632 3249 703 ἠρέμουν.
3295 628 3413 680 Ἀπ’
3432 626 3636 679 ἐκείνου

2069 733 2203 802 γοῦν
2240 731 2334 784 τοῦ
2372 730 2589 801 καιροῦ,
2613 730 2671 781 ὲν
2696 722 2742 795 ᾧ
2783 726 2940 780 τοῦτο
2991 725 3272 795 προεῖπεν,
3324 712 3424 771 ούκ
3485 716 3640 787 ἔληξε

2070 826 2272 880 στένων
2302 823 2397 877 καὶ
2426 822 2821 892 ὀλοφυρόμενος
2859 818 2953 871 καὶ
2977 815 3210 869 πενθῶν.

2139 918 2218 990 η’.
2255 918 2359 972 Δύο
2391 917 2449 970 δέ
2489 932 2633 979 τινες
2664 913 2997 985 μεγιστάνου
3033 909 3179 971 τινὸς
3210 907 3363 967 ὄντες
3394 904 3500 957 υἱοὶ
3549 901 3643 956 καὶ

2072 1010 2584 1083 πρωτοσπαθάριοι,
2628 1002 2877 1067 ἐλθόντες
2906 1003 3043 1074 πρὸς
3073 999 3255 1063 αὑτὸν,
3290 997 3541 1067 ἠρώτων,
3593 994 3645 1046 εί

2071 1105 2363 1175 συμφέρει
2407 1101 2614 1168 αὐτοῖς
2666 1097 2955 1155 ἀπελθεῖν
3002 1095 3098 1149 καί
3151 1089 3522 1161 συμμιγῆγαι
3574 1084 3646 1154 τῇ

2073 1197 2411 1262 novata)de
2435 1195 2536 1249 τοῦ
2564 1194 2775 1265 Λοῦκα.
2793 1189 2923 1244 ὈΜ
2955 1204 3088 1258 φησι
3114 1185 3248 1252 πρὸς
3282 1181 3499 1243 αὐτούς·
3528 1179 3646 1245 Μὴ,

2074 1290 2278 1353 τέκνα,
2324 1288 2410 1357 μὴ
2461 1288 2616 1343 οὕτω
2671 1283 2989 1351 ποιήσητε,
3023 1278 3123 1333 καὶ
3166 1275 3475 1342 ἀνήκεστα
3523 1272 3651 1325 πει-

2075 1385 2281 1437 σεσθε.
2317 1382 2385 1434 Ει
2423 1377 2592 1446 γοῦν,
2621 1380 2653 1431 ὀ
2674 1376 2790 1444 μὲν
2818 1369 2904 1439 εἷς
2937 1370 3105 1441 ὑμῶν
3139 1371 3211 1423 ἐν
3242 1368 3507 1437 μαχαίρᾳ
3545 1380 3647 1417 πε-

2075 1471 2266 1526 σεῖται
2284 1510 2298 1531 ,
2329 1474 2360 1524 ό
2391 1468 2457 1522 δὲ
2482 1468 2704 1535 ἕτερος,
2725 1466 2795 1518 τὰ
2823 1459 2944 1518 ὦτα
2962 1460 3057 1515 καὶ
3094 1461 3209 1526 τὴν
3223 1460 3362 1527 ῥῖνα
3389 1454 3648 1525 τμηθεὶς,

2072 1562 2249 1631 μόλις
2281 1560 2388 1613 τὸν
2422 1556 2683 1611 θάνατον
2718 1552 3123 1621 διδρὰσκειεν.
3155 1551 3219 1603 Οἳ
3246 1552 3340 1601 καὶ
3366 1544 3649 1617 παρακού-

2081 1668 2276 1716 σαντες
2319 1648 2415 1703 τοῦ
2493 1646 2678 1715 ἁγίου,
2736 1644 2773 1699 ἃ
2819 1645 3103 1713 προεῖπεν,
3151 1641 3373 1693 ἔπαθον.
3441 1639 3499 1692 ’0
3545 1638 3651 1707 γὰρ

2079 1744 2288 1806 Δοῦκας
2316 1740 2504 1803 κακῶς
2531 1739 2832 1810 φρονήσας,
2872 1736 3043 1788 κακὸν
3077 1732 3307 1802 ὀψώνιον
3346 1729 3524 1800 ἑαυτῷ
3562 1730 3651 1784 καὶ

392 1840 530 1896 Cum
555 1837 701 1893 enim
728 1839 1006 1908 patienter
1030 1836 1176 1890 ferre
1205 1833 1456 1893 deberet,
1494 1838 1659 1900 atque
1692 1828 1973 1900 ingressus

2091 1841 2190 1900 τοῖς
2228 1834 2347 1905 μετ’
2393 1831 2559 1886 αύτοῦ
2603 1829 2853 1900 ἐπρίατο.
2913 1826 3177 1892 Ὀφείλων
3220 1825 3329 1895 γὰρ
3370 1822 3648 1894 μακροθυ-

394 1948 587 1985 omnes
630 1929 817 1999 palatii
862 1928 1118 1983 obsessos
1158 1935 1346 1978 tenere
1374 1964 1388 1988 ,
1416 1922 1490 1976 ita
1525 1930 1583 1975 ut
1616 1919 1753 1974 nihil
1790 1920 1855 1973 ad
1888 1919 1972 1973 vi-

394 2032 544 2080 ctum
580 2022 770 2077 inferri
803 2027 1016 2090 posset,
1045 2028 1208 2088 atque
1235 2018 1307 2070 ita
1332 2016 1475 2069 fame
1510 2029 1728 2082 pressos
1753 2026 1971 2081 cogere,

397 2124 459 2168 ut
482 2113 759 2184 supplices
792 2111 897 2166 sibi
921 2119 1111 2180 portas
1140 2107 1443 2177 aperirent,
1467 2120 1635 2172 seque
1658 2103 1801 2156 intra
1825 2102 1974 2170 pala-

398 2207 535 2260 tium
572 2205 716 2259 ultro
740 2204 1116 2272 susciperent;
1153 2197 1432 2253 uoluitsic
1460 2196 1665 2258 facere,
1726 2194 1824 2248 sed
1873 2194 1976 2247 de—

399 2299 575 2353 crevit
614 2312 739 2350 cum
782 2295 898 2349 suis
945 2294 1154 2347 intrare
1198 2306 1297 2362 per
1344 2297 1594 2360 portam,
1625 2304 1747 2357 qua:
1776 2286 1978 2342 Chalce

402 2390 756 2451 nominatur,
805 2387 1100 2442 securibus
1144 2383 1484 2439 eonterendo
1519 2382 1774 2436 cardines
1810 2382 1932 2450 ejus
1963 2397 1977 2434 :

399 2497 526 2536 eum
578 2481 730 2551 prius
780 2495 909 2533 suos
945 2494 1137 2531 omnes
1172 2474 1467 2531 horrendis
1505 2472 1980 2529 exsecrationibus

401 2574 844 2628 obstrinxisset:
886 2588 951 2624 ne
987 2570 1229 2641 gladium
1262 2568 1602 2637 stringerent,
1645 2583 1707 2620 ne
1733 2565 1979 2634 jacnlum

400 2662 483 2717 uel
518 2665 723 2717 hastam
760 2664 1124 2732 intorquet-ent
1162 2660 1410 2713 adversus
1434 2657 1691 2727 aliquem,
1728 2657 1820 2710 sed
1863 2652 1982 2709 abs-

402 2771 502 2824 que
544 2754 804 2824 sanguine
838 2752 1262 2824 ingrederentur.
1288 2748 1383 2803 Sin
1410 2748 1512 2813 illi,
1545 2748 1821 2817 inquiens,
1853 2746 1984 2800 nihil

403 2858 585 2901 contra
598 2864 654 2901 se
669 2854 878 2917 agentes
893 2862 985 2898 nos
1003 2844 1309 2911 occiderint,
1331 2860 1505 2896 comm
1519 2842 1788 2894 tremendo
1803 2840 1985 2909 magni

404 2940 502 2993 Dei
532 2937 786 2991 tribunali
812 2942 1061 2990 adversus
1083 2951 1167 2987 eos
1186 2926 1764 3003 disceptabimnsﬁquod
1783 2947 1875 2984 nos
1889 2930 1983 2998 ju-

404 3032 659 3083 ramentis
682 3028 921 3095 deceptos
942 3027 1168 3079 hostium
1188 3041 1325 3077 nunc
1342 3022 1454 3077 loco
1478 3022 1704 3076 habeant
1725 3031 1881 3091 atque
1895 3022 1985 3075 ob-

404 3124 614 3176 sistant.
640 3121 735 3175 llis
752 3119 934 3183 dictis,
956 3133 1064 3171 una
1080 3132 1204 3171 cum
1219 3115 1535 3178 comitibus,
1557 3115 1636 3169 uti
1652 3114 1860 3169 dictum
1878 3126 1984 3175 est,

405 3213 471 3266 ad
488 3210 743 3268 Chalccm
765 3221 977 3283 portam
999 3209 1257 3280 perrexit,
1274 3218 1434 3278 atque
1457 3209 1981 3281 ingredica:pit.Qui

406 3315 589 3361 autem
632 3305 685 3358 in
718 3304 921 3375 palatio
952 3312 1111 3357 erant
1133 3318 1325 3373 magna
1356 3318 1479 3357 cum
1510 3302 1862 3357 festinatione
1897 3318 1985 3355 sa-

407 3398 662 3469 gittarios
691 3397 1035 3466 colligentes,
1078 3395 1182 3449 tela
1212 3411 1241 3448 c
1268 3410 1424 3448 muro
1445 3396 1653 3465 jactare
1676 3405 1987 3463 coeperunt.

407 3490 581 3561 Igitur
623 3490 714 3559 qui
757 3489 966 3542 circum
1014 3487 1209 3551 ducem
1243 3486 1457 3555 sagittis
1492 3485 1985 3545 sauciabantur.ad

409 3599 535 3637 cum
594 3581 1001 3644 inclamabant,
1052 3579 1440 3647 postulantes:
1499 3587 1556 3630 ut
1602 3579 1794 3631 sineret
1835 3595 1988 3631 arma

410 3672 649 3742 expediri
673 3674 723 3725 in
759 3671 1114 3725 adversarios.
1170 3669 1293 3738 Ipso
1317 3674 1522 3733 autem,
1559 3669 1682 3723 talia
1719 3669 1987 3732 dicentes.

412 3765 775 3836 prohibente,
839 3762 1247 3834 sagittariorum
1314 3762 1777 3818 dexterrimorum
1850 3780 1992 3819 unus

412 3856 707 3927 quispiam,
733 3856 952 3926 COgnito
976 3856 1228 3924 quisnam
1267 3855 1377 3909 dux
1401 3865 1568 3919 esset,
1593 3865 1747 3909 tenso
1774 3855 1993 3910 fortiter

413 3965 569 4011 areu,
604 3947 918 4002 vulneravit
947 3963 1072 4003 eum
1117 3947 1171 4001 in
1203 3948 1373 4002 latere
1406 3946 1511 4002 sub
1553 3947 1779 4003 dextera
1804 3963 1989 4002 manu.

415 4040 540 4112 Ipso
579 4056 709 4094 vero
738 4040 1092 4105 exclamans:
1152 4039 1232 4093 Va:
1280 4039 1406 4093 mihi
1441 4040 1654 4099 misero.
1693 4040 1746 4093 in
1794 4040 1995 4093 malam

416 4148 526 4185 rem
570 4133 670 4185 huc
707 4131 962 4197 venimus,
1009 4131 1160 4184 humi
1194 4131 1457 4185 continuo
1492 4130 1719 4186 decidit.
1771 4130 1997 4187 theris

416 4232 627 4279 terrore
657 4224 929 4295 perculsis
952 4233 1008 4279 et
1039 4231 1187 4278 retro
1222 4224 1372 4278 abire
1394 4224 1809 4293 incipientibus,
1838 4225 1874 4279 ii
1901 4225 1996 4293 qui

419 4316 566 4371 intro
598 4326 755 4372 erant
782 4317 1105 4372 audaciores
1146 4315 1352 4382 ell‘eeti,
1390 4316 1601 4389 gladios
1640 4317 1994 4388 stringentes,

418 4409 625 4482 apertis
654 4410 829 4479 portis
867 4410 1132 4479 impetum
1169 4410 1420 4464 fecerunt
1462 4410 1517 4465 in
1558 4425 1655 4465 eos
1681 4426 1692 4462 :
1721 4419 1776 4464 et
1815 4409 1997 4479 primo

2080 1929 2250 1998 μῆσαι
2274 1925 2370 1978 καὶ
2399 1918 2809 1991 ἀσφαλίσασθαι
2826 1917 2925 1979 τὰς
2950 1917 3187 1976 εἰσόδους
3207 1914 3315 1967 τῶν
3340 1912 3651 1984 βασιλείων,

2076 2020 2171 2077 τοῦ
2206 2020 2281 2089 μὴ
2313 2017 2383 2071 τὰ
2417 2016 2551 2087 πρὸς
2590 2011 2891 2081 διατροφὴν
2930 2006 3373 2079 εἰσκομίζεσθαι·
3406 2004 3550 2058 οὕτω
3577 2004 3653 2074 τῷ

2076 2111 2221 2183 λιμῷ
2247 2106 2789 2179 στενοχωρουμένους
2819 2103 2933 2175 μεθ’
2956 2101 3162 2163 ἱκεσίας
3187 2099 3335 2169 αύτῷ
3356 2097 3454 2160 τὰς
3479 2097 3655 2161 πύλας

2078 2202 2442 2266 ἀναπετάσαι,
2481 2201 2576 2252 καὶ
2629 2194 2927 2267 προθύμως
2973 2192 3135 2246 αὑτὸν
3180 2192 3261 2257 είς
3301 2190 3373 2243 τὰ
3409 2188 3657 2258 βασίλεια

2078 2294 2363 2359 δέξασθαι,
2415 2293 2513 2362 οὐχ
2559 2290 2702 2345 οὕτω
2752 2288 3047 2355 πεποίηκε.
3082 2283 3289 2353 Βουλὴν
3344 2282 3400 2334 δὲ
3452 2282 3657 2350 στήσας

2085 2388 2222 2459 μετὰ
2246 2386 2352 2440 τῶν
2382 2386 2480 2439 σὺν
2510 2382 2685 2452 αὐτῷ,
2713 2381 2977 2434 εἰσελθεῖν
3004 2378 3111 2432 ἀπὸ
3141 2378 3238 2446 τῆς
3264 2375 3459 2443 πύλης,
3482 2374 3661 2442 ἥνπερ

2079 2480 2300 2548 Χαλκῆν
2374 2476 2740 2545 ὀνομάζουσι,
2793 2470 3196 2533 συνθλάσαντες
3258 2466 3453 2530 πέλυξι
3531 2464 3663 2526 τοὺς

2085 2570 2342 2641 μοχλοὺς,
2373 2569 2559 2638 ὅρκοις
2596 2563 3065 2636 φρικωδεστάτοις
3096 2561 3364 2630 πρότερον
3393 2557 3522 2617 τοὺς
3565 2556 3663 2608 σὺν

2083 2663 2235 2733 αύτῷ
2264 2660 2819 2730 κατασφαλισάμενος
2839 2675 2853 2688 ·
2897 2656 2983 2726 μὴ
3010 2654 3365 2709 σπείσασθαι
3390 2650 3567 2719 ξίφος
3596 2648 3667 2700 τὸ

2084 2752 2332 2809 οἱονοῦν
2390 2749 2543 2805 κατὰ
2589 2766 2773 2814 τινος,
2801 2748 2887 2816 μὴ
2933 2746 3147 2810 βέλος,
3193 2742 3278 2812 μὴ
3316 2741 3494 2809 δόρυ·
3525 2735 3668 2792 ἀλλ’

2084 2847 2273 2911 οὕτως
2308 2842 2532 2908 αὐτοὺς
2576 2840 2860 2908 ἀναιμωτί
2909 2835 3228 2899 εὶσελθεῖν,
3275 2833 3476 2903 φήσας.
3526 2830 3671 2884 Ἐὰν

2085 2938 2301 2993 ἐκεῖνοι
2334 2933 2493 3005 ἡμᾶς
2516 2933 2600 3002 μὴ
2635 2932 3009 3000 ἁντάγοντας
3040 2924 3537 2994 κατασφάξωσιν.
3565 2920 3670 2974 ἐπὶ

2089 3031 2196 3086 τοῦ
2225 3027 2482 3099 φοϐεροῦ
2511 3025 2787 3094 βήματος
2804 3021 2913 3077 τοῦ
2931 3019 3203 3088 μεγάλου
3233 3015 3378 3070 Θεοῦ
3391 3013 3535 3083 ,μετ’
3562 3014 3674 3065 αὐ-

2091 3121 2208 3176 τῶν
2234 3120 2619 3187 δικασόμεθα,
2649 3116 2760 3179 ὅτι,
2784 3113 2984 3182 ὅρκοις
3023 3108 3181 3179 ἡμᾶς
3217 3105 3671 3173 ἀριστήσαντες,

2089 3215 2206 3270 νῦν
2242 3214 2389 3281 ἡμῖν
2417 3209 2792 3276 ἀνταίρουσι.
2835 3203 3021 3257 Ταῦτα
3060 3199 3251 3273 εἰπὼν.
3281 3198 3512 3264 ἀφίκετο
3553 3194 3677 3263 ἅμα

2091 3306 2189 3359 σὺν
2217 3304 2425 3366 αὐτοῖς,
2465 3300 2543 3362 ὡς
2586 3299 2824 3368 εἴρηται,
2861 3296 2941 3357 είς
2966 3293 3064 3361 τὴν
3097 3289 3318 3354 Χαλκῆν
3346 3286 3545 3351 πύλην,
3576 3285 3680 3337 καὶ

2092 3396 2371 3468 ἀπήρξατο
2395 3392 2654 3447 εἰσιέναι·
2697 3390 2746 3441 oi
2792 3387 2848 3440 δὲ
2891 3389 2949 3439 ὲν
2996 3386 3105 3445 τοῖς
3164 3379 3459 3452 βασιλείοις
3518 3377 3679 3446 τάχει

2095 3491 2273 3560 πολλῷ
2302 3484 2759 3555 συναθροίσαντες
2790 3478 2916 3540 τοὺς
2937 3476 3184 3540 τοξότας.
3211 3475 3319 3527 ἀπὸ
3346 3472 3454 3529 τῶν
3478 3468 3680 3539 τειχῶν

2092 3582 2421 3651 τοξεύμασιν
2448 3576 2700 3630 ἔϐαλλον.
2741 3573 2828 3635 Ὠς
2871 3572 2927 3623 δὲ
2964 3570 3015 3623 oi
3057 3568 3185 3637 περὶ
3222 3567 3316 3619 τὸν
3355 3564 3537 3617 Δοῦκα
3564 3563 3682 3623 τοῖς

2097 3675 2306 3743 βέλεσιν
2331 3669 2678 3738 ὲπλήττοντο,
2698 3665 2866 3718 ἐϐόων
2892 3660 3061 3732 αὐτῷ,
3090 3662 3316 3714 Ἐασον
3337 3654 3499 3726 ἡμᾶς
3518 3656 3687 3717 ὅπως

2094 3761 2301 3827 αὐτοῖς
2332 3752 2895 3824 ἁντιμαχησώμεθα.
2926 3751 3033 3804 Τοῦ
3064 3751 3122 3801 δὲ
3160 3747 3320 3802 τοῦτο
3350 3747 3684 3807 κωλύοντος,

2096 3857 2153 3909 ἐν
2193 3854 2306 3922 ὅσῳ
2355 3849 2529 3904 ταῦτα
2576 3847 2840 3914 ἔφασκον,
2867 3840 2947 3907 είς
2978 3860 3063 3905 τις
3092 3841 3202 3894 τῶν
3254 3837 3691 3907 εὐστοχωτάτων

2096 3945 2347 4011 τοξοτῶν,
2400 3938 2585 4012 μαθὼν
2615 3937 2796 4000 ὁποῖός
2830 3938 2977 3989 ἐστιν
3007 3936 3036 3987 ὀ
3084 3931 3317 3995 Δοῦκας,
3349 3932 3539 3993 τείνας
3585 3929 3692 3981 ἀνο

2096 4040 2290 4110 δρείως
2320 4038 2382 4090 τὸ
2406 4034 2579 4100 τόξον,
2612 4030 2845 4100 ἔπληξεν
2884 4028 3047 4082 αὑτὸν
3079 4026 3337 4078 ὑποκάτω
3370 4024 3473 4091 τῆς
3501 4020 3692 4085 δεξιᾶς

2098 4132 2280 4203 χειρὸς
2304 4131 2384 4190 είς
2415 4129 2516 4197 τὴν
2542 4124 2800 4193 πλευράν.
2835 4122 2895 4174 '0
2923 4120 2982 4173 δὲ
3019 4119 3100 4182 τὸ,
3124 4116 3271 4171 Οὐαί
3289 4132 3431 4203 Δμοι,
3470 4116 3694 4181 ἐπιφω-

2100 4200 2293 4292 νήσας,
2322 4218 2401 4284 τῷ
2422 4216 2630 4279 ἀθλίῳ,
2648 4212 2845 4277 κακῶς
2867 4212 3249 4277 ἐληλύθαμεν
3275 4200 3414 4269 ὦδε,
3434 4205 3694 4258 κάτεισιν

2100 4314 2260 4376 εὐθὺς
2291 4311 2384 4363 ἐπὶ
2412 4308 2471 4361 τὸ
2496 4307 2712 4376 ἔδαφος.
2752 4305 2974 4357 Πάντων
2998 4302 3053 4355 δὲ
3085 4300 3256 4369 δειλίᾳ
3283 4295 3692 4366 συσχεθέντων.

2103 4408 2197 4459 καὶ
2227 4403 2363 4474 πρὸς
2390 4401 2458 4454 τὰ
2487 4398 2666 4452 ὀπίσω
2699 4395 3024 4469 ἀρξαμένων
3054 4390 3422 4467 άνατξοὸίζειν,
3446 4388 3697 4459 θάρσους

417 4480 644 4570 quidem
683 4507 1139 4569 protostratorem
1196 4496 1353 4551 ducis
1394 4496 1750 4560 occiderunt,
1796 4495 1985 4550 deinde

2104 4500 2152 4550 oi
2186 4495 2337 4549 ἔνδον
2359 4491 2636 4554 λαϐόντες,
2666 4490 2762 4543 καὶ
2791 4488 2859 4541 τὰ
2879 4486 3005 4556 ξίφη
3048 4481 3129 4555 [Ρ.
3161 4480 3288 4552 598]
3319 4480 3693 4550 σπασάμενοι,

420 4592 556 4646 alios
587 4590 793 4657 plures.
826 4606 890 4645 ac
910 4600 1099 4660 postea
1131 4589 1444 4658 ipsnmmet.
1482 4588 1691 4658 Neque,
1730 4604 1997 4658 peperce-

420 4693 551 4739 runt
598 4683 847 4754 reliquis,
893 4683 989 4738 sed
1030 4684 1153 4753 fuga
1183 4699 1246 4736 ac
1289 4690 1441 4736 metu
1488 4680 1806 4751 impeditos,
1840 4690 1899 4735 et
1943 4680 1999 4735 in

420 4786 633 4831 aratum
677 4791 1048 4844 compressos,
1102 4776 1274 4828 instar
1323 4771 1523 4842 segetis
1558 4772 1999 4827 demessuerunt.

423 4869 739 4924 Evasissent
770 4866 1132 4922 nihilominus
1161 4866 1364 4922 caedem
1402 4864 1595 4936 aliqui,
1636 4864 1742 4919 nisi
1764 4863 2005 4917 immites

424 4959 501 5013 illi
530 4971 585 5014 et
613 4960 972 5014 inelementes
1018 4959 1280 5013 continuo
1311 4957 1377 5011 atl
1411 4971 1604 5011 omnes
1626 4966 1813 5025 portas
1846 4971 1991 5010 mau-

423 5050 549 5105 data
583 5050 937 5113 dircxissent,
978 5050 1273 5119 diligenter
1300 5050 1551 5103 occlusas
1583 5048 1774 5103 haberi
1803 5048 2006 5118 juben-

427 5151 547 5207 tes;
591 5152 756 5212 atque
810 5143 883 5196 ita
934 5141 1291 5211 inquisitione
1339 5140 1481 5194 facta
1537 5140 1593 5194 in
1626 5138 1903 5210 fugitivos,
1938 5140 2006 5193 ah

429 5250 621 5287 eorum
675 5236 895 5289 nem'ne
948 5249 1145 5287 manus
1195 5231 1615 5288 abstinuissent.
1679 5231 2008 5302 Complures

427 5327 573 5380 enim
598 5329 886 5398 magistros
914 5328 1309 5399 p..trieiosque,
1329 5327 1422 5397 qui
1448 5342 1572 5380 cum
1598 5326 1736 5381 duce
1768 5325 1820 5380 in
1846 5326 2007 5381 Circo

429 5415 621 5470 sedere
670 5419 1001 5490 deprehensi
1045 5429 1251 5483 essent,
1292 5418 1494 5488 partim
1534 5418 1716 5488 gladio
1756 5433 2007 5487 pereme-

430 5517 582 5571 runt,
620 5513 817 5578 partim
850 5522 1001 5567 extra
1032 5528 1218 5567 muros
1240 5512 1293 5565 in
1321 5511 1533 5565 furcam
1565 5520 1830 5580 egerunt:
1875 5509 2009 5562 alio-

433 5614 555 5651 rum
588 5601 777 5655 oculos
803 5602 1137 5668 effoderunt,
1177 5602 1408 5659 succisis
1438 5602 1621 5656 nervis
1642 5600 1780 5655 alios
1812 5600 2008 5655 debili-

436 5697 643 5754 tarunt,
672 5692 811 5747 alios
835 5693 891 5748 in
915 5694 1169 5748 exsilium
1199 5697 1521 5765 cjcccrunt;
1552 5694 1713 5758 alios,
1743 5692 1837 5763 qui
1860 5692 2006 5747 nulla

430 5796 765 5854 quemquam
814 5782 1012 5856 injuria
1062 5783 1402 5839 violaverant
1448 5784 1774 5838 verberibus
1804 5782 2002 5837 alrece—

2105 4587 2272 4656 πο>.λῇ
2304 4581 2580 4656 προθυμία
2604 4580 2740 4650 πρὸς
2769 4578 2966 4640 αὐτοὺς
2993 4574 3355 4645 ἐξεπήδησαν,
3383 4571 3483 4635 τὰς
3516 4571 3699 4629 πύλας

2103 4679 2435 4743 ἀνοίξαντες.
2465 4674 2574 4727 Καὶ
2601 4671 2871 4726 κτείνουσι
2903 4668 3001 4739 μὲν
3042 4669 3100 4720 ὲν
3128 4664 3365 4735 πρώτοις
3392 4664 3490 4716 τὸν
3522 4661 3695 4717 αὑτοῦ

2106 4767 2568 4841 πρωτοστράτορα
2584 4780 2595 4791 ·
2617 4760 2714 4816 εἷθ’
2733 4763 2902 4822 οὓτως
2919 4760 3139 4831 ἐτέρους
3152 4757 3425 4821 πλείονας,
3441 4758 3538 4808 καὶ
3555 4752 3698 4823 μετὰ

2103 4864 2327 4920 τούτους
2356 4861 2628 4919 κάκεῖνον,
2651 4853 2786 4924 μηδὲ
2813 4851 2919 4904 τῶν
2952 4850 3155 4904 λοιπῶν
3178 4848 3523 4918 φεισάμενοι·
3555 4844 3699 4900 ἀλλὰ

2107 4957 2202 5009 καὶ
2236 4954 2455 5015 τούτους
2488 4946 2982 5017 ἀποδιδράσκοντας
3011 4945 3106 4997 καῖ⁸
3165 4940 3696 5011 συμποδιξομένους.

2108 5047 2262 5114 δίκην
2293 5042 2525 5112 στάχυος
2574 5034 2898 5106 ὲξεθέριζον.
2941 5030 3286 5100 Διεσὼθησαν
3325 5029 3367 5081 δ’
3394 5029 3462 5084 ἄν
3514 5043 3694 5086 τινες.

2111 5140 2159 5192 εἰ
2196 5135 2341 5206 μ.ὴοί
2372 5132 2619 5201 ἀνηλεεῖς
2667 5129 2867 5179 ἐκεῖνοι
2914 5125 3005 5177 καὶ
3048 5122 3384 5191 ἄσπλαγχνοι
3427 5119 3490 5170 τὸ
3528 5119 3697 5187 τάχος

2111 5224 2555 5284 ἀποστείλαντες,
2614 5219 2706 5272 καὶ
2758 5219 2937 5278 πάσας
3000 5213 3096 5277 τὰς
3131 5212 3301 5273 πύλας
3353 5211 3449 5278 τῆς
3484 5210 3699 5267 πόλεως

2110 5318 2539 5388 ἀσφαλισάμενοι
2558 5312 2650 5366 καὶ
2676 5309 3077 5381 σφραγίσαντες
3106 5303 3349 5376 ἀκριϐῶς
3370 5320 3383 5331 ·
3405 5297 3699 5359 εἷθόὖτως

2111 5408 2314 5479 ἀκριϐῆ
2342 5406 2569 5477 ἔρευναν
2602 5401 2711 5454 τῶν
2744 5399 3074 5471 διαδράντων
3100 5398 3447 5466 ποιήσαντες,
3481 5389 3698 5449 οὐδενὸς

2109 5502 2314 5555 τούτων
2345 5498 2653 5567 ἐφείσαντο.
2714 5492 2932 5546 Πολλῶν
2972 5490 3069 5562 μὲν
3118 5485 3209 5542 οὖν
3244 5487 3568 5556 μαγίστρων
3603 5481 3701 5535 καὶ

2114 5595 2418 5666 πατρικίων
2450 5592 2724 5662 φανέντων
2752 5585 3183 5655 συγκαθημένων
3214 5582 3290 5652 τῷ
3319 5581 3500 5634 Δοῦκα
3528 5583 3591 5632 ὲν
3622 5576 3701 5648 τῷ

2124 5683 2489 5753 Ἱπποδρόμο),
2513 5680 2606 5742 οὓς
2642 5678 2739 5749 μὲν
2761 5675 3097 5749 προσέταξαν
3136 5674 3277 5741 ξίφει
3308 5668 3661 5741 ἀναιρεῖσθαι
3681 5685 3693 5697 ·

2115 5776 2206 5841 οὖς
2238 5776 2291 5827 δὲ
2326 5774 2429 5843 ἔξω
2447 5773 2645 5844 τειχῶν
2680 5768 3092 5843 φουρκίζεσθαι,
3134 5766 3309 5824 ἄλλων
3336 5764 3463 5826 τοὺς
3487 5761 3698 5832 ὀφθαλ-
