3962 6200
265 305 351 366 (>65

1333 319 1699 385 ANNALES.
1737 348 1803 360 -·-
1840 324 1986 387 LEO
2026 330 2448 395 ARMENIUS.

3401 348 3514 414 666

274 419 581 491 Ἀρμενίωνο
606 423 701 477 καὶ
738 423 1019 494 Ἀσσύριοι
1051 429 1151 499 μὲν
1171 427 1231 496 ἐξ
1279 431 1557 504 Ἀσσύριον
1583 436 1806 506 ἐκλήθη-

1922 440 2423 515 Armeniorumque
2452 462 2647 517 genus.
2682 449 2758 507 Ac
2784 450 2990 522 Assyrii
3023 451 3251 521 quidem
3285 456 3354 509 ab
3414 459 3514 513 As-

264 528 360 572 σαν,
410 510 686 581 Ἀρμένιοι
733 512 791 565 δὲ
818 514 927 568 ἀπὸ
965 515 1251 587 ’Λρμενίου
1277 520 1420 584 τινὸς
1454 521 1596 577 οὕτω
1622 526 1821 579 καλου-
1870 530 1873 531 ⁷

261 602 419 673 μένου,
460 602 555 657 τοῦ
575 604 684 657 ἀπδ
720 604 777 658 ’Λ
789 604 1016 676 ρμενίας
1047 609 1255 675 πόλεως
1281 612 1579 678 Θετταλίας
1598 608 1824 689 γενομέ-

256 710 349 755 νου,
372 691 429 756 6;
468 694 666 748 Ἰάσονι
690 697 1175 767 συνεστράτευσεν.

316 779 572 856 β’.οὖτος
621 789 652 841 6
706 787 861 842 Λέων
917 791 1172 861 στεφθεὶς
1202 793 1309 848 ὑπὸ
1358 796 1678 871 Νικηφόρου
1716 822 1822 857 πα-

251 878 495 950 τριάρχου
523 877 857 933 ἐϐεϐαίωσεν
891 881 1053 936 αὐτὸν
1084 884 1403 955 ἐγγράφως,
1440 888 1515 951 ὡς
1539 890 1823 962 όρθόδοξός

252 972 354 1023 ἐστι
378 971 445 1041 τῇ
476 969 679 1024 πίστει.
726 970 887 1025 Ἀλλά
913 971 1024 1044 γὰρ
1050 974 1152 1029 οὐκ
1191 975 1384 1031 ἔλαθεν
1414 979 1493 1051 τῷ
1518 982 1666 1054 καλῷ
1710 1002 1821 1040 ποι-

254 1064 365 1134 μένι
384 1065 412 1117 6
434 1061 599 1127 λύκος
624 1062 704 1136 τῷ
749 1066 931 1136 κωδίῳ
975 1069 1426 1141 ἐγκεκρυμμένος
1449 1090 1463 1106 ο
1508 1074 1587 1139 ὡς
1620 1078 1731 1147 γὰρ
1759 1078 1822 1133 τδ

246 1158 465 1228 διάδημα
484 1161 549 1229 τῇ
569 1160 743 1231 μιαρᾷ
760 1160 972 1215 ἐκείνου
990 1164 1199 1236 κεφαλῇ
1220 1167 1613 1240 περιτέθεικεν,
1645 1173 1821 1228 ἐδόκει

246 1250 315 1315 ὡς
366 1252 615 1306 ἀκανθῶν
680 1255 776 1307 καὶ
834 1255 1100 1324 τριϐόλων
1148 1261 1545 1332 προστρίψεσιν
1625 1265 1821 1339 ὀδύνης

245 1343 683 1400 ἑπαισθάνεσθαι.
716 1346 829 1400 Καὶ
870 1347 969 1418 τῆς
1024 1351 1289 1422 συνήθους
1315 1353 1522 1419 τάξεως
1553 1356 1822 1413 τελεσθεί-

243 1452 353 1505 σης,
373 1426 465 1490 ἐπὶ
480 1438 540 1491 τὸ
554 1438 816 1495 παλάτιον
834 1442 863 1495 6
881 1442 1161 1515 ἀλιτήριος
1187 1445 1607 1520 εὐφημούμενος
1627 1450 1815 1523 ἀπῄει.

250 1526 333 1592 Ὠς
355 1530 409 1583 δὲ
437 1531 541 1601 πρὸ
565 1531 676 1585 τῶν
705 1534 803 1603 τῆς
822 1534 1047 1605 Χαλκῆς
1065 1537 1249 1591 πυλῶν
1268 1540 1325 1592 ἐν
1355 1538 1434 1614 τῷ
1463 1542 1587 1617 κατ’
1615 1545 1817 1615 ἐπιφά-

234 1638 377 1676 νειαν
397 1622 644 1693 κυκλικῷ
673 1626 767 1678 καὶ
803 1626 1071 1700 πορφῦρῳ
1091 1632 1617 1704 μαρμάρῳὲγένετο,
1658 1637 1821 1706 εὐχα-

234 1715 503 1785 ριστήριον
542 1716 795 1771 ἀπεδίδου
819 1718 899 1789 τῷ
933 1720 1111 1776 ἐκεῖσε
1131 1721 1368 1793 Χριστοῦ
1394 1726 1489 1779 τοῦ
1507 1727 1640 1781 Θεοῦ
1657 1730 1817 1800 ἡμῶν

230 1808 587 1876 εἰκονίτματι,
650 1811 761 1865 εἴτε
815 1812 1017 1885 ἀληθῆ,
1072 1816 1183 1870 εἴτε
1237 1822 1612 1892 προσχήματι.
1641 1824 1811 1879 Ἔνθα

230 1899 593 1954 ἱκδιδύσκεται
623 1902 723 1975 τὴν
753 1904 980 1976 ἐσθῆτα,
1032 1908 1100 1979 ἢν
1153 1909 1493 1984 ἐπεϐέϐλητο
1520 1915 1813 1985 ροδοειδέσι

226 1992 413 2061 χρόαις
440 1993 853 2064 ὲκλάμπουσαν,
879 1997 974 2050 καὶ
1007 1999 1255 2053 κολόϐιον
1286 2000 1315 2053 6
1342 2005 1810 2073 προσονομάζουσι

227 2084 361 2135 κατά
392 2086 451 2136 τὸ
482 2082 717 2138 ἔκπαλαι
767 2085 878 2140 τῶν
927 2091 1317 2162 στρατηλατῶν
1351 2095 1594 2166 τηρηθὲν
1645 2097 1766 2162 ἔθος
1792 2116 1806 2131 ·

226 2172 315 2225 καὶ
342 2173 565 2245 Μιχαὴλ
584 2174 664 2246 τῷ
708 2176 767 2241 ἐξ
809 2178 1119 2249 Ἀμοραίων
1167 2181 1460 2253 ἱπποκόμῳ
1494 2182 1658 2239 αὐτοῦ
1695 2184 1808 2243 ὄντι

222 2263 520 2318 ἐπιδίδωσι.
550 2266 659 2321 Τοῦ
680 2267 736 2320 δὲ
772 2268 976 2340 ταύτην
1016 2270 1477 2343 ἀναϐαλλομένου,
1508 2264 1807 2340 είςίοίωνὸν

224 2357 360 2425 μετά
389 2359 460 2412 τὰ
477 2358 685 2413 Λέοντα
728 2361 829 2431 τῆς
865 2360 1159 2434 βασιλικῆς
1182 2365 1490 2430 ὲπιὸἁσεως
1516 2370 1626 2433 τοῖς
1640 2371 1807 2427 εἰδόσι

218 2450 515 2520 λελόγιστο.
546 2449 679 2506 Εἶτα
700 2454 778 2517 είς
815 2455 881 2508 τά
900 2455 1169 2526 λεγόμενα
1192 2456 1375 2513 Σκῦλα
1403 2460 1672 2531 ἐλθόντες,
1705 2466 1806 2537 τὴν

217 2544 424 2617 ἐσθῆτα
481 2546 712 2612 Λέοντος
766 2548 1021 2605 ἐπιϐάσει
1075 2549 1268 2624 βαρείᾲ
1320 2553 1672 2625 καθύϐρισεν.
1716 2558 1807 2611 Ἐν

215 2636 437 2715 συνέσει
474 2636 533 2690 δὲ
553 2638 745 2693 τούτου
776 2640 927 2693 Λέων
952 2644 1268 2711 γενόμενος,
1293 2646 1662 2717 νεωτερισμόν
1685 2664 1806 2701 τινα

213 2712 475 2798 παραυτά
500 2728 719 2783 ἔσεσθαι
749 2731 897 2802 αὐτῷ
952 2732 1257 2790 οίωνίσατο.

281 2827 353 2889 γ’.
388 2814 568 2874 *Ηκεν
597 2818 690 2875 οὖν
718 2824 799 2886 είς
851 2823 1114 2896 λογισμὸν
1146 2825 1297 2899 αὐτῷ
1337 2827 1466 2901 περὶ
1498 2825 1596 2882 τοῦ
1637 2829 1695 2883 ἐν
1726 2828 1805 2903 τῷ

206 2909 525 2981 Φιλομηλίῳ
561 2912 911 2983 μονάζοντος,
959 2912 1017 2976 ὃς
1044 2914 1141 2968 ἐπὶ
1168 2915 1264 2970 τοῦ
1306 2915 1602 2990 Βαρδανίου
1648 2914 1804 2975 εἶπεν

205 3003 359 3075 αὖτῷ
386 3004 456 3060 τὰ
494 3004 906 3077 συμϐησόμενα.
968 3006 1184 3062 Στέλλει
1233 3009 1328 3064 οῦν
1360 3008 1508 3083 αὐτῷ
1555 3012 1624 3066 τά
1666 3013 1810 3087 πρὸς

1927 532 2069 604 syris
2096 544 2382 589 traxerunt
2410 553 2633 603 nomen,
2684 540 2929 596 Armenii
2979 558 3110 598 vero
3133 543 3202 599 ab
3252 546 3515 602 Armenio

1878 624 2167 694 .quodant
2226 627 2305 681 sic
2363 626 2549 694 dicto,
2610 630 2868 703 Armenia
2933 633 3236 691 Thessalia:
3308 639 3515 708 oppido

1924 716 2182 782 oriundo,
2219 718 2311 789 qui
2344 718 2531 777 Jasoni
2560 721 2661 777 fuit
2695 724 3064 793 expeditionis
3089 743 3296 789 comes.

1994 805 2159 880 604
2181 808 2236 863 2.
2280 807 2379 865 llic
2402 810 2515 865 Leo
2537 813 2808 884 augustali
2842 831 3044 872 corona
3096 818 3334 876 donatus
3358 837 3386 874 a
3418 821 3515 877 Ni-

1925 898 2170 970 Cephoro
2223 903 2537 972 patriarcha
2575 906 2643 959 ab
2687 922 2865 978 eoque
2917 909 3299 981 inauguratus,
3347 924 3512 971 rectae

1924 991 2051 1047 ﬁdei
2077 1010 2135 1049 se
2165 996 2435 1051 cultorem
2472 1014 2592 1053 esse
2638 998 2849 1071 scripto
2902 1004 3187 1072 professus
3243 1016 3349 1061 est.
3403 1007 3517 1063 Nec

1925 1093 2107 1140 tamen
2140 1086 2304 1159 lupus
2334 1090 2492 1145 ovina
2520 1091 2660 1161 pelle
2687 1101 2975 1150 contectus
3000 1096 3206 1151 bonum
3232 1110 3510 1169 pastorem

1922 1175 2104 1231 latuit.
2131 1178 2269 1234 Dum
2295 1181 2445 1236 enim
2469 1184 2763 1238 scelestum
2788 1194 2956 1255 caput
2983 1187 3293 1244 diademate
3317 1192 3511 1264 cingit,

1922 1268 2218 1326 videbatur
2242 1273 2347 1329 sibi
2380 1277 2535 1344 quasi
2569 1276 2852 1346 spinarum
2903 1295 2967 1334 ac
3004 1280 3340 1336 tribulorum
3390 1284 3514 1338 inli—

1923 1366 2007 1421 xis
2032 1368 2240 1423 aculeis
2276 1369 2485 1426 doloris
2506 1385 2671 1427 sensu
2720 1372 2861 1427 allici
2911 1373 3087 1445 iisque
3119 1376 3333 1444 peruri.
3374 1375 3515 1432 Con-

1923 1469 2083 1515 sneto
2117 1460 2555 1533 inaugurationis
2586 1464 2694 1519 ritu
2753 1466 2995 1535 expleto,
3053 1467 3258 1537 popjulo
3318 1467 3515 1531 faustis

1921 1553 2201 1610 ominibus
2227 1554 2556 1622 deducente,
2589 1558 2760 1614 miser
2780 1558 2848 1614 ad
2873 1559 3136 1629 palatium
3192 1561 3299 1616 iter
3341 1546 3511 1629 hahee

1923 1642 2036 1699 bat.
2071 1644 2141 1701 Ut
2174 1656 2357 1702 autem
2391 1648 2458 1704 ad
2481 1649 2711 1706 Chalces
2740 1661 2953 1721 portam
3009 1653 3180 1718 venit,
3228 1668 3340 1724 quo
3389 1655 3512 1711 loco

1926 1737 2190 1808 templum
2213 1739 2515 1797 orbiculari
2561 1740 2736 1815 ﬁgura
2786 1744 3178 1816 porphyretico
3235 1762 3511 1804 marmore

1923 1828 2291 1888 incrustatum
2317 1834 2676 1904 splendescit,
2694 1835 2911 1891 Christi
2932 1836 3027 1891 Dei
3059 1838 3233 1893 nostri
3260 1839 3373 1894 illic
3394 1839 3509 1894 elli-

1919 1920 2050 1992 giei,
2075 1937 2170 1976 seu
2196 1939 2354 1979 veras
2376 1940 2471 1979 seu
2499 1927 2684 1995 specie
2718 1934 2882 1982 tenus
2919 1943 2984 1982 ac
3040 1918 3256 1984 ludicro
3298 1930 3506 2007 animo,

1918 2012 2123 2083 gratias
2137 2013 2268 2085 egit.
2298 2014 2381 2069 lhi
2403 2032 2566 2086 quam
2589 2027 2905 2088 praetextam
2927 2020 3157 2076 indutus
3174 2031 3313 2086 erat,
3332 2022 3508 2079 roseis

1918 2102 2206 2160 coloribus
2241 2105 2566 2183 fulgentem,
2608 2125 2673 2165 ac
2715 2112 2863 2181 quod
2912 2128 3067 2168 more
3098 2113 3328 2184 antiquo
3364 2130 3507 2184 prae:

1917 2204 2097 2251 torum
2127 2198 2408 2253 colobium
2448 2212 2672 2266 vocant,
2702 2217 2933 2268 exuens,
2968 2220 3068 2258 suo
3097 2213 3211 2259 tum
3249 2207 3503 2275 equisoni

1914 2286 2169 2344 Michacli
2214 2290 2465 2345 Amoran
2528 2291 2715 2348 tradit.
2774 2293 2873 2349 Illo
2926 2311 3053 2349 mox
3108 2296 3395 2363 induenle,
3450 2299 3502 2353 in

1914 2380 2243 2453 praesagium
2275 2382 2413 2437 abiit
2469 2399 2582 2437 rem
2625 2370 2933 2446 scientibus
2984 2385 3329 2455 adipiscendi
3380 2397 3505 2457 post

1915 2473 2156 2530 Leonem
2190 2474 2430 2545 imperii.
2466 2476 2597 2530 Inde
2622 2475 2673 2529 in
2707 2478 2889 2531 locum
2922 2477 3133 2532 dictum
3171 2478 3329 2550 Scyla
3378 2496 3503 2535 cum

1913 2564 2221 2627 venissent,
2254 2564 2458 2620 acriori
2513 2565 2731 2621 incessu
2777 2566 2982 2622 Leonis
3016 2576 3335 2639 praetextam
3368 2585 3503 2639 pro-

1914 2640 2175 2717 culcavit.
2211 2656 2324 2712 Leo
2353 2673 2411 2712 re
2441 2657 2722 2714 intellecta
2761 2659 3125 2717 rebellionem
3170 2661 3412 2733 aliquam
3446 2662 3504 2717 in

1913 2764 1972 2805 se
2000 2764 2124 2802 mox
2148 2738 2458 2804 excitatum
2492 2750 2557 2805 iri
2600 2752 2860 2823 conjecit.

1981 2838 2036 2891 5.
2073 2837 2424 2910 Venitigitur
2452 2840 2528 2895 illi
2564 2840 2619 2896 in
2652 2852 2896 2898 mentem
2937 2843 3058 2915 ejus
3093 2843 3371 2910 monachi,
3407 2843 3503 2915 qui

1914 2929 2447 3009 religiosapalaastra
2477 2933 2530 2987 in
2564 2934 2893 2989 Philomelio
2937 2949 3229 3017 exercens,
3275 2953 3397 3006 qua:
3423 2935 3502 2993 illi

1910 3029 2113 3076 eventu
2125 3006 2183 3075 ra
2204 3031 2411 3088 essent,
2444 3022 2695 3081 Bardane
2724 3026 2977 3097 principe
3000 3006 3336 3081 vaticinatus
3359 3034 3500 3083 erat.

203 3094 404 3166 χρείαν
466 3096 588 3151 κατ’
641 3097 810 3168 εὐχὴν
853 3098 1201 3172 ἀναθήματα.
1248 3100 1492 3157 Ἐκείνου
1522 3105 1704 3160 τοίνυν
1743 3108 1803 3163 ὲν

1912 3107 2285 3182 Mittititaque
2315 3113 2427 3167 voti
2459 3129 2646 3179 causa,
2682 3094 2805 3185 quae
2841 3094 2925 3171 illi
2945 3116 3067 3172 usui
3120 3117 3324 3183 forent,
3379 3134 3503 3174 mu-

199 3188 285 3262 τῷ
328 3192 538 3263 μεταξὺ
576 3193 1021 3266 τελευτήσαντος,
1047 3196 1251 3268 συνέϐη
1279 3198 1398 3253 ἀντ’
1423 3200 1591 3256 αὐτοῦ
1617 3203 1805 3277 ἕτερον

202 3284 455 3353 μοναχὸν
487 3284 786 3341 Σα6ὖάτιον
828 3284 1146 3359 λεγόμενον,
1189 3288 1249 3354 ὃς
1276 3292 1374 3346 καὶ
1400 3292 1469 3348 τά
1491 3294 1586 3348 τοῦ
1611 3295 1805 3368 πρώην

199 3374 456 3446 “maloa
475 3377 696 3447 ῥήματα
720 3376 954 3447 ἧκουσεν
977 3378 1304 3445 ὲπεισδύνας
1325 3384 1389 3454 τῇ
1414 3382 1580 3439 αὐτοῦ
1605 3387 1801 3459 σκηνῇ,

193 3472 300 3522 καὶ
342 3473 417 3541 τῇ
474 3469 585 3524 τῶν
642 3464 813 3541 ἁγίων
856 3472 1083 3527 εἰκόνων
1120 3464 1491 3547 προσκυνήσει
1546 3478 1804 3534 ἀντικαθ-

194 3560 423 3614 ίστατο.
454 3560 808 3634 Θεασάμενος
829 3562 886 3616 δὲ
940 3563 1009 3619 τὰ
1049 3564 1204 3633 παρά
1238 3565 1334 3620 τοῦ
1366 3566 1637 3638 βασιλέως
1669 3587 1803 3625 στα-

188 3655 368 3709 λέντα
399 3656 755 3729 ἀποπέμπειν
802 3661 1187 3727 προσεποιεῖτο
1225 3646 1312 3714 διὰ
1363 3662 1424 3715 τὸ
1448 3662 1541 3719 τὸν
1574 3664 1802 3734 βασιλέα

188 3749 538 3820 προσκυνεῖν
591 3749 691 3811 τάς
729 3747 893 3817 ἁγίας
953 3748 1192 3816 εἰκόνας,
1230 3751 1347 3806 ἀνθ’
1380 3744 1454 3807 ὧν
1486 3755 1581 3807 καὶ
1628 3772 1801 3811 κατα-

190 3842 445 3912 στρέψαι
504 3841 709 3911 Κύριον
768 3842 869 3913 τὴν
912 3841 1079 3896 αὑτοῦ
1121 3842 1401 3915 βασιλείαν
1466 3847 1801 3903 ἐπιστέλλων

187 3934 597 4005 προηγγειλεν.
648 3935 881 3991 Τούτοις
948 3934 1399 4011 φρεναπατηθεὶς
1461 3939 1490 3991 6
1546 3940 1800 4009 βασιλεὺς

190 4027 601 4097 μετακαλεῖται
646 4026 905 4081 Θεόδοτον
948 4027 1042 4081 τὸν
1090 4028 1470 4101 Κασσιτηρᾶν,
1515 4032 1671 4097 ὅστις
1704 4032 1803 4086 καὶ

187 4119 335 4191 πρὶν
365 4119 402 4191 ἢ
435 4120 538 4192 τῆς
559 4120 844 4191 βασιλείας
872 4118 1177 4194 δράξασθαι
1213 4121 1307 4175 τὸν
1344 4123 1574 4189 Λέοντα,
1611 4140 1802 4192 γυναιο

188 4214 295 4278 κός
320 4231 474 4277 τινος
501 4213 721 4286 πνεῦμα
745 4213 1001 4280 Πύθωνος
1028 4216 1263 4289 ἐχούσης
1282 4216 1522 4281 ἀκούσας
1550 4218 1643 4272 ἐπὶ
1698 4219 1800 4290 τῆς

187 4306 416 4380 ἀγορᾶς
446 4307 861 4380 περιπατούσης
889 4308 981 4361 καὶ
1006 4308 1318 4380 κραζούσης
1347 4309 1423 4373 ὡς
1446 4312 1474 4364 6
1497 4310 1609 4364 τῶν
1644 4311 1800 4367 Ἀνα-

186 4399 439 4454 τολικῶν
465 4399 777 4473 στρατηγὸς
812 4400 996 4471 μέλλει
1023 4401 1125 4472 τὴν
1147 4402 1241 4455 τοῦ
1273 4402 1492 4475 Μιχαὴλ
1517 4402 1798 4473 βασιλείαν

1910 3218 2042 3257 nera
2068 3203 2347 3275 donaque.
2372 3205 2471 3261 lllo
2498 3205 2784 3262 enimvero
2809 3209 3031 3263 interim
3055 3209 3195 3265 vivis
3219 3219 3499 3281 exempto,

1907 3294 2030 3371 ejus
2060 3293 2184 3350 loco
2212 3296 2517 3359 monachus
2562 3297 2725 3364 alius,
2770 3298 3066 3357 Sabbatius
3109 3302 3352 3367 nomine,
3403 3299 3501 3372 qui

1876 3398 1963 3445 et
1993 3391 2371 3447 antecesseris
2418 3393 2674 3449 monachi
2718 3394 2887 3449 verba
2914 3394 3186 3461 audierat,
3233 3396 3396 3471 605
3443 3396 3499 3453 in

1902 3478 2031 3551 ejus
2070 3479 2265 3535 cellam
2308 3480 2604 3553 locumque
2655 3493 3023 3549 successerat,
3073 3495 3500 3558 sanctarumque

1906 3571 2207 3643 imaginum
2234 3573 2408 3629 cultui
2437 3575 2761 3631 obsistebat.
2807 3576 2858 3633 ls
2896 3575 2992 3632 ubi
3038 3576 3394 3647 imperatoris
3426 3579 3496 3634 ad

1902 3679 1963 3721 se
1995 3666 2162 3722 missa
2199 3667 2509 3737 conspexit,
2537 3668 2637 3723 abs
2655 3685 2715 3725 se
2738 3669 2996 3742 ablegare
3019 3684 3084 3723 ac
3123 3670 3384 3729 simulato
3409 3689 3498 3729 rc-

1902 3758 2135 3830 pellcre,
2158 3759 2307 3828 quod
2340 3760 2458 3830 ipse
2489 3759 2756 3815 nimirum
2784 3761 2960 3818 sacris
2986 3759 3323 3833 imaginibus
3373 3765 3493 3818 cul-

1905 3859 2022 3905 tam
2081 3849 2412 3918 adhiberet;
2473 3854 2838 3921 quamobrem
2879 3854 3045 3912 etiam
3103 3856 3216 3911 Deo
3277 3855 3499 3912 vindico

1901 3941 2022 4011 ejus
2046 3941 2409 3996 evertendum
2443 3942 2739 4012 imperiunm
2766 3943 2894 3999 data
2913 3947 3149 4016 epistola
3185 3947 3362 4001 malus
3391 3963 3489 4002 vae

1904 4031 2275 4113 tcsariolatus
2301 4039 2408 4087 est.
2438 4032 2628 4102 quue
2662 4035 2869 4089 factum
2895 4045 2957 4092 ut
2993 4036 3107 4105 Leo
3147 4053 3341 4092 errore
3397 4037 3492 4094 de-

1902 4133 2097 4193 ceptus
2134 4139 2200 4179 ac
2225 4122 2582 4179 dementatus
2614 4125 2963 4182 Theodotum
3023 4127 3356 4185 Cassiteram
3399 4143 3497 4190 ac-

1903 4222 2173 4271 cerseret.
2228 4215 2280 4272 Is
2326 4214 2593 4271 nimirum
2644 4217 2757 4287 jam
2820 4228 2950 4273 ante
3009 4218 3270 4291 adeptum
3323 4218 3497 4279 Leoni

1902 4304 2221 4377 imperium,
2256 4307 2447 4364 audita
2475 4308 2710 4363 muliere
2749 4311 2949 4379 spiritu
2982 4310 3290 4383 Pythonico
3316 4311 3494 4371 adlata

1903 4396 1958 4451 in
1982 4397 2104 4453 foro
2128 4399 2447 4456 ambulante
2468 4414 2533 4454 ac
2562 4398 2908 4456 vociferante
2957 4400 3075 4457 fore
3121 4409 3184 4456 ut
3242 4401 3498 4459 Orienta-

186 4491 485 4564 δέχεσθαιι
510 4493 604 4547 τὸν
627 4494 831 4547 Λέοντα
851 4492 1295 4564 προσλαϐόμενος
1316 4497 1536 4551 ἄπεισιν
1558 4484 1799 4581 [9..405]

1910 4489 2037 4547 lium
2072 4502 2279 4561 praetor
2312 4492 2597 4549 Michaelis
2635 4493 2692 4549 in
2721 4508 2780 4549 sc
2831 4492 3125 4564 imperium
3160 4495 3495 4565 susciperet,

190 4580 256 4633 ιν
282 4583 367 4654 τῷ
394 4583 492 4637 τοῦ
523 4582 707 4654 Ἀγίου
730 4582 945 4638 Παύλου
960 4582 1075 4653 ναῷ
1102 4584 1162 4637 ὲν
1179 4583 1256 4655 τῷ
1293 4585 1790 4661 Ὀρφανοτροφείῳ,

194 4674 296 4727 καὶ
319 4676 604 4746 συνθήκας
638 4676 777 4749 πρὸς
806 4676 1074 4748 ἀλλήλους
1120 4676 1370 4748 φυλακῆς
1410 4680 1791 4752 ποιησάμενοι,

193 4764 433 4837 θαρῤεἶν
453 4768 591 4841 πρὸς
620 4768 784 4825 αὐτόν
808 4785 823 4798 ⁸
876 4771 961 4823 ὃτι
1017 4774 1128 4826 Mat
1182 4770 1316 4840 περὶ
1370 4771 1489 4827 σοῦ
1521 4774 1591 4829 ἐκ
1630 4776 1796 4844 θείας

191 4854 473 4925 ὁράσεως
502 4859 921 4930 προέγνωσται
960 4859 1043 4929 ὡς
1082 4862 1194 4929 τῆς
1218 4862 1546 4932 ,Βασιλείας
1584 4863 1797 4934 τάχιον

188 4944 513 5018 ἐπιτεύξῃ,
542 4947 748 5002 Τοῦτον
787 4948 882 5005 οῦν
930 4950 1022 5003 τὸν
1051 4951 1311 5007 Θεόδοτον
1340 4955 1793 5027 μετακαλεσάμε-

190 5053 287 5102 νος
319 5040 597 5093 δείκνυσιν
620 5040 770 5112 αὺτῷ
790 5041 859 5097 τὰ
891 5043 1277 5115 ἀπεσταλμένα
1300 5062 1314 5077 ’
1355 5045 1417 5110 ὃς
1442 5047 1537 5101 τοῦ
1550 5049 1795 5109 τοιούτου

187 5132 409 5185 σκοποῦ
452 5132 797 5205 δραξάμενος
827 5133 904 5205 τῷ
937 5135 1092 5207 κακῷ
1149 5138 1316 5191 κακὸν
1350 5140 1659 5205 πλεονάζει,
1698 5143 1793 5197 καὶ

180 5224 499 5292 περίτινος
535 5225 775 5298 μοναχοῦ
807 5228 909 5299 τὴν
953 5228 1172 5297 οἴκησιν
1214 5233 1554 5300 κεκτημένου
1596 5233 1655 5286 ἐν
1678 5236 1792 5299 τοῖς

171 5310 525 5386 Μαυριανοῦ
553 5317 735 5394 πείθει
760 5320 892 5388 παρ’
912 5318 1081 5372 αὑτοῦ
1107 5319 1450 5390 ὲνεργείσθαι
1485 5324 1795 5394 παράδοξα,

166 5401 386 5475 ἕτερον
418 5409 583 5462 αὐτὸν
617 5389 973 5481 έπὶφημίζων
1017 5389 1208 5482 μέγαν
1246 5389 1581 5468 Ἄντώνιον.⁷
1603 5389 1790 5472 Ταῦτα

162 5496 266 5566 τῷ
304 5498 527 5567 βασιλεῖ
556 5502 893 5571 ὑποθέμενος
930 5504 1119 5559 ἄπεισι
1161 5505 1298 5576 πρὸς
1347 5504 1438 5558 τὸν
1490 5508 1788 5578 μοναστὴν,

152 5592 283 5643 διαὶ
322 5594 941 5666 πεπλαστουργημένως
970 5597 1095 5650 τάδε
1123 5600 1308 5669 φησὶν,
1340 5598 1415 5663 ὡς
1437 5598 1513 5668 Τῇ
1525 5600 1785 5671 ἐπιούσῃ

142 5686 369 5739 νυκτί
405 5687 514 5742 τὸν
537 5687 817 5752 βασιλέα.
849 5689 1087 5744 εὐτελεῖ
1134 5693 1544 5763 καταστήματι
1595 5711 1788 5763 προσ-

108 5776 341 5831 ωίσω
380 5796 506 5848 σοι,
564 5780 639 5836 ὃν
689 5781 1020 5852 ἐπαρᾶσθαι
1060 5786 1160 5865 καὶ
1205 5785 1415 5856 τάχιον
1465 5789 1787 5857 παρελθεῖν

1900 4583 2095 4638 eodem
2120 4600 2306 4640 secum
2338 4584 2523 4642 Leone
2571 4595 2863 4658 assumpto
2887 4584 2954 4640 ad
2998 4587 3171 4642 sancti
3214 4587 3367 4642 Pauli
3401 4587 3497 4644 dc-

1899 4676 2147 4744 lubrum,
2178 4677 2326 4748 quod
2354 4679 2408 4732 in
2439 4678 2931 4749 Orphanotrophio
2962 4688 3068 4747 est,
3110 4688 3487 4745 concesserat,

1895 4766 2129 4841 dataque
2167 4780 2214 4823 et
2239 4780 2452 4841 accepta
2477 4772 2666 4825 arcani
2694 4772 2900 4842 tegendi
2930 4770 3036 4840 ﬁde
3066 4773 3250 4831 divina
3270 4773 3369 4829 sibi
3409 4775 3492 4828 vi-

1894 4861 2040 4914 sione
2070 4870 2417 4916 monstratum
2438 4872 2745 4929 asseverat,
2778 4864 2894 4934 fore
2925 4874 2981 4919 tu
3011 4863 3102 4919 ille
3132 4864 3279 4919 brevi,
3322 4866 3493 4935 impe-

1896 4955 1976 5007 rio
1997 4955 2275 5023 potiretur.
2315 4954 2476 5011 Hunc
2501 4972 2632 5028 ergo
2654 4956 2769 5013 Leo
2796 4957 3143 5014 Theodotum
3162 4974 3487 5026 accersens,

1895 5065 2037 5120 quas
2074 5065 2103 5104 a
2128 5050 2399 5106 monacho
2440 5050 2655 5107 litteras
2695 5062 3009 5123 acceperat,
3065 5052 3330 5109 ostendit.
3391 5051 3492 5111 Illo

1894 5141 2112 5197 consilii
2156 5142 2493 5212 ejuscemodi
2524 5152 2748 5215 arrepto
2796 5144 3106 5215 proposito,
3168 5144 3493 5217 malumque
3602 5191 3611 5198 .

1894 5234 2041 5287 malo
2062 5233 2373 5299 cumulans,
2402 5234 2634 5289 alterius
2656 5251 2880 5307 quoque
2927 5237 3313 5293 commeminit
3364 5253 3488 5299 moe

1893 5325 2079 5392 nachi,
2104 5326 2158 5380 in
2196 5326 2464 5383 Mauriani
2493 5328 2708 5385 aedibus
2738 5329 3035 5385 stationem
3068 5331 3347 5388 habentis.
3399 5332 3488 5388 Ab

1891 5432 1960 5472 eo
1992 5418 2239 5475 inaudita
2271 5422 2476 5489 patrari
2505 5421 2762 5487 allirmat,
2787 5430 2847 5477 et
2891 5440 3014 5492 quae
3047 5440 3271 5480 omnem
3317 5424 3485 5483 fidem

1891 5511 2187 5577 excedant,
2245 5513 2479 5568 alterum
2532 5526 2790 5585 magnum
2855 5515 3156 5571 Antonium
3200 5518 3483 5588 praeconio

1892 5605 2186 5660 venditans
2208 5614 2371 5677 atque
2396 5607 2707 5662 celebrans.
2760 5609 2891 5663 Rem
2940 5608 3021 5664 sic
3063 5610 3267 5667 habere
3304 5610 3479 5667 Leoni

1894 5698 2231 5767 persuadet;
2279 5706 2506 5767 tumque
2562 5698 2629 5753 ad
2667 5702 3000 5757 monachum
3040 5703 3273 5759 veniens
3329 5703 3475 5758 malo

1893 5792 2007 5848 haec
2029 5790 2212 5847 animo
2247 5791 2396 5847 iniit:
2426 5790 2731 5864 Insequenti
2761 5802 2906 5849 nocte
2930 5794 3221 5853 imncraior
3247 5794 3337 5851 vili
3371 5795 3468 5849 ha-
