3962 6200
244 307 332 368 b‘i5
1317 319 1683 383 ANNALES.
1722 347 1787 358 -
1824 322 1970 385 LEO
2009 327 2432 391 ARMENIUS.

3386 342 3498 409 666

253 422 566 493 Ἀρμενίωνο
592 425 685 478 καὶ
723 424 1003 495 Ἀσσύριοι
1036 430 1135 499 μὲν
1155 428 1215 496 ἐξ
1263 430 1541 503 ’Δσσύρων
1567 435 1799 505 ἐκλήθη-

1907 438 2406 512 Armeniorumque
2436 458 2631 513 genus.
2668 444 2743 501 Ac
2768 445 2975 517 Assyrii
3008 445 3237 515 quidem
3270 449 3340 502 ab
3399 452 3499 506 As-

242 530 344 575 σαν,
392 512 671 582 Ἀρμένιοι
718 513 775 567 δὲ
802 514 911 568 ἀπὸ
949 516 1235 587 ’Λρμενίου
1261 519 1404 583 τινος
1438 520 1581 575 οὕτω
1606 524 1805 577 καλου-
1854 526 1857 531 ’

240 604 405 676 μένου,
444 604 541 659 τοῦ
561 606 669 659 ἀπδ
705 605 1001 677 Ἀρμενίας
1032 609 1240 675 πόλεως
1265 612 1563 677 Θετταλίας
1583 608 1809 687 γενομέ-

235 713 334 758 νου,
357 694 413 758 ὃς
454 696 651 750 Ἰάσονι
676 697 1160 767 συνεστράτευσεν.

300 786 359 858 β’.
382 781 559 852 Οὗτος
607 790 638 843 ό
691 788 846 843 Λέων
902 790 1157 861 στεφθεὶς
1187 793 1294 847 ύπδ
1343 795 1663 870 Νικηφόρου
1701 820 1807 855 πα-

231 880 481 953 τριάρχου
510 878 843 934 ἐϐεϐαίωσεν
876 881 1039 937 αὑτὸν
1069 884 1389 955 ἐγγράφως,
1426 887 1500 950 ὡς
1525 889 1809 960 ὀρθόδοξός

232 974 339 1026 ἐστι
365 974 431 1043 τῇ
462 971 665 1025 πίστει.
713 971 873 1027 Ἀλλά
899 972 1009 1044 γὰρ
1036 974 1138 1029 ούκ
1177 975 1369 1030 ἔλαθεν
1400 977 1479 1050 τῷ
1504 981 1652 1053 καλῷ
1697 1000 1807 1037 ποι-

234 1067 399 1137 μινιὸ
421 1063 586 1129 λύκος
610 1064 690 1137 τῷ
735 1067 917 1137 κωδίῳ
960 1069 1412 1141 ἐγκεκρυμμένος
1435 1088 1450 1104 ο
1494 1073 1573 1138 ὡς
1606 1076 1717 1145 γὰρ
1746 1076 1809 1130 τὸ

228 1161 452 1231 διάδημα
470 1162 536 1231 τῇ
556 1161 729 1232 μιαρᾷ
746 1161 958 1215 ἐκείνου
977 1164 1186 1236 κεφαλῇ
1206 1166 1600 1240 περιτέθεικεν,
1632 1172 1808 1227 ἐδόκει

227 1252 299 1317 ὡς
353 1254 602 1308 ἀκανθῶν
666 1256 763 1308 καὶ
820 1255 1087 1326 τριϐόλων
1135 1260 1532 1331 προστρίψεσιν
1612 1263 1807 1337 ὀδύνης

227 1345 670 1401 ἐπαισθάνεσθαι.
703 1346 817 1402 Καὶ
858 1348 956 1418 τῆς
1010 1351 1276 1422 συνήθους
1302 1353 1509 1419 τάξεως
1540 1355 1810 1410 τελεσθεί-

226 1454 341 1508 σης,
361 1440 452 1491 ἐπὶ
467 1440 527 1492 τδ
541 1439 803 1497 παλάτιον
822 1443 851 1496 ὁ
868 1442 1149 1516 ἀλιτήριος
1174 1445 1595 1519 εὐφημούμενος
1614 1448 1803 1521 ἀπῄει.

234 1529 319 1595 Ὠς
342 1533 397 1585 δὲ
425 1532 528 1602 πρὸ
553 1532 664 1586 τῶν
692 1535 790 1605 τῆς
810 1534 1035 1606 Χαλκῆς
1053 1537 1237 1591 πυλῶν
1255 1539 1313 1591 ἐν
1343 1538 1422 1613 τῷ
1451 1541 1575 1617 κατ’
1602 1544 1805 1613 ἐπιφά-

219 1641 365 1678 νειαν
386 1623 632 1695 κυκλικῷ
661 1627 755 1679 καὶ
790 1626 1059 1700 πορφύρῳ
1079 1632 1357 1703 μαρμάρῳ
1370 1633 1605 1702 ἐγένετο,
1646 1635 1810 1704 εὐχα-

220 1718 491 1788 ριστήριον
530 1717 784 1772 ἀπεδίδου
808 1719 887 1790 τῷ
921 1721 1099 1777 ἐκεῖσε
1119 1721 1357 1793 Χριστοῦ
1383 1725 1477 1778 τοῦ
1495 1725 1627 1779 Θεοῦ
1645 1730 1677 1799 ή
1688 1728 1805 1797 μῶν

216 1810 576 1877 εἰκονίσματι,
640 1812 750 1867 εἴτε
804 1813 1006 1886 ἀληθῆ,
1060 1816 1172 1869 εἴτε
1226 1821 1800 1891 προσχήματι.Ἔνθα

216 1902 582 1957 ἐκδιδύσκεται
612 1903 712 1977 τὴν
742 1904 969 1977 ἐσθῆτα,
1021 1908 1089 1978 ἢν
1141 1909 1481 1983 ἐπεϐέϐλητο
1509 1913 1802 1984 ῥοδοειδὲσι

215 1995 401 2065 χρόαις
430 1995 842 2067 ἐκλάμπουσαν,
868 1997 964 2050 καὶ
997 1998 1244 2053 κολόϐιον
1275 2000 1304 2053 ὃ
1331 2003 1799 2072 προσονομάζουσι

216 2086 351 2138 κατά
381 2088 441 2139 τὸ
471 2084 706 2140 ἔκπαλαι
757 2086 868 2147 τῶν
917 2090 1306 2162 στρατηλατῶν
1341 2094 1584 2165 τηρηθέν
1635 2095 1755 2160 ἔθος
1782 2114 1797 2129 ·

216 2176 305 2228 καὶ
333 2175 554 2247 Μιχαὴλ
573 2176 653 2248 τῷ
697 2178 756 2243 ἐξ
799 2178 1108 2249 Ἀμοραίων
1157 2180 1450 2253 ἱπποκόμῳ
1484 2181 1649 2237 αὑτοῦ
1685 2182 1798 2240 ὅντε

212 2266 509 2320 ἐπιδίδωσι.
540 2268 649 2322 Τοῦ
670 2269 726 2321 δέ
762 2269 966 2341 ταύτην
1006 2256 1467 2343 ἀναϐαλλομένου,
1498 2276 1578 2338 είς
1608 2276 1798 2333 οἰωνὸν

217 2359 351 2428 μεεά
380 2362 451 2414 τὰ
468 2360 676 2414 Λέοντα
718 2361 819 2431 τῆς
855 2360 1149 2434 βασιλικῆς
1172 2364 1481 2429 ἐπιϐάσεως
1506 2369 1617 2432 τοῖς
1631 2369 1798 2424 είδόσι

212 2453 505 2522 λελόγιστο.
536 2451 670 2508 Εἶτα
690 2455 769 2517 είς
806 2455 873 2508 τά
891 2455 1160 2526 λεγόμενα
1183 2456 1365 2513 Σκῦλα
1394 2459 1663 2529 ἐλθόντες,
1696 2464 1797 2534 τὴν

212 2547 415 2619 ἐσθῆτα
471 2547 703 2613 Λέοντος
757 2549 1012 2605 ἐπιϐάσει
1066 2550 1260 2623 βαρείᾳ
1310 2552 1664 2624 καθύϐρισεν.
1706 2556 1797 2609 Ἐν

212 2639 427 2691 συνέσει
465 2638 523 2692 δὲ
544 2639 736 2693 τούτου
768 2641 919 2694 Λέων
944 2644 1259 2711 γενόμενος,
1285 2644 1653 2716 νεωτερισμόν
1676 2662 1797 2698 τινα

211 2732 466 2802 παραυτὰ
491 2730 711 2784 ἔσεσθαι
741 2732 889 2803 αύτῷ
945 2732 1249 2789 οἰωνίσατο.

275 2830 345 2891 γ’.
379 2817 560 2876 Ἧκεν
588 2820 682 2877 οὖν
710 2826 792 2887 είς
844 2824 1107 2896 λογισμὸν
1138 2825 1289 2898 αύτῷ
1329 2825 1457 2899 περὶ
1491 2824 1587 2881 τοῦ
1629 2828 1687 2881 ἐν
1718 2826 1796 2900 τῷ

205 2912 516 2982 Φιλομηλίῳ
553 2913 904 2984 μονάζοντος,
950 2913 1009 2977 ὃς
1036 2915 1133 2968 ἐπὶ
1161 2914 1256 2970 τοῦ
1297 2914 1594 2989 Βαρδανίου
1641 2912 1796 2973 εἷπεν

203 3006 352 3077 αὖτῷ
378 3006 447 3062 τὰ
486 3005 899 3079 συμϐησόμενα.
960 3006 1176 3062 Στέλλει
1226 3008 1321 3063 οὖν
1352 3008 1501 3082 αὕτῷ
1547 3010 1617 3064 τὰ
1658 3010 1801 3084 πρὸς

203 3098 396 3169 χρείαν
458 3098 581 3153 κατ’
634 3099 803 3170 εὐχὴν
847 3098 1194 3172 ἀναθήματα.
1241 3099 1484 3157 Ἐκείνου
1515 3103 1697 3158 τοίνυν
1736 3105 1795 3160 ἐν

199 3190 281 3264 τῷ
322 3193 531 3265 μεταξὺ
569 3194 1013 3267 τελευτήσαντος,
1040 3196 1245 3268 συνέϐη
1273 3197 1391 3253 ἀντ’
1416 3198 1583 3254 αὐτοῦ
1609 3201 1798 3274 ἕτερον

203 3286 448 3356 μοναχὸν
480 3286 779 3343 Σαϐϐάτιον
821 3287 1139 3360 λεγόμενον,
1181 3288 1242 3354 ὃς
1270 3291 1368 3345 καλ⁸
1393 3292 1463 3347 τά
1485 3292 1579 3347 τοῦ
1604 3293 1798 3367 πρώην

198 3376 450 3448 μοναχοῦ
468 3380 690 3449 ῥήματα
714 3378 948 3449 ήκουσεν
971 3378 1297 3444 ἐπεισδύνας
1318 3383 1383 3453 τῇ
1408 3381 1574 3438 αὑτοῦ
1599 3386 1795 3457 σκηνῇ,

193 3475 297 3524 καὶ
338 3475 411 3543 τῇ
468 3471 579 3525 τῶν
637 3473 807 3542 ἁγίων
851 3473 1077 3526 εἰκόνων
1114 3464 1485 3547 προσκυνήσει
1540 3477 1797 3533 ἀντικαθ-

194 3563 418 3617 ίστατο.
449 3562 802 3636 Θεασάμενος
823 3563 881 3617 δέ
934 3563 1003 3619 τὰ
1043 3564 1198 3633 παρά
1232 3565 1328 3620 τοῦ
1360 3565 1631 3637 βασιλέως
1663 3586 1797 3624 στα-

187 3658 364 3712 λέντα
394 3658 751 3730 ἀποπέμπειν
797 3662 1181 3728 προσεποιεῖτο
1219 3644 1307 3714 διὰ
1357 3661 1418 3714 τὸ
1443 3661 1537 3718 τὸν
1569 3663 1797 3733 βασιλέα

186 3751 533 3823 προσκυνεῖν
587 3750 686 3812 τὰς
724 3748 888 3818 ἁγίας
948 3748 1187 3816 εἰκόνας,
1225 3751 1342 3805 ἀνθ’
1374 3744 1449 3806 ὧν
1480 3754 1576 3807 καὶ
1622 3771 1795 3809 κατα-

187 3844 441 3915 στρέψαι
500 3843 705 3912 Κύριον
763 3843 864 3913 τὴν
908 3842 1073 3897 αὑτοῦ
1116 3842 1396 3915 βασιλείαν
1461 3846 1796 3901 ἐπιστέλλων

184 3936 593 4008 προήγγειλεν.
644 3935 877 3992 Τούτοις
944 3935 1395 4006 φρεναπατηθεὶς
1456 3938 1485 3990 ὁ
1541 3938 1796 4007 βασιλεὺς

187 4029 598 4101 μετακαλεῖται
643 4027 901 4082 Θεόδοτον
944 4027 1038 4082 τὸν
1086 4028 1465 4100 Κασσιτηρᾶν,
1511 4030 1667 4095 ὅστις,
1700 4030 1798 4084 καὶ

183 4122 333 4193 πρὶν
362 4121 398 4194 ἦ
431 4122 534 4194 τῆς
556 4121 840 4194 βασιλείας
868 4119 1174 4194 δράξασθαι
1210 4120 1303 4175 τὸν
1341 4122 1570 4188 Λέοντα,
1607 4139 1797 4191 γυναι-

184 4216 294 4280 κός
319 4234 471 4280 τινος
498 4215 718 4288 πνεῦμα
743 4214 998 4280 Πύθωνος
1026 4215 1260 4288 ἐχούσης
1278 4215 1518 4279 ἀκούσας
1547 4217 1639 4271 ἐπὶ
1694 4217 1796 4288 τῆς

181 4308 413 4382 ἀγορᾶς
442 4308 857 4382 περιπατούσης
886 4309 978 4361 καὶ
1003 4308 1314 4380 κραζούσης
1345 4308 1420 4372 ὡς
1443 4311 1470 4362 ὁ
1494 4308 1605 4362 τῶν
1640 4310 1797 4365 Ἀνα-

180 4401 436 4457 τολικῶν
462 4401 774 4474 στρατηγὸς
809 4400 993 4471 μέλλει
1021 4401 1122 4470 τὴν
1144 4401 1239 4455 τοῦ
1270 4401 1489 4472 Μιχαὴλ
1514 4400 1795 4471 βασιλείαν

178 4493 481 4566 δέχεσθαι,
508 4495 601 4549 τὸν
625 4495 829 4548 Λέοντα
849 4492 1293 4563 προσλαϐόμενος
1314 4495 1533 4549 ἄπεισιν
1556 4482 1793 4569 [9.405]

181 4583 251 4635 ἐν
280 4585 366 4652 τῷ
393 4584 490 4639 τοῦ
522 4583 705 4652 Ἀγίου
728 4583 943 4638 Παύλου
958 4582 1073 4652 ναῷ
1100 4584 1160 4636 ἐν
1178 4582 1254 4652 τῷ
1291 4584 1789 4652 Ὀρφανοτροφείῳ,

1904 4487 2035 4543 lium
2070 4497 2277 4558 przetor
2310 4486 2595 4543 Michaelis
2634 4488 2690 4544 in
2718 4503 2777 4543 se
2828 4486 3122 4557 imperium
3158 4487 3493 4557 susciperet,

1904 4580 2092 4635 eodem
2117 4597 2303 4637 secum
2338 4579 2523 4636 Leone
2569 4590 2860 4652 assumpto
2884 4579 2952 4634 ad
2995 4580 3169 4635 sancti
3212 4580 3365 4635 Pauli
3399 4579 3495 4636 dco

181 4583 251 4635 ἐν
280 4585 366 4656 τῷ
393 4584 490 4639 τοῦ
522 4583 705 4655 Ἀγίου
728 4583 943 4638 Παύλου
958 4582 1073 4652 ναῷ
1100 4584 1160 4636 ἐν
1178 4582 1254 4654 τῷ
1291 4584 1789 4659 Ὀρφανοτροφείῳ,

183 4677 295 4728 καὶ
320 4679 603 4748 συνθήκας
637 4677 775 4750 πρὸς
805 4676 1071 4748 ἀλλήλους
1118 4676 1368 4747 φυλακῆς
1408 4678 1789 4750 ποιησάμενοι,

184 4766 430 4840 θαρρεῖν
451 4770 589 4843 πρὸς
618 4770 783 4826 αὐτόν
807 4786 821 4799 ·
874 4772 959 4825 ὅτι
1015 4774 1127 4826 Mat
1181 4770 1315 4839 περὶ
1369 4770 1488 4826 σοῦ
1519 4772 1590 4828 ἐκ
1629 4773 1795 4841 θείας

184 4857 472 4927 ὁράσεως
502 4860 919 4932 προέγνωσται
959 4860 1041 4929 ὠς
1080 4861 1193 4929 τῆς
1217 4861 1545 4930 βασιλείας
1583 4860 1795 4931 τάχιον

184 4945 513 5019 ἐπιτεύξῃ.
542 4948 748 5003 Τοῦτον
786 4950 881 5006 οὖν
928 4951 1021 5004 τὸν
1050 4951 1310 5007 Θεόδοτον
1338 4952 1792 5025 μετακαλεσάμε-

187 5053 287 5103 νος
320 5041 598 5095 ὁείκνυσιν
620 5041 769 5113 αὐτῷ
789 5042 858 5098 τὰ
890 5044 1277 5114 ἀπεσταλμένα
1300 5060 1314 5076 ο
1355 5044 1416 5108 ὃς
1441 5044 1537 5099 τοῦ
1550 5046 1791 5102 τοιούτου

190 5134 410 5187 σκοποῦ
452 5134 797 5207 δραξάμενος
827 5134 903 5205 τῷ
936 5135 1091 5207 κακῷ
1148 5136 1316 5190 κακὸν
1350 5137 1658 5203 πλεονάζει,
1696 5140 1793 5194 καὶ

180 5227 500 5293 περίτινος
535 5226 775 5300 μοναχοῦ
808 5228 909 5300 τὴν
952 5229 1171 5297 οἴκησιν
1214 5230 1553 5299 κεκτημένου
1596 5230 1792 5296 ἐντοῖς

174 5310 526 5387 Μαυριανοῦ
555 5319 736 5391 πείθει
762 5320 892 5389 παρ’
912 5318 1081 5372 αὑτοῦ
1106 5318 1450 5389 ἐνεργεῖσθαι
1485 5321 1795 5391 παράδοξα,

168 5400 389 5475 ἓτερον
420 5411 584 5463 αὐτὸν
618 5390 973 5482 ἐπιφημίζων
1018 5411 1193 5482 μέγαν
1246 5390 1792 5469 ’ΛντώνιονξΤαῦτα

168 5495 274 5563 τῷ
308 5500 528 5569 βασιλεῖ
556 5503 894 5571 ὑποθέμενος
932 5504 1120 5558 ἄπεισι
1161 5504 1299 5575 πρδς
1347 5502 1438 5557 τὸν
1491 5506 1789 5577 μοναστὴν.

164 5589 288 5641 καὶ
324 5595 941 5666 πεπλαστουργημένως
972 5596 1096 5651 τάδε
1124 5599 1309 5667 φησὶν,
1340 5597 1416 5662 ὡς
1438 5596 1787 5668 Τᾶέπιούσῃ

156 5688 369 5742 νυκτί
406 5688 515 5743 τόν
538 5688 815 5754 βασιλέα
851 5688 1089 5744 εὐτελεῖ
1136 5692 1546 5761 καταστήματι
1597 5709 1789 5761 προσ-

138 5769 339 5836 οίσω
379 5798 506 5851 σοι,
564 5781 640 5837 ὃν
690 5781 1023 5852 ἐπιιίᾶσθαι
1064 5784 1162 5863 καί
1208 5784 1416 5856 τάχιον
1467 5787 1789 5855 παρελθεῖν

1911 529 2053 601 syris
2080 541 2367 586 traxerunt
2394 550 2618 599 nomen,
2670 534 2915 590 Armenii
2964 552 3095 592 vero
3118 537 3188 591 ab
3237 540 3501 595 Armenio

1911 622 2151 691 quodam
2211 625 2289 678 sic
2347 623 2533 689 dicto,
2595 625 2854 698 Armenia
2918 627 3221 685 Thessalia:
3294 632 3501 702 oppido

1909 714 2168 779 oriundo,
2204 715 2296 786 qui
2328 714 2515 773 Jasoni
2546 717 2647 772 fuit
2680 718 3050 788 expeditionis
3075 737 3281 781 comes.

1979 803 2145 877 σοι
2166 805 2222 860 2.
2265 804 2363 861 Hic
2387 807 2500 862 Leo
2522 809 2794 880 augustali
2827 826 3030 865 corona
3082 811 3320 869 donatus
3345 831 3372 868 a
3404 814 3501 870 Ni-

1911 896 2156 968 Cephoro
2209 900 2522 969 patriarcha
2560 902 2629 955 ab
2672 918 2851 973 eoque
2902 904 3285 974 inauguratus,
3334 916 3499 963 rectae

1910 989 2037 1045 ﬁdei
2063 1007 2121 1047 se
2151 993 2421 1048 cultorem
2458 1010 2578 1049 esse
2624 995 2835 1067 scripto
2887 998 3174 1067 professus
3230 1008 3336 1054 est.
3390 999 3504 1055 Nec

1912 1089 2093 1137 tamen
2125 1083 2290 1155 lupus
2320 1086 2478 1141 ovina
2507 1087 2647 1157 pelle
2673 1096 2962 1145 conlectus
2986 1090 3193 1145 bonum
3218 1103 3497 1163 pastorem

1908 1172 2091 1229 latuit.
2118 1175 2255 1230 Dum
2282 1177 2433 1231 enim
2456 1180 2750 1234 scelestum
2774 1190 2942 1251 caput
2969 1182 3281 1238 diademate
3304 1184 3498 1256 cingit,

1909 1266 2205 1323 videbatur
2230 1269 2334 1325 sibi
2367 1273 2523 1341 quasi
2557 1272 2839 1342 spinarum
2889 1290 2954 1329 ac
2991 1274 3327 1330 tribulorum
3377 1276 3501 1331 inli-

1911 1363 1995 1419 xis
2019 1365 2228 1420 aculeis
2263 1364 2473 1421 doloris
2494 1381 2658 1422 sensu
2708 1367 2847 1422 allici
2898 1368 3074 1439 iisque
3106 1369 3319 1439 peruri.
3361 1368 3502 1425 Con-

1911 1466 2070 1513 sueto
2104 1457 2543 1529 inaugurationis
2573 1459 2683 1514 ritu
2741 1461 2982 1530 expleto,
3041 1462 3246 1531 populo
3304 1460 3503 1519 faustis

1909 1551 2189 1606 ominibus
2215 1551 2544 1617 deducente,
2578 1553 2747 1609 miser
2768 1553 2836 1609 ad
2860 1552 3124 1623 palatium
3180 1555 3287 1609 iter
3329 1555 3499 1611 babe-

1911 1640 2025 1697 bat.
2060 1641 2130 1698 Ut
2162 1652 2345 1698 autem
2379 1644 2446 1699 ad
2470 1644 2699 1701 Chalces
2727 1656 2941 1715 portam
2996 1647 3168 1712 venit,
3217 1662 3328 1717 quo
3378 1649 3501 1704 loco

1914 1734 2177 1805 templum
2202 1736 2503 1793 orbiculari
2550 1736 2725 1809 figura
2774 1738 3167 1810 porphyretici)
3223 1756 3500 1797 marmore

1911 1825 2279 1885 incrustatum
2306 1829 2664 1900 splendescit,
2683 1830 2899 1886 Christi.
2920 1830 3015 1886 Dei
3048 1831 3221 1887 nostri
3249 1832 3361 1887 illic
3383 1831 3499 1887 elli-

1908 1917 2039 1989 giei,
2064 1934 2159 1973 seu
2184 1935 2343 1975 veras
2365 1936 2461 1975 seu
2488 1922 2673 1991 specie
2707 1929 2871 1977 tenus
2908 1938 2973 1977 ac
3028 1922 3245 1977 ludicro
3288 1923 3496 2001 animo,

1908 2009 2111 2080 gratias
2126 2010 2257 2082 egit.
2288 2010 2370 2066 lbi
2392 2028 2556 2082 quam
2579 2022 2894 2083 praetextam
2916 2014 3147 2071 indutus
3164 2024 3304 2079 erat,
3322 2014 3499 2071 roseis

1908 2100 2195 2157 coloribus
2230 2102 2556 2179 fulgentem,
2599 2120 2663 2161 ac
2705 2106 2852 2176 quod
2903 2121 3056 2162 more
3088 2106 3319 2177 antiquo
3355 2122 3498 2177 pra:-

1908 2201 2087 2248 torum
2117 2195 2398 2249 colobium
2438 2207 2662 2261 vocant,
2692 2213 2922 2261 exuens,
2957 2214 3058 2252 suo
3087 2207 3202 2253 tum
3240 2200 3495 2269 equisoni

1906 2284 2159 2341 Michaeli
2204 2287 2455 2342 Amaran
2518 2287 2705 2344 tradit.
2765 2288 2863 2345 Illo
2916 2305 3043 2343 mox
3099 2289 3386 2356 induente,
3441 2292 3494 2347 in

1905 2377 2233 2451 praesagium
2266 2379 2404 2434 abiit
2460 2394 2573 2433 rem
2616 2368 2923 2441 scientibus
2974 2379 3321 2449 adipiscendi
3373 2389 3497 2450 post

1906 2470 2147 2526 Leonem
2182 2470 2421 2542 imperii.
2456 2471 2587 2525 Inde
2612 2470 2665 2524 in
2699 2472 2879 2525 lucum
2913 2471 3123 2526 dictqu
3162 2472 3320 2544 Scyla
3369 2488 3495 2528 eum

1905 2560 2212 2623 venissent,
2246 2560 2450 2616 acriori
2504 2561 2722 2616 incessu
2769 2561 2973 2617 Leonis
3008 2570 3327 2634 prmtextam
3361 2577 3495 2633 pro-

1905 2653 2167 2711 culcavit.
2204 2652 2315 2708 Leo
2344 2669 2403 2708 re
2433 2652 2714 2709 intellecta
2752 2654 3117 2711 rebellionem
3162 2655 3404 2727 aliquam
3438 2654 3495 2710 in

1904 2760 1963 2801 sc
1992 2760 2116 2798 mox
2152 2744 2450 2800 excitatum
2484 2745 2549 2800 iri
2592 2746 2851 2818 conjecit.

1972 2835 2028 2889 ὃς
2065 2834 2227 2890 Venit
2250 2833 2416 2906 igitur
2445 2836 2521 2891 illi
2557 2836 2611 2891 in
2645 2846 2888 2892 mentem
2930 2837 3051 2909 ejus
3086 2836 3363 2903 monachi,
3398 2836 3495 2907 qui

1905 2926 2161 2997 religiosa
2190 2926 2439 2997 palzestra
2470 2927 2523 2982 in
2557 2928 2885 2983 Philomelio
2929 2943 3222 2997 exercens,
3267 2945 3389 2999 quae
3415 2927 3493 2985 illi

1903 3025 2173 3073 eventura
2198 3026 2404 3083 essent,
2438 3016 2688 3074 Bardane
2717 3020 2970 3089 principe
2994 3004 3329 3075 vaticinatus
3352 3026 3493 3075 erat.

1905 3104 2072 3162 Mittit
2094 3108 2279 3179 itaque
2308 3108 2420 3163 voti
2452 3124 2640 3173 causa,
2676 3126 2797 3179 quae
2833 3110 2908 3164 illi
2938 3109 3060 3166 usui
3114 3110 3318 3176 forent,
3373 3127 3496 3165 mu-

1903 3216 2035 3255 nera
2062 3200 2340 3271 donaque.
2366 3201 2465 3256 Illo
2492 3200 2777 3257 enimvero
2802 3203 3025 3257 interim
3049 3202 3189 3257 vivis
3214 3212 3492 3274 exempto,

1900 3291 2023 3369 ejus
2054 3290 2178 3347 loco
2206 3292 2511 3355 monachus
2556 3293 2719 3360 alius,
2765 3292 3060 3350 Sabbatius
3103 3295 3346 3359 nomine,
3397 3290 3495 3365 qui

1870 3396 1957 3444 et
1987 3388 2365 3444 antecesseris
2412 3389 2668 3444 monachi
2712 3389 2881 3444 verba
2908 3388 3181 3453 audierat,
3228 3388 3391 3461 605
3438 3388 3493 3445 in

1896 3477 2025 3549 ejus
2064 3477 2259 3533 cellam
2302 3476 2598 3549 locumque
2649 3486 3017 3543 successerat,
3068 3488 3495 3549 sanctarumque

1899 3568 2201 3641 imaginum
2229 3570 2403 3626 cultui
2432 3570 2756 3626 obsistebat.
2801 3571 2852 3628 Is
2890 3569 2987 3626 ubi
3032 3569 3388 3640 imperatoris
3420 3570 3491 3626 ad

1896 3677 1957 3719 se
1989 3664 2157 3719 missa
2194 3663 2504 3734 conspexit,
2531 3664 2632 3719 abs
2650 3679 2710 3720 se
2732 3664 2991 3736 ablegare
3014 3678 3079 3718 ac
3118 3663 3378 3721 simulato
3404 3681 3493 3721 rc-

1897 3756 2130 3827 pellere,
2153 3756 2302 3825 quod
2335 3756 2453 3826 ipse
2484 3754 2752 3811 nimirum
2779 3756 2955 3812 sacris
2982 3753 3317 3827 imaginibus
3368 3756 3488 3810 cul-

1900 3856 2018 3903 tum
2076 3846 2408 3914 adhiberet;
2468 3848 2833 3916 quamobrem
2874 3849 3040 3905 etiam
3098 3849 3212 3905 Deo
3272 3847 3495 3904 vindico

1896 3937 2017 4008 ejus
2042 3937 2405 3993 evertendum
2439 3938 2735 4007 imperium
2762 3937 2890 3993 data
2909 3940 3144 4013 cpistola
3180 3940 3358 3994 malus
3387 3955 3487 3994 vas

1900 4027 2272 4110 tcspriolatus
2298 4035 2404 4083 est.
2434 4027 2623 4098 quue
2658 4029 2865 4084 factum
2891 4038 2953 4085 ut
2989 4029 3103 4099 Leo
3143 4045 3337 4085 errore
3393 4029 3488 4086 de-

1898 4130 2095 4190 ceptus
2132 4135 2198 4176 ac
2222 4118 2578 4187 dementatus
2610 4119 2960 4177 Theodotum
3019 4120 3352 4195 Cassiteram
3395 4135 3493 4182 ae-

1899 4220 2171 4267 cerseret.
2226 4211 2277 4268 Is
2323 4210 2589 4266 nimirum
2640 4212 2754 4283 jam
2816 4222 2946 4267 ante
3006 4211 3266 4284 adeptum
3320 4210 3494 4271 Leoni

1899 4302 2219 4374 imperium,
2254 4303 2445 4359 audita
2472 4303 2706 4359 muliere
2745 4305 2946 4374 Spiritu
2980 4303 3287 4377 Pythonico
3313 4304 3491 4363 adlata

1900 4394 1955 4448 in
1979 4394 2102 4450 foro
2125 4394 2445 4451 ambulante
2466 4408 2530 4448 ac
2558 4392 2905 4453 vociferante
2954 4393 3073 4450 fore
3118 4402 3181 4449 ut
3238 4394 3494 4452 Orienta-

1901 4487 2035 4543 lium
2070 4497 2277 4558 przetor
2310 4486 2595 4543 Michaelis
2634 4488 2690 4544 in
2718 4503 2777 4543 se
2828 4486 3122 4557 imperium
3158 4487 3493 4557 susciperet,

1897 4672 2145 4740 lubrum,
2176 4673 2324 4744 quod
2353 4674 2405 4727 in
2439 4672 2929 4744 Orphanotrophio
2960 4682 3066 4739 est,
3109 4681 3485 4737 concesserat,

1894 4762 2126 4836 dataque
2165 4776 2213 4819 et
2237 4775 2451 4837 accepta
2477 4767 2665 4820 arcani
2692 4767 2899 4837 tegendi
2929 4764 3035 4834 ﬁde
3065 4767 3247 4821 divina
3268 4766 3366 4821 sibi
3407 4767 3491 4822 vi-

1892 4856 2039 4910 sione
2069 4866 2417 4911 monstratum
2438 4867 2743 4925 asseverat,
2777 4858 2893 4929 fore
2924 4868 2979 4913 ut
3008 4858 3101 4913 ille
3131 4858 3277 4912 brevi,
3320 4859 3491 4929 impe-

1894 4951 1974 5003 rio
1995 4951 2275 5019 potiretur.
2315 4950 2476 5006 Ilunc
2501 4966 2633 5023 ergo
2656 4951 2769 5009 Leo
2795 4951 3142 5008 Theodotum
3161 4966 3486 5019 accersens,

1893 5061 2035 5117 quas
2073 5061 2102 5100 a
2128 5045 2399 5102 monacho
2440 5045 2655 5101 litteras
2696 5057 3008 5117 acceperat,
3065 5045 3330 5103 ostendit.
3390 5044 3491 5105 Illo

1894 5137 2112 5193 consilii
2156 5138 2494 5207 ejuscemodi
2526 5147 2749 5210 arrepto
2797 5139 3106 5210 proposito,
3168 5138 3491 5209 malumque
3602 5184 3609 5190 .

1894 5230 2041 5284 malo
2063 5229 2374 5295 cumulans,
2403 5229 2636 5285 alterius
2658 5245 2880 5301 quoque
2926 5230 3313 5286 commeminit
3364 5245 3487 5285 mo-

1894 5321 2080 5388 naehi,
2105 5321 2159 5377 in
2196 5322 2465 5378 Mauriani
2494 5323 2710 5380 aedibus
2739 5323 3036 5379 stationem
3068 5324 3347 5380 habentis.
3400 5324 3487 5380 Ah

1892 5429 1961 5469 eo
1994 5414 2241 5471 inaudita
2272 5417 2478 5485 patrari
2508 5416 2763 5482 allirmat,
2788 5424 2848 5472 et
2892 5433 3015 5485 quae
3048 5432 3271 5473 omnem
3318 5416 3485 5475 ﬁdem

1893 5507 2189 5573 excedant,
2246 5508 2482 5563 alterum
2535 5522 2792 5580 magnum
2857 5509 3157 5565 Antonium
3202 5510 3485 5581 praeconio

1894 5601 2188 5657 venditans
2211 5610 2374 5673 atque
2399 5602 2710 5657 celebrans.
2761 5602 2893 5657 Rem
2942 5602 3023 5658 sic
3064 5603 3269 5660 habere
3306 5602 3479 5659 Leoni

1896 5694 2233 5764 persuadet;
2281 5702 2509 5763 tumque
2566 5693 2632 5747 ad
2670 5696 3002 5751 monachum
3043 5697 3275 5753 veniens
3330 5695 3477 5751 malo

1896 5789 2010 5844 lliEC
2032 5787 2214 5844 animo
2249 5787 2399 5843 iniit:
2430 5785 2733 5859 Insequenti
2764 5796 2909 5843 noclc
2933 5788 3222 5845 imocrator
3249 5787 3339 5844 vili
3374 5788 3469 5841 Im-
