3962 6200
297 309 378 374 681
1293 305 1660 368 ANNALES.
1705 295 2130 364 -MICHAEL
2169 305 2480 364 BALBUS.

3409 303 3516 368 632

294 420 358 490 τῷ
380 419 456 489 υἱῷ
492 417 565 488 τῷ
593 418 735 472 κατὰ
760 417 820 470 τὸ
853 415 1116 486 στέψιμον
1159 414 1618 484 μετονομασθέντι
1673 414 1828 466 Κων-

1946 415 2328 470 )ominarum:
2361 414 2705 488 Symbatium
2743 413 2940 479 lilium,
2983 413 3053 469 ab
3086 413 3511 484 inauguratione

297 516 547 575 σταντῑνον,
580 513 811 574 καὶτοῖς
842 511 1072 572 λοιποῖς,
1103 505 1378 577 Βασιλείῳ
1411 524 1467 560 τε
1500 509 1594 560 καὶ
1616 507 1827 578 Γρηγο,

298 605 379 674 ρίῳ
398 603 490 672 ἅμα
517 602 800 672 Θεοδοσίῳ,
836 603 894 653 ὲν
920 604 984 670 τῇ
1025 599 1221 670 Πρώτη
1251 601 1400 669 νήσῳ
1434 599 1831 669 ἁποκείραντες

299 697 526 766 μοναστὰς
589 695 984 764 πεποιήκασιν.
1045 692 1216 747 Ἔνθα
1267 694 1360 746 καὶ
1417 694 1831 754 Κωνσταντῖνος

297 786 676 858 μετονομασθεὶς
710 785 1010 848 Βασίλειος,
1033 784 1251 854 ἀφωνία
1289 782 1572 850 συσχεθεὶς
1605 784 1743 852 μετὰ.
1773 783 1833 836 τὸ

293 881 352 932 τὰ
371 880 536 948 γόνιμα
585 877 694 929 τῶν
732 878 934 948 μορίων
967 876 1356 946 ἁχραιρεθῆναι,
1388 875 1566 928 ἐδέετο
1603 877 1704 946 μὲν
1734 875 1830 928 τοῦ

293 971 421 1036 Θεοῦ,
449 970 576 1024 ἀλλὰ
604 970 698 1023 καὶ
748 967 1050 1039 Γρηγορίου
1105 967 1198 1021 τοῦ
1229 968 1493 1036 Θεολόγου
1525 969 1704 1020 ἐκεῖσε
1737 968 1831 1021 ἀν-

292 1065 649 1136 αστηλωμένου,
708 1063 807 1137 τὴν
862 1062 1057 1116 ἑαυτοῦ
1095 1059 1322 1132 λυθῆναι
1380 1063 1563 1132 φωνην
1591 1062 1684 1113 καὶ
1735 1062 1830 1132 τὴν

292 1158 493 1226 γλῶτταν
529 1156 590 1207 τὸ
623 1155 818 1225 εΰηχον
876 1153 1197 1210 ἀπολαϐεῖν.
1231 1152 1397 1208 Ὅθεν
1450 1155 1545 1206 καὶ
1577 1153 1830 1223 εἰσηκού-

292 1250 398 1318 σθη.
423 1247 563 1301 Κατὰ
592 1245 702 1318 γὰρ
734 1247 834 1317 τὴν
862 1245 973 1300 τῶν
1003 1245 1203 1298 Φώτων
1250 1246 1560 1316 πανήγυριν
1592 1247 1694 1316 ὁρᾷ
1742 1245 1833 1298 τὸν

289 1341 406 1393 θείων
431 1341 622 1391 ἐκεῖνον
647 1339 996 1410 χαρακτῆρα,
1041 1339 1152 1392 Τὸν
1194 1337 1405 1404 κηρὸν,
1439 1337 1690 1404 λέγοντα,
1721 1340 1832 1390 λα-

287 1433 390 1486 ϐὼν
407 1432 706 1501 ἀνάγνωθι.
750 1431 807 1484 Ὁ
840 1431 896 1485 δὲ
949 1431 1288 1494 ἀδιστάκτως
1337 1428 1598 1483 εἰσελθὼν
1623 1429 1834 1498 ἀνέγνω

285 1526 477 1594 λαμπρᾷ
521 1525 616 1578 καὶ
670 1523 888 1594 καθαρᾷ
931 1525 998 1594 τῇ
1056 1526 1247 1593 φωνῇ’
1282 1522 1477 1576 Πάλιν
1518 1519 1750 1590 Ἰησοῦς
1801 1521 1834 1575 ό

281 1618 420 1686 ἐμός.
458 1617 681 1669 Ἐκτοτε
715 1611 809 1670 οὖν
864 1614 962 1686 τὴν
1021 1616 1062 1646 ³⁵
1114 1614 1604 1685 πατροπαράδοτον
1665 1613 1833 1667 αὑτοῦ

279 1708 640 1780 βδελυξάμενος
671 1709 880 1778 αἵρεσιν
914 1707 1012 1770 τὰς
1039 1707 1148 1759 τῶν
1178 1706 1347 1773 ἁγίων
1378 1706 1521 1770 ίδέας
1550 1705 1715 1776 ἐτίμα
1739 1705 1834 1758 καὶ

278 1801 698 1871 περιεπτύσσετο.
739 1799 900 1852 Ἀλλὰ
925 1799 1096 1852 ταῦτα
1127 1801 1224 1869 μὲν
1262 1797 1488 1867 ὔστερον

306 1936 582 2002 Ῥωμαίων
630 1935 930 2001 βασιλεὺς
967 1934 1207 2004 Μιχαὴλ
1270 1936 1302 1986 ό
1363 1933 1680 2004 Ἀμωραῖσς
1708 1932 1814 2004 καί

365 2001 612 2075 Τραυλός
643 2010 674 2058 o'
707 2001 1115 2074 Εἱιιονομάχος
1171 2006 1274 2068 ἐτη
1312 2010 1384 2071 τί,
1429 2001 1630 2072 μῆνας
1667 2003 1734 2056 θ’.

337 2115 417 2190 ίΡ.
447 2115 572 2188 412]
599 2121 671 2170 α’.
711 2116 934 2186 Κόσμου
971 2116 1089 2178 ἔτος
1143 2113 1318 2188 ,gus',
1352 2118 1454 2186 τῆς
1505 2115 1657 2178 θείας
1707 2133 1840 2186 σαρ-

270 2209 476 2271 κώσεως
537 2208 657 2270 ἔτος
741 2208 874 2270 ωιδ⁹,
945 2209 1236 2278 Ῥωμαίων
1305 2208 1557 2278 βασιλεὺς
1621 2208 1840 2279 Μιχαὴλ

281 2303 551 2371 Ἀξιοραίος
602 2303 629 2353 ὀ
690 2302 732 2354 Τ
739 2301 935 2370 ραυλὸς
989 2303 1083 2354 καὶ
1116 2300 1485 2370 Είκονομὰχος
1517 2300 1610 2370 ἔτη
1660 2307 1708 2370 η’
1739 2303 1841 2373 μῆ-

269 2413 357 2458 νας
418 2394 478 2447 θ’.
535 2389 704 2456 Οὗτος
762 2393 1115 2464 Εὐφροσύνην
1169 2394 1266 2464 τὴν
1334 2393 1627 2464 θυγατέρα,
1683 2396 1837 2448 Κων-

268 2486 537 2540 σταντίνου
566 2485 660 2536 τοῦ
689 2485 1087 2552 τυφλωθέντος,
1121 2487 1209 2537 τδν
1262 2486 1469 2554 μονήρη
1525 2484 1635 2553 βίον
1665 2502 1837 2556 προσ-

262 2579 570 2647 ηκαμένην,
623 2580 701 2639 είς
752 2579 1001 2646 γαμετὴν
1057 2578 1319 2646 ὴγὰγετο.
1382 2580 1477 2640 ⁸⁸ος
1541 2580 1736 2649 μικρόν
1783 2594 1837 2632 τι

260 2671 354 2739 τῆς
407 2669 892 2740 προκατασχούσης
951 2671 1145 2732 κακίας
1197 2671 1492 2738 ὑπενδοὺς,
1533 2673 1656 2726 ὅσον
1714 2673 1840 2737 τοὺς

255 2764 314 2814 ἐν
366 2763 608 2833 εἱρκταῖς
675 2764 766 2816 καὶ
822 2762 1058 2835 ὲξορίαις
1124 2763 1441 2834 ἐλευθερίαν
1501 2767 1594 2818 καὶ
1651 2765 1839 2818 ἄνεσιν

252 2854 551 2924 ὀνειρωδῶς
588 2855 975 2924 φαντάζεσθαι,
1020 2856 1078 2908 τὺ
1108 2855 1200 2909 τοῦ
1253 2857 1668 2926 προηγουμένου
1710 2857 1838 2909 δυσ-

251 2945 446 3007 σεδοῦς
479 2946 756 2999 anteum
806 2947 1094 3016 θεοστυγὲς
1144 2948 1398 3018 φρόνημα
1425 2967 1438 2981 ·
1495 2951 1696 3020 ὁμοίως
1729 2949 1838 3021 γὰρ

245 3037 328 3108 τῷ
405 3031 906 3109 αὐτῷ’περιεπάρη
962 3041 1060 3108 τῆς
1125 3041 1302 3109 δεινῆς
1357 3042 1623 3112 αἱρέσεως
1677 3045 1836 3112 ἀγκί-

244 3149 402 3201 στρῳ
433 3131 492 3197 ἐξ
536 3133 848 3202 ἀκροτάτης
880 3133 1105 3202 ἀλογίας
1139 3135 1233 3187 καὶ
1279 3109 1656 3199 ἀπαιδευσίας.
1683 3109 1842 3192 Ὅθεν
1868 3109 1914 3170 C

240 3224 339 3275 ἐπὶ
374 3223 649 3276 σελεντίου
685 3225 789 3294 ἔφη
809 3242 822 3256 ο
864 3228 928 3278 Ol
950 3225 1066 3294 μὲν
1099 3227 1212 3293 πρὸ
1240 3227 1409 3294 ἡμῶν
1437 3228 1841 3298 ἐρευνησάμε-

239 3334 340 3372 rat
397 3316 509 3370 τὸν
536 3316 1054 3385 ἐκκλησιαστικὸν
1087 3320 1313 3388 θεσμὸν
1363 3320 1481 3373 τῶν
1531 3321 1843 3391 δογμάτων

236 3407 356 3461 τὸν
379 3407 517 3476 περὶ
547 3409 746 3462 αὐτῶν
790 3411 1348 3479 είσπραχθήσονται
1398 3414 1602 3480 λόγον,
1650 3416 1699 3466 εί
1736 3430 1841 3466 κα-

235 3500 370 3568 λῶς
404 3502 444 3570 ἣ
484 3503 678 3570 κακῶς
714 3505 1068 3559 ἐϋέσπτστιν.
1122 3507 1224 3560 Ἐν
1246 3502 1292 3575 ᾧ
1324 3507 1436 3574 τὴν
1476 3509 1843 3576 Ἐκκλησίαν

235 3593 511 3661 εὕρομεν
527 3594 924 3659 ,βαδίζῆυσιιικ
976 3598 1045 3650 ἐν
1077 3601 1265 3663 τούτῳ
1293 3598 1386 3650 καί
1419 3597 1844 3667 διαφυλάττειν

235 3685 676 3752 προκρίνομεν.
735 3689 805 3740 Τὸ
853 3687 962 3756 γὰρ
1010 3689 1184 3758 amir-
1213 3691 1318 3756 τὰς
1346 3692 1584 3756 εἰκόνας
1616 3691 1712 3745 καὶ
1757 3691 1842 3761 μὴ

236 3767 430 3840 τιμᾷν
482 3771 810 3841 ἀδιάφορον
856 3774 1011 3828 ἔστω
1065 3777 1214 3829 κατὰ
1243 3777 1309 3829 τὸ
1358 3779 1525 3830 αὑτό.
1563 3780 1719 3832 Κατὰ
1751 3781 1843 3832 τὸν

235 3863 448 3932 καιρὸν
479 3863 673 3917 τοῦτον
707 3865 799 3917 τὸν
830 3865 872 3896 ³⁸
906 3867 1003 3935 τῆς
1050 3867 1464 3939 ἀρχιερωσύνης
1491 3868 1680 3939 θρόνον
1711 3888 1845 3924 κατ-

236 3959 397 4024 εῖχεν
437 3954 726 4019 Ἀντώνιος
761 3960 787 4010 ὁ
816 3957 909 4011 τοῦ
963 3959 1214 4025 Συλαίου,
1269 3959 1371 4029 τῆς
1420 3961 1846 4030 προσκυνήσεως

234 4045 356 4097 τῶν
396 4047 578 4115 ἁγίων
600 4049 826 4102 είκόνων
858 4050 1156 4121 ἀλλότριος.

318 4134 396 4206 β’.
443 4137 575 4189 Ἐπὶ
610 4137 821 4202 τούτοις
863 4141 1048 4206 στέφει
1118 4141 1338 4212 Μιχαὴλ
1384 4140 1639 4210 Θεόφιλον
1670 4142 1758 4194 τὸν
1789 4146 1848 4212 ἐξ

233 4227 618 4299 Εύερροσύνης
679 4231 792 4284 υἱὸν
849 4231 1016 4286 αὑτοῦ
1077 4233 1133 4285 ἐν
1174 4238 1238 4304 τῇ
1285 4236 1509 4308 Μεγάλῃ
1560 4238 1844 4309 ἐκκλησίᾳ.

232 4317 462 4387 Θωμᾶς
498 4317 918 4391 δὲόἁντάρτης
979 4323 1042 4375 ἐκ
1095 4323 1205 4375 τῶν
1265 4324 1605 4379 ἀνατολικῶν
1665 4329 1848 4398 μερῶν

1934 508 2141 562 dictum
2175 509 2620 573 Constantinum,
2647 524 2770 563 cum
2795 510 3043 579 reliquis,
3067 507 3270 563 Basilio
3299 508 3514 566 scilicet

1933 611 1988 656 ct
2030 603 2296 674 Gregorio
2349 620 2562 658 necnon
2627 603 2979 667 Theodosio,
3026 603 3222 672 positis
3265 603 3514 660 crinibus

1936 697 2332 750 monachorum
2363 697 2546 750 ordini
2577 696 2928 751 addixerunt.
2963 695 3066 751 Ubi
3103 703 3159 749 et
3200 695 3516 750 Constanti-

1935 803 2040 842 nus
2071 787 2256 842 Basilii
2287 799 2481 843 auctus
2505 789 2748 855 nomine,
2773 783 2881 842 un'a
2915 804 3040 843 cum
3069 787 3322 842 virilibus
3349 789 3512 843 etiam

1934 880 2087 934 vocis
2119 895 2219 934 usu
2275 881 2500 944 amisso,
2551 880 2725 934 Deum
2792 880 3018 950 rogabat
3073 894 3137 933 ac
3185 878 3513 948 Gregorium

1935 972 2296 1042 Thcologum,
2323 973 2480 1042 cujus
2502 972 2613 1026 illic
2638 981 2819 1026 erecta
2853 981 2973 1025 erat
3002 971 3224 1040 efﬁgies,
3247 982 3307 1026 ut
3336 971 3515 1026 soluta

1937 1079 2070 1119 voce
2094 1065 2336 1134 linguam
2364 1079 2623 1118 sonoram
2657 1064 2950 1132 reciperet.
2970 1064 3135 1133 620
3160 1049 3317 1118 Unde
3347 1063 3513 1118 etiam
3598 1109 3602 1114 λ

1935 1153 2228 1212 exauditus
2266 1165 2370 1212 est.
2402 1157 2498 1211 Die
2515 1157 2660 1212 enim
2694 1157 2834 1212 festo
2862 1157 3157 1211 Luminum
3186 1157 3338 1210 videt
3367 1157 3514 1211 divi-
3602 1156 3609 1162 ’

1936 1266 2062 1303 nam
2116 1250 2262 1304 illam
2319 1265 2447 1304 cera
2501 1250 2675 1304 fusam
2735 1249 3028 1318 imaginem
3087 1249 3160 1302 ita
3217 1249 3512 1304 atlantem:

1939 1337 2126 1409 Surge,
2154 1339 2284 1410 lege.
2311 1339 2371 1393 ln
2390 1355 2510 1409 qua:
2535 1339 2722 1401 verba.
2745 1339 2894 1393 omni
2919 1349 3127 1394 semota
3147 1339 3515 1406 dubitatione,

1937 1431 2085 1486 clara
2117 1431 2452 1502 limpidaque
2482 1447 2614 1487 voce
2653 1431 2936 1503 ingressus
2976 1432 3129 1502 legit,
3183 1432 3388 1486 Iterum
3424 1432 3516 1486 Je.

1935 1540 2024 1577 sus
2047 1539 2212 1577 meus.
2230 1524 2437 1579 Exinde
2464 1523 2649 1594 itaque
2670 1540 2835 1594 quam
2860 1540 2889 1578 a
2912 1525 3214 1594 majoribus
3231 1525 3513 1589 hauserat,

1937 1623 2258 1669 exsecratus
2305 1614 2582 1679 haeresim,
2635 1629 2946 1671 sanctorum
2991 1617 3257 1686 imagines
3301 1617 3520 1674 colebat

1936 1721 2001 1760 ac
2023 1707 2460 1776 amplexabatur.
2495 1707 2697 1764 Verum
2728 1708 2843 1763 haec
2870 1717 3084 1782 postea.

1943 1929 2303 1985 Romanorum
2355 1935 2646 2002 imperator
2701 1931 2927 1987 Michael
2986 1936 3260 1989 Amorwus
3322 1936 3518 1993 Balbus

2245 2002 2663 2066 Iconomacltus.,
2691 2020 2858 2058 annos
2895 2003 2947 2065 8,
2972 2021 3172 2059 menses
3201 2008 3256 2064 9.

2017 2114 2066 2166 l.
2098 2113 2286 2167 Mundi
2312 2130 2489 2170 annus
2509 2112 2669 2178 63H,
2691 2114 2890 2169 divinae
2911 2115 3305 2171 incarnationis
3340 2132 3519 2172 annus

1942 2209 2066 2271 8H,
2097 2209 2473 2263 Romanorum
2505 2209 2808 2278 imperator
2831 2208 3058 2265 Michael
3080 2211 3364 2266 Amemus
3389 2211 3515 2268 Bal-

1942 2300 2069 2364 bus,
2094 2301 2511 2363 lconomachus,
2533 2315 2708 2356 annos
2739 2301 2792 2364 8,
2825 2315 3045 2356 menses
3073 2302 3126 2356 9.
3145 2299 3244 2356 llic
3266 2302 3520 2372 Euphro-

1942 2407 2156 2460 synam,
2180 2391 2524 2446 Constantini
2549 2392 2670 2460 ejus
2697 2392 2788 2460 qui
2809 2391 3003 2445 matris
3025 2391 3259 2458 imperio
3285 2404 3520 2450 caestus

1940 2485 2044 2539 fuit
2099 2484 2287 2546 (illam,
2342 2483 2780 2538 sanctimonialis
2837 2483 3150 2536 institutum
3218 2485 3516 2553 professum

1943 2590 2167 2629 uxorem
2203 2574 2379 2628 duxit.
2419 2575 2616 2627 Parum
2647 2573 2854 2643 aliquid
2880 2575 2948 2628 de
2975 2575 3207 2637 malitia,
3238 2591 3362 2646 quae
3389 2586 3518 2632 ante

1941 2666 2278 2728 obtinuerat,
2341 2667 2627 2720 remittens
2670 2667 2959 2733 (hactenus
3015 2668 3247 2731 scilicet,
3309 2677 3370 2723 ut
3421 2671 3514 2740 qnl

1941 2757 2111 2812 clausi
2157 2757 2450 2828 ergastulis
2505 2758 2587 2811 vel
2639 2758 2836 2812 exsilio
2886 2759 3110 2829 relegati
3156 2768 3333 2821 erant,
3368 2762 3519 2819 velut

1942 2849 2060 2900 visu
2117 2857 2387 2902 nocturno
2429 2863 2494 2901 ac
2541 2848 2814 2902 insomnio
2849 2849 3160 2904 libertatem
3211 2852 3521 2922 factamque

1940 2938 2176 3008 aliquam
2204 2939 2581 2993 remissionem
2611 2955 2673 2994 ac
2704 2940 2958 2996 inducias
2985 2941 3170 2996 animo
3193 2944 3520 3016 cogitarent)

1942 3031 2096 3101 impii
2147 3032 2460 3087 decessoris
2494 3034 2578 3087 sui
2615 3034 2726 3088 Deo
2769 3049 2996 3088 exosum
3037 3050 3262 3090 sensum
3310 3037 3527 3107 opinio.

1948 3139 2184 3193 nemque
2213 3126 2534 3181 subocculte
2564 3118 2802 3180 fovebat.
2827 3127 2962 3182 Nam
2990 3136 3045 3182 et
3071 3129 3186 3198 ipse
3207 3146 3279 3184 ex
3307 3145 3525 3188 summo

1947 3229 2176 3287 stupore
2211 3235 2274 3273 ae
2307 3220 2524 3276 inscitia
2567 3221 2686 3290 pari
2718 3222 3072 3290 nequissimae
3101 3223 3326 3278 haaresis
3384 3240 3526 3280 unco

1947 3312 2173 3367 adactus
2225 3321 2328 3367 est.
2378 3313 2534 3368 Unde
2581 3313 2812 3366 solemni
2851 3323 3128 3368 conventu
3164 3315 3373 3380 habito,
3423 3317 3527 3383 Qui

1947 3415 2072 3459 ante
2120 3423 2232 3470 nos,
2278 3406 2478 3476 inquit,
2530 3405 3000 3462 ecclesiasticarum
3041 3409 3347 3479 dogmatum
3396 3412 3525 3467 scita

1946 3500 2170 3552 scrutati
2197 3507 2339 3563 sunt,
2389 3515 2452 3552 ex
2495 3497 2603 3552 illis
2633 3499 2888 3569 exigenda
2925 3501 3060 3554 ratio
3111 3511 3208 3567 est,
3245 3519 3369 3556 num
3403 3503 3530 3558 bene

1947 3610 2017 3646 an
2055 3593 2195 3646 male
2238 3595 2539 3648 sanxerint.
2586 3591 2690 3646 Nos
2736 3603 2934 3657 autem,
2981 3595 3034 3646 in
3090 3611 3191 3664 quo
3238 3593 3530 3650 Eccleslam

1947 3683 2308 3738 ambulantem
2333 3686 2646 3749 invenimus,
2677 3687 2731 3737 in
2763 3699 2823 3737 eo
2862 3693 2910 3736 et
2937 3701 3154 3739 servare
3187 3689 3358 3757 potius
3385 3687 3532 3741 duci-

1947 3793 2083 3830 mus.
2123 3775 2310 3831 Colere
2349 3779 2489 3830 enim
2522 3785 2616 3830 aut
2644 3794 2747 3830 non
2784 3776 2956 3831 colere
3009 3779 3268 3849 imagines
3315 3782 3530 3851 perinde

1945 3869 2244 3938 indiﬁ'erens
2279 3869 2346 3920 sit
2377 3885 2438 3920 ac
2465 3869 2649 3936 cuique
2686 3868 2927 3921 liberum.
2963 3870 3040 3923 Eo
3080 3878 3324 3940 tempore
3368 3872 3526 3944 621

1948 3963 2146 4014 summi
2179 3960 2472 4015 sacerdotii
2521 3976 2700 4014 arcem
2758 3961 2978 4016 tenebat
3017 3963 3292 4018 Antonius
3345 3964 3527 4038 Sylwi,

1949 4053 2043 4121 qui
2070 4067 2101 4106 a
2129 4068 2410 4106 sacrarum
2447 4054 2748 4123 imaginum
2775 4054 2925 4107 cultu
2958 4055 3316 4110 abhorrebat.
3345 4061 3350 4064 ’

2019 4144 2074 4197 2.
2110 4145 2324 4198 Interea
2353 4143 2719 4212 Theophilum
2752 4142 2922 4197 lilium
2980 4159 3142 4199 suum
3169 4159 3235 4200 ex
3273 4144 3531 4216 Euphrov

1950 4254 2081 4310 syna
2130 4236 2400 4308 augustali
2455 4251 2658 4290 corona
2714 4235 2883 4289 donat
2929 4234 2983 4288 in
3037 4235 3228 4308 Magna
3263 4236 3527 4291 Ecclesia.

1951 4329 2190 4385 Thomas
2243 4343 2376 4382 vero
2427 4334 2645 4397 arrepta
2699 4326 2987 4398 tyrannide
3042 4343 3111 4382 ex
3161 4325 3532 4385 Orientalibus

228 4409 508 4480 ἀπάρας,
539 4407 669 4462 λαόν
701 4428 758 4463 τε
811 4413 908 4466 καὶ
937 4414 1223 4486 ἁγυρτώδη
1254 4417 1347 4469 καὶ
1402 4418 1692 4486 ἐπίμικτον
1722 4423 1837 4474 ἐπι-

1951 4423 2200 4493 partibus
2222 4419 2518 4492 profectus,
2543 4417 2891 4474 confusanea:
2914 4419 3334 4492 commixtzeque
3355 4419 3533 4478 turbae

225 4504 587 4573 συρόμενος,
617 4507 707 4558 ἐπὶ
733 4507 792 4559 τὸ
823 4506 1113 4571 Βυζάντιον
1143 4509 1414 4580 ἐκίνησεν,
1444 4512 1544 4577 τῆς
1568 4513 1843 4581 βασιλείας

139 4591 142 4594 ’
219 4591 377 4660 παρ’
411 4591 584 4658 ἀξίαν
611 4595 920 4664 ἐφιέμενος.
964 4595 1235 4666 Ῥωμαῖος
1263 4599 1372 4668 γὰρ
1400 4597 1477 4652 ὢν
1503 4601 1596 4652 καὶ
1629 4603 1844 4674 ἀφανὴς

215 4684 386 4755 πρὸς
451 4684 663 4753 Συρίαν
725 4685 976 4753 ἀφίκετο,
1022 4687 1119 4740 καὶ
1178 4689 1590 4744 Κωνσταντῖνον
1653 4694 1846 4747 ἑαυτὸν

214 4775 648 4844 μετονομάσας
693 4777 808 4829 υἱὸν
851 4779 1088 4848 Εἰρήνης
1136 4781 1236 4850 τῆς
1267 4780 1589 4853 βασιλίσσης
1623 4784 1842 4852 ἔλεγεν·

208 4867 559 4919 κάντεῦθεν
588 4866 816 4947 πολλοὺς
847 4869 1138 4939 ἀπατήσας
1162 4871 1463 4943 Βαρϐάρων
1506 4890 1566 4925 τε
1591 4874 1684 4926 καὶ⁸
1717 4875 1849 4928 Ῥω-

206 4959 480 5029 μαίους,
513 4960 608 5013 καὶ
639 4959 839 5031 πλῆθος
887 4962 1116 5033 ἄπειρον
1150 4965 1535 5034 συναθροίσας,
1575 4966 1851 5036 μεγαλαυ-

196 5051 347 5120 χῶν
408 5051 502 5120 τῷ
551 5051 744 5124 πλήθει
781 5053 940 5125 ἐπῄει
985 5055 1051 5127 τῇ
1111 5056 1702 5124 Κωνσταντινουπόλει,
1754 5061 1850 5114 καὶ⁹

194 5141 462 5210 ταύτην
499 5143 595 5195 ἐπὶ
641 5146 789 5214 τρεῖς
824 5144 1053 5213 χρόνους
1083 5145 1384 5216 πορθήσας,
1421 5150 1542 5202 ἐπεὶ
1567 5151 1665 5213 τὰς
1714 5153 1848 5216 ναῦς

191 5230 424 5284 αὐτοῦ
462 5227 612 5285 εἶδεν
653 5235 789 5302 πυρὶ
839 5235 1136 5299 καυθείσας
1197 5239 1289 5290 καὶ
1323 5241 1448 5303 τοὺς
1483 5241 1713 5309 λογάδας
1743 5246 1850 5298 τῶν

192 5322 545 5391 πολεμίων
575 5324 680 5378 ὑπὸ
712 5327 821 5381 τῶν
868 5329 1104 5382 πολιτῶν
1139 5329 1512 5396 ἀπολωλότας.
1567 5336 1850 5408 ἀμηχανία

190 5414 519 5487 ληφθεὶς,
544 5417 645 5486 τὴν
677 5419 832 5473 πόλιν
869 5420 1183 5474 καταλιπὼν
1212 5423 1304 5478 ἐπὶ
1332 5424 1430 5496 την
1459 5425 1543 5498 [Ρ.
1568 5427 1689 5502 115]
1712 5429 1853 5501 Θρᾲο

187 5521 338 5577 κην
381 5511 595 5577 χωρεῖ,
652 5511 856 5583 ταύτην
904 5511 1241 5583 ληϊζόμενος.
1291 5513 1348 5569 Ὀ
1401 5517 1457 5572 δὲ
1501 5520 1718 5592 Μιχαὴλ
1746 5521 1845 5591 τῆς

189 5596 476 5661 πόλεως
517 5598 747 5665 ἐξελθὼν
789 5604 927 5673 μετὰ
957 5603 1216 5676 πλείστης
1269 5607 1547 5680 δυνάμεως
1579 5614 1714 5683 πρὸς
1745 5613 1845 5666 αύο

1945 4516 2192 4576 exercitu
2223 4516 2419 4579 fretus,
2449 4513 2716 4569 adversus
2744 4513 3064 4585 Byzantium
3118 4529 3242 4569 cum
3282 4515 3532 4571 exercitu

1946 4611 2141 4674 venit;
2202 4606 2476 4661 immerito
2537 4621 2668 4661 sane
2724 4605 2941 4678 imperii
2997 4605 3276 4664 desiderio
3315 4607 3526 4666 ebrius.

1948 4705 2232 4759 Romanus
2261 4699 2411 4754 enim
2467 4714 2590 4753 cum
2635 4707 2782 4753 esset
2829 4707 2885 4752 et
2934 4697 3101 4755 homo
3151 4699 3442 4766 obscurus,
3476 4700 3533 4755 in

1949 4794 2162 4866 Syriam
2201 4790 2484 4860 profectus
2511 4797 2652 4853 erat,
2702 4790 2987 4861 inditoque
3050 4789 3154 4844 sibi
3185 4788 3532 4846 Constantini

1949 4885 2171 4940 nomine
2209 4882 2395 4936 lrenes
2421 4882 2684 4950 Augusta:
2714 4881 2884 4936 lilium
2915 4896 3034 4937 sese
3075 4880 3400 4947 dictitabat;
3425 4898 3534 4953 qua

1949 4975 2146 5030 fraude
2201 4976 2407 5032 multos
2437 4974 2707 5028 barbaros
2742 4975 3130 5047 Romanosque
3162 4973 3403 5045 decepit.
3448 4972 3536 5030 ln~

1950 5083 2183 5126 numera
2210 5066 2396 5136 itaque
2424 5066 2654 5121 collecta
2681 5067 3250 5137 multitudine,eaque
3269 5064 3534 5137 glorians,

1950 5159 2164 5229 Cpolim
2201 5160 2414 5214 invadit
2460 5168 2625 5229 atque
2657 5175 2831 5226 annos
2861 5169 2971 5214 tres
3002 5167 3282 5230 expugnat
3304 5174 3368 5214 ac
3397 5157 3536 5213 diri~

1951 5253 2056 5325 pit.
2099 5253 2170 5310 At
2209 5255 2304 5308 ubi
2335 5270 2489 5312 suam
2523 5255 2756 5312 classem
2793 5253 2906 5322 igni
2938 5266 3258 5309 suceensam
3295 5249 3503 5309 fortissi

1953 5361 2183 5416 mosque
2213 5362 2438 5402 suorum
2475 5363 2505 5401 a
2535 5347 2748 5403 civibus
2775 5343 3099 5400 interfectos
3126 5343 3286 5407 vidit,
3317 5343 3536 5404 consilii

1930 5417 2144 5505 °inops,
2177 5435 2369 5490 relicta
2395 5437 2550 5499 urbe,
2570 5441 2782 5506 przedas
2814 5449 2984 5505 agens
3014 5433 3068 5488 in
3095 5433 3385 5490 Thraciam
3413 5450 3539 5493 con-

1956 5526 2124 5580 cedit.
2162 5526 2392 5582 Michael
2440 5545 2572 5584 vcro
2600 5528 2738 5582 urbe
2771 5541 3027 5600 egressus
3063 5541 3188 5583 cum
3221 5525 3537 5602 ingentibus

1957 5615 2132 5687 copiis
2159 5616 2215 5672 in
2249 5635 2375 5673 eum
2401 5619 2612 5685 eduxit,
2646 5627 2808 5688 atque
2840 5618 2908 5672 ad
2945 5617 3109 5674 breve
3143 5627 3358 5689 tempus
3383 5617 3537 5681 obti-

1545 5704 1786 5761 VARUE
1832 5705 2244 5764 LECTIONES.

288 5789 350 5823 ³⁵
385 5787 532 5862 τὴν]
552 5791 767 5860 αύτὴνῖ
805 5793 865 5846 Ρ.
945 5794 987 5824 ’⁸
1015 5795 1106 5847 τὸν
1130 5811 1239 5851 om.
1277 5796 1334 5853 l’.

593 5890 867 5954 ΡΑτειοι..
905 5893 1024 5955 Gn.
1073 5891 1225 5956 CIX.

3121 5899 3196 5964 22
