3962 6200
193 331 286 396 685
1295 335 1658 394 ANNALES.
1710 358 1769 369 --
1812 333 2316 392 TliEOPlIll.US.
3320 331 3425 392 086

190 469 269 516 τες
292 455 390 516 τοῖς
413 452 617 506 τούτων
640 452 818 520 λόγοις
856 444 990 520 πρὸς
1021 450 1118 514 τὰς
1162 451 1367 520 σκηνὰς
1423 450 1605 522 αὐτῶν
1639 451 1730 503 ἐπ-

1842 457 2127 519 ceperunt.
2160 448 2337 503 Noctu
2397 456 2582 502 autem
2628 446 2907 502 irruentes
2963 444 3208 501 hostium
3261 449 3424 502 cunei

1845 540 1956 594 illis
1986 539 2245 595 omnibus
2267 524 2512 594 ferreum
2549 554 2801 594 somnum
2853 538 3221 593 immiserunt.
3265 538 3427 593 Solus

1844 647 2038 686 eorum
2074 632 2184 685 dux
2222 630 2487 685 Craterus
2519 632 2852 686 mercatorio
2887 647 3020 686 usus
3049 632 3268 702 navigio
3295 632 3424 703 luga

1842 723 2076 778 salutem
2104 723 2355 777 tentavit.
2384 723 2440 777 ld
2473 738 2605 776 vero
2641 732 2698 776 ut
2756 725 3026 793 comperit
3050 725 3423 793 Agarenorum

1842 817 1973 881 dux,
2009 815 2262 885 imposita
2295 815 2514 869 duobus
2545 816 2760 870 rat-ibus
2789 817 3027 870 militum
3065 832 3229 870 manu
3261 817 3423 885 fuga-

1843 924 1961 963 cem
2017 908 2233 978 insequi
2286 907 2469 978 jussit.
2508 905 2572 960 lli
2625 922 2792 976 porro
2849 908 2905 962 in
2958 908 3035 964 Co
3074 908 3253 964 insula
3296 925 3424 964 eum

1842 1001 2102 1064 assecuti,
2139 999 2194 1052 in
2225 1016 2446 1054 crucem
2497 1010 2742 1070 agentes,
2796 1018 2825 1055 e
2863 1002 3002 1056 vivis
3055 1003 3421 1059 sustulerunt.

1843 1092 1971 1145 Post
1999 1091 2114 1146 haec
2136 1091 2386 1163 Oryphas
2413 1092 2540 1162 (hoc
2575 1091 2690 1146 viro
2731 1091 2954 1162 nomen)
2985 1093 3150 1164 624
3181 1094 3424 1164 impera-

1844 1183 1980 1236 toris
2005 1185 2184 1253 jussu,
2211 1184 2390 1238 navali
2419 1195 2609 1240 coacto
2630 1187 2900 1250 exercitu,
2928 1187 2982 1240 in
3016 1189 3262 1258 singulos
3290 1205 3426 1258 qua-

191 545 445 612 ανὲλυσαν,
470 546 734 615 μηδαμῶς
747 545 848 615 τῆς
875 544 1146 614 σωτηρίας
1175 544 1353 596 αὐτῶν
1381 543 1742 614 πεφροντικό-

188 655 283 700 τες.
316 637 420 706 Τῆς
473 637 528 688 δὲ
558 638 751 698 νυκτὸς
793 635 1116 698 ἐπελθόντες
1165 637 1212 687 οἱ
1247 635 1430 706 ἐχθροὶ
1467 634 1738 703 σιδήρειον

190 730 334 782 ὕπνον
362 727 568 791 τούτοις
596 730 762 781 πᾶσιν
791 729 1091 797 ἐπήγαγον,
1114 728 1274 797 μόνου
1308 725 1399 778 τοῦ
1433 723 1740 793 στρατηγοῦ

188 822 345 878 αὐτῶν
371 821 657 891 ἐμπορικῷ
686 821 976 883 ἐπιϐάντος
1011 821 1183 890 πλοίῳ
1231 821 1323 871 καὶ
1352 817 1739 872 ἀποπλεύσαν-

186 931 284 977 τος.
311 915 480 983 Ὅπερ
512 914 698 984 μαθὼν
741 916 767 966 ὁ
797 915 903 965 τῶν
945 913 1258 983 ’Λγαρηνών
1302 911 1542 982 ἀρχηγὸς
1589 910 1740 963 δυσὶν

183 1004 381 1058 ὁλκάσιν
413 1006 705 1059 ἐπεϐίϐασε
735 1007 828 1059 καὶ
857 1005 1182 1070 κατεδίωξεν
1211 1005 1455 1069 ὄπισθεν,
1489 1004 1580 1056 καί
1604 1004 1741 1073 πρὸς

182 1099 272 1168 τὴν
294 1100 443 1168 νῆσον
474 1098 571 1168 τὴν
599 1099 694 1152 Κὼ
714 1096 904 1150 τοῦτον
925 1097 1212 1166 κατέσχεν,
1243 1095 1338 1150 καὶ
1363 1098 1420 1149 ἐν
1448 1096 1582 1165 αὐτῇ
1617 1093 1741 1146 τοῦ·

183 1203 267 1239 τον
293 1187 722 1239 ἀνεσκολόπισεν.
777 1183 911 1239 Εἶτα
967 1188 994 1239 6
1056 1186 1294 1257 Ὀρύφας
1345 1185 1407 1238 τὸ
1455 1185 1740 1252 ἐπώνυμον

178 1279 451 1348 προστάξει
506 1278 771 1347 βασιλέως
825 1279 1168 1347 συναθροίζει
1203 1276 1460 1330 ναυτικὸν
1506 1293 1737 1345 στρατο-

176 1369 370 1436 λὸγημα
391 1386 403 1398 ·
436 1366 516 1433 οἷς
555 1371 656 1422 ἀνὰ
675 1371 1088 1440 τεσσαράκοντα
1121 1370 1342 1439 χρυσίου
1392 1368 1610 1429 ἐπιδοὺς
1655 1385 1735 1431 νν,

173 1461 348 1514 ὁλκάσι
371 1479 430 1514 τε
465 1462 752 1525 ἐπιϐάντες
778 1463 872 1515 κα)⁸
919 1463 1010 1514 ἐπὶ
1045 1462 1271 1531 Κρήτης
1303 1459 1738 1530 στρατεύσαντες

171 1551 429 1619 ἄπρακτοι
487 1554 549 1605 ἐκ
576 1551 670 1605 τοῦ
718 1553 954 1622 πολέμου
1005 1550 1390 1622 ὑπεχώρησαν,
1423 1551 1474 1602 οἱ
1520 1549 1739 1611 πλείους

171 1643 334 1694 ἐκεῖσε
365 1643 840 1712 κατασφαγέντες·
880 1637 954 1696 ὧν
985 1648 1079 1696 καὶ
1137 1643 1269 1704 τοὺς
1308 1641 1739 1708 ἀπολειφθέντας

177 1736 742 1807 Τεσσαρακονταρίους
773 1736 1084 1806 ὠνόμασαν.
1126 1736 1214 1788 Ἐν
1251 1734 1424 1804 ταύτῃ
1476 1736 1540 1804 τῇ
1588 1733 1736 1802 νήσῳ

1842 1272 2093 1342 draginta
2127 1291 2327 1330 aureos
2357 1275 2661 1343 distribuit,
2697 1289 2862 1347 atque
2892 1279 3127 1332 navibus
3167 1280 3418 1349 imponit;

1842 1365 2187 1436 profectique
2217 1367 2437 1423 Cretam
2469 1385 2526 1423 re
2573 1369 2774 1424 infecta
2808 1371 3015 1425 reversi
3049 1380 3215 1437 sunt;
3249 1373 3420 1441 pleri-

1841 1473 1950 1525 que
1996 1458 2160 1512 etiam
2217 1459 2330 1514 illic
2377 1460 2696 1528 desiderati,
2729 1462 2821 1530 qui
2877 1469 2932 1515 et
2986 1463 3418 1533 Quadragenarii

1843 1546 1975 1601 dicti
2013 1558 2160 1602 sunt.
2215 1549 2274 1602 In
2305 1565 2370 1604 ea
2401 1550 2577 1605 insula
2606 1550 2843 1622 Cyrillus
2871 1552 3127 1624 Gortyna:
3161 1554 3282 1623 ejus
3336 1555 3393 1607 in

1789 1631 1976 1694 'sula:
2038 1640 2276 1695 civitatis
2328 1644 2662 1712 episcopus,
2718 1643 2803 1696 vir
2868 1644 3262 1698 miraculorum
3322 1660 3420 1715 pa-

1843 1738 2038 1796 trator,
2099 1733 2248 1787 velut
2313 1734 2661 1789 immaculata
2710 1735 2889 1790 hostia
2937 1751 3038 1804 pro
3083 1735 3304 1790 Christo
3347 1737 3418 1790 ab

167 1801 425 1896 Κύριλλος
454 1828 482 1879 6
513 1801 928 1898 θαυματουργδς
961 1827 1258 1888 ἐπίσκοπος
1291 1801 1564 1896 Γορτὺνης
1596 1801 1730 1876 rati-

1842 1825 2110 1895 Agarenis
2156 1827 2470 1884 immolatus
2513 1831 2828 1899 est;cujus
2871 1830 3148 1899 pretiosus
3195 1831 3419 1902 sanguis

163 1935 261 1988 της
307 1919 401 1986 τῆς
429 1920 592 1988 νήσου
641 1919 781 1987 ὑπὲρ
841 1917 1110 1987 Χριστοῦ,
1144 1918 1374 1986 ἄμωμον
1408 1917 1482 1978 ὡς
1515 1917 1728 1985 ἱερεῖον,

1839 1913 2108 1970 hactenus
2132 1917 2405 1972 ebulliens
2426 1920 2690 1973 miracula
2726 1920 2874 1974 facit.

166 2012 265 2064 ὑπὸ
289 2011 392 2064 τῶν
439 2010 757 2081 ’Λγαρηνῶν
810 2011 1162 2078 ἐσφαγίαστο,
1195 2005 1254 2061 οὗ
1289 2009 1346 2060 τὸ
1412 2011 1594 2076 τίμιον
1653 2002 1797 2077 αἷμα
1840 2009 2000 2080 μέχρι
2057 2009 2156 2078 τῆς
2215 2010 2376 2081 δεῦρο
2425 2011 2726 2075 ἀναϐλύζον
2789 2012 3044 2083 Θαύματα
3105 2014 3419 2085 ἀπεργάζε-

161 2121 266 2157 ται.

231 2220 336 2272 Καὶ
364 2218 549 2271 τοῦτον
584 2221 681 2289 μὲν
734 2213 888 2283 οὗτος
917 2215 1028 2290 εἶχε
1068 2219 1158 2272 τὸν
1201 2221 1402 2290 τρόπον
1425 2237 1437 2250 ·
1471 2223 1500 2273 6
1525 2221 1578 2272 δὲ
1605 2220 1733 2272 δυσ-

161 2310 316 2380 σεὸής
345 2311 559 2380 Μιχαὴλ
585 2314 646 2364 ἐκ
674 2313 771 2380 τῆς
793 2311 1078 2380 δυσουρίας
1100 2312 1461 2383 ἀρρωστήσας
1486 2310 1734 2380 χαλεπῶς

157 2405 251 2456 καὶ
281 2403 378 2472 τῆς
404 2403 511 2456 τῶν
532 2403 746 2472 νεφρῶν
775 2403 1068 2472 ἀλγηδόνος
1100 2403 1284 2465 κακῶς
1314 2404 1604 2474 ἀπηλλάγη
1636 2403 1730 2456 τοῦ

155 2494 273 2565 ζῇν.
303 2495 374 2546 Τὸ
402 2494 458 2547 δέ
491 2494 750 2563 δύστηνον
797 2493 960 2546 αὑτοῦ
1016 2495 1176 2564 σῶμα
1228 2495 1600 2564 ἁποκομισθὲν
1628 2497 1734 2548 ἀπ·

154 2587 306 2638 ἐθετο
333 2586 374 2616 ¹⁸
407 2586 464 2637 ἐν
489 2586 566 2656 τῷ
603 2586 712 2656 ναῷ
741 2587 848 2639 τῶν
887 2586 1083 2653 ’Δγίων
1129 2588 1470 2640 Ἀποστιόλων
1494 2604 1507 2618 ⁸
1542 2588 1735 2657 Θεόφι-

153 2677 243 2738 λος
269 2674 326 2728 δέ
349 2677 376 2728 6
398 2677 510 2739 υίὸς
539 2676 700 2730 αὑτοῦ
742 2677 879 2746 μετὰ
913 2679 1014 2747 τῆς
1049 2679 1256 2748 μητρὸς
1289 2681 1330 2710 '9
1349 2679 1495 2749 αὐτῷ
1527 2679 1730 2749 Εὐφρο-

154 2769 320 2839 σύνης
347 2770 445 2839 τῆς
469 2769 744 2840 βασιλείας
778 2772 1105 2841 ἐκράτησεν.

161 2904 455 2974 Ῥωμαίων
482 2907 775 2978 ,ϐασιλεὺς
813 2909 1099 2978 Θεόφιλος
1130 2911 1164 2961 ὁ
1191 2908 1322 2972 υἱὸς
1351 2909 1590 2978 Μιχαὴλ
1624 2911 1728 2964 τοῦ

452 2977 718 3042 Τραυλοῦ
750 2977 1181 3046 Εὶκονομάχος,
1224 2980 1329 3047 ἔτη
1357 2978 1452 3042 ιβ’.

221 3095 291 3143 α’.
320 3089 539 3159 Κόσμου
574 3089 691 3155 ἔτος
713 3098 912 3163 ⁴ςττκγ¹⁹
946 3091 1043 3160 τῆς
1076 3091 1224 3155 θείας
1253 3093 1581 3164 σαρκώσεως
1611 3095 1730 3157 ἔτος

145 3179 302 3247 ωκγ’,
347 3180 634 3250 Ῥωμαίων
676 3183 930 3252 βασιλεὺς
960 3183 1215 3251 Θεόφιλος
1263 3187 1290 3237 6
1346 3186 1460 3247 υίὸς
1512 3187 1732 3257 Μιχαὴλ

1911 2219 1988 2274 Ac
2018 2219 2098 2273 sic
2131 2219 2352 2288 quidem
2388 2219 2499 2274 ille.
2537 2220 2744 2289 Impius
2775 2231 2954 2275 autem
2987 2222 3217 2277 Michael
3247 2225 3416 2280 urinae

1841 2308 2159 2362 difﬁcultate
2196 2309 2438 2379 graviter
2467 2319 2738 2379 aegrotans
2779 2326 3086 2381 renumque
3130 2313 3416 2371 doloribus

1839 2403 2187 2456 excruciatus
2215 2401 2354 2454 male
2385 2401 2553 2454 vitam
2578 2401 2774 2454 ﬁnivit.
2800 2402 2931 2471 Ejus
2957 2404 3219 2458 miserum
3251 2405 3417 2461 funus

1838 2494 2042 2546 elatum
2074 2493 2128 2546 in
2184 2492 2510 2546 Sanctorum
2549 2492 2936 2562 Apostolorum
2979 2495 3095 2548 sedc
3134 2495 3414 2550 conditum

1841 2594 1946 2646 est,
1983 2583 2325 2652 Theophilus
2367 2599 2501 2638 vero
2534 2585 2654 2654 ejus
2711 2583 2854 2638 filius
2911 2599 3036 2638 cum
3090 2596 3263 2641 matre
3300 2586 3416 2642 Eu-

1843 2675 2115 2746 phrosyna
2150 2674 2382 2745 imperio
2410 2675 2635 2745 potitus.

1840 2895 2528 2967 Romanorumimperator
2562 2897 2894 2967 Theophilus,
2940 2900 3206 2956 Michaelis
3261 2903 3416 2958 Balli

2158 2965 2301 3033 filias
2341 2965 2735 3028 Iconomaclms,
2769 2986 2935 3022 annos
2971 2971 3053 3022 12.

1909 3082 1957 3134 l.
1998 3078 2189 3134 Mundi
2227 3095 2406 3133 annus
2440 3080 2600 3144 65°25,
2636 3081 2834 3135 divinae
2865 3057 3260 3138 incarnationis
3290 3085 3414 3145 825,

1839 3171 2210 3226 Romanorum
2245 3170 2546 3237 imperator
2572 3171 2910 3240 Theophilus
2951 3173 3232 3229 Michaelis
3263 3177 3415 3231 Balbi

144 3273 241 3327 τοῦ
271 3273 541 3344 rgum-3,
574 3275 962 3345 Εἰκονομάχος,
1001 3275 1094 3345 ἔτη
1123 3273 1211 3345 ιβ’.
1244 3275 1330 3347 [Ρ.
1362 3277 1489 3348 iis]
1525 3254 1638 3347 Τῆς
1675 3254 1730 3332 δὲ

1842 3263 1988 3317 [ilius
2015 3261 2432 3325 lconomachus,
2461 3275 2635 3316 annos
2667 3261 2753 3313 l2.
2781 3262 2912 3332 Ejus
2945 3270 3120 3317 mater
3160 3264 3415 3334 Euphro-

149 3366 356 3435 μητρὸς
391 3365 556 3419 αὑτοῦ
584 3367 938 3438 Εὐφροσύνης
977 3367 1331 3438 βουληθείσης
1369 3368 1549 3422 δοῦναι¹
1582 3370 1730 3440 αὐτῷ

145 3461 404 3526 γυναῖκα,
435 3458 556 3525 ἄγει
588 3458 756 3528 κόρας
787 3459 1075 3528 διαφόρους
1100 3461 1467 3530 ἁσυγκρίτους
1501 3461 1576 3531 τῷ
1608 3461 1731 3514 κάλ-

143 3551 246 3612 λει,
275 3549 398 3620 μεθ’
426 3543 500 3602 ὧν
527 3553 625 3620 μία
653 3568 736 3613 τις
763 3552 820 3617 ἐξ
853 3552 1030 3604 αὐτῶν
1064 3553 1201 3623 κόρη
1225 3545 1531 3624 ὡραιοτάτη
1554 3554 1732 3624 ὐπῆρὲ

143 3660 237 3712 χεν
263 3642 498 3696 Είκασία
543 3643 811 3712 λεγομένη
863 3645 953 3695 καὶ
982 3645 1144 3714 ἐτέρα
1177 3643 1428 3714 Θεοδὼρα
1460 3643 1726 3714 ὀνομαζο-

145 3735 307 3805 μένη.
366 3735 554 3806 Τούτῳ
581 3735 745 3788 δοῦσα
791 3737 824 3802 ή
855 3738 1039 3806 μήτηρ
1086 3735 1318 3806 χρυσοῦν
1357 3737 1524 3806 μῆλον
1573 3734 1727 3788 εἶπεν

139 3826 327 3880 δοῦναι
349 3829 414 3897 τῇ
446 3825 690 3898 ἀρεσάση
731 3826 897 3895 αὐτῷ.
937 3826 992 3880 Ὁ
1015 3827 1068 3879 δὲ
1092 3827 1345 3896 βασιλεὺς
1369 3827 1626 3896 Θεόφιλος
1648 3826 1726 3896 τῷ

141 3915 332 3968 κάλλει
370 3917 469 3985 τῆς
501 3916 766 3978 Είκασίας
824 3916 1121 3983 ἐκπλαγεὶς
1168 3916 1295 3985 ἔφη,
1324 3916 1399 3978 ὡς
1445 3918 1584 3983 Ἄρα
1631 3916 1727 3972 διὰ

139 4010 432 4077 γυναικὸς
465 4010 646 4078 ἐρῤὐη
677 4009 748 4062 τὰ
780 4009 1002 4077 φαῦλα.
1048 4009 1112 4061 Ἦ
1142 4009 1199 4061 δέ
1242 4008 1359 4078 μετ’
1391 3994 1569 4071 αἰδοῦς
1610 4026 1728 4072 πως

135 4103 491 4170 ἀντέφησεν·
542 4101 720 4155 Ἀλλὰ
751 4103 850 4154 καὶ
896 4100 993 4154 διὰ
1042 4099 1328 4168 γυναικὸς
1356 4096 1599 4167 πηγάζει
1654 4098 1728 4152 τὰ

135 4194 474 4260 κρείττονα.
524 4193 583 4245 ὐ
605 4192 661 4246 δέ
690 4191 767 4261 τῷ
792 4192 934 4261 λόγῳ
955 4191 1053 4261 τὴν
1074 4190 1301 4260 καρδίαν
1331 4190 1559 4260 πληγεὶς
1590 4189 1726 4243 ταύ-

133 4301 237 4354 την
266 4285 369 4354 μὲν
391 4285 600 4351 εἴασεν,
620 4283 875 4354 θεοδὼρᾳ
899 4283 956 4336 δέ
986 4283 1046 4334 τὸ
1069 4282 1239 4352 μῆλον
1265 4283 1564 4350 ἀπέδωκεν,
1590 4281 1723 4354 οὔσῃ

132 4379 201 4430 ἐκ
260 4377 669 4447 Παφλαγονίας.
725 4379 835 4431 Καὶ
885 4375 1166 4444 στέφονται
1216 4376 1517 4447 ἀμφότεροι
1560 4376 1724 4447 ἐντῷ

129 4471 424 4542 εὐκτηρίῳ
456 4470 550 4524 τοῦ
588 4470 748 4538 ἁγίου
783 4467 1076 4538 ίΣτεφάνου
1131 4467 1234 4519 ὑπὸ
1290 4468 1573 4522 Ἀντωνίου
1616 4485 1726 4520 πα-

129 4563 410 4633 τριάρχου
444 4565 512 4634 τῇ
545 4563 679 4632 ἁγίᾳ
730 4563 1105 4631 Πεντηκοστῇ,
1141 4557 1396 4612 κάκεῖθεν
1423 4559 1640 4630 ἔρχεται
1665 4562 1724 4613 ἐν

125 4657 201 4725 τῇ
268 4656 504 4729 Μεγάλῃ
559 4654 827 4726 ἐκκλησίᾳ
859 4694 873 4719 ,
925 4653 1425 4722 φιλοτιμησάμενος
1477 4653 1722 4723 χρήμασι

124 4745 362 4811 πολλοῖς
388 4749 480 4801 τόν
525 4765 584 4800 τε
617 4747 965 4817 πατριάρχην
993 4745 1090 4798 καὶ
1137 4743 1230 4798 τὸν
1287 4744 1489 4813 κλῆρον
1517 4743 1634 4812 ἅμα
1656 4745 1721 4813 τῇ

126 4836 454 4908 συγκλήτῳ.
488 4838 653 4908 Καλή
693 4837 792 4907 μὲν
830 4835 1060 4889 Είκασία
1085 4834 1184 4905 τῆς
1211 4833 1485 4904 βασιλείας
1517 4832 1721 4886 ἀποτυ-

120 4928 316 4996 χοῦσα
345 4931 514 5000 μονὴν
538 4929 964 4994 κατεσκεύασεν,
988 4931 1068 4992 εἰς
1095 4928 1164 4999 ἢν
1195 4927 1287 4980 καὶ
1309 4923 1721 4996 ἀποκειραμένη

122 5021 423 5095 φιλοσόφῳ
461 5024 562 5094 βίῳ
604 5023 700 5076 καὶ
729 5022 847 5094 Θεῷ
897 5022 1189 5093 ἀρέσκοντι
1245 5019 1512 5072 διετέλεσε
1565 5017 1726 5088 μέχρι

118 5115 403 5186 τελευτῆς
435 5117 628 5185 αὐτῆς,
655 5115 826 5169 πολλὰ
847 5115 954 5169 ίδια
985 5112 1396 5183 συγγράμματα
1425 5112 1593 5179 αὐτῆς
1628 5125 1727 5163 κα-

115 5206 485 5260 ταλιποῦσαο
528 5210 561 5278 ή
623 5209 678 5260 δὲ
729 5207 822 5260 τοῦ
856 5206 1120 5277 βασιλέως
1175 5205 1359 5274 μήτηρ
1404 5203 1727 5272 Εὖφροσύνη

113 5296 413 5363 ἑκουσίως
442 5299 781 5353 κατελθοῦσα
830 5298 926 5351 τοῦ
962 5296 1224 5352 παλατίου
1259 5296 1318 5347 ἐν
1346 5295 1414 5364 τῇ
1453 5297 1584 5363 μονῇ
1618 5291 1726 5345 τῶν

111 5389 427 5462 Γαστρίων
455 5392 752 5463 ἡσύχασεν.

199 5478 274 5548 β’.
334 5483 590 5536 Ἱππικοῦ
621 5483 676 5536 δὲ
697 5481 990 5551 γενομένου
1025 5481 1217 5549 ἄγεται
1240 5480 1302 5532 τὸ
1331 5477 1726 5547 πολυκάνδηλον

107 5569 184 5622 τὺ
225 5573 293 5625 ἐν
332 5578 402 5646 τῇ
431 5576 615 5645 σφαγῇ
653 5573 747 5626 τοῦ
810 5573 1094 5642 Ἀρμενίου
1125 5571 1351 5634 Λέοντος
1373 5569 1518 5638 ξίφει
1548 5567 1726 5620 διακο-

1839 3369 1974 3426 syna
2008 3354 2202 3408 volens
2228 3353 2278 3406 ei
2310 3353 2598 3423 conjugem
2625 3354 2877 3422 jungere,
2909 3354 3097 3422 plures
3139 3353 3418 3426 incompa-

1839 3445 1999 3500 rabili
2027 3453 2314 3510 venustate
2344 3446 2490 3516 cogit
2517 3444 2775 3514 virgines.
2816 3445 2948 3498 Erat
2981 3445 3127 3500 inter
3160 3447 3284 3502 illas
3307 3465 3416 3503 una

1839 3539 2086 3610 quardam
2135 3537 2530 3592 formosissima
2567 3537 2740 3591 lcasia
2786 3538 3031 3604 nomine,
3061 3539 3276 3610 aliaque
3321 3558 3418 3596 no.

1839 3631 1986 3684 mine
2025 3628 2337 3683 Theodora.
2368 3628 2540 3682 Mater
2571 3643 2799 3682 aureum
2835 3629 3042 3682 malum
3074 3645 3200 3685 cum
3234 3631 3418 3689 dedis-

1837 3729 1940 3786 set,
1991 3720 2123 3775 dare
2156 3720 2323 3791 jussit
2350 3722 2507 3785 cujus
2561 3719 2637 3772 illi
2673 3719 2844 3790 magis
2879 3719 3054 3775 forma
3099 3722 3412 3792 placuisset.

1836 3813 2177 3882 Theophilus
2209 3812 2394 3867 Icasia:
2420 3812 2890 3880 pulchritudinem
2941 3813 3104 3883 625
3135 3824 3364 3885 stupens
3398 3836 3413 3872 :

1835 3905 1875 3957 A
1919 3904 2158 3967 muliere,
2194 3903 2292 3968 ait,
2325 3912 2647 3955 emanarunt
2690 3902 2854 3956 mala.
2881 3903 2981 3957 Cui
3012 3905 3103 3958 illa
3156 3907 3417 3962 subvere-

1836 3994 2054 4049 cunde:
2088 3993 2192 4048 Sed
2225 4004 2274 4046 et
2304 4010 2385 4046 res
2411 3993 2650 4046 meliores
2679 4010 2706 4046 e
2735 3994 2954 4048 muliere
2981 3997 3289 4050 exuberant.
3322 3999 3415 4053 Ille

1837 4101 2106 4155 responso
2136 4084 2406 4139 attonitus
2435 4093 2602 4153 atque
2627 4084 2892 4149 oli'ensus,
2929 4101 2992 4139 ea
3024 4086 3270 4152 dimissa,
3304 4104 3418 4142 ma-

1834 4180 1948 4234 lum
2013 4192 2244 4232 aureum
2307 4175 2610 4230 Theodore:
2665 4175 2818 4230 dedit
2874 4191 2942 4230 ex
3003 4176 3414 4246 Paphlagonum

1835 4278 2017 4342 gente.
2048 4267 2224 4322 Ambo
2272 4267 2523 4321 coronati
2577 4266 2646 4321 ab
2702 4266 2942 4321 Antonio
2987 4266 3300 4336 patriarcha
3356 4267 3414 4323 in

1836 4361 2022 4418 Sancti
2073 4359 2337 4430 Stephani
2372 4358 2613 4412 oratorio
2646 4358 2700 4412 in
2746 4359 2835 4414 die
2879 4359 3252 4416 Pentecostes.
3281 4358 3414 4415 Inde

1833 4449 1980 4504 facto
2007 4463 2268 4519 processu
2299 4447 2366 4501 ad
2395 4447 2639 4517 Magnam
2667 4447 2990 4513 Ecclesiam,
3024 4448 3231 4519 ingenti
3255 4449 3414 4520 largi-

1835 4541 1984 4596 tione
2016 4540 2380 4611 patriarcham
2411 4545 2467 4593 et
2507 4539 2714 4594 clerum
2758 4548 3120 4609 senatumque
3163 4541 3408 4595 donavit.

1753 4607 1805 4666 Β
1837 4634 1915 4689 Ac
1942 4607 2162 4702 quidem
2198 4633 2392 4697 lcasia,
2420 4631 2636 4702 imperii
2679 4648 2777 4704 spe
2821 4607 3105 4697 frustrata,
3139 4643 3414 4689 monaste-

1831 4726 1976 4779 rium
2008 4727 2276 4790 exstruit;
2311 4726 2475 4794 inque
2503 4742 2570 4780 eo
2613 4740 2769 4780 coma
2795 4724 2996 4794 posita,
3049 4725 3158 4780 vita
3200 4741 3264 4781 ex
3296 4727 3405 4780 vir-

1835 4820 1968 4873 tutis
1993 4819 2208 4873 ratione
2233 4819 2485 4872 instituta
2519 4833 2582 4872 ac
2610 4819 2723 4872 Deo
2750 4817 2968 4887 placita,
2995 4818 3242 4888 adusque
3284 4819 3410 4873 vita:

1833 4909 1999 4964 ﬁnem
2048 4908 2443 4980 perseveravit,
2489 4909 2679 4964 multis
2711 4908 2923 4980 proprii
2962 4909 3167 4980 ingenii
3213 4924 3409 4964 monu-

1832 5005 2034 5060 mentis
2061 5005 2287 5061 relictis.
2323 5006 2684 5075 Euphrosyna
2718 5014 2899 5060 autem
2925 5003 3273 5073 imperatoris
3300 5013 3412 5055 ma-

1831 5105 1914 5150 ter
1960 5096 2078 5165 ipsa
2112 5106 2306 5165 sponte
2341 5113 2370 5150 a
2406 5097 2610 5166 palatio
2644 5097 2938 5152 discedens
2980 5095 3037 5150 in
3076 5093 3409 5149 monasterio

1829 5187 2044 5244 Gastria
2070 5189 2237 5243 vitam
2266 5190 2480 5260 privato
2505 5189 2658 5244 cultu
2683 5189 2814 5259 egit.

1904 5471 1958 5523 2.
1998 5469 2139 5526 Cum
2169 5471 2460 5529 Circenses
2494 5481 2810 5545 agerentur,
2844 5472 3124 5544 profertur
3155 5471 3408 5526 multum

1835 5563 1953 5618 dini
1990 5565 2408 5632 candelabrum,
2456 5567 2603 5636 quod
2651 5568 2704 5622 in
2753 5566 2900 5622 caede
2943 5564 3143 5620 Leonis
3183 5562 3409 5620 Armeni

1457 5660 1687 5716 VARUE
1726 5655 2130 5712 LECTIONES.

233 5757 285 5790 ⁸⁸
328 5757 696 5837 ἀπετίθετοῖ,
745 5760 806 5836 ,ξ’
844 5759 1108 5830 Scylitzes
1134 5766 1187 5814 et
1219 5757 1500 5815 Cedrcnus
1537 5755 1733 5812 melius
1777 5753 2067 5824 μητρυιᾶς.
2107 5748 2353 5807 Combef.
