3962 6200
502 273 610 337 6-37

1752 262 2129 322 SYMEON’IS
2169 262 2541 320 MAGISTRI
3566 227 3569 232 Ι
3594 274 3680 337 68%

503 384 684 438 fuerat
737 378 916 451 gladio
967 375 1279 430 discissum.
1327 371 1578 428 Ostendit
1629 371 1973 440 Theophilus
2031 372 2118 431 in,

2223 376 2309 436 εὲν,
2343 375 2435 427 καὶ
2466 374 2844 426 ὑποδείκνυσιν
2876 372 3005 425 αὐτὸ
3032 373 3178 443 πάσῃ
3201 375 3262 444 τῇ
3294 378 3542 450 συγκλήτῳ
3561 384 3606 434 ὲν
3623 387 3680 454 τῷ
3749 394 3760 408 ·

505 473 700 528 sedilis
748 473 871 524 loco
935 469 1193 522 universo
1259 464 1505 527 senatui,
1563 479 1624 516 ac
1677 463 1827 516 velut
1882 463 1974 530 qui
2030 461 2083 514 in

503 566 707 634 templo
749 561 962 617 Domini
1007 559 1208 613 easdem
1244 553 1679 627 perpetrassent,
1714 554 1771 608 in
1806 569 1902 608 eos
1929 553 2084 624 jubet

505 653 912 716 animadverti,
973 666 1165 704 revera
1221 658 1404 703 autem
1460 648 1612 701 velut
1661 647 1754 716 qui
1831 644 2081 715 ejusdem

508 763 694 804 secum
730 745 952 798 haeresis
983 743 1194 797 socium
1233 742 1462 811 parique
1499 740 1839 794 laborantem
1891 737 2088 806 impie-

511 848 620 892 tate
644 836 1018 891 sustulissent.
1051 833 1382 887 Adhaerebat
1407 831 1553 885 enim
1585 830 1752 884 miser
1779 829 1889 882 Deo
1915 843 2092 881 exosae

513 930 660 983 illius
693 927 922 990 hzercsi;
952 927 1046 995 qui
1079 934 1398 980 sanctorum
1437 923 1701 994 imagines
1736 922 1872 975 alias
1905 919 2094 974 detra-

513 1021 706 1084 heret,
770 1019 906 1073 alias
958 1017 1255 1079 effoderet,
1317 1027 1482 1085 atque
1539 1013 1838 1068 monachos
1891 1012 2094 1082 pietate

519 1113 763 1166 illustres
809 1110 1006 1164 exsilio
1055 1110 1316 1163 multaret
1370 1123 1434 1162 ac
1483 1105 1811 1162 verberibus
1863 1104 2095 1173 aliisque

520 1205 914 1260 cruciamentis
953 1203 1367 1258 dehonestarct.

513 1383 518 1390 .
589 1337 642 1392 5.
686 1335 977 1404 TheOphili
1019 1350 1162 1388 anno
1207 1333 1453 1388 secundo
1506 1333 1881 1402 '1’he0phobus
1935 1333 2100 1387 Persa

523 1441 632 1480 una
663 1441 787 1480 cum
817 1435 972 1494 patre
995 1439 1056 1478 ac
1084 1425 1374 1478 Persarum
1407 1421 1826 1491 quatuordccim
1859 1421 2103 1475 millibus

523 1517 592 1573 ad
639 1520 918 1572 Romanos
964 1515 1287 1584 transfugit;
1340 1516 1544 1585 quibus
1576 1531 1673 1586 per
1708 1525 1915 1570 turmas
1941 1516 2106 1586 626

525 1611 718 1664 divisis
743 1611 798 1664 in
819 1608 1157 1663 tbematihus
1176 1608 1548 1662 habitationes
1570 1608 1865 1679 assignavit
1890 1627 1901 1661 :
1926 1609 2103 1677 ipsum

2194 464 2512 535 καθίσματι,
2537 465 2630 517 καί
2661 482 2822 535 φησιν
2850 465 2920 527 ὡς
2955 467 3032 528 είς
3057 465 3182 518 ναὸν
3203 466 3390 536 Κυρίου
3419 472 3686 544 τετολμηκό-

2191 576 2286 622 τας
2327 557 2660 627 ποιήσασθαι
2698 559 2797 628 τὴν
2830 559 3130 628 ἀναίρεσιν,
3163 561 3226 628 τῇ
3244 559 3285 612 δ’
3313 560 3513 634 ἀληθεία
3532 565 3590 628 ὡς
3617 568 3684 620 τὸν

2197 651 2622 722 συναιρεσιώτην
2651 650 2813 704 αὑτοῦ
2849 651 2942 705 καὶ
2963 651 3237 722 ὁμόφρονα
3258 653 3330 714 είς
3350 645 3568 708 ἀσέῐῖειαν
3586 661 3686 712 ἀπο·

2197 743 2529 807 κτείναντας.
2567 745 2755 814 Εἴχετο
2787 744 2894 814 γὰρ
2924 746 2950 797 ό
2972 743 3251 814 ἀλιτήριος
3285 747 3374 815 τῆς
3402 747 3578 802 ἐκείνου
3604 751 3692 805 θεο.

2198 835 2427 904 στυγοῦς
2466 837 2750 909 αἱρέσεως,
2804 835 2912 888 τῶν
2946 854 3004 888 τε
3039 837 3208 904 ἁγίων
3254 838 3456 892 εἰκόνων
3501 842 3584 905 τὰς
3617 840 3710 912 μεθ’

2199 929 2523 994 κατασπῶν,
2557 930 2655 992 τὰς
2685 929 2742 982 δὲ
2773 929 3104 998 ἀνορύττων,
3134 928 3226 982 καὶ
3252 931 3368 994 τοὺς
3397 933 3472 985 ἐπ’
3497 934 3701 1007 εὐλαϐείᾳ

2204 1022 2470 1092 μοναχοὺς
2494 1021 2751 1092 ὲξορίζων
2783 1021 2875 1074 καὶ
2897 1020 3267 1089 αἰκιζόμενος.

2275 1343 2344 1402 γ’.
2380 1333 2470 1405 Τῷ
2503 1334 2544 1404 β’
2568 1333 2757 1387 τούτου
2789 1333 2899 1386 ἔτει
2935 1335 3247 1402 προσέφυγε
3282 1334 3530 1400 Θεόφοϐος
3553 1337 3577 1388 ὁ
3602 1337 3712 1408 mp.

2207 1444 2307 1496 σης
2345 1425 2661 1496 Ῥωμαίοις,
2698 1425 2815 1495 ἅμα
2870 1425 2947 1494 τῷ
2985 1427 3153 1496 πατρὶ
3185 1427 3346 1480 αὑτοῦ
3385 1430 3509 1498 μετὰ
3535 1431 3712 1501 Περσῶν

2206 1517 2448 1588 χιλιάδας
2476 1515 2553 1579 ιδ’,
2584 1515 2677 1579 οὓς
2717 1517 2811 1569 καὶ
2857 1516 3125 1586 διένειμεν
3159 1518 3219 1569 ὲν
3241 1520 3349 1578 τοῖς
3383 1518 3562 1588 Θέμασι
3587 1538 3718 1574 κατα·

2211 1611 2498 1681 σκηνώσας
2529 1611 2621 1663 καὶ
2648 1612 2892 1680 τούρμας
2921 1612 3397 1682 ἀποκαταστήσας.
3415 1615 3567 1667 Αὐτὸν
3587 1615 3631 1668 δὲ
3652 1617 3717 1667 τὸν

525 1717 659 1756 vero
693 1700 1094 1770 Theophobum
1128 1700 1435 1754 Theodoraz
1470 1701 1728 1769 Augusta:
1778 1701 1957 1755 sorori
2000 1716 2105 1754 nu-

2223 1704 2478 1771 Βεόφοὸον
2513 1705 2591 1766 εἰς
2623 1703 2856 1773 ἀδελφὴν
2889 1701 3170 1772 Θεοδώρας
3196 1705 3500 1774 Αὑγούστης
3529 1707 3724 1774 γαμδρὶν

528 1797 662 1866 ptiis
688 1795 975 1863 cepulans,
1008 1809 1071 1846 ea
1107 1792 1214 1846 sibi
1256 1792 1471 1845 ratione
1519 1791 1755 1846 levirum
1801 1791 1952 1846 fecit.
1987 1792 2110 1844 Per-

529 1903 716 1943 sarum
751 1886 998 1938 moribus
1028 1900 1090 1937 ea
1119 1886 1206 1938 lex
1241 1883 1530 1937 obtinebat
1559 1892 1620 1937 ut
1649 1900 1714 1938 ex
1749 1885 1922 1953 stirpe
1957 1883 2111 1953 regia

531 1980 883 2049 designarent
929 1977 1024 2045 qui
1063 1977 1207 2044 apud
1243 1977 1366 2030 illos
1399 1992 1585 2031 rerum
1634 1985 1818 2031 essent
1858 1975 2111 2045 petituri.

530 2068 666 2124 Cum
700 2072 884 2137 itaque
911 2065 1193 2121 continuis
1230 2066 1392 2120 bellis
1414 2065 1599 2120 excisa
1628 2065 1922 2120 defecisset
1948 2066 2114 2135 stirps

532 2160 682 2230 regia
730 2159 898 2228 inque
948 2157 1037 2211 his
1086 2157 1356 2226 angustiis
1394 2157 1572 2210 Persae
1619 2163 1996 2218 versarentur,
2058 2156 2112 2209 in

534 2261 775 2308 mentem
804 2249 956 2303 venit
983 2248 1250 2318 quosdam
1284 2247 1419 2318 regii
1457 2247 1738 2317 sanguinis
1766 2247 1833 2301 ad
1876 2248 2114 2316 impera-

538 2352 718 2396 torem
772 2342 1081 2395 Itomauum
1128 2338 1504 2408 transfugisse.
1560 2337 1830 2403 Quocirca
1888 2353 2115 2392 necesse

537 2441 893 2503 putaverunt,
924 2433 1112 2486 relicta
1155 2431 1353 2500 patria,
1401 2440 1461 2484 ut
1501 2429 1566 2484 ad
1600 2429 1861 2484 Romanae
1891 2429 2118 2484 ditionis

538 2525 659 2579 loca
699 2523 1204 2594 proﬁciscerentur,
1266 2519 1592 2590 Theophobi
1640 2536 1824 2583 causa,
1889 2535 1999 2590 quo
2053 2536 2120 2574 ex

539 2630 702 2691 gente
759 2634 859 2674 sua
923 2619 1119 2672 ducem
1178 2617 1263 2670 eis
1331 2615 1579 2669 nancisci
1636 2615 1851 2669 liceret.
1911 2597 1988 2667 Ac
2035 2611 2118 2666 vel

541 2711 796 2773 maxime,
829 2706 974 2776 quod
1002 2715 1057 2759 et
1087 2706 1378 2759 Persarum
1423 2705 1533 2758 dux
1569 2705 1764 2768 Babec,
1793 2718 1917 2756 cum
1949 2716 2122 2754 annos

541 2803 785 2872 quinque
816 2797 1125 2852 defectione
1157 2797 1225 2848 ab
1251 2799 1598 2850 Amermume
1641 2797 1912 2849 exaltatus
1953 2800 2120 2856 esset,

543 2893 815 2946 bellorum
842 2889 1063 2943 interim
1103 2888 1531 2958 praeliorumque
1561 2887 1773 2940 incerto
1807 2895 2119 2954 superatus,

544 2973 868 3051 Theophobi
915 2989 1128 3049 patrem
1183 2978 1385 3048 Sinope
1441 2979 1796 3054 quaesiturus,
1854 2991 1980 3029 cum
2039 2991 2124 3030 se-

2216 1799 2510 1867 ὲποιὴσατο
2554 1801 2740 1867 τρόπῳ
2777 1795 3009 1867 ποιῴδε·
3044 1797 3171 1860 Τοῖς
3205 1798 3436 1867 Πέρσαις
3476 1797 3580 1861 ἔθος
3603 1795 3656 1867 ἦν
3679 1799 3724 1850 ὲκ

2217 1892 2402 1961 σειρᾶς
2433 1889 2719 1958 βασιλικῆς
2741 1889 2965 1958 ὑπέχειν
2993 1890 3301 1960 ἀνάρρησιν
3321 1905 3336 1922 ο
3367 1889 3480 1942 ὅθεν
3511 1893 3610 1952 τοῖς
3635 1889 3730 1941 ἀλλ-

2217 1981 2538 2050 επαλλήλοις
2568 1982 2825 2052 πολέμοις
2877 1981 2979 2050 τῆς
3011 1981 3301 2051 βασιλικῆς
3323 1983 3501 2050 σειρᾶς
3530 1983 3731 2034 ἐκλιπού-

2219 2091 2338 2143 σης,
2372 2075 2468 2126 καὶ
2494 2077 2551 2127 ἐν
2579 2074 2858 2144 ἀμηχανία
2885 2073 3195 2141 γεγονότες,
3222 2074 3463 2140 ἔγνωσαν
3490 2073 3557 2136 ὼς
3587 2075 3638 2125 ἐκ
3661 2073 3737 2140 τῆς

2221 2167 2509 2238 βασιλικῆς
2567 2169 2886 2235 συγγενείας
2935 2167 3012 2236 τῷ
3047 2166 3264 2235 βασιλεί
3317 2166 3584 2240 Ῥωμαίων
3629 2166 3737 2226 τινὲς

2220 2261 2665 2331 προσεῤῥύησαν,
2695 2259 2791 2312 καὶ
2835 2258 2928 2311 ἐπὶ
2971 2259 3149 2328 τούτῳ
3188 2259 3468 2312 ἀσπαστὸν
3490 2258 3746 2325 ὲλογίσαντο

2217 2353 2317 2423 τῆς
2351 2352 2557 2415 οἰκείας
2588 2354 2772 2422 χώρας
2821 2351 3242 2405 ἀπαναστεῦσαι
3294 2351 3387 2404 καὶ
3413 2351 3746 2420 προσχωρῆσαι

2219 2446 2284 2515 τῇ
2329 2443 2590 2512 Ῥο›μα“ίδι
2617 2443 2705 2495 διὰ
2755 2443 2846 2495 τὸν
2897 2443 3194 2512 Θεόφοϐον,
3228 2442 3315 2513 [Ρ.
3353 2442 3479 2513 416]
3519 2443 3647 2504 ὅπως
3674 2439 3748 2492 τοῦ

2222 2536 2359 2590 κατὰ
2408 2537 2596 2602 γένους
2627 2537 2671 2566 ²⁰
2705 2535 2948 2606 ἀρχηγοῦ
2995 2536 3390 2602 ὲπιτεύξοιντο,
3429 2536 3519 2588 καὶ
3563 2535 3754 2604 μάλιστα

2223 2629 2301 2681 ὅτι
2337 2628 2430 2680 καὶ
2457 2629 2482 2680 6
2516 2627 2742 2697 Περσῶν
2764 2626 3006 2697 ἀρχηγὸς
3025 2627 3211 2681 Βαϐὲκ
3239 2629 3535 2682 ἀποστάσει
3564 2630 3621 2697 τῇ

2223 2721 2312 2772 τὸν
2340 2721 2732 2790 Ἀμερμουμῆν
2764 2721 2854 2772 ἐπὶ
2886 2722 3045 2773 πέντε
3080 2722 3264 2775 ἔτεσιν
3291 2713 3758 2790 ὲκεκορύφωτο.Ὦν

2224 2813 2323 2866 ἀνα
2333 2815 2531 2882 μεταξὺ
2572 2814 2795 2882 πόλεμοι
2822 2814 3258 2884 συμϐεϐηκότες,
3298 2815 3546 2886 ἡττηθεὶς
3570 2816 3596 2866 6
3619 2810 3762 2864 Βαῦὶκ

2227 2905 2398 2975 εἰσῄει
2437 2907 2533 2958 σὺν
2565 2906 2800 2976 χιλιάσιν
2829 2904 2872 2972 ξ
3073 2907 3176 2975 τὴν
3225 2909 3543 2978 Ῥοιμαῖκὴν
3573 2905 3763 2975 ἐπικρά.

2227 3015 2396 3064 τειαν,
2426 3000 2515 3052 τον
2530 3000 2798 3067 Θεοφόϐου
2831 3001 3044 3070 πατέρα
3073 3003 3223 3054 κατὰ
3241 3003 3343 3072 τὴν
3373 3001 3522 3054 πόλιν
3535 2997 3764 3068 Σινώπῃἰ

546 3085 693 3144 ptem
746 3073 980 3126 millium
1032 3071 1262 3125 cohorte
1333 3070 1399 3124 ad
1456 3072 1733 3124 Romanos
1793 3077 2118 3123 accesserat.

2230 3093 2534 3162 ἀνερευνῶν
2553 3111 2565 3124 ·
2595 3093 2653 3145 ὃν
2672 3097 2698 3147 6
2731 3096 2910 3148 Βαΰὲκ
2939 3095 3320 3166 κατειληφὼς,
3356 3095 3554 3165 ἐγγύας
3575 3111 3625 3147 τε
3655 3092 3769 3159 παρὰ

547 3165 704 3219 Hunc
734 3165 912 3219 Babec
939 3177 1064 3218 cum
1110 3161 1433 3226 invenisset,
1483 3170 1647 3230 atque
1683 3161 1752 3213 ab
1794 3160 2126 3228 imperatore

548 3257 862 3312 securitatis
917 3255 1080 3309 ﬁdem
1145 3255 1491 3323 accepisset,
1568 3267 1690 3306 eam
1754 3253 1845 3307 cui
1895 3263 2129 3322 praeerat

549 3350 787 3404 militum
823 3365 1047 3403 manum
1079 3363 1250 3416 seque
1287 3347 1466 3415 ipsum
1504 3346 1824 3414 imperatori
1867 3346 2124 3416 subjecit.

548 3444 689 3498 Sunt
722 3444 817 3513 qui
867 3444 1027 3498 aliter
1064 3441 1328 3503 referant,
1365 3440 1690 3509 Theophobi
1743 3449 1954 3508 patrem
2001 3455 2128 3508 cge-

549 3551 682 3588 num
754 3535 1033 3588 hominem
1095 3532 1417 3601 Byzantium
1480 3532 1736 3594 venisse,
1796 3547 1859 3584 ac
1911 3531 2128 3584 cuidam

550 3626 771 3678 mulieri
822 3625 925 3678 sub
977 3621 1234 3676 mercede
1282 3621 1617 3690 cauponaria
1666 3622 1900 3674 merenti
1945 3620 2132 3674 adluc-

553 3715 717 3770 sisse.
747 3715 879 3787 Ejus
911 3730 1044 3769 vero
1086 3723 1306 3784 captum
1338 3730 1526 3769 amore
1569 3719 1836 3769 venereos
1873 3732 1999 3768 cum
2041 3716 2132 3768 illa

553 3805 837 3874 amplexus
876 3806 1175 3872 habuisse;
1210 3821 1276 3860 ex
1308 3822 1417 3874 quo
1446 3806 1644 3861 mulier
1683 3822 1808 3860 cum
1849 3808 2132 3876 concepis-

553 3907 656 3963 set,
701 3899 1008 3952 masculum
1058 3898 1360 3968 peperisse.
1416 3899 1612 3953 Persas
1655 3899 1837 3968 itaque
1884 3907 2131 3953 astrono-

554 3992 698 4045 mica
729 3992 956 4048 scientia
987 4008 1051 4048 ac
1073 3994 1355 4048 vaticinali
1383 3994 1609 4049 solertia
1641 3994 2133 4049 cxereitatissimos

556 4083 846 4137 Persarum
879 4085 1023 4156 regis
1063 4085 1280 4139 aﬂinem
1310 4085 1603 4155 quemdam
1650 4085 1894 4157 Byzantii
1923 4084 2132 4140 versari

555 4177 916 4244 cognovisse;
983 4187 1210 4246 tumque
1277 4178 1345 4231 ad
1411 4178 1797 4248 imperatorem
1856 4177 2134 4247 ingressos

555 4267 717 4338 627
748 4281 894 4333 cum,
931 4270 1089 4338 cujus
1117 4283 1280 4323 causa
1322 4270 1427 4323 iter
1469 4276 1848 4338 susceperant,
1897 4269 2134 4339 diligen-

560 4374 646 4417 ter
685 4364 1042 4432 quaerendum
1104 4381 1342 4436 rogasse.
1399 4368 1810 4436 Imperatorem,
1860 4381 1984 4419 cum
2037 4381 2135 4418 au—

561 4453 729 4508 disset
762 4455 938 4524 deque
971 4457 1193 4511 homine
1231 4459 1425 4512 sedulo
1455 4459 1766 4512 sciscitatus
1795 4467 1962 4522 esset,
1997 4459 2132 4512 nihil

559 4560 739 4614 operae
771 4545 986 4600 fecisse.
1015 4547 1213 4602 Postea
1240 4557 1422 4602 tamen
1454 4549 1675 4602 inventa
1716 4548 1972 4613 muliere,
2007 4564 2131 4602 cum

559 4652 665 4704 qua
696 4636 878 4691 Babec
901 4638 1065 4692 Persa
1127 4647 1380 4693 versatus
1441 4640 1641 4702 fuerat,
1685 4639 1946 4693 didicisse
1979 4639 2131 4692 illum

561 4727 784 4796 quidem
821 4730 934 4798 jam
967 4730 1108 4783 vivis
1145 4731 1468 4795 excessisse,
1503 4748 1664 4801 quem
1699 4740 1881 4784 autem
1927 4746 1991 4784 ex
2027 4731 2137 4785 illis

557 4821 898 4889 amplexibus
931 4823 1099 4877 lilium
1131 4825 1487 4888 sustulerant,
1540 4825 1720 4879 adhuc
1776 4825 2130 4894 superstitem

557 4927 700 4977 esse,
731 4929 794 4967 ac
824 4913 1176 4970 duodennem
1205 4917 1308 4986 ipsi
1367 4917 1713 4982 ostendisse;
1776 4933 2012 4986 emnque
2043 4931 2131 4969 as-

557 5024 838 5080 sumptum
894 5012 1280 5081 imperatorem
1335 5014 1389 5067 in
1440 5015 1562 5068 aula
1630 5013 1915 5077 educasse,
1969 5012 2133 5082 inque

556 5107 824 5160 militares
861 5124 1122 5162 numeros
1152 5107 1346 5162 Persas
1395 5109 1668 5162 retulisse.

606 5243 659 5296 ό.
699 5242 1040 5312 Theophilus
1064 5243 1248 5312 itaque
1274 5243 1592 5311 imperator,
1628 5257 1751 5295 cum
1802 5256 1986 5294 rerum
2017 5243 2130 5295 ele-

557 5334 738 5400 gantia
764 5346 1079 5403 ornatuque
1122 5351 1185 5388 ac
1228 5343 1449 5404 sumptu
1504 5334 1899 5397 delectaretur,
1929 5332 2128 5385 Penta-

561 5427 808 5496 pyrgium
831 5446 897 5483 ex
925 5430 1141 5500 integro
1175 5428 1478 5483 fabricatus
1501 5435 1605 5491 est,
1638 5425 1860 5494 duoque
1894 5422 2130 5478 maxima

558 5531 763 5588 organa
791 5537 926 5576 auro
970 5522 1143 5576 solida
1203 5520 1440 5576 diversis
1490 5519 1840 5574 interstincta
1902 5515 2126 5584 lapillis,

2231 3183 2494 3251 βασιλέως
2519 3184 2831 3252 δεξάμενος.
2883 3187 2972 3240 τδν
2997 3188 3089 3239 ὑπ’
3134 3188 3292 3259 αὐτῷ
3331 3188 3461 3242 λαὸν
3500 3188 3590 3240 καὶ
3617 3182 3770 3237 ὲαυτὶν

2228 3273 2305 3344 τῷ
2334 3273 2544 3344 βασιλεῖ
2595 3276 2836 3345 ὑπήκοον
2873 3276 3142 3330 τέθεικεν.
3194 3278 3415 3340 Ἀλλως
3450 3275 3506 3330 δέ
3541 3291 3684 3344 φασιν
3715 3271 3771 3322 ὅτι

2229 3367 2257 3419 ό
2285 3365 2375 3418 τοῦ
2410 3367 2682 3436 Θεοφόὸου
2719 3368 2900 3438 πατὴρ
2947 3369 3118 3439 εἰσῄει
3152 3370 3237 3440 τῷ
3270 3369 3553 3438 Βυζαντίῳ
3585 3364 3775 3429 πενόμε-

2230 3476 2339 3523 νος,
2365 3461 2459 3512 καί
2497 3477 2600 3513 τινι
2632 3463 2850 3528 γυναικὶ
2903 3463 3044 3514 κοντα
3101 3463 3451 3535 μισθαρνίαν
3499 3455 3780 3525 καπηλεύειθ

2231 3551 2469 3623 λαχούσῃ
2520 3554 3022 3624 προσκεκόλληταιο
3056 3555 3115 3618 ὃς
3172 3557 3256 3626 τῷ
3291 3556 3431 3627 πρδς
3475 3549 3779 3621 αὖτῆνῖρωτι

2234 3647 2394 3711 ἁλοὺς
2422 3649 2556 3719 πρὸς
2585 3650 2778 3721 ἡδονὴν
2804 3649 3210 3722 συμϐιϐἁζεται
3239 3670 3252 3682 ·
3293 3655 3356 3717 ἐξ
3387 3644 3450 3705 οὗ
3481 3643 3784 3715 συνειληφυῖα

2231 3740 2436 3808 ἄρρενα
2466 3741 2748 3794 ἐκτέτοκεν
2788 3743 2851 3794 ⁸³.
2881 3743 2941 3794 Οἱ
2979 3741 3069 3795 οὖν
3109 3744 3336 3813 Πέρσαι
3374 3737 3693 3813 ἀστρονομίᾳ
3716 3732 3784 3784 καὶ

2236 3830 2464 3902 μαντείᾳ
2489 3831 2854 3902 ἠκριϐωμένοι
2884 3833 3126 3900 ἔγνωσαν
3156 3835 3260 3888 τοῦ
3304 3835 3536 3905 Περσῶν
3575 3827 3787 3901 βασιλέως

2236 3927 2472 3993 συγγενῆ
2504 3941 2626 3978 τινα
2657 3928 2712 3978 ὲν
2751 3927 2979 3990 Βύζαντι
3008 3927 3054 3957 ’³
3088 3925 3339 3998 διάγειν.
3391 3923 3660 3980 Ἐντεῦθεν
3686 3916 3784 3987 πρὶς

2147 4065 2166 4080 ,
2234 4015 2324 4067 τὸν
2353 4016 2577 4086 βασιλέα
2609 4017 2940 4080 εἰσελθόντες
2965 4018 3157 4072 τοῦτον
3214 4039 3286 4074 πε
3301 4021 3357 4092 ρὶ
3409 4016 3472 4074 οὗ
3500 4015 3652 4090 ἦλθον
3673 4016 3790 4082 ὲρεοο

2235 4109 2502 4178 νήσασθαι
2550 4109 2811 4179 ἠξίωσαν.
2867 4111 2925 4165 '0
2954 4113 3009 4165 δὲ
3063 4112 3342 4183 βασιλεὺς
3381 4112 3544 4166 τοῦτο
3589 4099 3790 4176 ἀκηκοὼς

2236 4198 2332 4250 καὶ
2390 4201 2824 4268 ἐρευνησάμενος
2860 4202 2989 4273 περί
3019 4201 3220 4255 τούτου
3284 4202 3449 4256 οὐδὲν
3477 4203 3683 4272 ἤνυσεν.
3730 4189 3792 4242 Ἕν
3836 4223 3838 4228 ·

2237 4289 2446 4360 ὑστέρῳ
2497 4290 2641 4343 δὲτὸ
2675 4292 2894 4361 γύναιον
2944 4294 3256 4365 εὑρηκότες
3315 4293 3444 4362 μεθ’
3480 4286 3540 4345 οὗ
3588 4288 3674 4357 τὴν
3699 4287 3791 4335 ἀνα·

2240 4383 2478 4453 στροφὴν
2501 4385 2528 4436 6
2548 4383 2764 4454 Πέρσης
2787 4386 3081 4454 ἐπεποίητο
3109 4386 3336 4451 Βαϐὲκ,
3374 4384 3583 4456 ἔμαθον
3604 4381 3668 4442 ὡς
3690 4373 3794 4428 ἐκεῖ·

2239 4489 2326 4537 νος
2364 4473 2462 4544 μὲν
2491 4475 2902 4546 τετελεύτηκεν,
2936 4476 3038 4528 όδὲ
3072 4477 3135 4528 ὲκ
3194 4477 3408 4531 τούτου
3447 4463 3797 4548 προενηνεγμέο

2235 4581 2325 4628 νος
2355 4564 2495 4618 κατὰ
2519 4565 2779 4633 συζυγίαν
2815 4569 2941 4628 παῖς
2967 4566 3047 4619 ἔτι
3076 4568 3386 4638 περίεστιν
3406 4585 3422 4600 ·
3458 4567 3519 4621 ὃν
3556 4564 3644 4619 καὶ
3672 4555 3798 4618 τῡῦῖφ

2238 4655 2581 4711 ἐπεδείκνυον
2611 4657 2916 4728 δωδεκαετῆ
2965 4662 3352 4730 τυγχάνοντα,
3391 4661 3599 4714 Τοῦτον
3635 4651 3797 4721 όβαπ·

2237 4745 2363 4808 λεὺς
2405 4747 2843 4818 προσλαϐόμενος
2875 4749 3176 4819 ἀνέτρεφεν
3226 4753 3292 4804 ὲν
3335 4753 3422 4822 τῷ
3447 4747 3704 4816 παλατίῳ,
3737 4734 3802 4790 καὶ

2237 4840 2362 4902 τοὺς
2395 4839 2608 4909 Πέρσας
2645 4842 2702 4892 ὲν
2728 4845 2840 4906 τοῖς
2886 4847 3324 4912 στρατιωτικοῖς
3369 4844 3597 4910 κώδιξιν
3621 4830 3803 4903 ἀνεγρί⁶

2239 4931 2393 5000 ψατο.

2315 5237 2377 5292 δ’.
2429 5237 2485 5288 '0
2535 5237 2715 5291 τοίνυν
2764 5237 3016 5307 βασιλεὺς
3050 5236 3340 5304 Θεόφιλος
3403 5239 3722 5308 φιλόκοσμος
3763 5222 3816 5272 ὧν

2246 5328 2642 5392 κατασκευάζει
2671 5329 2731 5394 ἐξ
2757 5329 2932 5399 ἀρχῆς
2960 5329 3018 5382 τὸ
3043 5330 3523 5404 Πενταπύργιον,
3554 5328 3645 5384 καὶ
3674 5321 3730 5377 τὰ
3752 5315 3819 5369 δῦθ

2247 5424 2476 5490 μέγιστα
2504 5423 2708 5490 ὄργανα
2735 5422 3003 5492 ὁλόχρυσα
3035 5421 3186 5491 μετὰ
3213 5423 3519 5493 διαφόρων
3561 5420 3730 5473 λίθων.
3754 5421 3825 5460 και

2235 5513 2450 5584 δένδρον
2479 5515 2728 5585 χρύσεον,
2775 5517 2832 5570 ὲν
2854 5508 2897 5584 ᾧ
2939 5514 3200 5586 στρονοοὶ
3236 5516 3588 5589 ἐφεζόμενοι
3638 5511 3719 5566 διὰ
3749 5518 3832 5575 μηο

1872 5607 1955 5660 VA
1967 5604 2102 5660 [{le
2136 5602 2535 5660 LECTIUNES.

628 5703 670 5738 ε’
693 5704 847 5773 γένος
876 5706 897 5758 ’ί
969 5708 1011 5738 ²¹
1047 5703 1294 5776 Σινώπης
1315 5707 1337 5758 ?
1412 5708 1455 5736 ²¹
1489 5704 1651 5756 παῖδα
1681 5701 1946 5756 τέτοκενί
2023 5702 2068 5730 ⁸³
2095 5701 2150 5752 ἐν
2187 5701 2252 5769 τῇ
2291 5699 2604 5763 Βύζαντοςῗ
