3962 6200
545 302 647 366 691

1792 303 1937 362 SYM
1947 304 2089 362 EON
2103 307 2123 362 l

2234 277 2582 364 uersum
3645 324 3727 383 ειη

544 417 636 470 illa
663 434 675 467 :
716 414 957 468 Pulchrw
984 430 1110 468 mea:
1135 421 1257 466 sunt
1281 427 1492 482 puppa’,
1554 410 1846 482 plurimum
1907 431 1996 466 eas
2044 416 2125 468 di-

2237 417 2628 486 πλησιέστερον
2649 417 2916 468 διέϐαινεν
2938 434 2948 442 ·
2971 419 3002 485 ἡ
3031 418 3106 478 δὲ,
3141 419 3214 470 Ti:
3238 422 3384 474 καλά
3397 442 3519 490 μου.
3546 428 3722 500 ἔφησεν,

545 506 671 577 ligo.
710 507 952 561 Sedebat
990 517 1119 559 tunc
1148 503 1214 557 ad
1243 519 1488 557 mensam
1538 504 1863 573 imperator,
1915 507 2127 560 statim-

543 617 648 670 que
672 601 740 655 ad
772 616 828 654 se
885 607 1263 653 transeuntem
1327 599 1623 654 Denderim
1685 610 1841 669 rogat
1906 601 2126 656 ubinam

487 737 500 757 ,
547 695 768 749 tandem
794 694 1008 747 fuisset.
1049 691 1357 762 Respondit
1403 692 1534 746 ille:
1588 693 1744 763 Apud
1776 711 1992 747 manant
2025 695 2127 760 (sie

546 785 890 839 Theodoram
928 799 1153 847 vocans,
1187 799 1251 838 ac
1279 784 1323 838 si
1363 793 1595 838 matrem
1631 786 1920 855 aviamque
1949 786 2125 856 dicas)

543 878 913 946 pulchrasque
945 875 1091 946 apud
1153 892 1273 931 eam
1331 893 1544 946 puppas
1601 877 1828 941 vidisse,
1877 894 1943 932 ex
1999 881 2126 949 pul-

544 971 722 1024 vinari
777 970 1156 1039 depromptas.
1208 970 1484 1024 lntellexit
1550 970 1734 1039 itaque
1786 971 2124 1040 imperator,

545 1067 735 1136 iraque
789 1067 1006 1136 plenus,
1068 1073 1128 1119 ut
1175 1082 1205 1120 a
1261 1082 1449 1120 mensa
1517 1067 1780 1130 surrexit,
1811 1067 2125 1122 cubiculum

545 1159 862 1226 irrumpens
890 1158 1080 1212 multis
1112 1158 1234 1213 aliis
1257 1159 1530 1212 conviciis
1555 1168 1770 1222 onerat,
1816 1159 2127 1229 ellrenique

545 1250 731 1318 lingua
765 1249 1118 1303 idololatram
1155 1266 1379 1315 vocans,
1428 1250 1590 1304 deliri
1663 1251 1987 1305 homunculi
2046 1252 2129 1304 in-

543 1343 750 1397 dicium
801 1344 1080 1412 verbaque
1115 1344 1460 1413 exquirebat.
1523 1344 1766 1414 Augusta
1796 1361 1951 1407 vero,
2011 1345 2126 1413 ipsa

550 1432 775 1485 interim
812 1434 945 1486 iram
1000 1433 1264 1497 condens,
1331 1433 1478 1487 haud
1538 1435 1610 1488 ita
1647 1450 1706 1489 se
1759 1451 1872 1487 rem
1927 1435 2127 1488 habere

544 1523 833 1578 confestim
868 1523 974 1587 ait,
1024 1539 1088 1576 ac
1133 1523 1228 1578 ille
1291 1524 1605 1593 suspicatus
1657 1532 1777 1577 erat
1814 1541 1826 1575 :
1859 1522 1953 1576 sed
2003 1536 2126 1576 cum

543 1630 602 1670 se
647 1615 738 1672 illa
778 1631 903 1669 cum
962 1616 1180 1670 ancillis
1237 1617 1402 1686 630
1453 1617 1507 1670 in
1563 1615 1788 1684 speculo
1844 1616 2125 1684 conspice-

544 1716 650 1773 ret,
687 1708 1061 1778 Denderisque
1123 1711 1436 1764 relucentes
1491 1709 1617 1764 inde
1650 1709 1854 1762 formas
1894 1709 2128 1762 intuitus

545 1811 711 1865 esset,
740 1817 840 1871 pro
870 1816 971 1855 suo
1011 1802 1210 1855 delirio
1257 1803 1325 1855 de
1374 1801 1574 1871 puppis
1612 1801 1838 1855 domino
1897 1817 1960 1854 ac
2024 1803 2120 1855 im-

547 1893 786 1962 peratori
825 1894 1096 1948 retulisse.
1129 1895 1226 1946 His
1259 1894 1427 1964 igitur
1457 1895 1579 1963 ejus
1626 1896 1892 1964 tantisper
1939 1895 2126 1949 sedata

547 1987 652 2041 ira.
694 1987 990 2042 Denderim
1027 2005 1160 2043 vero
1217 1998 1341 2058 post
1370 2005 1481 2043 non
1524 1991 1728 2044 multos
1782 1991 1903 2044 dies
1945 1991 2126 2060 dignis

547 2079 730 2134 modis
759 2080 1034 2150 castigans
1057 2096 1253 2149 sapere
1301 2080 1514 2144 docuit,
1576 2083 1647 2134 ita
1708 2081 1824 2136 fere
1881 2082 2124 2136 inferens

547 2169 888 2239 dicensque:
927 2169 1065 2224 Cave
1115 2169 1215 2223 ulli
1256 2187 1491 2241 unquam
1537 2171 1600 2224 de
1652 2172 1885 2240 pulchris
1937 2174 2124 2242 puppis

549 2259 805 2330 loquaris.
845 2260 1186 2331 Quandoque
1221 2278 1356 2316 vero
1390 2279 1419 2316 a
1452 2273 1582 2332 potu
1639 2264 1910 2318 calentior
1941 2265 2125 2318 Theo-

545 2349 751 2419 philus,
785 2366 911 2406 cum
947 2352 1205 2422 Augusta:
1249 2351 1542 2408 insultaret
1568 2394 1582 2417 .
1616 2355 1844 2424 rogabat
1889 2355 1957 2410 de
2013 2356 2126 2420 illa,

545 2455 678 2494 num
709 2440 892 2496 adhuc
921 2457 1077 2496 mana
1096 2441 1355 2511 pulchras
1379 2459 1592 2513 puppas
1613 2444 1821 2517 osculis
1847 2446 2130 2514 amplexu-

545 2547 653 2600 que
684 2532 985 2603 acciperet.
1018 2533 1286 2588 Denderis
1323 2535 1552 2589 dextera
1602 2535 1684 2589 ori
1742 2537 2022 2604 imposita,
2067 2553 2129 2591 ac

546 2625 769 2680 sinistra
805 2627 1113 2695 posteriora
1155 2635 1388 2682 tenens:
1421 2627 1572 2690 Tace,
1619 2637 1756 2690 lace,
1804 2628 2121 2698 imperator,

547 2718 852 2788 respondit,
890 2737 953 2773 ac
992 2721 1056 2773 de
1073 2721 1260 2790 puppis
1288 2736 1353 2772 ne
1384 2720 1624 2790 loquare.

2231 507 2422 571 οὕτως
2449 507 2630 568 auria,
2669 507 2764 559 καὶ
2792 505 3002 576 ἀγαπῶ
3044 508 3228 561 ταῦτα
3258 512 3460 566 πολλὰ.
3488 517 3621 572 Κατὰ
3654 522 3731 592 τὴν

2229 601 2512 668 τράπεζαν
2535 599 2835 668 τηνικαῦτα
2868 601 3107 653 εἱστιᾶτο
3128 603 3155 654 ό
3180 601 3436 675 βασιλεὺς,
3455 610 3538 661 καὶ
3557 611 3610 682 δὴ
3629 617 3732 684 πρὸς

2231 692 2394 744 αὑτὸν
2425 691 2586 754 εὐθὺς
2608 693 2869 772 ausam
2899 695 3062 764 ἤρετο
3088 695 3247 748 αὑτὸν
3275 697 3388 751 ὅποι
3416 703 3532 755 ποτὶ
3551 705 3737 775 ὲτὺγγα.

2232 802 2321 836 νεν
2343 785 2439 839 ὢν.
2479 785 2538 838 Ὀ
2565 785 2620 838 δὲ
2648 787 2808 851 παρὰ
2857 787 2974 853 τὴν
2995 785 3217 855 Iuba":
3266 789 3454 861 ἔφησεν
3493 790 3630 856 εἶναι*
3659 801 3732 872 τὴν

2231 877 2512 948 Θεοδώραν
2537 878 2679 931 οὕτω
2718 877 2912 946 λέγων,
2961 880 3054 931 καὶ
3084 879 3376 936 θεάσασθαι
3409 885 3460 936 ἐν
3487 886 3605 958 αὐτῇ
3630 893 3746 946 καλὰ

2232 971 2370 1024 νινία
2403 971 2496 1024 τοῦ
2548 974 2991 1041 προσκεφαλαίου
3037 973 3378 1042 ὲξαίρουσαν.
3419 979 3635 1047 Συνῆκεν
3674 983 3744 1038 οὖν

2231 1063 2258 1113 ὁ
2285 1061 2557 1129 βασιλεὺς,
2591 1063 2687 1116 καὶ
2721 1062 2933 1133 πλήρης
2954 1063 3125 1133 ὀργῆς
3152 1063 3406 1133 γεγονὼς,
3443 1066 3511 1128 ὡς
3530 1069 3747 1144 ἐξανέστη

2231 1155 2330 1222 τῆς
2358 1152 2660 1225 τραπέζης,
2690 1153 2776 1225 [Ρ.
2806 1155 2936 1227 418]
2968 1155 3104 1226 πρὸς
3141 1154 3307 1224 αὐτὴν
3330 1156 3502 1227 ἀπῄει,
3530 1159 3746 1223 ἀλλαιςτε

2233 1247 2451 1308 πολλοῖς
2479 1247 2700 1316 ὕϐρεσιν
2737 1247 2907 1317 αὐτὴν
2940 1245 3224 1306 ἐπαντλῶν
3254 1248 3345 1300 καὶ
3371 1249 3583 1302 εἰδώλων
3597 1252 3747 1323 λάτριν

2232 1347 2518 1410 ἀκολάστῳ
2551 1342 2764 1412 γλώττῃ
2799 1341 3005 1410 ταύτην
3067 1341 3359 1394 ἀποκαλῶν
3380 1359 3392 1372 °
3447 1345 3530 1396 καὶ
3571 1345 3666 1414 ἅμα
3693 1348 3750 1399 δι-

2237 1437 2422 1504 εζήτει
2457 1432 2586 1493 τοὺς
2613 1430 2804 1496 λόγους
2825 1430 2920 1482 τοῦ
2950 1429 3374 1499 παραπαίοντος.
3392 1430 3454 1482 Ἦ
3483 1431 3535 1483 δὲ
3557 1432 3671 1494 τέως
3683 1434 3747 1484 τὸν
3788 1433 3801 1460 ⁸

2231 1525 2400 1595 θυμὸν
2423 1524 2563 1576 κατὰ
2581 1522 2819 1591 στέρνων
2846 1522 3073 1578 κύουσα,
3094 1522 3180 1574 Οὐ
3205 1520 3380 1574 τοῦτό
3398 1521 3575 1582 ἐστιν,
3592 1520 3639 1585 ἐξ
3654 1523 3758 1575 ito!-

2235 1635 2333 1688 μου
2364 1617 2571 1684 ἔλεγεν,
2588 1609 2636 1668 ὦ
2654 1614 2940 1677 βασιλεῦ,
2963 1616 3034 1667 οὐ
3054 1614 3253 1676 τοῦτο,
3268 1614 3348 1679 ὡς
3361 1615 3665 1682 ὑπείληφας
3678 1616 3752 1668 σύ.

2237 1709 2307 1764 Τὸ
2334 1709 2403 1761 δὲ
2438 1706 2776 1772 κιὶτοπτρόν
2799 1723 2918 1771 μου
2947 1705 3109 1772 ἥμην
3139 1703 3500 1764 ἀτενίζουσα
3521 1706 3651 1771 μετὰ
3674 1703 3761 1756 τῶν

2233 1802 2668 1870 θεραπαινίδων
2696 1801 2794 1853 καὶ
2819 1801 2922 1865 τὰς
2948 1798 3150 1852 ἐκεῖσε
3198 1797 3543 1864 τικτομένας
3591 1793 3704 1848 ἰδὼν
3736 1799 3760 1848 ό

2231 1893 2505 1960 Δένδερις
2525 1892 2764 1960 μορφὰς
2793 1889 2988 1944 ἐλθὼν
3017 1886 3396 1956 ἀπήγγειλεν
3437 1887 3679 1953 ἀφρόνως
3706 1882 3766 1948 τῷ

2229 1983 2496 2050 δεσπότῃ
2517 1983 2613 2035 καὶ
2639 1980 2911 2046 βασιλεῖ.
2947 1979 3104 2033 Οὕτω
3133 1978 3242 2046 μὲν
3285 1976 3380 2031 οὖν
3428 1976 3618 2029 ἐκείνου
3660 1975 3761 2034 τέως

2233 2075 2533 2129 κατέσϐεσε
2554 2075 2644 2126 τὸν
2676 2073 2848 2141 θυμόν
2870 2089 2883 2102 ’
2908 2072 2998 2124 τὸν
3022 2071 3186 2124 Δένδε
3198 2088 3283 2141 ριν
3312 2069 3367 2121 δὲ
3398 2069 3506 2138 μετ’
3533 2068 3587 2120 οὗ
3615 2065 3768 2126 πολλὰς

2227 2168 2443 2238 ἡμέρας
2484 2167 2704 2237 παιδεία
2733 2163 3202 2218 καθυποὸαλοῦσα
3236 2162 3465 2214 πέπεικε
3505 2159 3767 2228 σωφρονεῖν,

2235 2260 2380 2313 οὓτω
2434 2277 2550 2322 πως
2581 2259 2912 2325 ἑπιλέγουσα
2943 2257 3036 2309 καὶ
3069 2257 3409 2308 διδάσκουσα
3447 2255 3519 2316 ὡς
3559 2250 3630 2320 μή
3665 2264 3773 2302 ποτε

2229 2351 2431 2420 λέγειν
2460 2351 2592 2418 περὶ
2615 2349 2733 2402 τῶν
2761 2348 2963 2402 καλῶν
2983 2347 3201 2401 νινίων
3228 2347 3367 2400 τινί.
3395 2344 3498 2398 Καί
3520 2360 3635 2396 ποτε
3661 2340 3775 2410 παρὰ

2232 2442 2394 2495 πότον
2419 2441 2839 2511 ὲγκαυχὼμενος
2887 2440 2982 2492 καὶ
3033 2438 3140 2508 τῆς
3173 2438 3468 2508 δεσποίνης
3498 2429 3776 2502 κατεπαιρό-
3845 2483 3850 2494 η

2234 2552 2396 2603 μενος
2421 2536 2448 2585 ό
2479 2533 2738 2601 Θεόφιλος
2768 2531 2955 2602 ἠρώτα
2980 2530 3182 2584 τοῦτον
3209 2531 3340 2600 περὶ⁵
3372 2531 3556 2598 αὐτῆς,
3589 2527 3628 2578 εἰ
3656 2525 3778 2577 πάλιν

2234 2627 2343 2694 ἄρα
2373 2627 2442 2678 τὰ
2479 2625 2620 2679 καλά
2649 2624 2794 2676 νινία
2832 2626 2864 2693 ἡ
2919 2623 3067 2692 μάνα
3107 2622 3455 2685 ἀσπάζεται.
3516 2619 3571 2671 '0
3613 2617 3662 2669 δὲ
3694 2613 3780 2673 τοῖς

2238 2719 2439 2789 χείλεσι
2495 2719 2594 2788 τὴν
2622 2717 2801 2783 δεξιὰν
2840 2718 3000 2786 χεῖρα
3044 2716 3295 2780 ἐπιθεὶς,
3327 2716 3420 2767 καὶ
3449 2715 3512 2782 τῇ
3568 2703 3784 2780 ἀριστερᾷ

545 2808 653 2862 τῶν
682 2810 906 2864 ὄπισθεν
959 2811 1141 2880 μερῶν
1191 2812 1604 2882 ἐπιλαϐόμενος,
1650 2833 1666 2863 ι
1703 2815 1872 2884 Σίγα,
1906 2815 2051 2883 σίγα
2086 2812 2216 2880 περὶ
2247 2810 2366 2864 τῶν
2396 2811 2623 2875 rit-law,
2654 2805 2700 2863 ὧ
2722 2809 3020 2873 βασιλεῦ,
3055 2809 3382 2879 ἀντέφησεν
3407 2808 3435 2860 ό
3467 2802 3764 2884 παραπαίωντ

615 2903 668 2955 8.
693 2903 852 2956 Anno
887 2904 1103 2972 imperii
1139 2904 1326 2966 tertio,
1359 2904 1617 2958 Alexium
1652 2905 1974 2959 Armenium
2034 2921 2127 2959 co-

546 3003 846 3065 gnomento
880 2994 1164 3058 Muselem,
1191 2996 1372 3049 virum
1404 2995 1563 3052 valde
1591 3005 1877 3051 strenuum
1943 3013 2005 3051 ac
2033 3013 2119 3050 ro-

548 3087 795 3151 bustum,
824 3087 1088 3142 collocata
1115 3087 1166 3141 ei
1200 3087 1366 3141 Maria
1400 3088 1508 3142 tilia
1539 3105 1802 3159 generum
1859 3090 1962 3144 sibi
1992 3091 2127 3145 asci-

547 3178 648 3240 vit,
698 3178 1102 3249 patrieiumque
1152 3195 1216 3234 ac
1251 3179 1454 3234 deinde
1508 3181 1833 3254 magistrum
1891 3183 2122 3238 creavit.

552 3267 692 3326 Tum
721 3285 856 3324 vero
886 3270 942 3325 in
967 3271 1340 3341 suspicionem
1387 3272 1690 3328 adductum
1711 3275 1861 3330 velut
1898 3276 1990 3345 qui
2028 3275 2128 3329 im~

549 3362 764 3431 perium
800 3372 1196 3437 aucuparetur,
1239 3372 1533 3432 praetorem
1585 3365 1893 3436 ducemque
1928 3366 2129 3422 Sicilia:

550 3453 865 3507 institutum
898 3455 998 3508 abs
1031 3471 1090 3509 se
1121 3455 1418 3525 ablegavit.
1443 3456 1644 3534 Qualia
1703 3474 1835 3513 vero
1890 3462 2129 3528 parturit

552 3546 694 3598 livor
725 3548 737 3599 ί
774 3546 944 3601 Siculi
1005 3547 1229 3616 quidam
1292 3549 1579 3603 venientes
1607 3550 1816 3606 crimen
1847 3552 1922 3605 illi
1949 3555 2129 3607 inten-

553 3646 688 3696 tant.
717 3637 950 3706 prodere
1006 3654 1133 3692 eum
1187 3656 1310 3709 quae
1359 3639 1801 3697 Christianorum
1858 3645 2128 3700 exsistant

550 3727 836 3798 Agarenis,
871 3746 1070 3800 resque
1100 3748 1269 3786 novas
1299 3733 1565 3789 adversus
1598 3734 1983 3806 imperatorem
2013 3755 2129 3793 mo-

551 3821 664 3876 liri.
696 3821 843 3876 lnter
875 3822 992 3878 inec
1019 3835 1235 3878 mortua
1268 3823 1434 3880 Maria
1466 3825 1757 3896 Theophili
1810 3827 1940 3894 lilia,
1969 3839 2127 3899 pater

552 3913 703 3968 illius
727 3929 922 3968 urnam
947 3916 1223 3986 argenteis
1253 3917 1476 3972 laminis
1501 3919 1766 3984 contexit,
1792 3921 1860 3975 ad
1895 3937 2126 3992 eamque

550 4004 1002 4076 r-onfugientibus
1016 4007 1143 4061 dato
1161 4007 1460 4077 diplomate
1487 4009 1893 4066 immunitatem
1922 4015 2123 4069 sanxit.

551 4097 666 4156 lloc
705 4108 896 4168 postea
923 4107 1212 4169 argentum
1241 4099 1352 4159 Leo
1383 4100 1684 4172 imperator
1719 4103 1964 4158 sustulit.

620 4281 672 4336 9.
709 4281 866 4336 Anno
898 4283 1115 4353 imperii
1166 4294 1396 4354 quarto,
1451 4285 1802 4343 Theodorum
1848 4289 2124 4359 archiepi-

548 4389 774 4443 scopum
803 4383 1173 4445 cognomento
1196 4376 1354 4447 631
1384 4376 1722 4441 Crithinum,
1754 4389 1884 4434 tunc
1909 4381 1962 4434 in
1989 4381 2124 4435 urbe

548 4474 882 4530 versantem,
930 4461 1060 4521 cum'
1110 4467 1334 4524 Alexius
1374 4484 1472 4538 per
1529 4471 1860 4524 calumniam
1909 4472 2126 4526 delatus

2309 2909 2378 2971 η’.
2410 2900 2500 2965 Τῷ
2534 2901 2583 2970 γ’
2615 2899 2781 2954 αὑτοῦ
2813 2900 2946 2963 ἔτει,
2993 2901 3250 2966 ’Λλέξιον
3300 2901 3392 2952 τὸν
3452 2897 3718 2967 Ἀρμένιον,

2235 2991 2525 3060 ἐπώνυμον
2559 2991 2828 3056 Μουσελὲ,
2877 2991 2998 3044 λίαν
3049 2991 3318 3062 ἀνδρεῖον
3351 2991 3482 3043 ὄντα
3505 2989 3590 3042 καί
3643 2988 3786 3056 propa-

2233 3082 2350 3136 λέον
2381 3083 2763 3149 εἰσεποιήσατο
2785 3082 3033 3153 γαμϐρδν
3058 3083 3150 3147 εἰς
3182 3083 3413 3154 Μαρίαν
3445 3083 3539 3151 τὴν
3566 3076 3789 3147 θυγατέρα

2233 3173 2420 3235 αὐτοῦ,
2457 3175 2551 3226 καὶ
2580 3175 2871 3244 πατρίκιον
2899 3175 3198 3244 ἐποίησεν,
3253 3172 3376 3229 εἶτα
3399 3177 3492 3227 καὶ
3523 3173 3786 3243 μάγιστρονι

2246 3261 2574 3333 ’Υπολήψεις
2612 3264 2669 3317 δέ
2695 3281 2847 3327 τινας
2879 3265 2968 3316 ἐπ’
3018 3265 3188 3335 αὐτῷ
3244 3265 3396 3336 σχὼν
3421 3266 3497 3327 ὡς
3532 3258 3791 3333 ὀρεγομένῳ

2237 3355 2336 3424 τῆς
2361 3355 2657 3424 βασιλείας,
2693 3355 2998 3425 στρατηγὸν
3058 3360 3168 3410 καὶ
3202 3359 3383 3411 δοῦκα
3414 3355 3645 3420 Σικελίας
3679 3349 3786 3416 πέμ·

2233 3463 2342 3499 πει.
2364 3440 2464 3499 Οἷα
2491 3445 2548 3498 δὲ
2583 3448 2610 3498 ὁ
2641 3447 2833 3514 φθόνος
2857 3447 3061 3508 ὼδίνει,
3089 3449 3331 3502 Σικελοί
3367 3466 3512 3510 τινες
3537 3443 3794 3499 ἀνελθόντες

2230 3538 2475 3591 διέϐαλον
2510 3538 2698 3592 τοῦτον
2747 3539 2826 3608 τῷ
2874 3539 3120 3610 βασιλεῖ,
3152 3542 3235 3604 ὡς
3293 3562 3312 3592 σ
3349 3541 3432 3594 Τὰ
3466 3540 3561 3610 μὲν
3585 3535 3678 3587 τῶν
3701 3532 3793 3602 Χρι-

2233 3622 2464 3684 ἅτιανῶν
2535 3633 2856 3702 Ἀγαρηνοῖς
2905 3632 3248 3702 προδίδωσι,
3285 3633 3434 3686 κατὰ
3481 3631 3536 3684 δὲ
3568 3629 3658 3697 τῆς
3684 3624 3797 3693 βασιο

2231 3721 2379 3784 ὶείας
2415 3739 2506 3774 σου
2534 3722 2756 3792 μελετᾷ.
2795 3741 2813 3773 ι
2871 3723 2959 3776 Ἐν
2984 3721 3040 3774 δὲ
3067 3723 3160 3792 τῷ
3198 3723 3416 3793 μεταξὺ
3453 3721 3550 3789 τῆς
3582 3710 3796 3783 θυγατρὸς

2229 3812 2323 3865 τοῦ
2378 3812 2642 3884 βασιλέως
2687 3813 2905 3883 Μαρίας
2955 3815 3338 3884 τεθνηκυίας,
3377 3815 3407 3866 ὁ
3462 3811 3693 3884 βασιλεὺς
3727 3802 3798 3872 τὴν

2232 3905 2479 3976 λάρνακα
2523 3908 2727 3978 ταύτης
2754 3908 2812 3973 ἐξ
2859 3907 3114 3978 ἀργύρου
3172 3909 3508 3978 ἐκόσμησε,
3550 3904 3638 3956 καὶ
3674 3899 3796 3966 τόμον

2231 3994 2545 4065 ἐλευθερίας
2572 4000 2681 4059 τοῖς
2703 3999 2762 4049 ἐν
2794 3998 2946 4068 αὑτῷ
2980 4000 3432 4070 προσφεύγουσι
3459 3998 3687 4052 τέθεικεν
3707 4008 3716 4020 '
3736 3990 3797 4043 ὃν·

2233 4104 2339 4158 περ
2397 4089 2638 4158 ἄργυρον
2675 4088 2828 4141 Λέων
2873 4091 2901 4142 ὀ
2939 4088 3217 4158 βασιλεὺς
3283 4092 3434 4162 μετά
3485 4088 3652 4142 ταῦτα
3693 4079 3797 4135 ἀνεί-

2230 4180 2374 4233 λετο.

2310 4272 2372 4326 θ’.
2408 4271 2497 4341 Τῷ
2529 4272 2568 4322 δ’
2597 4271 2746 4342 αὐτῷ
2795 4271 2903 4325 ἔτει
2959 4271 3258 4343 Θεόδωρον
3293 4275 3391 4328 τὸν
3427 4273 3798 4346 ἀρχιεπίσκοπῦν

2229 4364 2320 4418 τὸν
2347 4364 2638 4433 λεγόμενον
2676 4364 2954 4432 Κρίθινον,
3011 4366 3071 4416 ἐν
3100 4365 3189 4435 τῷ
3251 4366 3448 4437 καιρῷ
3477 4366 3578 4435 τῆς
3605 4354 3798 4418 (inﬁdi-.4

2242 4458 2476 4522 Ἀλεξίου
2510 4459 2566 4510 ἐν
2591 4461 2654 4528 τῇ
2683 4457 2834 4510 πόλει
2855 4457 3006 4519 ὄντα,
3036 4457 3280 4512 δίδωσιν
3304 4463 3332 4512 ὁ
3359 4460 3623 4530 ’βασιλεὺς
3642 4457 3690 4506 τὸ
3714 4452 3800 4502 ἴδιον

546 4557 652 4611 est,
689 4550 1043 4614 accersitum,
1083 4551 1391 4621 traditaque
1429 4552 1478 4607 ei
1509 4569 1675 4608 cruce
1701 4570 1797 4608 sua
1831 4555 2120 4623 pectorali,

2234 4552 2524 4622 φυλακτὸν,
2554 4550 2649 4603 καὶ
2678 4551 2997 4603 ἀποστέλλει
3024 4553 3111 4615 εἰς
3173 4553 3452 4607 Σικελίαν
3498 4551 3670 4606 δοῦναι
3691 4545 3801 4609 λὸτῦν

547 4635 889 4710 Theophith
941 4641 994 4696 in
1045 4642 1288 4698 Siciliam
1347 4644 1534 4706 mittit.
1584 4648 1898 4702 securitatis
1958 4648 2119 4702 fidem

545 4731 738 4788 Alexio
761 4735 1135 4803 prtestiturum
1164 4735 1231 4790 ad
1253 4751 1421 4805 seque
1448 4739 2123 4810 revocaturum.Cumque

547 4825 813 4889 venisset,
852 4825 1154 4897 imperator
1191 4836 1452 4898 tanquam
1494 4830 1755 4886 rebellem
1797 4831 1992 4886 durius
2016 4848 2121 4886 ca:-

547 4912 648 4980 dit,
686 4916 917 4986 ejusque
948 4916 1110 4971 bonis
1133 4919 1394 4974 omnibus
1417 4920 1712 4989 publicatis
1750 4923 1806 4977 in
1841 4938 2120 4978 carcerem

545 5005 738 5061 tradit.
769 5005 1096 5062 Theodorus
1124 5009 1216 5063 ubi
1244 5010 1488 5074 rescivit,
1521 5028 1634 5066 rem
1659 5015 1944 5084 aegerrime
1977 5015 2120 5070 tulit.

544 5101 622 5156 Ac
645 5099 800 5154 brevi
845 5107 972 5169 post
1004 5100 1338 5170 imperatore
1368 5101 1435 5156 ad
1474 5102 1806 5158 Blaehernas
1850 5105 2120 5175 profecto,

543 5193 664 5264 ejus
719 5192 810 5248 ille
864 5190 968 5246 iter
1024 5192 1343 5262 occupavit,
1397 5208 1462 5248 ac
1505 5194 1829 5249 sacerdotali
1896 5197 2124 5252 indutus

545 5289 684 5341 stola
735 5295 862 5341 ante
892 5287 1062 5342 altare
1093 5287 1264 5341 stetit.
1305 5286 1534 5355 Jamque
1571 5286 1636 5340 ad
1690 5289 1894 5343 soleam
1951 5306 2124 5358 prope

545 5378 744 5446 posito,
789 5393 985 5450 magna
1042 5395 1178 5435 voce
1219 5380 1513 5436 clamavit:
1580 5381 1822 5446 Intende,
1882 5400 2128 5454 prospere

547 5475 766 5535 procede
793 5481 842 5527 et
866 5491 1030 5544 regna
1056 5493 1072 5529 :
1095 5492 1369 5544 quorsum,
1417 5491 1541 5546 rogo
1579 5483 1646 5542 te,
1683 5494 1712 5528 ο
1744 5479 2032 5546 imperator
2058 5488 2082 5512 "
2107 5479 2128 5530 ?

547 5561 642 5618 ille
668 5572 919 5619 senatum
969 5583 1156 5622 coram
1215 5579 1541 5637 prmsentcm
1584 5570 1875 5635 reveritus,
1902 5570 2125 5640 Propter

618 5753 652 5788 τ’
684 5732 832 5788 Psal.
873 5754 1019 5797 xuv,
1049 5740 1102 5792 5.

2229 4647 2497 4710 ἀπαθείας
2555 4645 2774 4714 Ἀλεξίῳ
2809 4645 2902 4697 καὶ
2950 4646 3199 4712 ἀγαγεῖν
3253 4649 3404 4716 πρὸς
3450 4647 3634 4700 αὐτόν·
3672 4633 3802 4692 amt

2229 4743 2451 4795 ἐλθόντα
2480 4742 2508 4793 ό
2534 4739 2786 4810 βασιλεὺς
2811 4737 2888 4800 ὡς
2912 4737 3208 4808 ἀντὰρτην
3243 4740 3440 4809 τύψας
3473 4740 3622 4793 ἔθετο
3648 4735 3710 4794 εἰς
3735 4743 3801 4794 φ’

2228 4835 2422 4904 λακὴν,
2453 4833 2522 4886 τὰ
2548 4831 2712 4886 αὑτοῦ
2745 4831 2919 4884 πάντα
2941 4830 3273 4900 δημεύσας.
3317 4834 3606 4904 Θεόδωρος
3631 4828 3707 4881 οὖν
3729 4839 3806 4874 τω-

2228 4943 2288 4978 το
2309 4923 2464 4987 εἰδὼς
2497 4923 2730 4995 ἧσχαλλε
2764 4922 2856 4974 καὶ
2885 4921 3191 4992 ἐδυσφόρει
3221 4939 3238 4954 ⁸
3270 4925 3376 4978 καὶ
3411 4922 3532 4995 μετ’
3573 4919 3727 4985 ὀλίγον
3744 4905 3808 4961 τοῦ

2234 5021 2498 5092 βασιλέως
2526 5022 2582 5073 ὲν
2613 5019 2945 5090 Βλαχέρναις
2977 5018 3348 5082 ἀπελθόντος
3409 5017 3691 5093 προλαϐὼν
3717 5011 3810 5069 Emi

2232 5113 2541 5185 ἔμπροσθεν
2573 5111 2668 5165 τοῦ
2697 5110 3116 5181 θυσιαστηρίου,
3178 5113 3294 5183 τὴν
3354 5112 3644 5185 ἱερατικὴν
3669 5097 3813 5166 στολὴν

2231 5205 2598 5275 ἐνδεδυμένος,
2632 5205 2726 5258 καὶ
2759 5202 2850 5256 τοῦ
2884 5201 3168 5270 βασιλέως
3193 5209 3267 5275 τῇ
3303 5207 3497 5276 σωλέᾳ
3534 5198 3814 5272 πλησιάσαν·

2232 5316 2321 5360 τος
2378 5297 2538 5358 αὐτὸς
2593 5298 2742 5367 φωνῇ
2787 5293 2998 5365 μεγάλῃ
3059 5294 3361 5367 essm“.
3435 5277 3814 5350 'Ews,,-g,mi

2234 5390 2580 5452 κατευοδοῦ,
2607 5389 2704 5444 καί
2725 5389 3052 5452 βασίλευεο
3106 5387 3354 5444 ἕνεκεν
3390 5392 3580 5456 τίνος.
3609 5381 3654 5440 ὦ
3687 5383 3802 5446 ﬁat"

2234 5483 2384 5548 .1617;
2419 5482 2691 5544 Λίδεσθεὶς
2738 5479 2828 5532 οὖν
2861 5480 2888 5530 ὁ
2927 5477 3205 5547 βασιλεὺς
3245 5485 3359 5552 τὴν
3395 5482 3695 5549 σύγκλητον
3716 5475 3821 5536 ἔφη’

2236 5577 2487 5630 ’Ὲνεκεν
2513 5573 2794 5642 (λίηθειάς
2839 5571 2935 5624 καὶ
2965 5572 3339 5642 πραότητος
3382 5573 3624 5647 [p.419]
3654 5566 3738 5623 xui
3761 5561 3830 5616 διο
