3962 6200
263 345 344 407 693

1217 341 1228 350 “
1315 339 1686 400 ANNALES.
1727 337 2330 399 —THEOPHILUS.

3353 351 3460 412 GM

262 457 563 523 ιισιοσύνης.
612 455 669 506 '0
696 454 775 518 δὲ,
811 452 915 507 Καὶ
945 455 1085 508 ποία
1132 453 1490 521 δικαιοσύνη
1531 455 1600 506 ἐν
1646 452 1777 516 σοὶ,

1902 452 2177 534 irritatam,
2228 452 2422 520 inquit,
2459 463 2507 507 et
2566 459 3018 512 mansuetudinem
3081 471 3128 514 et
3170 439 3458 530 justitiam.

206 581 214 617 ς
262 550 330 603 ὅτι
362 547 489 613 δοὺς
531 545 954 614 ἐνυπόπιοαερον
994 547 1182 613 λόγον
1228 546 1475 609 Ἀλεξίῳ
1527 544 1601 597 δι’
1640 543 1786 612 ἐμοῦ

261 644 346 694 οὐκ
383 639 676 708 ἐφύλαξα(
727 637 985 701 τοῦτον;
1026 638 1083 691 Ὀ
1135 638 1192 691 δὲ
1219 637 1470 708 βασιλεὺς
1512 636 1668 707 θυμῷ
1694 636 1788 690 καί⁸

225 747 238 796 έ
261 735 364 802 ὀργῇ
385 730 726 800 άκατασχέτῳ
779 729 1021 797 κινηθεὶς
1047 729 1245 783 ’τοῦτον
1273 729 1366 782 τοῦ
1397 727 1786 798 θυσιαστηρίου

263 825 408 894 βιαίως
438 823 670 893 ἐξήγαγε
725 822 817 876 no.1
840 823 1050 892 πληγὰς
1085 824 1146 876 οὐ
1180 823 1408 892 μετρίας
1442 823 1649 883 ἐπιθεὶς
1702 822 1787 887 ἐξ-

220 893 436 996 )ώρισεν.
459 915 516 968 οὐ
539 915 627 968 διὰ
671 918 732 967 τδ
760 915 1084 984 ἐλεγχθῆναι
1117 914 1207 968 ὑπ’
1239 913 1403 968 αὐτοῦ
1455 915 1634 982 μόνον,
1672 912 1786 966 ἀλλ’

261 1009 326 1061 ὅτι
351 1007 428 1059 καὶ
480 1005 679 1074 ἔμαθεν
736 1006 902 1059 αὐτὸν
936 1005 1112 1059 σέϐειν
1148 1006 1242 1059 καὶ
1299 1007 1464 1076 τιμᾷν
1493 1005 1590 1068 τὰς
1630 1005 1786 1072 ἁγίας

262 1098 433 1161 εἰκόνας
460 1099 553 1151 καὶ
600 1099 698 1168 τὴν
746 1099 912 1152 αὑτοῦ
951 1098 1268 1153 δυσσέϐειαν
1296 1099 1621 1153 διαϐάλλειν.
1653 1098 1786 1150 Μετ’

259 1192 308 1244 οὗ
335 1190 444 1243 πολὺ
472 1190 527 1243 ὀὶ
559 1191 618 1243 δν
656 1195 721 1262 τῇ
758 1191 986 1265 Μεγάλῃ
1037 1190 1302 1262 ἐκκλησία
1341 1190 1785 1262 παραγενομένου

260 1283 334 1338 καὶ
372 1281 454 1336 τοῦ
483 1282 820 1352 πατριάρχου
853 1283 1015 1335 αὐτὸν
1053 1283 1430 1345 ὀνειδίσαντος,
1483 1283 1659 1352 ἤγαγε
1696 1281 1786 1334 τὸν

258 1373 641 1442 ἀρχιιπίσκοπον
697 1375 832 1442 μετὰ
872 1373 1290 1444 παρακλήσεως.
1351 1374 1455 1426 Τοῦ
1485 1373 1538 1426 δὲ
1570 1372 1786 1437 ἀνάξιον

257 1466 410 1520 ἑαυτὸν
435 1465 500 1519 δι’
522 1465 558 1520 ἃ
583 1465 816 1520 πέπονθε
847 1467 945 1534 τῆς
977 1468 1274 1535 ἱερωσύνης
1312 1465 1612 1536 κρίναντος.
1638 1468 1665 1518 ὀ
1692 1465 1786 1535 βα-

257 1555 401 1619 σιλεὺς
454 1558 732 1627 οἰκονόμον
764 1557 924 1610 αὑτὸν
963 1558 1060 1626 τῆς
1087 1557 1343 1628 Μεγάλης
1372 1558 1662 1626 ἐκκλησίας
1694 1575 1790 1610 πει,

256 1649 463 1717 minus.
516 1650 628 1702 Καὶ
691 1650 926 1714 Ἀλέξιον
976 1651 1070 1703 τοῦ
1130 1648 1500 1719 δεσμωτηρίου
1542 1648 1786 1701 ἐκϐαλὼν

251 1740 496 1794 ἀπέδωκεν
535 1743 716 1795 πᾶσαν
745 1742 908 1795 αὐτοῦ
940 1743 1038 1812 τὴν
1069 1741 1302 1812 ὓπαρξιν
1329 1744 1421 1796 καὶ
1450 1744 1505 1795 ἐν
1541 1745 1671 1811 τιμῇ
1705 1738 1780 1794 εἷ-

247 1850 344 1900 χεν.
379 1831 428 1885 ’0
453 1832 509 1886 δὲ
534 1835 833 1904 ἀποκαρεὶς
859 1835 956 1904 τὴν
997 1835 1282 1903 Ἀνθεμίου
1313 1835 1476 1905 μονὴν
1504 1834 1785 1905 ᾠκοδόμη-

249 1940 346 1990 σεν,
371 1924 456 1978 καὶ
483 1927 538 1978 ιν
563 1925 697 1979 αὑτῦ
723 1923 1030 1990 τελειωθεὶς
1063 1927 1236 1997 ἐτάφη
1273 1929 1452 1992 ὀσίως.

305 2192 355 2248 ι’.
378 2193 462 2265 Τῷ
487 2191 526 2247 ε’
555 2195 718 2248 αὐτοῦ
749 2195 859 2248 ἔτει
894 2198 923 2250 ὀ
951 2196 1378 2266 ὀνομαστότατος
1411 2199 1552 2269 πάσῃ
1562 2218 1588 2261 ς
1638 2201 1788 2254 Ἀνα-

236 2286 384 2355 τολῆς
433 2287 738 2355 στρατηγὸς
771 2289 1026 2358 Μανουὴλ
1065 2291 1316 2359 μεγάλως
1367 2287 1434 2360 ἦν
1483 2291 1791 2362 τιμώμενος

235 2376 376 2448 παρὰ
407 2376 483 2447 τῷ
507 2377 736 2446 βασιλεῖ,
772 2379 864 2432 καί
897 2397 1027 2434 ποτε
1060 2383 1200 2450 μετά
1229 2382 1492 2451 Μύρωνος
1509 2369 1608 2437 ’τοῦ
1642 2387 1793 2452 λογο-

236 2468 377 2522 θέτου
401 2467 493 2521 τοῦ
522 2467 720 2540 δρόμου
748 2470 841 2522 καὶ
871 2469 1132 2542 πενθεροῦ
1169 2473 1260 2538 τοῦ
1299 2475 1552 2542 Πετρωνᾶ
1583 2477 1792 2543 συμϐα-

236 2555 332 2610 λὼν
361 2557 551 2625 λόγους
577 2558 731 2621 τινάς
755 2558 1008 2630 διεϐλήθη
1034 2559 1112 2630 τῷ
1139 2560 1348 2630 βασιλεῖ
1395 2563 1470 2626 ὡς
1508 2565 1606 2634 τῆς
1639 2565 1793 2633 βασι-

238 2650 375 2712 ista;
414 2649 700 2719 ὀρέγεται,
737 2650 830 2704 καὶ
885 2651 1177 2720 ὲμελετᾶτο
1231 2652 1376 2707 δεινᾶ
1436 2652 1789 2712 κατ’ἀύτοῦ.

230 2739 377 2794 Λέων
401 2739 459 2792 δὲ
489 2739 518 2791 ὁ
543 2739 1043 2810 πρωτοϐεστιάριος
1071 2741 1166 2796 τοῦ
1196 2744 1450 2814 Μανουὴλ
1493 2747 1792 2816 φροντίζων

211 2832 315 2893 ¹καὶ
345 2830 736 2900 προϊστάμενος
777 2830 1144 2886 διεϐεϐαιοῦτο
1171 2832 1249 2903 τῷ
1281 2833 1488 2902 βασιλεῖ
1519 2835 1591 2899 ὡς
1623 2836 1792 2907 ψευδῆ

221 2922 332 2973 τίσι
362 2920 427 2973 τὶ
458 2920 576 2974 κατ’
600 2919 764 2974 αὑτοῦ
796 2919 1083 2988 λεγόμενα.
1112 2923 1179 2976 Ἀ
1207 2922 1392 2989 μαθὼν
1419 2925 1670 2993 Μανουὴλ
1701 2927 1793 2978 καὶ

218 3012 322 3081 τὴν
348 3011 518 3081 ὀργὴν
543 3010 638 3065 τοῦ
675 3010 942 3081 βασιλέως
969 3013 1232 3066 ἐκκλίνων
1261 3015 1352 3068 καὶ
1386 3017 1482 3080 τὰς
1519 3017 1790 3082 διαϐολὰς,

1894 542 2031 596 Tum
2098 543 2422 599 Theodorus
2467 563 2482 598 ι
2534 546 2858 618 Εεοιιιτιιαιιι
2917 559 3008 603 tua
3068 552 3273 619 iustitia
3308 595 3322 618 ,
3378 557 3469 623 qui

1892 650 1985 703 per
2012 649 2091 686 me
2112 632 2493 705 subscriptione
2521 645 2613 691 tua
2649 637 2921 706 ﬁrmatam
2956 641 3116 708 ﬁdem
3157 642 3342 697 Alexio
3374 645 3466 698 tte-

1890 723 2050 786 deris,
2115 739 2207 776 nec
2254 739 2371 777 eam
2418 727 2750 781 servaveris?
2810 729 2906 784 His
2944 729 3240 798 imperator
3294 733 3467 801 impo-

1892 813 2027 868 tenti
2061 814 2138 868 ira
2168 813 2467 886 furoreque
2488 819 2740 874 concitus
2771 821 2838 874 ab
2861 821 3019 874 altari
3041 822 3313 878 violenter
3341 823 3471 877 abs-

1891 915 2128 960 tractum
2161 907 2441 962 hominem
2467 910 2798 980 graviusque
2844 913 3172 968 verberibus
3212 913 3467 968 affectum

1891 996 1944 1050 in
1973 997 2226 1052 exsilium
2259 998 2489 1068 expulit.
2517 999 2630 1054 Nec
2662 1015 2729 1054 eo
2755 1001 3020 1056 duntaxat
3043 1004 3289 1068 nomine,
3321 1003 3467 1073 quod

1892 1092 1935 1146 is
1963 1107 2088 1146 cum
2113 1092 2582 1161 reprehendisset,
2613 1097 2706 1151 sed
2743 1098 2888 1166 quod
2915 1099 3079 1152 etiam
3119 1100 3299 1155 colere
3342 1117 3470 1156 eum

1890 1199 1953 1238 ac
1983 1185 2234 1238 venerari
2283 1201 2466 1240 sacras
2533 1186 2804 1258 imagines
2850 1189 3080 1258 ejusque
3133 1190 3468 1260 impietatem

1889 1274 2204 1344 vituperare
2233 1275 2497 1334 audisset.
2529 1279 2647 1334 Non
2691 1281 2863 1336 multo
2900 1294 3385 1352 postautcm,cum
3413 1287 3470 1340 in

1892 1363 2140 1434 Magnam
2178 1365 2480 1422 Ecclesium
2507 1370 2748 1424 venienti
2785 1372 3090 1440 patriarcha
3127 1389 3238 1428 rem
3269 1374 3470 1443 probro

1889 1457 2202 1525 obiecisset,
2232 1459 2706 1531 archiepiscopum
2743 1478 2867 1516 cum
2909 1464 3286 1519 obsecratione
3311 1465 3473 1520 redu-

1890 1548 2105 1604 xit.’lllo
2132 1558 2312 1604 autem
2346 1551 2633 1622 indignum
2668 1569 2726 1608 se
2753 1555 3064 1609 sacerdotio
3097 1559 3471 1612 conclamante

1891 1641 1959 1694 ob
1991 1657 2110 1694 cam
2139 1657 2247 1711 qua
2281 1642 2462 1696 fuerat
2485 1643 2723 1698 violatus
2747 1644 3024 1714 injuriam,
3051 1646 3471 1715 imperatu-Ma-

1889 1746 2006 1800 gnae
2051 1731 2308 1787 Ecclesia:
2349 1747 2694 1788 oeconomum
2723 1733 2872 1789 fecit.
2904 1736 3092 1800 Alexio
3123 1753 3253 1792 vero
3293 1755 3322 1792 e
3348 1755 3472 1794 car-
3503 1737 3510 1742 ’

1889 1837 2016 1877 cere
2041 1822 2241 1878 educto
2271 1823 2633 1879 substantiam
2664 1840 2883 1880 omnem
2920 1827 3181 1891 restituit,
3205 1843 3270 1884 ac
3292 1829 3468 1882 virum

1888 1913 2049 1984 632
2086 1915 2276 1969 coluit.
2309 1915 2514 1970 Verum
2566 1916 2656 1970 ille
2694 1916 2871 1986 posita
2928 1919 3148 1973 ca‘sarie
3190 1921 3468 1975 Anthemii

1892 2007 2292 2059 monasterium
2349 2005 2640 2070 condidit,
2699 2008 2865 2078 inque
2924 2007 3018 2062 illo
3073 2009 3216 2066 diem
3275 2012 3472 2066 obiens

1891 2097 2064 2151 sancti
2100 2098 2381 2166 sepultura
2413 2100 2591 2156 elatus
2622 2099 2744 2156 fuit.

1962 2189 2046 2244 10.
2075 2188 2279 2256 Quinto
2312 2193 2429 2262 ejus
2456 2193 2671 2263 imperii
2708 2212 2856 2254 anno
2883 2201 3050 2254 totius
3091 2197 3336 2254 Orientis
3363 2196 3469 2250 du~

1891 2297 2016 2335 eum
2077 2283 2556 2338 nominatissimus
2599 2285 2811 2341 Manuel
2865 2305 3060 2358 magno
3111 2289 3164 2342 in
3216 2287 3395 2356 pretio
3439 2301 3470 2340 a

1901 2370 2212 2441 Theophila
2239 2373 2570 2428 habebatur.
2620 2377 2670 2430 ls
2711 2379 3040 2447 quandoque
3074 2393 3199 2432 eum
3249 2377 3472 2447 Myrone

1894 2463 2071 2517 dromi
2099 2463 2378 2533 logotheta
2409 2481 2472 2520 ac
2499 2467 2749 2522 Petronze
2781 2483 2974 2523 socero
3004 2467 3251 2538 qumdam
3299 2467 3469 2520 collo-

1895 2561 2059 2608 cutus
2083 2553 2227 2621 apud
2255 2555 2646 2625 imperatorem
2691 2557 2909 2612 delatus
2956 2568 3060 2619 est,
3108 2557 3263 2628 quasi
3297 2558 3470 2626 impe-

1892 2643 2035 2697 rium
2068 2643 2353 2698 atl‘ectaret
2407 2655 2464 2700 et
2518 2646 2641 2702 dira
2673 2649 2940 2704 adversus
2971 2666 3097 2704 eum
3160 2649 3468 2702 moliretur.

1893 2734 2098 2790 Contra
2135 2750 2269 2790 vero
2304 2735 2415 2791 Leo
2443 2740 2900 2808 protovestiarius
2947 2741 3013 2796 de
3062 2739 3324 2795 Manuelis
3383 2755 3472 2795 sa-

1893 2824 2007 2878 lute
2028 2824 2318 2890 sollicitus,
2339 2826 2602 2896 illumque
2621 2827 2942 2894 defendens,
2968 2831 3102 2886 falso
3133 2831 3247 2886 huc
3273 2832 3326 2885 in
3346 2848 3473 2887 eum

1889 2916 2080 2986 jactari
2117 2917 2261 2972 serio
2287 2917 2606 2975 atlirmabat.
2643 2919 2856 2976 Manuel
2895 2922 2988 2976 ubi
3025 2923 3140 2977 haec
3183 2924 3471 2993 comperit.

1896 3007 2144 3078 iramque
2176 3009 2526 3079 imperatoris
2557 3013 2863 3076 declinans,
2909 3030 2972 3068 ac
3003 3015 3210 3084 quibus
3251 3015 3474 3085 peteba-

217 3099 398 3172 λάθρα
427 3101 528 3169 τῆς
576 3101 784 3164 πόλεως
827 3101 1059 3166 ἐξελθὼν
1094 3104 1254 3174 μέχρι
1311 3107 1502 3160 Πυλῶν
1547 3110 1642 3162 καὶ
1680 3112 1793 3173 τοῖς

1902 3107 1991 3152 tur
2035 3099 2339 3156 calumnias
2386 3101 2646 3172 fugitans,
2697 3105 2838 3158 clam
2902 3106 3036 3160 urbe
3104 3106 3259 3177 Pylas
3304 3122 3476 3174 usque

212 3189 438 3260 δημίοις
465 3193 735 3261 ὀχήμασιν
782 3192 974 3256 ἐπιϐὰς
1025 3192 1234 3263 ἀπῆλθε
1273 3195 1449 3263 φυγὰς
1497 3199 1660 3266 μέχρι
1692 3195 1798 3248 τῶν

214 3281 555 3353 κλεισουρῶν
584 3283 912 3354 Συρίας,τάς
947 3283 1054 3336 τῶν
1078 3284 1258 3339 ἵππων
1285 3285 1466 3354 ἰγνύας
1498 3288 1794 3342 ἐκκόπτων.

225 3373 505 3440 Ἐδήλωσε
536 3371 594 3425 δὲ
616 3375 726 3437 τοῖς
755 3371 839 3445 [Ρ.
871 3373 997 3446 ιεο]
1025 3375 1362 3446 Ἀγαρηνοτς,
1393 3376 1468 3437 ὡς
1497 3378 1800 3444 Βασιλέως

210 3465 414 3534 ὁρτὴν
431 3466 632 3535 φεύγω
649 3481 664 3498 °
691 3467 788 3520 καὶ
814 3468 871 3521 εἴ
896 3467 1058 3537 γεμὴ
1082 3468 1661 3538 καταναγκὰσητέμε
1688 3470 1802 3537 τὴν

206 3558 434 3612 πίστιν
456 3573 574 3625 μου
598 3559 966 3624 καταλιπεῖν,
995 3561 1353 3629 προσφεύγω
1383 3562 1540 3630 ὑμῖν.
1567 3564 1634 3615 Et
1650 3562 1800 3615 οὕτω

204 3646 313 3701 καὶ
346 3646 451 3699 ἐπὶ
477 3647 709 3712 τούτοις
738 3648 1150 3718 προσδέχεσθέ
1183 3668 1277 3719 με,
1299 3653 1487 3720 λόγον
1515 3652 1800 3718 ἀπειθείας

202 3753 311 3805 μοι
335 3737 765 3796 duco-tellure.
804 3740 866 3791 Οί
886 3738 940 3792 δὲ
971 3739 1111 3809 μετὰ
1137 3743 1310 3811 χαρᾶς
1341 3741 1497 3809 λόγον
1543 3744 1801 3795 ἀποστεί-

208 3830 418 3893 λαντες
460 3831 853 3901 προσεδέξαντο
900 3833 976 3896 ὡς
1009 3833 1230 3903 βασιλέα
1270 3834 1577 3904 Ῥωμαίων.
1632 3835 1802 3890 Τοῦτο

206 3920 474 3983 ἀκούσας
502 3924 530 3974 ὀ
557 3921 808 3990 βασιλεὺς
834 3923 892 3974 ὲν
918 3925 1084 3995 πολλῇ
1125 3924 1300 3992 θλίψει
1353 3926 1445 3978 καὶ
1476 3925 1684 3996 ἀθυμίᾳ
1711 3928 1801 3995 γέ.

203 4029 368 4081 γονε,
399 4013 498 4066 καὶ
528 4013 721 4084 βουλὴν
743 4013 1050 4084 βουλεύεται
1082 4017 1174 4068 καὶ
1197 4018 1430 4068 ποιεῖται
1465 4018 1602 4086 μετὰ
1631 4018 1802 4071 Ἰωάν-

201 4122 304 4158 νου
343 4106 648 4173 συγκέλλου
681 4109 807 4174 περὶ
831 4107 1040 4161 τούτου.
1096 4109 1153 4160 '0
1189 4108 1244 4161 δὲ
1271 4103 1422 4160 εἶπεν
1446 4125 1460 4139 °
1492 4112 1558 4162 El
1588 4110 1802 4176 προϐύ-

196 4217 338 4266 μως
355 4199 584 4263 ,βούλει
631 4199 734 4253 τὸν
769 4200 1062 4266 Μανουὶιλ
1095 4202 1243 4268 πρὸς
1273 4199 1346 4254 σὲ
1371 4200 1588 4264 ἐλθεῖν,
1618 4196 1665 4254 ὦ
1687 4201 1801 4263 ,βα-

198 4287 423 4352 σιλεῦ,
457 4287 644 4354 αὐτὸς
688 4287 802 4358 ἐγὼ
827 4289 1062 4357 ἕτοιμος
1083 4289 1258 4342 τοῦτο
1286 4291 1498 4344 ποιεῖν.
1524 4290 1804 4358 Χρήματα

195 4379 429 4434 λαϐὼν
461 4380 559 4433 καί
586 4380 733 4448 πρὸς
765 4381 871 4434 τὸν
899 4381 1352 4450 Ἀμερμουμνῆν
1378 4381 1642 4447 σταλείς,
1663 4381 1803 4447 τοὺς

1899 3200 2172 3254 egressus.
2204 3189 2548 3258 publicisque
2586 3193 2907 3248 conscensis
2947 3193 3223 3257 curribus,
3259 3195 3326 3249 ad
3371 3195 3471 3267 Sy-

1903 3277 1998 3331 ria:
2030 3294 2205 3347 usque
2226 3280 2480 3336 elusuras
2510 3283 2711 3337 excisis
2733 3299 3004 3352 equorum
3034 3287 3335 3356 poplitibus
3375 3304 3477 3344 au-

1901 3366 2070 3436 fugit;
2103 3368 2540 3440 signiﬁcavitque
2573 3371 2862 3444 Agarenis,
2901 3391 2956 3428 se
2981 3378 3319 3446 imperatoris
3337 3379 3477 3434 iram

1900 3458 2099 3528 fugere,
2137 3477 2199 3513 ac
2222 3463 2322 3514 nisi
2358 3461 2517 3529 [idem
2538 3463 2778 3517 deserere
2827 3473 3038 3534 cogant,
3075 3465 3146 3519 ad
3169 3481 3254 3520 eos
3275 3481 3332 3520 se
3352 3483 3476 3529 pro-

1901 3552 2080 3621 fagum
2120 3555 2369 3608 transire.
2401 3553 2553 3619 Quod
2583 3556 2630 3608 si
2659 3557 2735 3609 ita
2769 3558 2950 3626 hisque
2983 3560 3360 3612 conditionibus
3383 3576 3475 3614 ac-

1900 3644 2120 3713 cipiant,
2150 3645 2308 3713 ﬁdem
2337 3648 2385 3700 ei
2423 3648 2719 3702 securitatis
2741 3650 2976 3702 mittant.
3031 3649 3112 3704 Illi
3144 3651 3340 3705 nuntio
3387 3667 3476 3706 re-

1902 3739 2071 3789 creati
2095 3751 2159 3792 ac
2195 3737 2324 3800 laati,
2357 3753 2420 3792 ea
2447 3740 2648 3794 fretum
2683 3739 2818 3792 nihil
2856 3740 3054 3810 impari
3088 3755 3152 3795 ac
3183 3742 3480 3812 imperato-

1904 3843 2018 3882 rem
2049 3830 2356 3883 ltomanum
2389 3831 2538 3884 cultu
2570 3839 2952 3900 susceperunt.
2981 3832 3040 3885 ld
3072 3832 3165 3886 ubi
3199 3832 3479 3904 Theophi-

1903 3916 1989 3971 lus
2036 3918 2266 3983 audivit,
2320 3921 2526 3988 ingenti
2580 3935 2818 3975 mmrore
2865 3924 3175 3993 mentisque
3230 3927 3480 3994 angustia

1904 4008 2166 4062 concidit.
2202 4008 2510 4078 llaliitoque
2538 4026 2662 4064 cum
2692 4011 2902 4067 Joanne
2948 4013 3201 4084 Syncello
3248 4016 3480 4071 consitio

1905 4097 1982 4151 ait
2005 4097 2095 4152 ille
2129 4117 2142 4152 :
2182 4097 2238 4153 Si
2276 4111 2398 4152 vere
2431 4116 2493 4152 ex
2537 4102 2715 4154 animo
2759 4101 3056 4156 Manuctem
3099 4105 3168 4157 ad
3205 4112 3254 4156 te
3295 4109 3482 4161 reverti

1904 4190 2069 4258 cupis,
2092 4206 2121 4243 ο
2151 4191 2460 4260 imperator,
2497 4191 2551 4245 id
2581 4192 2674 4245 tibi
2712 4201 2769 4245 ut
2796 4201 3060 4262 prastem,
3113 4196 3244 4249 mihi
3299 4209 3480 4266 prom-

1907 4291 2051 4349 ptum
2099 4292 2194 4335 est.
2236 4281 2470 4352 Acceptis
2516 4301 2743 4354 namque
2775 4287 3008 4354 pecuniis
3059 4295 3378 4358 arreptoque
3413 4291 3482 4343 ad

1906 4373 2331 4426 Amermumnem
2367 4375 2573 4438 itinere,
2617 4376 2772 4445 quasi
2813 4391 2897 4428 eos
2936 4376 3025 4446 qui
3077 4379 3130 4429 in
3163 4393 3371 4431 carcere
3421 4395 3482 4432 ac

195 4472 275 4522 ἐν
311 4470 593 4539 εἱρκταῖς
636 4470 820 4540 δῆθεν
879 4472 1359 4539 ἐπισκεψόμενος
1391 4472 1488 4524 καί
1538 4471 1797 4539 δεσμοῖς,

1911 4462 2132 4517 vinculis
2162 4473 2408 4517 tenentur
2431 4466 2715 4529 invisurus,
2740 4467 3190 4537 subscriptumque
3219 4469 3480 4538 majesta-

193 4564 385 4634 ἔχων
431 4563 860 4634 ἐνυπόγραφον
910 4566 1096 4632 λόγον
1139 4563 1299 4632 παρὰ
1338 4562 1443 4630 τῆς
1472 4563 1593 4630 σῆς
1625 4565 1805 4628 βασι-

188 4658 394 4722 λείας
418 4695 436 4718 ,
464 4655 542 4709 δι’
579 4650 666 4710 ὧν
710 4657 898 4710 πείσω
959 4656 1066 4709 τὸν
1094 4657 1386 4722 Μιινουὴλ
1411 4659 1496 4721 είς
1537 4656 1682 4725 ὄψιν
1709 4658 1808 4710 ἑλ-

190 4747 371 4811 θεῖν,
398 4747 564 4801 δοκῶ
585 4747 758 4802 τοῦτο
795 4746 1012 4814 πρᾶξαι
1042 4746 1118 4812 τῷ
1143 4764 1205 4800 τε
1236 4747 1628 4816 ervum-pcipe)
1651 4749 1807 4816 .1631»

191 4841 307 4894 καὶ
345 4839 433 4907 τῇ
461 4838 578 4906 ἐμῇ
604 4840 798 4893 πειθοῖ
818 4840 914 4893 καί
943 4840 1013 4905 τῇ
1033 4840 1306 4906 εὐσεϐείᾳ
1339 4841 1576 4894 ἐκείνου
1611 4841 1708 4894 καὶ
1732 4841 1810 4906 τῷ

184 4932 388 4997 εἰκὸς
421 4927 581 4984 εἶναι
623 4929 739 4998 τὴν
783 4930 1036 4997 πατρίδα
1068 4930 1254 4983 αὐτοῦ
1283 4928 1443 4998 ἐρᾶν.
1493 4931 1549 4986 Ὀ
1571 4931 1626 4983 δὲ
1654 4931 1808 5000 βασι-

185 5020 347 5084 λεὺς
408 5019 709 5090 πάμπολλα
744 5021 1003 5090 χρήματα
1055 5021 1146 5072 καὶ
1179 5019 1328 5090 δῶρα
1373 5020 1494 5081 δοὺς
1527 5019 1676 5089 αὑτῷ
1706 5021 1812 5071 ἁπ-

183 5111 501 5166 ἐστειλεν.
542 5111 599 5164 '0
620 5110 676 5162 δὲ
701 5109 955 5162 εἰσελθὼν
971 5110 1205 5172 καὶτοὺς
1231 5111 1287 5161 ἐν
1311 5110 1526 5179 δεσμοῖς
1551 5111 1810 5179 ῥογεύσας

184 5205 309 5258 καὶ
342 5203 451 5256 τὸν
514 5201 1005 5272 πρωτοσύμϐουλον
1035 5201 1412 5270 θηρασάμενος
1460 5201 1693 5271 ἠδυνήθη
1723 5202 1816 5254 καὶ

180 5296 411 5365 λάϐρα
447 5293 528 5364 τῷ
580 5294 835 5362 Μανουὴλ
880 5295 1163 5362 συντυχεῖν
1191 5292 1284 5343 καὶ
1339 5291 1520 5343 δοῦναι
1548 5291 1693 5361 αὖτῴ
1727 5294 1817 5344 τὸν

1910 4557 1973 4609 tis
2004 4565 2107 4610 tua:
2145 4574 2308 4610 manu
2353 4560 2648 4612 securitatis
2689 4560 2919 4629 diploma
2943 4561 3156 4625 habens,
3183 4561 3303 4614 inde
3321 4561 3482 4632 633

1908 4648 2144 4702 .llanueli
2166 4666 2417 4703 suasurus
2434 4657 2488 4702 ut
2509 4666 2562 4703 se
2577 4650 2667 4704 tibi
2683 4660 2988 4720 prresentem
3011 4652 3266 4706 exhibeat.
3289 4652 3348 4706 Id
3364 4669 3484 4708 vero

1911 4742 2041 4794 nihil
2062 4743 2186 4795 milii
2215 4759 2422 4796 cassum
2463 4760 2728 4797 cessarunt
2763 4745 3011 4807 arbitror,
3050 4753 3160 4798 tum
3187 4745 3481 4816 subscripta

1911 4834 2006 4887 illa
2039 4836 2334 4888 securitatis
2369 4835 2474 4912 ﬁde
2496 4851 2713 4904 meaque
2750 4837 3008 4888 suasionis
3039 4838 3107 4899 vi,
3145 4845 3253 4889 tum
3287 4839 3386 4891 viri
3406 4841 3483 4908 ip-

1911 4943 1970 4979 sa
1994 4927 2208 4994 pietate,
2234 4943 2295 4979 ac
2320 4927 2460 4997 quod
2483 4925 2766 4980 verisimile
2792 4937 2868 4980 est
2899 4927 3067 4996 ipsum
3085 4930 3314 4998 patriam
3338 4947 3481 4984 suos-

1915 5014 2266 5085 queditigerc.
2312 5017 2611 5085 Imperator
2647 5017 2832 5085 itaque
2884 5017 3090 5086 ingenti
3151 5019 3481 5072 instructum

1917 5109 2274 5178 pecuniarum
2307 5108 2359 5162 vi
2387 5107 2740 5178 c0piosisque
2785 5107 3114 5161 muneribus
3147 5124 3173 5160 τι
3209 5123 3265 5160 se
3307 5108 3483 5161 homi-

1917 5210 2044 5248 nem
2093 5195 2328 5264 ablegat.
2377 5195 2654 5264 Ingressus
2684 5209 2816 5248 vcro
2868 5194 3130 5256 Joannes,
3180 5194 3486 5263 vinetisque

1918 5264 2428 5352 elargitusmunere
2468 5295 2532 5334 ac
2569 5275 2967 5350 proiosymbuli
2999 5289 3318 5349 expugnato
3365 5281 3487 5334 ani—

1923 5390 2031 5438 mo,
2068 5373 2300 5427 Manueli
2333 5380 2394 5426 ut
2438 5372 2653 5426 occulte
2683 5372 2834 5441 loqui
2866 5370 3138 5439 ﬁdemque
3178 5371 3490 5426 securitatis

1924 5484 1986 5522 ac
2024 5466 2432 5536 imperatoriam
2461 5481 2684 5521 crucem
2721 5464 2853 5520 dare
2878 5463 3067 5517 liceret
3094 5461 3350 5516 obtinuit.
3401 5463 3491 5517 Sic

1924 5561 2110 5628 itaque
2133 5564 2356 5626 peracto
2395 5557 2618 5625 negotio
2668 5567 2925 5608 reversus
2959 5560 3286 5605 cunctorum
3329 5548 3491 5602 ratio-

1925 5666 2048 5708 nem
2085 5649 2381 5716 imperator
2398 5645 2607 5700 retulit.
2657 5645 2872 5699 Manucl
2894 5653 3074 5698 autem
3095 5642 3273 5694 oblata
3300 5641 3490 5694 Amer—

1928 5756 2164 5798 tnumnaa
2185 5738 2612 5810 supplicatione,
2658 5747 2714 5790 ut
2763 5754 2885 5790 cun:
2921 5734 3182 5789 Romanis
3221 5747 3357 5799 quos
3391 5732 3491 5782 sub

173 5389 624 5459 ἑνυπόγραςοον
677 5387 834 5455 λόγον
865 5389 958 5440 καὶ
987 5387 1046 5440 τὸ
1095 5384 1367 5455 φυλακτὺν
1397 5383 1489 5436 τοῦ
1535 5384 1814 5453 βασιλέως.

190 5483 273 5535 ’0
319 5481 445 5549 μὲν
481 5475 574 5533 οὖν
607 5479 778 5532 ταῦτα
812 5477 1023 5547 πράξας
1074 5475 1436 5544 ὑπέστρεψεν,
1491 5475 1818 5542 ἀναγγείλας

173 5573 285 5638 τῷ
337 5571 576 5640 βασιλεῖ
607 5571 804 5624 πάντα.
842 5571 903 5622 ’0
928 5569 984 5622 δὲ
1011 5566 1268 5635 Μανουὴλ
1285 5565 1709 5637 ἐξαιτησάμενος
1732 5566 1822 5618 τὸν

172 5662 365 5731 Ἀμε
379 5663 676 5731 ρμουμνῆν
706 5660 844 5730 μετὰ
869 5659 978 5712 τῶν
1009 5657 1366 5728 αἰχμαλώτων
1401 5655 1688 5726 Ῥωμαίων
1715 5656 1824 5707 τῶν

179 5753 673 5820 καθειργμένων
723 5753 779 5804 ὲν
829 5751 1115 5819 φυλακαῖς,
1149 5750 1325 5801 πίστιν
1357 5747 1501 5816 αὑτῷ
1532 5747 1652 5810 δοὺς
1685 5746 1822 5816 ὑπὲρ
