3962 6200
290 324 382 388 697

292 531 436 587 λίθων
459 531 738 596 λαξευτιῖω
774 534 1214 597 κατασκευάσας,
1245 532 1274 585 ὃ
1300 532 1537 602 Τροῦλος
1577 535 1740 604 μέχρι
1763 535 1858 587 τοῦ

288 626 372 679 νῦν
393 625 741 694 ὀνομάζεται,
761 625 851 679 διά
872 641 1034 678 τινων
1066 625 1268 679 θυσιῶν
1285 626 1479 696 ὡμίλει
1502 630 1614 692 τοῖς
1640 629 1856 698 δαίμοσι

293 720 371 774 καὶ
394 718 472 788 τῷ
498 716 789 787 βασιλεῖστὰ
815 715 1076 787 μέλλοντα
1094 719 1445 788 διεσήμαινεν
1466 736 1481 750 ·
1509 719 1537 772 ὃ
1566 721 1659 773 καὶ
1674 722 1860 790 ἀοίκη-

291 829 368 865 τον
391 811 607 880 ἔμεινεν
637 809 726 863 διὰ
753 810 850 873 τὰς
882 813 940 863 ὲν
970 811 1120 882 αὐτῷ
1144 815 1443 882 γενομένας
1473 813 1595 867 τότε
1621 815 1729 867 τῶν
1748 815 1858 868 δαι-

295 904 459 974 μόνων
487 904 889 974 ἑπιφοιτήσεις.

355 989 434 1044 ιδ’.
476 991 567 1044 Ἔν
600 989 814 1055 τούτοις
849 991 1153 1062 Ἀγαρηνοῦ
1192 1009 1336 1056 τινος
1363 996 1588 1061 γυναίου
1641 997 1859 1068 πνεῦμα

295 1081 532 1143 Πύθωνος
560 1082 798 1150 ἔχοντος,
830 1082 858 1135 ὃ
889 1082 1232 1154 αἰχμάλωτον
1261 1084 1474 1149 ἐλαϐεν,
1527 1088 1860 1156 ὲκμαντεύε-

298 1173 405 1228 σθαι
463 1173 650 1242 μαθὼν
677 1177 705 1227 ὁ
741 1173 997 1244 βασιλεὺς
1032 1176 1541 1247 μετακαλεσάμενος
1585 1179 1860 1235 ἐκπυνθά-

295 1283 451 1329 νεται,
484 1267 630 1328 τίνος
658 1270 692 1338 ἡ
744 1268 989 1337 βασιλεία
1031 1271 1087 1321 ἐν
1120 1270 1332 1334 πολλοῖς
1376 1273 1658 1342 διαρκέσει
1684 1274 1856 1328 ἔτεσι⁸

296 1363 374 1414 καὶ
411 1363 662 1427 ἐξεῖπεν·
711 1362 773 1417 Ἡ
805 1361 924 1415 τῶν
972 1365 1408 1430 Μαρτινακίων.
1436 1366 1594 1420 Κατὰ
1653 1368 1859 1439 πληρο-

295 1452 475 1522 φορίαν
497 1453 561 1525 δὴ
601 1454 701 1522 τῆς
734 1457 990 1526 τοιαύτης
1020 1456 1348 1525 προφάσεως
1380 1457 1472 1512 τὸν
1505 1460 1714 1530 μονήρη
1749 1461 1862 1531 βίον

295 1545 572 1613 κατέκρινε
605 1546 994 1616 Μαρτινάκιον,
1032 1548 1123 1602 τὸν
1156 1547 1322 1602 αὑτοῦ
1353 1544 1499 1602 οἷκον
1529 1554 1761 1622 ποιήσας
1781 1555 1862 1616 εἰς

295 1639 534 1708 μοναχῶν
565 1642 1002 1710 φροντιστήριον.
1033 1641 1315 1695 Ἐντεῦθεν
1347 1623 1439 1696 καὶ
1467 1646 1862 1719 Κωνσταντίνῳ

291 1732 359 1798 τῷ
381 1733 696 1804 Τριφυλλίῳ
729 1734 798 1786 τὰ
827 1734 1224 1805 συμϐησόμενα
1255 1736 1403 1805 αὐτῷ
1429 1739 1859 1809 προδεδήλωκεν.

290 1823 363 1875 ὅτι
395 1821 700 1889 Ὡσαύτως
733 1824 832 1878 καὶ
873 1825 956 1879 σὺ
975 1826 1074 1879 καὶ
1098 1827 1168 1881 τὰ
1195 1827 1377 1881 τέκνα
1397 1830 1863 1899 ἀποπειρήσεσθε

288 1917 549 1983 κληρικοὶ
619 1918 716 1971 ἐπὶ
789 1919 1231 1986 αὐτοκράτορος
1287 1923 1614 1976 Βασιλείου
1646 1940 1658 1952 ·
1697 1925 1725 1977 ὃ
1769 1926 1862 1978 καὶ

289 2010 648 2090 συμϐέϐηκεν.
669 2008 897 2081 Ὁμοίως
925 2013 1017 2064 καὶ
1047 2013 1226 2076 ἄλλοις
1259 2012 1471 2076 πολλοῖς
1489 2015 1554 2068 τὰ
1587 2018 1862 2086 συμϐησό-

290 2119 422 2171 μενα
463 2103 648 2164 αὐτοῖς
679 2101 970 2172 προῦλεγε,
999 2105 1094 2157 καὶ
1123 2105 1215 2156 τὸν
1247 2103 1471 2174 βασιλέα
1506 2107 1574 2159 τὰ
1599 2108 1736 2175 μετὰ
1763 2109 1861 2161 θά-

286 2209 439 2245 νατον
463 2193 629 2246 αὑτοῦ
668 2194 953 2261 ὀφείλοντα
973 2195 1224 2261 γενέσθαι
1251 2196 1496 2266 ἀκριϐῶς
1521 2198 1860 2268 προηγόρευε»

287 2303 393 2347 σεν,
415 2284 498 2357 [Ρ.
532 2285 660 2356 422]
689 2286 824 2338 ἀλλὰ
850 2288 943 2340 καὶ
967 2289 1064 2358 τὴν
1091 2290 1197 2342 τῶν
1227 2292 1453 2345 εἰκόνων
1487 2295 1861 2364 προσκύνησιν

288 2377 380 2428 καὶ
403 2378 504 2444 τὴν
523 2375 615 2428 τοῦ
660 2378 835 2446 Ίαννῆ
878 2380 1218 2448 καθαίρεσιν.
1268 2383 1376 2435 Καὶ
1411 2383 1668 2455 Γεωργίῳ
1701 2385 1756 2438 δὲ
1783 2385 1862 2456 τῷ

286 2471 382 2532 τὰς
411 2469 809 2539 στρατιωτικὰς
841 2470 1053 2532 δέλτους
1075 2471 1464 2543 ὲπειλημμένῳ
1492 2475 1582 2526 ἐπὶ
1605 2479 1669 2546 τῇ
1705 2495 1862 2544 σφεν-

283 2559 408 2629 δόνῃ
437 2555 592 2611 εἶπεν
637 2562 699 2627 τῇ
731 2560 874 2612 κατὰ
921 2559 1016 2613 τοῦ
1048 2561 1382 2632 ἱπποδρόμου
1436 2565 1860 2634 ἁποκτὰνεσθαι,

285 2654 378 2704 καὶ
409 2651 507 2722 τὴν
537 2651 772 2722 ὕπαρξιν
806 2654 972 2706 αὑτοῦ
1003 2655 1082 2724 τῷ
1117 2655 1376 2726 βασιλείῳ
1409 2655 1732 2728 ἀνειλῆφθαι
1766 2678 1861 2714 τα-

287 2744 445 2816 μείῳ·
1261 2810 1274 2822 .

360 2847 442 2893 ιε’.
478 2837 566 2908 Τῷ
595 2839 641 2892 θ’
668 2839 834 2892 αὐτοῦ
860 2840 968 2892 έτει
991 2840 1226 2910 Ἄραϐες
1262 2841 1398 2909 μετὰ
1423 2841 1706 2910 δυνάμεως
1734 2844 1862 2896 πολ-

281 2933 384 2998 λῆς
429 2934 569 2985 κατὰ
610 2932 918 3000 Ῥωμανίας
955 2931 1201 3002 ἐξῄεσαν,
1245 2933 1338 2985 καὶ
1375 2935 1402 2985 ὁ
1450 2932 1702 3004 βασιλεὺς
1747 2934 1864 3006 ἅμα

282 3026 401 3085 τοῖς
431 3023 704 3092 πρόσφυξι
737 3025 972 3093 Πέρσαις
1000 3025 1092 3075 καὶ
1124 3027 1232 3087 τοῖς
1283 3024 1529 3093 τάγμασι
1589 3025 1686 3078 καὶ
1741 3027 1864 3078 Μα-

283 3115 453 3185 νουὴλ
480 3115 786 3184 δομεστίκῳ
816 3116 936 3167 κατ’
962 3115 1139 3168 αὐτῶν
1173 3117 1386 3185 ἐχώρει.
1437 3116 1545 3168 Καὶ
1589 3109 1862 3188 συμϐολῆς
1893 3157 1934 3213 C

281 3211 588 3278 γενομένης
629 3209 882 3280 ἡττηθεὶς
927 3213 954 3262 ὁ
1007 3209 1260 3278 βασιλεὺς
1309 3211 1473 3280 μέσον
1506 3212 1722 3281 εἰσῆλθε
1755 3213 1863 3265 τῶν

283 3301 550 3372 Περσῶν,
615 3303 708 3353 ὑπ’
762 3302 940 3354 αὐτῶν
998 3302 1370 3372 περισωθῆναι
1434 3302 1862 3371 ὑπολαμϐάνων.

283 3393 543 3464 Μανουὴλ
564 3392 619 3446 δὲ
647 3395 720 3456 ὠς
744 3393 883 3461 ἔγνω
909 3392 1258 3461 περισκοπῶν
1308 3394 1365 3444 ὲν
1406 3393 1556 3462 μέσῳ
1586 3395 1694 3446 τῶν
1724 3395 1864 3463 Περ-

285 3489 396 3540 σῶν
425 3487 519 3539 τὸν
552 3486 771 3555 βασιλέα
821 3485 969 3548 ὄντα,
1003 3486 1198 3548 αὐτοὺς
1236 3486 1292 3538 δὲ
1353 3485 1712 3556 βουλομένους
1764 3489 1862 3560 ἤδη

281 3584 402 3643 τοῖς
434 3581 641 3649 ’Ἄραψι
668 3577 854 3632 τοῦτον
881 3577 1214 3649 παραδοῦναι
1249 3579 1344 3630 καὶ
1373 3577 1442 3630 δι’
1473 3577 1639 3631 αὑτοῦ
1669 3581 1866 3632 καταλ-

281 3675 521 3743 λαγῆναι
555 3675 759 3734 αὐτοῖς,
793 3670 1082 3739 διασχίσας
1112 3670 1274 3738 μέσον
1303 3669 1482 3723 αὐτῶν
1516 3671 1608 3723 καὶ
1641 3671 1733 3724 τοῦ
1765 3689 1863 3742 χα-

281 3767 430 3820 λινοῦ
472 3764 568 3818 τοῦ
603 3766 770 3817 ἵππου
821 3761 918 3815 τοῦ
969 3763 1230 3832 βασιλέως
1279 3762 1579 3832 λαϐόμενος
1627 3764 1865 3829 ἐξεῖλκεν

279 3862 488 3914 ἄκοντα
515 3857 726 3920 τοῦτον,
755 3856 1016 3924 αἰσχύνην
1061 3855 1360 3924 ἡγούμενος
1392 3856 1452 3907 οὐ
1489 3854 1782 3924 καθεκτὴν,
1817 3859 1866 3910 εἰ

279 3954 374 4006 τὸν
407 3951 641 4020 βασιλέα
701 3949 987 4019 Ῥωμαίων
1039 3947 1276 4018 ’Ἄραϐες
1313 3947 1658 4015 αἰχμάλωτον
1686 3948 1866 4000 λάϐω-

280 4063 390 4100 σιν.
432 4048 492 4098 '0
523 4045 578 4097 δὲ
603 4042 852 4113 βασιλεὺς
879 4040 956 4112 τῷ
985 4041 1092 4094 δέει
1125 4039 1220 4092 τοῦ
1246 4039 1641 4108 καθεστηκότος
1669 4040 1869 4103 ἐκστὰς

279 4138 630 4211 προσρυῆναι
651 4136 814 4191 πάλιν
852 4137 961 4196 τοῖς
992 4134 1226 4205 Πέρσαις
1254 4131 1526 4185 ἐϐούλετο.
1573 4132 1633 4186 Ὀ
1654 4133 1710 4184 δὲ
1744 4134 1869 4186 Μα-

284 4231 447 4300 θουὴλ
484 4230 547 4283 τὸ
594 4228 746 4296 ξίφος
776 4227 1048 4280 ἀνέτεινεν
1082 4226 1156 4288 ὡς
1192 4225 1449 4290 πατάξων
1502 4225 1685 4278 αὐτόν.
1732 4225 1792 4278 Ὀ
1813 4224 1868 4277 δὲ

273 4324 547 4394 φοϐηθεὶς
573 4320 815 4392 ἐξῆλθεν.
853 4318 1094 4371 Ἐκεῖθεν
1127 4334 1186 4369 τε
1213 4315 1269 4383 ἐξ
1293 4316 1557 4387 αἰσχύνης
1593 4317 1867 4386 ὑποστρέ-

269 4435 372 4486 φει
397 4419 456 4468 ὲν
503 4413 582 4484 τῷ
612 4411 907 4483 Δορυλαίῳ.
963 4409 1019 4462 '0
1068 4408 1124 4461 δὲ
1165 4409 1421 4478 Μανουὴλ
1450 4410 1506 4461 ὲν
1541 4409 1618 4478 τῷ
1644 4408 1868 4480 πολέμῳ

1392 311 1760 410 ΑΝΝΑιΕὲ,
1800 353 1869 364 -
1907 329 2419 398 THEOPIIILUS.

351 437 436 507 ιγ’.
467 431 686 500 Οὗτοςό
725 436 977 508 Ἰωάννης
1027 437 1134 508 πρὸ
1171 437 1265 491 τοῦ
1319 439 1508 504 ἄστεος
1547 443 1752 512 οἴκημα
1792 446 1855 496 ἐκ
1889 449 1931 503 Α

3432 358 3540 418 698

2037 447 2117 500 l3.
2185 450 2283 504 llic
2339 452 2578 508 Joannes
2643 465 2920 512 exstructa
2983 459 3036 514 in
3083 463 3237 519 urbis
3279 471 3548 534 poinaario

1962 555 2030 594 ex
2076 543 2243 597 sectis
2282 543 2558 612 lapidibus
2605 548 2768 604 domo
2815 552 3080 620 (Trullus
3139 556 3411 627 hodieque
3458 579 3552 620 vo-

1962 634 2153 701 catur)
2207 636 2496 692 sacriﬁciis
2533 640 2864 709 quihusdam
2921 644 3262 701 dmmonihus
3315 649 3549 706 fanniliao

1963 727 2079 779 rius
2121 735 2301 791 utens,
2349 746 2472 798 quae
2515 732 2699 789 futura
2743 744 2922 802 erant,
2973 737 3291 807 imperatori
3334 743 3550 798 denun-

1962 812 2152 867 tiabat.
2206 814 2526 872 Manserunt
2574 823 2740 877 aedes
2777 825 2882 879 illa:
2920 827 3210 897 inhospita:
3250 831 3320 884 ob
3348 832 3551 888 daemo-

1961 921 2093 959 num
2125 924 2222 976 per
2253 909 2368 964 haec
2400 919 2642 981 tempora
2673 915 2726 968 in
2752 916 2860 971 illis
2884 918 3274 988 frequentiora.

2034 999 2120 1053 14.
2177 999 2325 1055 Inter
2392 1002 2507 1058 haec
2567 1006 2867 1076 Agarenam
2921 1015 3212 1080 quamdam
3265 1015 3552 1072 mulierem

1962 1087 2109 1144 bello
2160 1101 2374 1160 captam
2431 1094 2626 1163 spiritu
2688 1097 2934 1167 Pythone
2991 1102 3223 1156 aﬂlatam
3281 1122 3403 1159 cum
3462 1123 3554 1161 va-

1962 1183 2180 1239 ticinari
2246 1185 2543 1256 imperator
2590 1189 2866 1253 audisset,
2925 1194 3151 1262 rogabat
3191 1211 3258 1248 ex
3312 1197 3422 1260 illa,
3456 1214 3555 1252 cu-

1959 1276 2048 1346 jus
2085 1277 2138 1329 in
2173 1277 2337 1332 domo
2373 1279 2669 1350 imperium
2717 1281 2771 1334 in
2803 1297 2978 1338 annos
3009 1285 3195 1352 plures
3225 1286 3552 1342 duraturum

1963 1379 2130 1422 esset.
2177 1368 2278 1423 Cui
2321 1371 2412 1424 illa
2443 1371 2944 1429 :Marlinaciorum.
2995 1375 3128 1446 Ejus
3157 1379 3402 1432 vaticinii
3447 1381 3555 1436 ﬁde

1963 1474 2138 1527 eaque
2197 1462 2488 1516 occasione
2555 1461 2910 1519 Martinacem
2968 1468 3224 1522 monachi
3297 1470 3553 1526 instituto

1965 1549 2264 1614 damnavit,
2311 1554 2540 1624 ejusque
2575 1555 2799 1610 domum
2851 1558 2907 1611 in
2956 1562 3350 1615 monasterium
3399 1563 3556 1617 rede-

1965 1642 2060 1712 git.
2087 1643 2222 1700 Hinc
2247 1661 2466 1715 quoque
2492 1646 2858 1704 Constantino
2883 1649 3207 1721 Triphyllio,
3241 1669 3361 1721 quae
3385 1669 3552 1709 even-

1968 1745 2087 1790 tura
2132 1746 2335 1798 essent.
2381 1739 2666 1808 przedixit,
2713 1743 2940 1811 perinde
2987 1745 3200 1799 scilicet
3246 1763 3372 1800 eum
3414 1747 3555 1802 libe-

1970 1846 2170 1900 rosque
2199 1831 2468 1886 clericalis
2490 1833 2703 1887 ordinis
2735 1837 2908 1904 gratia
2937 1838 3226 1892 detonsmn
3255 1841 3318 1893 iri
3353 1841 3556 1896 Basilio

1968 1922 2296 1990 imperatore
2323 1941 2337 1988 ;
2378 1924 2542 1994 636
2571 1926 2713 1994 quod
2744 1936 2796 1980 et
2835 1928 3086 1997 contigit.
3127 1929 3395 1985 Similiter
3425 1949 3557 2002 quo-

1966 2029 2072 2082 que
2101 2015 2223 2069 aliis
2252 2033 2358 2069 non
2392 2018 2582 2084 paucis
2623 2018 2839 2073 futuros
2877 2030 3110 2076 eventus
3145 2025 3551 2090 praenuntiavit.

1966 2107 2143 2162 Etiam
2187 2110 2280 2178 qui
2323 2109 2391 2162 ab
2443 2111 2589 2164 illius
2631 2121 2807 2167 morte
2861 2114 3082 2170 futurus
3123 2126 3271 2170 esset
3320 2117 3555 2185 impera-

1965 2207 2082 2264 tor,
2136 2202 2282 2255 clare
2325 2201 2634 2272 The0philo
2681 2205 2896 2271 edidit;
2949 2207 3080 2261 item
3128 2207 3246 2262 fore
3305 2217 3365 2262 ut
3418 2208 3558 2262 ima-

1964 2293 2120 2363 gines
2170 2295 2579 2349 veneratiOnem
2632 2298 2952 2368 cultumque
3013 2300 3347 2370 reciperent,
3399 2312 3554 2356 etut

1963 2385 2168 2440 Jannes
2210 2386 2338 2439 sede
2383 2396 2720 2443 moveretur.
2754 2389 2990 2459 Georgio
3025 2407 3248 2467 quoque
3288 2393 3554 2447 militares

1966 2486 2181 2539 tabulas
2241 2495 2540 2539 consecuto
2599 2486 2665 2539 ad
2727 2485 2872 2542 Circi
2945 2487 3170 2542 fundam
3240 2488 3550 2542 necandum

1963 2579 2082 2632 fore
2125 2577 2420 2632 vaticinata
2453 2586 2558 2643 est,
2589 2580 2816 2649 ejusque
2863 2579 2996 2634 ﬁsco
3028 2580 3390 2636 addicendam
3425 2583 3556 2638 sub-

1964 2670 2243 2724 stantiam.

2038 2851 2124 2904 15.
2165 2849 2383 2920 Imperii
2424 2851 2713 2920 Theophili
2750 2866 2896 2906 anno
2933 2867 3081 2905 nono
3115 2851 3322 2907 Arabes
3364 2852 3555 2922 ingen.

1969 2941 2118 2995 tibus
2163 2943 2336 3012 copiis
2385 2944 2644 2998 Romanae
2687 2944 2914 2998 ditionis
2959 2945 3270 3014 provincias
3320 2945 3551 3015 locaque

1967 3033 2250 3099 invasere;
2302 3034 2357 3087 in
2401 3049 2540 3104 quos
2584 3035 2882 3103 imperator
2914 3050 3038 3089 cum
3069 3035 3252 3090 Persis
3281 3037 3550 3107 profugis,

1967 3126 2340 3194 Romanisque
2388 3125 2562 3193 cepiis
2616 3140 2679 3178 ac
2729 3125 2978 3179 Manuele
3023 3125 3328 3182 domestico
3378 3127 3552 3182 aciem

1969 3217 2179 3271 eduxit.
2234 3216 2500 3271 Conscrta
2548 3231 2723 3285 pugna
2773 3217 2952 3270 victus
2995 3217 3297 3286 imperator
3341 3219 3555 3284 inJme-

1968 3309 2118 3362 dium
2167 3309 2454 3363 Persarum
2493 3323 2709 3377 agmen,
2756 3324 2856 3378 per
2893 3325 2990 3363 eos
3044 3309 3337 3364 liberatum
3377 3328 3437 3366 se
3483 3313 3550 3368 iri

1967 3403 2266 3456 arbitratus
2293 3406 2324 3465 ,’
2349 3401 2539 3455 subiit.
2597 3399 2806 3454 Manuel
2858 3401 3351 3468 circumlustrans,
3393 3412 3454 3456 ut
3497 3403 3552 3458 in

1968 3491 2151 3545 medio
2213 3491 2504 3545 Persarum
2566 3505 2744 3544 cuneo
2805 3489 3104 3544 haerentem
3164 3491 3551 3560 imperatorem

1967 3584 2244 3652 cognovit,
2272 3583 2494 3652 jamque
2544 3581 2650 3635 illis
2690 3583 3050 3636 constitutmn
3095 3597 3214 3638 esse
3248 3591 3310 3640 ut
3356 3583 3553 3637 Arabi-

1967 3675 2071 3730 bus
2112 3676 2291 3745 ipsum
2337 3675 2637 3746 proderent
2685 3674 2942 3744 illiusque
2984 3674 3164 3744 pretio
3204 3689 3396 3729 eorum
3439 3691 3564 3746 grai.-

1969 3768 2096 3822 tiam
2153 3769 2391 3830 inirent,
2447 3774 2712 3836 perrupto
2776 3767 2994 3820 illorum
3049 3782 3226 3821 cuneo
3290 3766 3556 3836 frenoque

1970 3857 2320 3928 imperatoris
2377 3872 2521 3925 equo
2583 3856 2929 3925 apprehenso
2994 3873 3134 3926 pene
3194 3858 3556 3914 reluctantem

1971 3951 2260 4013 trahebat;
2303 3948 2454 4001 nullo
2481 3947 2644 4000 modo
2687 3946 2978 4000 ferendum
3019 3948 3282 4016 probrum
3324 3949 3554 4013 ducens,

1969 4043 2015 4098 si
2055 4042 2128 4095 ita
2161 4041 2230 4094 ab
2272 4039 2549 4094 Arabibus
2593 4038 2966 4092 Romanorum
3006 4039 3395 4107 imperatorem
3437 4040 3558 4109 capi

1972 4134 2340 4203 contingeret.
2395 4130 2463 4184 At
2520 4130 2819 4199 imperator
2876 4130 3092 4190 timoris
3142 4129 3312 4182 nimia
3360 4129 3413 4182 vi
3479 4144 3560 4184 sa-

1971 4226 2128 4280 niore
2168 4231 2350 4278 mente
2384 4223 2632 4291 dejectus
2661 4221 2728 4276 ad
2773 4223 2971 4277 Persas
3014 4237 3209 4282 rursus
3253 4221 3558 4275 desciscere

1971 4317 2209 4371 volebat.
2239 4315 2454 4368 Manuel
2477 4313 2717 4384 gladium
2742 4313 2961 4368 strinxit
2984 4314 3139 4382 quasi
3166 4329 3557 4383 percussurus;

1972 4426 2080 4480 quo
2123 4409 2348 4464 territus
2383 4408 2681 4476 imperator
2712 4406 2898 4468 exivit,
2934 4405 3169 4475 indeque
3197 4405 3428 4476 pudore.
3475 4405 3557 4459 in-

266 4509 522 4580 τρωθεὶς
554 4507 648 4559 καὶ
689 4503 924 4573 νοσήσας
953 4500 1324 4570 ἐτελεύτησεν,
1355 4501 1554 4564 πολλὰς
1600 4501 1865 4572 ἀνδραγα-

1977 4503 2236 4573 gentique
2267 4509 2489 4571 accepta
2534 4499 2710 4564 clade,
2757 4495 3060 4571 Dorylaeum
3108 4499 3294 4554 rediit.
3341 4499 3557 4555 Manuel

264 4605 409 4666 θεας
449 4601 589 4653 κατὰ
642 4595 960 4666 ’Δγαρηνῶν
1027 4592 1425 4662 ποιησάμενοςο
1484 4594 1543 4646 τὸ
1597 4594 1654 4647 δὲ
1711 4595 1869 4664 σῶμα

262 4693 455 4751 αὐτοῦ
492 4689 840 4759 ἀπεκομίσθη
884 4683 1040 4758 ὲντῇ
1073 4686 1166 4738 ὑπ’
1188 4685 1353 4738 αὐτοῦ
1387 4687 1669 4760 κτισθείσῃ
1707 4692 1866 4759 μονῇ,

257 4792 338 4860 τῇ
421 4786 688 4852 σύνεγγυς
727 4782 952 4852 κειμένῃ
990 4778 1091 4847 τῆς
1142 4777 1236 4830 τοῦ
1292 4779 1571 4852 Ἃσπαρος
1618 4781 1869 4853 κινστέρ-

261 4899 407 4953 νῖδςο

343 5068 460 5128 ις’.
477 5031 587 5112 kal
610 5056 1029 5122 εὖθὺςδιαῦολαὶ
1054 5057 1187 5128 πρὸς
1208 5056 1299 5110 τὸν
1325 5055 1549 5127 βασιλέα
1577 5055 1716 5111 κατὰ
1731 5057 1871 5126 Περ-

254 5159 392 5212 σῶν
451 5156 547 5207 καὶ
605 5153 829 5206 ἀπειλαὶ
875 5153 1015 5206 κατὰ
1044 5150 1319 5218 Θεοφόϐου
1345 5150 1420 5213 ὡς
1457 5151 1748 5219 ἀντάρτου,
1776 5150 1870 5202 καὶ

253 5247 576 5319 προδὸτου,
614 5245 710 5299 καὶ
744 5243 1062 5314 δυσμενοῦς.
1121 5239 1303 5295 Ταῦτα
1357 5241 1545 5311 μαθὼν
1575 5241 1867 5308 Θεόφοὸος,

250 5343 415 5401 τοὺς
449 5339 670 5408 Πέρσας
729 5336 1054 5391 καταλαϐὼν
1113 5333 1382 5402 κατῆλθεν
1435 5332 1540 5395 ἕως
1575 5332 1824 5401 Σινώπης
1854 5349 1867 5362 ·

252 5435 410 5506 ἣτις
464 5430 564 5499 τὴν
612 5429 806 5498 κλῆσιν
851 5428 1072 5496 εἴληφεν
1100 5426 1207 5478 ἀπὸ
1247 5441 1391 5488 τινος
1417 5423 1524 5476 τῶν
1559 5422 1871 5493 Ἀμαζόνων

255 5519 465 5590 αὐτὴν
525 5519 883 5589 δειμαμένης,
941 5520 1250 5588 Ἀμαστρις
1277 5515 1334 5568 δὲ
1381 5515 1414 5581 ἡ
1449 5514 1576 5586 πρὶν
1612 5512 1868 5584 Κρῶμμα

254 5612 663 5683 ὠνομασμένη
695 5612 804 5664 ἀπὸ
845 5609 1204 5679 ’Δμάττριδος
1252 5607 1348 5676 τῆς
1378 5605 1657 5677 Περσίδος,
1701 5606 1868 5672 θυγα-

257 5707 424 5776 τρὸς
461 5703 756 5772 Ὀξυάρτου
787 5701 1020 5768 ἀδελφοῦ
1055 5700 1299 5770 Δαρείου,
1349 5697 1472 5768 ἣτις
1505 5697 1870 5766 συνοικήσασα

265 5794 563 5865 Διονυσίῳ
602 5795 680 5866 τῷ
721 5793 1047 5865 Ἡρακλείας
1082 5792 1346 5861 τυράννῳ,
1370 5790 1460 5841 ὑπ’
1493 5787 1687 5858 ἐκείνῳ
1707 5785 1872 5845 οὖσαν

1971 4610 2002 4648 e
2044 4594 2233 4664 praelio
2276 4593 2498 4647 saueius
2541 4591 2846 4660 morboque
2891 4599 3178 4660 correptus
3213 4589 3356 4644 diem
3397 4590 3557 4656 obiit,

1971 4687 2161 4740 multis
2199 4685 2468 4740 adversus
2510 4683 2792 4753 Agarenos
2837 4691 3062 4736 strenue
3100 4682 3406 4750 bellicaque
3449 4681 3562 4734 for-

1971 4777 2206 4832 titudine
2256 4776 2400 4829 clare
2433 4774 2617 4845 gestis.
2649 4774 2780 4843 Ejus
2827 4771 3062 4826 cadaver
3083 4771 3244 4842 637
3275 4771 3341 4824 ad
3366 4787 3560 4826 mona-

1970 4870 2197 4924 sterium
2217 4869 2468 4931 relatum,
2491 4864 2636 4935 quod
2663 4865 2779 4934 ipse
2798 4871 3182 4918 construxerat
3205 4861 3346 4916 haud
3365 4865 3558 4932 procul

1977 4961 2046 5014 ab
2078 4959 2299 5028 Asparis
2329 4959 2586 5011 cisterna.

2050 5046 2136 5101 16.
2171 5045 2364 5100 Statim
2395 5043 2725 5114 proditionis
2771 5043 2938 5097 delati
2986 5042 3161 5097 Pcrsze
3195 5041 3340 5111 apud
3378 5041 3558 5111 impe-

1980 5146 2219 5192 ratorem
2257 5155 2269 5189 :
2307 5136 2589 5190 intentata:
2640 5135 2803 5189 utinm
2851 5133 2906 5187 in
2962 5133 3387 5204 Theophobum.
3441 5143 3557 5188 tan-

1979 5247 2141 5301 quam
2174 5238 2440 5301 tyrannus
2472 5237 2526 5282 ct
2564 5228 2790 5282 rebellis
2815 5243 2878 5282 ac
2909 5228 3162 5298 proditor
3192 5235 3247 5281 et
3275 5226 3449 5282 hostis
3465 5241 3552 5280 es.

1978 5331 2082 5377 set.
2112 5321 2489 5391 Theophobus
2521 5321 2822 5390 compertis
2850 5335 3086 5390 quorum
3111 5335 3238 5374 reus
3269 5320 3554 5391 agebatur,

1979 5415 2276 5485 assumptis
2303 5429 2488 5469 secum
2523 5413 2812 5469 Persarum
2840 5415 3038 5468 turmis
3061 5453 3074 5477 ,
3132 5414 3390 5483 Sinopem
3426 5429 3560 5468 con-

1979 5509 2165 5562 cessit.
2214 5507 2462 5576 (Accepit
2505 5507 2600 5561 illa
2634 5521 2839 5560 nomen
2868 5521 2896 5558 a
2921 5505 3158 5575 quadam
3194 5508 3552 5572 Amazonum,

1979 5615 2102 5670 quae
2150 5615 2270 5654 eam
2338 5599 2608 5654 condidit.
2673 5597 2940 5653 Amastris
2995 5611 3165 5662 vero,
3229 5614 3350 5668 qua:
3402 5600 3557 5669 prius

1979 5697 2236 5748 (lromma
2271 5702 2582 5754 vocaretur,
2640 5692 2708 5746 ab
2760 5692 3072 5747 Amastride
3126 5693 3310 5756 Persa,
3347 5693 3553 5749 Oxiarti
3627 5727 3631 5734 -

1983 5787 2130 5841 Darii
2157 5786 2342 5842 fratris
2365 5785 2495 5839 lilia.
2527 5785 2649 5839 Fuit
2689 5785 2803 5840 Ιιίτο
2831 5800 2971 5840 uxor
3008 5785 3248 5857 Dionysii
3283 5785 3556 5840 Heracleas
