3962 6200
284 313 370 376 701
1370 317 1738 378 ANNALES.
1783 343 1846 353 -
1883 317 2398 381 THEOPIIILUS.

3413 325 3520 385 702

282 431 507 493 σθέντες,
539 430 677 483 ἀλλὰ
708 431 813 502 μὴν
845 433 936 486 καὶ
984 433 1079 485 τοῦ
1133 433 1410 503 Βουδίτζη,
1441 437 1507 503 τῇ
1551 435 1660 488 τῶν
1708 431 1847 486 ἑπτὰ

1957 435 2112 500 longa
2141 453 2412 492 annorum
2436 449 2642 508 septem
2677 437 2916 494 carceris
2942 442 3309 494 maceratione
3330 456 3344 503 ;
3365 456 3524 495 cum-

278 522 476 593 χρόνων
527 522 829 593 καθείρξει,
873 525 968 578 καὶ
1021 525 1094 594 μὴ
1147 525 1464 589 πεισθέντες
1511 527 1850 596 ἀρνήσασθαι

279 615 358 666 τὸν
378 614 638 682 Χριστὸν,
671 615 816 681 ξίφει
849 616 1266 686 ἀπετμήθησαν,
1307 618 1429 669 ἀντὶ
1459 618 1560 687 τῆς
1591 619 1851 688 προσκαί-

285 723 365 776 ρου
401 707 549 776 ζωῆς
573 709 674 776 τὴν
702 709 920 762 αἰώνιον
945 711 1352 778 ἀγαπήσαντες,
1399 711 1498 763 καὶ
1554 711 1694 780 μετὰ
1720 697 1850 780 μὶαν

280 799 481 869 ἡμέραν
505 801 574 850 ὲν·
594 800 672 868 τῷ
701 801 934 872 ποταμῷ
979 803 1308 874 ὲρῤίφησαν.
1341 805 1414 857 Τὸ
1457 805 1514 857 δὲ
1549 807 1849 876 παραδοξό-

279 906 450 954 τατον,
486 890 568 942 ὅτι
591 889 796 960 ἑκάστη
831 891 1041 961 κεφαλὴ
1072 892 1209 967 μετὰ
1243 892 1342 961 τὴν
1373 893 1610 962 ἐκτομὴν
1636 893 1713 963 τῷ
1735 895 1849 965 ἰδίῳ

283 980 485 1049 σώματι
510 981 691 1053 ἠνώθη
726 984 818 1036 καὶ
851 983 1090 1054 συνεφύη
1113 1000 1127 1015 ο
1173 987 1267 1038 καὶ
1291 984 1480 1054 ὥσπερ
1502 987 1558 1038 αἱ
1591 987 1760 1055 ψυχαὶ
1791 989 1849 1039 ἐν

283 1077 352 1129 ἐνὶ
382 1076 536 1145 τόπῳ
585 1076 682 1128 τοῦ
733 1077 1089 1147 παραδείσου.
1121 1077 1262 1131 οὕτω
1297 1079 1392 1131 καὶ
1431 1078 1540 1131 τῶν
1574 1079 1746 1146 άγίων
1778 1079 1850 1132 τά

283 1169 499 1237 σώματα
529 1169 658 1238 μιᾶς
680 1169 833 1233 ὁσίας
854 1169 1008 1239 παρὰ
1025 1169 1134 1223 τῶν
1166 1171 1372 1224 πιστῶν
1399 1170 1611 1240 ἔλαχον.
1631 1171 1848 1223 Τούτων

281 1259 668 1312 τελειωθέντων
697 1261 983 1314 ἐκέλευσεν
1010 1263 1037 1313 6
1090 1261 1584 1332 πρωτοσύμὸουλος
1611 1262 1704 1313 καὶ
1757 1261 1848 1314 τὸν

281 1349 559 1419 Βουδίτζην
588 1352 1094 1421 άποκεφαλισθῆναι
1129 1352 1322 1416 εἰπὼν,
1377 1354 1458 1406 ὅτι
1513 1349 1844 1418 ιιάὶοῦτος,

278 1444 321 1496 el
351 1439 425 1512 ἦν
455 1443 631 1512 ὀρθὸς
656 1445 1030 1512 Χριστιανὸς,
1066 1448 1176 1498 οὐκ
1197 1442 1327 1514 εἶχε
1350 1431 1702 1515 μαγαρίσαι.
1736 1446 1846 1498 Καὶ

277 1534 460 1587 τούτου
493 1536 788 1604 γενομένου
822 1535 1032 1588 καὶτοῦ
1079 1537 1331 1606 σώματος
1376 1537 1540 1590 αὐτοῦ
1595 1537 1846 1608 ῥιφέντος

279 1625 409 1693 μετὰ
439 1625 546 1678 τῶν
577 1626 769 1692 ἁγίων,
798 1626 903 1692 ἔξω
926 1627 1026 1695 τῆς
1052 1627 1270 1696 στοιὸῆς
1289 1627 1494 1681 τούτων
1526 1629 1839 1699 ηὑρίσκετο.

277 1718 380 1769 Καὶ
409 1720 443 1787 ἡ
474 1718 685 1788 κεφαλὴ
711 1719 768 1771 δὲ
797 1707 962 1772 αὑτοῦ
992 1720 1180 1790 πόρρω
1209 1721 1300 1773 τοῦ
1337 1719 1588 1789 σώματος
1624 1717 1713 1786 ἦν,
1749 1722 1844 1774 καὶ

272 1807 364 1876 οὐχ
394 1807 470 1870 ὡς
493 1807 598 1859 τῶν
624 1809 797 1875 ἁγίων
827 1810 1331 1881 συγκεκολλημένη.
1384 1810 1491 1863 Καὶ
1528 1812 1606 1874 είς
1636 1811 1723 1864 τὸν
1753 1830 1843 1864 που

272 1899 440 1967 ταμὸν
496 1900 786 1969 ῥιφέντων,
828 1903 922 1954 καὶ
989 1902 1210 1954 πάντων
1238 1901 1348 1955 τῶν
1403 1903 1674 1972 σωμάτων
1732 1904 1840 1956 τῶν

271 1991 439 2058 ἁγίων
479 1989 767 2059 βλέποντος
791 1992 884 2045 τοῦ
917 1993 1076 2064 ὄχλου
1103 1993 1526 2062 εὐπλοησάντων
1555 1996 1646 2048 καὶ
1674 1995 1752 2058 εἰς
1780 1995 1840 2048 τὸ

271 2082 444 2151 πέραν
467 2081 751 2147 ἐλθόντων,
784 2083 948 2134 αὑτοῦ
983 2083 1142 2152 μόνον
1169 2083 1227 2136 τὺ
1250 2085 1410 2152 σῶμα
1434 2085 1482 2137 οἱ
1511 2084 1841 2154 κροκόδειλοι

269 2172 619 2243 διασύραντες
641 2173 949 2243 κατέκοψαν
971 2174 1062 2227 καὶ
1084 2175 1412 2243 κατέφαγον.

337 2353 408 2428 κ’.
458 2355 517 2408 '0
536 2354 594 2408 δὲ
631 2353 726 2407 τοῦ
753 2355 1045 2423 φιλοσόφου
1073 2354 1300 2419 Λέοντος
1343 2354 1615 2427 μαθητὴς,
1668 2361 1696 2411 ὁ
1748 2375 1842 2411 και

269 2448 515 2518 μηνυτὴς
549 2448 650 2517 τῆς
674 2447 988 2517 προδοσίας,
1039 2447 1296 2518 ἠρωτήθη
1331 2449 1484 2519 παρὰ
1513 2449 1606 2502 τοῦ
1643 2451 1840 2521 ’Λμερ-

269 2538 488 2609 μουμνῆ
520 2539 648 2610 περὶ
674 2539 774 2609 τῆς
801 2539 1110 2609 ἐπιστήμης
1152 2540 1338 2602 αὑτοῦ,
1358 2541 1453 2593 καὶ
1478 2538 1631 2594 εἶπεν
1664 2543 1843 2612 μαθη-

267 2631 368 2701 τὴς
395 2625 537 2683 εἷναι
559 2629 652 2683 τοῦ
679 2630 968 2699 φιλοσόφου
996 2631 1246 2694 Λέοντος.
1299 2631 1537 2694 Ἐκεῖνος
1564 2632 1620 2684 δὲ
1655 2634 1842 2700 μαθὼν

269 2720 454 2784 ὁποῖός
488 2722 634 2774 ἐστιν
662 2723 690 2774 6
721 2721 892 2785 Λέων,
917 2721 1184 2792 ἐπεθύμει
1207 2721 1395 2776 τοῦτον
1432 2723 1582 2786 ἰδεῖν,
1613 2723 1705 2776 καὶ
1721 2724 1844 2789 δούς

263 2829 373 2866 τινι
418 2810 526 2865 τῶν
566 2811 930 2882 αἰχμαλώτων
964 2813 1270 2884 γράμματα
1322 2815 1461 2884 πρὸς
1505 2816 1712 2869 Λέοντα
1754 2806 1843 2868 τὸν

265 2903 560 2972 φιλόσοφον
589 2903 912 2957 ἀπέστειλεν
944 2907 1004 2958 ὲν
1060 2907 1656 2972 Κωνσταντινουπόλει,
1710 2907 1843 2960 ὑπο·

266 2995 533 3067 σχόμενος
565 2995 819 3068 δεύτερον
838 2996 1002 3050 αὐτὸν
1043 2992 1182 3051 εἶναι
1208 2999 1264 3050 ἐν
1289 3001 1444 3069 τιμῇ.
1481 2999 1540 3052 '0
1589 2999 1644 3052 δὲ
1692 2999 1844 3052 Λέων

261 3088 333 3142 τά
354 3089 657 3160 γράμματα
695 3087 985 3142 ἀπολαϐὼν
1020 3090 1267 3158 ἀνήγαγε
1300 3091 1474 3144 ταῦτα
1501 3090 1744 3160 Θεοφίλῳ
1766 3091 1844 3161 τῷ
1869 3069 1914 3131 C

261 3180 502 3252 βασιλεῖ.
544 3182 602 3233 '0
630 3181 686 3233 δὲ
717 3181 881 3249 γνοὺς
901 3181 970 3234 τά
997 3183 1095 3252 τῆς
1131 3182 1328 3236 ἑαυτοῦ
1379 3186 1713 3252 ἐπιστήμης,
1750 3183 1846 3236 καὶ

263 3273 350 3325 ὅτι
409 3271 650 3326 τοιοῦτον
691 3273 853 3341 σοφὸν
877 3273 1048 3344 ἄνδρα
1097 3275 1155 3326 ὲν
1199 3277 1265 3343 τῇ
1290 3273 1442 3326 πόλει
1495 3273 1660 3327 αὐτοῦ
1708 3274 1844 3345 ἔχει,

264 3363 713 3434 προσλαεὸμενος
758 3365 918 3418 αὐτὸν
988 3367 1067 3428 είς
1117 3366 1176 3418 τὸ
1231 3365 1492 3418 παλάτιον
1527 3367 1584 3418 ὲν
1632 3369 1696 3437 τῇ
1729 3367 1850 3420 Μα-

263 3455 484 3527 γναύρᾳ
509 3454 678 3517 ἔθετο,
709 3455 986 3525 παραδοὺς
1010 3455 1158 3526 αὑτῷ
1177 3457 1272 3509 καὶ
1297 3455 1546 3526 μαθητὰς
1574 3457 1846 3510 διδάσκειν

261 3546 397 3606 τοὺς
454 3545 856 3614 εὐφυεστάτους
910 3545 1083 3610 νέων,
1157 3547 1412 3616 παρέχων
1461 3545 1608 3616 αὑτῷ
1667 3548 1847 3599 πᾶσαν

259 3638 565 3692 ἀπάθειαν.
623 3629 791 3701 Οὗτος
859 3638 955 3691 καὶ
1018 3638 1426 3709 μητροπολίτης
1492 3638 1629 3708 μετά
1675 3639 1847 3692 ταῦτα

260 3729 678 3800 Θεσσαλονίκης
704 3730 947 3798 γέγονεν,
985 3731 1090 3783 ὑπὸ
1123 3729 1217 3784 τοῦ
1251 3731 1554 3799 ἀγιωτάτου
1584 3731 1850 3802 πατριάρ-

259 3839 364 3892 χου
394 3821 662 3876 Μεθοδίου
697 3821 1092 3893 χειροτονηθείς
1110 3822 1178 3876 ³⁸.

337 3913 455 3969 κα’.
485 3913 575 3983 Τῷ
607 3912 676 3966 ια’
710 3913 873 3966 αὑτοῦ
928 3913 1038 3966 ἔτει
1086 3911 1262 3976 κτίζει
1319 3916 1346 3966 6
1379 3915 1626 3984 βασιλεὺς
1658 3918 1714 3968 ἐν
1771 3915 1848 3985 τῷ

258 4005 525 4077 παλατίῳ
545 4004 605 4057 τὸ
635 4005 678 4056 Τ
684 4005 936 4075 ρίκογχον
967 4007 1064 4057 καὶ
1096 4004 1156 4058 τὸ
1209 4005 1502 4074 λεγόμενον
1533 4005 1710 4073 Σίγμα
1756 4007 1851 4058 καὶ

252 4098 368 4161 τὰς
399 4096 718 4167 ἀναὸάορας
749 4096 857 4149 τῶν
884 4096 1095 4166 δήμων,
1126 4096 1306 4162 ἵστησι
1326 4095 1381 4147 δὲ
1413 4097 1506 4147 καὶ
1535 4095 1632 4164 τὴν
1654 4095 1851 4165 φιάλην

250 4195 316 4244 ἐν
345 4186 615 4265 ᾖγίνεται
642 4190 702 4242 τὸ
737 4189 1148 4259 σαξιμοδέξιμον
1179 4189 1490 4256 λεγόμενον,
1517 4188 1628 4241 τῶν
1667 4189 1851 4241 ἵππων

249 4285 603 4356 ἀμφοτέρων
652 4283 760 4337 τῶν
791 4283 974 4354 μερῶν
1027 4283 1392 4353 διερχομένων
1451 4283 1588 4353 μετά
1634 4283 1852 4353 χρυσῶν

253 4377 655 4446 σαγισμάτων.
716 4374 853 4426 Ὑπὸ
910 4374 966 4426 δὲ
1024 4375 1084 4425 τδ
1138 4374 1440 4443 Τρίκογχον
1498 4373 1742 4427 κάτωθεν
1766 4373 1853 4425 διὰ

251 4471 531 4542 μηχανῆς
562 4468 786 4538 ἐποίησε
808 4467 867 4519 τὸ
899 4466 1188 4534 λεγόμενον
1218 4467 1556 4535 Μυστήριον,
1596 4468 1652 4518 ἐν
1683 4459 1746 4533 ᾧ,
1794 4469 1850 4518 έν

243 4568 326 4633 τῇ
364 4563 471 4632 μιᾷ
500 4561 674 4630 γωνία
705 4560 734 4611 ὃ
758 4559 852 4610 ἐὰν
879 4559 1006 4628 εἴπῃ
1044 4573 1128 4619 τις
1182 4559 1239 4610 ὲν
1273 4557 1560 4627 μυστηρίῳ
1615 4575 1851 4628 προσκε-

244 4653 486 4721 κυφὼς,
516 4649 835 4718 ἐξακούεται
865 4652 922 4703 ὲν
949 4653 1015 4720 τῇ
1050 4650 1213 4719 ἑτέρᾳ
1253 4649 1524 4720 φανερῶς.

330 4831 450 4902 κβν.
493 4831 584 4884 Ἐν
605 4828 819 4891 τούτοις
886 4827 1074 4897 μαθὼν
1105 4827 1366 4897 Θεόφιλος
1409 4829 1438 4880 6
1478 4829 1730 4899 βασιλεὺς
1769 4831 1851 4883 ὅτι

241 4914 554 4994 Θεοφάνης
587 4925 614 4975 6
643 4920 750 4974 τῶν
775 4920 1244 4990 ἐκκλησιαστικῶν
1280 4921 1520 4973 κανόνων
1540 4921 1632 4974 καὶ
1666 4920 1852 4991 ὓμνων

240 5016 507 5086 ποιητὴς
554 5014 643 5086 IP.
678 5013 805 5086 425]
868 5014 964 5067 καὶ
1015 5012 1290 5081 Θεόδωρος
1329 5012 1357 5064 ὁ
1399 5011 1564 5065 αὑτοῦ
1624 5013 1854 5084 ἀδελφὸς

245 5106 399 5161 καθ’
429 5107 657 5169 ἑαυτοὺς
691 5105 891 5168 ζῶντες
923 5102 1023 5173 τὴν
1052 5103 1308 5155 ἀσέϐειαν
1338 5103 1504 5157 αὑτοῦ
1529 5105 1854 5174 κωμῳδοῦσι

253 5197 365 5249 καὶ
421 5195 810 5265 διελέγχουσιν,
867 5193 1076 5262 ἤγαγεν
1111 5193 1310 5255 αὐτοὺς
1348 5193 1484 5263 πρὸς
1514 5193 1700 5259 αὑτὸν,
1761 5195 1854 5247 καί

255 5305 410 5358 φησι
428 5305 440 5316 ·
473 5288 666 5341 Πόθεν
691 5285 864 5349 ears,-
889 5285 952 5337 Οἱ
979 5284 1036 5336 δὲ
1064 5279 1217 5336 εἷπον
1251 5301 1264 5313 ο
1290 5286 1393 5338 Ἐκ
1413 5285 1846 5352 Παλαιστίνης.

257 5381 433 5432 Κοιὶό
461 5379 719 5446 Θεόφιλος
741 5396 754 5409 ·
779 5379 884 5431 Kal
920 5376 1016 5430 διὰ
1049 5377 1103 5429 τί
1126 5380 1237 5442 τὴν
1270 5375 1391 5446 γῆν
1419 5377 1584 5446 ὑμῶν
1599 5377 1854 5445 ἀφέντες

259 5472 375 5524 καὶ
415 5475 503 5536 εις
553 5471 668 5536 τὴν
708 5469 1001 5539 ἡμετέραν
1045 5469 1326 5534 ἐλθόντες
1380 5471 1452 5522 οὐ
1486 5468 1853 5537 πειθαρχεῖτε

263 5561 349 5632 τῇ
373 5564 673 5630 ,ϐασιλείῃ
698 5581 856 5631 μους
889 5561 1010 5616 Τῶν
1046 5563 1099 5616 δὲ
1155 5563 1320 5634 μηδὲν
1373 5563 1851 5633 ἀποκριναμένων,

1954 545 2062 599 que
2092 529 2261 584 nullis
2293 531 2555 586 aerumnis
2583 547 2647 586 ac
2687 532 3028 586 cruciatibus
3056 531 3254 586 adduci
3308 533 3516 601 potuis-

1954 632 2076 677 sent
2109 632 2168 676 ut
2193 623 2473 677 Christum
2499 633 2784 692 negarent,
2815 623 2998 694 gladio
3032 625 3156 678 cazsi
3210 634 3359 689 sunt,
3413 641 3524 695 prae

1955 721 2309 781 temporanea
2361 713 2574 767 scilicet
2634 723 2896 767 aeternam
2958 714 3125 768 vitam
3182 714 3520 770 adamantes.

1951 802 2225 857 Postridie
2281 801 2335 855 in
2377 803 2580 858 flumen
2639 805 2879 874 projecta
2936 805 3222 859 cadavera.
3255 804 3523 874 Quodque
3583 860 3586 863 .

1950 911 2168 949 onmem
2220 894 2400 948 vincit'
2450 894 2891 961 admirationem,
2935 897 3370 967 nniuscujdsque
3435 893 3528 952 ab-

1950 986 2182 1040 scissum
2225 994 2392 1055 caput
2420 1000 2541 1038 cum
2592 993 2907 1039 suotrunco
2943 987 3156 1038 unitum
3195 993 3279 1039 est
3309 1001 3372 1039 ac
3395 1000 3528 1038 con-

1951 1087 2292 1143 sertum;ac
2327 1077 2690 1130 sicutanima:
2716 1076 2906 1130 in‘uno
2959 1078 3238 1132 collocatae
3277 1077 3524 1147 paradisi

1947 1170 2091 1234 loco,
2132 1171 2210 1225 sic
2232 1177 2288 1224 et
2316 1185 2550 1239 corpora
2583 1179 2899 1223 sanctorum
2927 1185 3038 1224 uno
3073 1171 3264 1226 funere
3291 1187 3320 1224 a
3351 1170 3524 1224 fideli-

1950 1260 2054 1314 bus
2073 1261 2215 1314 elata
2238 1267 2385 1313 sunt.
2432 1259 2526 1314 His
2566 1261 2808 1330 peractis
2851 1261 3017 1330 jussit
3075 1261 3525 1330 protosymhulus

1950 1360 2010 1405 ut
2037 1359 2090 1404 et
2119 1351 2329 1404 Buditzi
2363 1360 2526 1419 caput
2579 1351 2918 1414 auferretur,
2966 1350 3157 1404 dicens
3185 1369 3197 1403 :
3247 1367 3363 1404 cum
3390 1369 3522 1421 quo-

1948 1459 2067 1513 que,
2092 1444 2137 1496 si
2161 1453 2332 1497 rectus
2369 1444 2551 1512 fuisset
2601 1442 2954 1506 Christianus,
3003 1459 3277 1513 nunquam
3327 1443 3524 1496 Maha-

1949 1538 2108 1590 mct/zi
2149 1539 2314 1590 sacris
2368 1537 2702 1590 imbuendum
2735 1538 2865 1605 fore.
2925 1536 3024 1589 Illo
3064 1535 3247 1603 itaque
3283 1536 3522 1599 sublato,

1946 1630 2066 1697 ejus
2094 1629 2329 1683 cadaver
2358 1644 2464 1682 una
2491 1643 2616 1682 cum
2667 1628 2874 1682 sanctis
2915 1627 3244 1695 projectum,
3278 1634 3431 1678 extra
3462 1625 3526 1678 il-

1947 1719 2127 1772 lorum
2156 1727 2364 1773 struem
2407 1726 2688 1786 repertum
2721 1725 2841 1770 est:
2883 1713 3056 1768 sedet
3081 1721 3244 1780 caput
3269 1711 3459 1780 procul
3493 1726 3524 1764 a

1950 1822 2147 1865 trunco
2178 1821 2450 1865 semotum
2477 1819 2616 1871 erat,
2654 1823 2756 1861 nec
2791 1807 2948 1860 velut
2989 1805 3168 1873 capita
3208 1813 3524 1857 sanctorum

1949 1902 2027 1955 illi
2057 1901 2381 1955 cohmserat.
2418 1898 2686 1968 Projectis
2709 1911 2928 1966 quoque
2962 1894 3015 1948 in
3047 1893 3249 1947 flumen
3276 1892 3525 1962 corpori-

1949 1995 2073 2055 bus,
2105 2008 2230 2046 cum
2259 1999 2578 2046 sanctorum
2597 1988 2780 2042 omnia
2799 2002 3030 2055 corpora
3066 1993 3347 2053 spectante
3366 1983 3524 2052 plebe

1948 2085 2109 2140 facile
2139 2088 2456 2138 enatassent
2483 2078 2648 2150 640
2693 2092 3022 2148 amnemque
3071 2084 3523 2139 transmeassent,

1947 2180 2068 2249 ejus
2091 2176 2257 2230 unius
2279 2189 2483 2244 corpus
2510 2170 2772 2227 crocodili
2809 2177 3046 2224 tractum
3072 2168 3526 2236 discerptumque

1948 2278 2235 2326 VOFRTUHI.

2019 2365 2107 2420 20.
2134 2363 2336 2419 Leonis
2363 2370 2548 2416 autem
2578 2357 2896 2429 philosophi
2946 2354 3276 2423 discipulus,
3321 2351 3418 2420 qui
3469 2357 3526 2404 et

1949 2457 2317 2528 proditionem
2351 2453 2726 2513 denuntiarat,
2760 2449 2828 2503 de
2852 2465 2950 2502 sua
2978 2446 3210 2502 scientia
3237 2445 3306 2498 ab
3331 2445 3526 2497 Amer—

1951 2563 2174 2602 mumne
2201 2548 2575 2615 interrogatus
2614 2541 2816 2596 Leonis
2849 2555 2908 2595 se
2945 2535 3261 2608 philosophi
3283 2535 3529 2604 discipu-

1951 2641 2064 2694 lum
2095 2638 2376 2708 professus
2406 2644 2511 2689 est.
2543 2635 2639 2688 Ille
2683 2647 2874 2702 porro,
2906 2630 2997 2683 ubi
3030 2635 3275 2698 quantus
3305 2626 3390 2678 vir
3415 2624 3530 2680 Leo

1951 2737 2096 2783 esset
2125 2727 2355 2791 audivit,
2383 2726 2502 2794 ejus
2533 2722 2755 2777 videndi
2788 2719 3067 2775 desiderio
3114 2731 3382 2771 accensus
3431 2714 3528 2767 uni

1951 2821 2115 2876 alicui
2173 2819 2518 2888 captivorum
2574 2815 2720 2869 datis
2748 2813 2951 2889 litteris
2995 2809 3164 2864 Leoni
3194 2807 3532 2878 philosopho

1949 2916 2162 2986 Cpolim
2187 2913 2430 2983 scripsit,
2464 2921 2762 2979 sancteque
2796 2910 2874 2962 illi
2935 2906 3207 2962 secundas
3237 2905 3306 2959 ab
3335 2919 3394 2958 se
3425 2903 3528 2957 ho-

1951 3008 2107 3062 noris
2127 3015 2311 3074 partes
2326 3002 2548 3058 obtulit.
2605 3001 2712 3055 Leo
2752 3000 2954 3055 litteris
2983 2998 3226 3068 acceptis
3245 2996 3312 3052 ad
3345 2997 3530 3051 Theo-

1948 3100 2160 3170 philum
2203 3097 2411 3150 retulit.
2446 3093 2788 3162 Theophilus
2831 3091 3115 3159 explorata
3138 3089 3245 3143 viri
3298 3088 3529 3143 scientia

1949 3205 2013 3244 ac
2049 3182 2139 3243 ubi
2164 3197 2375 3241 tantum
2412 3184 2692 3238 hominem
2746 3191 2968 3235 nactum
3004 3195 3061 3233 se
3093 3179 3147 3232 in
3173 3179 3396 3233 civitate
3431 3194 3527 3232 eo-

1949 3278 2157 3349 gnovit,
2199 3281 2543 3344 assumptum
2589 3271 2743 3324 illum
2793 3271 2847 3323 in
2877 3271 3081 3338 palatio
3135 3269 3190 3321 in
3237 3267 3529 3336 Magnaura

1951 3370 2319 3431 constituens,
2371 3366 2634 3435 omnique
2669 3365 2883 3418 donans
2945 3360 3319 3424 immunitate,
3375 3359 3531 3425 inge-

1950 3463 2313 3518 nuosissimos
2336 3460 2714 3514 adolescentes
2745 3455 3066 3524 disciplinas
3116 3453 3318 3506 docere
3343 3449 3526 3520 jussit.

1950 3558 2054 3613 Hic
2102 3565 2292 3627 postea
2345 3551 2753 3608 Thessalonica:
2815 3546 3165 3616 metropolita
3208 3552 3449 3606 creatus,
3500 3558 3528 3595 a

1950 3649 2298 3707 sanctissimo
2330 3645 2645 3718 patriarcha
2683 3641 2964 3698 Methodio
2994 3639 3165 3711 gradu
3215 3645 3400 3692 motus
3423 3645 3527 3690 est.

2023 3920 2114 3973 21.
2146 3922 2306 3973 Anno
2339 3918 2462 3986 ejus
2511 3914 2807 3970 undecimo
2858 3912 3093 3967 exstruit
3139 3912 3440 3978 imperator
3477 3909 3531 3962 in

1955 4010 2157 4082 palatio
2181 4009 2555 4062 Triconchum
2587 4006 2928 4070 cubiculum,
2972 4013 3027 4058 et
3057 4004 3203 4072 quod
3238 4003 3421 4072 Sigma
3444 4017 3534 4055 vo-

1956 4111 2104 4166 cant,
2136 4100 2446 4172 gradusque
2472 4113 2536 4152 ac
2564 4096 2824 4152 subsellia
2846 4095 3169 4151 factionum.
3198 4093 3376 4147 Struit
3400 4107 3533 4147 vero

1955 4195 2120 4250 etiam
2158 4192 2426 4255 Phialam,
2473 4192 2529 4245 in
2577 4204 2684 4259 qua
2718 4187 2775 4242 fit
2821 4187 2969 4257 quod
3034 4184 3534 4241 Saximodeximum

1956 4293 2177 4349 vocant,
2215 4294 2570 4352 utrarumque
2604 4283 2842 4352 partium
2895 4279 3056 4348 equis
3097 4278 3532 4337 transeuntibus.

1957 4379 2143 4451 aureis
2188 4376 2436 4432 instratis
2471 4375 2751 4446 stragulis.
2784 4373 2899 4428 Sub
2947 4371 3260 4427 Triconcho
3301 4370 3536 4424 inferius

1959 4481 2166 4528 structa
2201 4470 2454 4525 machina
2496 4467 2646 4531 fecit,
2673 4465 2820 4536 quod
2854 4475 3050 4519 vocant
3103 4463 3449 4535 )lysterium;
3481 4462 3534 4514 in

1956 4563 2117 4636 65.1
2145 4577 2276 4632 quo,
2321 4559 2593 4631 quidquid
2628 4557 2828 4627 aliquis
2861 4555 2915 4610 in
2945 4571 3056 4609 uno
3079 4554 3279 4624 angulo
3305 4567 3423 4607 sese
3451 4552 3537 4604 in-

1960 4659 2177 4712 clinans
2202 4661 2422 4709 secreto
2443 4652 2664 4706 locutus
2688 4649 2878 4712 fuerit,
2908 4648 2963 4701 in
2990 4647 3098 4701 alio
3127 4647 3275 4702 clare
3307 4643 3536 4700 exaudi-

1961 4759 2070 4802 tur.

2032 4840 2122 4895 ‘22.
2153 4841 2300 4894 inter
2336 4839 2451 4893 haec
2498 4843 2783 4905 comperto
2841 4833 3185 4903 Theophilus
3241 4833 3540 4901 imperatur

1961 4931 2354 5001 Theophanem
2381 4927 2883 4988 ecclesiasticarum
2907 4941 3180 4980 canonum
3212 4940 3274 4978 ac
3298 4913 3540 4977 cantich-

1962 5043 2083 5081 rum
2117 5033 2418 5087 auctorem,
2449 5038 2574 5076 cum
2605 5021 2898 5076 Theodoro
2929 5020 3120 5082 fratre,
3173 5032 3360 5072 secum
3391 5016 3541 5084 ipsos

1962 5125 2188 5188 agentes
2216 5113 2365 5168 illius
2399 5112 2740 5182 impietatem
2773 5109 3033 5179 sugillare
3061 5123 3126 5163 ac
3155 5122 3406 5178 arguere,
3434 5105 3537 5159 sibi

1959 5205 2085 5259 illos
2124 5203 2241 5256 sisti
2273 5201 2465 5272 jubet,
2500 5201 2724 5272 aitque:
2781 5198 2930 5254 Unde
2978 5197 3150 5251 estis?
3183 5196 3352 5250 Aiunt
3405 5192 3483 5246 illi
3523 5211 3536 5246 :

1965 5292 2048 5346 Ea:
2098 5290 2410 5345 Palwstiua.
2459 5287 2599 5342 Tum
2649 5287 3035 5356 Theophilus:
3073 5283 3210 5350 Quid
3257 5298 3431 5336 causa:
3465 5290 3539 5334 est

1963 5399 2058 5435 cur
2084 5399 2200 5434 cmn
2223 5382 2398 5450 patria
2431 5379 2615 5432 relicta
2646 5380 2699 5431 in
2724 5377 2901 5431 urbem
2925 5377 3191 5440 veneritis,
3218 5391 3415 5430 morem
3436 5389 3538 5427 non

1962 5475 2161 5543 geratis
2186 5488 2312 5526 mea:
2331 5472 2598 5541 majestati
2621 5469 2868 5536 ?Quibus
2888 5470 3022 5524 nihil
3055 5466 3537 5537 respondentibus,

1964 5577 2155 5615 eorum
2187 5559 2322 5614 dure
2352 5560 2518 5614 facies
2561 5560 2767 5628 percuti
2817 5560 2993 5629 jubet.
3038 5559 3175 5612 'l'um
3218 5556 3424 5613 taureis
3472 5554 3537 5612 ad

1553 5655 1789 5709 VAer’E
1843 5655 2244 5710 LECTIONES.

348 5747 399 5780 “
430 5749 776 5818 καθαιρεθεὶς
806 5765 991 5815 margo
