3962 6200
269 264 352 329 703

1319 258 1683 320 ANNALES.
1724 284 1795 293 —
1830 254 2341 316 THEOPHILUS.

3368 257 3475 320 706

264 372 384 437 ὑπὲρ
410 371 635 437 ταύτην
662 370 776 436 τὴν
790 387 897 439 μοί
913 370 1123 436 τυρῖαν
1146 367 1224 436 ἣν
1247 368 1585 438 ἐπιφέρεται
1605 365 1803 435 (δείξας

1925 363 2378 432 sponditsanctus
2412 361 2745 427 Methodius,
2784 363 2970 433 aitque
3007 379 3065 417 eo
3111 363 3251 433 quod
3301 379 3477 419 secum

261 466 336 532 τὴν
356 465 406 515 ὲν
436 461 513 532 τῷ
544 460 820 532 προσώπῳ
860 461 1100 531 γραφὴν)
1128 460 1438 528 κρείττονα
1489 460 1561 512 οὺ
1626 457 1796 511 θέλω.

324 637 407 693 κδ’.
438 641 499 691 Ἀ
512 638 621 709 ξιον
647 637 704 691 δὲ
732 637 916 691 λοιπὸν
948 638 1041 691 κοιλ⁸
1068 636 1167 707 τὴν
1201 637 1308 689 ἀπὸ
1337 634 1636 703 τοῦ.τάφου
1669 635 1800 689 ἀνά-

260 732 427 802 κλησιν
458 732 552 784 τοῦ
574 731 719 785 ὁσίου
754 730 1016 785 Μεθοδίου
1068 727 1455 800 διηγήσασθαι.
1503 727 1628 780 Ἐπὶ
1664 726 1803 780 ἑπτά

257 827 348 894 γὰρ
380 822 588 891 χρόνοις
621 823 681 874 ὲν
716 821 791 890 τῷ
833 820 1123 890 δεινοτάτῳ
1162 820 1257 872 καὶ
1308 817 1627 888 στενωτάτῳ
1647 816 1803 887 τάφῳ

263 916 375 987 μετᾶ
399 913 489 967 δύο
514 912 725 984 λῃστῶν
760 912 1149 973 κατάκλειστος
1176 908 1437 979 γεγονὼς,
1466 909 1573 961 ὑπὸ
1606 908 1802 978 Θεοφί-

259 1004 335 1058 λου
358 1005 509 1058 τοῦτο
537 1005 674 1074 μετὰ
703 1003 925 1075 δαρμῶν
954 1002 1244 1072 ἀφορήτων
1282 1001 1380 1053 καὶ
1428 1000 1526 1069 τὴν
1554 998 1659 1052 τῶν
1685 1015 1803 1050 σια-

258 1100 404 1166 γόνων
431 1094 736 1157 θλάσινκκαὶ
761 1094 859 1163 τὴν
880 1093 989 1145 τῶν
1013 1092 1239 1144 ὀδόντων
1268 1089 1560 1161 ἔκρίζωσιν
1589 1088 1677 1140 διὰ
1704 1087 1805 1158 τὴν

257 1187 348 1240 τῶν
367 1186 531 1255 ἁγίων
553 1185 776 1238 εἰκόνων
806 1182 1176 1253 προσκύνησιν
1199 1177 1642 1241 καταδικασθεὶς,
1665 1177 1803 1247 ὀπὴν

260 1272 439 1342 μικράν
475 1271 633 1339 μόνον
660 1270 874 1340 ἔχοντος
923 1269 1015 1322 τοῦ
1054 1273 1355 1339 μνήματος,
1404 1266 1472 1320 δι’
1497 1260 1562 1337 ἦς
1588 1267 1687 1337 τὴν
1716 1266 1806 1317 εὑ-

255 1360 365 1429 τελῆ
387 1361 591 1433 τροφήν
615 1376 674 1411 τε
698 1360 791 1412 καὶ
820 1359 881 1411 τὸ
900 1358 1043 1430 ὕδωρ
1082 1358 1408 1427 ἐλάμϐανεν,
1466 1356 1665 1426 συνέϐη
1725 1353 1805 1425 τῷ

255 1453 472 1523 δευτέρῳ
501 1451 611 1503 ἔτει
638 1451 729 1503 τὸν
752 1450 848 1504 ἕνα
876 1451 985 1504 τῶν
1015 1450 1229 1521 λῃστῶν
1277 1452 1454 1503 ἐκεῖσε
1488 1448 1801 1501 ἀποθανεῖν.

259 1545 380 1598 Ἵστε
410 1544 467 1596 δὲ
517 1544 733 1607 πάντως
763 1545 850 1598 οἵα
877 1544 1111 1597 δυσωὸία
1140 1544 1236 1597 καὶ
1282 1544 1581 1613 σκωλήκων
1604 1541 1806 1612 βρῶσις

252 1635 337 1690 τοῦ
360 1635 608 1704 σώματος
644 1636 739 1689 τοῦ
768 1637 866 1706 τῆς
896 1635 1076 1706 ψυχῆς
1130 1634 1455 1704 ἐξελθούσης
1500 1631 1803 1686 τίκτεσθαι.

1902 455 1994 508 ille
2009 456 2176 524 defert
2223 453 2544 521 (ostendens
2582 453 2900 522 inscriptam
2944 453 3183 507 frontem
3219 466 3283 505 ac
3320 467 3476 507 eom-

1901 546 2183 617 punctum)
2214 544 2423 599 nullum
2457 560 2512 598 se
2540 544 2727 598 melius
2753 545 3111 605 testimonium
3134 543 3291 598 velle.

1973 634 2061 690 2-4.
2094 633 2212 688 Jam
2262 649 2393 688 vero
2449 648 2631 703 opera:
2673 632 2912 703 pretium
2957 633 3125 688 sit.ut
3172 642 3231 688 et
3255 630 3480 689 modum

1901 740 2243 786 enarremus,
2282 739 2391 792 quo
2417 739 2447 778 ο
2484 723 2738 792 sepulcro
2779 732 3003 779 sanctus
3044 724 3356 781 Methodius
3388 739 3479 779 re-

1901 826 2132 871 vocatus
2169 823 2273 868 est.
2299 814 2419 869 Jam
2477 814 2570 869 ille
2625 830 2801 869 annos
2846 825 3057 885 septem
3109 830 3233 870 cum
3264 815 3480 871 duobus

1902 906 2211 962 latronibus
2240 905 2523 959 dirissimo
2558 905 2985 976 arctissimoque
3028 907 3284 976 sepulcro
3310 907 3488 962 inclu-

1903 1013 1997 1053 sus
2019 1006 2208 1067 egerat
2231 1013 2246 1063 ;
2283 996 2374 1051 cui
2401 996 2742 1066 Theophilus
2760 1005 2884 1067 post
2909 998 3206 1054 durissima
3224 1000 3481 1065 verbera,

1903 1090 2151 1143 maxillas
2172 1088 2428 1143 eﬁ‘ractas
2472 1103 2538 1142 ac
2585 1088 2782 1144 dentes
2849 1104 3131 1151 excussos,
3177 1090 3247 1144 ob
3270 1092 3483 1147 cultum

1905 1195 2183 1235 sacrarum
2208 1178 2504 1249 imaginum
2550 1195 2705 1233 reum
2734 1179 3041 1235 addixerat.
3073 1181 3345 1253 Exiguum
3400 1181 3485 1235 fo-
3570 1221 3594 1233 ρ

1905 1287 2097 1327 ramen
2118 1270 2283 1344 644
2306 1279 2430 1326 erat
2460 1271 2516 1325 in
2568 1281 2945 1336 monumento,
2982 1287 3093 1341 quo
3119 1272 3281 1326 vilem
3317 1273 3367 1326 ei
3399 1289 3486 1328 es-

1906 1379 2026 1419 cam
2054 1372 2110 1419 et
2135 1379 2331 1434 aquam
2363 1363 2693 1419 inferebant.
2718 1364 2891 1418 Porro
2951 1363 3182 1433 contigit
3230 1371 3483 1420 vertente

1906 1470 2052 1509 anno
2106 1455 2282 1509 altero
2314 1464 2376 1509 ut
2415 1456 2693 1511 latronum
2735 1455 2874 1508 alter
2902 1469 2969 1509 eo
3021 1455 3076 1507 in
3104 1456 3280 1510 lustro
3314 1464 3480 1525 atque

1907 1547 2107 1617 angulo
2144 1546 2291 1601 diem
2350 1547 2654 1602 clauderet.
2707 1546 2865 1601 Haud
2913 1562 3050 1603 vero
3083 1563 3309 1617 prorsus
3347 1548 3484 1602 latet

1906 1644 2146 1706 quantus
2167 1651 2197 1691 e
2222 1635 2487 1692 cadavere
2518 1636 2685 1693 fmtor
2714 1635 2955 1698 exhalet,
2987 1644 3190 1704 quanta
3221 1638 3487 1691 vermium

265 1730 658 1799 Ἐκαρτέρησαν
693 1724 786 1782 οὖν
818 1728 867 1781 οί
904 1730 1164 1797 γενναῖοι,
1206 1728 1234 1780 ὃ
1267 1744 1326 1781 τε
1367 1726 1514 1788 ὅσιος
1542 1724 1804 1786 Μεθόδιος

1925 1728 1993 1782 vis
2031 1728 2284 1792 ebulliat,
2326 1728 2422 1782 ubi
2466 1728 2708 1783 humano
2767 1728 2880 1782 fato
2931 1729 3169 1782 animam
3197 1729 3483 1784 efﬂaverit.

252 1821 340 1874 καὶ
359 1823 383 1873 ὸ
402 1817 810 1889 ὲναπολειφθεὶς
834 1818 1060 1891 λῃστὴς,
1095 1817 1195 1888 τὴν
1249 1816 1806 1889 τοιαύτηνιὰνάγκην.

266 1908 569 1974 Ἑπταετίας
593 1905 684 1963 οὖν
720 1909 1102 1981 πληρωθείσης
1151 1908 1428 1976 ὲξέλκεται
1456 1910 1483 1960 ὀ
1521 1908 1669 1970 ὅσιος
1712 1904 1808 1958 τοῦ

209 2025 225 2039 ο
250 2005 410 2072 τάφου
438 2003 626 2073 τρόπῳ
656 2001 843 2072 τοιῷδε
870 2018 887 2036 ο
931 2002 990 2054 '0
1035 2000 1285 2070 βασιλεὺς
1316 1998 1577 2067 Θεόφιλος
1616 1995 1810 2066 σχολὴν

252 2097 309 2148 ἑν
335 2094 577 2164 μελέταις
621 2094 761 2165 ἔχων
814 2094 1059 2161 εὑρίσκει
1112 2092 1248 2146 Θεοῦ
1290 2093 1518 2163 προνοίᾳ
1551 2091 1694 2159 ἐντῇ
1727 2088 1810 2158 βι-

250 2186 499 2259 σλιοθήκῃ
536 2187 628 2240 τοῦ
682 2186 948 2241 παλατίου
1001 2185 1219 2259 γραφὴν
1244 2187 1309 2256 ἢν
1336 2184 1527 2252 νοῆσαι
1548 2184 1648 2235 οὐκ
1680 2179 1812 2251 ἡδύ-

250 2295 386 2331 νατο.
439 2279 654 2347 Πέμπει
701 2274 794 2331 οὖν
850 2278 1057 2348 ταύτην
1093 2277 1172 2348 τῷ
1204 2277 1516 2348 πατριάρχῃ
1564 2277 1810 2345 Ἰωάννῃ,

248 2369 443 2437 ὁμοίως
472 2368 527 2419 δὲ
548 2371 643 2420 καὶ
665 2368 744 2438 τῷ
776 2369 1054 2438 φιλοσόφῳ
1112 2368 1300 2422 Λέοντι
1329 2370 1386 2421 ἐν
1410 2371 1474 2438 τῇ
1504 2366 1811 2435 Μαγναύρςᾳ

248 2463 344 2530 τὴν
376 2460 735 2529 φιλοσοφίαν,
782 2461 860 2525 ὡς
911 2462 1271 2532 προείρηται,
1318 2460 1664 2512 διδάσκοντιο
1716 2456 1814 2508 καὶ

247 2554 539 2623 ἀμφότεροι
568 2551 1011 2624 ἐματαιώθησαν.
1047 2551 1128 2625 [Ρ.
1156 2551 1284 2623 427]
1306 2552 1569 2604 Λυπεῖται
1597 2550 1625 2601 ὁ
1654 2548 1814 2616 βασι-

247 2646 369 2710 λεὺς
403 2645 728 2715 ἀγανακτῶν
749 2647 875 2715 περὶ
901 2645 1117 2707 τούτου,
1167 2643 1259 2695 ἐπί
1287 2658 1429 2694 τισιν
1453 2639 1685 2713 ἡμέραις
1715 2655 1815 2691 κα·

246 2737 421 2807 τηφὴς
459 2738 553 2789 καὶ
609 2735 843 2807 ἄτροφος
886 2735 1108 2802 διάγων.
1147 2735 1352 2805 Θαῤῥεί
1375 2750 1458 2793 τις
1490 2731 1598 2783 τῶν
1626 2729 1814 2782 κουόι-

248 2827 569 2900 κουλαρίων,
591 2830 684 2881 καί
716 2844 851 2898 φησι
871 2828 948 2898 τῷ
978 2825 1222 2895 βασιλεῖ’
1266 2826 1518 2890 Ταύτην,
1547 2817 1815 2874 δέσποτὰ

240 2936 380 2989 μου,
412 2919 610 2984 οὐδεὶς
634 2918 824 2984 ἄλλος
846 2915 1223 2986 διασαφῆσαι
1259 2916 1507 2969 δύναται
1534 2912 1648 2981 τὴν
1677 2927 1813 2980 γρα-

245 3011 373 3080 φὴν
414 3014 467 3065 ει
514 3011 603 3080 μὴ
635 3013 667 3064 ὀ
720 3011 791 3063 ἐν
831 3008 909 3074 τῷ
949 3009 1210 3079 μνήματι
1261 3003 1815 3074 ἀποκεκλεισμένος

246 3071 555 3167 ᾖέθόδιοξ.
588 3071 752 3155 ’Ἀλλ’
789 3103 840 3154 εί
870 3071 1099 3155 κελεύει
1132 3102 1197 3153 τὸ
1242 3099 1455 3167 κράτος
1486 3071 1815 3164 σουξλαμ-
1844 3071 1885 3128 c

247 3194 403 3248 ὄὰνω
427 3193 544 3262 ἐγὼ
568 3194 637 3246 τὰ
671 3193 1019 3263 ζητούμενα.
1053 3191 1151 3245 καὶ
1192 3190 1514 3258 πορεύομαι
1538 3185 1689 3255 πρὸς
1714 3186 1819 3239 αὺ-

246 3286 357 3338 τὸν
398 3283 500 3336 διὰ
545 3283 661 3352 τῆς
683 3285 909 3348 νυκτὸς
957 3283 1037 3347 ὡς
1067 3281 1225 3348 παρὰ
1246 3279 1486 3348 γνώμην
1515 3276 1624 3344 τῆς
1648 3276 1820 3340 ,βασι-

245 3375 417 3440 λείας
475 3388 625 3427 σου’
680 3373 778 3427 καὶ
823 3373 1058 3438 πάντως
1099 3370 1374 3439 λαμϐάνῃ
1420 3368 1537 3437 τὴν
1597 3369 1822 3421 τούτων

243 3466 565 3536 ἑρμηνείαν
593 3466 1022 3535 ἀναμρίόολον.
1060 3464 1121 3518 '0
1153 3464 1210 3517 δὲ
1238 3462 1554 3516 κατένευσε.
1590 3460 1700 3512 Καὶ
1724 3455 1821 3511 τοῦ

244 3557 700 3625 κουὸικουλαρίου
730 3556 1060 3618 ἀπελθόντος
1102 3554 1238 3625 πρὸς
1271 3555 1370 3621 τὴν
1394 3553 1583 3623 νῆσον,
1616 3547 1824 3621 μακρό-

243 3652 336 3705 θεν
369 3651 452 3702 ἔτι
513 3649 666 3712 ὖντος
698 3648 885 3715 αὐτοῦ,
941 3648 1140 3719 ἤκουεν
1169 3646 1263 3699 τοῦ
1318 3646 1467 3699 ὁσίου
1527 3644 1777 3713 λὲγοντος
1803 3656 1818 3672 ·

240 3742 462 3809 Καλῶς
490 3739 710 3820 ἦλθες,
776 3722 1001 3810 ἀδελφέ
1051 3739 1301 3807 Ἰωάννη
1341 3734 1821 3803 κουϐικουλάριε.

241 3836 435 3898 Οὕτως
453 3837 563 3904 γάρ
592 3834 895 3903 ὡνόμαστο.
925 3827 1068 3885 Οἶδα
1084 3830 1158 3911 δι’
1183 3829 1213 3882 ὃ
1245 3826 1428 3898 ἦλθες
1452 3824 1823 3889 ἀποσταλείς

239 3926 408 3995 παρὰ
437 3927 754 3995 Θεοφίλου.
788 3924 943 3980 Ἀλλ’
976 3922 1185 3988 ἐπίδος
1205 3937 1305 3989 μοι
1331 3920 1559 3990 χάρτην
1591 3915 1687 3970 καὶ
1714 3916 1823 3984 μέ-

233 4017 386 4068 λαν.
418 4013 532 4067 Καὶ
561 4011 738 4066 λαϐὼν
790 4014 883 4067 ἐπὶ
919 4013 1100 4083 τρισὶν
1138 4010 1326 4063 λύσεσι
1369 4007 1541 4061 ταῦτα
1591 4005 1823 4070 ἐξέθετο.

237 4107 432 4176 ’Δπερ
456 4106 722 4174 ἀναγνοὺς
744 4106 773 4159 ὁ
810 4104 1066 4175 Θεόφιλος
1088 4102 1423 4173 ἐθαύμασεν,
1452 4099 1548 4152 καὶ
1573 4095 1829 4150 ἀποστείο

231 4196 342 4260 λας
375 4198 612 4268 ἦνεγκεν
644 4198 809 4252 αὑτὸν
862 4200 919 4250 ἐν
945 4195 1023 4268 τῷ
1068 4196 1339 4265 παλατίῳ,
1361 4193 1457 4246 καὶ
1513 4189 1829 4257 ἐσκήνωσεν

230 4291 325 4352 είς
366 4288 740 4359 τὸλεγόμενον
770 4290 862 4357 Σίγ
875 4306 951 4360 μα
984 4288 1212 4358 πλησίον
1234 4285 1427 4350 αὑτοῦ,
1445 4279 1830 4355 παραγγείλας

1913 1818 2237 1874 Sustinuere
2274 1828 2455 1874 tamen
2481 1819 2608 1873 forti
2637 1819 2821 1874 animo
2857 1818 2959 1872 viri
2999 1819 3135 1888 (tum
3158 1834 3355 1888 nempe
3380 1819 3491 1873 Me-

1914 1908 2137 1962 thodius
2168 1917 2284 1962 tum
2342 1907 2489 1969 latro
2518 1908 2598 1962 illi
2627 1908 2789 1963 alteri
2824 1907 3126 1977 superstes)
3176 1908 3488 1963 istiusmodi

1912 1981 2318 2054 necessitatem.
2368 2001 2669 2071 Septeunio
2709 2002 2897 2073 itaque
2943 2005 3162 2074 expleto
3202 2020 3302 2075 per
3342 2005 3491 2060 hunc

1912 2091 2133 2145 modum
2160 2092 2242 2146 vir
2272 2102 2494 2148 sanctus
2518 2095 2832 2150 extrahitur
2857 2112 2869 2148 :
2895 2095 3234 2167 Theophilus
3258 2095 3492 2165 impera—

1916 2190 2003 2236 tor
2022 2183 2153 2237 dum
2179 2185 2487 2239 studiorum
2506 2186 2713 2256 aliquid
2728 2187 3049 2251 meditatur,
3072 2189 3167 2242 Dei
3192 2188 3489 2257 providen-

1914 2276 1988 2330 tia
2021 2277 2073 2330 in
2108 2278 2296 2346 palatii
2323 2277 2658 2333 bibliotheca
2686 2280 2954 2350 scriptum
2993 2280 3237 2334 libellum
3272 2280 3488 2346 incidit,

1914 2367 2069 2435 cujus
2095 2368 2309 2437 assequi
2339 2385 2561 2423 sensum
2586 2368 2812 2424 minime
2839 2371 3037 2439 potuit.
3069 2369 3232 2433 Mittit
3253 2385 3383 2441 ergo
3418 2372 3486 2425 ad

1914 2457 2177 2512 Joannem
2203 2461 2595 2527 patriarcham,
2623 2461 2880 2516 similiter
2912 2477 3133 2531 quoque
3164 2462 3230 2515 ad
3251 2461 3493 2519 Leonem

1916 2547 2327 2616 philosophum.
2390 2551 2447 2603 in
2482 2549 2776 2620 Magnaura
2822 2551 3229 2621 philosophiam
3283 2551 3488 2606 docen-

1920 2644 2050 2705 tem,
2078 2646 2136 2690 ut
2167 2654 2197 2691 a
2226 2639 2389 2694 nobis
2412 2640 2617 2693 dictum
2665 2648 2750 2695 est
2781 2641 3054 2712 superius.
3085 2642 3384 2697 Amborum
3412 2653 3496 2697 ta-

1918 2747 2042 2785 men
2090 2730 2271 2785 inanis
2326 2741 2556 2787 conatus
2602 2732 2728 2788 fuit.
2783 2732 2945 2789 llinc‘
2976 2735 3278 2804 imperator
3303 2750 3492 2789 amaro

1917 2822 2103 2877 animo
2155 2840 2220 2879 ac
2264 2823 2751 2905 indignabundus.
2803 2825 2922 2880 dies
2974 2826 3183 2896 aliquot
3238 2842 3495 2883 morosus

1918 2914 2152 2984 ciboque
2197 2916 2479 2973 abstinens
2509 2918 2640 2989 agit.
2667 2908 3177 2974 Interim-cubiculo
3209 2916 3495 2987 praefecto-

1920 3021 2042 3058 rum
2066 3021 2174 3061 non
2204 3023 2385 3070 nemo,
2406 3020 2687 3079 assumpta
2716 3010 2933 3067 ﬁducia.
2964 3009 3019 3064 in
3050 3010 3166 3064 hare
3192 3009 3309 3064 fere
3325 3007 3496 3062 verba

1918 3097 2094 3165 ipsum
2152 3098 2499 3168 alloquitur:
2562 3101 2736 3166 llatw,
2789 3103 2997 3154 domine
3039 3103 3131 3169 mi,
3175 3102 3497 3168 srripturam

1920 3186 2058 3239 alius
2092 3204 2241 3241 nemo
2274 3190 2540 3259 explicare
2595 3200 2762 3259 potest
2805 3192 2906 3243 nisi
2943 3192 3033 3260 qui
3060 3193 3115 3242 in
3159 3198 3496 3245 monumenta

1918 3277 2153 3332 inclusus
2177 3290 2384 3333 tenetur
2412 3280 2719 3335 Methodius.
2743 3279 2845 3334 Sed
2869 3282 2916 3334 si
2950 3282 3098 3350 jubet
3141 3280 3496 3357 sacra‘maje-

1917 3378 2051 3429 stas.
2079 3371 2305 3440 acceptis
2334 3388 2450 3440 qua:
2466 3373 2634 3425 dubiw
2658 3373 2962 3443 qucestionis
2998 3380 3141 3438 sunt,
3184 3382 3338 3425 noctu
3359 3371 3498 3426 velut

1923 3473 1972 3516 te
1997 3465 2159 3519 inscio
2194 3465 2262 3517 ad
2290 3479 2406 3517 eum
2454 3480 2709 3534 pergam;
2753 3481 3071 3536 pronusque
3112 3464 3244 3519 nihil
3284 3466 3501 3519 dubiam

1922 3573 1985 3610 ac
2012 3556 2293 3625 ancipitem
2330 3557 2703 3624 expositionem
2751 3558 3001 3628 referam.
3032 3557 3243 3612 Annuit
3267 3558 3501 3629 impera.

1922 3657 2040 3714 tor;
2097 3649 2459 3719 profectoque
2494 3639 2560 3703 in
2606 3649 2842 3704 insulam
2884 3649 3248 3715 cubiculario,
3280 3665 3346 3704 ac
3375 3665 3501 3703 cum

1923 3740 2081 3811 longe
2103 3740 2284 3794 adhuc
2315 3739 2525 3809 positus
2550 3748 2719 3804 esset,
2754 3738 2908 3794 audit
2930 3749 3181 3805 sanctum
3200 3740 3499 3795 dicentem:

1925 3831 2067 3885 Bene
2122 3832 2345 3897 veneris,
2381 3831 2552 3900 frater
2584 3832 2818 3887 Joannes
2872 3833 3188 3887 cubicularie
3223 3834 3327 3904 (sic
3354 3833 3502 3887 enim

1926 3924 2017 3977 ille
2040 3921 2385 3992 vocabatur),
2418 3924 2523 3976 scio
2573 3924 2913 3993 quamobrem
2957 3925 3145 3978 missus
3173 3941 3227 3977 es
3268 3942 3300 3977 a
3338 3923 3504 3995 645

1930 4012 2232 4083 Theophila.
2252 4012 2441 4067 Verum
2470 4016 2621 4067 trade
2644 4016 2884 4068 chartam
2916 4023 2965 4068 et
2990 4014 3503 4081 atramentquta

1929 4112 2174 4172 accepta.
2210 4103 2412 4173 triplici
2447 4106 2724 4160 solutione
2754 4106 2958 4159 nodum
2979 4107 3296 4176 explicavit.
3323 4105 3504 4166 Lectis

1928 4210 2064 4249 vero
2085 4209 2208 4265 qua:
2230 4194 2321 4250 ille
2340 4196 2662 4266 scripserat,
2686 4197 3027 4267 Theophilus
3050 4197 3346 4263 admirari;
3376 4197 3506 4251 mit-

1933 4297 2163 4360 tensque
2196 4290 2253 4342 in
2274 4289 2539 4359 palatium
2572 4291 2717 4355 tulit,
2755 4307 2820 4346 ac
2855 4307 3026 4363 prope
3053 4308 3116 4347 se
3147 4292 3204 4348 in
3227 4291 3506 4357 cubiculo,

234 4383 464 4455 μηδένα
483 4383 591 4437 ἀπὸ
611 4383 720 4436 τῶν
754 4384 857 4450 ἔξω
891 4383 971 4446 εἰς
1005 4380 1168 4435 αὑτὸν
1198 4378 1544 4451 εἰσέρχεσθαι
1573 4376 1715 4445 πλὴν
1735 4370 1819 4427 τοῐ

1936 4381 2082 4453 quod
2118 4383 2300 4453 Sigma
2328 4393 2547 4448 vocant,
2589 4383 2845 4440 habitare
2867 4384 3162 4454 praecepit;
3190 4393 3508 4441 exterarum

231 4473 657 4546 ὑπουργοῦντος
689 4473 767 4547 τῷ
796 4475 1058 4544 Θεοφίλῳ.
1101 4473 1273 4536 Αὐτὸς
1331 4472 1388 4524 δὲ
1415 4468 1535 4522 καθ’
1591 4468 1831 4535 ἑκάστην

228 4566 392 4639 πρὸς
419 4566 584 4620 αὐτὸν
616 4568 902 4639 εἰσήρχετο
924 4567 1016 4620 καὶ
1059 4564 1167 4619 τῶν
1212 4560 1563 4633 ζητουμένων
1589 4559 1829 4611 ἐποιεῖτο

228 4660 350 4731 τὴν
383 4658 634 4729 ἔρευναν.
683 4659 740 4713 '0
774 4660 829 4712 δέ
870 4676 932 4729 γε
969 4657 1353 4725 καταλειφθεὶς
1395 4655 1576 4707 ἐκεῖσε
1601 4650 1829 4722 λῃστὴς,

230 4751 466 4821 καίπερ
486 4750 731 4820 ἀφεθεὶς,
768 4752 868 4805 οὐκ
892 4732 1157 4823 ἠθέλησεν
1197 4745 1458 4814 ἐξελθεῖν,
1484 4745 1620 4798 άλλά
1641 4743 1833 4798 αὐτόθι

228 4842 635 4915 ἐτελεύτησεν,
689 4845 938 4916 σημείοις
982 4845 1078 4897 καὶ
1138 4841 1332 4912 τέρασι
1379 4837 1639 4910 μεγάλοις
1669 4851 1839 4891 κατα-

227 4936 585 5009 κοσμηθείς.

1939 4476 2242 4547 quemlibet
2269 4475 2335 4531 ad
2366 4491 2494 4530 eum
2530 4476 2815 4548 accedere,
2848 4492 2959 4532 uno
2991 4476 3258 4545 duntaxat
3278 4482 3510 4546 exsepto

1940 4568 2091 4623 illius
2143 4567 2421 4631 ministro,
2464 4567 2772 4637 prohibuit.
2805 4567 2924 4639 Ipse
2974 4582 3109 4625 vero
3141 4566 3390 4638 quotidie
3440 4567 3510 4620 ad

1939 4674 2068 4714 eum
2098 4658 2433 4729 ingrediens,
2462 4658 2512 4714 si
2533 4674 2657 4729 qua:
2685 4659 2868 4717 dubia
2892 4658 3216 4728 quaestionis
3234 4667 3414 4721 erant,
3443 4672 3514 4715 ex

1942 4750 2039 4804 illo
2064 4749 2412 4819 exquirebat.
2440 4749 2606 4804 Latro
2632 4758 2816 4805 autem
2851 4750 2908 4805 in
2951 4750 3213 4820 sepulcro
3263 4748 3511 4813 relictus.

1943 4856 2279 4912 quamquam
2331 4840 2474 4896 liber
2503 4841 2766 4896 dimissus
2812 4850 2952 4906 erat,
2987 4841 3139 4899 exire
3166 4840 3387 4904 noluit,
3418 4839 3516 4897 sed

1944 4932 2158 5003 magnis
2189 4932 2360 5003 signis
2384 4947 2449 4987 ac
2470 4922 2744 5005 prodigiis
2772 4934 2988 5005 fulgens
3008 4948 3075 4991 eo
3099 4932 3218 5004 ipso
3249 4932 3373 4990 loco
3392 4932 3518 4989 vita

1940 5024 2104 5080 ﬁnem
2126 5024 2278 5080 fecit.
2850 5058 2853 5061 -

190 5058 207 5193 ἱ
316 5116 434 5171 κε’.
472 5115 563 5188 Τῷ
609 5115 755 5187 αὐτῷ
792 5114 969 5187 καιρῷ
1013 5115 1268 5186 ἐπεσενή
1308 5116 1486 5186 χρυσῆ
1537 5113 1632 5168 τοῦ
1663 5109 1837 5183 φανοῦ

227 5209 440 5279 τοῦφα
494 5210 551 5263 ὲν
603 5208 680 5279 τῷ
720 5208 1067 5279 Αὑγουστείῳ
1108 5205 1513 5267 ’1ουστινιανοῡ.
1550 5205 1645 5259 καὶ
1686 5204 1841 5275 ἐδόθη

226 5302 331 5373 τῷ
371 5300 628 5373 σκαλωτῇ
653 5303 800 5372 παρὰ
822 5300 914 5354 τοῦ
935 5300 1195 5370 βασιλέως
1219 5300 1529 5371 νομίσματα
1551 5304 1618 5369 ρ’.
1648 5298 1841 5367 Στέφει

228 5396 305 5449 δὲ
348 5394 618 5464 Θεόφιλος
665 5395 888 5466 Μιχαὴλ
934 5396 1024 5449 τὸν
1053 5392 1165 5447 υἱὸν
1206 5391 1371 5447 αὐτοῦ
1402 5394 1459 5445 έν
1495 5394 1561 5461 τῇ
1609 5388 1841 5461 Μεγάλῃ

230 5487 558 5560 ἐκκλησία,
591 5488 1084 5559 φιλοτιμησάμενος
1128 5485 1363 5551 πάντας,
1403 5484 1478 5548 ὠς
1507 5482 1647 5550 ἔθος,
1677 5482 1734 5535 ὲν
1762 5482 1840 5553 τῷ

234 5580 545 5653 στεψίμῳ.
624 5594 645 5603 ‘

324 5678 455 5739 σις’.
490 5669 579 5744 Τῷ
601 5671 665 5744 ιβ’
683 5672 845 5728 αὑτοῦ
876 5671 984 5726 ἔτει
1010 5670 1364 5741 πεπλήρωται
1387 5669 1445 5723 ὃν
1466 5667 1838 5723 κατεσκεύασε

2009 5118 2101 5172 25.
2161 5118 2368 5173 Eodem
2418 5129 2665 5189 tempore
2717 5120 2919 5175 cecidit
2970 5133 3177 5175 aureus
3204 5115 3403 5187 globus
3436 5114 3518 5172 la-

1941 5221 2112 5267 terum
2144 5211 2198 5267 in
2228 5210 2511 5283 Augusteo
2542 5211 2838 5267 Justiniani
2864 5228 2879 5277 ;
2911 5210 3137 5279 datique
3169 5205 3518 5264 scandulariu

1944 5313 2168 5359 centum
2202 5304 2435 5370 nummi,
2471 5318 2708 5374 quorum
2740 5302 2831 5357 illa
2878 5302 3057 5372 pretio
3106 5302 3384 5356 restituta.
3418 5298 3522 5355 Co~

1947 5408 2109 5452 ronat
2138 5412 2272 5453 vero
2308 5397 2655 5469 Theophilus
2683 5395 3006 5452 Michaelem
3041 5394 3217 5450 tilium
3241 5392 3299 5448 in
3330 5393 3522 5464 Magna

1947 5490 2180 5549 ecclesia
2200 5531 2214 5554 ,
2248 5498 2591 5562 cunctosque
2622 5489 2916 5561 magniﬁce
2945 5488 3137 5554 donat,
3181 5486 3269 5544 uti
3288 5487 3349 5543 in
3371 5487 3520 5560 ejus—

1946 5581 2093 5637 modi
2116 5582 2601 5653 inaugurationum
2623 5580 2909 5638 soleumiis
2936 5581 3108 5637 moris
3124 5589 3229 5637 est.

2013 5674 2102 5728 26.
2152 5674 2312 5730 Anno
2340 5675 2558 5746 imperii
2585 5674 2883 5745 Theophili
2907 5674 3241 5731 duodecim
3268 5673 3523 5732 absoluta
