3962 6200
409 281 513 345 707

1599 273 1976 334 Sl’llEilNlS
2014 273 2380 332 MAGISTRI

3547 269 3658 330 708

409 405 493 451 est
554 394 750 448 domus
807 388 1112 463 hospitalis,
1165 404 1327 458 quam
1371 402 1521 440 mine
1553 386 1847 454 Theophili
1889 401 1984 437 vo-

2092 383 2310 450 Ξενῶνα,
2344 383 2436 436 τὸν
2472 383 2563 435 νῦν
2593 382 2854 450 Θεοφίλου
2885 383 3196 451 λεγόμενον,
3250 376 3397 433 οἶκον
3447 379 3545 448 μὲν
3588 382 3658 432 τά

409 493 572 548 cant;
625 481 957 550 fueruntque
1007 480 1248 547 primum
1304 477 1500 530 lsidori
1543 477 1764 545 patricii
1814 475 1976 537 :edes,

408 575 528 645 ejus
589 575 683 642 qui
751 572 924 625 Roma
979 584 1104 624 cum
1151 568 1378 639 Olybrio
1408 568 1559 621 venit
1616 567 1981 621 Constantino

411 682 604 736 magno
634 668 997 735 imperatore;
1047 662 1346 732 multisque
1377 661 1638 730 deinceps
1673 661 1828 713 annis
1877 659 1980 712 im—

410 760 682 828 peratoris
705 757 935 811 addictze
961 755 1111 820 ﬁsco,
1134 755 1404 808 nobilium
1433 753 1629 807 scortis
1655 753 1980 805 feminarum

410 849 783 903 habitaculum
815 850 1121 917 praebuere.
1160 846 1342 899 Leone
1374 853 1555 897 autem
1590 843 1777 896 Isauro
1811 841 1982 909 impc-

411 949 630 1005 ratore,
676 955 796 1009 quae
841 939 986 992 aedes
1039 939 1272 1005 lupanar
1324 943 1515 994 erant,
1554 933 1606 985 in
1656 933 1981 1001 hospitalem

409 1032 633 1085 domum
670 1039 978 1084 cesserunt.
1034 1028 1171 1082 Exin
1205 1026 1568 1080 Constantino
1617 1025 1799 1076 lreues
1846 1023 1979 1083 ﬁlio,

409 1131 768 1192 posteaquam
803 1136 831 1173 a
867 1127 1039 1173 matre
1069 1126 1373 1172 excmcatus
1416 1117 1614 1180 fuerat,
1661 1115 1859 1168 domus
1884 1129 1981 1165 ex-

411 1213 627 1266 stitere.
689 1212 852 1281 646
905 1209 1022 1274 Quo
1055 1209 1317 1262 defuncto
1342 1208 1489 1260 illius
1516 1222 1652 1260 uxor
1687 1204 1984 1258 sanctimo-

413 1305 573 1358 nialis
602 1303 912 1356 institutum
942 1302 1214 1369 amplexa,
1241 1299 1635 1354 monasterium
1655 1295 1982 1358 construxit,

409 1413 472 1452 ac
502 1397 781 1451 Metanma:
821 1396 896 1466 (ill
928 1405 1011 1450 est
1040 1397 1402 1464 pmnitentize)
1451 1395 1808 1463 nuncupavit.
1857 1393 1982 1446 Tri-

410 1489 559 1542 clinii
589 1489 754 1558 igitur
782 1489 1014 1542 maxima
1051 1490 1335 1545 confracta
1361 1489 1546 1543 trabes
1571 1489 1788 1541 ruinam
1814 1487 1987 1539 mina-

409 1578 591 1631 batur.
651 1578 1111 1634 Sanctimoniales
1172 1595 1303 1634 vero
1356 1581 1478 1633 illac
1530 1578 1634 1632 iter
1692 1577 1983 1631 habentem

411 1671 780 1738 Theophilum
803 1686 963 1742 Opem
995 1673 1143 1726 ferre
1170 1683 1453 1743 rogarunt.
1481 1672 1575 1726 llle
1602 1671 1784 1739 itaque
1821 1677 1986 1738 caput

411 1759 773 1826 protendens,
810 1741 1145 1830 domumque
1176 1741 1527 1830 conspiciens
1559 1775 1622 1813 ac
1652 1776 1716 1813 ea
1749 1759 1988 1813 delecta-
2021 1741 2061 1797 Β

412 1861 518 1913 tus,
564 1853 1077 1908 smict'rmonialibus
1113 1853 1165 1906 in
1201 1853 1348 1906 aliud
1381 1851 1774 1906 monasterium
1809 1847 1987 1903 trans-

412 1943 561 2010 latis,
603 1946 891 2014 omnisque
916 1945 1134 2014 generis
1169 1954 1366 1998 ornatu
1403 1945 1619 1997 exculta
1664 1943 1848 2002 domo,
1890 1957 1987 2009 pe-

417 2037 649 2108 regrinis
675 2035 1018 2106 excipiendis
1073 2036 1363 2104 hospitalis
1421 2036 1529 2087 ritu
1585 2050 1706 2088 eam
1757 2034 1984 2096 addixit,

415 2129 720 2198 opibusque
751 2144 815 2183 ac
845 2128 1108 2198 pomeriis
1139 2128 1528 2196 locupletatam
1563 2126 1853 2194 Theophili
1892 2141 1986 2177 vo-

416 2222 579 2275 cavit.

480 2337 569 2390 27.
595 2333 927 2405 Dysenteriaa
949 2341 1130 2386 autem
1160 2332 1352 2384 morbo
1378 2331 1636 2385 laborans
1665 2331 1984 2400 imperator,

414 2423 641 2491 ejusque
669 2423 891 2490 gravius
915 2421 1201 2474 doloribus
1222 2421 1521 2483 cruciatus,
1547 2421 1835 2474 consilium
1863 2436 1986 2473 cum

320 2544 331 2557 ο
415 2514 537 2569 suis
594 2513 904 2584 gregalibus
956 2513 1023 2568 de
1069 2512 1408 2580 Theophobo
1460 2513 1622 2566 Persa
1676 2512 1795 2565 init.
1850 2511 1986 2566 Cum

414 2601 561 2656 enim
595 2617 704 2654 non
737 2602 976 2655 nesciret
1001 2601 1171 2654 multa
1211 2615 1337 2654 eum
1363 2600 1506 2669 apud
1536 2601 1745 2663 Persas,
1774 2603 1906 2670 quin
1934 2609 1990 2656 et

415 2692 556 2762 apud
584 2707 872 2761 procerum
897 2707 1005 2746 non
1037 2707 1262 2760 paucos,
1291 2693 1497 2761 pollere
1529 2692 1633 2747 ﬁde
1657 2694 1832 2762 iisque
1858 2694 1988 2747 cha—

416 2783 694 2838 rissimum
726 2799 867 2848 esse,
909 2783 1092 2840 timuit
1123 2800 1190 2838 ne
1225 2785 1366 2838 forte
1397 2785 1514 2855 ipso
1546 2786 1683 2839 vivis
1713 2796 1985 2856 exempto,

417 2887 601 2943 spreto
649 2875 916 2929 Michaele
972 2876 1107 2941 ﬁlio,
1158 2876 1376 2946 imperii
1426 2877 1602 2931 fasces
1651 2877 1988 2946 TheOphobo

2088 479 2280 546 πρῶτα
2349 477 2609 545 γεγονότα
2691 475 2962 545 Ἰσιδὼρου
3034 473 3321 543 πατρικίου
3389 472 3484 524 τοῦ
3551 473 3660 525 ἀπὸ

2103 569 2325 639 Ῥώμης
2360 571 2498 638 μετά
2563 568 2845 638 Ὀλυόρίου
2896 568 3211 630 ἀνελθόντος
3246 567 3338 619 ἐπὶ
3370 567 3664 618 Κωνσταν-

2088 659 2232 712 τίνου
2285 661 2377 712 τοῦ
2429 663 2666 730 μεγάλου
2701 701 2716 725 ,
2773 661 2913 731 μετά
2969 661 3026 734 δὲ
3090 659 3317 729 χρόνους
3374 660 3664 712 ἐκδοθέντα

2089 751 2434 822 κουρατὼρια
2481 756 2559 814 εἰς
2595 753 2655 806 τὸ
2697 754 2972 806 κατοικεῖν
3015 752 3193 803 ὲκεῖσε
3235 750 3500 817 γυναῖκας
3556 748 3667 801 τῶν

2088 845 2324 912 εὐγενῶν
2386 846 2459 916 μὴ
2512 846 2713 908 εἰδυίας
2756 845 3076 914 σωφρονεῖν.
3165 843 3290 894 Ἐπὶ
3339 841 3395 894 δὲ
3434 841 3666 903 Λέοντος

2087 938 2181 990 τοῦ
2235 937 2478 1008 Ἰσαύρου
2544 939 2868 1008 ξενοδοχεῖον
2931 938 3033 989 ύπ⁴
3088 936 3258 990 αὑτοῦ
3305 937 3367 987 ἐκ
3404 934 3664 1004 πορνείου

2091 1030 2476 1099 ἐχρημάτισεν.
2516 1027 2647 1082 Εἶτα
2678 1030 2902 1097 γέγονεν
2937 1025 3084 1090 οἶκος
3121 1025 3530 1080 Κωνσταντίνου
3563 1025 3667 1093 τῆς

2090 1121 2326 1190 Εἰρήνης
2362 1121 2478 1173 υίοῦ
2534 1123 2670 1191 μετά
2705 1121 2801 1191 τὴν
2851 1121 2956 1173 ὑπὸ
2987 1120 3087 1189 τῆς
3127 1120 3328 1190 μητρὸς
3375 1121 3668 1186 γεγονυῖαν

2090 1213 2167 1270 είς
2202 1213 2362 1263 αὑτὸν
2389 1211 2680 1280 τύφλωσιν.
2729 1213 3168 1282 Τελευτήσαντος
3198 1211 3253 1262 δὲ
3276 1209 3438 1262 αὐτοῦ
3471 1210 3667 1279 ηγυνὴ

2089 1301 2254 1352 αὑτοῦ
2299 1301 2582 1369 μονάσασα
2627 1302 2992 1371 μοναστήριον
3041 1301 3204 1352 αὐτὸν
3255 1298 3669 1352 κατεσκεύασεν

2091 1393 2186 1444 καὶ
2215 1393 2284 1443 τὰ
2317 1393 2621 1455 Μετανοίας
2660 1392 2940 1446 ἐκάλεσεν.
2966 1391 3129 1445 Ξύλον
3157 1386 3250 1444 οὗν
3283 1391 3539 1460 μέγιστον
3567 1389 3663 1441 τοῦ

2091 1484 2366 1553 τρικλίνου
2411 1486 2758 1538 ἀποκλασθὲν
2805 1477 3020 1554 ἠπείλει
3066 1486 3293 1549 πτῶσιν,
3325 1486 3380 1537 αἱ
3411 1483 3470 1534 δὲ
3497 1482 3667 1551 μονά-

2093 1576 2278 1639 ζουσαι
2331 1577 2424 1629 τοῦ
2483 1577 2748 1646 βασιλέως
2824 1577 2907 1648 [Ρ.
2953 1576 3080 1648 428]
3122 1577 3474 1648 διερχομένου
3534 1577 3670 1644 περὶ

2092 1665 2255 1718 αὑτοῦ
2290 1666 2608 1737 ἐδεήθησαν.
2641 1668 2932 1732 Ἐκνεύσας
2960 1669 3050 1722 οὖν
3080 1670 3172 1721 καὶ
3189 1669 3278 1720 τὸν
3295 1663 3442 1720 οἷκον
3463 1665 3669 1719 θεασά-

2094 1775 2251 1826 μενος
2295 1760 2388 1811 καὶ
2417 1761 2668 1830 ἀρεσθεὶς
2705 1763 2998 1831 μετοικίζει
3045 1762 3144 1830 μὲν
3194 1760 3291 1822 τάς
3321 1758 3671 1828 μοναζούσας

2090 1855 2147 1905 ἐν
2171 1853 2330 1922 ἑτέρᾳ
2361 1856 2515 1923 μονῇ,
2540 1856 2702 1908 αὑτὸν
2731 1855 2787 1907 δὲ
2822 1855 3010 1924 κόσμῳ
3045 1852 3284 1923 παντοίῳ
3315 1851 3669 1912 καλλωπίσας

2094 1945 2300 2009 ξενῶνα
2337 1949 2659 2019 πεποίηκεν,
2688 1949 2904 2011 ἐπιδοὺς
2927 1949 3184 2019 χρήματα
3207 1948 3302 2001 καὶ
3334 1947 3667 2017 προάστεια,

2092 2041 2182 2089 καὶ
2210 2038 2275 2089 τὰ
2303 2038 2562 2108 Θεοιρίλου
2594 2039 2958 2108 ἐπονομάσας.

2161 2329 2263 2390 κζ’.
2299 2327 2673 2398 Δυσεντερικῷ
2693 2328 2748 2380 δὲ
2783 2329 3050 2398 νοσήματι
3085 2328 3414 2398 περιπαρεὶς
3445 2327 3472 2378 ὁ
3505 2325 3672 2396 βασι-

2089 2419 2213 2482 λεὺς
2248 2420 2442 2490 βουλὴν
2475 2419 2786 2490 βουλεύεται
2829 2422 2965 2489 μετά
2996 2421 3104 2474 τῶν
3140 2422 3458 2491 ὁμοφρόνων
3492 2418 3668 2472 αὑτοῦ

2091 2512 2218 2581 περὶ
2260 2513 2529 2581 Θεοφόϐου
2563 2512 2658 2565 τοῦ
2705 2513 2939 2582 Πέρσου.
2999 2511 3170 2574 Εἰδὼς
3210 2512 3318 2581 γάρ
3342 2513 3424 2564 ὅτι
3456 2507 3673 2578 πολλὴν

2090 2601 2270 2653 πίστιν
2307 2604 2400 2654 καὶ
2444 2601 2662 2671 ἀγάπην
2705 2603 2917 2672 ἔχουσιν
2947 2603 3026 2664 είς
3051 2601 3213 2654 αὐτὸν
3245 2602 3295 2653 οἱ
3336 2602 3538 2669 Πέρσαι
3562 2599 3671 2650 καὶ

2089 2693 2154 2745 ἐκ
2184 2693 2290 2746 τῶν
2321 2696 2377 2746 ὲν
2413 2694 2557 2746 τέλει
2601 2695 2699 2746 οὐκ
2728 2694 2922 2760 ὀλίγοι,
2959 2693 3202 2763 ἐφοϐήθη
3235 2695 3307 2762 μή
3341 2709 3454 2753 πως
3488 2688 3672 2743 αὐτοῦ

2087 2785 2508 2854 τελευτήσαντος
2539 2785 2700 2838 αὐτὸν
2725 2786 3108 2854 καταστήσωσι
3151 2784 3396 2855 βασιλέα,
3430 2782 3518 2833 τὸν
3543 2780 3676 2833 υἱὸν

2090 2876 2255 2928 αὑτοῦ
2293 2875 2509 2945 Μιχαὴλ
2547 2876 2937 2945 ἀπωσάμενον
2978 2877 3070 2928 καὶ
3103 2873 3425 2952 ἀποστείλας
3448 2872 3680 2940 ἢγαγεν

419 2965 718 3021 deferrent.
775 2967 995 3021 Mittens
1043 2968 1228 3036 itaque
1281 2968 1336 3021 in
1385 2968 1645 3037 palatium
1681 2969 1976 3025 adductum

2092 2966 2247 3020 αὑτὸν
2285 2968 2342 3020 ἐν
2380 2967 2457 3036 τῷ
2502 2965 2748 3036 παλατίῳ
2795 2965 2891 3018 καὶ
2934 2968 2992 3018 ὲν
3044 2966 3276 3036 τηρήσει
3307 2962 3468 3032 εἶχεν.
3526 2959 3674 3014 Εἶτα

415 3073 542 3112 eum
583 3059 687 3113 sub
719 3058 965 3113 custodia
1008 3057 1266 3112 habebat.
1325 3057 1534 3113 Exinde
1575 3059 1986 3129 ingravescente

419 3150 616 3204 morbo
645 3151 894 3206 cervices
929 3151 1009 3204 illi
1044 3150 1292 3205 abscindi
1321 3152 1499 3221 jubet.
1553 3152 1864 3222 Videusque
1895 3169 1989 3206 ex-

416 3249 626 3295 sectum
659 3252 844 3311 caput,
902 3241 1047 3307 lam,
1082 3242 1282 3312 inquit,
1320 3243 1639 3313 Thc0phobe,
1683 3252 1792 3297 tum
1839 3254 1892 3297 tu
1932 3245 1987 3298 in

413 3331 540 3386 vivis
566 3348 674 3385 esse
713 3333 933 3397 desiisli,
980 3343 1090 3387 tum
1120 3351 1213 3404 ego
1239 3337 1378 3388 curis
1407 3335 1608 3389 solutus
1649 3353 1798 3400 sum;
1837 3336 1987 3391 diro-

415 3439 522 3492 que
550 3439 674 3477 mox
706 3425 956 3478 cruciatu
990 3425 1131 3478 male
1163 3426 1415 3493 spiritum
1465 3427 1702 3496 abrupit.
1763 3429 1893 3497 Ejus
1932 3428 1989 3481 in

416 3510 515 3564 SS.
548 3510 933 3579 Apostolorum
964 3512 1166 3564 elatum
1201 3511 1386 3576 funus,
1425 3511 1748 3582 Theophobi
1777 3512 1831 3564 in
1871 3513 1990 3581 ejus

417 3602 641 3655 domum
684 3617 855 3670 prope
915 3601 1164 3656 Narsetis
1217 3603 1382 3656 ardes.
1447 3603 1592 3656 Inter
1644 3603 1761 3658 haec
1807 3603 1990 3656 Persis

416 3691 843 3758 exquirentibus
895 3690 1296 3757 'I‘heophobum
1327 3733 1342 3756 ,
1386 3692 1518 3761 quid
1557 3692 1746 3762 utique
1788 3693 1880 3745 illo
1910 3692 1989 3746 fa-

416 3792 564 3836 ctum
601 3792 769 3846 esset,
825 3785 1008 3836 vivere
1055 3798 1180 3836 eum
1214 3783 1267 3836 in
1309 3784 1510 3852 palatio
1547 3783 1710 3838 aulici
1741 3800 1990 3839 asserue-

419 3881 568 3927 runt.
632 3873 796 3946 647
847 3873 1171 3928 Percrebuit
1219 3874 1489 3929 hactenus
1551 3890 1613 3929 ea
1659 3870 1799 3930 fama
1841 3876 1988 3946 apud

419 3964 635 4061 Persas,
697 3964 1096 4034 Theophobum
1143 3963 1562 4034 haudquaquam
1624 3977 1856 4022 mortem
1893 3982 1991 4038 gu-

419 4061 613 4111 stasse.

549 4191 917 4246 Romanorum
943 4191 1233 4260 imperator
1255 4190 1480 4244 Michael
1508 4201 1556 4244 et
1583 4191 1867 4247 Theodoro.

2091 3058 2348 3129 βαρηθεὶς
2373 3058 2477 3109 ὑπὸ
2505 3058 2602 3126 τῆς
2621 3056 2776 3108 νόσου
2802 3056 3130 3127 προστάσσει
3157 3052 3678 3123 ἀποκεφαλιτθῆναι

2090 3149 2269 3203 αὐτόν.
2303 3150 2410 3203 Kal.
2439 3148 2536 3218 τὴν
2568 3149 2809 3218 κεφαλὴν
2842 3148 2965 3201 ἰδὼν
2997 3147 3101 3216 ἔφη
3128 3161 3141 3176 ⁶
3165 3148 3351 3214 "Apri,
3381 3143 3675 3210 Θεόφοϐε,

2087 3241 2188 3296 καὶ
2238 3241 2320 3296 σὺ
2369 3241 2678 3305 ἀι·επαύης
2733 3241 2831 3294 καὶ
2891 3239 3006 3308 ἐγὼ
3061 3240 3496 3306 ἀπεφρόντισα.
3547 3235 3681 3286 Καὶ

2089 3333 2250 3395 εὐθὺς
2275 3333 2334 3385 τὸ
2358 3332 2575 3401 πνεῦμα
2605 3331 2768 3386 αὐτοῦ
2799 3331 2985 3394 κακῶς
3008 3332 3100 3384 καὶ
3118 3329 3389 3398 ὀδυνηρῶς
3415 3327 3681 3399 ἀπέρῤηο

2092 3426 2168 3490 ξε.
2237 3426 2309 3478 Τὸ
2354 3425 2410 3476 δὲ
2459 3425 2618 3495 σῶμα
2665 3423 2830 3478 αὐτοῦ
2874 3427 2951 3487 εἰς
3005 3424 3095 3476 τὸν
3139 3424 3268 3476 ναὸν
3303 3422 3411 3474 τῶν
3458 3420 3680 3487 Ἀγίων

2103 3511 2438 3567 Ἀποστόλων
2483 3509 2852 3580 ἀπεκομίσθη,
2894 3511 2955 3561 τὸ
2978 3509 3036 3563 δὲ
3059 3508 3152 3561 τοῦ
3184 3507 3452 3574 Θεοφόόου
3488 3506 3546 3557 ὲν
3573 3504 3674 3575 τῷ

2089 3603 2222 3673 οἴκῳ
2251 3602 2413 3658 αὑτοῦ
2446 3603 2672 3674 πλησίον
2708 3604 2815 3655 τῶν
2857 3602 3100 3673 Ναρσοῦ.
3148 3602 3270 3654 Ἐπὶ
3313 3599 3518 3662 τούτοις
3548 3597 3676 3650 τῶν

2092 3695 2314 3762 Περσῶν
2337 3695 2744 3765 ἐπιζητούντων
2773 3695 2864 3747 τὸν
2891 3694 3178 3761 Θεόῳοϐον,
3212 3694 3262 3744 τί
3301 3693 3406 3762 ἄρα
3439 3690 3674 3757 γέγονε,

2089 3787 2139 3838 oi
2173 3788 2264 3839 τοῦ
2302 3786 2569 3857 βασιλέως
2615 3787 2838 3840 ἔπεισαν
2871 3785 3068 3848 αὐτοὺς
3097 3788 3154 3838 ὲν
3183 3785 3260 3856 τῷ
3291 3782 3535 3852 παλατίῳ
3574 3780 3676 3833 δε-

2091 3877 2365 3930 emacem.
2429 3875 2615 3946 Τούτῳ
2644 3875 2721 3945 τῷ
2747 3878 2934 3945 τρόπῳ
2965 3876 3316 3945 διαϐεϐόηται
3346 3872 3493 3941 παρά
3518 3871 3677 3941 Πέρ-

2092 3983 2212 4031 σαις
2243 3968 2370 4038 ἄχρι
2399 3967 2506 4020 τῶν
2535 3961 2637 4020 ὦδε
2678 3968 2885 4037 χρόνων
2945 3966 3177 4020 θανάτου
3237 3965 3312 4037 μὴ
3359 3960 3678 4033 γεύσασθαι

2087 4059 2180 4112 τὸν
2209 4060 2496 4128 Θεὸφοὸον.

2210 4199 2506 4266 Ῥωμαίων
2524 4197 2826 4263 ,βασιλεὺς
2864 4195 3106 4266 Μιχαὴλ
3138 4195 3235 4249 καὶ
3263 4195 3550 4262 Θεοδώρα.

490 4331 543 4388 1.
585 4329 776 4387 Mundi
807 4345 985 4385 annus
1017 4328 1178 4391 6555,
1207 4328 1406 4383 divina:
1439 4329 1832 4384 incarnationis
1862 4329 1984 4394 855,

2163 4324 2233 4371 α’.
2261 4315 2480 4384 Κόσμου
2516 4312 2635 4376 ἔτος
2666 4313 2840 4379 ,ςτλέ,
2881 4313 2982 4381 τῆς
3007 4311 3157 4375 θείας
3183 4309 3512 4381 σαρκώσεως
3545 4307 3675 4372 ἔτος

417 4427 786 4481 Romanorum
822 4421 1122 4491 imperator
1157 4419 1386 4474 Michael
1412 4429 1468 4474 et
1495 4420 1783 4474 Theodora
1813 4436 1988 4476 annos

417 4517 506 4579 H,
543 4513 777 4568 Michael
818 4513 970 4567 solus
1000 4527 1174 4567 annos
1202 4511 1285 4575 10,
1323 4510 1522 4565 Basilio
1547 4511 1755 4582 collega
1782 4528 1985 4566 annum

416 4608 469 4670 l,
500 4619 724 4660 menses
752 4605 806 4666 4,
846 4603 1011 4658 simul
1043 4606 1219 4656 annos
1246 4601 1335 4664 27,
1367 4617 1584 4655 menses
1616 4603 1667 4656 4.
1699 4601 1987 4657 Theodora

413 4708 538 4747 cum
571 4692 659 4761 pia
693 4699 841 4746 esset
868 4700 924 4744 et
955 4689 1133 4744 ﬁdelis
1163 4697 1220 4744 et
1249 4691 1574 4755 orthodoxa,
1594 4692 1792 4746 marito
1810 4693 1988 4747 adhuc

412 4785 470 4840 in
514 4783 658 4837 vivis
688 4789 882 4853 agente
913 4796 1099 4836 sacras
1133 4780 1402 4852 imagines
1428 4782 1641 4837 colebat
1671 4797 1734 4836 ac
1765 4798 1989 4837 venera-

409 4875 594 4932 batur.
662 4873 792 4928 Haec
826 4886 926 4926 sua
963 4871 1081 4940 ipsa
1115 4871 1415 4937 sententia,
1456 4873 1729 4942 simulque
1774 4873 1850 4927 illi
1886 4888 1986 4927 au-

411 4969 566 5020 ctore
615 4973 674 5020 et
721 4963 978 5017 hortante
1012 4963 1335 5018 Theoctisto
1369 4964 1601 5018 caniclei
1643 4965 1898 5033 praefecto
1931 4974 1988 5020 et

410 5055 715 5125 logotheta,
753 5053 983 5122 impium
1030 5053 1398 5122 patriarcham
1446 5053 1710 5108 Joannem
1741 5053 1987 5108 Ecclesia

420 5148 594 5218 ejicit,
625 5147 845 5202 tametsi
885 5147 1005 5216 ejus
1028 5154 1309 5215 eompater
1334 5155 1473 5210 erat,
1511 5153 1672 5214 atque
1707 5147 1760 5198 in
1793 5161 1984 5200 mona-

412 5239 642 5294 sterium
701 5237 1004 5308 quoddam,
1066 5235 1212 5305 quod
1246 5235 1480 5289 Clidium
1511 5243 1708 5290 vocant
1767 5237 1834 5290 ad
1865 5237 1987 5291 Stc-

412 5345 565 5395 num,
615 5332 810 5385 exsilio
838 5332 1065 5399 relegat.
1111 5329 1229 5383 lllic
1268 5342 1453 5398 agens,
1502 5343 1626 5381 cum
1652 5327 1856 5382 Christi
1890 5328 1986 5383 Dei

413 5421 589 5474 nostri
637 5430 949 5490 sanctaque
973 5419 1240 5489 Deiparae,
1273 5433 1488 5473 necnon
1517 5418 1755 5472 caelestis
1783 5419 1990 5473 militiae

411 5503 725 5575 principum
778 5509 1113 5580 imaginibus
1167 5509 1360 5564 oculos
1417 5508 1724 5574 ell‘odisset,
1771 5510 1827 5563 in
1864 5525 1984 5563 eam

413 5599 742 5652 sententiam
777 5597 1065 5655 Theodora
1104 5600 1263 5667 ierat,
1297 5612 1358 5656 ut
1389 5610 1446 5656 et
1488 5601 1566 5655 illi
1598 5602 1804 5656 lumina
1851 5601 1986 5654 effo-

415 5688 587 5745 deret.
634 5690 836 5746 Verum
881 5709 995 5748 non
1041 5694 1293 5747 siverunt
1348 5709 1580 5766 quorum
1616 5709 1703 5747 res
1753 5694 1985 5748 consilio

2092 4403 2236 4472 ωλε’,
2276 4405 2562 4474 Ῥωμαίων
2607 4404 2859 4473 βασιλεὺς
2906 4403 3121 4474 Μιχαὴλ
3155 4405 3248 4456 καὶ
3284 4400 3532 4471 Θεοδὼρα
3565 4400 3673 4470 ἐτη

2093 4494 2172 4560 ιε,
2212 4496 2370 4566 μόνος
2403 4495 2495 4567 ἔτη
2533 4494 2621 4566 ιβ’,
2653 4497 2749 4549 καὶ
2781 4497 2876 4550 σὺν
2926 4496 3194 4565 Βασιλείῳ
3229 4494 3347 4557 ἔτος
3391 4499 3437 4547 α’
3488 4493 3672 4562 μῆνας

2087 4585 2150 4650 δ’,
2206 4585 2343 4657 ὁμοῦ
2390 4586 2487 4656 ἐτη
2522 4586 2603 4650 κζ’
2642 4586 2817 4656 μῆνας
2862 4584 2923 4638 δ’.
2999 4585 3067 4637 Ἦ
3120 4583 3372 4652 Θεοδώρα
3433 4584 3673 4651 εὐσεϐὴς

2088 4675 2220 4731 οὖσα
2261 4680 2354 4731 καὶ
2390 4678 2556 4748 πιστὴ
2588 4681 2678 4732 καὶ
2719 4676 2997 4746 όρθόδοξος
3036 4677 3113 4728 ἔτι
3147 4675 3241 4728 τοῦ
3267 4676 3456 4746 ἀνδρὸς
3488 4677 3674 4745 ἀὐτῆς

2091 4773 2373 4840 περιόντος
2408 4770 2582 4841 λάθρα
2617 4771 2716 4832 τὰς
2764 4769 2924 4836 ἁγίας
2967 4769 3182 4831 εἰκόνας
3222 4769 3387 4836 ἐτίμα
3419 4769 3514 4820 καὶ
3546 4767 3674 4820 ἐσέ-

2089 4862 2249 4915 ϐετο·
2301 4861 2422 4932 ἥτις
2481 4861 2674 4934 γνώμῃ
2735 4862 2832 4930 μὲν
2899 4860 3099 4929 αὐτῆς,
3165 4861 3418 4930 ὑποθήκῃ
3470 4859 3529 4912 δὲ
3574 4859 3675 4910 καὶ

2091 4955 2413 5025 παραινέσει
2463 4955 2785 5008 Θεοκτίστου
2845 4953 3157 5007 κανικλείου
3209 4955 3305 5006 καὶ
3355 4953 3671 5020 λογοθέτου,

2092 5047 2372 5112 ἐξελαύνει
2423 5047 2519 5116 τῆς
2575 5046 2908 5116 Ἐκκλησίας
2965 5046 3057 5098 τὸν
3109 5045 3267 5099 ἄθεον
3318 5045 3671 5115 πατριάρχην

2090 5140 2349 5208 Ἰωάννην
2375 5177 2391 5202 ,
2427 5140 2630 5207 καίπερ
2662 5138 2951 5190 σύντεκνον
2988 5138 3158 5204 αὐτῆς
3203 5137 3334 5190 ὅντα
3358 5177 3372 5199 ,
3422 5154 3488 5187 πε
3503 5137 3672 5207 ριορί-

2093 5249 2231 5285 σασα
2259 5231 2448 5285 τοῦτον
2474 5233 2529 5283 ὲν
2558 5230 2635 5300 τῷ
2660 5232 2838 5302 Στενῷ
2861 5233 2941 5294 εἰς
2971 5231 3031 5283 τὸ
3058 5229 3392 5300 καλούμενον
3421 5230 3670 5282 Κλείόιον

2092 5325 2150 5376 ἔν
2181 5342 2284 5376 τινι
2333 5325 2698 5394 μοναστηρίῳ.
2745 5325 2924 5376 Κάκεῖ
2954 5323 3114 5375 αὐτὸν
3151 5323 3248 5384 τὰς
3279 5306 3372 5375 τού
3419 5323 3665 5393 Χριστοῦ

2091 5416 2185 5469 τοῦ
2221 5417 2356 5469 Θεόὖ
2400 5415 2558 5486 ἡμῶν
2613 5416 2823 5477 εἰκόνας
2874 5414 2957 5488 [1).
2996 5413 3124 5485 ιὲθ]
3175 5414 3268 5466 καὶ
3313 5414 3413 5481 τῆς
3455 5415 3675 5484 Θεομήο

2089 5525 2246 5578 τορος
2294 5509 2387 5560 καὶ
2432 5509 2538 5560 τῶν
2587 5507 3044 5578 ἀρχιστρατήγων
3092 5506 3489 5578 κατορύξαντα,
3541 5509 3671 5569 τοὺς

2093 5600 2410 5669 ὀφθαλμοὺς
2444 5601 2608 5654 αὐτοῦ
2642 5599 2894 5669 ἐξορύξαι
2924 5599 3230 5670 ἠϐουλήθηο
3272 5597 3578 5652 κωλυθεῖσα
3613 5599 3671 5651 δὲ

2096 5696 2302 5763 πέμπει
2349 5695 2442 5746 καὶ
2496 5691 2744 5766 μαστίζει
2770 5692 2928 5746 αὐτὸν
2959 5692 3251 5754 διακοσίοις
3283 5689 3500 5758 λώροις,
3547 5691 3673 5741 εἰσ.
