3962 6200
557 288 660 351 711

1738 289 2035 349 SYMEON
2049 290 2117 348 IS
2159 290 2534 349 MAGISTRI

3658 302 3746 367 ἨΞ

561 404 880 459 videbatur.
917 404 1124 471 Quovis
1151 413 1298 459 certe
1341 402 1500 458 titulo
1526 403 1833 468 amabatur,
1874 419 1938 457 ac
1961 402 2123 458 Theo

2248 403 2529 474 διαφέρειν
2563 405 2656 458 ἐπὶ
2682 406 2995 476 λογιότητος
3037 407 3194 472 δόξαν
3225 407 3344 460 τινὰ
3376 408 3619 481 ἐσχηκὼςδ
3640 419 3752 490 πλὴν

557 498 693 567 phili
723 509 1028 569 prmeeptor
1057 497 1369 567 praeﬁcitur.
1403 497 1744 568 Theophilus
1770 514 1894 550 mox
1921 495 2136 567 imperii

560 591 799 645 habenas
839 591 1070 660 adeptus
1091 591 1318 660 syncelli
1348 589 1500 660 prius
1533 590 1742 643 honore
1776 590 1962 652 donat,
1996 598 2141 642 tum-

559 697 667 750 que
690 684 853 735 etiam
888 683 1255 750 patriarcham
1281 682 1629 752 Cpolitanum
1659 682 1969 748 constituit,
2013 697 2137 735 cum

561 773 607 826 is
647 773 721 826 illi
758 774 1099 828 divinatione
1142 791 1206 828 ex
1260 775 1401 844 pelvi
1443 792 1506 829 ac
1555 775 1846 845 praastigiis
1891 775 2138 845 quaedam

556 864 872 918 futurorum
908 866 1168 919 vaticinia
1198 867 1407 920 ederet.
1435 867 1728 937 Przestigize
1757 867 1811 920 in
1837 882 1904 920 eo
1928 866 2136 935 positaz.

558 954 704 1009 Gens
740 957 989 1026 quaedam
1038 958 1276 1012 infidelis
1310 959 1630 1028 truciorque
1691 959 1866 1013 tribus
1901 958 2139 1014 ducibus

560 1049 893 1117 quandoque
944 1051 1248 1104 Romanam
1298 1051 1565 1105 ditionem
1620 1051 1934 1107 incursabat
1973 1061 2139 1120 atque

559 1142 828 1194 vastabat.
883 1143 958 1196 Ea
1021 1159 1145 1206 res,
1197 1153 1253 1197 ut
1287 1161 1380 1214 par
1419 1153 1538 1209 est,
1575 1145 1743 1197 animi
1784 1145 2005 1198 anxium
2047 1145 2141 1198 tri-

559 1242 811 1302 stemque
849 1235 1216 1303 Theophilum
1262 1252 1565 1305 omnesque
1597 1238 1850 1291 subditos
1882 1238 2136 1292 habebat.

556 1323 868 1378 Maastitiam
903 1327 1067 1398 650
1097 1328 1334 1382 Joannes
1374 1345 1580 1398 ponere
1623 1330 1801 1398 jubet,
1840 1340 2140 1400 pectusque

559 1431 814 1469 securum
855 1433 918 1472 ac
979 1419 1164 1488 gaudii
1219 1421 1440 1490 plenum
1477 1437 1704 1492 gerere,
1745 1423 1790 1476 si
1836 1422 1997 1476 modo
2023 1425 2141 1494 ejus

557 1507 690 1561 velit
724 1510 969 1563 consiliis
1005 1527 1211 1565 morem
1260 1528 1472 1582 gerere.
1525 1515 1582 1568 ld
1617 1531 1750 1568 vero
1795 1516 1871 1568 illi
1925 1515 2143 1569 consul-

558 1605 694 1650 tum.
732 1599 882 1652 lnter
927 1617 1108 1656 amens
1137 1604 1284 1658 Circi
1323 1613 1535 1659 statuas
1575 1607 1640 1659 ad
1675 1607 1939 1676 Euripum
1971 1622 2138 1661 unam

555 1691 847 1756 quamdam
901 1693 1194 1763 tricipitem
1255 1705 1436 1750 stare:
1501 1699 1620 1766 ejus
1673 1699 1773 1752 tria
1823 1699 1916 1752 illa
1959 1700 2137 1768 capita

553 1780 762 1847 magice
797 1794 1113 1838 consecrata
1133 1786 1199 1839 ad
1221 1788 1400 1856 gentis
1429 1788 1576 1842 illius
1610 1790 1801 1843 referri
1837 1791 2026 1844 duces.
2046 1792 2140 1847 Ju-

553 1869 646 1923 bet
668 1888 797 1942 ergo
822 1883 933 1928 tres
954 1877 1219 1932 maximos
1250 1878 1548 1932 fabricatos
1569 1880 1794 1934 malleos
1813 1881 1989 1934 tribus
2009 1881 2140 1934 viris

553 1962 952 2018 robustissimis
985 1968 1038 2020 in
1070 1969 1443 2022 manustradi.
1466 1969 1743 2024 Profunda
1764 1971 1944 2040 itaque
1978 1982 2139 2026 nocte

556 2053 808 2121 utrisque
855 2065 1080 2111 ventum
1130 2058 1198 2110 ad
1234 2067 1430 2113 statua:
1468 2060 1690 2114 locum:
1741 2061 1982 2118 Joannes
2011 2063 2136 2118 laici

555 2140 746 2196 habitu
780 2158 899 2200 sese
931 2148 1263 2213 occultabat,
1297 2150 1402 2204 viri
1435 2159 1619 2205 autem
1655 2152 1875 2206 stabant
1903 2153 2135 2209 sublatis

555 2235 808 2302 malleis,
860 2253 984 2290 eum
1042 2239 1133 2295 ille
1192 2242 1418 2313 magicis
1459 2259 1648 2298 secum
1693 2244 2137 2300 invocationibus

552 2326 790 2391 peractis
843 2343 1293 2398 unumquemque
1354 2330 1573 2386 fortiter
1629 2332 1888 2403 omnique
1935 2334 2134 2388 robore

552 2421 718 2482 atque
763 2415 978 2470 viribus
1013 2419 1180 2472 ictum
1209 2420 1338 2474 dare
1366 2421 1640 2478 clamosus
1667 2423 1915 2493 inceptor
1943 2425 2144 2494 praeci-_

552 2505 654 2574 pit.
707 2508 784 2562 Ac
831 2525 973 2562 unus
1021 2511 1242 2580 quidem
1279 2521 1334 2566 et
1361 2514 1500 2568 alter
1528 2514 1638 2569 duo
1661 2516 1838 2585 capita
1873 2515 2133 2571 decusse-

550 2607 716 2652 runt:
773 2602 968 2656 tertius
1003 2620 1136 2658 vero
1184 2604 1392 2659 inflexit
1439 2608 1661 2676 quidem
1691 2608 1782 2662 ille
1823 2611 2130 2679 paululum,

549 2703 659 2742 non
712 2701 892 2746 tamen
935 2695 1102 2749 etiam
1137 2706 1311 2750 totum
1353 2717 1382 2751 a
1428 2707 1624 2753 trunco
1654 2703 1982 2770 amputavit.
2041 2703 2132 2758 Sic

549 2777 717 2847 igitur
743 2796 799 2834 se
834 2781 948 2836 fere
987 2785 1190 2838 ducum
1213 2804 1301 2842 res
1323 2789 1586 2842 habuere.
1615 2788 1808 2844 Gravis
1835 2791 1980 2846 inter
2009 2792 2132 2846 illos

548 2877 668 2920 orta
713 2869 990 2926 disaordia
1044 2874 1098 2926 in
1133 2873 1340 2928 bellum
1394 2877 1554 2930 civile
1591 2878 1863 2948 prorupit.
1928 2879 2006 2932 Ex
2037 2879 2130 2934 illo

551 2972 696 3011 unus
731 2961 976 3030 alterque
999 2963 1321 3018 ceciderunt
1345 2981 1356 3017 :
1399 2967 1594 3020 tertius
1622 2984 1764 3022 unus
1790 2967 1904 3039 ipse
1933 2959 2128 3039 snper-

2241 495 2514 563 ἠγαπᾶτο,
2547 497 2640 549 καὶ
2670 497 2763 548 τοῦ
2798 497 3058 565 Θεοφίλου
3077 497 3390 561 διδάσκαλος
3406 500 3750 566 ὲγκαθίσταται.

2242 586 2352 639 Καὶ
2369 583 2523 647 οὗτος
2551 588 2670 639 ἐπεὶ
2689 588 2786 650 τὰς
2810 589 2905 656 τῆς
2925 587 3201 657 βασιλείας
3225 588 3378 658 ἔσχεν
3393 591 3550 659 ἡνίας,
3573 595 3756 662 σύγκελ.

2241 678 2332 730 λον
2370 679 2468 748 μὲν
2499 680 2763 750 πρότερον
2789 679 2976 732 τοῦτον
3006 681 3165 751 τιμᾷ,
3197 676 3299 732 εἷθ’
3331 680 3538 751 ὕστερον
3560 689 3637 738 καὶ
3672 707 3755 740 παι

2241 773 2506 840 ςριάρχην
2559 770 2848 840 καθίστησι
2897 772 3524 835 Κωνσταντινουπόλεως,
3557 779 3756 846 προγνώ-

2245 879 2360 926 σεις
2399 863 2551 928 τινὰς
2599 863 2685 918 διὰ
2725 864 3186 934 λεκανομαντείας
3243 867 3336 916 καὶ
3374 866 3600 936 γοητείας
3635 870 3754 941 αὐτῷ

2244 957 2684 1025 ἀπαγγέλλοντα.
2762 958 2870 1010 Καὶ
2927 957 3152 1026 γοητεία
3185 958 3227 990 ⁸⁸
3285 957 3516 1028 τοιαύτη.
3575 961 3759 1025 Ἐθνους

2243 1048 2374 1099 ποτὲ
2424 1048 2606 1118 τρισὶν
2648 1047 2738 1118 ὑφ’
2773 1049 3005 1119 ἡγεμόσι
3039 1049 3523 1118 στρατηγουμένου,
3571 1051 3757 1104 ἀπίστου

2242 1155 2300 1190 τε
2339 1141 2433 1191 καὶ¹
2476 1139 2748 1209 σκληροῦ,
2791 1142 2890 1208 τὴν
2942 1138 3050 1190 τῶν
3108 1139 3396 1208 Ῥωμαίων
3440 1139 3604 1208 χώραν
3660 1157 3762 1192 κατ-

2243 1230 2430 1300 έτρεχε
2481 1232 2573 1282 καὶ
2607 1230 2875 1300 ἐληίζετο.
2921 1231 3009 1294 Ὠς
3057 1230 3203 1294 εἰκὸς
3247 1229 3340 1282 οὖν
3374 1229 3673 1299 ἀθυμοῦντος
3691 1233 3759 1284 ἐπὶ

2241 1320 2415 1390 τούτῳ
2453 1321 2546 1374 τοῦ
2577 1320 2836 1389 Θεοφίλου
2872 1322 2964 1375 καὶ
3011 1322 3102 1374 τοῦ
3133 1321 3376 1392 ὑπηκόου
3414 1321 3618 1384 παντὸς,
3658 1325 3762 1375 ἁπο-

2244 1414 2616 1467 σκευὰσασθαί
2664 1431 2768 1465 που
2806 1415 2902 1484 τὴν
2954 1413 3192 1483 ἀθυμίαν
3237 1406 3392 1475 οὗτος
3433 1413 3757 1483 συμβουλεύει,

2244 1503 2477 1572 θάρσους
2522 1523 2579 1558 τε
2617 1505 2974 1577 πληρωθῆναι
3019 1509 3113 1559 καὶ
3161 1507 3371 1576 χαρᾶς,
3398 1505 3446 1556 εί
3476 1523 3535 1574 γε
3560 1508 3692 1576 μόνον
3708 1509 3761 1576 τῇ

2240 1598 2432 1651 τούτου
2470 1597 2866 1666 ὲπακολουθοίη
2906 1597 3091 1668 βουλῇ.
3142 1597 3204 1650 'll
3235 1597 3293 1650 δὲ
3344 1593 3411 1667 ἦν
3443 1597 3660 1668 τοιαύτη.
3696 1598 3762 1650 Ἐν

2241 1691 2353 1752 τοῖς
2391 1691 2470 1752 είς
2522 1689 2613 1741 τὸν
2649 1689 2890 1761 Εὔριπον
2935 1689 3028 1741 τοῦ
3074 1689 3430 1760 ίπποδρομίου
3473 1681 3668 1759 χαλκοῖς
3693 1690 3763 1742 ἀν.

2246 1781 2461 1849 δριᾶσιν
2493 1781 2712 1848 ἐλέγετό
2763 1798 2844 1844 τις
2880 1774 3019 1833 εἶναι
3050 1781 3274 1849 ἀνδριὰς
3308 1781 3455 1850 τρισὶ
3487 1780 3766 1851 διαμορςού-

2247 1891 2410 1942 μενος
2469 1873 2733 1941 κεφαλαῖς
2761 1911 2776 1936 ,
2838 1873 2902 1934 ἂς
2942 1873 3086 1926 κατά
3140 1891 3260 1926 τινα
3307 1873 3624 1942 στοιχείωσιν
3659 1872 3764 1940 πρὸς

2242 1972 2370 2028 τοὺς
2403 1966 2496 2018 τοῦ
2548 1965 2733 2028 ἔθνους
2772 1965 2983 2018 ἐκείνου
3020 1966 3302 2035 ἀρχηγοὺς
3343 1967 3554 2034 ἀνῆγεν.
3591 1964 3764 2032 Σφύραι

2241 2052 2331 2107 οὖν
2386 2054 2647 2123 μεγίστας
2693 2056 2918 2125 σιδηρᾶς
2943 2058 3090 2124 τρεῖς
3147 2057 3515 2126 προσέταττεν
3559 2054 3766 2124 γενέσθαι

2241 2145 2336 2196 καὶ
2391 2145 2650 2214 ἀνδράσιν
2709 2147 3116 2216 ἐγχειρισθῆναι
3186 2146 3558 2217 ίσχυροτάτοις
3607 2145 3766 2214 τρισίν.

2240 2239 2436 2310 nepeta
2491 2239 2548 2290 δὲ
2602 2239 2712 2292 τῶν
2765 2241 2974 2293 νυκτῶν
3027 2241 3119 2294 ἐπὶ
3180 2242 3274 2294 τὸν
3332 2241 3612 2312 ἀνδριάντα
3659 2236 3770 2310 ἦσαν

2237 2329 2560 2398 ἀμφότεροι,
2609 2331 2635 2381 ὁ
2661 2329 2759 2398 μὲν
2802 2329 3005 2399 Ἰαννῆς
3031 2328 3118 2383 διὰ
3143 2328 3340 2382 λαῖκοῦ
3369 2329 3648 2399 ἐνδύματος
3674 2330 3772 2381 ἑαν-

2234 2421 2324 2471 τὸν
2354 2420 2721 2489 περισκὲπων,
2743 2421 2793 2472 οί
2816 2420 2870 2472 δὲ
2905 2421 3098 2490 ἄνδρες
3126 2421 3442 2491 μετεώρους
3470 2423 3564 2483 τὰς
3598 2418 3771 2490 σφύρας

2545 2513 2652 2564 Καὶ⁵
2710 2512 2876 2575 αὐτὸς
2933 2513 3058 2574 τοὺς
3114 2514 3554 2581 στοιχειωτικοῦς
3617 2512 3772 2579 λόγους

2233 2601 2476 2656 ἐπειπὼν
2509 2604 2691 2658 παίειν
2716 2605 2943 2657 ἕκαστον
2973 2603 3047 2664 ὡς
3078 2603 3189 2673 ἔχει
3221 2605 3509 2674 δυνάμεως
3554 2607 3772 2674 προσεῖπε

2233 2694 2497 2757 νεανικῶς
2527 2712 2585 2745 τε
2614 2696 2707 2747 καὶ
2738 2694 2995 2764 ἰσχυρῶς.
3053 2695 3161 2748 Καὶ
3209 2697 3262 2748 οἱ
3317 2695 3419 2764 μὲν
3451 2695 3542 2748 δύο
3585 2695 3671 2755 τὰς
3703 2690 3775 2745 δύο

2235 2512 2471 2581 ἔχοντες.

2230 2788 2324 2841 τοῦ
2365 2790 2677 2860 ἀνδριάντος
2708 2789 2947 2858 κεφαλὰς
2979 2789 3295 2858 ἀπέκοψαν,
3350 2792 3377 2842 ὁ
3411 2792 3465 2842 δὲ
3501 2790 3672 2862 ἔτερος
3701 2805 3772 2857 μι-

2231 2882 2360 2952 κρὸν
2403 2882 2501 2952 μὲν
2527 2883 2862 2948 κατέκλινεν,
2892 2885 2951 2935 οὑ
2993 2883 3098 2953 μὴν
3120 2883 3214 2936 καὶ
3239 2883 3374 2953 ὃλην
3407 2883 3497 2936 τοῦ
3528 2879 3777 2952 σκηνώμαο

2229 2990 2320 3036 τος
2355 2973 2710 3042 ἐναπέτεμεν.
2741 2973 2963 3037 Τούτοις
3001 2970 3093 3026 οὖν
3125 2974 3218 3028 καὶ
3253 2975 3327 3028 τὰ
3359 2973 3502 3026 κατά
3525 2973 3643 3036 τοὺς
3676 2975 3774 3039 ηγεο

547 3060 660 3103 stes
698 3050 821 3115 fuit,
861 3055 965 3108 etsi
1019 3071 1131 3110 non
1179 3073 1314 3112 sano
1353 3075 1582 3128 prorsus
1625 3061 1844 3117 robore.
1907 3062 1967 3116 In
1996 3077 2121 3116 eum

2229 3063 2396 3133 μόνοις
2463 3063 2845 3133 ἐξηκολούθει·
2909 3063 3088 3135 ἔριδος
3144 3063 3260 3133 γάρ
3309 3065 3582 3133 κραταιᾶς
3629 3063 3774 3121 αὐτοῖς

548 3140 770 3196 modum
825 3143 891 3196 ad
947 3145 1181 3201 nihilum
1215 3149 1435 3202 redacta
1472 3165 1606 3220 gens
1643 3151 1733 3205 illa
1772 3152 1837 3206 ad
1864 3169 1961 3207 sua
1999 3170 2121 3208 rur-

543 3246 638 3286 sus
669 3249 726 3288 se
757 3235 904 3306 fuga,
935 3238 1256 3311 ingentique
1289 3241 1444 3296 clade
1475 3247 1682 3305 attrita,
1721 3246 1940 3316 recipit.

2228 3158 2661 3229 ὲπεισπεσούσης
2697 3159 2791 3211 καὶ
2822 3159 3086 3228 ἐμφυλίου
3122 3160 3336 3230 μάχης,
3367 3161 3476 3213 ὑπὸ
3503 3158 3592 3211 τοῦ
3620 3158 3720 3219 ἑνὸς
3742 3155 3777 3206 οι

2227 3249 2320 3303 δύο
2342 3251 2450 3302 τῶν
2478 3251 2760 3320 ἡγεμόνων
2791 3251 3048 3303 πίπτουσι
3097 3253 3246 3304 κατά
3283 3253 3386 3320 τὴν
3421 3251 3530 3302 τῶν
3569 3246 3778 3317 κεφαλῶν

542 3328 803 3400 ἐκτομὴν,
852 3331 945 3386 τοῦ
977 3336 1162 3405 τρίτου
1202 3337 1363 3408 μόνου
1399 3338 1779 3406 διασωθέντος,
1813 3344 1912 3412 οὐχ
1951 3343 2118 3411 ὑγιῶς
2153 3344 2230 3399 δέ.
2257 3347 2444 3408 Οὕτως
2482 3349 2563 3410 εἰς
2591 3345 2652 3399 τὸ
2679 3345 2842 3416 μηδὲν
2870 3344 3008 3400 εἶναι
3045 3345 3105 3398 τὸ
3130 3344 3291 3409 ἔθνος
3353 3345 3612 3415 χωρῆσαν
3673 3338 3780 3410 πρὸς

543 3419 612 3470 τὰ
659 3425 833 3475 οἰκεῖα
881 3421 1036 3490 αὖθις
1085 3429 1224 3497 μετὰ
1277 3433 1454 3502 φυγῆς
1501 3434 1724 3504 ἀφορμᾷ
1770 3437 1863 3488 καὶ
1894 3440 2210 3508 ,συμφορᾶς.

616 3517 668 3568 5.
723 3516 1017 3587 Postquam
1075 3520 1241 3591 igitur
1285 3526 1720 3594 religiosissima,
1767 3546 1930 3599 quam
1974 3531 2124 3587 dice—

541 3605 689 3669 bam,
735 3605 1025 3664 Theodora
1051 3627 1210 3666 suum
1241 3615 1499 3672 Ecclesia:
1525 3629 1777 3673 ornatum
1808 3622 2124 3679 reddiderat

544 3696 597 3764 (a
629 3694 813 3752 Leone
839 3701 985 3754 enim
1010 3703 1311 3761 Amalecita
1335 3709 1401 3762 ad
1418 3711 1793 3766 restitutionis
1823 3713 2120 3784 imaginum

541 3790 809 3846 solemnia
862 3809 1036 3850 annos
1061 3797 1284 3854 circiter
1322 3802 1543 3873 triginta
1585 3804 1882 3876 imaginum
1930 3808 2120 3863 incen-

542 3897 697 3937 sores
728 3884 1055 3958 igniariique
1074 3893 1324 3963 sacrilegi
1341 3896 1700 3952 ecclesiarum
1723 3901 1884 3969 potiti
1912 3903 2116 3974 erant),

541 3976 862 4044 petitionem
894 3981 963 4034 ad
1003 3983 1198 4039 Patres
1231 3987 1325 4055 qui
1375 3989 1590 4046 collecti
1635 3991 1794 4064 651
1827 4004 2007 4062 erant,
2064 3997 2119 4052 in

539 4067 657 4123 haec
677 4072 846 4128 verba
875 4074 1034 4132 offert
1067 4077 1220 4132 :Non
1249 4097 1330 4134 me
1363 4080 1489 4136 latet
1529 4085 1714 4140 datam
1758 4089 1898 4143 vobis
1936 4108 1970 4143 a
2007 4090 2116 4146 Deo

539 4165 851 4223 potestatem
875 4163 1176 4221 dimittendi
1207 4179 1418 4237 peccata
1440 4190 1598 4244 super
1619 4183 1838 4243 terram,
1866 4182 2116 4249 quemad-

540 4249 752 4302 modum
781 4254 948 4306 sacris
991 4254 1185 4312 Christi
1214 4259 1492 4331 Evangelii
1546 4266 1738 4321 tabulis
1769 4272 2113 4340 perscriptum

536 4349 634 4393 est.
663 4338 1098 4415 Quandoquidem
1125 4350 1284 4419 igitur
1314 4353 1644 4424 Theophilus,
1668 4369 1724 4412 ut
1742 4362 1882 4415 scitis
1908 4338 2108 4431 omnes,

530 4431 774 4502 iustitiae,
813 4439 860 4490 si
906 4441 1020 4506 quis
1059 4440 1216 4504 alius,
1267 4452 1426 4500 tenax
1455 4449 1572 4517 fuit,
1615 4468 1677 4504 ac
1711 4463 1899 4508 cuncta
1951 4459 2108 4526 probe

535 4522 964 4594 administrabat,
999 4541 1057 4584 ut
1088 4542 1136 4586 et
1167 4536 1266 4605 ipsi
1307 4542 1593 4604 testamini,
1619 4559 1828 4614 unaque
1847 4522 2109 4604 hac‘dun-

530 4621 685 4670 taxat
719 4620 905 4676 haeresi
940 4621 1246 4691 laborabat,
1285 4646 1444 4700 quam
1489 4644 1535 4687 et
1575 4635 1630 4687 in
1671 4640 1915 4692 extremis
1946 4658 2106 4711 agens

529 4707 826 4778 abnegavit,
875 4716 1072 4786 subque
1119 4721 1286 4774 exitus
1328 4722 1514 4777 lteram
1559 4727 1794 4798 appletus
1836 4707 2102 4803 lucryinis,

528 4815 610 4852 me
635 4802 902 4871 offerente,
925 4824 1110 4862 sacras
1130 4812 1384 4882 imagines
1407 4816 1583 4871 osculo
1606 4831 1881 4877 veneratus
1903 4802 1965 4876 in
1984 4843 2104 4882 eum

528 4897 737 4948 modum
766 4896 953 4966 eﬁlavit
984 4901 1241 4967 animam,
1267 4921 1354 4958 vos
1371 4923 1573 4978 quoque
1592 4911 1728 4965 Itane
1750 4913 1874 4966 milii
1901 4917 2094 4986 scripta

525 4985 684 5053 facite
711 4989 963 5056 gratiam,
992 5000 1051 5044 ut
1078 5003 1126 5050 et
1157 4995 1251 5048 hoc
1273 5013 1436 5052 unum
1467 5000 1548 5054 illi
1577 5014 1845 5071 peccatum
1865 4985 2100 5063 dimitta-

524 5086 612 5130 tur
640 5095 660 5133 .'
691 5095 818 5133 nam
846 5079 910 5134 de
942 5081 1156 5153 reliquis
1186 5102 1374 5142 secura
1399 5107 1539 5146 sum.
1573 5092 1654 5148 Ad
1696 5111 1861 5164 quam
1887 5097 2097 5164 Patres,

522 5182 647 5222 cum
702 5171 943 5238 primum
989 5175 1211 5240 quidem
1267 5180 1685 5249 conticuissent,
1727 5194 1954 5256 tumque
1983 5191 2103 5261 eius

522 5259 803 5320 provocati
834 5261 1092 5334 lacrymis
1129 5265 1183 5321 in
1218 5267 1487 5340 laerymas
1514 5272 1617 5342 ipsi
1641 5275 1872 5344 perinde
1902 5259 2102 5348 proru-

522 5346 752 5416 pissent,
793 5370 856 5410 ac
899 5372 1024 5412 cum
1054 5369 1320 5429 prmterea
1351 5363 1458 5418 hoc
1500 5365 1825 5422 molirentur
1861 5384 1927 5424 ac
1964 5379 2100 5424 sata-

522 5451 731 5504 gerent.
758 5457 817 5498 ut
843 5459 1157 5504 sanctarum
1191 5453 1493 5524 imaginum
1523 5457 1731 5511 cultum
1765 5466 2094 5525 statuerent,

522 5541 631 5586 uno
670 5534 878 5592 calculo
921 5555 985 5594 ac
1024 5546 1296 5600 sententia
1325 5547 1446 5619 ejus
1480 5549 1559 5603 rei
1584 5552 1898 5605 securitatis
1931 5551 2093 5607 ﬁdem

2291 3542 2360 3604 γ’,
2428 3536 2540 3603 Τῆς
2573 3535 2627 3588 δὲ
2657 3534 2936 3604 θεοφιλοῦς
2961 3575 2976 3600 ,
3028 3536 3102 3596 ὡς
3135 3535 3364 3604 εἴρηται
3395 3575 3410 3599 ο
3443 3535 3705 3604 Θεοδώρας
3729 3534 3778 3600 τῇ

2219 3625 2484 3696 ἐκκλησία
2513 3625 2603 3678 τὸν
2630 3626 2826 3696 ἑαυτῆς
2856 3626 3058 3694 κόσμον
3107 3625 3318 3695 δούσης
3350 3625 3485 3695 (ἀπὸ
3527 3624 3630 3694 γὰρ
3655 3622 3783 3677 Δίον-

2217 3733 2310 3778 το;
2342 3715 2434 3769 τοῦ
2481 3715 2846 3786 ’Δμαληκίτου
2876 3717 2978 3778 ἕως
3025 3715 3108 3770 lP.
3158 3715 3301 3788 431]
3355 3717 3459 3786 τῆς
3511 3713 3782 3786 ὀρθοδοξίας

2219 3808 2315 3861 ἐπὶ
2347 3809 2639 3879 τριάκοντα
2668 3809 2890 3879 χρόνους
2909 3811 3155 3878 κατεῖχον
3187 3810 3243 3860 oi
3273 3810 3688 3863 είκονοκαῠσται
3707 3803 3782 3860 τὰς

2223 3900 2542 3970 ἐκκλησίας)
2589 3900 2806 3970 αἴτησιν
2855 3901 3089 3953 ποιεῖται
3159 3901 3311 3972 πρὸς
3361 3904 3495 3965 τοὺς
3551 3899 3784 3968 παρόντας

2221 3993 2410 4061 ἁγίους
2445 3994 2714 4064 Πατέρας,
2741 3993 2992 4061 λέγουσαν
3023 3989 3167 4046 οἶδα
3197 3991 3296 4048 ὅτι
3331 3993 3600 4048 δέδωκεν
3625 3988 3782 4060 ὺμῖνό

2225 4084 2370 4150 Θεὸς
2418 4086 2708 4148 ἐξουσίαν
2745 4085 2843 4137 ἐπὶ
2897 4083 3006 4150 τῆς
3061 4083 3170 4153 γῆς
3223 4086 3484 4156 ἀφιέναι
3537 4081 3784 4154 ἁμαρτίας

2222 4178 2373 4230 κατὰ
2397 4176 2464 4229 τὸ
2499 4175 2865 4244 Euam-extor-
2889 4176 2995 4231 τοῦ
3035 4178 3334 4243 Χριστοῦ.
3400 4178 3671 4244 Ἐπείπερ
3696 4165 3782 4225 οὖν

2219 4270 2252 4322 ό
2279 4268 2582 4332 ,ϐασιλεὺς
2605 4270 2916 4338 Θεόφιλος,
2949 4269 3027 4334 ὼς
3060 4268 3273 4324 οἴδατε
3315 4270 3576 4336 πάντες,
3607 4267 3784 4320 δικαιο-

2217 4357 2425 4424 κρίτης
2466 4356 2582 4425 μὲν
2604 4360 2657 4410 εὶ
2687 4358 2788 4410 καί
2814 4375 2907 4423 τις
2953 4358 3143 4421 ἄλλος
3175 4355 3290 4428 ἦν,
3336 4361 3443 4414 καὶ
3489 4360 3676 4413 πάντα
3701 4369 3781 4407 κα·

2213 4448 2336 4515 ,πῶς
2391 4448 2632 4503 διοικῶν
2655 4491 2671 4515 ,
2731 4451 2811 4517 ὠς
2851 4453 3203 4520 μαρτυρεῖτε
3229 4493 3246 4517 ,
3314 4451 3454 4525 εἶχε
3509 4453 3580 4507 δὲ
3625 4455 3783 4546 amr

2214 4541 2442 4609 ταύτην
2484 4540 2600 4607 τὴν
2638 4541 2894 4609 αἳρεσιν,
2945 4541 3024 4608 ἣν
3058 4545 3155 4595 καὶ
3197 4542 3527 4606 τελευτῶν
3561 4540 3782 4606 dammi-

2213 4650 2386 4698 σατο,
2440 4634 2538 4688 καὶ
2563 4635 2716 4704 μετὰ
2752 4634 3025 4702 δακρύων
3066 4637 3196 4688 κατ’
3250 4637 3472 4705 αὐτὴν
3516 4637 3628 4705 τὴν
3663 4632 3784 4699 ὧραι·

2212 4727 2323 4795 τῆς
2364 4727 2600 4794 ἐξόδου,
2666 4727 2813 4796 ἐμοῦ
2866 4728 3051 4794 τούτῳ
3104 4731 3348 4795 ταύτας
3407 4730 3662 4794 δούσης.
3709 4724 3783 4781 τὰς

2211 4819 2383 4889 ἁγίας
2399 4821 2630 4884 εἰκόνας
2662 4820 3048 4888 κατεφίλησε,
3076 4820 3175 4874 καὶ
3212 4820 3431 4888 οὕτως
3467 4820 3782 4885 ἐξέπνευσε.

2209 4909 2348 4968 δότε
2387 4928 2490 4980 μοι
2533 4911 2631 4964 καὶ
2678 4909 2850 4964 αὐτοὶ
2909 4910 3087 4979 χάριν
3131 4911 3478 4982 ἐγγράφως
3529 4907 3780 4981 ἀφεθῆναι

2208 5004 2368 5069 αὺτῷ
2397 5004 2510 5072 τὴν
2538 5005 2830 5072 ἁμαρτίαν
2859 5004 3088 5070 ταύτην
3118 5004 3343 5073 μόνην
3371 5022 3386 5036 ·
3429 5007 3570 5075 ,περὶ
3616 5003 3675 5056 δὲ
3697 4993 3782 5053 τῶν

2207 5094 2436 5150 λοιπῶν
2462 5098 2534 5149 οὐ
2571 5095 2878 5164 φροντίζω.
2938 5094 3080 5166 Πρὸς
3109 5097 3176 5166 ἣν
3217 5099 3276 5150 οἱ
3335 5099 3594 5169 Πατερες
3620 5095 3678 5148 τὰ
3707 5089 3783 5161 μὲν

2212 5188 2403 5258 πρῶτα
2459 5192 2782 5258 σιγήσαντες
2813 5231 2827 5254 ,
2903 5185 3020 5241 εἶτα
3081 5189 3175 5242 καὶ
3253 5189 3648 5263 δακρύσαντες
3699 5183 3783 5242 ττιῖὸ

2205 5281 2372 5351 αὐτῆς
2431 5282 2906 5352 ὲπικαμπτόμενοι
2963 5281 3224 5354 δάκρυσι,
3296 5287 3453 5357 πρὸς
3491 5287 3550 5341 δὲ
3589 5285 3676 5336 καὶ
3709 5278 3782 5342 τὴν

2204 5375 2312 5429 τῶν
2339 5377 2511 5443 ἁγίων
2539 5377 2762 5431 εἰκόνων
2790 5375 3078 5448 ζητοῦντες
3107 5377 3318 5450 τιμὴν,
3341 5383 3511 5453 κοινῇ
3543 5380 3700 5450 ψήφῳ
3714 5366 3785 5424 κεῖ

2200 5464 2396 5538 γνώμῃ
2445 5468 2510 5520 δι’
2557 5468 2835 5537 ἐγγράφου
2877 5467 3177 5535 ἀσφαλείας
3231 5470 3346 5540 τὴν
3398 5472 3592 5524 πίστιν
3628 5464 3786 5519 τούτου

2199 5557 2263 5627 τῇ
2308 5555 2562 5628 δεσποίνῃ
2597 5558 2859 5612 ἐδίδοσαν.
2921 5559 3037 5629 Ἐφ’
3083 5552 3163 5620 οἷς
3209 5561 3326 5632 τῆν
3382 5561 3681 5633 ἐκκλησίαν
3717 5551 3789 5626 βι-

1781 5640 2018 5696 VAlil/E
2061 5641 2475 5700 LECTIONES.

589 5710 632 5743 ³⁵
667 5716 759 5769 καὶ
786 5717 818 5790 ή
855 5721 1124 5791 γοητείαῖ
