3962 6200
558 464 646 518 l5.

484 559 587 613 das
628 553 808 609 Caesar
851 552 1003 600 extra
1045 537 1240 592 urbem
1289 543 1458 601 agens
1503 541 1629 582 cum
1667 522 1933 579 Damiano
1977 532 2071 588 pa-

492 647 651 702 tricio
683 657 747 697 ac
780 635 1093 694 accubitore
1134 624 1370 682 amicitia
1396 623 1625 693 junctus
1659 624 1774 684 est,
1805 615 1860 668 1s
1901 612 2073 680 impe-

492 736 693 793 ratoris
729 741 953 798 compos
986 722 1220 778 effectus
1261 722 1458 772 auctor
1493 711 1572 766 illi
1625 718 1709 765 est
1760 715 1820 760 ut
1842 703 2071 760 Bardam

494 836 550 889 in
594 828 789 884 urbem
830 837 895 876 ac
928 817 1193 889 palatium
1228 810 1474 866 inducat.
1522 803 1631 859 Sed
1660 811 1716 857 et
1739 798 2075 868 Theophane

490 913 966 995 protospathario,
1039 910 1405 976 cognomento
1462 896 1778 965 Pbalgana,
1843 889 2076 958 aliisque

490 979 822 1084 quibusdam
869 1002 975 1058 sibi
1019 995 1319 1056 devinctis,
1377 991 1495 1061 ipso
1547 979 2078 1084 quoqueDMichaele

492 1069 739 1163 donscio,
771 1091 1153 1150 Theoctistum
1186 1086 1242 1140 in
1278 1081 1484 1153 palatio
1510 1071 1877 1132 contrucidat.
1902 1069 2081 1124 Theo-

495 1195 632 1250 dora
671 1199 731 1246 ut
773 1185 1016 1245 rescivit,
1071 1193 1187 1233 rem
1229 1169 1620 1230 molestissime
1663 1163 1814 1225 tulit,
1871 1158 2082 1230 magnis

493 1284 829 1344 clamoribus
860 1277 1127 1332 adversus
1157 1271 1546 1339 imperatorem
1587 1274 1652 1344 ac
1696 1255 1941 1324 reliquos
1976 1265 2083 1305 ca!-

499 1379 586 1434 dis
616 1385 873 1431 auctores
910 1370 1311 1437 improperans.
1346 1356 1451 1413 Sed
1486 1363 1540 1408 et
1569 1339 1835 1421 asperiori
1868 1355 2086 1399 conter-

501 1473 607 1526 rita
667 1482 824 1530 voce,
869 1459 1095 1532 lugubri
1152 1453 1345 1510 habitu
1401 1457 1667 1520 gestuque
1729 1437 1949 1495 thalami
1999 1451 2088 1491 se-

501 1572 652 1619 creta
683 1557 903 1614 tenebat
995 1548 1221 1621 quidam
1254 1543 1400 1599 enim
1445 1556 1513 1596 ex
1551 1536 1840 1592 Melisscna
1885 1528 2088 1585 familia

503 1661 774 1723 expraetor
847 1647 1070 1701 domum
1138 1633 1566 1694 revertendum,
1627 1622 1775 1697 quod
1846 1637 1912 1677 ea
1971 1619 2091 1674 dies

504 1755 889 1817 percussorum
922 1743 1061 1799 erat,
1104 1730 1394 1785 indixerat.
1433 1722 1681 1790 Cumque
1708 1712 1938 1772 Michael
1969 1725 2090 1766 mo-

1725 271 2104 380 squUNts
2129 304 2502 371 MAGISTRI

699 461 854 511 Anno
900 445 1114 518 imperii
1160 436 1438 496 Michaelis
1474 433 1642 490 tertio
1692 429 1906 486 decimo
1937 426 2072 480 Bar-
2106 436 2146 486 Α

2841 345 2844 348 .
3589 287 3678 354 ἾΞο

2255 416 2345 486 ιγ’.
2382 413 2474 484 Τῷ
2508 410 2578 480 ιγ’
2608 409 2720 462 ἔτει
2755 401 2920 458 αὐτοῦ
2953 397 3158 471 Βάρδας
3208 396 3236 449 ὁ
3268 397 3460 467 Καῖσαρ
3486 395 3573 464 ἔξω
3597 401 3674 465 τῆς

2178 513 2390 573 πόλεως
2421 508 2495 560 ὢν
2523 498 2886 571 συνεφιλιώθη
2917 489 3178 562 Δαμιανῷ
3225 489 3473 560 πατρικίῳ
3489 490 3569 542 καὶ
3589 507 3675 543 πα-

2177 597 2601 677 ρακοιμωμένῳ,
2626 593 2683 654 ὃς
2711 591 2804 643 τὸν
2835 584 3062 658 βασιλέα
3094 581 3362 652 κρατήσας
3383 580 3566 632 ἔπεισεν
3586 583 3676 633 εἰσ·

2183 693 2360 746 ελθεῖν
2415 691 2472 742 ἐν
2501 689 2564 756 τῇ
2597 683 2748 736 πόλει
2785 682 2876 732 τὸν
2903 675 3114 746 Βάρδαν
3156 673 3251 724 καὶ
3290 673 3362 733 είς
3389 671 3441 722 τὸ
3471 671 3684 724 παλὰτιον

2181 787 2464 860 ἔρχεσθαι.
2498 777 2938 846 Οίκειωσάμενος
2965 772 3024 826 δὲ
3079 769 3172 822 καὶ
3209 767 3297 820 τὸν
3349 768 3686 835 πρωτοσπαθά·

2183 899 2295 952 ριον
2327 876 2606 946 Θεοφάνην
2645 873 2735 925 τὸν
2765 867 3050 934 Φαλγάνην
3083 862 3177 915 καὶ
3201 859 3383 921 ἄλλους
3435 859 3564 922 τινὰς
3584 861 3689 912 ἀπο-

2181 976 2382 1030 κτείνει
2433 973 2525 1024 τὸν
2559 969 2882 1022 Θεόκτιστον
2934 963 2992 1014 ἐν
3025 957 3100 1027 τῷ
3147 955 3418 1024 παλαῖίῳ,
3468 955 3583 1023 μετὰ
3621 954 3693 1007 καὶ

2181 1071 2279 1141 τῆς
2311 1067 2402 1121 τοῦ
2435 1063 2699 1136 βασιλέως
2737 1056 3118 1125 συνειδήσεως.
3145 1048 3316 1102 Τοῦτο
3338 1047 3555 1117 μαθοῦσα
3592 1047 3694 1100 Θεο-

2182 1139 2333 1231 δώρα
2357 1157 2707 1230 ἠγανάκτησε
2742 1149 2886 1204 κατά
2915 1146 3010 1200 τοῦ
3032 1143 3297 1215 βασιλέως
3326 1140 3414 1192 καὶ
3442 1139 3537 1192 τῶν
3562 1139 3701 1193 ἄλλων

2182 1251 2231 1307 οἳ
2263 1227 2354 1302 τὸν
2382 1227 2553 1316 ’φόνον
2609 1238 3046 1310 κατειργάσαντο
3081 1272 3095 1297 ,
3136 1227 3514 1298 καταϐοωμένη
3541 1228 3698 1281 αὐτῶν.

2201 1341 2361 1396 Ἀ).λά
2387 1339 2484 1391 καὶ
2514 1336 2666 1405 φωνῇ
2731 1329 2936 1403 βριαρᾷ
2979 1321 3419 1390 καταπτοηθεῖσα
3471 1319 3706 1390 opp-was;

2189 1431 2558 1502 θαλαμεύεται
2581 1443 2596 1458 ο
2629 1425 2740 1479 τῶν
2770 1419 3208 1492 ἀποστρατήγων
3265 1414 3366 1485 γάρ
3407 1429 3502 1475 τις,
3544 1413 3598 1464 ὲκ
3619 1411 3706 1465 κε.

2188 1523 2460 1594 λισσηνῶν
2517 1519 2773 1586 κατάγων
2825 1515 2886 1568 τὸ
2937 1513 3129 1582 γένος,
3198 1509 3340 1577 αὐτῇ
3387 1504 3711 1574 ἀπεφθέγξατο

2194 1615 2588 1686 παλινδρομεῖν
2619 1609 2802 1664 οἶκαδε
2829 1647 2844 1671 ,
2879 1607 2978 1676 τὴν
3006 1601 3265 1668 τοιαύτην
3289 1599 3494 1669 ἡμέραν
3535 1593 3710 1663 κρουόν-

2195 1726 2304 1762 των
2338 1703 2657 1760 ἀποκαλῶν.
2690 1699 2797 1754 Τοῦ
2832 1698 2889 1752 δὲ
2919 1695 3136 1766 Μιχαὴλ
3166 1693 3330 1746 παντὶ⁵
3362 1690 3535 1760 τρόπῳ
3575 1704 3714 1757 μηχα-

543 1776 889 1801 CILuaausu-u
922 1776 1061 1799 υιιισ,
1104 1776 1394 1785 .--ν.--ν-----
1446 1776 1460 1779 ,
1593 1776 1606 1790 _

504 1776 593 1891 riis
645 1831 902 1888 omnibus
967 1823 1157 1880 matris
1214 1819 1460 1874 animum
1520 1811 1755 1867 delinire
1812 1805 2096 1862 studeret,

2203 1799 2444 1870 νωμένου
2475 1796 2574 1866 τὴν
2605 1792 2818 1864 μητέρα
2857 1786 3274 1854 ἐξιλεώσασοαι,
3312 1781 3443 1852 αὕτη
3487 1776 3716 1848 ἀπαρηγό-

2424 1888 2442 1891 --
2731 1883 2785 1891 υ-
2978 1881 2990 1891 ι
3202 1877 3231 1891 .-
3278 1875 3380 1891 -ςν
3441 1875 3452 1891 .
3506 1871 3713 1891 ..η-κ-.-

506 1927 716 1980 nullam
739 1921 906 1992 658
937 1909 1484 2008 illa'consolationem
1509 1900 1854 1958 admittebat.
1887 1897 2092 1963 Quam-

506 2017 704 2069 obrcm
793 1987 1074 2063 mutatis',
1105 2003 1429 2070 imperator,
1491 1995 1568 2048 uti
1619 1991 1802 2046 animo
1856 1987 1920 2043 ac
1971 2001 2095 2041 sen-

505 2105 713 2165 tentia,
769 2101 842 2155 ita
898 2097 1063 2152 etiam
1115 2105 1351 2163 persona
1406 2095 1673 2157 gestuque
1718 2092 1775 2136 et
1821 2089 1967 2142 actu,
2015 2086 2094 2132 tot

504 2214 631 2252 eam
686 2192 932 2264 quaesitis
991 2183 1271 2242 coloribus
1331 2180 1618 2247 modisque
1672 2172 1918 2229 molestia
1979 2169 2093 2224 alli-

509 2301 638 2342 cere
698 2262 1004 2343 nitebatur,
1066 2285 1203 2347 quot
1267 2283 1394 2326 ante
1463 2264 1854 2324 blandimentis
1913 2262 2095 2316 colere

511 2388 678 2448 atque
753 2373 996 2428 mulcere
1067 2365 1378 2423 simulabat.
1454 2363 1531 2415 Ac
1591 2358 1814 2429 quidem
1875 2369 2097 2410 sorores

513 2445 797 2531 Thcclam,
824 2461 1170 2519 Anastasiam
1219 2467 1276 2512 et
1322 2456 1534 2509 Annam
1579 2449 1646 2505 ad
1691 2447 1910 2504 Cariani
1952 2445 2098 2500 aedes

513 2557 793 2622 amandat,
836 2551 1186 2611 Pulcheriam
1226 2563 1382 2613 vero,
1410 2552 1472 2600 ut
1499 2541 1662 2597 matri
1690 2539 2095 2602 charissimam,

515 2653 584 2709 ad
623 2649 966 2708 Gastriorum
998 2642 1390 2700 monaSterium
1426 2639 1654 2708 relegat.
1699 2633 1948 2702 Tumque
1978 2645 2095 2684 om-

514 2760 616 2800 nes
669 2740 824 2796 brevi
873 2747 1000 2809 post
1044 2750 1245 2805 cogens
1281 2733 1334 2786 in
1377 2731 1721 2786 Gastriorum
1765 2721 2100 2779 monasterio

518 2831 1015 2892 sanctimonialium
1070 2829 1180 2881 ritu
1245 2841 1308 2879 ac
1365 2823 1514 2878 cultu
1573 2821 1742 2874 vitam
1795 2831 1958 2887 agere
2015 2813 2104 2884 ju-

519 2930 636 2984 bet.
684 2926 804 2993 Quo
849 2934 1098 2992 tempore
1137 2918 1285 2972 omni
1327 2923 1520 2968 senatu
1555 2912 1940 2980 imperatorem
1975 2920 2103 2958 eon-

520 3019 816 3084 salutante,
847 3015 999 3070 solus
1025 3013 1140 3082 ipse
1170 3025 1354 3065 rerum
1385 3007 1615 3077 potitur.
1663 3005 1834 3059 Porro
1867 2999 2102 3054 Bardam

519 3113 843 3184 magistrum
913 3105 1144 3177 praeficit
1209 3112 1265 3156 et
1331 3099 1642 3154 scholarum
1715 3092 2099 3147 domesticum.
2131 3132 2174 3190 ο

508 3183 748 3257 Matrem
799 3213 890 3252 res
930 3195 1161 3250 moleste
1204 3189 1443 3245 habebat
1491 3195 1550 3240 ut
1598 3185 1654 3239 in
1711 3183 1963 3238 ordinem
2013 3197 2102 3235 re-

521 3293 790 3347 dactam:
848 3285 945 3342 sed
999 3293 1054 3339 et
1104 3284 1174 3337 ob
1231 3281 1490 3351 injustam
1542 3274 1848 3330 Theoctisti
1912 3286 2105 3326 necem

500 3378 870 3452 implacabile
926 3376 1070 3430 inter
1130 3374 1252 3427 illos
1303 3371 1491 3426 odium
1545 3377 1684 3423 erat.
1747 3367 1937 3434 Itaque
1985 3379 2104 3418 eam

505 3485 745 3543 «quoque
791 3469 914 3523 aula
968 3471 1300 3520 surnmotam
1344 3458 1600 3512 amandat
1650 3456 1718 3511 ad
1759 3454 1997 3510 Gastria.
2031 3452 2108 3506 lbi

515 3561 780 3620 maeroris
810 3559 862 3612 vi
884 3558 1145 3624 absorpto
1168 3551 1399 3606 rationis
1429 3549 1657 3620 judicio,
1679 3561 1922 3615 sanoque
1945 3559 2107 3598 sensu

523 3668 639 3723 prae
690 3659 917 3718 stupore
970 3646 1214 3714 deiecta,
1275 3656 1389 3695 rem
1453 3639 1799 3694 machinatur
1845 3637 2112 3690 adversus

526 3739 758 3798 Bardam
805 3751 914 3791 non
966 3734 1100 3791 satis
1143 3748 1207 3787 ex
1255 3730 1522 3801 dignitate
1569 3738 1664 3783 aut
1721 3728 1804 3781 sui
1858 3725 2107 3792 ratione,

513 3832 745 3888 .adlecto
805 3842 928 3884 cum
978 3826 1100 3881 aliis
1146 3823 1402 3895 pluribus
1443 3821 1610 3877 etiam
1671 3821 1764 3890 qui
1812 3825 2112 3889 protostra-

529 3921 668 3978 toris
708 3934 911 3974 munus
967 3916 1190 3979 obibat,
1245 3929 1442 3984 nempe
1502 3912 1809 3967 necandum
1881 3909 2112 3964 Bardam

517 4029 596 4071 ex
639 4011 958 4069 suburbano
1000 4023 1100 4063 suo
1135 4014 1529 4070 revertentem,
1573 4003 1720 4074 quod
1761 4001 2110 4057 Cosmedium

515 4115 749 4163 vocant.
786 4104 1012 4159 Deteeta
1063 4108 1190 4155 ante
1240 4112 1380 4167 opus
1423 4096 1826 4167 coniuratione,
1886 4094 1941 4148 in
1995 4093 2110 4162 ipsa

514 4199 815 4270 .conjurata
860 4195 1040 4264 capita
1090 4192 1295 4246 malum
1337 4204 1556 4244 versum
1609 4195 1738 4242 est:
1780 4183 2109 4256 deprehensi

511 4289 679 4346 -enim
715 4287 962 4357 tentique
997 4284 1063 4338 ad
1093 4282 1240 4339 Circi
1278 4280 1503 4337 fundam
1545 4278 1725 4349 capite
1773 4277 1919 4347 plexi
1959 4283 2108 4331 sunt.

520 4381 769 4437 Basilius
801 4377 1047 4434 defuncti
1092 4377 1212 4431 loco
1255 4371 1671 4445 protostratoris
1715 4370 1979 4440 dignitate
2022 4384 2114 4423 au.

2200 1905 2359 1962 ρητος
2421 1888 2673 1958 ἔμεινεν·
2728 1883 2853 1937 ὅθεν
2904 1881 3000 1933 καὶ
3058 1875 3384 1947 μεταΰαλὼν
3435 1875 3460 1926 ὁ
3506 1871 3713 1942 βασιλεὺς

2195 1984 2385 2051 ὥσπερ
2408 1981 2504 2050 τὴν
2541 1977 2717 2048 ψυχὴν
2745 1976 2839 2028 καὶ
2877 1972 2972 2043 τὴν
2999 1970 3252 2040 γνώμην,
3282 1968 3423 2021 οὕτω
3456 1965 3516 2036 δὴ
3558 1964 3635 2016 καὶ
3675 1963 3721 2013 τὸ

2199 2076 2386 2146 σχῆμα
2414 2075 2508 2126 καὶ
2533 2074 2631 2141 τὴν
2663 2071 2964 2140 ἐνέργειαν,
2997 2063 3284 2124 τοσούτοις
3329 2059 3617 2131 προσώποις
3652 2056 3726 2108 αὒο

2189 2171 2294 2240 ’τὴν
2312 2169 2502 2222 λυπεῖν
2533 2167 2902 2236 κατηπείγετο
2921 2163 3064 2224 ὅσοις
3093 2160 3199 2229 πρὸ
3227 2157 3420 2211 τούτου
3456 2152 3729 2225 θεραπεύειν

2197 2260 2612 2330 ἐςχηματίζετο.
2647 2258 2756 2310 Καὶ
2794 2257 2891 2318 τὰς
2933 2254 3033 2322 μὲν
3067 2251 3310 2318 ἀδελφὰς
3358 2248 3514 2302 αὑτοῦ
3544 2244 3731 2308 Θὲιιλαν,

2212 2351 2569 2405 Ἀναστασίαν
2600 2349 2695 2402 καὶ
2737 2351 2936 2401 ’Ἄνναν
2971 2348 3050 2408 εἰς
3084 2344 3152 2398 τὰ
3185 2341 3470 2412 Καριανοῦ
3526 2337 3732 2408 μεθιστᾷ,

2200 2446 2534 2514 Πουλχερίαν
2563 2444 2618 2496 δὲ
2648 2443 2723 2504 ὼς
2753 2441 3122 2511 ἠγαπημένην
3149 2440 3218 2507 τῇ
3261 2435 3429 2507 μητρὶ.
3452 2436 3506 2485 ἐν
3541 2433 3600 2500 τῇ
3630 2429 3735 2498 μονῇ

2200 2538 2306 2590 τῶν
2331 2538 2632 2606 Γαστρίων.
2669 2530 2805 2588 Εἶτα
2866 2532 2984 2602 μετ’
3014 2530 3194 2597 ὀλίγον
3223 2531 3323 2582 καὶ
3352 2527 3520 2586 πάσας
3569 2521 3738 2580 ἐνὼσας

2202 2630 2258 2680 ἐν
2298 2631 2363 2698 τῇ
2413 2632 2546 2698 μονῇ
2585 2627 2694 2678 τῶν
2732 2624 3009 2694 Γαστρίων
3050 2621 3380 2692 ἀπέκειρεν.
3416 2618 3541 2670 Τότε
3576 2615 3633 2684 δὴ
3669 2611 3744 2664 καὶ

2203 2719 2308 2772 ὑπὸ
2339 2719 2437 2787 τῆς
2469 2717 2773 2788 συγκλήτου
2833 2717 3012 2784 πάσης
3057 2712 3462 2782 ἀναγορεύεται
3487 2709 3575 2761 καὶ
3619 2707 3743 2759 αὐτο-

2203 2814 2495 2882 κρατορεῖ,
2531 2812 2626 2863 καὶ
2664 2810 2755 2862 τὸν
2812 2808 3023 2875 Βάρδαν
3082 2807 3460 2876 προϐάλλεται
3488 2804 3744 2874 μάγιστρον

2204 2903 2296 2955 καὶ
2330 2901 2646 2971 δομέστικον
2679 2901 2792 2952 τῶν
2851 2898 3078 2969 σχολῶν.
3128 2898 3255 2965 Ἐφ’
3285 2893 3369 2960 οἷς
3400 2898 3432 2966 ὴ
3473 2896 3639 2965 μήτηρ
3672 2890 3749 2943 αὖ·

2203 2993 2298 3048 τοῦ
2320 2993 2630 3064 λυπουμένη
2652 2992 3176 3062 ὡ;.διατασσομέν.·ι,
3230 2991 3370 3044 ἀλλὰ
3408 2989 3510 3060 μὴν
3547 2987 3631 3040 καὶ
3671 2984 3741 3037 διὰ

2205 3087 2302 3158 τὴν
2323 3087 2504 3140 ἄδικον
2544 3086 2759 3154 σφαγὴν
2790 3085 3114 3137 Θεοκτίστου
3135 3124 3147 3144 ,
3185 3085 3372 3154 ἔχθρα
3401 3077 3471 3154 ἦν
3522 3077 3754 3149 ἁναμέσον

2208 3180 2386 3235 αὐτῶν
2417 3178 2698 3240 ἄσπονδος.
2756 3178 3002 3244 Κατάγει
3046 3177 3238 3229 τοίνυν
3270 3177 3369 3228 καὶ
3421 3173 3582 3243 αὐτὴν
3603 3173 3669 3233 είς
3703 3168 3754 3219 τὲ

2209 3274 2447 3343 Γαστρία
2478 3289 2490 3303 ⁸
2522 3273 2643 3344 ἣτις
2669 3274 2732 3341 τῇ
2764 3271 2972 3341 ἀθυμίᾳ
2997 3269 3519 3323 καταῦαπτισοεῖσα
3540 3267 3626 3319 τὸν
3644 3261 3756 3321 νοῦν,

2211 3367 2308 3420 καὶ
2351 3367 2442 3418 ὑπ’
2487 3365 2807 3432 ἐκπλήξεως
2865 3364 3232 3434 ἀφαιρεθεῖσα
3298 3363 3397 3414 καὶ
3439 3361 3499 3414 τὸ
3545 3357 3757 3429 φρονεῖν.

2208 3458 2433 3524 ἀναξίαν
2485 3459 2650 3527 ἑαυτῇ
2713 3456 3036 3520 συσκευάζει
3094 3456 3248 3508 κατὰ
3321 3455 3508 3524 Βάρδα
3577 3447 3760 3522 βουλὴν.

2211 3549 2438 3620 ἑλομένη
2520 3549 2772 3602 κοινωνὸν
2845 3547 2942 3600 σὺν
3013 3547 3198 3608 ἄλλοις
3286 3546 3506 3607 πολλοῖς
3561 3543 3644 3595 καὶ
3691 3537 3762 3590 τὸν

2211 3642 2304 3694 τοῦ
2338 3641 2600 3711 βασιλέως
2656 3640 3138 3712 πρωτοστράτορα,
3164 3640 3332 3703 ὅπως
3369 3637 3766 3707 ὑποστρέφοντο;

2211 3733 2302 3786 τοῦ
2331 3734 2511 3804 nepa:
2547 3733 2655 3786 ἀπὸ
2679 3733 2770 3785 τοῦ
2803 3732 3130 3803 προαστείου
3163 3734 3348 3786 αὐτοῦ
3376 3732 3474 3786 τοῦ
3501 3725 3766 3798 Κοσμηδίον

2212 3829 2596 3896 ἁναιρήσουσιν
2624 3825 2806 3880 αὐτόν.
2849 3827 2961 3895 Τῆς
2997 3825 3052 3878 δὲ
3088 3827 3342 3897 μελέτης
3378 3825 3491 3897 πρὸ
3522 3823 3612 3878 τοῦ
3643 3821 3770 3892 ἔργον

2214 3917 2640 3988 φανερωθείσης,
2671 3917 2796 3970 κατ’
2824 3917 3003 3970 αὐτῶν
3040 3917 3280 3970 ἐκείνων
3328 3919 3446 3970 τῶν
3476 3911 3769 3986 μελετησὰνο

2211 4026 2319 4062 των
2351 4009 2410 4063 τὸ
2443 4009 2611 4062 κακὸν
2651 4009 2912 4078 ἐξηνέχθη
2944 4024 2957 4036 ·
2986 4008 3356 4078 φωραθέντες
3377 4009 3493 4078 γὰρ
3524 4006 3614 4060 καὶ
3645 4016 3776 4055 κατα-

2215 4101 2497 4171 σχεθέντες
2533 4101 2591 4153 ἐν
2619 4105 2685 4170 τῇ
2729 4100 2995 4170 Σφενδόνῃ
3029 4100 3127 4163 τὰς
3181 4100 3452 4168 κεφαλὰς
3493 4092 3774 4164 ἀπετμήθη·

2216 4205 2332 4243 σαν.
2360 4188 2442 4262 [Ρ.
2475 4188 2604 4260 436]
2641 4189 2750 4243 Καὶ
2786 4188 3150 4256 προϐάλλεται
3199 4188 3300 4240 τὸν
3335 4187 3618 4241 Βασίλειον
3643 4183 3668 4234 ὁ
3695 4176 3777 4231 Μι-

2214 4279 2353 4350 χαὴλ
2417 4279 2541 4331 ἀντὶ
2605 4277 2699 4330 τοῦ
2785 4277 3223 4346 τελευτήσαντος
3297 4275 3775 4348 πρωτοστράτορος.

2212 4371 2414 4436 ὁμοίως
2478 4370 2574 4423 καὶ
2619 4369 2832 4439 Βάρδαν
2883 4368 2975 4421 τὸν
3023 4367 3166 4420 θεῖον
3235 4369 3417 4422 αὑτοῦ
3483 4356 3781 4436 κουροπαλὰ·

531 4482 695 4543 getur
721 4489 737 4540 ;
773 4471 1028 4527 similiter
1062 4485 1280 4540 quoque
1307 4466 1508 4522 Bardas
1540 4481 1569 4519 a
1599 4472 1798 4533 nepote
1831 4461 2109 4531 curopala-
2133 4492 2188 4550 Β
2212 4480 2330 4533 την.

534 4570 617 4616 tes
646 4560 965 4631 praeficitur.

600 4653 768 4725 659
810 4653 891 4707 M.
910 4651 1134 4722 Imperii
1162 4649 1442 4706 Michaelis
1466 4663 1611 4704 anno
1642 4646 1885 4703 secundo
1907 4661 2109 4701 cruen-

527 4754 625 4801 tus
657 4746 800 4801 cinis
824 4761 853 4800 e
879 4746 1018 4800 coelo
1055 4744 1210 4813 copia
1260 4742 1484 4808 decidit,
1518 4741 1784 4810 multique
1825 4736 2112 4809 sanguinis

532 4838 710 4893 instar
739 4836 897 4892 rubri
929 4837 1134 4891 coloris
1158 4835 1372 4906 lapides
1399 4833 1632 4890 inventi.
1659 4833 1829 4888 Porro
1855 4831 2106 4897 Michael,

536 4931 667 4985 dum
720 4929 786 4984 ad
813 4943 975 4983 omne
1023 4928 1205 4982 scelus
1251 4943 1315 4981 ac
1345 4926 1620 4982 luxuriam
1663 4925 1808 4980 laxat
1838 4923 2104 4986 habenas,

533 5022 797 5093 pecunias
827 5022 883 5076 in
918 5019 1118 5090 palatio
1170 5019 1442 5088 repositas
1470 5018 1610 5071 male
1665 5015 1950 5085 dilapidat,
1981 5031 2106 5068 cum

536 5113 684 5168 mille
710 5112 1006 5182 nonaginta
1025 5110 1142 5164 auri
1166 5109 1479 5163 centenaria
1500 5107 1832 5163 excederent
1855 5115 2109 5176 essetque

535 5205 746 5276 argenti
783 5206 1052 5259 immensa
1073 5201 1176 5267 vis,
1204 5215 1326 5272 quae
1365 5200 1484 5272 ejus
1513 5208 1687 5254 mater
1713 5199 1766 5253 in
1795 5200 1990 5254 aerario
2020 5215 2108 5253 as-

535 5298 813 5352 servabat.
840 5295 1185 5367 Aurigarum
1228 5292 1434 5364 quippe
1475 5292 1685 5347 liberos
1705 5306 1771 5346 ex
1801 5307 1957 5346 sacro
2013 5290 2104 5343 ba-

535 5388 791 5456 ptismate
826 5389 882 5442 in
917 5387 1058 5443 filios
1086 5387 1376 5458 adoptans,
1423 5385 1657 5456 singulis
1687 5399 1943 5439 nummos
1977 5397 2108 5436 cen-

538 5489 652 5533 tum
679 5488 771 5534 aut
792 5479 1079 5534 minimum
1107 5478 1505 5550 quinquaginta
1554 5476 1739 5531 dabat.
1769 5473 2108 5542 Quandoque

533 5570 701 5624 etiam
730 5570 822 5623 uni
873 5571 1258 5640 patriciorum,
1301 5570 1500 5625 lmerio
1547 5568 1792 5634 nomine,
1817 5567 1884 5622 ab
1909 5563 2108 5636 agresti

535 5661 724 5718 vultus
756 5661 939 5728 specie
971 5661 1171 5718 Chcero
1201 5671 1518 5732 nuncupato
1565 5661 1650 5728 (ac
1688 5659 1733 5714 si
1766 5673 1992 5728 porcum
2025 5655 2111 5709 di-

531 5756 676 5831 ωε).
703 5767 826 5806 cui“
863 5753 916 5806 in
945 5771 1130 5811 mensa
1173 5758 1353 5827 turpia
1384 5755 1630 5826 quaedam
1667 5753 2009 5824 obganniens
2045 5750 2105 5805 ad

2285 4645 2366 4699 ιδ’.
2398 4643 2487 4711 Τῷ
2521 4641 2563 4712 β’
2602 4641 2794 4694 τούτου
2825 4641 2932 4692 ἔτει
2971 4641 3130 4690 ἔπεσε
3165 4639 3336 4701 κόνις
3368 4641 3439 4692 ἐκ
3467 4637 3561 4689 τοῦ
3601 4623 3786 4700 οὖρανοῦ

2211 4739 2426 4809 πλήρης
2455 4734 2794 4807 αἱματώδης.
2827 4735 2920 4785 καὶ
2955 4732 3137 4794 λίθῡυς
3161 4730 3454 4802 εὕρισκον
3481 4729 3664 4782 πολλοὶ
3686 4727 3780 4791 Epu-

2211 4831 2372 4902 θροὺς
2402 4830 2477 4892 ὡς
2519 4824 2678 4898 αἷμα.
2711 4825 2962 4887 Ἐπιδοῦς
2993 4823 3187 4877 ἐαυτὸν
3233 4827 3320 4886 είς
3350 4826 3546 4877 πᾶσαν
3576 4819 3746 4874 κακίαν
3772 4811 3792 4860 ὁ

2209 4925 2453 4996 Μιχαὴλ,
2469 4924 2538 4976 τὰ
2560 4926 2616 4976 ἐν
2631 4921 2708 4991 τῷ
2727 4919 2903 4972 παλατ
2913 4923 2974 4990 ίῳ
2992 4918 3262 4988 χρήματα
3284 4916 3489 4979 κακῶς
3503 4913 3788 4968 ἀναλίσκων,

2213 5017 2351 5085 ὑπὲρ
2385 5014 2492 5065 τῶν
2521 5012 2709 5082 χιλίων
2739 5010 3066 5080 ἐνενήκοντα
3098 5010 3512 5080 κεντηναρίων
3543 5010 3667 5061 ὅντα
3694 5016 3793 5070 χρυ·

2213 5106 2350 5169 σίου,
2380 5105 2619 5174 ἄργυρος
2651 5101 2705 5154 δὲ
2737 5099 2937 5169 πλῆθος
2961 5097 3380 5168 ἀναρίθμητος,
3419 5095 3622 5164 ᾶπερη
3649 5091 3795 5160 μήτηρ

2210 5194 2376 5250 αὑτοῦ
2409 5192 2732 5264 ἐφυλάξατο.
2765 5193 2870 5244 Καὶ
2897 5191 3023 5252 τοὺς
3045 5191 3150 5242 τῶν
3195 5191 3461 5260 ἡνιόχων
3496 5189 3686 5246 παῖδας
3719 5176 3801 5231 ἀπὺ

2209 5287 2302 5337 τοῦ
2340 5285 2494 5353 ἁγίου
2527 5284 2902 5354 βαπτίσματος
2945 5279 3440 5350 υίοθετησάμενος
3478 5279 3693 5342 ἑκάστῳ
3714 5267 3800 5320 ἐδί-

2210 5374 2298 5428 δου
2327 5375 2638 5446 νομίσματα
2675 5381 2715 5445 ρ’
2751 5373 2872 5444 ἢτὸ
2929 5372 3217 5442 ἐλάχιστον
3256 5369 3333 5425 ν’.
3383 5371 3508 5425 Καί
3559 5367 3663 5423 τινί
3703 5372 3807 5414 ποτε

2213 5469 2486 5539 πατρικίῳ
2517 5472 2532 5538 (
2567 5467 2796 5538 Ἱμέριος
2820 5458 2975 5527 οὗτος
3005 5464 3268 5517 ἐκαλεῖτο
3296 5466 3328 5518 ὁ
3366 5466 3600 5533 Χοῖρος,
3633 5456 3713 5510 διὰ
3732 5449 3806 5516 τίὲν

2210 5562 2303 5616 τοῦ
2346 5560 2636 5632 προσώπου
2682 5560 2984 5630 ἀγριότητα
3028 5558 3207 5619 οὓτως
3262 5542 3810 5626 κατονομαζόμενος)

2210 5653 2384 5718 ἄλλως
2409 5652 2853 5722 αἱσχρολογοῦντι
2882 5650 3024 5704 κατά
3046 5649 3140 5720 τὴν
3168 5649 3491 5720 τράπεζαν
3525 5647 3622 5700 καὶ
3666 5643 3814 5710 «ideo?

2212 5749 2275 5801 ἐκ
2305 5746 2403 5817 της
2435 5744 2664 5816 βεϐήλου
2713 5743 2877 5798 αὑτοῦ
2922 5740 3151 5813 γαστρὸς
3190 5740 3359 5794 κατὰ
3393 5739 3694 5812 πρόσωπον
3737 5723 3817 5783 τοῦ
