  <div class='ocr_page' id='page_1' title='image "/cluster/home/n/w/nwhite01/storage/ocr_20150623/109/hvd.32044073502312/382.png"; bbox 0 0 3962 6200; ppageno 0'>
   <div class='ocr_carea' id='block_1_1' title="bbox 293 263 2627 382">
    <p class='ocr_par' dir='ltr' id='par_1_1' title="bbox 293 263 2627 382">
     <span class='ocr_line' id='line_1_1' title="bbox 293 263 2627 382; baseline 0.024 -56"><span class='ocrx_word' id='word_1_1' title='bbox 293 263 378 329; x_wconf 73' lang='grc'><strong>721</strong></span> <span class='ocrx_word' id='word_1_2' title='bbox 1183 287 1550 354; x_wconf 84' lang='lat' dir='ltr'><strong>ANNALES.</strong></span> <span class='ocrx_word' id='word_1_3' title='bbox 1594 319 1652 335; x_wconf 62' lang='grc' dir='ltr'><strong>ι-</strong></span> <span class='ocrx_word' id='word_1_4' title='bbox 1690 299 2032 366; x_wconf 74' lang='lat' dir='ltr'><strong>MICl-IAEL</strong></span> <span class='ocrx_word' id='word_1_5' title='bbox 2064 309 2158 370; x_wconf 85' lang='lat' dir='ltr'><strong>ET</strong></span> <span class='ocrx_word' id='word_1_6' title='bbox 2197 313 2627 382; x_wconf 78' lang='lat' dir='ltr'><strong>THEODORA.</strong></span> 
     </span>
    </p>
   </div>
   <div class='ocr_carea' id='block_1_2' title="bbox 3439 337 3550 401">
    <p class='ocr_par' dir='ltr' id='par_1_2' title="bbox 3439 337 3550 401">
     <span class='ocr_line' id='line_1_2' title="bbox 3439 337 3550 401; baseline 0.027 -2"><span class='ocrx_word' id='word_1_7' title='bbox 3439 337 3550 401; x_wconf 72' lang='lat'><strong>7&#39;22</strong></span> 
     </span>
    </p>
   </div>
   <div class='ocr_carea' id='block_1_3' title="bbox 285 381 1819 522">
    <p class='ocr_par' dir='ltr' id='par_1_3' title="bbox 285 381 1819 522">
     <span class='ocr_line' id='line_1_3' title="bbox 285 381 1819 475; baseline 0.016 -39"><span class='ocrx_word' id='word_1_8' title='bbox 285 381 544 451; x_wconf 63' lang='grc' dir='ltr'>βασιλέως</span> <span class='ocrx_word' id='word_1_9' title='bbox 581 384 814 440; x_wconf 75' lang='grc' dir='ltr'>καὶτῶν</span> <span class='ocrx_word' id='word_1_10' title='bbox 868 393 1328 454; x_wconf 79' lang='grc' dir='ltr'><strong>συνδειπνούντων</strong></span> <span class='ocrx_word' id='word_1_11' title='bbox 1381 405 1616 474; x_wconf 76' lang='grc' dir='ltr'>ἀφιέντι,</span> <span class='ocrx_word' id='word_1_12' title='bbox 1645 411 1718 475; x_wconf 85' lang='grc' dir='ltr'>ὼς</span> <span class='ocrx_word' id='word_1_13' title='bbox 1753 431 1819 467; x_wconf 74' lang='grc' dir='ltr'><strong>κα</strong></span> 
     </span>
     <span class='ocr_line' id='line_1_4' title="bbox 285 474 1816 522; baseline -0.001 0"><span class='ocrx_word' id='word_1_14' title='bbox 285 474 334 522; x_wconf 80' lang='grc' dir='ltr'>τὸ</span> <span class='ocrx_word' id='word_1_15' title='bbox 357 474 578 522; x_wconf 77' lang='grc' dir='ltr'>ιοατλίον</span> <span class='ocrx_word' id='word_1_16' title='bbox 610 477 672 522; x_wconf 79' lang='grc' dir='ltr'>τὸ</span> <span class='ocrx_word' id='word_1_17' title='bbox 695 479 920 522; x_wconf 66' lang='grc' dir='ltr'>τούτων</span> <span class='ocrx_word' id='word_1_18' title='bbox 961 491 1334 522; x_wconf 61' lang='grc' dir='ltr'><strong>,ωηφηνμυηπη</strong></span> <span class='ocrx_word' id='word_1_19' title='bbox 1384 497 1445 522; x_wconf 77' lang='grc' dir='ltr'><strong>ι..</strong></span> <span class='ocrx_word' id='word_1_20' title='bbox 1475 499 1564 522; x_wconf 62' lang='grc' dir='ltr'><strong>--σε</strong></span> <span class='ocrx_word' id='word_1_21' title='bbox 1601 520 1624 522; x_wconf 83' lang='lat'><strong><em>_</em></strong></span> <span class='ocrx_word' id='word_1_22' title='bbox 1649 504 1711 522; x_wconf 24' lang='grc' dir='ltr'>λγ</span> <span class='ocrx_word' id='word_1_23' title='bbox 1803 505 1816 520; x_wconf 78' lang='grc' dir='ltr'><strong><em>ο</em></strong></span> 
     </span>
    </p>
   </div>
   <div class='ocr_carea' id='block_1_4' title="bbox 1923 381 3548 522">
    <p class='ocr_par' dir='ltr' id='par_1_4' title="bbox 1952 422 3548 522">
     <span class='ocr_line' id='line_1_5' title="bbox 1952 422 3548 522; baseline 0.023 -48"><span class='ocrx_word' id='word_1_24' title='bbox 1952 436 2012 475; x_wconf 90' lang='lat' dir='ltr'><strong>os</strong></span> <span class='ocrx_word' id='word_1_25' title='bbox 2059 422 2239 494; x_wconf 89' lang='lat' dir='ltr'><strong>ipsum</strong></span> <span class='ocrx_word' id='word_1_26' title='bbox 2287 428 2640 500; x_wconf 76' lang='lat' dir='ltr'><strong>imperatoris</strong></span> <span class='ocrx_word' id='word_1_27' title='bbox 2687 451 2752 492; x_wconf 90' lang='lat' dir='ltr'><strong>ac</strong></span> <span class='ocrx_word' id='word_1_28' title='bbox 2807 441 3171 499; x_wconf 81' lang='lat' dir='ltr'><strong>convivarum</strong></span> <span class='ocrx_word' id='word_1_29' title='bbox 3224 463 3290 502; x_wconf 85' lang='lat' dir='ltr'><strong>ex</strong></span> <span class='ocrx_word' id='word_1_30' title='bbox 3327 450 3548 522; x_wconf 90' lang='lat' dir='ltr'><strong>impuro</strong></span> 
     </span>
    </p>
   </div>
   <div class='ocr_carea' id='block_1_5' title="bbox 281 474 1897 574">
    <p class='ocr_par' dir='ltr' id='par_1_5' title="bbox 281 474 1897 574">
     <span class='ocr_line' id='line_1_6' title="bbox 281 474 1897 574; baseline 0.023 -50"><span class='ocrx_word' id='word_1_31' title='bbox 281 474 334 526; x_wconf 77' lang='grc' dir='ltr'>τὸ</span> <span class='ocrx_word' id='word_1_32' title='bbox 357 474 578 542; x_wconf 83' lang='grc' dir='ltr'>φατλίον</span> <span class='ocrx_word' id='word_1_33' title='bbox 610 477 672 530; x_wconf 87' lang='grc' dir='ltr'><strong>τὸ</strong></span> <span class='ocrx_word' id='word_1_34' title='bbox 695 479 920 548; x_wconf 87' lang='grc' dir='ltr'>τούτους</span> <span class='ocrx_word' id='word_1_35' title='bbox 961 491 1334 559; x_wconf 84' lang='grc' dir='ltr'>φωταγωγοῦν</span> <span class='ocrx_word' id='word_1_36' title='bbox 1382 497 1447 550; x_wconf 80' lang='grc' dir='ltr'>ὲκ</span> <span class='ocrx_word' id='word_1_37' title='bbox 1475 499 1567 553; x_wconf 79' lang='grc' dir='ltr'>τοῦ</span> <span class='ocrx_word' id='word_1_38' title='bbox 1596 504 1852 574; x_wconf 85' lang='grc' dir='ltr'>τηλικού-</span> <span class='ocrx_word' id='word_1_39' title='bbox 1889 536 1897 542; x_wconf 85' lang='lat'><strong>-</strong></span> 
     </span>
    </p>
   </div>
   <div class='ocr_carea' id='block_1_6' title="bbox 281 564 1849 670">
    <p class='ocr_par' dir='ltr' id='par_1_6' title="bbox 281 564 1849 670">
     <span class='ocr_line' id='line_1_7' title="bbox 281 564 1849 670; baseline 0.025 -55"><span class='ocrx_word' id='word_1_40' title='bbox 281 581 362 617; x_wconf 84' lang='grc' dir='ltr'><strong>του</strong></span> <span class='ocrx_word' id='word_1_41' title='bbox 395 564 572 636; x_wconf 77' lang='grc' dir='ltr'>ψόφου</span> <span class='ocrx_word' id='word_1_42' title='bbox 606 570 912 628; x_wconf 86' lang='grc' dir='ltr'>ἀποσϐέσαι</span> <span class='ocrx_word' id='word_1_43' title='bbox 941 577 1019 648; x_wconf 84' lang='grc' dir='ltr'><strong>τῷ</strong></span> <span class='ocrx_word' id='word_1_44' title='bbox 1070 585 1360 660; x_wconf 74' lang='grc' dir='ltr'><strong>παραδόξῳ</strong></span> <span class='ocrx_word' id='word_1_45' title='bbox 1412 564 1674 664; x_wconf 56' lang='grc' dir='ltr'>θαύματι,</span> <span class='ocrx_word' id='word_1_46' title='bbox 1716 617 1849 670; x_wconf 84' lang='grc' dir='ltr'>χρυ-</span> 
     </span>
    </p>
   </div>
   <div class='ocr_carea' id='block_1_7' title="bbox 278 656 1078 743">
    <p class='ocr_par' dir='ltr' id='par_1_7' title="bbox 278 656 1078 743">
     <span class='ocr_line' id='line_1_8' title="bbox 278 656 1078 743; baseline 0.024 -35"><span class='ocrx_word' id='word_1_47' title='bbox 278 656 381 710; x_wconf 88' lang='grc' dir='ltr'>σίου</span> <span class='ocrx_word' id='word_1_48' title='bbox 405 658 718 730; x_wconf 80' lang='grc' dir='ltr'><strong>νομίσματα</strong></span> <span class='ocrx_word' id='word_1_49' title='bbox 747 664 982 722; x_wconf 86' lang='grc' dir='ltr'>δέδωκεν</span> <span class='ocrx_word' id='word_1_50' title='bbox 1010 669 1078 743; x_wconf 88' lang='grc' dir='ltr'><strong>ρ’.</strong></span> 
     </span>
    </p>
   </div>
   <div class='ocr_carea' id='block_1_8' title="bbox 341 750 1852 850">
    <p class='ocr_par' dir='ltr' id='par_1_8' title="bbox 341 750 1852 850">
     <span class='ocr_line' id='line_1_9' title="bbox 341 750 1852 850; baseline 0.021 -45"><span class='ocrx_word' id='word_1_51' title='bbox 341 750 418 809; x_wconf 85' lang='grc' dir='ltr'>ιε’.</span> <span class='ocrx_word' id='word_1_52' title='bbox 455 753 644 822; x_wconf 82' lang='grc' dir='ltr'>Οὕτως</span> <span class='ocrx_word' id='word_1_53' title='bbox 673 759 884 826; x_wconf 76' lang='grc' dir='ltr'>ἐκεῖνος</span> <span class='ocrx_word' id='word_1_54' title='bbox 917 765 998 830; x_wconf 85' lang='grc' dir='ltr'><strong>είς</strong></span> <span class='ocrx_word' id='word_1_55' title='bbox 1029 768 1181 825; x_wconf 82' lang='grc' dir='ltr'>οὐδὲν</span> <span class='ocrx_word' id='word_1_56' title='bbox 1207 773 1328 830; x_wconf 85' lang='grc' dir='ltr'>δέον</span> <span class='ocrx_word' id='word_1_57' title='bbox 1355 777 1427 830; x_wconf 77' lang='grc' dir='ltr'><strong>τὰ</strong></span> <span class='ocrx_word' id='word_1_58' title='bbox 1454 778 1691 850; x_wconf 79' lang='grc' dir='ltr'>δημόσια</span> <span class='ocrx_word' id='word_1_59' title='bbox 1719 801 1852 836; x_wconf 84' lang='grc' dir='ltr'>κατ-</span> 
     </span>
    </p>
   </div>
   <div class='ocr_carea' id='block_1_9' title="bbox 275 847 1845 944">
    <p class='ocr_par' dir='ltr' id='par_1_9' title="bbox 275 847 1845 944">
     <span class='ocr_line' id='line_1_10' title="bbox 275 847 1845 944; baseline 0.047 -43"><span class='ocrx_word' id='word_1_60' title='bbox 275 847 573 904; x_wconf 68' lang='grc' dir='ltr'>ανάλισκεν.</span> <span class='ocrx_word' id='word_1_61' title='bbox 613 852 726 907; x_wconf 81' lang='grc' dir='ltr'><strong>Καὶ</strong></span> <span class='ocrx_word' id='word_1_62' title='bbox 784 859 954 928; x_wconf 82' lang='grc' dir='ltr'>μήπω</span> <span class='ocrx_word' id='word_1_63' title='bbox 1035 866 1227 935; x_wconf 66' lang='grc' dir='ltr'><strong>καιροῦ</strong></span> <span class='ocrx_word' id='word_1_64' title='bbox 1294 847 1653 940; x_wconf 31' lang='grc' dir='ltr'><strong>παρελθδλθτος</strong></span> <span class='ocrx_word' id='word_1_65' title='bbox 1707 877 1845 944; x_wconf 36' lang='lat' dir='ltr'><strong>ab“</strong></span> 
     </span>
    </p>
   </div>
   <div class='ocr_carea' id='block_1_10' title="bbox 271 940 1846 1043">
    <p class='ocr_par' dir='ltr' id='par_1_10' title="bbox 271 940 1846 1043">
     <span class='ocr_line' id='line_1_11' title="bbox 271 940 1846 1043; baseline 0.02 -50"><span class='ocrx_word' id='word_1_66' title='bbox 271 940 385 995; x_wconf 73' lang='grc' dir='ltr'>ἐπεὶ</span> <span class='ocrx_word' id='word_1_67' title='bbox 405 942 922 1043; x_wconf 67' lang='grc' dir='ltr'>τῆςστρατιωτικῆς</span> <span class='ocrx_word' id='word_1_68' title='bbox 941 955 1108 1027; x_wconf 78' lang='grc' dir='ltr'>ρόγας</span> <span class='ocrx_word' id='word_1_69' title='bbox 1128 961 1310 1033; x_wconf 83' lang='grc' dir='ltr'>παρῆν</span> <span class='ocrx_word' id='word_1_70' title='bbox 1331 965 1357 1016; x_wconf 81' lang='grc' dir='ltr'><strong>δ</strong></span> <span class='ocrx_word' id='word_1_71' title='bbox 1380 967 1572 1036; x_wconf 83' lang='grc' dir='ltr'>καιρὸς</span> <span class='ocrx_word' id='word_1_72' title='bbox 1597 969 1690 1022; x_wconf 74' lang='grc' dir='ltr'>καὶ</span> <span class='ocrx_word' id='word_1_73' title='bbox 1707 940 1846 1043; x_wconf 51' lang='grc' dir='ltr'><strong>χρη-ζ</strong></span> 
     </span>
    </p>
   </div>
   <div class='ocr_carea' id='block_1_11' title="bbox 277 1033 1847 1135">
    <p class='ocr_par' dir='ltr' id='par_1_11' title="bbox 277 1033 1847 1135">
     <span class='ocr_line' id='line_1_12' title="bbox 277 1033 1847 1135; baseline 0.023 -50"><span class='ocrx_word' id='word_1_74' title='bbox 277 1033 455 1104; x_wconf 83' lang='grc' dir='ltr'><strong>μάτων</strong></span> <span class='ocrx_word' id='word_1_75' title='bbox 507 1036 677 1111; x_wconf 82' lang='grc' dir='ltr'><strong>πόρος</strong></span> <span class='ocrx_word' id='word_1_76' title='bbox 718 1043 818 1096; x_wconf 84' lang='grc' dir='ltr'><strong>οὐκ</strong></span> <span class='ocrx_word' id='word_1_77' title='bbox 875 1041 966 1116; x_wconf 77' lang='grc' dir='ltr'>ἦν,</span> <span class='ocrx_word' id='word_1_78' title='bbox 1017 1051 1118 1121; x_wconf 81' lang='grc' dir='ltr'>τήν</span> <span class='ocrx_word' id='word_1_79' title='bbox 1143 1069 1202 1104; x_wconf 89' lang='grc' dir='ltr'><strong>τε</strong></span> <span class='ocrx_word' id='word_1_80' title='bbox 1245 1033 1847 1135; x_wconf 28' lang='grc' dir='ltr'>χρυσῆν-ἐκείνηνςκάὶ</span> 
     </span>
    </p>
   </div>
   <div class='ocr_carea' id='block_1_12' title="bbox 271 1126 1847 1220">
    <p class='ocr_par' dir='ltr' id='par_1_12' title="bbox 271 1126 1847 1220">
     <span class='ocr_line' id='line_1_13' title="bbox 271 1126 1847 1220; baseline 0.022 -42"><span class='ocrx_word' id='word_1_81' title='bbox 271 1126 668 1203; x_wconf 77' lang='grc' dir='ltr'><strong>πολυθρύλητον</strong></span> <span class='ocrx_word' id='word_1_82' title='bbox 714 1134 986 1194; x_wconf 81' lang='grc' dir='ltr'><strong>πλάτανον</strong></span> <span class='ocrx_word' id='word_1_83' title='bbox 1033 1145 1124 1198; x_wconf 77' lang='grc' dir='ltr'><strong>καὶ</strong></span> <span class='ocrx_word' id='word_1_84' title='bbox 1165 1148 1293 1212; x_wconf 84' lang='grc' dir='ltr'>τοὺς</span> <span class='ocrx_word' id='word_1_85' title='bbox 1343 1150 1436 1204; x_wconf 90' lang='grc' dir='ltr'><strong>δύο</strong></span> <span class='ocrx_word' id='word_1_86' title='bbox 1473 1126 1695 1220; x_wconf 75' lang='grc' dir='ltr'>λέοντας</span> <span class='ocrx_word' id='word_1_87' title='bbox 1751 1162 1847 1214; x_wconf 72' lang='grc' dir='ltr'><strong>καὶ</strong></span> 
     </span>
    </p>
   </div>
   <div class='ocr_carea' id='block_1_13' title="bbox 267 1219 1841 1320">
    <p class='ocr_par' dir='ltr' id='par_1_13' title="bbox 267 1219 1841 1320">
     <span class='ocr_line' id='line_1_14' title="bbox 267 1219 1841 1320; baseline 0.023 -49"><span class='ocrx_word' id='word_1_88' title='bbox 267 1219 388 1286; x_wconf 74' lang='grc' dir='ltr'>τοὺς</span> <span class='ocrx_word' id='word_1_89' title='bbox 401 1221 494 1276; x_wconf 87' lang='grc' dir='ltr'><strong>δύο</strong></span> <span class='ocrx_word' id='word_1_90' title='bbox 511 1223 752 1293; x_wconf 82' lang='grc' dir='ltr'><strong>γρῦπας,</strong></span> <span class='ocrx_word' id='word_1_91' title='bbox 776 1232 1101 1304; x_wconf 80' lang='grc' dir='ltr'><strong>ὁλοχρύσους</strong></span> <span class='ocrx_word' id='word_1_92' title='bbox 1131 1238 1293 1305; x_wconf 78' lang='grc' dir='ltr'>ὄντας</span> <span class='ocrx_word' id='word_1_93' title='bbox 1310 1243 1403 1297; x_wconf 74' lang='grc' dir='ltr'><strong>καὶ</strong></span> <span class='ocrx_word' id='word_1_94' title='bbox 1439 1249 1841 1320; x_wconf 78' lang='grc' dir='ltr'><strong>σφυρηλάτους,</strong></span> 
     </span>
    </p>
   </div>
   <div class='ocr_carea' id='block_1_14' title="bbox 266 1310 1842 1414">
    <p class='ocr_par' dir='ltr' id='par_1_14' title="bbox 266 1310 1842 1414">
     <span class='ocr_line' id='line_1_15' title="bbox 266 1310 1842 1414; baseline 0.023 -52"><span class='ocrx_word' id='word_1_95' title='bbox 266 1310 444 1414; x_wconf 35' lang='grc' dir='ltr'>καὶιτδ</span> <span class='ocrx_word' id='word_1_96' title='bbox 492 1313 786 1387; x_wconf 80' lang='grc' dir='ltr'>ὁλόχρυσον</span> <span class='ocrx_word' id='word_1_97' title='bbox 829 1321 1082 1393; x_wconf 76' lang='grc' dir='ltr'>ὄργανον,</span> <span class='ocrx_word' id='word_1_98' title='bbox 1144 1331 1280 1386; x_wconf 85' lang='grc' dir='ltr'>ἀλλὰ</span> <span class='ocrx_word' id='word_1_99' title='bbox 1349 1336 1443 1388; x_wconf 81' lang='grc' dir='ltr'>καὶ</span> <span class='ocrx_word' id='word_1_100' title='bbox 1485 1310 1667 1410; x_wconf 34' lang='grc' dir='ltr'>,ἔτερα</span> <span class='ocrx_word' id='word_1_101' title='bbox 1703 1310 1842 1414; x_wconf 66' lang='grc' dir='ltr'>ἔργα</span> 
     </span>
    </p>
   </div>
   <div class='ocr_carea' id='block_1_15' title="bbox 263 1400 1842 1500">
    <p class='ocr_par' dir='ltr' id='par_1_15' title="bbox 263 1400 1842 1500">
     <span class='ocr_line' id='line_1_16' title="bbox 263 1400 1842 1500; baseline 0.024 -48"><span class='ocrx_word' id='word_1_102' title='bbox 263 1400 419 1474; x_wconf 69' lang='grc' dir='ltr'>ὁλκὴν</span> <span class='ocrx_word' id='word_1_103' title='bbox 469 1403 664 1475; x_wconf 77' lang='grc' dir='ltr'>ἔχοντα</span> <span class='ocrx_word' id='word_1_104' title='bbox 687 1409 731 1441; x_wconf 71' lang='grc' dir='ltr'>δ’</span> <span class='ocrx_word' id='word_1_105' title='bbox 765 1411 873 1466; x_wconf 88' lang='grc' dir='ltr'><strong>τῶν</strong></span> <span class='ocrx_word' id='word_1_106' title='bbox 893 1419 937 1466; x_wconf 67' lang='grc' dir='ltr'>σθ</span> <span class='ocrx_word' id='word_1_107' title='bbox 968 1424 1339 1493; x_wconf 85' lang='grc' dir='ltr'>κεντηναρίων</span> <span class='ocrx_word' id='word_1_108' title='bbox 1380 1430 1474 1482; x_wconf 80' lang='grc' dir='ltr'><strong>καὶ</strong></span> <span class='ocrx_word' id='word_1_109' title='bbox 1528 1431 1724 1496; x_wconf 74' lang='grc' dir='ltr'>στολὰς</span> <span class='ocrx_word' id='word_1_110' title='bbox 1743 1434 1842 1500; x_wconf 77' lang='grc' dir='ltr'>ωξ⁹</span> 
     </span>
    </p>
   </div>
   <div class='ocr_carea' id='block_1_16' title="bbox 259 1493 1842 1597">
    <p class='ocr_par' dir='ltr' id='par_1_16' title="bbox 259 1493 1842 1597">
     <span class='ocr_line' id='line_1_17' title="bbox 259 1493 1842 1597; baseline 0.024 -53"><span class='ocrx_word' id='word_1_111' title='bbox 259 1493 580 1566; x_wconf 76' lang='grc' dir='ltr'>ὁλοχρύσους</span> <span class='ocrx_word' id='word_1_112' title='bbox 648 1501 741 1554; x_wconf 74' lang='grc' dir='ltr'><strong>καὶ</strong></span> <span class='ocrx_word' id='word_1_113' title='bbox 793 1509 1234 1578; x_wconf 85' lang='grc' dir='ltr'>χρυσοῦφάντους</span> <span class='ocrx_word' id='word_1_114' title='bbox 1313 1519 1588 1587; x_wconf 87' lang='grc' dir='ltr'>χωνεύσας</span> <span class='ocrx_word' id='word_1_115' title='bbox 1637 1493 1842 1597; x_wconf 50' lang='grc' dir='ltr'><strong>ἐχάραζ</strong></span> 
     </span>
    </p>
   </div>
   <div class='ocr_carea' id='block_1_17' title="bbox 261 1585 1838 1683">
    <p class='ocr_par' dir='ltr' id='par_1_17' title="bbox 261 1585 1838 1683">
     <span class='ocr_line' id='line_1_18' title="bbox 261 1585 1838 1683; baseline 0.023 -46"><span class='ocrx_word' id='word_1_116' title='bbox 261 1585 338 1649; x_wconf 80' lang='grc' dir='ltr'>ξε.</span> <span class='ocrx_word' id='word_1_117' title='bbox 368 1589 462 1642; x_wconf 81' lang='grc' dir='ltr'>καὶ</span> <span class='ocrx_word' id='word_1_118' title='bbox 507 1589 604 1662; x_wconf 80' lang='grc' dir='ltr'>τὴν</span> <span class='ocrx_word' id='word_1_119' title='bbox 642 1593 751 1647; x_wconf 87' lang='grc' dir='ltr'><strong>τῶν</strong></span> <span class='ocrx_word' id='word_1_120' title='bbox 789 1603 1137 1670; x_wconf 84' lang='grc' dir='ltr'>στρατιωτῶν</span> <span class='ocrx_word' id='word_1_121' title='bbox 1197 1607 1364 1676; x_wconf 76' lang='grc' dir='ltr'><strong>ρὀαν</strong></span> <span class='ocrx_word' id='word_1_122' title='bbox 1397 1613 1678 1683; x_wconf 82' lang='grc' dir='ltr'>ἐποίησεν.</span> <span class='ocrx_word' id='word_1_123' title='bbox 1707 1618 1838 1673; x_wconf 85' lang='grc' dir='ltr'>Ὅτε</span> 
     </span>
    </p>
   </div>
   <div class='ocr_carea' id='block_1_18' title="bbox 255 1676 1835 1783">
    <p class='ocr_par' dir='ltr' id='par_1_18' title="bbox 255 1676 1835 1783">
     <span class='ocr_line' id='line_1_19' title="bbox 255 1676 1835 1783; baseline 0.023 -55"><span class='ocrx_word' id='word_1_124' title='bbox 255 1676 313 1730; x_wconf 79' lang='grc' dir='ltr'>δὲ</span> <span class='ocrx_word' id='word_1_125' title='bbox 337 1679 364 1731; x_wconf 83' lang='grc' dir='ltr'><strong>ὁ</strong></span> <span class='ocrx_word' id='word_1_126' title='bbox 393 1679 672 1748; x_wconf 82' lang='grc' dir='ltr'>Βασίλειος</span> <span class='ocrx_word' id='word_1_127' title='bbox 690 1681 873 1758; x_wconf 74' lang='grc' dir='ltr'>ἢλθεν,</span> <span class='ocrx_word' id='word_1_128' title='bbox 904 1692 1060 1748; x_wconf 76' lang='grc' dir='ltr'>οὐδὲν</span> <span class='ocrx_word' id='word_1_129' title='bbox 1097 1695 1226 1751; x_wconf 79' lang='grc' dir='ltr'>ἄλλο</span> <span class='ocrx_word' id='word_1_130' title='bbox 1250 1695 1410 1769; x_wconf 73' lang='grc' dir='ltr'>εὗρεν</span> <span class='ocrx_word' id='word_1_131' title='bbox 1439 1705 1488 1757; x_wconf 81' lang='grc' dir='ltr'><strong>εί</strong></span> <span class='ocrx_word' id='word_1_132' title='bbox 1636 1726 1835 1783; x_wconf 85' lang='grc' dir='ltr'>κεντη-</span> 
     </span>
    </p>
   </div>
   <div class='ocr_carea' id='block_1_19' title="bbox 255 1769 1832 1868">
    <p class='ocr_par' dir='ltr' id='par_1_19' title="bbox 255 1769 1832 1868">
     <span class='ocr_line' id='line_1_20' title="bbox 255 1769 1832 1868; baseline 0.024 -49"><span class='ocrx_word' id='word_1_133' title='bbox 255 1769 418 1841; x_wconf 78' lang='grc' dir='ltr'>νάρια</span> <span class='ocrx_word' id='word_1_134' title='bbox 460 1771 529 1843; x_wconf 84' lang='grc' dir='ltr'>ιγ’</span> <span class='ocrx_word' id='word_1_135' title='bbox 559 1777 651 1830; x_wconf 74' lang='grc' dir='ltr'><strong>καὶ</strong></span> <span class='ocrx_word' id='word_1_136' title='bbox 687 1781 995 1855; x_wconf 85' lang='grc' dir='ltr'>μιλιαρίσια</span> <span class='ocrx_word' id='word_1_137' title='bbox 1027 1785 1090 1840; x_wconf 80' lang='grc' dir='ltr'><strong>θ’.</strong></span> <span class='ocrx_word' id='word_1_138' title='bbox 1134 1790 1250 1858; x_wconf 86' lang='grc' dir='ltr'>Ἐφ’</span> <span class='ocrx_word' id='word_1_139' title='bbox 1278 1787 1362 1858; x_wconf 73' lang='grc' dir='ltr'>οἷς</span> <span class='ocrx_word' id='word_1_140' title='bbox 1394 1769 1618 1868; x_wconf 71' lang='grc' dir='ltr'>ἀπορῶν</span> <span class='ocrx_word' id='word_1_141' title='bbox 1648 1801 1708 1854; x_wconf 85' lang='grc' dir='ltr'><strong>τὸ</strong></span> <span class='ocrx_word' id='word_1_142' title='bbox 1737 1769 1832 1856; x_wconf 69' lang='grc' dir='ltr'><strong>νύν</strong></span> 
     </span>
    </p>
   </div>
   <div class='ocr_carea' id='block_1_20' title="bbox 253 1863 1830 1954">
    <p class='ocr_par' dir='ltr' id='par_1_20' title="bbox 253 1863 1830 1954">
     <span class='ocr_line' id='line_1_21' title="bbox 253 1863 1830 1954; baseline 0.025 -40"><span class='ocrx_word' id='word_1_143' title='bbox 253 1863 508 1928; x_wconf 77' lang='grc' dir='ltr'>σενζάτον</span> <span class='ocrx_word' id='word_1_144' title='bbox 560 1869 896 1943; x_wconf 83' lang='grc' dir='ltr'>καλούμενον</span> <span class='ocrx_word' id='word_1_145' title='bbox 922 1881 1266 1952; x_wconf 79' lang='grc' dir='ltr'>χαραχθῆναι</span> <span class='ocrx_word' id='word_1_146' title='bbox 1295 1886 1550 1945; x_wconf 79' lang='grc' dir='ltr'>ἐκέλευσε</span> <span class='ocrx_word' id='word_1_147' title='bbox 1582 1896 1678 1949; x_wconf 76' lang='grc' dir='ltr'>καὶ</span> <span class='ocrx_word' id='word_1_148' title='bbox 1737 1899 1830 1954; x_wconf 80' lang='grc' dir='ltr'>τοῦ</span> 
     </span>
    </p>
   </div>
   <div class='ocr_carea' id='block_1_21' title="bbox 250 1954 1216 2042">
    <p class='ocr_par' dir='ltr' id='par_1_21' title="bbox 250 1954 1216 2042">
     <span class='ocr_line' id='line_1_22' title="bbox 250 1954 1216 2042; baseline 0.023 -34"><span class='ocrx_word' id='word_1_149' title='bbox 250 1954 509 2028; x_wconf 75' lang='grc' dir='ltr'><strong>δημοσίου</strong></span> <span class='ocrx_word' id='word_1_150' title='bbox 548 1966 702 2036; x_wconf 40' lang='grc' dir='ltr'>,ποιή</span> <span class='ocrx_word' id='word_1_151' title='bbox 713 1967 908 2024; x_wconf 80' lang='grc' dir='ltr'>σασθαι</span> <span class='ocrx_word' id='word_1_152' title='bbox 938 1973 1216 2042; x_wconf 81' lang='grc' dir='ltr'>πρόνοιαν.</span> 
     </span>
    </p>
   </div>
   <div class='ocr_carea' id='block_1_22' title="bbox 318 2138 1826 2243">
    <p class='ocr_par' dir='ltr' id='par_1_22' title="bbox 318 2138 1826 2243">
     <span class='ocr_line' id='line_1_23' title="bbox 318 2138 1826 2243; baseline 0.023 -50"><span class='ocrx_word' id='word_1_153' title='bbox 318 2138 413 2208; x_wconf 82' lang='grc' dir='ltr'>ις’.</span> <span class='ocrx_word' id='word_1_154' title='bbox 446 2142 560 2198; x_wconf 83' lang='grc' dir='ltr'>Ἵνα</span> <span class='ocrx_word' id='word_1_155' title='bbox 597 2145 654 2200; x_wconf 65' lang='grc' dir='ltr'>δὲ</span> <span class='ocrx_word' id='word_1_156' title='bbox 685 2151 882 2222; x_wconf 88' lang='grc' dir='ltr'>μικρόν</span> <span class='ocrx_word' id='word_1_157' title='bbox 918 2171 970 2207; x_wconf 89' lang='grc' dir='ltr'><strong>τι</strong></span> <span class='ocrx_word' id='word_1_158' title='bbox 998 2153 1159 2224; x_wconf 78' lang='grc' dir='ltr'>λέξας</span> <span class='ocrx_word' id='word_1_159' title='bbox 1187 2160 1469 2228; x_wconf 82' lang='grc' dir='ltr'>βεϐαιώσω</span> <span class='ocrx_word' id='word_1_160' title='bbox 1494 2168 1562 2223; x_wconf 80' lang='grc' dir='ltr'><strong>τά</strong></span> <span class='ocrx_word' id='word_1_161' title='bbox 1599 2169 1826 2243; x_wconf 85' lang='grc' dir='ltr'>διηγού-</span> 
     </span>
    </p>
   </div>
   <div class='ocr_carea' id='block_1_23' title="bbox 245 2238 1826 2339">
    <p class='ocr_par' dir='ltr' id='par_1_23' title="bbox 245 2238 1826 2339">
     <span class='ocr_line' id='line_1_24' title="bbox 245 2238 1826 2339; baseline 0.022 -53"><span class='ocrx_word' id='word_1_162' title='bbox 245 2251 384 2303; x_wconf 84' lang='grc' dir='ltr'>μενα</span> <span class='ocrx_word' id='word_1_163' title='bbox 416 2238 508 2292; x_wconf 72' lang='grc' dir='ltr'><strong>καὶ</strong></span> <span class='ocrx_word' id='word_1_164' title='bbox 536 2243 848 2313; x_wconf 85' lang='grc' dir='ltr'>σαφεστέρα</span> <span class='ocrx_word' id='word_1_165' title='bbox 898 2249 1124 2321; x_wconf 85' lang='grc' dir='ltr'>γένηται</span> <span class='ocrx_word' id='word_1_166' title='bbox 1159 2255 1303 2325; x_wconf 80' lang='grc' dir='ltr'>ἡτοῢ</span> <span class='ocrx_word' id='word_1_167' title='bbox 1335 2259 1547 2330; x_wconf 73' lang='grc' dir='ltr'>ἀνδρὸς,</span> <span class='ocrx_word' id='word_1_168' title='bbox 1577 2263 1634 2316; x_wconf 73' lang='grc' dir='ltr'>εἴ</span> <span class='ocrx_word' id='word_1_169' title='bbox 1761 2263 1826 2339; x_wconf 78' lang='grc' dir='ltr'>δὴ</span> 
     </span>
    </p>
   </div>
   <div class='ocr_carea' id='block_1_24' title="bbox 241 2327 1823 2428">
    <p class='ocr_par' dir='ltr' id='par_1_24' title="bbox 241 2327 1823 2428">
     <span class='ocr_line' id='line_1_25' title="bbox 241 2327 1823 2428; baseline 0.02 -49"><span class='ocrx_word' id='word_1_170' title='bbox 241 2327 338 2381; x_wconf 80' lang='grc' dir='ltr'><strong>καὶ</strong></span> <span class='ocrx_word' id='word_1_171' title='bbox 380 2329 547 2402; x_wconf 76' lang='grc' dir='ltr'>ἄνδρα</span> <span class='ocrx_word' id='word_1_172' title='bbox 576 2333 740 2388; x_wconf 83' lang='grc' dir='ltr'>αὐτὸν</span> <span class='ocrx_word' id='word_1_173' title='bbox 763 2338 948 2392; x_wconf 87' lang='grc' dir='ltr'>καλεῖν</span> <span class='ocrx_word' id='word_1_174' title='bbox 977 2341 1077 2406; x_wconf 81' lang='grc' dir='ltr'>δεῖ,</span> <span class='ocrx_word' id='word_1_175' title='bbox 1107 2343 1390 2416; x_wconf 73' lang='grc' dir='ltr'>ἀναγωγία</span> <span class='ocrx_word' id='word_1_176' title='bbox 1420 2327 1514 2405; x_wconf 74' lang='grc' dir='ltr'><strong>καὶ</strong></span> <span class='ocrx_word' id='word_1_177' title='bbox 1533 2327 1711 2420; x_wconf 69' lang='grc' dir='ltr'>ἄνοια,</span> <span class='ocrx_word' id='word_1_178' title='bbox 1737 2327 1823 2428; x_wconf 58' lang='lat' dir='ltr'><strong>sep;</strong></span> 
     </span>
    </p>
   </div>
   <div class='ocr_carea' id='block_1_25' title="bbox 240 2422 1827 2522">
    <p class='ocr_par' dir='ltr' id='par_1_25' title="bbox 240 2422 1827 2522">
     <span class='ocr_line' id='line_1_26' title="bbox 240 2422 1827 2522; baseline 0.018 -47"><span class='ocrx_word' id='word_1_179' title='bbox 240 2422 486 2490; x_wconf 76' lang='grc' dir='ltr'>ἅρματος</span> <span class='ocrx_word' id='word_1_180' title='bbox 512 2427 802 2498; x_wconf 80' lang='grc' dir='ltr'>ἱσταμένου</span> <span class='ocrx_word' id='word_1_181' title='bbox 833 2433 1043 2504; x_wconf 74' lang='grc' dir='ltr'>καὶτῆς</span> <span class='ocrx_word' id='word_1_182' title='bbox 1064 2435 1310 2506; x_wconf 84' lang='grc' dir='ltr'>βαλϐῖδος</span> <span class='ocrx_word' id='word_1_183' title='bbox 1329 2443 1611 2511; x_wconf 86' lang='grc' dir='ltr'>μέλλοντος</span> <span class='ocrx_word' id='word_1_184' title='bbox 1653 2422 1827 2522; x_wconf 76' lang='grc' dir='ltr'>ἐκπη-</span> 
     </span>
    </p>
   </div>
   <div class='ocr_carea' id='block_1_26' title="bbox 235 2515 1824 2610">
    <p class='ocr_par' dir='ltr' id='par_1_26' title="bbox 235 2515 1824 2610">
     <span class='ocr_line' id='line_1_27' title="bbox 235 2515 1824 2610; baseline 0.019 -44"><span class='ocrx_word' id='word_1_185' title='bbox 235 2515 417 2584; x_wconf 77' lang='grc' dir='ltr'>δῆσαι,</span> <span class='ocrx_word' id='word_1_186' title='bbox 435 2517 762 2588; x_wconf 72' lang='grc' dir='ltr'>ἐπαγγελίας</span> <span class='ocrx_word' id='word_1_187' title='bbox 783 2524 1070 2597; x_wconf 76' lang='grc' dir='ltr'>φθασάσης</span> <span class='ocrx_word' id='word_1_188' title='bbox 1087 2530 1169 2583; x_wconf 82' lang='grc' dir='ltr'>ὅτι</span> <span class='ocrx_word' id='word_1_189' title='bbox 1187 2532 1376 2598; x_wconf 81' lang='grc' dir='ltr'>δεινῶς</span> <span class='ocrx_word' id='word_1_190' title='bbox 1393 2535 1422 2587; x_wconf 86' lang='grc' dir='ltr'><strong>δ</strong></span> <span class='ocrx_word' id='word_1_191' title='bbox 1449 2537 1631 2610; x_wconf 83' lang='grc' dir='ltr'>Ἀμερ</span> <span class='ocrx_word' id='word_1_192' title='bbox 1655 2515 1824 2596; x_wconf 79' lang='grc' dir='ltr'>κατα-</span> 
     </span>
    </p>
   </div>
   <div class='ocr_carea' id='block_1_27' title="bbox 238 2605 1821 2698">
    <p class='ocr_par' dir='ltr' id='par_1_27' title="bbox 238 2605 1821 2698">
     <span class='ocr_line' id='line_1_28' title="bbox 238 2605 1821 2698; baseline 0.019 -41"><span class='ocrx_word' id='word_1_193' title='bbox 238 2605 484 2672; x_wconf 76' lang='grc' dir='ltr'>ληΐζεται</span> <span class='ocrx_word' id='word_1_194' title='bbox 499 2611 559 2664; x_wconf 86' lang='grc' dir='ltr'><strong>τὸ</strong></span> <span class='ocrx_word' id='word_1_195' title='bbox 575 2613 617 2664; x_wconf 86' lang='grc' dir='ltr'>Θ</span> <span class='ocrx_word' id='word_1_196' title='bbox 625 2615 764 2686; x_wconf 78' lang='grc' dir='ltr'>ρακή</span> <span class='ocrx_word' id='word_1_197' title='bbox 773 2633 888 2670; x_wconf 90' lang='grc' dir='ltr'>σιον</span> <span class='ocrx_word' id='word_1_198' title='bbox 906 2620 999 2672; x_wconf 69' lang='grc' dir='ltr'>καὶ</span> <span class='ocrx_word' id='word_1_199' title='bbox 1017 2618 1078 2673; x_wconf 75' lang='grc' dir='ltr'>τὸ</span> <span class='ocrx_word' id='word_1_200' title='bbox 1094 2621 1337 2692; x_wconf 78' lang='grc' dir='ltr'>Ὀψίκιον</span> <span class='ocrx_word' id='word_1_201' title='bbox 1354 2605 1688 2685; x_wconf 81' lang='grc' dir='ltr'>ὑπεισελθὼν</span> <span class='ocrx_word' id='word_1_202' title='bbox 1709 2636 1821 2698; x_wconf 85' lang='grc' dir='ltr'>τοῖς</span> 
     </span>
    </p>
   </div>
   <div class='ocr_carea' id='block_1_28' title="bbox 236 2697 1821 2787">
    <p class='ocr_par' dir='ltr' id='par_1_28' title="bbox 236 2697 1821 2787">
     <span class='ocr_line' id='line_1_29' title="bbox 236 2697 1821 2787; baseline 0.021 -38"><span class='ocrx_word' id='word_1_203' title='bbox 236 2697 577 2767; x_wconf 79' lang='grc' dir='ltr'>Μαλαγίνοις</span> <span class='ocrx_word' id='word_1_204' title='bbox 611 2705 904 2775; x_wconf 72' lang='grc' dir='ltr'>πλησιάζει</span> <span class='ocrx_word' id='word_1_205' title='bbox 942 2711 1037 2764; x_wconf 70' lang='grc' dir='ltr'>καὶ</span> <span class='ocrx_word' id='word_1_206' title='bbox 1053 2716 1458 2784; x_wconf 84' lang='grc' dir='ltr'>προσδοκῶνται</span> <span class='ocrx_word' id='word_1_207' title='bbox 1505 2721 1581 2787; x_wconf 90' lang='grc' dir='ltr'>ὡς</span> <span class='ocrx_word' id='word_1_208' title='bbox 1609 2726 1821 2782; x_wconf 80' lang='grc' dir='ltr'>οὐδέπω</span> 
     </span>
    </p>
   </div>
   <div class='ocr_carea' id='block_1_29' title="bbox 234 2790 1814 2887">
    <p class='ocr_par' dir='ltr' id='par_1_29' title="bbox 234 2790 1814 2887">
     <span class='ocr_line' id='line_1_30' title="bbox 234 2790 1814 2887; baseline 0.02 -45"><span class='ocrx_word' id='word_1_209' title='bbox 234 2790 410 2858; x_wconf 78' lang='grc' dir='ltr'>δεινὰ,</span> <span class='ocrx_word' id='word_1_210' title='bbox 444 2795 538 2847; x_wconf 76' lang='grc' dir='ltr'><strong>καὶ</strong></span> <span class='ocrx_word' id='word_1_211' title='bbox 562 2796 658 2850; x_wconf 72' lang='grc' dir='ltr'><strong>ἐπὶ</strong></span> <span class='ocrx_word' id='word_1_212' title='bbox 674 2798 849 2871; x_wconf 83' lang='grc' dir='ltr'>τούτῳ</span> <span class='ocrx_word' id='word_1_213' title='bbox 874 2806 1276 2872; x_wconf 88' lang='grc' dir='ltr'>στυγνάσαντος</span> <span class='ocrx_word' id='word_1_214' title='bbox 1300 2812 1399 2881; x_wconf 84' lang='grc' dir='ltr'>μὲν</span> <span class='ocrx_word' id='word_1_215' title='bbox 1424 2814 1518 2868; x_wconf 78' lang='grc' dir='ltr'>τοῦ</span> <span class='ocrx_word' id='word_1_216' title='bbox 1537 2832 1814 2887; x_wconf 85' lang='grc' dir='ltr'>πρωτονο-</span> 
     </span>
    </p>
   </div>
   <div class='ocr_carea' id='block_1_30' title="bbox 232 2883 1816 2980">
    <p class='ocr_par' dir='ltr' id='par_1_30' title="bbox 232 2883 1816 2980">
     <span class='ocr_line' id='line_1_31' title="bbox 232 2883 1816 2980; baseline 0.021 -47"><span class='ocrx_word' id='word_1_217' title='bbox 232 2883 452 2953; x_wconf 86' lang='grc' dir='ltr'>ταρίου,</span> <span class='ocrx_word' id='word_1_218' title='bbox 488 2887 927 2960; x_wconf 79' lang='grc' dir='ltr'>ἀπαγγείλαντος</span> <span class='ocrx_word' id='word_1_219' title='bbox 947 2896 1004 2950; x_wconf 88' lang='grc' dir='ltr'>δὲ</span> <span class='ocrx_word' id='word_1_220' title='bbox 1030 2899 1168 2968; x_wconf 87' lang='grc' dir='ltr'><strong>μετά</strong></span> <span class='ocrx_word' id='word_1_221' title='bbox 1184 2904 1492 2973; x_wconf 83' lang='grc' dir='ltr'>κατηφείας</span> <span class='ocrx_word' id='word_1_222' title='bbox 1511 2883 1611 2980; x_wconf 83' lang='grc' dir='ltr'><strong>τὴν</strong></span> <span class='ocrx_word' id='word_1_223' title='bbox 1636 2913 1700 2964; x_wconf 84' lang='grc' dir='ltr'>ἐκ</span> <span class='ocrx_word' id='word_1_224' title='bbox 1721 2913 1816 2968; x_wconf 79' lang='grc' dir='ltr'><strong>τοῦ</strong></span> 
     </span>
    </p>
   </div>
   <div class='ocr_carea' id='block_1_31' title="bbox 227 2975 1817 3076">
    <p class='ocr_par' dir='ltr' id='par_1_31' title="bbox 227 2975 1817 3076">
     <span class='ocr_line' id='line_1_32' title="bbox 227 2975 1817 3076; baseline 0.021 -49"><span class='ocrx_word' id='word_1_225' title='bbox 227 2975 553 3046; x_wconf 80' lang='grc' dir='ltr'>δομεστίκου</span> <span class='ocrx_word' id='word_1_226' title='bbox 573 2983 682 3038; x_wconf 87' lang='grc' dir='ltr'><strong>τῶν</strong></span> <span class='ocrx_word' id='word_1_227' title='bbox 704 2987 910 3054; x_wconf 88' lang='grc' dir='ltr'>σχολῶν</span> <span class='ocrx_word' id='word_1_228' title='bbox 929 2991 1241 3064; x_wconf 85' lang='grc' dir='ltr'>ἀπόκρισιν,</span> <span class='ocrx_word' id='word_1_229' title='bbox 1258 2998 1352 3051; x_wconf 84' lang='grc' dir='ltr'><strong>καὶ</strong></span> <span class='ocrx_word' id='word_1_230' title='bbox 1370 2999 1488 3070; x_wconf 75' lang='grc' dir='ltr'>ἅμα</span> <span class='ocrx_word' id='word_1_231' title='bbox 1516 2975 1608 3056; x_wconf 66' lang='grc' dir='ltr'><strong>ἐπὶ</strong></span> <span class='ocrx_word' id='word_1_232' title='bbox 1629 3008 1817 3076; x_wconf 82' lang='grc' dir='ltr'>χεῖρας</span> 
     </span>
    </p>
   </div>
   <div class='ocr_carea' id='block_1_32' title="bbox 227 3068 1885 3171">
    <p class='ocr_par' dir='ltr' id='par_1_32' title="bbox 227 3068 1885 3171">
     <span class='ocr_line' id='line_1_33' title="bbox 227 3068 1885 3171; baseline 0.025 -58"><span class='ocrx_word' id='word_1_233' title='bbox 227 3068 302 3123; x_wconf 76' lang='grc' dir='ltr'>τὰ</span> <span class='ocrx_word' id='word_1_234' title='bbox 345 3070 652 3143; x_wconf 84' lang='grc' dir='ltr'>γράμματα</span> <span class='ocrx_word' id='word_1_235' title='bbox 695 3077 933 3146; x_wconf 84' lang='grc' dir='ltr'>φέροντά</span> <span class='ocrx_word' id='word_1_236' title='bbox 966 3100 1026 3136; x_wconf 85' lang='grc' dir='ltr'><strong>τε</strong></span> <span class='ocrx_word' id='word_1_237' title='bbox 1069 3084 1164 3137; x_wconf 79' lang='grc' dir='ltr'><strong>καὶ</strong></span> <span class='ocrx_word' id='word_1_238' title='bbox 1194 3068 1509 3144; x_wconf 81' lang='grc' dir='ltr'>δεικνύοντα</span> <span class='ocrx_word' id='word_1_239' title='bbox 1532 3133 1547 3157; x_wconf 90' lang='grc'><strong>,</strong></span> <span class='ocrx_word' id='word_1_240' title='bbox 1583 3068 1811 3164; x_wconf 68' lang='grc' dir='ltr'>ἐκεῖνος,</span> <span class='ocrx_word' id='word_1_241' title='bbox 1842 3111 1885 3171; x_wconf 78' lang='lat' dir='ltr'>c</span> 
     </span>
    </p>
   </div>
   <div class='ocr_carea' id='block_1_33' title="bbox 231 3163 1813 3258">
    <p class='ocr_par' dir='ltr' id='par_1_33' title="bbox 231 3163 1813 3258">
     <span class='ocr_line' id='line_1_34' title="bbox 231 3163 1813 3258; baseline 0.017 -40"><span class='ocrx_word' id='word_1_242' title='bbox 231 3163 316 3226; x_wconf 76' lang='lat' dir='ltr'><strong>TI,</strong></span> <span class='ocrx_word' id='word_1_243' title='bbox 354 3165 542 3236; x_wconf 76' lang='grc' dir='ltr'>φησὶν,</span> <span class='ocrx_word' id='word_1_244' title='bbox 568 3163 616 3224; x_wconf 83' lang='grc' dir='ltr'><strong><em>ὦ</em></strong></span> <span class='ocrx_word' id='word_1_245' title='bbox 649 3165 848 3238; x_wconf 82' lang='grc' dir='ltr'>οὗτος,</span> <span class='ocrx_word' id='word_1_246' title='bbox 905 3172 991 3246; x_wconf 87' lang='grc' dir='ltr'><strong>[Ρ.</strong></span> <span class='ocrx_word' id='word_1_247' title='bbox 1035 3178 1165 3251; x_wconf 76' lang='grc'><strong>457]</strong></span> <span class='ocrx_word' id='word_1_248' title='bbox 1211 3185 1400 3252; x_wconf 75' lang='grc' dir='ltr'>τόλμῃ</span> <span class='ocrx_word' id='word_1_249' title='bbox 1430 3187 1813 3258; x_wconf 77' lang='grc' dir='ltr'>χρησάμενος</span> 
     </span>
    </p>
   </div>
   <div class='ocr_carea' id='block_1_34' title="bbox 223 3255 1812 3351">
    <p class='ocr_par' dir='ltr' id='par_1_34' title="bbox 223 3255 1812 3351">
     <span class='ocr_line' id='line_1_35' title="bbox 223 3255 1812 3351; baseline 0.019 -43"><span class='ocrx_word' id='word_1_250' title='bbox 223 3255 477 3311; x_wconf 82' lang='grc' dir='ltr'>τοιαῦτα</span> <span class='ocrx_word' id='word_1_251' title='bbox 505 3261 654 3315; x_wconf 80' lang='grc' dir='ltr'>κατὰ</span> <span class='ocrx_word' id='word_1_252' title='bbox 695 3263 801 3318; x_wconf 81' lang='grc' dir='ltr'><strong>τὸν</strong></span> <span class='ocrx_word' id='word_1_253' title='bbox 838 3265 1168 3337; x_wconf 79' lang='grc' dir='ltr'>ἀναγκαῖον</span> <span class='ocrx_word' id='word_1_254' title='bbox 1223 3273 1440 3330; x_wconf 87' lang='grc' dir='ltr'>τοῦτον</span> <span class='ocrx_word' id='word_1_255' title='bbox 1467 3277 1670 3347; x_wconf 81' lang='grc' dir='ltr'>ἀγῶνά</span> <span class='ocrx_word' id='word_1_256' title='bbox 1691 3300 1812 3351; x_wconf 77' lang='grc' dir='ltr'><strong>μου</strong></span> 
     </span>
    </p>
   </div>
   <div class='ocr_carea' id='block_1_35' title="bbox 219 3347 1812 3438">
    <p class='ocr_par' dir='ltr' id='par_1_35' title="bbox 219 3347 1812 3438">
     <span class='ocr_line' id='line_1_36' title="bbox 219 3347 1812 3438; baseline 0.019 -39"><span class='ocrx_word' id='word_1_257' title='bbox 219 3347 531 3417; x_wconf 60' lang='lat' dir='ltr'><strong>diale-raw</strong></span> <span class='ocrx_word' id='word_1_258' title='bbox 559 3353 893 3424; x_wconf 76' lang='grc' dir='ltr'>ἐπιχειρεῖς,</span> <span class='ocrx_word' id='word_1_259' title='bbox 933 3359 1109 3416; x_wconf 82' lang='grc' dir='ltr'>τοῦτο</span> <span class='ocrx_word' id='word_1_260' title='bbox 1173 3367 1364 3430; x_wconf 79' lang='grc' dir='ltr'>μόνον</span> <span class='ocrx_word' id='word_1_261' title='bbox 1388 3347 1812 3438; x_wconf 47' lang='grc' dir='ltr'>σπουδάζοκτι,</span> 
     </span>
    </p>
   </div>
   <div class='ocr_carea' id='block_1_36' title="bbox 215 3438 1807 3532">
    <p class='ocr_par' dir='ltr' id='par_1_36' title="bbox 215 3438 1807 3532">
     <span class='ocr_line' id='line_1_37' title="bbox 215 3438 1807 3532; baseline 0.018 -41"><span class='ocrx_word' id='word_1_262' title='bbox 215 3438 306 3508; x_wconf 78' lang='grc' dir='ltr'>μὴ</span> <span class='ocrx_word' id='word_1_263' title='bbox 340 3439 452 3495; x_wconf 82' lang='grc' dir='ltr'><strong>τὸν</strong></span> <span class='ocrx_word' id='word_1_264' title='bbox 479 3441 675 3510; x_wconf 78' lang='grc' dir='ltr'>μέσον</span> <span class='ocrx_word' id='word_1_265' title='bbox 710 3445 1026 3519; x_wconf 78' lang='grc' dir='ltr'><strong>εὐώνυμον</strong></span> <span class='ocrx_word' id='word_1_266' title='bbox 1050 3452 1200 3509; x_wconf 82' lang='grc' dir='ltr'>ίδεῖν</span> <span class='ocrx_word' id='word_1_267' title='bbox 1248 3465 1807 3532; x_wconf 78' lang='grc' dir='ltr'>περιτετραμμένον,</span> 
     </span>
    </p>
   </div>
   <div class='ocr_carea' id='block_1_37' title="bbox 219 3530 1070 3612">
    <p class='ocr_par' dir='ltr' id='par_1_37' title="bbox 219 3530 1070 3612">
     <span class='ocr_line' id='line_1_38' title="bbox 219 3530 1070 3612; baseline 0.014 -26"><span class='ocrx_word' id='word_1_268' title='bbox 219 3532 378 3601; x_wconf 75' lang='grc' dir='ltr'>ὑπὲρ</span> <span class='ocrx_word' id='word_1_269' title='bbox 409 3530 484 3590; x_wconf 84' lang='grc' dir='ltr'>οὗ</span> <span class='ocrx_word' id='word_1_270' title='bbox 512 3554 614 3604; x_wconf 85' lang='grc' dir='ltr'><strong>μοι</strong></span> <span class='ocrx_word' id='word_1_271' title='bbox 664 3538 784 3606; x_wconf 81' lang='grc' dir='ltr'>πᾶς</span> <span class='ocrx_word' id='word_1_272' title='bbox 816 3544 849 3594; x_wconf 80' lang='grc' dir='ltr'><em>ὁ</em></span> <span class='ocrx_word' id='word_1_273' title='bbox 876 3542 1070 3612; x_wconf 69' lang='grc' dir='ltr'><strong>ἀγών;</strong></span> 
     </span>
    </p>
   </div>
   <div class='ocr_carea' id='block_1_38' title="bbox 289 3624 1808 3722">
    <p class='ocr_par' dir='ltr' id='par_1_38' title="bbox 289 3624 1808 3722">
     <span class='ocr_line' id='line_1_39' title="bbox 289 3624 1808 3722; baseline 0.018 -43"><span class='ocrx_word' id='word_1_274' title='bbox 289 3624 381 3692; x_wconf 76' lang='grc' dir='ltr'><strong>ιζ’.</strong></span> <span class='ocrx_word' id='word_1_275' title='bbox 417 3626 580 3683; x_wconf 83' lang='grc' dir='ltr'><strong>Ἀλλά</strong></span> <span class='ocrx_word' id='word_1_276' title='bbox 601 3630 698 3684; x_wconf 76' lang='grc' dir='ltr'><strong>καὶ</strong></span> <span class='ocrx_word' id='word_1_277' title='bbox 733 3633 928 3687; x_wconf 87' lang='grc' dir='ltr'>τούτου</span> <span class='ocrx_word' id='word_1_278' title='bbox 956 3636 1142 3708; x_wconf 72' lang='grc' dir='ltr'>ἕτερον</span> <span class='ocrx_word' id='word_1_279' title='bbox 1186 3658 1241 3694; x_wconf 88' lang='grc' dir='ltr'><strong>τι</strong></span> <span class='ocrx_word' id='word_1_280' title='bbox 1272 3643 1604 3719; x_wconf 77' lang='grc' dir='ltr'>διηγήσομαι</span> <span class='ocrx_word' id='word_1_281' title='bbox 1650 3651 1808 3722; x_wconf 89' lang='grc' dir='ltr'>χαλε-</span> 
     </span>
    </p>
   </div>
   <div class='ocr_carea' id='block_1_39' title="bbox 211 3717 1808 3808">
    <p class='ocr_par' dir='ltr' id='par_1_39' title="bbox 211 3717 1808 3808">
     <span class='ocr_line' id='line_1_40' title="bbox 211 3717 1808 3808; baseline 0.019 -39"><span class='ocrx_word' id='word_1_282' title='bbox 211 3717 491 3790; x_wconf 80' lang='grc' dir='ltr'>πώτερον,</span> <span class='ocrx_word' id='word_1_283' title='bbox 533 3722 596 3774; x_wconf 74' lang='grc' dir='ltr'>οὐ</span> <span class='ocrx_word' id='word_1_284' title='bbox 654 3723 812 3792; x_wconf 85' lang='grc' dir='ltr'>μόνον</span> <span class='ocrx_word' id='word_1_285' title='bbox 848 3727 1115 3784; x_wconf 81' lang='grc' dir='ltr'>ἐκπίπτον</span> <span class='ocrx_word' id='word_1_286' title='bbox 1145 3733 1241 3786; x_wconf 81' lang='grc' dir='ltr'>τοῦ</span> <span class='ocrx_word' id='word_1_287' title='bbox 1294 3717 1616 3808; x_wconf 77' lang='grc' dir='ltr'>πρέποντος,</span> <span class='ocrx_word' id='word_1_288' title='bbox 1671 3744 1808 3800; x_wconf 82' lang='grc' dir='ltr'>ἀλλὰ</span> 
     </span>
    </p>
   </div>
   <div class='ocr_carea' id='block_1_40' title="bbox 208 3813 1806 3904">
    <p class='ocr_par' dir='ltr' id='par_1_40' title="bbox 208 3813 1806 3904">
     <span class='ocr_line' id='line_1_41' title="bbox 208 3813 1806 3904; baseline 0.017 -40"><span class='ocrx_word' id='word_1_289' title='bbox 208 3813 311 3866; x_wconf 80' lang='grc' dir='ltr'>καὶ</span> <span class='ocrx_word' id='word_1_290' title='bbox 339 3813 446 3883; x_wconf 84' lang='grc' dir='ltr'>τῆς</span> <span class='ocrx_word' id='word_1_291' title='bbox 475 3813 763 3887; x_wconf 83' lang='grc' dir='ltr'>βασιλικῆς</span> <span class='ocrx_word' id='word_1_292' title='bbox 791 3818 949 3885; x_wconf 78' lang='grc' dir='ltr'>ἀξίας</span> <span class='ocrx_word' id='word_1_293' title='bbox 977 3823 1058 3876; x_wconf 84' lang='grc' dir='ltr'>ὅτι</span> <span class='ocrx_word' id='word_1_294' title='bbox 1090 3826 1325 3893; x_wconf 87' lang='grc' dir='ltr'>μάλιστα</span> <span class='ocrx_word' id='word_1_295' title='bbox 1353 3831 1632 3904; x_wconf 86' lang='grc' dir='ltr'>ἀλλότριον</span> <span class='ocrx_word' id='word_1_296' title='bbox 1654 3850 1668 3864; x_wconf 83' lang='grc'>⁶</span> <span class='ocrx_word' id='word_1_297' title='bbox 1700 3837 1806 3891; x_wconf 87' lang='grc' dir='ltr'><strong>Γυ-</strong></span> 
     </span>
    </p>
   </div>
   <div class='ocr_carea' id='block_1_41' title="bbox 204 3899 1808 3996">
    <p class='ocr_par' dir='ltr' id='par_1_41' title="bbox 204 3899 1808 3996">
     <span class='ocr_line' id='line_1_42' title="bbox 204 3899 1808 3996; baseline 0.016 -41"><span class='ocrx_word' id='word_1_298' title='bbox 204 3903 353 3975; x_wconf 80' lang='grc' dir='ltr'>ναίῳ</span> <span class='ocrx_word' id='word_1_299' title='bbox 383 3904 494 3958; x_wconf 75' lang='grc' dir='ltr'>τινὶ</span> <span class='ocrx_word' id='word_1_300' title='bbox 525 3899 594 3978; x_wconf 85' lang='grc' dir='ltr'>ἦς</span> <span class='ocrx_word' id='word_1_301' title='bbox 612 3907 705 3962; x_wconf 78' lang='grc' dir='ltr'>τὸν</span> <span class='ocrx_word' id='word_1_302' title='bbox 752 3911 922 3965; x_wconf 85' lang='grc' dir='ltr'>παῖδα</span> <span class='ocrx_word' id='word_1_303' title='bbox 942 3913 1398 3986; x_wconf 79' lang='grc' dir='ltr'>υίοθετησάμενος</span> <span class='ocrx_word' id='word_1_304' title='bbox 1420 3919 1487 3992; x_wconf 79' lang='grc' dir='ltr'>ἦν</span> <span class='ocrx_word' id='word_1_305' title='bbox 1508 3899 1610 3988; x_wconf 68' lang='grc' dir='ltr'><strong>,ἐκ</strong></span> <span class='ocrx_word' id='word_1_306' title='bbox 1642 3925 1808 3996; x_wconf 87' lang='grc' dir='ltr'>βαλα-</span> 
     </span>
    </p>
   </div>
   <div class='ocr_carea' id='block_1_42' title="bbox 200 3996 1806 4089">
    <p class='ocr_par' dir='ltr' id='par_1_42' title="bbox 200 3996 1806 4089">
     <span class='ocr_line' id='line_1_43' title="bbox 200 3996 1806 4089; baseline 0.016 -42"><span class='ocrx_word' id='word_1_307' title='bbox 200 3996 360 4051; x_wconf 83' lang='grc' dir='ltr'>νείου</span> <span class='ocrx_word' id='word_1_308' title='bbox 390 3997 700 4070; x_wconf 75' lang='grc' dir='ltr'>ἐρχομένην</span> <span class='ocrx_word' id='word_1_309' title='bbox 722 4000 820 4056; x_wconf 80' lang='grc' dir='ltr'>καὶ</span> <span class='ocrx_word' id='word_1_310' title='bbox 846 4001 946 4073; x_wconf 81' lang='grc' dir='ltr'><strong>τὴν</strong></span> <span class='ocrx_word' id='word_1_311' title='bbox 993 4005 1192 4078; x_wconf 81' lang='grc' dir='ltr'>ἑαυτῆς</span> <span class='ocrx_word' id='word_1_312' title='bbox 1240 4009 1456 4082; x_wconf 84' lang='grc' dir='ltr'>κάλπην</span> <span class='ocrx_word' id='word_1_313' title='bbox 1483 4015 1576 4067; x_wconf 74' lang='grc' dir='ltr'>ἐπὶ</span> <span class='ocrx_word' id='word_1_314' title='bbox 1616 4019 1806 4089; x_wconf 80' lang='grc' dir='ltr'>χεῖρας</span> 
     </span>
    </p>
   </div>
   <div class='ocr_carea' id='block_1_43' title="bbox 195 4088 1804 4181">
    <p class='ocr_par' dir='ltr' id='par_1_43' title="bbox 195 4088 1804 4181">
     <span class='ocr_line' id='line_1_44' title="bbox 195 4088 1804 4181; baseline 0.016 -41"><span class='ocrx_word' id='word_1_315' title='bbox 195 4088 420 4162; x_wconf 79' lang='grc' dir='ltr'>ἐχούσῃ</span> <span class='ocrx_word' id='word_1_316' title='bbox 448 4094 786 4160; x_wconf 82' lang='grc' dir='ltr'>συναντήσας</span> <span class='ocrx_word' id='word_1_317' title='bbox 823 4095 918 4149; x_wconf 82' lang='grc' dir='ltr'><strong>τοῦ</strong></span> <span class='ocrx_word' id='word_1_318' title='bbox 957 4096 1137 4153; x_wconf 37' lang='grc' dir='ltr'>ἵππου.</span> <span class='ocrx_word' id='word_1_319' title='bbox 1166 4101 1368 4174; x_wconf 82' lang='grc' dir='ltr'>ἀπέϐη,</span> <span class='ocrx_word' id='word_1_320' title='bbox 1412 4108 1506 4160; x_wconf 78' lang='grc' dir='ltr'>καὶ</span> <span class='ocrx_word' id='word_1_321' title='bbox 1551 4111 1678 4173; x_wconf 80' lang='grc' dir='ltr'>τοὺς</span> <span class='ocrx_word' id='word_1_322' title='bbox 1707 4088 1804 4181; x_wconf 76' lang='grc' dir='ltr'>μὲν</span> 
     </span>
    </p>
   </div>
   <div class='ocr_carea' id='block_1_44' title="bbox 190 4181 1805 4262">
    <p class='ocr_par' dir='ltr' id='par_1_44' title="bbox 190 4181 1805 4262">
     <span class='ocr_line' id='line_1_45' title="bbox 190 4181 1805 4262; baseline 0.015 -28"><span class='ocrx_word' id='word_1_323' title='bbox 190 4181 410 4246; x_wconf 76' lang='grc' dir='ltr'>ἄλλους</span> <span class='ocrx_word' id='word_1_324' title='bbox 446 4183 588 4237; x_wconf 79' lang='grc' dir='ltr'>κατὰ</span> <span class='ocrx_word' id='word_1_325' title='bbox 629 4187 699 4240; x_wconf 82' lang='grc' dir='ltr'><strong>τά</strong></span> <span class='ocrx_word' id='word_1_326' title='bbox 725 4186 770 4220; x_wconf 84' lang='grc'><strong>³⁸</strong></span> <span class='ocrx_word' id='word_1_327' title='bbox 803 4187 1080 4261; x_wconf 84' lang='grc' dir='ltr'>ἀνάκτορα</span> <span class='ocrx_word' id='word_1_328' title='bbox 1129 4193 1451 4250; x_wconf 84' lang='grc' dir='ltr'>ἀπέστειλεν</span> <span class='ocrx_word' id='word_1_329' title='bbox 1482 4237 1496 4262; x_wconf 88' lang='grc'><strong>,</strong></span> <span class='ocrx_word' id='word_1_330' title='bbox 1527 4200 1805 4259; x_wconf 75' lang='grc' dir='ltr'>ἀκόλαστα</span> 
     </span>
    </p>
   </div>
   <div class='ocr_carea' id='block_1_45' title="bbox 186 4273 1803 4368">
    <p class='ocr_par' dir='ltr' id='par_1_45' title="bbox 186 4273 1803 4368">
     <span class='ocr_line' id='line_1_46' title="bbox 186 4273 1803 4368; baseline 0.015 -41"><span class='ocrx_word' id='word_1_331' title='bbox 186 4273 253 4328; x_wconf 66' lang='grc' dir='ltr'>δὲ</span> <span class='ocrx_word' id='word_1_332' title='bbox 299 4276 406 4329; x_wconf 78' lang='grc' dir='ltr'>καὶ</span> <span class='ocrx_word' id='word_1_333' title='bbox 469 4277 708 4346; x_wconf 83' lang='grc' dir='ltr'>μυστικά</span> <span class='ocrx_word' id='word_1_334' title='bbox 751 4281 796 4314; x_wconf 79' lang='grc'><strong>³⁸</strong></span> <span class='ocrx_word' id='word_1_335' title='bbox 848 4282 1118 4355; x_wconf 85' lang='grc' dir='ltr'>ἀνδράρια</span> <span class='ocrx_word' id='word_1_336' title='bbox 1175 4288 1591 4360; x_wconf 74' lang='grc' dir='ltr'>ἑταιρισάμενος</span> <span class='ocrx_word' id='word_1_337' title='bbox 1639 4296 1803 4368; x_wconf 80' lang='grc' dir='ltr'>ἀπῄει</span> 
     </span>
    </p>
   </div>
   <div class='ocr_carea' id='block_1_46' title="bbox 188 4365 1801 4458">
    <p class='ocr_par' dir='ltr' id='par_1_46' title="bbox 188 4365 1801 4458">
     <span class='ocr_line' id='line_1_47' title="bbox 188 4365 1801 4458; baseline 0.016 -41"><span class='ocrx_word' id='word_1_338' title='bbox 188 4365 356 4434; x_wconf 73' lang='grc' dir='ltr'>μετὰ</span> <span class='ocrx_word' id='word_1_339' title='bbox 411 4365 516 4436; x_wconf 86' lang='grc' dir='ltr'>τῆς</span> <span class='ocrx_word' id='word_1_340' title='bbox 584 4371 866 4438; x_wconf 74' lang='grc' dir='ltr'>γυναικὸς,</span> <span class='ocrx_word' id='word_1_341' title='bbox 952 4374 1052 4444; x_wconf 78' lang='grc' dir='ltr'>τὴν</span> <span class='ocrx_word' id='word_1_342' title='bbox 1122 4376 1340 4450; x_wconf 86' lang='grc' dir='ltr'>κάλπην</span> <span class='ocrx_word' id='word_1_343' title='bbox 1409 4383 1518 4436; x_wconf 86' lang='grc' dir='ltr'><strong>τῶν</strong></span> <span class='ocrx_word' id='word_1_344' title='bbox 1586 4365 1801 4458; x_wconf 82' lang='grc' dir='ltr'>ἐκείνης</span> 
     </span>
    </p>
   </div>
   <div class='ocr_carea' id='block_1_47' title="bbox 1957 524 3546 611">
    <p class='ocr_par' dir='ltr' id='par_1_47' title="bbox 1957 524 3546 611">
     <span class='ocr_line' id='line_1_48' title="bbox 1957 524 3546 611; baseline 0.021 -43"><span class='ocrx_word' id='word_1_345' title='bbox 1957 525 2150 573; x_wconf 89' lang='lat' dir='ltr'><strong>ventre</strong></span> <span class='ocrx_word' id='word_1_346' title='bbox 2176 526 2326 577; x_wconf 89' lang='lat' dir='ltr'><strong>tanta</strong></span> <span class='ocrx_word' id='word_1_347' title='bbox 2346 524 2396 578; x_wconf 88' lang='lat' dir='ltr'><strong>vi</strong></span> <span class='ocrx_word' id='word_1_348' title='bbox 2424 528 2698 597; x_wconf 77' lang='lat' dir='ltr'><strong>crepitum</strong></span> <span class='ocrx_word' id='word_1_349' title='bbox 2718 531 3016 600; x_wconf 77' lang='lat' dir='ltr'><strong>emisisset,</strong></span> <span class='ocrx_word' id='word_1_350' title='bbox 3060 547 3122 592; x_wconf 91' lang='lat' dir='ltr'><strong>ut</strong></span> <span class='ocrx_word' id='word_1_351' title='bbox 3148 542 3270 611; x_wconf 89' lang='lat' dir='ltr'><strong>ejus</strong></span> <span class='ocrx_word' id='word_1_352' title='bbox 3294 542 3424 598; x_wconf 83' lang='lat' dir='ltr'><strong>ﬂatu</strong></span> <span class='ocrx_word' id='word_1_353' title='bbox 3455 547 3546 600; x_wconf 84' lang='lat' dir='ltr'><strong>lu-</strong></span> 
     </span>
    </p>
   </div>
   <div class='ocr_carea' id='block_1_48' title="bbox 1953 611 3546 697">
    <p class='ocr_par' dir='ltr' id='par_1_48' title="bbox 1953 611 3546 697">
     <span class='ocr_line' id='line_1_49' title="bbox 1953 611 3546 697; baseline 0.021 -39"><span class='ocrx_word' id='word_1_354' title='bbox 1953 619 2120 662; x_wconf 90' lang='lat' dir='ltr'><strong>cerna</strong></span> <span class='ocrx_word' id='word_1_355' title='bbox 2149 611 2216 664; x_wconf 86' lang='lat' dir='ltr'><strong>ad</strong></span> <span class='ocrx_word' id='word_1_356' title='bbox 2259 627 2502 670; x_wconf 84' lang='lat' dir='ltr'><strong>mensam</strong></span> <span class='ocrx_word' id='word_1_357' title='bbox 2532 617 2722 675; x_wconf 86' lang='lat' dir='ltr'><strong>lucens</strong></span> <span class='ocrx_word' id='word_1_358' title='bbox 2751 624 3222 697; x_wconf 81' lang='lat' dir='ltr'><strong>exstingueretur,</strong></span> <span class='ocrx_word' id='word_1_359' title='bbox 3251 634 3327 688; x_wconf 88' lang='lat' dir='ltr'><strong>rei</strong></span> <span class='ocrx_word' id='word_1_360' title='bbox 3361 645 3546 692; x_wconf 89' lang='lat' dir='ltr'><strong>motus</strong></span> 
     </span>
    </p>
   </div>
   <div class='ocr_carea' id='block_1_49' title="bbox 1953 701 3117 775">
    <p class='ocr_par' dir='ltr' id='par_1_49' title="bbox 1953 701 3117 775">
     <span class='ocr_line' id='line_1_50' title="bbox 1953 701 3117 775; baseline 0.021 -24"><span class='ocrx_word' id='word_1_361' title='bbox 1953 701 2222 758; x_wconf 89' lang='lat' dir='ltr'><strong>miraculo</strong></span> <span class='ocrx_word' id='word_1_362' title='bbox 2239 713 2461 761; x_wconf 89' lang='lat' dir='ltr'><strong>centum</strong></span> <span class='ocrx_word' id='word_1_363' title='bbox 2490 725 2747 770; x_wconf 90' lang='lat' dir='ltr'><strong>nummos</strong></span> <span class='ocrx_word' id='word_1_364' title='bbox 2768 721 3117 775; x_wconf 81' lang='lat' dir='ltr'><strong>numerav-it.‘</strong></span> 
     </span>
    </p>
   </div>
   <div class='ocr_carea' id='block_1_50' title="bbox 2025 793 3541 891">
    <p class='ocr_par' dir='ltr' id='par_1_50' title="bbox 2025 793 3541 891">
     <span class='ocr_line' id='line_1_51' title="bbox 2025 793 3541 891; baseline 0.02 -44"><span class='ocrx_word' id='word_1_365' title='bbox 2025 793 2114 848; x_wconf 80' lang='lat' dir='ltr'><strong>l5.</strong></span> <span class='ocrx_word' id='word_1_366' title='bbox 2145 795 2238 852; x_wconf 89' lang='lat' dir='ltr'><strong>Sic</strong></span> <span class='ocrx_word' id='word_1_367' title='bbox 2272 799 2362 855; x_wconf 89' lang='lat' dir='ltr'><strong>ille</strong></span> <span class='ocrx_word' id='word_1_368' title='bbox 2400 801 2516 858; x_wconf 90' lang='lat' dir='ltr'><strong>ﬁsci</strong></span> <span class='ocrx_word' id='word_1_369' title='bbox 2542 805 2686 861; x_wconf 87' lang='lat' dir='ltr'><strong>bona</strong></span> <span class='ocrx_word' id='word_1_370' title='bbox 2723 808 2778 864; x_wconf 83' lang='lat' dir='ltr'><strong>in</strong></span> <span class='ocrx_word' id='word_1_371' title='bbox 2810 812 2980 868; x_wconf 88' lang='lat' dir='ltr'><strong>rebus</strong></span> <span class='ocrx_word' id='word_1_372' title='bbox 3006 816 3214 872; x_wconf 85' lang='lat' dir='ltr'><strong>nullius</strong></span> <span class='ocrx_word' id='word_1_373' title='bbox 3247 819 3421 891; x_wconf 79' lang='lat' dir='ltr'><strong>frugis</strong></span> <span class='ocrx_word' id='word_1_374' title='bbox 3454 822 3541 876; x_wconf 92' lang='lat' dir='ltr'><strong>in-</strong></span> 
     </span>
    </p>
   </div>
   <div class='ocr_carea' id='block_1_51' title="bbox 1950 888 3540 970">
    <p class='ocr_par' dir='ltr' id='par_1_51' title="bbox 1950 888 3540 970">
     <span class='ocr_line' id='line_1_52' title="bbox 1950 888 3540 970; baseline 0.018 -31"><span class='ocrx_word' id='word_1_375' title='bbox 1950 888 2221 944; x_wconf 90' lang='lat' dir='ltr'><strong>sumebat.</strong></span> <span class='ocrx_word' id='word_1_376' title='bbox 2279 891 2542 964; x_wconf 85' lang='lat' dir='ltr'><strong>Adeoque</strong></span> <span class='ocrx_word' id='word_1_377' title='bbox 2603 901 2842 957; x_wconf 89' lang='lat' dir='ltr'><strong>necdum</strong></span> <span class='ocrx_word' id='word_1_378' title='bbox 2896 908 3025 961; x_wconf 88' lang='lat' dir='ltr'><strong>anni</strong></span> <span class='ocrx_word' id='word_1_379' title='bbox 3083 910 3244 965; x_wconf 80' lang='lat' dir='ltr'><strong>solidi</strong></span> <span class='ocrx_word' id='word_1_380' title='bbox 3302 888 3540 970; x_wconf 76' lang='lat' dir='ltr'><strong>decurso</strong></span> 
     </span>
    </p>
   </div>
   <div class='ocr_carea' id='block_1_52' title="bbox 1949 973 3541 1074">
    <p class='ocr_par' dir='ltr' id='par_1_52' title="bbox 1949 973 3541 1074">
     <span class='ocr_line' id='line_1_53' title="bbox 1949 973 3541 1074; baseline 0.019 -41"><span class='ocrx_word' id='word_1_381' title='bbox 1949 973 2148 1049; x_wconf 71' lang='lat' dir='ltr'><strong>Spatio,</strong></span> <span class='ocrx_word' id='word_1_382' title='bbox 2179 999 2304 1038; x_wconf 91' lang='lat' dir='ltr'><strong>cum</strong></span> <span class='ocrx_word' id='word_1_383' title='bbox 2337 987 2614 1046; x_wconf 89' lang='lat' dir='ltr'><strong>militibus</strong></span> <span class='ocrx_word' id='word_1_384' title='bbox 2641 997 2919 1066; x_wconf 81' lang='lat' dir='ltr'><strong>eroganda</strong></span> <span class='ocrx_word' id='word_1_385' title='bbox 2950 1012 3135 1057; x_wconf 83' lang='lat' dir='ltr'><strong>essent</strong></span> <span class='ocrx_word' id='word_1_386' title='bbox 3168 1005 3444 1074; x_wconf 81' lang='lat' dir='ltr'><strong>stipendia</strong></span> <span class='ocrx_word' id='word_1_387' title='bbox 3474 1024 3541 1063; x_wconf 88' lang='lat' dir='ltr'><strong>ac</strong></span> 
     </span>
    </p>
   </div>
   <div class='ocr_carea' id='block_1_53' title="bbox 1948 1073 3538 1170">
    <p class='ocr_par' dir='ltr' id='par_1_53' title="bbox 1948 1073 3538 1170">
     <span class='ocr_line' id='line_1_54' title="bbox 1948 1073 3538 1170; baseline 0.019 -46"><span class='ocrx_word' id='word_1_388' title='bbox 1948 1073 2196 1140; x_wconf 66' lang='lat' dir='ltr'><strong>pecunias</strong></span> <span class='ocrx_word' id='word_1_389' title='bbox 2229 1076 2505 1145; x_wconf 84' lang='lat' dir='ltr'><strong>deessent,</strong></span> <span class='ocrx_word' id='word_1_390' title='bbox 2530 1083 2688 1155; x_wconf 84' lang='lat' dir='ltr'><strong>longe</strong></span> <span class='ocrx_word' id='word_1_391' title='bbox 2711 1088 3201 1149; x_wconf 79' lang='lat' dir='ltr'><strong>celebratissimum</strong></span> <span class='ocrx_word' id='word_1_392' title='bbox 3242 1097 3388 1152; x_wconf 86' lang='lat' dir='ltr'><strong>illam</strong></span> <span class='ocrx_word' id='word_1_393' title='bbox 3419 1100 3538 1170; x_wconf 72' lang='lat' dir='ltr'><strong>pla-</strong></span> 
     </span>
    </p>
   </div>
   <div class='ocr_carea' id='block_1_54' title="bbox 1945 1262 3538 1352">
    <p class='ocr_par' dir='ltr' id='par_1_54' title="bbox 1945 1262 3538 1352">
     <span class='ocr_line' id='line_1_55' title="bbox 1945 1262 3538 1352; baseline 0.019 -42"><span class='ocrx_word' id='word_1_394' title='bbox 1945 1271 2082 1312; x_wconf 89' lang='lat' dir='ltr'><strong>auro</strong></span> <span class='ocrx_word' id='word_1_395' title='bbox 2145 1262 2354 1319; x_wconf 91' lang='lat' dir='ltr'><strong>solidos</strong></span> <span class='ocrx_word' id='word_1_396' title='bbox 2403 1282 2468 1321; x_wconf 89' lang='lat' dir='ltr'><strong>ac</strong></span> <span class='ocrx_word' id='word_1_397' title='bbox 2519 1267 2780 1336; x_wconf 89' lang='lat' dir='ltr'><strong>duetiles,</strong></span> <span class='ocrx_word' id='word_1_398' title='bbox 2835 1291 3102 1347; x_wconf 80' lang='lat' dir='ltr'><strong>organum</strong></span> <span class='ocrx_word' id='word_1_399' title='bbox 3140 1297 3364 1352; x_wconf 90' lang='lat' dir='ltr'><strong>quoque</strong></span> <span class='ocrx_word' id='word_1_400' title='bbox 3401 1302 3538 1341; x_wconf 90' lang='lat' dir='ltr'><strong>auro</strong></span> 
     </span>
    </p>
   </div>
   <div class='ocr_carea' id='block_1_55' title="bbox 1944 1349 3537 1440">
    <p class='ocr_par' dir='ltr' id='par_1_55' title="bbox 1944 1349 3537 1440">
     <span class='ocr_line' id='line_1_56' title="bbox 1944 1349 3537 1440; baseline 0.02 -39"><span class='ocrx_word' id='word_1_401' title='bbox 1944 1349 2203 1416; x_wconf 89' lang='lat' dir='ltr'><strong>solidum,</strong></span> <span class='ocrx_word' id='word_1_402' title='bbox 2237 1355 2454 1426; x_wconf 86' lang='lat' dir='ltr'><strong>aliaque</strong></span> <span class='ocrx_word' id='word_1_403' title='bbox 2485 1360 2660 1417; x_wconf 89' lang='lat' dir='ltr'><strong>nihilo</strong></span> <span class='ocrx_word' id='word_1_404' title='bbox 2698 1366 2882 1423; x_wconf 92' lang='lat' dir='ltr'><strong>minus</strong></span> <span class='ocrx_word' id='word_1_405' title='bbox 2925 1385 3117 1440; x_wconf 87' lang='lat' dir='ltr'><strong>opera,</strong></span> <span class='ocrx_word' id='word_1_406' title='bbox 3164 1373 3537 1433; x_wconf 87' lang='lat' dir='ltr'><strong>ducentorum</strong></span> 
     </span>
    </p>
   </div>
   <div class='ocr_carea' id='block_1_56' title="bbox 1944 1444 3537 1539">
    <p class='ocr_par' dir='ltr' id='par_1_56' title="bbox 1944 1444 3537 1539">
     <span class='ocr_line' id='line_1_57' title="bbox 1944 1444 3537 1539; baseline 0.019 -44"><span class='ocrx_word' id='word_1_407' title='bbox 1944 1444 2393 1503; x_wconf 89' lang='lat' dir='ltr'><strong>eentenariorum</strong></span> <span class='ocrx_word' id='word_1_408' title='bbox 2414 1454 2619 1521; x_wconf 88' lang='lat' dir='ltr'><strong>pondo,</strong></span> <span class='ocrx_word' id='word_1_409' title='bbox 2653 1468 2838 1513; x_wconf 88' lang='lat' dir='ltr'><strong>vestes</strong></span> <span class='ocrx_word' id='word_1_410' title='bbox 2888 1461 3019 1517; x_wconf 88' lang='lat' dir='ltr'><strong>item</strong></span> <span class='ocrx_word' id='word_1_411' title='bbox 3048 1479 3249 1522; x_wconf 88' lang='lat' dir='ltr'><strong>aureas</strong></span> <span class='ocrx_word' id='word_1_412' title='bbox 3282 1484 3537 1539; x_wconf 89' lang='lat' dir='ltr'><strong>auroque</strong></span> 
     </span>
    </p>
   </div>
   <div class='ocr_carea' id='block_1_57' title="bbox 1941 1539 3534 1625">
    <p class='ocr_par' dir='ltr' id='par_1_57' title="bbox 1941 1539 3534 1625">
     <span class='ocr_line' id='line_1_58' title="bbox 1941 1539 3534 1625; baseline 0.018 -40"><span class='ocrx_word' id='word_1_413' title='bbox 1941 1539 2228 1591; x_wconf 84' lang='lat' dir='ltr'><strong>contextas</strong></span> <span class='ocrx_word' id='word_1_414' title='bbox 2254 1539 2600 1611; x_wconf 81' lang='lat' dir='ltr'><strong>octingentas</strong></span> <span class='ocrx_word' id='word_1_415' title='bbox 2631 1549 2917 1618; x_wconf 82' lang='lat' dir='ltr'><strong>sexaginta</strong></span> <span class='ocrx_word' id='word_1_416' title='bbox 2940 1553 3208 1620; x_wconf 86' lang='lat' dir='ltr'><strong>conﬂans,</strong></span> <span class='ocrx_word' id='word_1_417' title='bbox 3240 1559 3534 1625; x_wconf 90' lang='lat' dir='ltr'><strong>pecuniam</strong></span> 
     </span>
    </p>
   </div>
   <div class='ocr_carea' id='block_1_58' title="bbox 1941 1623 3538 1711">
    <p class='ocr_par' dir='ltr' id='par_1_58' title="bbox 1941 1623 3538 1711">
     <span class='ocr_line' id='line_1_59' title="bbox 1941 1623 3538 1711; baseline 0.018 -34"><span class='ocrx_word' id='word_1_418' title='bbox 1941 1623 2174 1682; x_wconf 87' lang='lat' dir='ltr'><strong>cuditac</strong></span> <span class='ocrx_word' id='word_1_419' title='bbox 2212 1628 2488 1688; x_wconf 91' lang='lat' dir='ltr'><strong>militibus</strong></span> <span class='ocrx_word' id='word_1_420' title='bbox 2514 1635 2712 1706; x_wconf 83' lang='lat' dir='ltr'><strong>stipem</strong></span> <span class='ocrx_word' id='word_1_421' title='bbox 2748 1643 3016 1711; x_wconf 82' lang='lat' dir='ltr'><strong>erogavit.</strong></span> <span class='ocrx_word' id='word_1_422' title='bbox 3045 1643 3184 1700; x_wconf 90' lang='lat' dir='ltr'><strong>Cum</strong></span> <span class='ocrx_word' id='word_1_423' title='bbox 3209 1623 3341 1703; x_wconf 80' lang='lat' dir='ltr'><strong>vero</strong></span> <span class='ocrx_word' id='word_1_424' title='bbox 3383 1648 3538 1704; x_wconf 82' lang='lat' dir='ltr'><strong>Basi-</strong></span> 
     </span>
    </p>
   </div>
   <div class='ocr_carea' id='block_1_59' title="bbox 1938 1715 3540 1805">
    <p class='ocr_par' dir='ltr' id='par_1_59' title="bbox 1938 1715 3540 1805">
     <span class='ocr_line' id='line_1_60' title="bbox 1938 1715 3540 1805; baseline 0.017 -36"><span class='ocrx_word' id='word_1_425' title='bbox 1938 1715 2369 1791; x_wconf 91' lang='lat' dir='ltr'><strong>liusimperium</strong></span> <span class='ocrx_word' id='word_1_426' title='bbox 2405 1727 2571 1798; x_wconf 79' lang='lat'><strong>660</strong></span> <span class='ocrx_word' id='word_1_427' title='bbox 2614 1733 2933 1801; x_wconf 89' lang='lat' dir='ltr'><strong>capessivit,</strong></span> <span class='ocrx_word' id='word_1_428' title='bbox 2979 1744 3182 1805; x_wconf 75' lang='lat' dir='ltr'><strong>przeter</strong></span> <span class='ocrx_word' id='word_1_429' title='bbox 3215 1741 3540 1796; x_wconf 83' lang='lat' dir='ltr'><strong>centenaria</strong></span> 
     </span>
    </p>
   </div>
   <div class='ocr_carea' id='block_1_60' title="bbox 1937 1809 3532 1889">
    <p class='ocr_par' dir='ltr' id='par_1_60' title="bbox 1937 1809 3532 1889">
     <span class='ocr_line' id='line_1_61' title="bbox 1937 1809 3532 1889; baseline 0.016 -26"><span class='ocrx_word' id='word_1_430' title='bbox 1937 1809 2202 1867; x_wconf 84' lang='lat' dir='ltr'><strong>tredecim</strong></span> <span class='ocrx_word' id='word_1_431' title='bbox 2251 1829 2317 1870; x_wconf 89' lang='lat' dir='ltr'><strong>ac</strong></span> <span class='ocrx_word' id='word_1_432' title='bbox 2356 1819 2769 1877; x_wconf 88' lang='lat' dir='ltr'><strong>miliarisiorum</strong></span> <span class='ocrx_word' id='word_1_433' title='bbox 2823 1827 3072 1883; x_wconf 90' lang='lat' dir='ltr'><strong>sacculos</strong></span> <span class='ocrx_word' id='word_1_434' title='bbox 3130 1847 3329 1886; x_wconf 87' lang='lat' dir='ltr'><strong>novem</strong></span> <span class='ocrx_word' id='word_1_435' title='bbox 3390 1834 3532 1889; x_wconf 87' lang='lat' dir='ltr'><strong>nihil</strong></span> 
     </span>
    </p>
   </div>
   <div class='ocr_carea' id='block_1_61' title="bbox 1934 1903 3541 1992">
    <p class='ocr_par' dir='ltr' id='par_1_61' title="bbox 1934 1903 3541 1992">
     <span class='ocr_line' id='line_1_62' title="bbox 1934 1903 3541 1992; baseline 0.015 -36"><span class='ocrx_word' id='word_1_436' title='bbox 1934 1903 2166 1960; x_wconf 85' lang='lat' dir='ltr'><strong>invenit.</strong></span> <span class='ocrx_word' id='word_1_437' title='bbox 2203 1907 2476 1974; x_wconf 85' lang='lat' dir='ltr'><strong>Quocirca</strong></span> <span class='ocrx_word' id='word_1_438' title='bbox 2506 1913 2576 1967; x_wconf 91' lang='lat' dir='ltr'><strong>ad</strong></span> <span class='ocrx_word' id='word_1_439' title='bbox 2603 1913 2846 1983; x_wconf 87' lang='lat' dir='ltr'><strong>inopiam</strong></span> <span class='ocrx_word' id='word_1_440' title='bbox 2877 1918 3152 1983; x_wconf 85' lang='lat' dir='ltr'><strong>redactus,</strong></span> <span class='ocrx_word' id='word_1_441' title='bbox 3187 1923 3337 1992; x_wconf 87' lang='lat' dir='ltr'><strong>quod</strong></span> <span class='ocrx_word' id='word_1_442' title='bbox 3381 1940 3541 1980; x_wconf 81' lang='lat' dir='ltr'><strong>nunc</strong></span> 
     </span>
    </p>
   </div>
   <div class='ocr_carea' id='block_1_62' title="bbox 1932 2006 3531 2086">
    <p class='ocr_par' dir='ltr' id='par_1_62' title="bbox 1932 2006 3531 2086">
     <span class='ocr_line' id='line_1_63' title="bbox 1932 2006 3531 2086; baseline 0.013 -37"><span class='ocrx_word' id='word_1_443' title='bbox 1932 2007 2218 2053; x_wconf 87' lang='lat' dir='ltr'><strong>senzatum</strong></span> <span class='ocrx_word' id='word_1_444' title='bbox 2247 2016 2530 2068; x_wconf 85' lang='lat' dir='ltr'><strong>vocamus,</strong></span> <span class='ocrx_word' id='word_1_445' title='bbox 2562 2006 2689 2060; x_wconf 90' lang='lat' dir='ltr'><strong>cudi</strong></span> <span class='ocrx_word' id='word_1_446' title='bbox 2721 2008 2906 2078; x_wconf 87' lang='lat' dir='ltr'><strong>jussit,</strong></span> <span class='ocrx_word' id='word_1_447' title='bbox 2955 2026 3134 2082; x_wconf 89' lang='lat' dir='ltr'><strong>eoque</strong></span> <span class='ocrx_word' id='word_1_448' title='bbox 3161 2013 3354 2070; x_wconf 87' lang='lat' dir='ltr'><strong>ﬁscum</strong></span> <span class='ocrx_word' id='word_1_449' title='bbox 3398 2030 3531 2086; x_wconf 78' lang='lat' dir='ltr'><strong>pro-</strong></span> 
     </span>
    </p>
   </div>
   <div class='ocr_carea' id='block_1_63' title="bbox 1931 2092 2142 2146">
    <p class='ocr_par' dir='ltr' id='par_1_63' title="bbox 1931 2092 2142 2146">
     <span class='ocr_line' id='line_1_64' title="bbox 1931 2092 2142 2146; baseline -0.005 0"><span class='ocrx_word' id='word_1_450' title='bbox 1931 2092 2142 2146; x_wconf 73' lang='lat' dir='ltr'><strong>curarL</strong></span> 
     </span>
    </p>
   </div>
   <div class='ocr_carea' id='block_1_64' title="bbox 2003 2184 3526 2264">
    <p class='ocr_par' dir='ltr' id='par_1_64' title="bbox 2003 2184 3526 2264">
     <span class='ocr_line' id='line_1_65' title="bbox 2003 2184 3526 2264; baseline 0.012 -25"><span class='ocrx_word' id='word_1_451' title='bbox 2003 2184 2088 2240; x_wconf 80' lang='grc'><strong>16.</strong></span> <span class='ocrx_word' id='word_1_452' title='bbox 2120 2186 2191 2243; x_wconf 90' lang='lat' dir='ltr'><strong>Ut</strong></span> <span class='ocrx_word' id='word_1_453' title='bbox 2221 2197 2407 2244; x_wconf 88' lang='lat' dir='ltr'><strong>autem</strong></span> <span class='ocrx_word' id='word_1_454' title='bbox 2447 2193 2640 2262; x_wconf 87' lang='lat' dir='ltr'><strong>paucis</strong></span> <span class='ocrx_word' id='word_1_455' title='bbox 2673 2193 2840 2251; x_wconf 83' lang='lat' dir='ltr'><strong>tidem</strong></span> <span class='ocrx_word' id='word_1_456' title='bbox 2870 2197 3059 2253; x_wconf 87' lang='lat' dir='ltr'><strong>verbis</strong></span> <span class='ocrx_word' id='word_1_457' title='bbox 3108 2209 3374 2264; x_wconf 88' lang='lat' dir='ltr'><strong>astruam,</strong></span> <span class='ocrx_word' id='word_1_458' title='bbox 3411 2202 3526 2256; x_wconf 66' lang='lat' dir='ltr'><strong>cla~</strong></span> 
     </span>
    </p>
   </div>
   <div class='ocr_carea' id='block_1_65' title="bbox 1930 2275 3524 2360">
    <p class='ocr_par' dir='ltr' id='par_1_65' title="bbox 1930 2275 3524 2360">
     <span class='ocr_line' id='line_1_66' title="bbox 1930 2275 3524 2360; baseline 0.013 -31"><span class='ocrx_word' id='word_1_459' title='bbox 1930 2275 2155 2346; x_wconf 88' lang='lat' dir='ltr'><strong>riorque</strong></span> <span class='ocrx_word' id='word_1_460' title='bbox 2217 2278 2313 2334; x_wconf 84' lang='lat' dir='ltr'><strong>ﬁat</strong></span> <span class='ocrx_word' id='word_1_461' title='bbox 2354 2282 2484 2349; x_wconf 85' lang='lat' dir='ltr'><strong>viri,</strong></span> <span class='ocrx_word' id='word_1_462' title='bbox 2533 2285 2578 2339; x_wconf 91' lang='lat' dir='ltr'><strong>si</strong></span> <span class='ocrx_word' id='word_1_463' title='bbox 2614 2295 2800 2341; x_wconf 89' lang='lat' dir='ltr'><strong>tamen</strong></span> <span class='ocrx_word' id='word_1_464' title='bbox 2839 2289 3021 2344; x_wconf 87' lang='lat' dir='ltr'><strong>virum</strong></span> <span class='ocrx_word' id='word_1_465' title='bbox 3068 2291 3255 2347; x_wconf 85' lang='lat' dir='ltr'><strong>dicere</strong></span> <span class='ocrx_word' id='word_1_466' title='bbox 3304 2294 3524 2360; x_wconf 85' lang='lat' dir='ltr'><strong>deceat,</strong></span> 
     </span>
    </p>
   </div>
   <div class='ocr_carea' id='block_1_66' title="bbox 1929 2364 3525 2454">
    <p class='ocr_par' dir='ltr' id='par_1_66' title="bbox 1929 2364 3525 2454">
     <span class='ocr_line' id='line_1_67' title="bbox 1929 2364 3525 2454; baseline 0.014 -35"><span class='ocrx_word' id='word_1_467' title='bbox 1929 2364 2223 2424; x_wconf 91' lang='lat' dir='ltr'><strong>dissolutio</strong></span> <span class='ocrx_word' id='word_1_468' title='bbox 2250 2384 2316 2424; x_wconf 92' lang='lat' dir='ltr'><strong>ac</strong></span> <span class='ocrx_word' id='word_1_469' title='bbox 2334 2371 2616 2428; x_wconf 89' lang='lat' dir='ltr'><strong>dementia</strong></span> <span class='ocrx_word' id='word_1_470' title='bbox 2641 2393 2654 2428; x_wconf 88' lang='lat'><strong>:</strong></span> <span class='ocrx_word' id='word_1_471' title='bbox 2680 2391 2807 2430; x_wconf 90' lang='lat' dir='ltr'><strong>cum</strong></span> <span class='ocrx_word' id='word_1_472' title='bbox 2833 2377 2888 2431; x_wconf 92' lang='lat' dir='ltr'><strong>in</strong></span> <span class='ocrx_word' id='word_1_473' title='bbox 2911 2394 3082 2433; x_wconf 92' lang='lat' dir='ltr'><strong>curru</strong></span> <span class='ocrx_word' id='word_1_474' title='bbox 3107 2389 3276 2436; x_wconf 85' lang='lat' dir='ltr'><strong>staret</strong></span> <span class='ocrx_word' id='word_1_475' title='bbox 3303 2383 3525 2454; x_wconf 89' lang='lat' dir='ltr'><strong>jamque</strong></span> 
     </span>
    </p>
   </div>
   <div class='ocr_carea' id='block_1_67' title="bbox 1927 2459 3526 2532">
    <p class='ocr_par' dir='ltr' id='par_1_67' title="bbox 1927 2459 3526 2532">
     <span class='ocr_line' id='line_1_68' title="bbox 1927 2459 3526 2532; baseline 0.012 -21"><span class='ocrx_word' id='word_1_476' title='bbox 1927 2459 2055 2528; x_wconf 86' lang='lat' dir='ltr'><strong>equi</strong></span> <span class='ocrx_word' id='word_1_477' title='bbox 2091 2461 2412 2518; x_wconf 87' lang='lat' dir='ltr'><strong>carceribus</strong></span> <span class='ocrx_word' id='word_1_478' title='bbox 2427 2466 2723 2522; x_wconf 88' lang='lat' dir='ltr'><strong>emittendi</strong></span> <span class='ocrx_word' id='word_1_479' title='bbox 2749 2479 2958 2532; x_wconf 87' lang='lat' dir='ltr'><strong>essent,</strong></span> <span class='ocrx_word' id='word_1_480' title='bbox 2994 2472 3148 2526; x_wconf 87' lang='lat' dir='ltr'><strong>venit</strong></span> <span class='ocrx_word' id='word_1_481' title='bbox 3177 2490 3368 2528; x_wconf 89' lang='lat' dir='ltr'><strong>rumor</strong></span> <span class='ocrx_word' id='word_1_482' title='bbox 3395 2477 3526 2531; x_wconf 78' lang='lat' dir='ltr'><strong>alla—</strong></span> 
     </span>
    </p>
   </div>
   <div class='ocr_carea' id='block_1_68' title="bbox 1928 2554 3518 2639">
    <p class='ocr_par' dir='ltr' id='par_1_68' title="bbox 1928 2554 3518 2639">
     <span class='ocr_line' id='line_1_69' title="bbox 1928 2554 3518 2639; baseline 0.012 -35"><span class='ocrx_word' id='word_1_483' title='bbox 1928 2559 2124 2622; x_wconf 88' lang='lat' dir='ltr'><strong>tusque</strong></span> <span class='ocrx_word' id='word_1_484' title='bbox 2141 2554 2370 2611; x_wconf 90' lang='lat' dir='ltr'><strong>nuntius</strong></span> <span class='ocrx_word' id='word_1_485' title='bbox 2385 2558 2738 2614; x_wconf 86' lang='lat' dir='ltr'><strong>estAmerem</strong></span> <span class='ocrx_word' id='word_1_486' title='bbox 2759 2562 2881 2617; x_wconf 90' lang='lat' dir='ltr'><strong>dire</strong></span> <span class='ocrx_word' id='word_1_487' title='bbox 2898 2563 3259 2620; x_wconf 85' lang='lat' dir='ltr'><strong>Thracesium</strong></span> <span class='ocrx_word' id='word_1_488' title='bbox 3277 2567 3518 2639; x_wconf 76' lang='lat' dir='ltr'><strong>depopu-</strong></span> 
     </span>
    </p>
   </div>
   <div class='ocr_carea' id='block_1_69' title="bbox 1923 2641 3542 2731">
    <p class='ocr_par' dir='ltr' id='par_1_69' title="bbox 1923 2641 3542 2731">
     <span class='ocr_line' id='line_1_70' title="bbox 1923 2641 3542 2731; baseline 0.014 -37"><span class='ocrx_word' id='word_1_489' title='bbox 1923 2641 2026 2696; x_wconf 88' lang='lat' dir='ltr'><strong>lari</strong></span> <span class='ocrx_word' id='word_1_490' title='bbox 2069 2643 2390 2718; x_wconf 82' lang='lat' dir='ltr'><strong>ingredique</strong></span> <span class='ocrx_word' id='word_1_491' title='bbox 2441 2648 2745 2720; x_wconf 89' lang='lat' dir='ltr'><strong>Opsicium,</strong></span> <span class='ocrx_word' id='word_1_492' title='bbox 2800 2669 2904 2711; x_wconf 91' lang='lat' dir='ltr'><strong>nec</strong></span> <span class='ocrx_word' id='word_1_493' title='bbox 2956 2656 3205 2726; x_wconf 88' lang='lat' dir='ltr'><strong>procula</strong></span> <span class='ocrx_word' id='word_1_494' title='bbox 3239 2659 3542 2731; x_wconf 78' lang='lat' dir='ltr'><strong>Malaginis-</strong></span> 
     </span>
    </p>
   </div>
   <div class='ocr_carea' id='block_1_70' title="bbox 1921 2743 3522 2822">
    <p class='ocr_par' dir='ltr' id='par_1_70' title="bbox 1921 2743 3522 2822">
     <span class='ocr_line' id='line_1_71' title="bbox 1921 2743 3522 2822; baseline 0.012 -32"><span class='ocrx_word' id='word_1_495' title='bbox 1921 2750 2065 2802; x_wconf 85' lang='lat' dir='ltr'><strong>esse,</strong></span> <span class='ocrx_word' id='word_1_496' title='bbox 2103 2745 2463 2812; x_wconf 81' lang='lat' dir='ltr'><strong>aetatumque</strong></span> <span class='ocrx_word' id='word_1_497' title='bbox 2503 2743 2645 2799; x_wconf 88' lang='lat' dir='ltr'><strong>mala</strong></span> <span class='ocrx_word' id='word_1_498' title='bbox 2673 2748 3002 2815; x_wconf 81' lang='lat' dir='ltr'><strong>exspectari.</strong></span> <span class='ocrx_word' id='word_1_499' title='bbox 3042 2749 3169 2822; x_wconf 86' lang='lat' dir='ltr'><strong>Ejus</strong></span> <span class='ocrx_word' id='word_1_500' title='bbox 3222 2753 3302 2806; x_wconf 84' lang='lat' dir='ltr'><strong>rei</strong></span> <span class='ocrx_word' id='word_1_501' title='bbox 3357 2768 3522 2809; x_wconf 86' lang='lat' dir='ltr'><strong>causa</strong></span> 
     </span>
    </p>
   </div>
   <div class='ocr_carea' id='block_1_71' title="bbox 1921 2827 3520 2914">
    <p class='ocr_par' dir='ltr' id='par_1_71' title="bbox 1921 2827 3520 2914">
     <span class='ocr_line' id='line_1_72' title="bbox 1921 2827 3520 2914; baseline 0.014 -34"><span class='ocrx_word' id='word_1_502' title='bbox 1921 2827 2084 2883; x_wconf 83' lang='lat' dir='ltr'><strong>anxio</strong></span> <span class='ocrx_word' id='word_1_503' title='bbox 2133 2830 2390 2902; x_wconf 87' lang='lat' dir='ltr'><strong>tristique</strong></span> <span class='ocrx_word' id='word_1_504' title='bbox 2451 2839 2877 2904; x_wconf 87' lang='lat' dir='ltr'><strong>protonotario,</strong></span> <span class='ocrx_word' id='word_1_505' title='bbox 2931 2841 3287 2914; x_wconf 85' lang='lat' dir='ltr'><strong>demisseque</strong></span> <span class='ocrx_word' id='word_1_506' title='bbox 3364 2847 3520 2903; x_wconf 70' lang='lat' dir='ltr'><strong>vultu</strong></span> 
     </span>
    </p>
   </div>
   <div class='ocr_carea' id='block_1_72' title="bbox 1919 2917 3518 3008">
    <p class='ocr_par' dir='ltr' id='par_1_72' title="bbox 1919 2917 3518 3008">
     <span class='ocr_line' id='line_1_73' title="bbox 1919 2917 3518 3008; baseline 0.014 -36"><span class='ocrx_word' id='word_1_507' title='bbox 1919 2917 2206 2976; x_wconf 89' lang='lat' dir='ltr'><strong>domestici</strong></span> <span class='ocrx_word' id='word_1_508' title='bbox 2237 2923 2549 2980; x_wconf 89' lang='lat' dir='ltr'><strong>scholarum</strong></span> <span class='ocrx_word' id='word_1_509' title='bbox 2598 2944 2926 2999; x_wconf 81' lang='lat' dir='ltr'><strong>reSponsum</strong></span> <span class='ocrx_word' id='word_1_510' title='bbox 2954 2934 3298 3003; x_wconf 84' lang='lat' dir='ltr'><strong>perferente,</strong></span> <span class='ocrx_word' id='word_1_511' title='bbox 3349 2949 3518 3008; x_wconf 82' lang='lat' dir='ltr'><strong>atque</strong></span> 
     </span>
    </p>
   </div>
   <div class='ocr_carea' id='block_1_73' title="bbox 1918 3010 3513 3093">
    <p class='ocr_par' dir='ltr' id='par_1_73' title="bbox 1918 3010 3513 3093">
     <span class='ocr_line' id='line_1_74' title="bbox 1918 3010 3513 3093; baseline 0.015 -31"><span class='ocrx_word' id='word_1_512' title='bbox 1918 3025 2026 3064; x_wconf 90' lang='lat' dir='ltr'><strong>una</strong></span> <span class='ocrx_word' id='word_1_513' title='bbox 2046 3010 2258 3068; x_wconf 86' lang='lat' dir='ltr'><strong>litteras</strong></span> <span class='ocrx_word' id='word_1_514' title='bbox 2274 3030 2388 3085; x_wconf 72' lang='lat' dir='ltr'><strong>prae</strong></span> <span class='ocrx_word' id='word_1_515' title='bbox 2406 3017 2662 3073; x_wconf 90' lang='lat' dir='ltr'><strong>manibus</strong></span> <span class='ocrx_word' id='word_1_516' title='bbox 2683 3020 2923 3078; x_wconf 83' lang='lat' dir='ltr'><strong>habente</strong></span> <span class='ocrx_word' id='word_1_517' title='bbox 2943 3040 3006 3080; x_wconf 89' lang='lat' dir='ltr'><strong>ac</strong></span> <span class='ocrx_word' id='word_1_518' title='bbox 3023 3039 3513 3093; x_wconf 82' lang='lat' dir='ltr'><strong>commonstrante.</strong></span> 
     </span>
    </p>
   </div>
   <div class='ocr_carea' id='block_1_74' title="bbox 1918 3101 3512 3190">
    <p class='ocr_par' dir='ltr' id='par_1_74' title="bbox 1918 3101 3512 3190">
     <span class='ocr_line' id='line_1_75' title="bbox 1918 3101 3512 3190; baseline 0.015 -35"><span class='ocrx_word' id='word_1_519' title='bbox 1918 3101 2008 3157; x_wconf 87' lang='lat' dir='ltr'><strong>hic</strong></span> <span class='ocrx_word' id='word_1_520' title='bbox 2035 3102 2124 3158; x_wconf 91' lang='lat' dir='ltr'><strong>ille</strong></span> <span class='ocrx_word' id='word_1_521' title='bbox 2158 3120 2171 3158; x_wconf 89' lang='lat'><strong>:</strong></span> <span class='ocrx_word' id='word_1_522' title='bbox 2197 3104 2335 3173; x_wconf 84' lang='lat' dir='ltr'><strong>Qua,</strong></span> <span class='ocrx_word' id='word_1_523' title='bbox 2364 3107 2563 3178; x_wconf 89' lang='lat' dir='ltr'><strong>inquit,</strong></span> <span class='ocrx_word' id='word_1_524' title='bbox 2590 3113 2715 3166; x_wconf 83' lang='lat' dir='ltr'><strong>heus</strong></span> <span class='ocrx_word' id='word_1_525' title='bbox 2741 3123 2817 3178; x_wconf 84' lang='lat' dir='ltr'><strong>tu,</strong></span> <span class='ocrx_word' id='word_1_526' title='bbox 2847 3119 3169 3184; x_wconf 83' lang='lat' dir='ltr'><strong>temeritate,</strong></span> <span class='ocrx_word' id='word_1_527' title='bbox 3197 3120 3330 3176; x_wconf 80' lang='lat' dir='ltr'><strong>talia</strong></span> <span class='ocrx_word' id='word_1_528' title='bbox 3365 3123 3512 3190; x_wconf 76' lang='lat' dir='ltr'><strong>mihi,</strong></span> 
     </span>
    </p>
   </div>
   <div class='ocr_carea' id='block_1_75' title="bbox 1917 3197 3508 3277">
    <p class='ocr_par' dir='ltr' id='par_1_75' title="bbox 1917 3197 3508 3277">
     <span class='ocr_line' id='line_1_76' title="bbox 1917 3197 3508 3277; baseline 0.013 -30"><span class='ocrx_word' id='word_1_529' title='bbox 1917 3197 2212 3250; x_wconf 79' lang='lat' dir='ltr'><strong>necessario</strong></span> <span class='ocrx_word' id='word_1_530' title='bbox 2243 3198 2338 3252; x_wconf 85' lang='lat' dir='ltr'><strong>hoc</strong></span> <span class='ocrx_word' id='word_1_531' title='bbox 2400 3217 2569 3271; x_wconf 75' lang='lat' dir='ltr'><strong>agone</strong></span> <span class='ocrx_word' id='word_1_532' title='bbox 2603 3209 2886 3275; x_wconf 75' lang='lat' dir='ltr'><strong>occupato,</strong></span> <span class='ocrx_word' id='word_1_533' title='bbox 2946 3208 3208 3264; x_wconf 80' lang='lat' dir='ltr'><strong>obmutire</strong></span> <span class='ocrx_word' id='word_1_534' title='bbox 3253 3213 3508 3277; x_wconf 80' lang='lat' dir='ltr'><strong>instituis,</strong></span> 
     </span>
    </p>
   </div>
   <div class='ocr_carea' id='block_1_76' title="bbox 1913 3287 3512 3369">
    <p class='ocr_par' dir='ltr' id='par_1_76' title="bbox 1913 3287 3512 3369">
     <span class='ocr_line' id='line_1_77' title="bbox 1913 3287 3512 3369; baseline 0.013 -31"><span class='ocrx_word' id='word_1_535' title='bbox 1913 3302 2032 3340; x_wconf 80' lang='lat' dir='ltr'><strong>cum</strong></span> <span class='ocrx_word' id='word_1_536' title='bbox 2069 3287 2165 3341; x_wconf 86' lang='lat' dir='ltr'><strong>hoc</strong></span> <span class='ocrx_word' id='word_1_537' title='bbox 2214 3296 2424 3344; x_wconf 84' lang='lat' dir='ltr'><strong>tantum</strong></span> <span class='ocrx_word' id='word_1_538' title='bbox 2454 3293 2720 3358; x_wconf 77' lang='lat' dir='ltr'><strong>studeam,</strong></span> <span class='ocrx_word' id='word_1_539' title='bbox 2756 3306 2814 3349; x_wconf 85' lang='lat' dir='ltr'><strong>ut</strong></span> <span class='ocrx_word' id='word_1_540' title='bbox 2844 3313 2966 3352; x_wconf 85' lang='lat' dir='ltr'><strong>eum</strong></span> <span class='ocrx_word' id='word_1_541' title='bbox 2994 3302 3084 3369; x_wconf 81' lang='lat' dir='ltr'><strong>qui</strong></span> <span class='ocrx_word' id='word_1_542' title='bbox 3114 3303 3343 3356; x_wconf 79' lang='lat' dir='ltr'><strong>medium</strong></span> <span class='ocrx_word' id='word_1_543' title='bbox 3371 3312 3512 3358; x_wconf 81' lang='lat' dir='ltr'><strong>tenet</strong></span> 
     </span>
    </p>
   </div>
   <div class='ocr_carea' id='block_1_77' title="bbox 1912 3380 3510 3464">
    <p class='ocr_par' dir='ltr' id='par_1_77' title="bbox 1912 3380 3510 3464">
     <span class='ocr_line' id='line_1_78' title="bbox 1912 3380 3510 3464; baseline 0.013 -31"><span class='ocrx_word' id='word_1_544' title='bbox 1912 3380 1968 3434; x_wconf 76' lang='lat' dir='ltr'><strong>in</strong></span> <span class='ocrx_word' id='word_1_545' title='bbox 2016 3380 2202 3437; x_wconf 70' lang='lat' dir='ltr'><strong>larvam</strong></span> <span class='ocrx_word' id='word_1_546' title='bbox 2266 3394 2473 3456; x_wconf 82' lang='lat' dir='ltr'><strong>partem</strong></span> <span class='ocrx_word' id='word_1_547' title='bbox 2510 3398 2772 3456; x_wconf 84' lang='lat' dir='ltr'><strong>avertam,</strong></span> <span class='ocrx_word' id='word_1_548' title='bbox 2805 3391 2868 3445; x_wconf 84' lang='lat' dir='ltr'><strong>de</strong></span> <span class='ocrx_word' id='word_1_549' title='bbox 2908 3410 3009 3464; x_wconf 85' lang='lat' dir='ltr'><strong>quo</strong></span> <span class='ocrx_word' id='word_1_550' title='bbox 3044 3397 3171 3450; x_wconf 74' lang='lat' dir='ltr'><strong>mihi</strong></span> <span class='ocrx_word' id='word_1_551' title='bbox 3203 3406 3369 3452; x_wconf 81' lang='lat' dir='ltr'><strong>totum</strong></span> <span class='ocrx_word' id='word_1_552' title='bbox 3412 3400 3510 3454; x_wconf 86' lang='lat' dir='ltr'><strong>hoc</strong></span> 
     </span>
    </p>
   </div>
   <div class='ocr_carea' id='block_1_78' title="bbox 1912 3481 2721 3535">
    <p class='ocr_par' dir='ltr' id='par_1_78' title="bbox 1912 3481 2721 3535">
     <span class='ocr_line' id='line_1_79' title="bbox 1912 3481 2721 3535; baseline 0.012 -10"><span class='ocrx_word' id='word_1_553' title='bbox 1912 3481 2181 3529; x_wconf 77' lang='lat' dir='ltr'><strong>certamen</strong></span> <span class='ocrx_word' id='word_1_554' title='bbox 2216 3484 2292 3530; x_wconf 82' lang='lat' dir='ltr'><strong>est</strong></span> <span class='ocrx_word' id='word_1_555' title='bbox 2325 3495 2388 3531; x_wconf 86' lang='lat' dir='ltr'><strong>ac</strong></span> <span class='ocrx_word' id='word_1_556' title='bbox 2413 3481 2674 3535; x_wconf 79' lang='lat' dir='ltr'><strong>contentio</strong></span> <span class='ocrx_word' id='word_1_557' title='bbox 2696 3483 2721 3535; x_wconf 69' lang='lat'><strong>.9</strong></span> 
     </span>
    </p>
   </div>
   <div class='ocr_carea' id='block_1_79' title="bbox 1981 3657 3551 3739">
    <p class='ocr_par' dir='ltr' id='par_1_79' title="bbox 1981 3657 3551 3739">
     <span class='ocr_line' id='line_1_80' title="bbox 1981 3657 3551 3739; baseline 0.012 -30"><span class='ocrx_word' id='word_1_558' title='bbox 1981 3657 2068 3712; x_wconf 77' lang='lat' dir='ltr'><strong>l7.</strong></span> <span class='ocrx_word' id='word_1_559' title='bbox 2127 3657 2236 3714; x_wconf 89' lang='lat' dir='ltr'><strong>Sed</strong></span> <span class='ocrx_word' id='word_1_560' title='bbox 2289 3671 2346 3716; x_wconf 89' lang='lat' dir='ltr'><strong>ct</strong></span> <span class='ocrx_word' id='word_1_561' title='bbox 2379 3661 2529 3717; x_wconf 85' lang='lat' dir='ltr'><strong>aliud</strong></span> <span class='ocrx_word' id='word_1_562' title='bbox 2585 3664 2718 3734; x_wconf 84' lang='lat' dir='ltr'><strong>quid</strong></span> <span class='ocrx_word' id='word_1_563' title='bbox 2754 3666 2860 3721; x_wconf 89' lang='lat' dir='ltr'><strong>isto</strong></span> <span class='ocrx_word' id='word_1_564' title='bbox 2904 3669 3128 3739; x_wconf 85' lang='lat' dir='ltr'><strong>gravius</strong></span> <span class='ocrx_word' id='word_1_565' title='bbox 3173 3679 3506 3728; x_wconf 86' lang='lat' dir='ltr'><strong>narraturus</strong></span> <span class='ocrx_word' id='word_1_566' title='bbox 3545 3713 3551 3718; x_wconf 92' lang='grc'><strong><em>-</em></strong></span> 
     </span>
    </p>
   </div>
   <div class='ocr_carea' id='block_1_80' title="bbox 1909 3750 3502 3830">
    <p class='ocr_par' dir='ltr' id='par_1_80' title="bbox 1909 3750 3502 3830">
     <span class='ocr_line' id='line_1_81' title="bbox 1909 3750 3502 3830; baseline 0.014 -27"><span class='ocrx_word' id='word_1_567' title='bbox 1909 3764 2068 3817; x_wconf 89' lang='lat' dir='ltr'><strong>sum;</strong></span> <span class='ocrx_word' id='word_1_568' title='bbox 2102 3750 2160 3805; x_wconf 91' lang='lat' dir='ltr'><strong>in</strong></span> <span class='ocrx_word' id='word_1_569' title='bbox 2206 3767 2316 3821; x_wconf 89' lang='lat' dir='ltr'><strong>quo</strong></span> <span class='ocrx_word' id='word_1_570' title='bbox 2347 3769 2458 3808; x_wconf 90' lang='lat' dir='ltr'><strong>non</strong></span> <span class='ocrx_word' id='word_1_571' title='bbox 2512 3755 2691 3809; x_wconf 89' lang='lat' dir='ltr'><strong>solum</strong></span> <span class='ocrx_word' id='word_1_572' title='bbox 2718 3757 2936 3814; x_wconf 86' lang='lat' dir='ltr'><strong>honesti</strong></span> <span class='ocrx_word' id='word_1_573' title='bbox 2973 3762 3307 3830; x_wconf 89' lang='lat' dir='ltr'><strong>pessundata</strong></span> <span class='ocrx_word' id='word_1_574' title='bbox 3338 3765 3502 3826; x_wconf 87' lang='lat' dir='ltr'><strong>ratio.</strong></span> 
     </span>
    </p>
   </div>
   <div class='ocr_carea' id='block_1_81' title="bbox 1908 3843 3550 3927">
    <p class='ocr_par' dir='ltr' id='par_1_81' title="bbox 1908 3843 3550 3927">
     <span class='ocr_line' id='line_1_82' title="bbox 1908 3843 3550 3927; baseline 0.011 -31"><span class='ocrx_word' id='word_1_575' title='bbox 1908 3843 2003 3897; x_wconf 92' lang='lat' dir='ltr'><strong>sed</strong></span> <span class='ocrx_word' id='word_1_576' title='bbox 2022 3851 2078 3898; x_wconf 92' lang='lat' dir='ltr'><strong>et</strong></span> <span class='ocrx_word' id='word_1_577' title='bbox 2109 3844 2162 3897; x_wconf 92' lang='lat' dir='ltr'><strong>id</strong></span> <span class='ocrx_word' id='word_1_578' title='bbox 2185 3848 2474 3900; x_wconf 87' lang='lat' dir='ltr'><strong>actitatum</strong></span> <span class='ocrx_word' id='word_1_579' title='bbox 2497 3848 2647 3918; x_wconf 90' lang='lat' dir='ltr'><strong>quod</strong></span> <span class='ocrx_word' id='word_1_580' title='bbox 2675 3851 2912 3906; x_wconf 78' lang='lat' dir='ltr'><strong>maxime</strong></span> <span class='ocrx_word' id='word_1_581' title='bbox 2938 3855 3142 3924; x_wconf 80' lang='lat' dir='ltr'><strong>regiam</strong></span> <span class='ocrx_word' id='word_1_582' title='bbox 3159 3858 3503 3927; x_wconf 83' lang='lat' dir='ltr'><strong>majestatem</strong></span> <span class='ocrx_word' id='word_1_583' title='bbox 3543 3893 3550 3899; x_wconf 92' lang='lat'>-</span> 
     </span>
    </p>
   </div>
   <div class='ocr_carea' id='block_1_82' title="bbox 1906 3932 3500 4008">
    <p class='ocr_par' dir='ltr' id='par_1_82' title="bbox 1906 3932 3500 4008">
     <span class='ocr_line' id='line_1_83' title="bbox 1906 3932 3500 4008; baseline 0.013 -23"><span class='ocrx_word' id='word_1_584' title='bbox 1906 3932 2172 3988; x_wconf 88' lang='lat' dir='ltr'><strong>dedeceat</strong></span> <span class='ocrx_word' id='word_1_585' title='bbox 2208 3943 2264 3988; x_wconf 89' lang='lat' dir='ltr'><strong>et</strong></span> <span class='ocrx_word' id='word_1_586' title='bbox 2295 3935 2364 3988; x_wconf 86' lang='lat' dir='ltr'><strong>ab</strong></span> <span class='ocrx_word' id='word_1_587' title='bbox 2409 3953 2475 3991; x_wconf 90' lang='lat' dir='ltr'><strong>ea</strong></span> <span class='ocrx_word' id='word_1_588' title='bbox 2503 3941 2700 4008; x_wconf 85' lang='lat' dir='ltr'><strong>procul</strong></span> <span class='ocrx_word' id='word_1_589' title='bbox 2732 3941 3052 4000; x_wconf 88' lang='lat' dir='ltr'><strong>abhorreat.</strong></span> <span class='ocrx_word' id='word_1_590' title='bbox 3083 3948 3220 4003; x_wconf 90' lang='lat' dir='ltr'><strong>Cum</strong></span> <span class='ocrx_word' id='word_1_591' title='bbox 3267 3951 3500 4006; x_wconf 90' lang='lat' dir='ltr'><strong>mulier-</strong></span> 
     </span>
    </p>
   </div>
   <div class='ocr_carea' id='block_1_83' title="bbox 1907 4025 3500 4112">
    <p class='ocr_par' dir='ltr' id='par_1_83' title="bbox 1907 4025 3500 4112">
     <span class='ocr_line' id='line_1_84' title="bbox 1907 4025 3500 4112; baseline 0.013 -32"><span class='ocrx_word' id='word_1_592' title='bbox 1907 4025 2108 4090; x_wconf 90' lang='lat' dir='ltr'><strong>culam,</strong></span> <span class='ocrx_word' id='word_1_593' title='bbox 2143 4029 2302 4099; x_wconf 89' lang='lat' dir='ltr'><strong>cujus</strong></span> <span class='ocrx_word' id='word_1_594' title='bbox 2346 4029 2518 4085; x_wconf 89' lang='lat' dir='ltr'><strong>ﬁlium</strong></span> <span class='ocrx_word' id='word_1_595' title='bbox 2570 4047 2602 4086; x_wconf 91' lang='lat' dir='ltr'><strong>e</strong></span> <span class='ocrx_word' id='word_1_596' title='bbox 2652 4048 2810 4090; x_wconf 87' lang='lat' dir='ltr'><strong>sacro</strong></span> <span class='ocrx_word' id='word_1_597' title='bbox 2873 4036 3026 4092; x_wconf 83' lang='lat' dir='ltr'><strong>fonte</strong></span> <span class='ocrx_word' id='word_1_598' title='bbox 3077 4054 3419 4112; x_wconf 84' lang='lat' dir='ltr'><strong>susceperat,</strong></span> <span class='ocrx_word' id='word_1_599' title='bbox 3469 4062 3500 4100; x_wconf 90' lang='lat' dir='ltr'><strong>e</strong></span> 
     </span>
    </p>
   </div>
   <div class='ocr_carea' id='block_1_84' title="bbox 1905 4117 3498 4197">
    <p class='ocr_par' dir='ltr' id='par_1_84' title="bbox 1905 4117 3498 4197">
     <span class='ocr_line' id='line_1_85' title="bbox 1905 4117 3498 4197; baseline 0.013 -26"><span class='ocrx_word' id='word_1_600' title='bbox 1905 4117 2103 4174; x_wconf 86' lang='lat' dir='ltr'><strong>balneo</strong></span> <span class='ocrx_word' id='word_1_601' title='bbox 2124 4120 2437 4177; x_wconf 86' lang='lat' dir='ltr'><strong>venientem</strong></span> <span class='ocrx_word' id='word_1_602' title='bbox 2460 4123 2794 4197; x_wconf 90' lang='lat' dir='ltr'><strong>situlamque</strong></span> <span class='ocrx_word' id='word_1_603' title='bbox 2821 4129 2875 4183; x_wconf 92' lang='lat' dir='ltr'><strong>in</strong></span> <span class='ocrx_word' id='word_1_604' title='bbox 2911 4133 3167 4187; x_wconf 90' lang='lat' dir='ltr'><strong>manibus</strong></span> <span class='ocrx_word' id='word_1_605' title='bbox 3203 4134 3498 4192; x_wconf 87' lang='lat' dir='ltr'><strong>habentem</strong></span> 
     </span>
    </p>
   </div>
   <div class='ocr_carea' id='block_1_85' title="bbox 1903 4208 3542 4296">
    <p class='ocr_par' dir='ltr' id='par_1_85' title="bbox 1903 4208 3542 4296">
     <span class='ocr_line' id='line_1_86' title="bbox 1903 4208 3542 4296; baseline 0.013 -33"><span class='ocrx_word' id='word_1_606' title='bbox 1903 4208 2122 4287; x_wconf 85' lang='lat' dir='ltr'><strong>obviam</strong></span> <span class='ocrx_word' id='word_1_607' title='bbox 2141 4211 2450 4279; x_wconf 84' lang='lat' dir='ltr'><strong>habuisset,</strong></span> <span class='ocrx_word' id='word_1_608' title='bbox 2475 4231 2620 4286; x_wconf 90' lang='lat' dir='ltr'><strong>equo</strong></span> <span class='ocrx_word' id='word_1_609' title='bbox 2645 4217 2872 4283; x_wconf 89' lang='lat' dir='ltr'><strong>desiliit,</strong></span> <span class='ocrx_word' id='word_1_610' title='bbox 2901 4223 3134 4293; x_wconf 87' lang='lat' dir='ltr'><strong>aliisque</strong></span> <span class='ocrx_word' id='word_1_611' title='bbox 3159 4226 3212 4279; x_wconf 89' lang='lat' dir='ltr'><strong>in</strong></span> <span class='ocrx_word' id='word_1_612' title='bbox 3236 4226 3496 4296; x_wconf 85' lang='lat' dir='ltr'><strong>palatium</strong></span> <span class='ocrx_word' id='word_1_613' title='bbox 3539 4263 3542 4265; x_wconf 98' lang='lat'><em>-</em></span> 
     </span>
    </p>
   </div>
   <div class='ocr_carea' id='block_1_86' title="bbox 1904 4300 3497 4390">
    <p class='ocr_par' dir='ltr' id='par_1_86' title="bbox 1904 4300 3497 4390">
     <span class='ocr_line' id='line_1_87' title="bbox 1904 4300 3497 4390; baseline 0.012 -35"><span class='ocrx_word' id='word_1_614' title='bbox 1904 4300 2058 4357; x_wconf 88' lang='lat' dir='ltr'><strong>abire</strong></span> <span class='ocrx_word' id='word_1_615' title='bbox 2074 4303 2234 4376; x_wconf 76' lang='lat'><strong>661</strong></span> <span class='ocrx_word' id='word_1_616' title='bbox 2272 4305 2453 4376; x_wconf 84' lang='lat' dir='ltr'><strong>jussis.</strong></span> <span class='ocrx_word' id='word_1_617' title='bbox 2473 4307 2590 4379; x_wconf 87' lang='lat' dir='ltr'><strong>ipse</strong></span> <span class='ocrx_word' id='word_1_618' title='bbox 2624 4323 2750 4365; x_wconf 89' lang='lat' dir='ltr'><strong>cum</strong></span> <span class='ocrx_word' id='word_1_619' title='bbox 2797 4311 3014 4383; x_wconf 87' lang='lat' dir='ltr'><strong>impura</strong></span> <span class='ocrx_word' id='word_1_620' title='bbox 3045 4315 3370 4387; x_wconf 86' lang='lat' dir='ltr'><strong>perditaque</strong></span> <span class='ocrx_word' id='word_1_621' title='bbox 3400 4335 3497 4390; x_wconf 78' lang='lat' dir='ltr'><strong>ga-</strong></span> 
     </span>
    </p>
   </div>
   <div class='ocr_carea' id='block_1_87' title="bbox 1904 4397 3496 4481">
    <p class='ocr_par' dir='ltr' id='par_1_87' title="bbox 1904 4397 3496 4481">
     <span class='ocr_line' id='line_1_88' title="bbox 1904 4397 3496 4481; baseline 0.011 -33"><span class='ocrx_word' id='word_1_622' title='bbox 1904 4409 2143 4451; x_wconf 92' lang='lat' dir='ltr'><strong>neonum</strong></span> <span class='ocrx_word' id='word_1_623' title='bbox 2165 4397 2435 4453; x_wconf 83' lang='lat' dir='ltr'><strong>sodalium</strong></span> <span class='ocrx_word' id='word_1_624' title='bbox 2458 4401 2621 4456; x_wconf 90' lang='lat' dir='ltr'><strong>turba</strong></span> <span class='ocrx_word' id='word_1_625' title='bbox 2646 4403 3027 4459; x_wconf 89' lang='lat' dir='ltr'><strong>mulierculam</strong></span> <span class='ocrx_word' id='word_1_626' title='bbox 3049 4417 3295 4474; x_wconf 88' lang='lat' dir='ltr'><strong>secutus,</strong></span> <span class='ocrx_word' id='word_1_627' title='bbox 3319 4425 3496 4481; x_wconf 79' lang='lat' dir='ltr'><strong>exque</strong></span> 
     </span>
    </p>
   </div>
   <div class='ocr_carea' id='block_1_88' title="bbox 183 4455 1819 4569">
    <p class='ocr_par' dir='ltr' id='par_1_88' title="bbox 183 4455 1798 4544">
     <span class='ocr_line' id='line_1_89' title="bbox 183 4455 1798 4544; baseline 0.015 -35"><span class='ocrx_word' id='word_1_628' title='bbox 183 4455 411 4528; x_wconf 76' lang='grc' dir='ltr'>χειρῶν</span> <span class='ocrx_word' id='word_1_629' title='bbox 436 4457 744 4517; x_wconf 84' lang='grc' dir='ltr'>ἀναλαϐών.</span> <span class='ocrx_word' id='word_1_630' title='bbox 771 4463 900 4529; x_wconf 76' lang='grc' dir='ltr'>Καὶ,</span> <span class='ocrx_word' id='word_1_631' title='bbox 944 4465 1086 4534; x_wconf 70' lang='lat' dir='ltr'><strong>&quot;Are</strong></span> <span class='ocrx_word' id='word_1_632' title='bbox 1108 4466 1207 4536; x_wconf 77' lang='grc' dir='ltr'>δὴ,</span> <span class='ocrx_word' id='word_1_633' title='bbox 1247 4463 1294 4523; x_wconf 80' lang='grc' dir='ltr'><strong><em>ὧ</em></strong></span> <span class='ocrx_word' id='word_1_634' title='bbox 1322 4472 1518 4540; x_wconf 72' lang='grc' dir='ltr'>γύναι,</span> <span class='ocrx_word' id='word_1_635' title='bbox 1544 4455 1798 4544; x_wconf 68' lang='grc' dir='ltr'>θαρῤοὗ-</span> 
     </span>
    </p>
   </div>
   <div class='ocr_carea' id='block_1_89' title="bbox 1923 4455 3493 4569">
    <p class='ocr_par' dir='ltr' id='par_1_89' title="bbox 1923 4455 3493 4569">
     <span class='ocr_line' id='line_1_90' title="bbox 2598 4455 3493 4481; baseline 0.011 -24"><span class='ocrx_word' id='word_1_636' title='bbox 2598 4455 2654 4456; x_wconf 63' lang='lat'><strong>,,,</strong></span> <span class='ocrx_word' id='word_1_637' title='bbox 2855 4455 3027 4459; x_wconf 46' lang='grc' dir='ltr'><strong><em>πη---</em></strong></span> <span class='ocrx_word' id='word_1_638' title='bbox 3049 4455 3295 4474; x_wconf 54' lang='grc' dir='ltr'><strong>--ι-,κη</strong></span> <span class='ocrx_word' id='word_1_639' title='bbox 3321 4455 3493 4481; x_wconf 61' lang='grc' dir='ltr'><strong>νων-υ</strong></span> 
     </span>
     <span class='ocr_line' id='line_1_91' title="bbox 1923 4486 3493 4569; baseline 0.013 -32"><span class='ocrx_word' id='word_1_640' title='bbox 1923 4486 2023 4558; x_wconf 69' lang='lat' dir='ltr'><strong>ejus</strong></span> <span class='ocrx_word' id='word_1_641' title='bbox 2056 4489 2314 4545; x_wconf 84' lang='lat' dir='ltr'><strong>manibus</strong></span> <span class='ocrx_word' id='word_1_642' title='bbox 2342 4491 2524 4548; x_wconf 88' lang='lat' dir='ltr'><strong>ablata</strong></span> <span class='ocrx_word' id='word_1_643' title='bbox 2555 4493 2744 4559; x_wconf 90' lang='lat' dir='ltr'><strong>situla,</strong></span> <span class='ocrx_word' id='word_1_644' title='bbox 2767 4494 3171 4569; x_wconf 88' lang='lat' dir='ltr'><strong>Bono,.inquit,</strong></span> <span class='ocrx_word' id='word_1_645' title='bbox 3200 4502 3379 4556; x_wconf 82' lang='lat' dir='ltr'><strong>animo</strong></span> <span class='ocrx_word' id='word_1_646' title='bbox 3400 4503 3493 4569; x_wconf 70' lang='lat' dir='ltr'><strong>eis,</strong></span> 
     </span>
    </p>
   </div>
   <div class='ocr_carea' id='block_1_90' title="bbox 177 4546 1793 4636">
    <p class='ocr_par' dir='ltr' id='par_1_90' title="bbox 177 4546 1793 4636">
     <span class='ocr_line' id='line_1_92' title="bbox 177 4546 1793 4636; baseline 0.015 -36"><span class='ocrx_word' id='word_1_647' title='bbox 177 4562 298 4612; x_wconf 81' lang='grc' dir='ltr'><strong>σα,</strong></span> <span class='ocrx_word' id='word_1_648' title='bbox 336 4546 545 4612; x_wconf 76' lang='grc' dir='ltr'>ἔλεξεν,</span> <span class='ocrx_word' id='word_1_649' title='bbox 571 4549 678 4619; x_wconf 79' lang='grc' dir='ltr'><strong>ἐμὲ</strong></span> <span class='ocrx_word' id='word_1_650' title='bbox 734 4555 885 4608; x_wconf 80' lang='grc' dir='ltr'>κατὰ</span> <span class='ocrx_word' id='word_1_651' title='bbox 940 4556 1009 4608; x_wconf 81' lang='grc' dir='ltr'>τὸ</span> <span class='ocrx_word' id='word_1_652' title='bbox 1043 4558 1162 4611; x_wconf 78' lang='grc' dir='ltr'><strong>σὸν</strong></span> <span class='ocrx_word' id='word_1_653' title='bbox 1203 4561 1423 4630; x_wconf 71' lang='grc' dir='ltr'>οἴκημα</span> <span class='ocrx_word' id='word_1_654' title='bbox 1479 4569 1793 4636; x_wconf 80' lang='grc' dir='ltr'>ὑπόδεξαι,</span> 
     </span>
    </p>
   </div>
   <div class='ocr_carea' id='block_1_91' title="bbox 177 4637 1798 4730">
    <p class='ocr_par' dir='ltr' id='par_1_91' title="bbox 177 4637 1798 4730">
     <span class='ocr_line' id='line_1_93' title="bbox 177 4637 1798 4730; baseline 0.017 -39"><span class='ocrx_word' id='word_1_655' title='bbox 177 4637 422 4710; x_wconf 54' lang='lat' dir='ltr'><strong>(regem?</strong></span> <span class='ocrx_word' id='word_1_656' title='bbox 452 4643 822 4712; x_wconf 71' lang='lat' dir='ltr'><strong>mnch</strong></span> <span class='ocrx_word' id='word_1_657' title='bbox 843 4649 936 4701; x_wconf 74' lang='grc' dir='ltr'>καὶ</span> <span class='ocrx_word' id='word_1_658' title='bbox 969 4650 1418 4722; x_wconf 78' lang='grc' dir='ltr'>ἀσϐεστοτύρου</span> <span class='ocrx_word' id='word_1_659' title='bbox 1445 4658 1798 4730; x_wconf 73' lang='grc' dir='ltr'>ἐπιθυμοῦν-</span> 
     </span>
    </p>
   </div>
   <div class='ocr_carea' id='block_1_92' title="bbox 178 4733 1794 4822">
    <p class='ocr_par' dir='ltr' id='par_1_92' title="bbox 178 4733 1794 4822">
     <span class='ocr_line' id='line_1_94' title="bbox 178 4733 1794 4822; baseline 0.017 -36"><span class='ocrx_word' id='word_1_660' title='bbox 178 4750 287 4798; x_wconf 80' lang='lat' dir='ltr'><strong>ta,</strong></span> <span class='ocrx_word' id='word_1_661' title='bbox 325 4733 477 4805; x_wconf 84' lang='grc' dir='ltr'>τάχα</span> <span class='ocrx_word' id='word_1_662' title='bbox 529 4754 633 4790; x_wconf 87' lang='grc' dir='ltr'><strong>που</strong></span> <span class='ocrx_word' id='word_1_663' title='bbox 667 4739 776 4792; x_wconf 84' lang='grc' dir='ltr'><strong>ἀπὸ</strong></span> <span class='ocrx_word' id='word_1_664' title='bbox 805 4741 912 4794; x_wconf 91' lang='grc' dir='ltr'><strong>τῶν</strong></span> <span class='ocrx_word' id='word_1_665' title='bbox 935 4739 977 4795; x_wconf 86' lang='grc' dir='ltr'>ν’</span> <span class='ocrx_word' id='word_1_666' title='bbox 1006 4747 1387 4818; x_wconf 84' lang='grc' dir='ltr'>νομισμάτων,</span> <span class='ocrx_word' id='word_1_667' title='bbox 1417 4752 1563 4822; x_wconf 78' lang='grc' dir='ltr'>ἅπερ</span> <span class='ocrx_word' id='word_1_668' title='bbox 1593 4756 1794 4813; x_wconf 77' lang='grc' dir='ltr'>δέδωκε</span> 
     </span>
    </p>
   </div>
   <div class='ocr_carea' id='block_1_93' title="bbox 174 4826 1793 4918">
    <p class='ocr_par' dir='ltr' id='par_1_93' title="bbox 174 4826 1793 4918">
     <span class='ocr_line' id='line_1_95' title="bbox 174 4826 1793 4918; baseline 0.015 -38"><span class='ocrx_word' id='word_1_669' title='bbox 174 4826 266 4897; x_wconf 81' lang='grc' dir='ltr'>τῷ</span> <span class='ocrx_word' id='word_1_670' title='bbox 325 4827 487 4899; x_wconf 66' lang='grc' dir='ltr'><strong>ἀδιδρῖ¹</strong></span> <span class='ocrx_word' id='word_1_671' title='bbox 523 4831 728 4901; x_wconf 83' lang='grc' dir='ltr'>αὐτῆς,</span> <span class='ocrx_word' id='word_1_672' title='bbox 761 4833 1165 4906; x_wconf 78' lang='grc' dir='ltr'>ὑπολαμϐάνων</span> <span class='ocrx_word' id='word_1_673' title='bbox 1203 4857 1255 4894; x_wconf 87' lang='grc' dir='ltr'><strong>τι</strong></span> <span class='ocrx_word' id='word_1_674' title='bbox 1317 4846 1618 4918; x_wconf 79' lang='grc' dir='ltr'>κεκτῆσθαι</span> <span class='ocrx_word' id='word_1_675' title='bbox 1661 4854 1793 4904; x_wconf 84' lang='grc' dir='ltr'>ταύ-</span> 
     </span>
    </p>
   </div>
   <div class='ocr_carea' id='block_1_94' title="bbox 176 4920 1785 5011">
    <p class='ocr_par' dir='ltr' id='par_1_94' title="bbox 176 4920 1785 5011">
     <span class='ocr_line' id='line_1_96' title="bbox 176 4920 1785 5011; baseline 0.017 -41"><span class='ocrx_word' id='word_1_676' title='bbox 176 4935 322 4984; x_wconf 85' lang='grc' dir='ltr'>την.</span> <span class='ocrx_word' id='word_1_677' title='bbox 369 4920 497 4975; x_wconf 75' lang='grc' dir='ltr'><strong>Ἐπὶ</strong></span> <span class='ocrx_word' id='word_1_678' title='bbox 519 4921 575 4975; x_wconf 86' lang='grc' dir='ltr'>δὲ</span> <span class='ocrx_word' id='word_1_679' title='bbox 604 4922 683 4995; x_wconf 81' lang='grc' dir='ltr'><strong>τῷ</strong></span> <span class='ocrx_word' id='word_1_680' title='bbox 713 4923 848 4997; x_wconf 81' lang='grc' dir='ltr'>ξένῳ</span> <span class='ocrx_word' id='word_1_681' title='bbox 875 4927 1049 5000; x_wconf 83' lang='grc' dir='ltr'>τούτῳ</span> <span class='ocrx_word' id='word_1_682' title='bbox 1087 4929 1322 5003; x_wconf 82' lang='grc' dir='ltr'>θεάματι</span> <span class='ocrx_word' id='word_1_683' title='bbox 1348 4937 1382 5007; x_wconf 77' lang='grc' dir='ltr'>ἡ</span> <span class='ocrx_word' id='word_1_684' title='bbox 1405 4937 1544 5011; x_wconf 79' lang='grc' dir='ltr'>γυνὴ</span> <span class='ocrx_word' id='word_1_685' title='bbox 1576 4941 1785 4997; x_wconf 74' lang='grc' dir='ltr'>ἐκπλα-</span> 
     </span>
    </p>
   </div>
   <div class='ocr_carea' id='block_1_95' title="bbox 176 5010 1794 5096">
    <p class='ocr_par' dir='ltr' id='par_1_95' title="bbox 176 5010 1794 5096">
     <span class='ocr_line' id='line_1_97' title="bbox 176 5010 1794 5096; baseline 0.017 -36"><span class='ocrx_word' id='word_1_686' title='bbox 176 5010 384 5075; x_wconf 82' lang='grc' dir='ltr'>γεῖσα,</span> <span class='ocrx_word' id='word_1_687' title='bbox 432 5012 558 5065; x_wconf 76' lang='grc' dir='ltr'>ἐπεὶ</span> <span class='ocrx_word' id='word_1_688' title='bbox 587 5014 681 5067; x_wconf 76' lang='grc' dir='ltr'>καὶ</span> <span class='ocrx_word' id='word_1_689' title='bbox 715 5015 933 5072; x_wconf 84' lang='grc' dir='ltr'>πάντων</span> <span class='ocrx_word' id='word_1_690' title='bbox 982 5021 1041 5072; x_wconf 83' lang='grc' dir='ltr'>ἐν</span> <span class='ocrx_word' id='word_1_691' title='bbox 1073 5021 1280 5094; x_wconf 78' lang='grc' dir='ltr'>ἀπορία</span> <span class='ocrx_word' id='word_1_692' title='bbox 1315 5019 1408 5096; x_wconf 78' lang='grc' dir='ltr'>ἦν,</span> <span class='ocrx_word' id='word_1_693' title='bbox 1435 5010 1596 5095; x_wconf 82' lang='grc' dir='ltr'>αὐτὸς</span> <span class='ocrx_word' id='word_1_694' title='bbox 1626 5034 1654 5085; x_wconf 87' lang='grc' dir='ltr'>ό</span> <span class='ocrx_word' id='word_1_695' title='bbox 1686 5035 1794 5088; x_wconf 80' lang='grc' dir='ltr'><strong>Μι-</strong></span> 
     </span>
    </p>
   </div>
   <div class='ocr_carea' id='block_1_96' title="bbox 173 5099 1791 5194">
    <p class='ocr_par' dir='ltr' id='par_1_96' title="bbox 173 5099 1791 5194">
     <span class='ocr_line' id='line_1_98' title="bbox 173 5099 1791 5194; baseline 0.016 -41"><span class='ocrx_word' id='word_1_696' title='bbox 173 5099 341 5170; x_wconf 68' lang='grc' dir='ltr'>χαὴλ</span> <span class='ocrx_word' id='word_1_697' title='bbox 390 5102 456 5157; x_wconf 78' lang='grc' dir='ltr'>τὸ</span> <span class='ocrx_word' id='word_1_698' title='bbox 489 5105 726 5161; x_wconf 82' lang='grc' dir='ltr'>σαϐάνον</span> <span class='ocrx_word' id='word_1_699' title='bbox 755 5109 930 5178; x_wconf 81' lang='grc' dir='ltr'>αὐτῆς</span> <span class='ocrx_word' id='word_1_700' title='bbox 958 5112 1040 5166; x_wconf 74' lang='grc' dir='ltr'>ἔτι</span> <span class='ocrx_word' id='word_1_701' title='bbox 1079 5113 1366 5187; x_wconf 89' lang='grc' dir='ltr'>διάϐροχον</span> <span class='ocrx_word' id='word_1_702' title='bbox 1394 5118 1454 5174; x_wconf 75' lang='grc' dir='ltr'>ὃν</span> <span class='ocrx_word' id='word_1_703' title='bbox 1498 5122 1619 5175; x_wconf 73' lang='grc' dir='ltr'>ἀντὶ</span> <span class='ocrx_word' id='word_1_704' title='bbox 1657 5142 1791 5194; x_wconf 83' lang='grc' dir='ltr'>μεσ-</span> 
     </span>
    </p>
   </div>
   <div class='ocr_carea' id='block_1_97' title="bbox 170 5192 1788 5286">
    <p class='ocr_par' dir='ltr' id='par_1_97' title="bbox 170 5192 1788 5286">
     <span class='ocr_line' id='line_1_99' title="bbox 170 5192 1788 5286; baseline 0.017 -45"><span class='ocrx_word' id='word_1_705' title='bbox 170 5192 392 5249; x_wconf 80' lang='grc' dir='ltr'>σαλίου</span> <span class='ocrx_word' id='word_1_706' title='bbox 420 5193 498 5265; x_wconf 86' lang='grc' dir='ltr'>τῷ</span> <span class='ocrx_word' id='word_1_707' title='bbox 525 5199 754 5272; x_wconf 81' lang='grc' dir='ltr'>σκάμνῳ</span> <span class='ocrx_word' id='word_1_708' title='bbox 781 5201 1010 5257; x_wconf 64' lang='grc' dir='ltr'>ἐπέθετο</span> <span class='ocrx_word' id='word_1_709' title='bbox 1029 5204 1114 5277; x_wconf 82' lang='grc' dir='ltr'><strong>(οὐ</strong></span> <span class='ocrx_word' id='word_1_710' title='bbox 1147 5207 1255 5276; x_wconf 83' lang='grc' dir='ltr'>γὰρ</span> <span class='ocrx_word' id='word_1_711' title='bbox 1285 5205 1432 5280; x_wconf 74' lang='grc' dir='ltr'>εἶχεν</span> <span class='ocrx_word' id='word_1_712' title='bbox 1454 5192 1788 5286; x_wconf 66' lang='grc' dir='ltr'>τράπεζαν),</span> 
     </span>
    </p>
   </div>
   <div class='ocr_carea' id='block_1_98' title="bbox 149 5287 1786 5377">
    <p class='ocr_par' dir='ltr' id='par_1_98' title="bbox 149 5287 1786 5377">
     <span class='ocr_line' id='line_1_100' title="bbox 149 5287 1786 5377; baseline 0.017 -40"><span class='ocrx_word' id='word_1_713' title='bbox 149 5287 282 5358; x_wconf 73' lang='grc' dir='ltr'><strong>τήν</strong></span> <span class='ocrx_word' id='word_1_714' title='bbox 300 5305 376 5340; x_wconf 87' lang='grc' dir='ltr'><strong>τε</strong></span> <span class='ocrx_word' id='word_1_715' title='bbox 400 5287 591 5344; x_wconf 85' lang='grc' dir='ltr'>κλεῖδα</span> <span class='ocrx_word' id='word_1_716' title='bbox 618 5292 838 5363; x_wconf 84' lang='grc' dir='ltr'>ἀφελὼν</span> <span class='ocrx_word' id='word_1_717' title='bbox 860 5296 1034 5368; x_wconf 78' lang='grc' dir='ltr'>αὐτῆς</span> <span class='ocrx_word' id='word_1_718' title='bbox 1060 5294 1130 5372; x_wconf 83' lang='grc' dir='ltr'>ἦν</span> <span class='ocrx_word' id='word_1_719' title='bbox 1148 5302 1219 5355; x_wconf 80' lang='grc' dir='ltr'><strong>τά</strong></span> <span class='ocrx_word' id='word_1_720' title='bbox 1245 5301 1424 5358; x_wconf 87' lang='grc' dir='ltr'>πάντα</span> <span class='ocrx_word' id='word_1_721' title='bbox 1447 5306 1477 5360; x_wconf 86' lang='grc' dir='ltr'><strong><em>ὁ</em></strong></span> <span class='ocrx_word' id='word_1_722' title='bbox 1506 5305 1786 5377; x_wconf 82' lang='grc' dir='ltr'>βασιλεὺς,</span> 
     </span>
    </p>
   </div>
   <div class='ocr_carea' id='block_1_99' title="bbox 123 5378 1790 5466">
    <p class='ocr_par' dir='ltr' id='par_1_99' title="bbox 123 5378 1790 5466">
     <span class='ocr_line' id='line_1_101' title="bbox 123 5378 1790 5466; baseline 0.021 -42"><span class='ocrx_word' id='word_1_723' title='bbox 123 5378 642 5449; x_wconf 73' lang='grc' dir='ltr'>τραπεζοποιὸς,</span> <span class='ocrx_word' id='word_1_724' title='bbox 689 5385 988 5460; x_wconf 86' lang='grc' dir='ltr'>μάγειρος,</span> <span class='ocrx_word' id='word_1_725' title='bbox 1053 5391 1353 5466; x_wconf 81' lang='grc' dir='ltr'>δαιτυμὼν.</span> <span class='ocrx_word' id='word_1_726' title='bbox 1412 5398 1690 5456; x_wconf 85' lang='grc' dir='ltr'>Ἐκϐαλὼν</span> <span class='ocrx_word' id='word_1_727' title='bbox 1733 5405 1790 5460; x_wconf 74' lang='grc' dir='ltr'>δὲ</span> 
     </span>
    </p>
   </div>
   <div class='ocr_carea' id='block_1_100' title="bbox 109 5465 1785 5560">
    <p class='ocr_par' dir='ltr' id='par_1_100' title="bbox 109 5465 1785 5560">
     <span class='ocr_line' id='line_1_102' title="bbox 109 5465 1785 5560; baseline 0.018 -40"><span class='ocrx_word' id='word_1_728' title='bbox 109 5465 341 5542; x_wconf 68' lang='grc' dir='ltr'>ἅπερ</span> <span class='ocrx_word' id='word_1_729' title='bbox 369 5467 518 5540; x_wconf 70' lang='grc' dir='ltr'>εἶχεν</span> <span class='ocrx_word' id='word_1_730' title='bbox 565 5473 664 5546; x_wconf 78' lang='grc' dir='ltr'>τὴς</span> <span class='ocrx_word' id='word_1_731' title='bbox 697 5481 961 5550; x_wconf 85' lang='grc' dir='ltr'>πενιχρᾶς</span> <span class='ocrx_word' id='word_1_732' title='bbox 1011 5482 1229 5557; x_wconf 72' lang='grc' dir='ltr'>ἐκείνης</span> <span class='ocrx_word' id='word_1_733' title='bbox 1265 5488 1578 5560; x_wconf 72' lang='grc' dir='ltr'>ήκιϐωτός,</span> <span class='ocrx_word' id='word_1_734' title='bbox 1607 5512 1785 5550; x_wconf 86' lang='grc' dir='ltr'>συνει-</span> 
     </span>
    </p>
   </div>
   <div class='ocr_carea' id='block_1_101' title="bbox 1899 4580 3538 4663">
    <p class='ocr_par' dir='ltr' id='par_1_101' title="bbox 1899 4580 3538 4663">
     <span class='ocr_line' id='line_1_103' title="bbox 1899 4580 3538 4663; baseline 0.01 -31"><span class='ocrx_word' id='word_1_735' title='bbox 1899 4595 1928 4633; x_wconf 91' lang='grc' dir='ltr'><strong>ο</strong></span> <span class='ocrx_word' id='word_1_736' title='bbox 1969 4580 2182 4646; x_wconf 75' lang='lat' dir='ltr'><strong>mulier,</strong></span> <span class='ocrx_word' id='word_1_737' title='bbox 2215 4592 2274 4636; x_wconf 85' lang='lat' dir='ltr'><strong>ut</strong></span> <span class='ocrx_word' id='word_1_738' title='bbox 2311 4601 2392 4638; x_wconf 85' lang='lat' dir='ltr'><strong>me</strong></span> <span class='ocrx_word' id='word_1_739' title='bbox 2425 4585 2580 4640; x_wconf 85' lang='lat' dir='ltr'><strong>domo</strong></span> <span class='ocrx_word' id='word_1_740' title='bbox 2625 4594 2721 4641; x_wconf 84' lang='lat' dir='ltr'><strong>tua</strong></span> <span class='ocrx_word' id='word_1_741' title='bbox 2753 4589 3008 4660; x_wconf 71' lang='lat' dir='ltr'><strong>accipias,</strong></span> <span class='ocrx_word' id='word_1_742' title='bbox 3040 4593 3132 4661; x_wconf 77' lang='lat' dir='ltr'><strong>qui</strong></span> <span class='ocrx_word' id='word_1_743' title='bbox 3184 4591 3494 4663; x_wconf 76' lang='lat' dir='ltr'><strong>furfuraceo</strong></span> <span class='ocrx_word' id='word_1_744' title='bbox 3535 4621 3538 4624; x_wconf 58' lang='grc' dir='ltr'><strong>λ</strong></span> 
     </span>
    </p>
   </div>
   <div class='ocr_carea' id='block_1_102' title="bbox 1897 4677 3493 4759">
    <p class='ocr_par' dir='ltr' id='par_1_102' title="bbox 1897 4677 3493 4759">
     <span class='ocr_line' id='line_1_104' title="bbox 1897 4677 3493 4759; baseline 0.012 -34"><span class='ocrx_word' id='word_1_745' title='bbox 1897 4689 2035 4742; x_wconf 83' lang='lat' dir='ltr'><strong>pane</strong></span> <span class='ocrx_word' id='word_1_746' title='bbox 2064 4692 2128 4728; x_wconf 88' lang='lat' dir='ltr'><strong>ac</strong></span> <span class='ocrx_word' id='word_1_747' title='bbox 2149 4677 2343 4730; x_wconf 82' lang='lat' dir='ltr'><strong>recenti</strong></span> <span class='ocrx_word' id='word_1_748' title='bbox 2379 4695 2532 4732; x_wconf 86' lang='lat' dir='ltr'><strong>caseo</strong></span> <span class='ocrx_word' id='word_1_749' title='bbox 2560 4681 2698 4734; x_wconf 78' lang='lat' dir='ltr'><strong>vesci</strong></span> <span class='ocrx_word' id='word_1_750' title='bbox 2730 4688 3004 4752; x_wconf 81' lang='lat' dir='ltr'><strong>appetant,</strong></span> <span class='ocrx_word' id='word_1_751' title='bbox 3046 4683 3191 4741; x_wconf 84' lang='lat' dir='ltr'><strong>forte</strong></span> <span class='ocrx_word' id='word_1_752' title='bbox 3238 4701 3305 4742; x_wconf 87' lang='lat' dir='ltr'><strong>ex</strong></span> <span class='ocrx_word' id='word_1_753' title='bbox 3329 4688 3493 4759; x_wconf 82' lang='lat' dir='ltr'><strong>quin-</strong></span> 
     </span>
    </p>
   </div>
   <div class='ocr_carea' id='block_1_103' title="bbox 1897 4764 3489 4848">
    <p class='ocr_par' dir='ltr' id='par_1_103' title="bbox 1897 4764 3489 4848">
     <span class='ocr_line' id='line_1_105' title="bbox 1897 4764 3489 4848; baseline 0.009 -31"><span class='ocrx_word' id='word_1_754' title='bbox 1897 4764 2156 4835; x_wconf 82' lang='lat' dir='ltr'><strong>quaginta</strong></span> <span class='ocrx_word' id='word_1_755' title='bbox 2192 4767 2400 4833; x_wconf 91' lang='lat' dir='ltr'><strong>aureis,</strong></span> <span class='ocrx_word' id='word_1_756' title='bbox 2457 4785 2598 4838; x_wconf 91' lang='lat' dir='ltr'><strong>quos</strong></span> <span class='ocrx_word' id='word_1_757' title='bbox 2625 4785 2694 4825; x_wconf 82' lang='lat' dir='ltr'><strong>ex</strong></span> <span class='ocrx_word' id='word_1_758' title='bbox 2725 4771 2956 4828; x_wconf 32' lang='lat' dir='ltr'><strong>illo‘vir</strong></span> <span class='ocrx_word' id='word_1_759' title='bbox 3009 4776 3131 4847; x_wconf 87' lang='lat' dir='ltr'><strong>ejus</strong></span> <span class='ocrx_word' id='word_1_760' title='bbox 3176 4787 3489 4848; x_wconf 87' lang='lat' dir='ltr'><strong>acceperat,</strong></span> 
     </span>
    </p>
   </div>
   <div class='ocr_carea' id='block_1_104' title="bbox 1897 4856 3520 4933">
    <p class='ocr_par' dir='ltr' id='par_1_104' title="bbox 1897 4856 3520 4933">
     <span class='ocr_line' id='line_1_106' title="bbox 1897 4856 3520 4933; baseline 0.01 -24"><span class='ocrx_word' id='word_1_761' title='bbox 1897 4856 2102 4912; x_wconf 89' lang='lat' dir='ltr'><strong>habere</strong></span> <span class='ocrx_word' id='word_1_762' title='bbox 2128 4875 2250 4914; x_wconf 90' lang='lat' dir='ltr'><strong>eam</strong></span> <span class='ocrx_word' id='word_1_763' title='bbox 2282 4860 2492 4930; x_wconf 89' lang='lat' dir='ltr'><strong>aliquid</strong></span> <span class='ocrx_word' id='word_1_764' title='bbox 2536 4861 2592 4916; x_wconf 90' lang='lat' dir='ltr'><strong>in</strong></span> <span class='ocrx_word' id='word_1_765' title='bbox 2609 4879 2766 4933; x_wconf 80' lang='lat' dir='ltr'><strong>penu</strong></span> <span class='ocrx_word' id='word_1_766' title='bbox 2809 4866 3160 4924; x_wconf 82' lang='lat' dir='ltr'><strong>existimans.</strong></span> <span class='ocrx_word' id='word_1_767' title='bbox 3203 4870 3358 4926; x_wconf 88' lang='lat' dir='ltr'><strong>Novo</strong></span> <span class='ocrx_word' id='word_1_768' title='bbox 3384 4870 3520 4925; x_wconf 87' lang='lat' dir='ltr'><strong>hoe-</strong></span> 
     </span>
    </p>
   </div>
   <div class='ocr_carea' id='block_1_105' title="bbox 1891 4949 3523 5034">
    <p class='ocr_par' dir='ltr' id='par_1_105' title="bbox 1891 4949 3523 5034">
     <span class='ocr_line' id='line_1_107' title="bbox 1891 4949 3523 5034; baseline 0.01 -32"><span class='ocrx_word' id='word_1_769' title='bbox 1891 4963 1955 5002; x_wconf 91' lang='lat' dir='ltr'><strong>ac</strong></span> <span class='ocrx_word' id='word_1_770' title='bbox 1979 4949 2225 5006; x_wconf 88' lang='lat' dir='ltr'><strong>inaudito</strong></span> <span class='ocrx_word' id='word_1_771' title='bbox 2246 4954 2562 5023; x_wconf 86' lang='lat' dir='ltr'><strong>spectaculo</strong></span> <span class='ocrx_word' id='word_1_772' title='bbox 2592 4958 2826 5013; x_wconf 89' lang='lat' dir='ltr'><strong>attonita</strong></span> <span class='ocrx_word' id='word_1_773' title='bbox 2875 4961 3131 5028; x_wconf 91' lang='lat' dir='ltr'><strong>muliere,</strong></span> <span class='ocrx_word' id='word_1_774' title='bbox 3157 4962 3361 5034; x_wconf 91' lang='lat' dir='ltr'><strong>quippe</strong></span> <span class='ocrx_word' id='word_1_775' title='bbox 3395 4963 3492 5018; x_wconf 89' lang='lat' dir='ltr'><strong>cui</strong></span> <span class='ocrx_word' id='word_1_776' title='bbox 3519 4987 3523 4992; x_wconf 84' lang='lat'><strong><em>-</em></strong></span> 
     </span>
    </p>
   </div>
   <div class='ocr_carea' id='block_1_106' title="bbox 1891 5045 3480 5127">
    <p class='ocr_par' dir='ltr' id='par_1_106' title="bbox 1891 5045 3480 5127">
     <span class='ocr_line' id='line_1_108' title="bbox 1891 5045 3480 5127; baseline 0.012 -32"><span class='ocrx_word' id='word_1_777' title='bbox 1891 5057 1991 5111; x_wconf 86' lang='lat' dir='ltr'><strong>per</strong></span> <span class='ocrx_word' id='word_1_778' title='bbox 2017 5045 2305 5113; x_wconf 89' lang='lat' dir='ltr'><strong>penuriam</strong></span> <span class='ocrx_word' id='word_1_779' title='bbox 2352 5049 2420 5103; x_wconf 90' lang='lat' dir='ltr'><strong>ad</strong></span> <span class='ocrx_word' id='word_1_780' title='bbox 2458 5050 2580 5121; x_wconf 86' lang='lat' dir='ltr'><strong>ejus</strong></span> <span class='ocrx_word' id='word_1_781' title='bbox 2612 5053 2807 5122; x_wconf 87' lang='lat' dir='ltr'><strong>epulas</strong></span> <span class='ocrx_word' id='word_1_782' title='bbox 2836 5054 2978 5110; x_wconf 91' lang='lat' dir='ltr'><strong>nihil</strong></span> <span class='ocrx_word' id='word_1_783' title='bbox 3007 5055 3062 5110; x_wconf 93' lang='lat' dir='ltr'><strong>in</strong></span> <span class='ocrx_word' id='word_1_784' title='bbox 3097 5066 3292 5127; x_wconf 87' lang='lat' dir='ltr'><strong>paratu</strong></span> <span class='ocrx_word' id='word_1_785' title='bbox 3314 5067 3480 5125; x_wconf 88' lang='lat' dir='ltr'><strong>esset,</strong></span> 
     </span>
    </p>
   </div>
   <div class='ocr_carea' id='block_1_107' title="bbox 1891 5132 3482 5205">
    <p class='ocr_par' dir='ltr' id='par_1_107' title="bbox 1891 5132 3482 5205">
     <span class='ocr_line' id='line_1_109' title="bbox 1891 5132 3482 5205; baseline 0.011 -18"><span class='ocrx_word' id='word_1_786' title='bbox 1891 5132 2006 5202; x_wconf 87' lang='lat' dir='ltr'><strong>ipse</strong></span> <span class='ocrx_word' id='word_1_787' title='bbox 2034 5134 2263 5191; x_wconf 80' lang='lat' dir='ltr'><strong>Michael</strong></span> <span class='ocrx_word' id='word_1_788' title='bbox 2291 5139 2633 5196; x_wconf 75' lang='lat' dir='ltr'><strong>muliercula:</strong></span> <span class='ocrx_word' id='word_1_789' title='bbox 2672 5144 2972 5199; x_wconf 88' lang='lat' dir='ltr'><strong>tersorium</strong></span> <span class='ocrx_word' id='word_1_790' title='bbox 3003 5145 3234 5202; x_wconf 88' lang='lat' dir='ltr'><strong>linteum</strong></span> <span class='ocrx_word' id='word_1_791' title='bbox 3257 5148 3482 5205; x_wconf 89' lang='lat' dir='ltr'><strong>adhuce</strong></span> 
     </span>
    </p>
   </div>
   <div class='ocr_carea' id='block_1_108' title="bbox 1891 5221 3480 5311">
    <p class='ocr_par' dir='ltr' id='par_1_108' title="bbox 1891 5221 3480 5311">
     <span class='ocr_line' id='line_1_110' title="bbox 1891 5221 3480 5311; baseline 0.012 -34"><span class='ocrx_word' id='word_1_792' title='bbox 1891 5221 2087 5280; x_wconf 84' lang='lat' dir='ltr'><strong>balneo</strong></span> <span class='ocrx_word' id='word_1_793' title='bbox 2111 5225 2389 5282; x_wconf 89' lang='lat' dir='ltr'><strong>madidum</strong></span> <span class='ocrx_word' id='word_1_794' title='bbox 2412 5244 2512 5298; x_wconf 92' lang='lat' dir='ltr'><strong>pro</strong></span> <span class='ocrx_word' id='word_1_795' title='bbox 2541 5247 2738 5303; x_wconf 85' lang='lat' dir='ltr'><strong>mappa</strong></span> <span class='ocrx_word' id='word_1_796' title='bbox 2767 5249 2994 5289; x_wconf 89' lang='lat' dir='ltr'><strong>scamno</strong></span> <span class='ocrx_word' id='word_1_797' title='bbox 3031 5237 3235 5292; x_wconf 91' lang='lat' dir='ltr'><strong>sternit</strong></span> <span class='ocrx_word' id='word_1_798' title='bbox 3255 5238 3480 5311; x_wconf 85' lang='lat' dir='ltr'><strong>(quippe</strong></span> 
     </span>
    </p>
   </div>
   <div class='ocr_carea' id='block_1_109' title="bbox 1889 5321 3510 5398">
    <p class='ocr_par' dir='ltr' id='par_1_109' title="bbox 1889 5321 3510 5398">
     <span class='ocr_line' id='line_1_111' title="bbox 1889 5321 3510 5398; baseline 0.012 -29"><span class='ocrx_word' id='word_1_799' title='bbox 1889 5329 2016 5370; x_wconf 88' lang='lat' dir='ltr'><strong>cum</strong></span> <span class='ocrx_word' id='word_1_800' title='bbox 2069 5326 2129 5374; x_wconf 90' lang='lat' dir='ltr'><strong>et</strong></span> <span class='ocrx_word' id='word_1_801' title='bbox 2172 5333 2360 5376; x_wconf 89' lang='lat' dir='ltr'><strong>mensa</strong></span> <span class='ocrx_word' id='word_1_802' title='bbox 2392 5321 2698 5396; x_wconf 89' lang='lat' dir='ltr'><strong>deﬁceret),</strong></span> <span class='ocrx_word' id='word_1_803' title='bbox 2727 5333 3027 5398; x_wconf 90' lang='lat' dir='ltr'><strong>ereptaque</strong></span> <span class='ocrx_word' id='word_1_804' title='bbox 3079 5328 3129 5384; x_wconf 92' lang='lat' dir='ltr'><strong>ei</strong></span> <span class='ocrx_word' id='word_1_805' title='bbox 3151 5329 3303 5386; x_wconf 87' lang='lat' dir='ltr'><strong>clave</strong></span> <span class='ocrx_word' id='word_1_806' title='bbox 3336 5347 3510 5388; x_wconf 83' lang='lat' dir='ltr'><strong>unus.</strong></span> 
     </span>
    </p>
   </div>
   <div class='ocr_carea' id='block_1_110' title="bbox 1888 5409 3478 5497">
    <p class='ocr_par' dir='ltr' id='par_1_110' title="bbox 1888 5409 3478 5497">
     <span class='ocr_line' id='line_1_112' title="bbox 1888 5409 3478 5497; baseline 0.012 -35"><span class='ocrx_word' id='word_1_807' title='bbox 1888 5409 2074 5465; x_wconf 86' lang='lat' dir='ltr'><strong>omnia</strong></span> <span class='ocrx_word' id='word_1_808' title='bbox 2102 5409 2404 5481; x_wconf 89' lang='lat' dir='ltr'><strong>imperator</strong></span> <span class='ocrx_word' id='word_1_809' title='bbox 2446 5424 2605 5483; x_wconf 90' lang='lat' dir='ltr'><strong>erat;</strong></span> <span class='ocrx_word' id='word_1_810' title='bbox 2659 5416 2776 5488; x_wconf 90' lang='lat' dir='ltr'><strong>ipse</strong></span> <span class='ocrx_word' id='word_1_811' title='bbox 2821 5433 3028 5476; x_wconf 68' lang='lat' dir='ltr'><strong>mensae</strong></span> <span class='ocrx_word' id='word_1_812' title='bbox 3069 5429 3333 5490; x_wconf 88' lang='lat' dir='ltr'><strong>structor,</strong></span> <span class='ocrx_word' id='word_1_813' title='bbox 3359 5424 3478 5497; x_wconf 83' lang='lat' dir='ltr'><strong>ipse</strong></span> 
     </span>
    </p>
   </div>
   <div class='ocr_carea' id='block_1_111' title="bbox 1888 5505 3503 5598">
    <p class='ocr_par' dir='ltr' id='par_1_111' title="bbox 1888 5505 3503 5598">
     <span class='ocr_line' id='line_1_113' title="bbox 1888 5505 3503 5598; baseline 0.012 -42"><span class='ocrx_word' id='word_1_814' title='bbox 1888 5515 2120 5573; x_wconf 85' lang='lat' dir='ltr'><strong>coquus,</strong></span> <span class='ocrx_word' id='word_1_815' title='bbox 2155 5505 2272 5598; x_wconf 74' lang='lat' dir='ltr'><strong>ipse</strong></span> <span class='ocrx_word' id='word_1_816' title='bbox 2311 5509 2561 5565; x_wconf 86' lang='lat' dir='ltr'><strong>conviva.</strong></span> <span class='ocrx_word' id='word_1_817' title='bbox 2596 5510 3056 5587; x_wconf 86' lang='lat' dir='ltr'><strong>Depromptisque</strong></span> <span class='ocrx_word' id='word_1_818' title='bbox 3085 5533 3209 5589; x_wconf 64' lang='lat' dir='ltr'><strong>quae</strong></span> <span class='ocrx_word' id='word_1_819' title='bbox 3235 5535 3503 5591; x_wconf 57' lang='lat' dir='ltr'><strong>paupers--</strong></span> 
     </span>
    </p>
   </div>
   <div class='ocr_carea' id='block_1_112' title="bbox 1509 5673 2198 5738">
    <p class='ocr_par' dir='ltr' id='par_1_112' title="bbox 1509 5673 2198 5738">
     <span class='ocr_line' id='line_1_114' title="bbox 1509 5673 2198 5738; baseline 0.02 -13"><span class='ocrx_word' id='word_1_820' title='bbox 1509 5673 1742 5730; x_wconf 67' lang='lat' dir='ltr'><strong>VARI/IS</strong></span> <span class='ocrx_word' id='word_1_821' title='bbox 1789 5674 2198 5738; x_wconf 70' lang='lat' dir='ltr'><strong>LECTlONl-LS.</strong></span> 
     </span>
    </p>
   </div>
   <div class='ocr_carea' id='block_1_113' title="bbox 267 5743 1819 5848">
    <p class='ocr_par' dir='ltr' id='par_1_113' title="bbox 267 5743 1816 5840">
     <span class='ocr_line' id='line_1_115' title="bbox 267 5743 1816 5840; baseline 0.019 -43"><span class='ocrx_word' id='word_1_822' title='bbox 267 5743 318 5777; x_wconf 73' lang='grc'><strong>⁸⁷</strong></span> <span class='ocrx_word' id='word_1_823' title='bbox 358 5746 594 5818; x_wconf 58' lang='grc' dir='ltr'>ἑχόντων</span> <span class='ocrx_word' id='word_1_824' title='bbox 625 5748 686 5809; x_wconf 86' lang='grc' dir='ltr'><strong>Ρ.</strong></span> <span class='ocrx_word' id='word_1_825' title='bbox 770 5753 813 5785; x_wconf 82' lang='grc'><strong>³⁸</strong></span> <span class='ocrx_word' id='word_1_826' title='bbox 855 5754 920 5810; x_wconf 73' lang='grc' dir='ltr'>τὰ</span> <span class='ocrx_word' id='word_1_827' title='bbox 959 5772 1070 5813; x_wconf 86' lang='lat' dir='ltr'><strong>om.</strong></span> <span class='ocrx_word' id='word_1_828' title='bbox 1103 5757 1165 5816; x_wconf 83' lang='lat' dir='ltr'><strong><em>P.</em></strong></span> <span class='ocrx_word' id='word_1_829' title='bbox 1244 5763 1288 5795; x_wconf 83' lang='lat'><strong><em>”</em></strong></span> <span class='ocrx_word' id='word_1_830' title='bbox 1318 5765 1580 5838; x_wconf 67' lang='grc' dir='ltr'>μυστικὰ]</span> <span class='ocrx_word' id='word_1_831' title='bbox 1613 5768 1816 5840; x_wconf 65' lang='lat' dir='ltr'><strong>St-ylitz</strong></span> 
     </span>
    </p>
   </div>
   <div class='ocr_carea' id='block_1_114' title="bbox 1923 5743 2176 5848">
    <p class='ocr_par' dir='ltr' id='par_1_114' title="bbox 1923 5778 2176 5848">
     <span class='ocr_line' id='line_1_116' title="bbox 1923 5778 2176 5848; baseline 0.024 -22"><span class='ocrx_word' id='word_1_832' title='bbox 1923 5778 2176 5848; x_wconf 81' lang='grc' dir='ltr'>πορνικά.</span> 
     </span>
    </p>
   </div>
  </div>
