3962 6200
436 344 541 407 73')

1697 340 2076 401 SYMEONIS
2109 339 2396 401 MAGIST
2411 340 2490 399 RI

3592 330 3678 393 7Ξὶ

440 456 577 508 culte
618 452 763 507 illius
797 468 977 523 penus
1000 460 1177 511 erant.
1210 466 1317 505 una
1356 465 1480 505 cum
1504 448 1593 503 illa
1626 451 1857 519 epulans
1890 465 2023 503 con-

2141 452 2317 502 ςτιᾶτο
2345 449 2519 518 ταύτῃ
2546 448 2639 500 καὶ
2670 446 3029 509 συνεδείπνει,
3060 444 3319 498 κάκεῖθεν
3349 443 3516 515 βάδην
3548 443 3675 505 αὖθις

440 546 689 600 cenabat.
731 546 971 614 [mleque
1009 560 1201 599 rursus
1229 544 1376 598 .‘tnt?
1410 543 1546 612 pede
1582 544 1637 597 in
1670 544 1931 612 palatium
1962 558 2019 597 se

439 638 711 705 recipiens
740 638 871 689 ibat.

517 730 599 782 13.
658 728 813 793 Quod
868 728 1150 782 enimvcro
1202 740 1359 796 longe
1406 727 1672 791 deterius,
1727 724 1860 778 illud
1915 732 2020 779 est.

444 821 768 879 Sodalitium
807 820 1081 889 quoddam
1121 820 1483 874 convehebat.
1529 818 1761 887 Salyrici
1799 819 2021 888 quidam

441 928 716 981 ganeones
747 923 980 965 erantet
1020 912 1084 964 ad
1127 927 1343 965 omnem
1376 911 1771 980 turpitudinem
1804 926 1867 963 ac
1896 909 2025 962 libi-

444 1007 626 1061 dinem
658 1005 817 1059 effusi
849 1022 862 1070 ;
892 1020 1028 1073 quos
1060 1004 1149 1057 ille
1166 1003 1351 1056 colens
1372 1019 1433 1056 ac
1457 1003 1663 1056 habens
1683 1000 2023 1057 venerationi

445 1097 760 1150 divinorum
815 1096 1025 1164 perdite
1079 1103 1425 1162 contemptor
1465 1103 1601 1147 erat.
1652 1092 2027 1146 Sacen-dotales

445 1204 580 1241 auro
621 1196 904 1241 contextus
950 1195 1129 1239 vestes
1159 1184 1435 1252 stolasque
1473 1200 1537 1236 ex
1574 1182 1891 1253 pontiﬁcum
1926 1196 2024 1234 usu

444 1280 528 1333 eis
574 1278 890 1341 adhibebat,
928 1287 1221 1346 sanctaque
1266 1276 1553 1329 inhoneste
1594 1286 1756 1344 atque
1800 1275 2027 1343 profane

445 1372 599 1424 obire
626 1372 873 1442 cogebat.
900 1372 1105 1424 llorum
1133 1370 1435 1439 principem
1471 1368 1836 1438 patriarcham
1869 1383 2031 1421 voca-

446 1470 560 1533 bat,
596 1468 837 1536 Gryllum
868 1466 1110 1526 nomine,
1160 1464 1402 1533 reliquos
1442 1462 1697 1517 undecim
1728 1461 2030 1530 prmeipua-

449 1578 569 1615 rum
616 1576 679 1614 ac
724 1560 1018 1615 illustrium
1072 1557 1286 1612 scdium
1341 1555 1771 1625 metropolitas;
1828 1553 2031 1622 quibus

448 1654 504 1709 ni
537 1663 590 1707 et
618 1653 730 1722 ipse
755 1652 937 1705 socius
955 1650 1262 1713 accederet,
1282 1664 1350 1702 ne
1375 1649 1547 1718 ipsam
1576 1646 1798 1715 quidem
1817 1643 2029 1714 imperii

448 1762 629 1801 arcem
666 1761 779 1798 rem
805 1744 903 1799 sibi
929 1741 1287 1812 expetendam
1307 1740 1564 1795 ducebat.
1582 1739 1776 1792 Primae
1794 1750 2029 1805 namque

2127 542 2293 612 ἀπῄει
2329 540 2465 610 πρὸς
2493 540 2560 592 τά
2584 539 2879 617 ἀνάκτορα.

2203 719 2292 790 ιη’.
2329 720 2439 773 Καὶ
2464 719 2522 771 τὸ
2550 719 2613 788 δὴ
2665 716 3069 787 χαλεπώτερον,
3132 716 3165 783 ἡ
3199 714 3307 766 τῶν
3338 704 3412 766 ὧν
3443 710 3554 782 εἶχε
3586 712 3683 780 μεθ’

2127 813 2324 869 ἑαυτοῦ
2361 814 2587 882 φατρία,
2623 812 2872 882 σατύριοί
2903 828 3048 873 τινες
3074 804 3222 863 οὗτοι
3250 807 3502 877 καὶπρὸς
3533 809 3685 859 πᾶσαν

2128 908 2521 977 αἰσχρουργίαν
2549 906 2869 968 ἀκόλαστοι,
2894 904 2987 967 οὓς
3017 906 3223 965 ἐκεῖνος
3247 901 3333 953 διὰ
3366 901 3531 969 τιμῆς
3557 900 3686 967 ἄγων

2129 1000 2223 1053 καὶ
2276 999 2458 1061 αἰδοῦς
2508 999 2615 1051 τῶν
2665 998 2827 1050 θείων
2877 994 3292 1065 κατωλιγώρει’
3355 993 3621 1063 ἱερατικὰς
3651 992 3686 1023 ⁸⁸

2131 1093 2325 1155 στολὰς
2373 1092 2815 1163 χρυσοῦφάντους
2847 1089 3085 1144 ἐπετίθει
3116 1088 3211 1140 καὶ⁸
3267 1087 3568 1155 ὠμοφόρια,
3610 1089 3688 1138 καὶ

2127 1186 2438 1257 ἠνάγκαζεν
2494 1186 2819 1254 ἀσχημόνως
2867 1200 2926 1235 τε
2982 1181 3077 1234 καὶ
3135 1180 3385 1247 ἀνάγνως
3440 1178 3607 1229 τελεῖν
3634 1178 3691 1229 τὰ

2132 1280 2292 1345 ἁγνά.
2332 1278 2441 1331 Καὶ
2474 1280 2823 1348 πατριάρχην
2858 1278 2947 1329 τὸν
2988 1276 3214 1343 ἔξαρχον
3249 1275 3454 1326 τούτων
3506 1271 3690 1331 ἐκάλει,

2133 1371 2368 1441 Γρύλλον
2401 1372 2755 1441 καλούμενον,
2789 1373 2916 1433 τοὺς
2947 1371 3001 1422 δὲ
3036 1370 3256 1429 λοιποὺς
3289 1365 3354 1419 ια’
3391 1365 3694 1435 μητροπολίο

2133 1480 2231 1525 τας
2262 1463 2371 1515 τῶν
2420 1464 2713 1532 ἐξαιρέτων
2744 1464 2950 1533 θρόνων
2981 1479 3039 1515 τε
3090 1463 3182 1514 καὶ
3212 1459 3503 1528 λαμπρῶν.
3542 1453 3627 1521 Οἷς
3656 1460 3696 1509 εἰ

2120 1556 2212 1626 μὴ
2244 1557 2337 1608 καὶ
2374 1556 2537 1615 αὐτὸς
2564 1557 2857 1618 ἐκοινώνει,
2912 1556 3031 1608 οὐδὲ
3065 1554 3369 1625 βασιλεύειν
3398 1555 3549 1623 ¹ὴξίου
3572 1570 3583 1582 ’
3617 1555 3698 1606 καὶ

2133 1648 2241 1717 γάρ
2266 1649 2641 1719 πρωτόθρονος
2672 1650 2700 1700 6
2745 1649 3054 1710 Κολωνείας
3088 1647 3186 1709 ὢν,
3244 1647 3545 1707 δωδέκατος
3587 1647 3623 1675 ⁸¹
3652 1646 3697 1697 δέ

2136 1742 2299 1803 αὐτὸς
2324 1745 2351 1794 6
2394 1742 2645 1811 βασιλεὺς
2680 1742 2919 1810 Μιχαὴλ.
2954 1741 3060 1793 Καὶ
3086 1740 3185 1802 τὰς
3218 1739 3361 1810 ᾠδὰς
3390 1739 3701 1807 ἓξςττῗοήρουν

450 1838 598 1891 sedis
626 1838 917 1906 episcopus
950 1834 1295 1889 Coloniensis
1338 1831 1699 1900 duodecimus
1719 1830 1880 1900 662
1917 1828 2032 1897 ipse

2141 1833 2223 1887 διὰ
2251 1833 2526 1903 κιθαρῶν
2569 1836 2662 1887 καὶ
2697 1835 2762 1887 τά
2798 1834 2895 1901 μὲν
2931 1832 3169 1902 μυστικά
3209 1832 3537 1901 μιμούμενοι
3569 1831 3703 1895 λιγυ-

449 1930 680 1983 Miehael
711 1930 1007 1997 imperator
1036 1934 1194 1989 erat;
1232 1925 1578 1992 citharasque
1604 1922 1873 1991 pulsando
1903 1936 2031 1975 can-

454 2021 556 2073 tica
589 2019 880 2087 explebant
915 2034 927 2083 ;
959 2032 1023 2070 ac
1053 2016 1278 2085 quidem
1302 2031 1366 2069 ea
1388 2030 1508 2084 qua:
1537 2021 1750 2068 secreto
1770 2012 2032 2066 dicuntur

452 2112 668 2183 imitati,
698 2111 928 2165 stridule
962 2110 1166 2164 sensim
1202 2108 1530 2161 insonabant
1562 2124 1575 2171 ;
1606 2106 2031 2160 exclamationes

452 2219 604 2267 vero,
651 2219 773 2273 qua:
816 2202 1027 2257 scilicet
1061 2200 1243 2255 altiori
1288 2214 1352 2275 ac
1396 2197 1675 2252 modulata
1714 2210 1845 2249 voce
1891 2194 2034 2247 inter

451 2312 567 2351 rem
604 2311 813 2350 sacram
845 2294 1170 2358 efferuntur,
1202 2292 1376 2345 libero
1414 2290 1617 2359 impetu
1655 2303 1718 2343 ac
1748 2302 1882 2342 sono
1907 2286 2035 2349 ,cla—

454 2388 585 2443 riori
621 2386 948 2441 reddebant.
979 2386 1117 2440 Vasa
1140 2399 1307 2438 aurea
1328 2382 1665 2453 gemmisque
1688 2380 2033 2434 interstincta

453 2480 750 2540 habebant,
801 2486 1067 2547 acetoque
1099 2484 1154 2529 et
1187 2474 1361 2545 sinapi
1398 2474 1674 2543 replentes
1712 2487 1809 2526 eos
1848 2470 1940 2541 qui
1976 2478 2036 2523 ut

453 2572 929 2629 communicarent
961 2570 1205 2623 animum
1234 2566 1571 2623 adhibebant
1610 2566 1720 2621 illis
1755 2565 2037 2634 impertie-

455 2667 606 2724 lant.
651 2676 814 2734 atque
860 2665 914 2717 in
942 2678 1067 2718 eum
1108 2661 1331 2716 modum
1378 2660 1719 2715 intemeratis
1761 2658 2037 2730 mysteriis

456 2757 781 2814 illudebant.
828 2755 929 2809 llic
975 2754 1160 2822 itaque
1191 2751 1410 2822 Gryllus
1447 2752 1594 2806 mula
1629 2751 1751 2805 alba
1787 2751 2038 2804 invectus

456 2851 710 2920 publicos
740 2863 1030 2920 processus
1051 2847 1367 2917 peragebat,
1400 2860 1575 2914 eoque
1603 2846 1838 2914 stipatus
1867 2844 2038 2897 choro

455 2939 892 2997 cxsultabundus
935 2953 1213 3006 ovansque
1256 2936 1566 2990 incedebat.
1604 2934 1817 2989 Accidit
1852 2944 2037 2989 autem

456 3032 752 3104 aliquando
780 3040 840 3085 ut
867 3031 923 3086 in
953 3030 1176 3085 beatum
1206 3028 1497 3100 lgnatium,
1526 3027 1902 3083 ecclesiastico
1927 3028 2037 3081 ritu

458 3124 916 3196 supplicationem
957 3123 1276 3185 obeuntem,
1322 3120 1640 3187 incideret;
1688 3129 2037 3190 retraetaque

457 3219 642 3275 casula
668 3233 777 3272 una
802 3233 924 3273 eum
957 3214 1270 3289 symmystis
1297 3214 1633 3275 contentius,
1662 3220 1717 3267 et
1751 3221 1812 3267 ut
1839 3213 2040 3267 clario-

457 3329 546 3367 res
576 3328 741 3367 sonos
771 3311 1135 3366 instrumenta
1171 3308 1430 3371 ederent,
1470 3306 1690 3376 pulsare
1730 3306 1918 3376 carpit,
1952 3307 2039 3360 in-

457 3404 1011 3471 numerabilibusque
1090 3398 1497 3469 procacissimis
1591 3398 2039 3468 turpissimisque

456 3500 644 3555 verbis
670 3500 879 3553 clerum
911 3491 1584 3563 compluebat..Corripuit
1611 3501 1831 3546 sanctus
1862 3491 2041 3545 homi-

458 3593 545 3645 nis
595 3588 944 3643 insolentiam
980 3602 994 3650 ;
1030 3599 1220 3637 verum
1271 3581 1361 3635 ille
1405 3596 1596 3635 eorum
1633 3598 1753 3649 qua:
1798 3582 2042 3637 monitus

2138 1932 2247 2004 ρῶς
2272 1932 2527 2001 ἐπήχουν,
2559 1927 2658 1989 τάς
2684 1928 2738 1979 δὲ
2765 1928 3102 1994 ἐκφωνήσεις
3127 1924 3300 1993 ἀνέτῳ
3326 1924 3466 1992 φορᾷ
3485 1922 3569 1993 ιΡ.
3592 1921 3702 1991 -ίῦίιη

2135 2024 2229 2077 καὶ
2260 2021 2583 2094 διαπρυσίῳ.
2633 2018 2808 2086 Σκεύη
2841 2018 2896 2071 δέ
2926 2018 3196 2087 διάχρυσα
3235 2016 3330 2068 καὶ
3366 2014 3704 2085 μαργαριτῶν

2137 2116 2479 2186 συγκρίμενα
2507 2114 2550 2144 ⁸⁸
2582 2109 2748 2181 εἶχον,
2767 2109 2922 2174 ὄξους
2939 2127 2997 2161 τε
3026 2109 3119 2161 καὶ
3149 2107 3420 2169 σινάπεως
3449 2105 3705 2177 πληροῦν-

2135 2226 2225 2271 τες
2288 2203 2369 2269 οἷς
2430 2204 2716 2257 ἐϐούλοντο
2786 2200 3226 2271 μεταλαμϐάνειν
3282 2198 3549 2264 ἐδίδοσαν,
3616 2198 3706 2251 τῶν

2136 2299 2420 2369 ἀχράντων
2440 2295 2585 2348 οὕτω
2615 2292 3047 2355 καταπαίζοντες
3079 2289 3416 2360 μυστηρίων.
3443 2280 3610 2349 Οὗτος
3631 2284 3709 2341 οἷν

2137 2390 2419 2460 όΓρύλλος
2446 2387 2541 2439 καὶ
2571 2386 2676 2455 ὄνῳ
2733 2387 2999 2454 ἐπωχεῖτο
3046 2383 3242 2453 λευκῇ,
3280 2382 3380 2444 τὰς
3431 2381 3709 2451 δημοσίους

2138 2483 2397 2553 προόδους
2426 2480 2617 2542 τελῶν,
2648 2480 2742 2532 καὶ
2770 2479 2861 2531 τὸν
2882 2478 3121 2530 τοιοῦτον
3149 2477 3331 2529 θίασον
3363 2476 3712 2541 συνεπόμενον

2139 2577 2276 2646 ἔχων
2307 2575 2590 2645 ἠγάλλετο.
2620 2573 2729 2625 Καί
2757 2590 2885 2625 ποτε
2917 2572 3113 2641 συνέϐη
3151 2570 3288 2639 μετά
3319 2570 3420 2634 τῆς
3438 2568 3716 2639 ἐκκλησια-

2141 2669 2331 2735 στικῆς
2362 2667 2514 2735 λιτῆς
2542 2664 2820 2735 ἐρχομένῳ
2856 2663 2934 2735 τῷ
2990 2663 3267 2734 μακαρίτῃ
3310 2663 3566 2730 Ἰγνατῖῳ
3603 2679 3717 2714 συν-

2138 2762 2321 2829 τυχεῖν
2345 2775 2359 2789 ⁶
2390 2760 2482 2811 καὶ
2514 2758 2603 2810 τὸν
2636 2757 2869 2827 φελόνην
2897 2756 3216 2819 ἀναστείλας
3251 2755 3389 2825 μετά
3418 2755 3530 2809 τῶν
3561 2752 3716 2807 αὑτοῦ

2143 2852 2477 2921 συμμυστῶν
2503 2849 2865 2921 εὐτονώτερον
2898 2851 3007 2903 τῶν
3036 2850 3402 2921 κρουσμάτων
3437 2844 3603 2917 ῆρχε,
3634 2846 3721 2900 καὶ⁸

2139 2944 2229 2997 τὸν
2260 2944 2460 3011 κλῆρον
2496 2942 2711 3012 μυρίοις
2741 2943 2836 2995 καὶ
2860 2943 3161 3012 αἰσχίστοις
3188 2939 3517 3010 περιέϐαλλε
3549 2941 3720 3011 ῥήμα-

2142 3052 2247 3087 σιν.
2294 3034 2431 3087 ’Υπδ
2454 3034 2509 3086 δὲ
2532 3034 2625 3087 τοῦ
2657 3034 2806 3088 ὁσίου
2842 3033 3214 3104 ἐπιτιμηθεὶς,
3250 3034 3412 3095 αὐτὸς
3442 3032 3544 3101 μὲν
3583 3031 3727 3085 οὐδὲν

2139 3128 2345 3181 τούτων
2373 3127 2656 3197 ἐφύλαξεν,
2699 3128 2837 3199 πλὴν
2870 3128 3009 3191 τέως
3032 3128 3130 3196 τῆς
3159 3125 3277 3181 ὁδοῦ
3309 3126 3577 3192 ἐξέκλινε.
3602 3124 3731 3177 Τού-

2140 3238 2254 3283 τοις
2288 3219 2481 3273 ἐαυτδν
2541 3218 2754 3287 γέλωτα
2808 3220 3046 3289 ἄσεμνον
3100 3219 3193 3271 καὶ
3231 3216 3669 3285 ἁνακαγχασμὶν
3707 3216 3731 3265 6

2142 3311 2544 3382 ἀφρονέστατος
2603 3310 2900 3381 προετίθει,
2958 3304 3042 3373 οἷς
3095 3310 3348 3380 ὑϐρίζετο
3383 3310 3481 3378 μὲν
3539 3310 3572 3377 ἡ
3608 3307 3733 3373 ἁγία

2143 3406 2454 3477 προσφορά,
2490 3405 2741 3476 ὑϐρίζετο
2769 3405 2826 3457 δὲ
2855 3404 2925 3456 τὰ
2956 3405 3087 3471 ἅγια
3118 3404 3295 3471 λόγια,
3328 3405 3441 3464 τοῖς
3472 3404 3735 3473 άρῤήτοις

2143 3496 2323 3550 αὐτῶν
2355 3498 2449 3550 καὶ
2499 3497 2830 3565 ἀκαθάρτοις
2885 3495 3316 3566 ἐπιτηδεύμασιν
3363 3495 3739 3564 ἐπιλεγόμενα

2143 3589 2239 3641 καὶ
2266 3589 2708 3658 ἐπιφωνούμενα.

456 3688 574 3732 erat
604 3686 765 3746 atque
798 3683 1085 3744 correptus
1119 3672 1253 3725 nihil
1286 3671 1543 3725 servavit.
1594 3671 1813 3727 Interim
1853 3680 2035 3728 tamen
2074 3691 2103 3729 a
2140 3678 2229 3731 via
2260 3678 2501 3733 deflexit.
2528 3681 2625 3735 llis
2655 3680 3104 3734 dementissimus
3169 3679 3458 3733 hominum
3520 3687 3739 3747 turpem

457 3789 515 3828 se
542 3772 712 3825 risum
741 3785 805 3824 ac
827 3768 1302 3824 cachinnationem
1335 3768 1451 3836 ipse
1517 3766 1833 3831 exhibebat,
1906 3770 2110 3837 quibus
2150 3788 2303 3828 sacra
2344 3776 2551 3830 oblatio
2590 3778 2806 3846 procaci
2859 3777 3018 3847 longe
3063 3774 3265 3844 injuria
3308 3775 3627 3844 probroque
3661 3774 3738 3826 al-

458 3864 783 3927 ficiebatur;
812 3861 1190 3916 adiciebantur
1222 3869 1278 3915 et
1306 3860 1493 3914 divina
1526 3859 1745 3929 eloquia
1774 3901 1788 3925 ,
1816 3860 2068 3918 nefandis
2102 3864 2443 3939 impurisquc
2484 3871 2703 3925 illorum
2737 3870 2936 3923 studiis
2956 3884 3018 3924 ac
3046 3869 3434 3938 joculamentis
3476 3868 3698 3923 subdita
3721 3890 3735 3912 ν

458 3960 713 4029 interque
755 3958 847 4012 illa
884 3957 1260 4029 pronuntiata.

533 4054 614 4109 19.
652 4054 770 4108 Νοη
804 4052 897 4106 ditt
933 4059 1075 4121 post,
1108 4049 1455 4104 sanctissimo
1485 4051 1695 4121 lgnatio
1730 4054 2042 4123 patriarcha

458 4162 674 4202 cessare
722 4145 877 4216 jusso
928 4153 1092 4213 atque
1135 4152 1338 4205 amoto,
1395 4159 1517 4197 cum
1567 4144 1632 4198 ad
1694 4146 2043 4214 imperatoris

458 4255 703 4295 mensam
738 4254 922 4293 coram
954 4236 1151 4291 Photio
1186 4253 1274 4290 res
1307 4252 1462 4290 sacra
1498 4236 1578 4291 sic
1623 4238 1841 4292 mimice
1882 4255 2043 4307 pera-

458 4338 699 4400 geretur,
721 4328 1145 4398 turpissimaque
1174 4327 1479 4380 imitatione
1508 4342 1537 4379 a
1567 4329 2043 4396 contemptoribus

458 4419 920 4488 exsccrandisque
952 4419 1113 4489 663
1146 4418 1279 4470 viris
1310 4416 1515 4469 divinis
1552 4417 1897 4482 illuderetur,
1932 4436 2042 4474 non

456 4513 633 4568 solum
666 4512 754 4566 ille
788 4528 897 4565 non
938 4510 1242 4580 increpavit
1282 4511 1569 4580 arguitque
1601 4526 1665 4565 ac
1709 4512 2043 4567 absurdissi-

2150 4057 2169 4089 θ
2226 4056 2311 4111 ιϐ’.
2336 4059 2469 4111 Μετ’
2495 4057 2554 4109 οὐ
2591 4057 2723 4109 πολὺ
2761 4057 2816 4109 δὲ
2851 4055 2943 4109 τοῦ⁹
2978 4056 3285 4124 ἀγιωτάτου
3334 4056 3590 4122 Ἰγνατίου
3645 4049 3735 4104 τοῦ

2152 4148 2341 4217 θρόνου
2373 4149 2469 4215 τῆς
2521 4147 2884 4218 πατριάρχίας
2931 4145 3454 4208 καταϐιϐασθέντος,
3506 4143 3735 4208 ἐπίπρο-

2153 4233 2277 4287 σθεν
2305 4234 2403 4303 τῆς
2425 4234 2709 4303 βασιλικῆς
2732 4235 3010 4306 τραπέζης
3032 4234 3371 4288 κατενώπιον
3397 4232 3733 4293 τελουμένων

2149 4323 2353 4375 Φωτίου
2388 4323 2480 4375 καὶ
2510 4322 2576 4374 δι’
2627 4325 2913 4393 αἰσχίστης
2958 4325 3238 4395 μιμήσεως
3280 4324 3389 4377 τῶν
3413 4325 3564 4376 θείων
3605 4337 3733 4371 παι-

2151 4412 2393 4482 ζομένων
2422 4413 2526 4465 ὑπὸ
2555 4413 2662 4465 τῶν
2713 4416 3149 4486 καταφρονητῶν
3179 4416 3274 4468 καὶ
3335 4414 3732 4469 καταπτύστων

2153 4507 2381 4573 ἀνδρῶν,
2405 4506 2657 4561 τοσοῦτον
2680 4510 2884 4571 ἐκεῖνος
2909 4510 3147 4579 ἀπέσχεν
3175 4509 3267 4561 τοῦ
3298 4509 3617 4578 ἐπιτιμῆσαι
3643 4503 3735 4555 καὶ

456 4619 606 4663 mum
642 4603 953 4659 institutum
997 4602 1257 4665 abolevit,
1295 4618 1485 4656 verum
1515 4602 1679 4656 etiam
1716 4602 2036 4659 nefandissi-

2153 4600 2425 4667 διελέγξαι
2455 4602 2549 4653 καὶ
2578 4602 2637 4653 τὸ
2664 4602 3013 4656 ἀτοπώτατον
3038 4604 3388 4673 καταργῆσαι
3418 4602 3506 4656 τοῦ
3530 4605 3733 4665 ἐπιτη-

458 4714 581 4754 mus
625 4698 789 4753 homo
831 4713 946 4751 rem
980 4695 1269 4751 nefandam
1318 4695 1487 4765 magis
1531 4686 1905 4758 confirmavit,
1938 4698 2049 4751 Deo

457 4808 683 4846 exosum
720 4790 1087 4860 TheOphilum
1117 4789 1268 4844 illum
1302 4789 1417 4860 (qui
1441 4798 1493 4843 et
1514 4788 1760 4860 Gryllus)
1791 4790 2050 4858 precibus

457 4882 873 4942 communiens.
917 4898 1081 4951 quem
1129 4881 1534 4951 perditissimus
1578 4896 1641 4935 ac
1683 4882 2049 4936 bardissimus

461 4976 747 5029 hominum
797 4974 1095 5043 imperator
1142 4990 1300 5028 suum
1341 4975 1705 5044 patriarcham
1744 4975 2041 5037 vocitabat,

461 5066 624 5121 homo
649 5066 861 5123 scilicet
887 5066 939 5119 in
974 5066 1107 5136 ipsis
1139 5082 1356 5137 quoque
1388 5065 1823 5120 sacerdotalibus
1878 5066 2043 5120 vesti-

462 5157 564 5213 hus
592 5159 902 5227 divinisque
927 5156 1159 5226 eloquiis
1189 5156 1377 5211 ludere
1406 5156 1731 5222 industrius,
1755 5159 2045 5213 maximos-

461 5268 567 5320 que
628 5253 905 5307 mulorum
956 5251 1127 5306 instar
1174 5250 1339 5305 edere
1393 5251 1657 5319 crepitus.
1708 5250 2045 5321 dignumque

463 5358 631 5398 unum
658 5346 765 5400 hoc
790 5344 907 5415 illis
952 5344 1288 5407 acclamare,
1331 5342 1587 5397 biberent
1619 5358 1685 5397 ex
1730 5358 1798 5397 eo
1833 5358 2043 5408 omnes,

464 5452 525 5490 ac
561 5453 755 5494 carnes
795 5455 922 5495 cum
952 5438 1130 5508 sinapi
1163 5446 1219 5493 et
1266 5444 1422 5493 aceto
1470 5447 1774 5492 sumerent.
1826 5436 2047 5507 Suoque

466 5530 791 5597 omophorio
818 5532 1082 5601 profanus
1118 5532 1283 5585 homo
1312 5529 1543 5601 profano
1569 5530 1858 5599 profanum
1891 5530 2048 5599 prin-

465 5620 707 5690 cipatum
759 5624 987 5691 profane
1024 5623 1370 5695 obsignabat,
1403 5638 1595 5678 vocem
1641 5638 1795 5677 suam
1846 5622 1900 5676 in
1935 5622 2047 5675 risu

2151 4694 2549 4763 δεύματος,ὄτι
2580 4696 2671 4748 καὶ
2730 4697 3002 4767 ἐπεκύρου
3062 4698 3316 4757 μᾶλλονό
3369 4699 3625 4765 ἀθέμιτος
3676 4691 3735 4742 τὺ

2152 4785 2429 4855 ἀθέμιτον,
2460 4786 2830 4855 ἐπευξάμενος
2862 4788 2952 4840 τὸν
2990 4788 3219 4858 θεομισῆ
3246 4790 3500 4857 Θεόφιλον
3521 4786 3733 4840 ἐκεῖνον

2149 4878 2240 4931 τὸν
2267 4880 2361 4931 καὶ
2391 4879 2646 4947 Γρύλλον,
2680 4879 2739 4933 ὃν
2767 4880 2795 4931 ό
2823 4880 3279 4945 ἀπαιδευτότατος
3302 4883 3439 4949 ἄναξ
3467 4884 3593 4935 ἴδιον
3626 4894 3733 4928 πα-

2150 4976 2417 5045 τριάρχην
2447 4976 2754 5046 ὠνόμαζεν,
2791 4978 3010 5042 παίζειν
3037 4977 3294 5049 εὔστοχος
3326 4981 3415 5033 καὶ
3449 4982 3501 5032 ἐν
3529 4981 3738 5045 ἱερατιο

2151 5069 2265 5129 κοῖς
2298 5068 2523 5137 ἀμφίοις
2554 5070 2647 5121 καὶ
2681 5069 2905 5137 λογίοις,
2966 5070 3059 5123 καὶ
3095 5072 3324 5139 κρότους
3382 5069 3737 5135 ἀποπέμπειν

2155 5160 2441 5230 μεγίστους
2473 5160 2710 5231 ἡμιόνων
2758 5162 2965 5231 τρόπῳ,
3000 5161 3094 5214 καὶ
3129 5162 3275 5214 πιεῖν
3302 5162 3360 5228 ἐξ
3392 5158 3548 5214 αὐτοῦ
3601 5154 3739 5209 πάν-

2151 5266 2271 5313 τας,
2323 5250 2479 5303 τοῦτό
2537 5268 2601 5319 γε
2636 5251 2795 5320 μόνον
2834 5251 2983 5315 ἄξιος
3038 5252 3223 5315 αὐτοῖς
3276 5252 3595 5320 ἐπιφωνεῖν.
3642 5240 3734 5293 καί

2155 5342 2429 5412 σαρκίνων
2482 5342 2923 5413 μεταλαμὸάνειν
2976 5343 3114 5411 μετά
3162 5344 3369 5407 νάπυος
3405 5344 3497 5397 καὶ
3539 5339 3729 5404 ὄξους⁸

2153 5436 2247 5489 καὶ
2277 5436 2354 5503 τῷ
2382 5436 2679 5507 ὼμοφορίῳ
2721 5436 2887 5491 αὑτοῦ
2933 5438 2961 5490 6
2992 5436 3210 5508 ἀνίερος
3264 5436 3345 5506 τῷ
3382 5435 3581 5504 ἀνιέρῳ
3637 5424 3733 5493 τὴν

2152 5527 2507 5597 ἀνιεραρχίαν
2563 5528 2795 5600 ἀνιέρως
2851 5528 3316 5600 ἐπεσφραγίζετο,
3362 5529 3419 5581 ἐν
3463 5525 3663 5595 γέλωτι
3708 5515 3738 5566 6

2160 5620 2296 5689 μετὰ
2354 5620 2604 5691 ἀφρόνων
2636 5623 2664 5673 ὁ
2691 5623 2881 5692 ἄφρων
2910 5621 3007 5695 τὴν
3061 5605 3243 5695 φωνην
3290 5619 3455 5676 αὑτοῦ
3489 5611 3734 5686 ἀνυιξοῶνι

1675 5717 1714 5769 ν
1727 5715 1915 5769 ARIAS
1956 5709 2365 5768 LECTIOMS.

529 5814 577 5851 ⁵³
606 5810 885 5884 ἱερατικὰς
913 5815 1020 5887 γάρ
1054 5833 1133 5868 στ.
1165 5818 1187 5869 ?
1259 5818 1299 5849 “
1337 5812 1402 5891 ἦν
1428 5815 1726 5883 δωδὲκειτος
1848 5815 1869 5865 ?
1944 5814 1985 5848 ³³
2013 5830 2036 5867 ll

2196 5811 2515 5884 σύγκριμαῖ
2548 5807 2796 5866 Combcf.
