3962 6200
450 231 563 297 727

458 231 563 297 727
1688 234 2070 300 SYMEONIS
2108 236 2475 297 MAGISTRI
3601 229 3691 291 7‘28

512 346 605 398 ‘25.
640 344 772 415 Ejus
806 341 1020 414 imperii
1054 359 1197 397 anno
1233 350 1430 413 quarto
1462 342 1690 398 Michael
1734 344 2032 414 imperator

2204 343 2301 399 κε’.
2336 345 2427 417 Τῷ
2457 344 2498 399 δ’
2528 344 2692 399 αύτοῦ
2748 344 2859 398 ἔτει
2913 342 3268 415 ἐκστρατεύει
3316 340 3540 411 Μιχαὴλ
3600 341 3696 410 ἅμα

444 448 568 488 eum
600 434 813 489 Caesare
849 442 991 489 terra
1024 434 1272 503 marique
1306 432 1573 488 adversus
1602 434 1873 490 Goborcm
1902 435 2035 489 Bul-

443 540 703 597 garorum
736 524 1041 595 principem
1067 525 1254 594 copias
1278 524 1481 580 educit.
1513 525 1731 596 Bulgari
1766 535 2035 597 apparatu

445 617 656 681 audito,
686 632 752 671 ac
782 632 905 671 cum
933 615 1069 671 alias
1102 604 1253 671 fame‘
1272 619 1697 685 conficerentur,
1721 621 1875 690 quasi
1906 622 2036 676 tacti

444 726 475 763 e
504 710 643 765 caelo
669 708 1098 778 obrigescentes,
1126 710 1387 780 omnique
1413 712 1625 783 abjecta
1658 712 1907 766 victoria:
1941 728 2037 782 spe

444 811 571 856 ante
604 803 770 857 etiam
804 818 1007 872 agones
1039 818 1103 857 ac
1148 804 1363 872 proelia,
1410 820 1611 859 nomen
1641 803 1863 859 Christo
1906 804 2037 859 dare

446 895 754 964 deposcunt
786 911 848 949 ac
875 896 1124 950 Romano
1163 897 1387 950 subesse
1432 896 1773 965 imperatori.
1806 897 2036 951 Michael

446 1003 580 1042 vero
633 988 690 1042 in
740 988 932 1043 urbem
983 989 1239 1043 inductos
1298 988 1523 1043 salutari
1573 1005 1766 1045 omnes
1817 991 2037 1045 lavacro

447 1076 698 1143 donavit,
719 1092 1022 1148 eorumque
1039 1079 1343 1148 principem
1357 1095 1421 1133 ex
1434 1095 1535 1134 suo
1554 1080 1775 1134 nomine
1801 1081 2039 1135 Michae-

446 1171 555 1227 lem
589 1171 903 1241 appellavit.
946 1172 1040 1225 Ille
1076 1172 1141 1225 ad
1184 1187 1313 1226 suos
1356 1188 1611 1228 reversus
1648 1173 1909 1227 Methodii
1956 1174 2040 1244 pi-

451 1263 625 1318 ctoris
659 1279 822 1317 manu
851 1279 913 1318 ac
932 1264 1191 1333 penicillo
1213 1264 1483 1334 judicium
1501 1264 1853 1335 futuramque
1880 1265 2041 1319 retri-

448 1356 735 1410 butionem
764 1356 822 1409 iu
852 1356 966 1410 suis
990 1357 1201 1410 aedibus
1230 1356 1450 1426 depingi
1480 1358 1716 1411 curavit.
1758 1356 2036 1423 Quamob-

454 1464 573 1503 rem
628 1448 794 1503 etiam
850 1465 1043 1503 omnes
1109 1451 1229 1519 ejus
1277 1450 1568 1518 populares
1602 1451 1773 1521 magis
1814 1452 1868 1504 in
1913 1467 2039 1511 eum

453 1540 671 1595 accensi
724 1543 1173 1609 tumultuantur;
1237 1547 1292 1596 in
1347 1559 1487 1613 quos
1540 1544 1629 1598 ille
1680 1560 1806 1599 cum
1850 1544 2041 1614 paucis

449 1640 705 1689 conserta
758 1650 961 1705 pugna,
1004 1635 1182 1689 victor
1234 1634 1545 1704 divinaeque
1597 1637 1777 1690 crucis
1836 1637 2038 1691 collare

449 1728 665 1796 signum
708 1728 827 1798 (seu
861 1728 1157 1797 pectoralc)
1196 1729 1629 1791 circumferens,
1657 1729 1823 1800 666
1847 1744 2038 1784 omnes

449 1820 627 1887 palam
650 1817 995 1875 Christianos
1025 1819 1176 1874 fecit.
1205 1821 1523 1890 Imperatori
1557 1837 1776 1892 quoque
1808 1822 1875 1877 de
1904 1838 2037 1893 agro

451 1911 745 1981 signiﬁcat,
768 1926 965 1979 nempe
994 1912 1158 1965 artari
1184 1912 1298 1966 suis
1323 1913 1525 1968 finibus
1549 1914 1849 1985 subjectam
1876 1924 2039 1971 tantae

452 2001 828 2056 multitudinis
883 2003 1137 2071 plebem,
1201 2014 1565 2072 prmterquam
1621 2007 1770 2076 quod
1836 2007 2040 2062 animis

454 2092 816 2148 constitutum
846 2093 920 2147 sit
944 2093 1190 2164 ejusdem
1220 2094 1344 2149 fidei
1376 2111 1596 2151 sensum
1627 2078 1680 2150 in
1712 2107 2039 2168 perpetuum

456 2194 645 2241 tenere
669 2201 739 2242 ac
765 2186 1012 2241 caritatis
1038 2186 1275 2241 insoluta
1297 2186 1514 2242 vincula
1534 2189 1587 2242 in
1622 2198 1888 2243 aeternum
1924 2205 2041 2244 ser-

457 2291 605 2331 vare.
650 2276 859 2332 Annuit
892 2277 1107 2347 placide
1151 2278 1484 2347 imperator,
1518 2296 1580 2333 ac
1612 2288 1742 2335 tunc
1776 2282 2043 2352 temporis

455 2368 717 2424 incultam
751 2370 1031 2440 regionem
1067 2387 1095 2423 a
1133 2370 1324 2425 Sidera
1357 2375 1373 2439 (
1407 2372 1460 2426 id
1493 2382 1575 2426 cst
1609 2374 1806 2428 Ferrea
1834 2375 1875 2443 ),
1920 2392 2042 2445 qua:

2138 438 2379 508 Καίσαρι
2411 436 2499 491 διά
2529 452 2588 489 τε
2623 438 2726 506 γῆς
2756 438 2853 491 καὶ
2881 436 3159 506 θαλάσσης
3190 434 3329 488 κατᾶ
3362 433 3556 501 Γόὁορι
3611 434 3688 500 ap-

2139 548 2288 601 χοντι
2317 530 2661 600 Βουλγάρων.
2689 529 2859 583 Τοῦτο
2904 527 3168 599 μαθόντες
3203 527 3255 580 οἱ
3316 525 3613 595 Βούλγαροι
3642 525 3679 554 ⁵⁸

2139 622 2258 691 ἅμα
2286 622 2342 675 δέ
2384 623 2481 675 καὶ
2510 621 2657 692 λιμῷ
2685 622 2995 693 τηκόμενοι,
3050 622 3123 684 ὼς
3153 621 3271 691 ἧχῳ
3330 616 3562 690 βροντῆς

2140 714 2433 783 eximam»;
2463 716 2557 767 καὶ
2595 714 2698 784 πρὸ
2728 714 2834 766 τῶν
2895 712 3119 783 ἀγώνων
3149 711 3358 779 καὶτῆς
3387 710 3566 779 μάχης
3596 709 3703 776 negl

2138 809 2237 875 τὴν
2269 806 2435 877 νίκην
2460 806 2832 875 κατέγνωσαν,
2887 804 3203 877 Χριστιανοί
3235 820 3293 855 τε
3330 801 3582 870 γενέσθαι
3624 800 3705 852 καὶ

2142 900 2543 953 ὑποτάσσεσθαι
2569 899 2647 969 τῷ
2676 899 2889 969 βασιλεί
2932 897 3221 968 Ῥωμαίων
3246 896 3537 967 ᾐτήσαντο.
3578 894 3631 948 Ὀ
3658 894 3705 946 δὲ

2143 992 2397 1061 βασιλεὺς
2419 991 2641 1055 τούτους
2666 994 2722 1045 ἐν
2747 996 2813 1064 τῇ
2841 991 2991 1045 πόλει
3014 988 3237 1059 ἀγαγὼν
3265 988 3560 1041 ἐϐάπτισεν
3584 987 3707 1040 πάν-

2140 1100 2240 1147 τας
2263 1084 2356 1136 καὶ
2384 1084 2476 1137 τὸν
2507 1085 2742 1154 ἄρχοντα
2776 1084 2955 1136 αὐτῶν
2974 1082 3193 1152 Μιχαὴλ
3220 1081 3591 1150 ἐπωνόμασεν.
3624 1082 3709 1141 Ὃς

2142 1178 2221 1240 είς
2248 1177 2306 1230 τὸ
2357 1177 2485 1230 ἴδιον
2512 1178 2860 1249 ὑποστρέψας
2893 1177 2981 1230 διὰ
3014 1176 3308 1247 ζωγράφου
3345 1174 3604 1229 Μεθοδίου
3634 1173 3712 1225 λε-

2140 1270 2372 1339 γομένου
2402 1270 2501 1339 τὴν
2532 1270 2714 1339 κρίσιν
2748 1270 2840 1323 καὶ
2867 1269 3224 1323 άνταπόῖοσιν
3258 1270 3315 1320 ἐν
3339 1268 3416 1335 τῷ
3447 1267 3585 1336 οἴκῳ
3624 1266 3711 1318 αὖ·

2140 1362 2235 1413 τοῦ
2297 1361 2578 1432 γραφῆναι
2633 1361 2971 1431 πεποίηκεν
3003 1361 3081 1414 δι’)
3134 1362 3228 1413 καὶ
3286 1359 3488 1429 μᾶλλον
3516 1359 3616 1427 τὴν
3662 1360 3715 1409 ἐκ

2144 1450 2343 1514 παντὸς
2369 1450 2462 1505 τοῦ
2485 1451 2680 1519 γένους
2712 1451 2875 1505 αὑτοῦ
2908 1452 3306 1519 καθυφίσταται
3334 1450 3714 1508 ἐπανάστασιν,

2141 1541 2235 1604 οὓς
2282 1542 2421 1611 μετά
2479 1560 2640 1596 τινων
2701 1542 2897 1610 ὀλίγων
2953 1542 3434 1612 καταπολεμήσας,
3500 1540 3591 1592 τὸν
3634 1538 3716 1592 τοῦ

2143 1633 2291 1687 θείου
2329 1635 2566 1707 σταυροῦ
2631 1635 2799 1688 τύπον
2830 1635 3119 1704 ἐγκόλπιον
3172 1634 3475 1704 περιάγων,
3525 1632 3719 1693 πάντας

2067 1694 2114 1754 Β
2143 1727 2446 1797 ἀναφανδὸν
2480 1728 2706 1799 ἐποίησε
2740 1728 3120 1800 Χριστιανούς.
3149 1728 3311 1799 Δηλοῖ
3341 1727 3432 1780 καὶ
3466 1725 3545 1794 τῷ
3584 1725 3723 1792 βασις

2144 1816 2228 1872 λεῖ
2259 1822 2385 1891 περὶ
2424 1824 2526 1891 γῆς
2557 1821 2645 1875 διὰ
2670 1823 2730 1875 τὸ
2766 1821 3086 1875 στενοῦσθαι
3116 1821 3173 1875 ἐν
3199 1823 3310 1884 τοῖς
3340 1819 3491 1881 ἰδίοις
3520 1819 3583 1870 τέ
3610 1819 3723 1871 ἐαυ-

2145 1911 2262 1975 τοῦ,
2297 1912 2434 1982 πρὸς
2464 1913 2539 1983 τῷ
2573 1913 2665 1967 καὶ
2700 1915 2757 1967 ὲν
2810 1916 2877 1984 τῇ
2919 1914 3104 1966 πίστει
3132 1915 3380 1981 ὁμονοεῖν
3414 1911 3602 1972 ὀῖδίως
3642 1912 3725 1961 καὶ

2146 2004 2246 2076 τὴν
2277 2005 2500 2076 ἀγάπην
2528 2007 2720 2060 ἄλυτον
2752 2008 2830 2070 είς
2866 2006 3069 2069 αἰῶνας
3095 2004 3409 2073 φυλάττειν.
3452 2002 3511 2055 '0
3547 2003 3606 2055 δέ
3644 2001 3725 2053 si»-

2153 2098 2331 2166 μενῶς
2356 2100 2578 2169 ἤκουσε,
2611 2102 2703 2153 καὶ
2733 2100 2966 2153 δέδωκεν
2989 2099 3208 2169 ἐρήμην
3235 2092 3405 2151 οὖσαν
3432 2093 3725 2175 τηνικαῦτα

2150 2194 2248 2263 τὴν
2274 2196 2381 2248 ἀπὸ
2404 2198 2502 2266 τῆς
2536 2198 2791 2267 Σιδηρᾶς,
2841 2196 3047 2266 ταύτης
3082 2194 3147 2265 δὴ
3179 2193 3299 2247 τότε
3356 2193 3504 2261 ὅριον
3534 2206 3730 2257 tuna-

2150 2286 2346 2356 νούσης
2384 2289 2675 2359 Ῥωμαίων
2702 2306 2762 2342 τε
2793 2289 2889 2343 καὶ
2918 2288 3118 2348 αὐτῶν,
3167 2287 3297 2357 ἄχρι
3325 2288 3426 2356 τῆς
3456 2281 3733 2343 Δεδε).τδν,

2150 2381 2271 2451 ἥτις
2304 2378 2447 2433 οὕτω
2474 2382 2721 2435 καλεῖται
2749 2382 2991 2449 Ζαγόρια
3020 2380 3152 2448 παρ’
3180 2379 3384 2442 αὐτοῖς.

455 2472 590 2523 ωηο
638 2462 898 2517 Romanas
947 2479 1012 2517 ac
1047 2462 1411 2533 Bulgarorum
1439 2463 1667 2520 ditionis
1713 2464 1872 2520 limes
1901 2475 2041 2529 erat,
2085 2468 2149 2521 ad
2189 2470 2472 2525 Debcltum
2508 2487 2676 2541 usque
2705 2470 3019 2541 (vernacula
3047 2470 3232 2540 lingua
3298 2468 3568 2539 Zagoram
3636 2464 3738 2520 illis

454 2558 852 2630 nuncupatam)
884 2575 1141 2630 agrorum
1179 2568 1389 2629 partem
1424 2560 1505 2615 eis
1545 2560 1761 2616 tribuit.

526 2650 617 2707 26.
651 2651 932 2707 Michaelis
960 2652 1177 2722 imperii
1204 2668 1349 2707 anno
1378 2654 1593 2723 quinto.
1630 2655 1828 2709 Amere
1862 2655 2049 2722 c0pias

458 2758 654 2799 rursus
705 2743 971 2799 adversus
1021 2744 1299 2799 Romanos
1342 2744 1637 2809 educente,
1683 2746 1953 2802 Petronas
1995 2756 2050 2800 ct

458 2837 636 2892 Nazar
669 2837 843 2892 duces
874 2838 927 2892 in
964 2837 1085 2908 ejus
1115 2852 1407 2893 occursum
1444 2840 1512 2893 ad
1546 2840 1905 2895 Lalacaoncm
1955 2856 2050 2895 ve-

459 2946 616 2985 nere.
656 2929 883 2985 Collatis
927 2929 1097 3001 signis
1143 2929 1312 2986 Amer
1359 2930 1415 2985 in
1467 2931 1649 3001 fugam
1700 2948 1893 2987 versus
1941 2942 2045 2998 est,

2228 2662 2338 2720 xg'.
2368 2656 2457 2724 Τῷ
2485 2653 2525 2707 ε’
2558 2652 2723 2708 αὑτοῦ
2758 2652 2868 2707 ἔτει
2897 2651 2991 2706 τοῦ
3027 2652 3208 2719 Ἀμερ
3260 2649 3424 2702 πάλιν
3473 2648 3569 2700 ἐπὶ
3609 2646 3743 2700 Ῥω-

2158 2749 2355 2819 μανίαν
2395 2748 2704 2812 ἐξελθόντος
2742 2744 3045 2799 συναντῶσι
3072 2744 3368 2813 Πετρωνᾶς
3416 2741 3515 2795 καὶ
3549 2742 3742 2809 Νάσαρ

2154 2846 2203 2899 οἱ
2224 2843 2522 2915 στρατηγοὶ
2551 2844 2631 2905 εἰς
2658 2842 2749 2895 τὸν
2772 2839 3136 2895 Λαλακαῶνα.
3158 2838 3269 2892 Καὶ
3289 2836 3569 2906 συμϐολῆς
3597 2853 3750 2903 γενο-

2156 2931 2323 3002 μένης
2351 2930 2613 3002 τρέπεται
2643 2930 2671 2983 ὁ
2700 2930 2903 3000 Ἂμερ,
2936 2928 3031 2981 καὶ
3057 2926 3157 2998 τὴν
3187 2924 3433 2996 κεφαλὴν
3460 2925 3629 2978 αὑτοῦ
3655 2923 3748 2976 καὶ

460 3022 581 3091 ejus
618 3029 900 3076 exsectum
948 3030 1115 3091 caput
1160 3022 1505 3093 aliorumque
1550 3023 1789 3093 plurium
1837 3025 2046 3080 victore

2155 3022 2327 3077 ἄλλων
2357 3020 2564 3075 πολλῶν
2595 3022 2645 3073 οί
2682 3021 2977 3091 στρατηγοὶ
2998 3019 3078 3083 είς
3103 3017 3202 3089 τὴν
3224 3017 3380 3071 πόλιν
3406 3017 3749 3085 εἰσάγουσιν.

461 3112 711 3171 exercitu
752 3127 817 3169 ac
861 3112 1066 3168 ducum
1129 3113 1412 3184 triumpho
1464 3114 1519 3170 in
1564 3115 1757 3170 urbem
1810 3115 2047 3171 illatum.

462 3206 605 3262 Hinc
652 3221 844 3279 magna
881 3223 983 3278 per
1026 3206 1307 3263 Orientem
1351 3208 1494 3265 facta
1543 3210 1935 3279 tranquillitas.
1972 3212 2051 3266 Ac

464 3296 689 3368 quidem
723 3297 815 3353 alii
848 3297 1067 3354 labores
1098 3299 1463 3364 desudabant,
1509 3300 1913 3372 adversumque
1951 3302 2052 3358 bo-

465 3401 579 3447 stes
606 3392 867 3464 praeclara
892 3392 1022 3446 belli
1047 3391 1290 3447 facinora
1313 3391 1676 3463 designabant
1701 3412 1715 3447 :
1748 3393 2049 3463 imperatoc

466 3481 546 3537 ris
590 3497 721 3537 vero
750 3482 805 3537 in
836 3482 1095 3537 Basilium
1130 3482 1339 3537 cﬂ‘usus
1385 3499 1539 3537 amor
1588 3494 1742 3547 erat,
1792 3487 2052 3556 buncque

468 3590 640 3630 unum
672 3573 755 3628 sui
782 3573 1129 3644 potissimum
1164 3573 1433 3628 cultorem
1462 3575 1831 3631 existimabat.

536 3668 629 3722 27.
661 3666 795 3738 Ejus
853 3665 1069 3735 imperii
1126 3680 1271 3719 anno
1316 3676 1471 3721 sexto
1526 3668 1763 3722 aedificat
1823 3671 2049 3727 Michael

465 3756 670 3830 equile,
738 3757 1108 3812 marmoribus
1153 3771 1450 3823 exornans,
1485 3760 1776 3832 omnisque
1836 3766 2053 3833 generis

468 3861 735 3917 aquarum
790 3845 1040 3917 irriguo,
1085 3846 1397 3920 jucundum
1459 3848 1593 3904 illud
1647 3860 1812 3921 atque
1860 3853 2053 3908 usibus

467 3937 818 3994 commodum
880 3948 1168 4009 praestans.
1233 3940 1503 3996 Absoluta
1560 3942 1763 4013 equilis
1820 3944 2053 4001 aedilicio

467 4033 631 4088 Petro
682 4030 902 4087 cuidam
954 4030 1220 4094 ostendit,
1278 4032 1399 4087 viro
1450 4034 1633 4104 sagaci
1692 4049 1757 4089 ac
1807 4034 2055 4092 dicteriis

468 4135 692 4181 assueto
719 4124 894 4183 (hunc
923 4123 1319 4195 πτωχομάχην,
1354 4142 1418 4181 ac
1454 4126 1498 4181 si
1531 4127 1684 4183 dicas
1712 4130 2054 4198 paupertatis

467 4215 744 4272 vindicem
772 4232 866 4271 seu
909 4230 1211 4286 pauperum
1256 4216 1626 4283 defensorem,
1658 4218 1960 4290 dicebant),
1988 4237 2055 4276 ex

467 4323 535 4364 eo
563 4306 781 4363 laudem
803 4315 1067 4377 captans;
1098 4306 1284 4377 aitque
1308 4308 1429 4377 ejus
1452 4308 1637 4377 operis
1654 4326 1885 4366 munere
1906 4326 2054 4367 sem-

2166 3115 2260 3167 Ἐκ
2284 3113 2473 3167 τούτου
2507 3114 2718 3181 γίνεται
2748 3113 2959 3183 γαλήνη
2998 3110 3209 3182 μεγάλη
3242 3111 3300 3162 ἐν
3339 3112 3404 3179 τῇ
3460 3106 3752 3176 Ἀνατολῇ.

2153 3208 2262 3261 Kal.
2288 3207 2466 3260 ἄλλων
2501 3207 2598 3277 μὲν
2630 3206 2679 3259 oi
2714 3206 2865 3258 πόνοι
2892 3204 2986 3258 καὶ
3016 3203 3085 3258 τά
3113 3204 3222 3257 τῶν
3267 3203 3521 3273 πολέμων
3552 3200 3757 3270 ἀνδρα-

2151 3299 2481 3369 γαθήματα·
2516 3297 2631 3369 ἠδὲ
2666 3297 2759 3350 τοῦ
2809 3296 3074 3366 βασιλέως
3115 3294 3305 3365 ἀγάπη
3342 3294 3481 3365 πρὸς
3502 3294 3599 3346 τὸν
3642 3293 3757 3344 Βα-

2154 3392 2350 3446 σίλειον
2379 3391 2693 3461 ἐξεκέχυτο,
2728 3391 2823 3447 κοιλ⁵
2859 3389 3048 3444 τοῦτον
3086 3388 3246 3459 μόνον
3299 3388 3554 3459 ἐνόμιζεν
3609 3381 3760 3439 εἶναι

2151 3484 2243 3538 τὸν
2283 3484 2655 3556 θεραπεύοντα
2688 3484 2873 3538 αὐτόν.

2226 3662 2327 3728 κζ’.
2364 3664 2454 3734 Τῷ
2487 3662 2540 3728 ς’
2572 3663 2736 3718 αὐτοῦ
2770 3663 2878 3716 ἔτει
2935 3663 3111 3729 κτίζει
3142 3663 3375 3717 στάὸλον
3402 3659 3514 3713 τῶν
3565 3660 3759 3711 ἵππων

2153 3756 2341 3821 αὐτοῦ,
2372 3756 2657 3825 κοσμήσας
2692 3754 2853 3807 αὑτὸν
2881 3755 3198 3825 μαρμάροις
3224 3753 3318 3806 καὶ
3350 3752 3563 3806 ὑδάτων
3592 3750 3758 3817 ἐπερ-

2155 3852 2305 3921 ροαῖς
2346 3847 2813 3917 παντοιοτρὸπως.
2875 3846 3239 3909 Τελεσθέντος
3283 3844 3341 3897 δὲ
3401 3842 3755 3898 ὐποδεικνύει

2154 3941 2249 4011 τὴν
2280 3940 2472 4008 ἄλογον
2500 3939 2849 4008 κατασκευὴν
2878 3938 2971 3991 τοῦ
3008 3937 3188 4001 οἴκου,
3234 3937 3562 4007 βουλόμενος
3586 3937 3753 3987 ἐσται»

2155 4035 2396 4104 νεθᾼῆναι,
2429 4032 2620 4104 Πέτρῳ
2650 4033 2757 4085 τινὶ
2799 4032 2965 4102 λογίῳ
3004 4032 3101 4085 καὶ
3129 4031 3427 4100 σκωπτικῷ
3474 4029 3657 4100 ἀνδρὶ,
3693 4026 3752 4077 ὃν

2154 4101 2252 4185 καί
2275 4101 2375 4201 -[Ρ.
2405 4101 2552 4200 “ll
2585 4125 2965 4197 Πτωχομάχην
3002 4126 3233 4179 ἐκάλουν
3255 4166 3270 4187 ,
3326 4125 3420 4178 καί
3456 4141 3644 4193 φησιν,
3673 4120 3747 4177 ὡς

2163 4242 2180 4273 ι
2203 4223 2313 4274 Ἀεὶ
2343 4216 2778 4291 μνημονεύεσθαι
2809 4216 3012 4283 ὀφείλω
3025 4215 3070 4248 ⁸⁸
3089 4215 3177 4267 διὰ
3200 4214 3299 4285 τὴν
3326 4213 3422 4267 τοῦ
3441 4214 3601 4283 ἔργου
3626 4208 3741 4262 toti-

2154 4333 2248 4368 του
2274 4312 2640 4383 κατασκευήν.
2679 4328 2697 4363 ι
2736 4311 2843 4363 Καὶ
2876 4313 2904 4363 ό
2950 4310 3154 4379 Πέτρος
3185 4307 3266 4378 τῷ
3299 4307 3512 4378 βασιλεῖ
3546 4315 3732 4375 φησιν’

466 4402 520 4471 pi
530 4410 743 4455 ternum
757 4399 993 4455 sibifore
1006 4414 1205 4479 nomen
1222 4415 1286 4454 ac
1297 4400 1879 4473 claritatem.667Ad
1895 4420 2046 4474 quem

2178 4404 2610 4471 Ἰουστινιανὸς
2660 4403 2865 4457 ἔκτισε
2900 4402 3016 4471 τὴν
3062 4400 3357 4472 Μεγάλην
3411 4396 3738 4466 ἐκκλησίαν

468 4492 706 4547 Petrus:
745 4489 1084 4545 Justim’anus
1150 4490 1415 4562 Augustus
1480 4492 1737 4565 Magnam
1782 4495 2056 4551 ecclesiam

466 4582 767 4651 ediﬁcavit,
803 4600 935 4637 auro
965 4595 1014 4638 et
1050 4592 1269 4654 argento
1297 4586 1643 4657 pretiosisquc
1704 4588 2055 4644 marmoribus

469 4676 751 4746 magniﬁce
777 4691 1043 4730 exornans
1071 4691 1107 4739 ,°.
1125 4692 1215 4730 nec
1237 4676 1353 4746 ejus
1384 4693 1524 4730 nunc
1543 4684 1743 4749 perstat
1777 4680 2051 4735 memoria.

469 4769 543 4823 Tu
574 4785 716 4835 vero,
752 4786 786 4824 ο
808 4769 1120 4839 imperator,
1156 4768 1307 4824 clara
1342 4778 1392 4824 te
1417 4773 1675 4826 memoria
1709 4772 1851 4841 apud
1877 4781 2050 4842 poste-

470 4880 556 4917 ros
602 4861 975 4917 celebrandum
1016 4862 1161 4916 ducis
1188 4902 1205 4926 ,
1263 4864 1403 4933 quod
1456 4863 1625 4917 locum
1666 4874 1959 4918 stercorant
2002 4876 2049 4918 et

469 4950 639 5022 equile
659 4953 1015 5006 construxeris
1045 4953 1069 5005 .'
1116 4952 1484 5024 lratus'crgo.
1522 4966 1581 5009 ut
1622 4955 1714 5025 qui
1749 4972 1843 5024 spe
1874 4957 2051 5010 laudis

469 5042 711 5113 quassita:
764 5043 1061 5097 frustratus
1106 5051 1283 5106 esset,
1324 5044 1652 5100 verberibus
1696 5047 2051 5119 calcibusque

471 5136 635 5191 domo
665 5136 919 5191 extrusit.

538 5230 629 5285 28.
666 5230 888 5301 Imperii
918 5229 1201 5285 Michaelis
1249 5246 1396 5285 anno
1442 5231 1698 5300 septimo,
1736 5234 2055 5302 percrebre-

473 5331 656 5376 scente
704 5323 845 5377 fama
873 5321 1105 5376 Bardam
1150 5320 1420 5377 Caesarem
1450 5322 1616 5376 nurui
1658 5339 1770 5378 suae
1799 5323 2056 5380 Eudociae

476 5410 635 5469 Redis
679 5416 961 5470 amoribus
1008 5412 1373 5477 commisceri,
1421 5413 1751 5469 admonebat
1804 5416 2060 5469 crebrius

476 5503 717 5572 lgnatius
744 5507 1055 5575 patriarcha
1084 5516 1141 5560 ut
1167 5522 1197 5561 a
1225 5508 1369 5562 malo
1410 5522 1531 5563 sese
1564 5510 1893 5564 contineret.
1929 5509 2059 5563 Bar-

2162 4500 2481 4571 κοσμήσας
2515 4497 2724 4567 χρυσῷ
2752 4500 2849 4552 καὶ
2880 4499 3115 4567 ἀργύρῳ
3155 4496 3253 4549 καὶ
3278 4494 3604 4566 μιιργάροις
3632 4505 3732 4543 προ
3776 4512 3790 4527 ·

2158 4596 2454 4663 λυτίμοις,
2484 4591 2582 4645 καὶ
2614 4592 2651 4660 ἡ
2674 4591 2881 4661 μνήμη
2908 4589 3096 4644 αὐτοῦ
3129 4590 3248 4642 νῦν
3292 4591 3405 4642 οὐκ
3436 4588 3592 4641 ἐστι·
3644 4578 3732 4635 καὶ

2159 4688 2263 4751 σὺ,
2284 4685 2571 4753 βασιλεῦ,
2602 4684 2878 4755 κοπρῶνα
2912 4683 3173 4749 ποιήσας
3205 4681 3302 4736 καὶ
3335 4683 3572 4751 ἀλόγων
3598 4671 3733 4732 ἀνά-

2160 4792 2394 4833 παυσιν
2424 4776 2621 4848 λέγεις
2666 4776 3157 4846 μνημονεύεσθαι
3197 4773 3293 4827 διὰ
3346 4773 3559 4837 mitto;
3595 4770 3653 4822 '0
3682 4764 3731 4816 δὲ

2160 4871 2437 4942 ὀργισθεὶς
2463 4871 2539 4934 ὡς
2574 4870 2666 4922 τοῦ
2698 4868 2920 4923 ἐπαίνου
2953 4867 3243 4938 ἀποτυχὼν
3292 4865 3624 4935 τυπτόμενον
3650 4855 3732 4912 καὶ

2165 4965 2465 5034 συρόμενον
2494 4963 2656 5016 αὑτὸν
2680 4961 2973 5033 ἐξήγαγεν.

2233 5226 2341 5296 κη’.
2371 5226 2460 5295 Τῷ
2491 5225 2534 5290 ζ’
2563 5226 2728 5280 αὑτοῦ
2757 5226 2889 5286 ἔτει,
2916 5226 3105 5295 φήμης
3132 5221 3457 5289 διαθεούσης
3497 5220 3570 5281 ὡς
3598 5217 3732 5285 Βάρ-

2161 5323 2257 5387 δας
2294 5326 2321 5376 ὁ
2345 5324 2562 5390 Καῖσαρ
2586 5324 2650 5392 τῇ
2678 5320 2867 5393 νύμφῃ
2885 5318 3052 5374 αὑτοῦ
3076 5318 3308 5389 Εύδοκίᾳ
3330 5314 3733 5387 συμφθείρεται.

2162 5416 2191 5469 ὃ
2223 5415 2570 5486 πατριάρχης
2634 5414 2893 5483 Ἰγνάτιος
2952 5411 3209 5475 πολλάκις
3262 5409 3439 5478 τούτῳ
3489 5402 3736 5476 παραινεῖ

2165 5508 2504 5577 ἀποσχέσθαι
2535 5507 2627 5562 τοῦ
2659 5508 2854 5566 κακοῦ.
2898 5508 2956 5562 '0
2982 5508 3038 5560 δέ
3076 5506 3152 5578 μὴ
3188 5504 3514 5576 πειθόμενος
3545 5497 3735 5572 μᾶλλοι
3762 5526 3775 5531 —

1755 5604 1986 5661 VARLE
2025 5602 2427 5661 LECTIONES.

550 5690 592 5718 “
624 5690 895 5763 Βωγώριῗ
970 5697 1012 5727 ⁸⁸
1046 5696 1273 5764 metu»
1309 5696 1367 5752 Ρ.
