3962 6200
221 219 308 287 729

1050 229 1422 295 ANNALES.
1444 258 1514 271 -
1547 234 1893 296 MICHAEL
1925 237 2022 298 ET
2051 237 2490 300 THEODORA.

3339 203 3478 310 730~

219 337 357 406 ἐνεῖχε
379 334 442 406 τῷ
470 335 800 407 πατριάρχῃ,
848 343 1150 409 σωφρονεῖν
1188 343 1348 397 αὑτὸν
1381 347 1741 414 κατεπεῖγον-

1866 348 1951 405 las
2007 367 2140 406 vero
2175 368 2280 406 mm
2319 353 2498 407 solum
2548 369 2655 407 non
2705 369 2913 410 marem
2949 355 3113 426 gerit,
3157 357 3256 411 sed
3288 369 3345 412 et
3388 361 3445 414 in

218 444 309 491 τος.
332 428 419 480 Καὶ
440 427 501 498 δή
534 445 666 480 ποτε
700 428 984 498 μέλλοντος
1033 438 1315 491 κοινωνεῖν
1341 437 1437 490 τοῦ
1468 437 1666 509 Βάρδα,
1724 440 1754 493 ὁ

217 521 512 590 πατριάρχης
552 520 628 584 ὡς
657 521 873 585 ἀνάξιον
905 523 1165 579 ἀπώσατο
1185 543 1198 556 °
1229 527 1290 592 ὃς
1321 529 1493 600 ὀργῆς
1523 518 1753 602 πληγεὶς

216 611 298 684 τὴν
320 612 466 683 ψυχὴν
492 613 584 665 τὸν
611 615 948 685 παραινέτην
971 617 1046 681 ὡς
1068 619 1270 688 ἄνομον
1297 623 1387 674 καὶ
1420 623 1624 694 φθορέα
1657 627 1754 694 τῆς

214 704 462 775 ἐκκλησίας
531 705 757 772 ἐξέωσε,
794 707 892 759 καὶ
945 712 1392 780 παραιτήσασθαι
1423 714 1753 781 ἀναγκάζων

214 797 426 869 βασάνοις
451 797 701 867 ἀπείροις
741 800 1030 856 ὑπέϐαλεν.
1078 804 1423 874 Παραδίδωσι
1459 807 1569 878 γὰρ
1592 808 1754 860 αὑτὸν

188 890 276 956 ,τῷ
298 887 527 957 Θεοδοσίῳ
552 888 628 958 τῷ
677 890 862 961 Μιυρῴ
890 891 1169 964 λεγομένῳ
1217 897 1311 949 καὶ
1342 896 1420 966 τῷ
1453 898 1753 972 Γοργονετῃ

222 981 409 1052 Ἰωάννη
438 981 526 1033 καὶ
554 981 810 1052 Νικολάῳ
840 983 916 1054 τῷ
955 986 1356 1059 Σκουτελόπτῃ,
1383 989 1433 1043 οἳ
1469 990 1565 1043 καὶ
1594 1009 1755 1062 περιοο

207 1073 424 1127 ἐκλεισαν
467 1073 632 1125 αὑτὸν
662 1075 718 1127 ὲν
748 1078 812 1145 τῇ
841 1075 936 1129 τοῦ
985 1079 1363 1150 Κοπρωνύμου
1397 1080 1630 1152 λάρνακι
1660 1101 1754 1152 γυ-

208 1167 324 1238 μνὸν
350 1166 600 1236 χειμῶνος
641 1166 781 1238 ὥρᾳ.
817 1167 1011 1222 Ἔνθεν
1050 1175 1114 1240 τῇ
1157 1173 1370 1246 ἀνάγκῃ
1419 1174 1513 1226 τοῦ
1553 1176 1756 1248 κρύους

203 1262 260 1312 ὲκ
286 1259 381 1312 τῶν
410 1259 645 1327 κρυφίων
675 1261 896 1331 σαρκῶν
941 1263 1213 1335 ἀποϐολὴν
1250 1267 1488 1321 ἐποιεῖτο
1515 1270 1752 1340 σαπρίας

201 1350 290 1405 καὶ
309 1354 532 1421 αἵματος.
567 1351 755 1416 Οὕτως
787 1355 1141 1427 ἐγκαρτερῶν
1172 1362 1284 1422 τοῖς
1331 1360 1526 1424 δεινοῖς
1556 1364 1582 1414 ὁ
1617 1380 1752 1432 καρ-

197 1445 528 1516 τερικώτατος
554 1447 656 1500 οὐκ
685 1447 986 1516 ἐφθέγξατό
1027 1469 1076 1504 τι
1103 1453 1238 1522 πρὸς
1259 1453 1461 1524 Κύριον
1496 1456 1750 1524 πονηρόν.

197 1542 468 1613 Τοιγαροῦν
511 1543 847 1614 διανίστησιν
884 1545 1032 1614 αὖτῷ
1087 1546 1290 1617 Κύριος
1343 1549 1751 1602 Κωνσταντῖνον

191 1636 278 1688 τὸν
317 1635 579 1707 Ἀρμένιον
608 1637 1108 1708 παραμυθούμενον
1155 1639 1303 1710 αὐτῷ
1328 1657 1341 1669 ·
1375 1641 1468 1694 καὶ
1516 1641 1626 1713 γὰρ
1649 1643 1750 1710 ἁγ-

1859 444 2230 514 patriarcham
2265 445 2564 502 emendare
2599 445 2914 503 studentem
2953 449 3238 506 invehitur
3279 460 3444 522 atque

1859 533 2116 605 insurgit.
2146 536 2472 592 Patriarcha
2515 537 2723 608 itaque,
2757 539 2891 593 dum
2927 556 3082 596 sacra
3115 541 3448 614 quandoque

1857 626 2119 698 mysteria
2149 637 2512 698 percepturus
2540 630 2774 690 accedit.
2800 631 3030 685 Bardam
3061 647 3161 687 ceu
3193 633 3281 689 his
3305 634 3447 689 indi-

1855 732 2022 786 gnum
2056 717 2318 787 reppulit.
2361 718 2437 773 Ea
2470 733 2528 772 re
2565 719 2770 776 Bardas
2807 721 2993 776 animo
3023 723 3243 778 saucius
3271 725 3449 778 moni-

1859 815 2033 863 torem
2059 824 2221 863 suum
2252 809 2402 864 velut
2425 810 2738 876 improbum
2764 821 2820 867 et
2844 824 3230 883 corruptorem
3261 817 3444 871 eccle-

1857 897 1938 954 sia
1964 900 2136 970 ejicit,
2161 909 2218 955 et
2245 908 2304 954 ut
2327 900 2584 955 abdicare
2616 910 2794 971 cogat,
2819 904 3108 959 tormentis
3140 905 3446 960 innumeris

1857 992 2104 1064 subjicit.
2141 992 2332 1048 Tradit
2364 994 2513 1048 enim
2552 993 2866 1049 Theodosio
2904 995 3056 1050 Mora
3101 1007 3443 1067 nuncupata,

1856 1087 2056 1144 Joanni
2099 1087 2413 1158 Gorgonilae
2444 1099 2500 1144 ct
2529 1089 2753 1144 Nicalao
2795 1089 3126 1160 Scutelopti,
3158 1093 3253 1161 qui
3278 1101 3333 1146 et
3361 1093 3449 1146 hi-

1859 1177 2033 1234 berna
2059 1186 2386 1249 tempestate
2416 1179 2470 1234 in
2496 1178 2829 1250 Capronymi
2859 1197 2994 1235 urna
3016 1181 3225 1234 nudum
3265 1182 3446 1236 inclu-

1858 1289 2001 1328 sere.
2038 1272 2159 1338 Quo
2193 1273 2338 1337 loco,
2378 1273 2600 1343 frigoris
2627 1274 2678 1328 vi
2711 1289 2774 1328 ac
2805 1273 2951 1344 gelu,
2987 1290 3055 1327 ex
3087 1274 3448 1329 interioribus

1860 1383 1926 1421 ac
1967 1366 2258 1430 intestinis
2299 1383 2401 1435 pus
2444 1367 2675 1420 mixtum
2720 1368 2985 1437 sanguine
3033 1367 3306 1422 mittebat.
3359 1366 3449 1422 Sic

1860 1473 1994 1515 vero
2043 1459 2098 1513 in
2149 1457 2306 1512 malis
2337 1459 2555 1528 patiens
2591 1459 2674 1513 vir
2717 1459 3131 1514 tolerantissimi
3184 1459 3446 1529 pectoris,

1861 1549 1999 1604 nihil
2038 1549 2167 1604 mali
2199 1550 2466 1606 adversus
2499 1551 2794 1606 Dominum
2824 1552 3042 1606 locutus
3069 1561 3172 1606 est.
3207 1551 3448 1607 Suscitat

1861 1643 2050 1713 itaque
2090 1643 2168 1698 illi
2203 1644 2472 1699 Dominus
2502 1643 2928 1699 Constantinum
2965 1645 3310 1709 Armenium,
3354 1645 3448 1715 qui

190 1727 526 1797 γείδιονοῑνου
552 1730 646 1781 καὶ
683 1730 847 1801 ἄρτον
884 1731 979 1784 καὶ
1019 1731 1186 1800 μῆλα,
1239 1735 1367 1796 τοὺς
1423 1737 1755 1797 κακοποιοῦς

1866 1735 2110 1791 levamen
2141 1735 2365 1806 aliquod
2397 1736 2502 1806 ipsi
2526 1737 2807 1791 adhibeat.
2835 1737 3126 1793 Vasculum
3157 1737 3306 1791 enim
3335 1737 3449 1791 vini

189 1822 325 1874 κατὰ
345 1819 512 1893 χώρας
539 1820 838 1885 λανθάνων,
867 1823 942 1892 τῷ
972 1824 1104 1894 ὁσίῳ
1133 1826 1341 1894 εἰσῆγε,
1371 1828 1466 1879 καὶ
1491 1829 1586 1895 τῆς
1617 1829 1755 1896 λάρο

186 1933 342 1979 νακος
369 1915 522 1969 αὐτὸν
546 1917 932 1982 καταϐιϐάζων
959 1917 1215 1988 ἐκούφιζε
1245 1921 1304 1974 τὸ
1336 1923 1471 1976 πολὺ
1499 1923 1596 1991 τῆς
1625 1941 1758 1992 συμ-

185 2007 350 2077 ςορές
381 2006 535 2076 μέχρι
563 2007 660 2076 τῆς
693 2007 921 2059 ἐκείνων
957 2007 1246 2072 ἐλεύσεως.
1295 2010 1521 2076 Τούτοις
1552 2013 1757 2066 ὑποϐα-

183 2098 283 2151 λὼν
311 2097 506 2168 Βάρδας
537 2099 564 2150 ὁ
593 2101 811 2170 Καῖσαρ
840 2099 930 2152 τὸν
959 2100 1265 2166 ὅσιον,ὲπε“ι
1291 2103 1391 2172 τὴν
1420 2105 1754 2175 παραίτησιν

180 2189 337 2243 αὐτοῦ
362 2189 540 2243 λαὸεῖν
579 2191 680 2244 οὐκ
705 2191 972 2262 ἠδυνήθη,
998 2192 1204 2246 Φώτιον
1258 2199 1756 2268 πρωτοασηκρῆτις

179 2284 290 2336 ἀντ’
347 2283 502 2336 αὖτοῦ
564 2287 863 2354 χειροτονεῖ
917 2287 1292 2357 πατριάρχην.
1357 2287 1652 2360 Ἐξώρισεν
1699 2291 1755 2343 δὲ

191 2377 440 2446 Ἰγνάτιον
471 2378 529 2430 ὲν
556 2381 620 2448 τῇ
658 2379 810 2449 νήσῳ
835 2380 1188 2449 Τερεὸίνθου,
1218 2375 1331 2454 ὲνῇ
1385 2384 1482 2436 καὶ
1538 2383 1756 2436 ἐταλαι-

179 2472 426 2542 πωρεῖτο,
461 2470 631 2539 μυρία
654 2470 776 2524 καθ’
809 2472 1044 2543 ἑκάστην
1069 2473 1208 2544 πρὸς
1233 2474 1292 2527 τὸ
1315 2474 1756 2545 παραιτήσασθαι

177 2563 472 2633 ὑπομένων.
533 2562 666 2616 Εἶτα
725 2564 986 2636 φέρουσιν
1033 2567 1196 2620 αὐτὴν
1249 2569 1330 2631 εἰς
1373 2567 1473 2637 τὴν
1513 2568 1748 2639 Ἰἑρειαν

173 2660 413 2728 δέσμιον,
447 2657 540 2711 καὶ
566 2657 984 2712 κατακλείουσιν
1013 2659 1093 2722 εἰς
1124 2660 1365 2730 μάνδραν
1389 2660 1595 2727 Αἰγῶν.
1621 2656 1756 2714 Εἶτα

172 2737 344 2815 εἰς’τὰ
376 2747 722 2819 Προμούντου
757 2749 1082 2818 ἀγαγόντες,
1111 2750 1264 2804 Λέων
1293 2752 1319 2804 ὁ
1348 2752 1614 2805 Λαλάκων
1643 2755 1758 2814 τοῖς

173 2845 481 2918 ραπίσμασι
531 2843 630 2907 τὰς
679 2842 937 2911 σιαγόνας
990 2843 1156 2896 αὐτοῦ
1187 2843 1512 2897 συνέθλασεν
1545 2843 1622 2904 ὡς
1665 2844 1758 2897 δύο

170 2939 374 3012 μύλους
407 2935 570 2992 αὑτοῦ
601 2937 878 2990 ἐκπεσεῖν.
917 2932 1050 2990 Εἶτα
1094 2935 1278 3006 μοχλῷ
1325 2935 1533 3006 σιδηρῷ
1563 2937 1755 3006 ἀνδρο-

166 3036 318 3106 φόνῳ
338 3033 462 3096 τοὺς
491 3032 660 3093 πόδας
709 3017 1164 3102 προσηλώσαντες
1216 3029 1298 3102 [Ρ.
1327 3031 1456 3102 442]
1499 3034 1556 3084 ἐν
1587 3032 1760 3102 μικρᾷ

164 3129 359 3202 εἱρκτῇ
394 3125 490 3180 καὶ
520 3126 682 3195 στενῇ
719 3124 1105 3186 κατέκλεισαν,
1149 3125 1242 3178 καὶ
1268 3124 1386 3194 μετ’
1414 3124 1603 3191 ὀλίγας
1628 3125 1761 3195 ἡμέ-

163 3233 266 3289 ρας
298 3217 383 3278 εἰς
408 3212 478 3267 τὰ
507 3212 771 3283 Νούμερα
810 3212 1224 3282 σιδηροδέσμιον
1296 3213 1617 3282 καθεῖρξαν.
1679 3215 1763 3267 Ἐ-

162 3309 349 3364 κείθεν
377 3307 460 3370 είς
485 3305 799 3375 Μιτυλήνην
816 3305 916 3376 τὴν
941 3305 1103 3375 νῆσον
1131 3305 1330 3358 τοῦτον
1351 3305 1642 3376 ἐξώρισαν,
1667 3305 1761 3358 καὶ

161 3405 293 3466 τοὺς
360 3397 773 3470 μητροπολίτας
841 3401 898 3452 ὲν
963 3398 1236 3467 φυλακαῐς
1296 3398 1458 3453 ἄλλον
1522 3398 1759 3470 ἀλλαχοῦ

156 3493 582 3564 διεσκόρπισαν.
1545 3491 1560 3502 ’

224 3585 336 3642 κθ⁸.
365 3585 556 3651 ’Ἄξιον
583 3586 640 3640 δὲ
696 3587 794 3640 καὶ
853 3586 985 3656 περὶ
1027 3585 1232 3639 Φωτίου
1274 3584 1430 3654 ὀλίγα
1461 3576 1760 3639 διαλαϐεῖν.

157 3673 335 3743 Οὗτος
368 3679 400 3732 ὀ
432 3677 638 3742 Φώτιος
672 3677 789 3741 υἱὸς
816 3678 1044 3749 Σεργίου
1088 3677 1392 3750 σπαθαρίου
1423 3677 1514 3750 ἦν,
1551 3675 1762 3742 οὗτινος

153 3771 412 3841 δπατὴρ
465 3769 747 3840 Ζαχαρίας
779 3769 1088 3838 ώνόμαστο,
1139 3769 1198 3834 ὃς
1245 3770 1412 3824 πάλιν
1444 3769 1602 3841 ἔσχεν
1649 3773 1763 3825 υἱὸν

151 3865 370 3917 Λέοντα
427 3860 573 3931 βασι.
600 3900 616 3914 .
639 3897 658 3916 .
682 3898 694 3914 .
743 3860 802 3914 '0
826 3860 963 3932 ,γὰρ
1009 3860 1238 3932 Σέργιος
1269 3859 1486 3914 ὶθνικοῦ
1526 3861 1765 3931 αἵματος

151 3956 256 4023 ὧν,
323 3958 414 4018 είς
446 3954 818 4026 μοναστήριον
855 3956 1165 4022 γυναικεῖον
1198 3951 1622 4023 είσπεπηδηκὼς
1671 3953 1768 4005 καὶ

149 4051 510 4122 μονάστριαν
549 4047 762 4102 ἐκεῖθεν
785 4047 1042 4119 ἁρπάσας
1068 4049 1164 4100 καὶ
1199 4046 1406 4118 ταύτην
1430 4047 1646 4116 ἀποσχη
1657 4063 1765 4116 μα-

142 4147 316 4208 τίσας
341 4143 514 4198 ἔλασε
537 4145 790 4212 γυναῖκα.
850 4140 1009 4196 Μετὰ
1032 4141 1226 4212 χρόνον
1256 4141 1380 4194 τινὰ
1412 4138 1610 4209 συνέση
1673 4138 1766 4190 τὸν

141 4238 315 4306 ἅγιον
373 4236 604 4308 Μιχαὴλ
636 4234 729 4289 τὸν
779 4233 1007 4288 Σινάδου
1041 4233 1196 4302 φίλον
1227 4232 1456 4304 Σεργίου
1505 4230 1655 4296 ὄντα,
1687 4231 1767 4293 εἰς

138 4329 250 4400 τὴν
279 4328 482 4383 οἰκίαν
533 4325 699 4381 αὐτοῦ
731 4324 1018 4387 εἰσελθεῖν,
1057 4324 1152 4377 καὶ
1181 4324 1281 4393 τὴν
1331 4325 1566 4391 γυναῖκα
1596 4320 1764 4376 αὐτοῦ

1861 1845 2168 1900 parumque
2199 1829 2358 1900 panis
2389 1839 2446 1884 et
2478 1845 2770 1898 pomorum
2815 1845 2914 1899 per
2941 1829 3319 1884 maleﬁcarum
3352 1829 3456 1884 bo-

1858 1924 2074 1977 minum
2109 1923 2414 1977 absentiam
2453 1924 2623 1993 668
2658 1923 2950 1987 inferebat,
3003 1931 3169 1993 atque
3207 1939 3238 1978 ο
3270 1923 3452 1978 loculo

1859 2013 2164 2083 deponens,
2223 2013 2355 2068 dum
2395 2014 2475 2068 illi
2518 2013 2795 2078 venirent,
2829 2014 3136 2068 cruciatum
3185 2014 3454 2082 tantisper

1859 2107 2124 2162 leviorem
2157 2106 2446 2162 reddebat.
2481 2105 2580 2162 llis
2607 2107 2816 2162 Bardas
2851 2106 3034 2162 Caesar
3063 2114 3318 2162 sanctum
3355 2122 3453 2160 es-

1858 2199 2162 2254 cruciando
2187 2239 2201 2262 ,
2233 2215 2359 2253 cum
2390 2198 2460 2253 ab
2485 2215 2552 2254 eo
2587 2199 2837 2253 libellum
2866 2208 2923 2252 et
2957 2206 3017 2251 ut
3049 2213 3108 2252 se
3142 2197 3262 2267 ipse
3294 2196 3454 2251 abdi-

1857 2300 2010 2345 caret
2034 2291 2331 2360 impetrare
2360 2291 2588 2344 minime
2615 2291 2909 2360 potuisset,
2928 2290 3186 2344 Photium
3223 2295 3452 2357 protoa-

1858 2384 2090 2439 secretis
2112 2385 2480 2454 patriarcham
2509 2383 2760 2454 praeficit,
2801 2383 3010 2454 lgnatio
3038 2382 3093 2436 in
3127 2380 3451 2435 Terebinthi

1861 2478 2098 2533 insulam
2153 2477 2415 2547 relegata,
2462 2477 2554 2531 ubi
2601 2487 2657 2531 et
2699 2476 2964 2530 aerumnis
3006 2473 3450 2538 conflictabatur,

1859 2570 2172 2626 innumeris
2190 2570 2436 2641 quotidie
2467 2569 2759 2624 abdicandi
2790 2568 3037 2624 muneris
3059 2583 3224 2623 causa
3253 2583 3454 2621 serum-

1861 2664 1950 2719 nis
1983 2663 2252 2732 malisque
2282 2663 2582 2733 appetitus.
2606 2662 2813 2717 Deinde
2841 2661 3089 2716 vinetum
3109 2659 3176 2715 ad
3209 2659 3451 2714 Hieriam

1863 2755 2220 2823 transferunt,
2246 2765 2413 2826 atque
2446 2755 2501 2810 in
2531 2751 2844 2825 Caprarum'
2878 2754 3105 2808 mandra
3131 2751 3451 2808 includunt.

1861 2849 2002 2904 Tum
2032 2848 2100 2902 ad
2128 2849 2415 2903 Promunti
2449 2848 2594 2902 agiles
2635 2847 2899 2912 adducto,
2936 2847 3049 2902 Leo
3078 2846 3275 2900 Lalaco
3306 2843 3456 2898 illius

1859 2940 1942 2995 sic
1995 2951 2163 3011 genas
2202 2940 2400 3010 pugnis
2432 2956 2493 2994 ac
2526 2939 2774 3008 colaphis
2795 2937 3072 3008 confregit
3109 2945 3170 2990 ut
3195 2937 3314 3007 ejus
3343 2935 3458 2990 duo

1865 3032 2102 3086 molares
2130 3031 2478 3085 dissilierint.
2507 3029 2718 3085 Deinde
2752 3039 2907 3084 vecte
2939 3029 3118 3083 ferrea
3145 3026 3452 3082 homicida-

1867 3138 1988 3193 rum
2022 3123 2189 3193 pedes
2214 3123 2643 3214 adstringentes,
2671 3122 2724 3174 in
2758 3123 2956 3191 exiguo
2977 3130 3209 3189 artaque
3231 3134 3456 3173 carcere

1867 3214 2260 3280 incluserunt;
2304 3229 2408 3269 nec
2461 3211 2584 3284 post
2634 3213 2836 3267 multos
2889 3212 3009 3267 dies
3064 3211 3120 3265 in
3173 3226 3455 3266 carcerem

1866 3305 2073 3361 dictum
2106 3307 2344 3361 Numera
2384 3305 2536 3361 ferro
2579 3305 2826 3359 vinctum
2875 3310 3292 3374 compegerunt.
3325 3300 3457 3355 Inde

1866 3412 1935 3452 eo
1964 3398 2018 3452 in
2051 3397 2365 3469 Mitylenen)
2399 3397 2638 3452 insulam
2669 3397 2934 3467 relegata,
2979 3393 3364 3464 metropolitas
3401 3393 3457 3448 in

1865 3491 2142 3562 ergastula
2173 3491 2311 3546 alios
2339 3491 2450 3545 alio
2486 3490 2902 3560 disperserunt.

1937 3586 2026 3639 2U.
2047 3585 2235 3656 Operae
2258 3585 2497 3655 pretium
2523 3600 2654 3640 vero
2684 3583 2756 3638 sit
2787 3591 2847 3638 ut
2878 3591 2933 3638 et
2961 3582 3030 3637 de
3057 3583 3256 3638 Photio
3286 3599 3459 3653 pauca

1866 3679 2324 3749 perstringamus.
2366 3678 2464 3732 llic
2500 3677 2732 3732 Photius
2771 3676 2916 3730 filius
2963 3675 3068 3730 fuit
3117 3674 3293 3746 Sergii
3333 3691 3461 3747 spa-

1869 3768 2056 3832 tbarii,
2087 3769 2246 3839 cuius
2279 3776 2437 3837 pater
2465 3766 2798 3830 Zacharias;
2831 3765 2926 3835 qui
2978 3781 3175 3820 rursus
3218 3765 3461 3821 Leonem

1867 3859 2066 3914 habuit
2083 3858 2326 3913 ﬁlium...
2347 3855 2574 3927 Sergius
2591 3857 2738 3910 enim
2762 3872 2886 3911 cum
2908 3858 3100 3928 gentili
3123 3871 3279 3913 ortus
3297 3866 3465 3912 stem-
3526 3905 3543 3935 ι,

1872 3959 2026 4004 male
2055 3959 2225 4011 esset,
2247 3949 2301 4002 in
2327 3947 2658 4003 feminarum
2691 3950 3093 4004 monasterium
3126 3950 3462 4018 irrumpens.
3529 3953 3545 3976 ‘-'

1869 4042 2109 4112 indeque
2165 4049 2321 4112 rapta
2360 4041 2765 4096 sanctimoniali
2794 4041 3098 4110 habituque
3128 4050 3313 4104 exuta,
3357 4039 3464 4093 sibi

1870 4152 1992 4192 eam
2026 4137 2319 4208 conjugem
2363 4135 2515 4192 fecit.
2554 4137 2685 4191 Post
2714 4146 2934 4205 tempus
2972 4133 3194 4203 aliquod
3232 4132 3466 4202 contigit

1873 4230 2194 4286 Michaelem
2210 4228 2571 4284 Sinadensem
2593 4228 2767 4299 Sergii
2786 4228 3023 4282 amicum
3039 4227 3093 4280 in
3110 4224 3464 4297 cjusdomum

1877 4326 2085 4386 intrare
2116 4342 2131 4392 ;
2161 4335 2568 4395 conspectaque
2600 4339 2771 4378 uxore
2811 4323 2931 4392 ejus
2960 4328 3296 4392 praegnante,
3322 4319 3468 4374 indi-

137 4423 523 4495 ὲνθεωρήσας
575 4421 774 4488 ἔγκυον
824 4415 993 4474 οὖσαν
1050 4417 1372 4471 ἀπέστειλεν
1431 4416 1534 4485 τὴν
1599 4413 1758 4470 αὑτοῦ

1875 4419 2096 4492 gnantis
2127 4419 2312 4490 specie
2357 4434 2421 4474 ac
2465 4418 2618 4473 velut
2652 4431 3020 4489 percussurus
3050 4415 3104 4468 in
3137 4413 3302 4485 669
3345 4427 3464 4467 eam

135 4515 384 4586 ρἀδον,
425 4513 631 4586 πλῆξαι
663 4513 992 4583 βουλόμενος
1023 4509 1226 4581 αὐτὴν,
1260 4509 1354 4562 καὶ
1387 4507 1560 4571 οὕτως
1581 4503 1766 4560 εἶπεν·

133 4607 295 4662 Ετθε
327 4601 424 4677 ἦν
449 4623 542 4670 τις
572 4605 801 4670 ταύτην
829 4601 1181 4657 ἀποκτεῖναι
1218 4597 1556 4668 δυνάμενος
1582 4597 1679 4652 καὶ
1703 4597 1770 4652 τὸ

129 4699 438 4770 ἔμϐρυον
468 4697 538 4752 τὸ
564 4697 686 4752 σὺν
711 4694 890 4764 αὐτῇ.
927 4693 1072 4764 Ὀρῶ
1091 4698 1198 4764 γὰρ
1217 4693 1419 4760 ἄλλην
1447 4691 1612 4746 Εὕαν
1632 4690 1772 4760 ὄφιν

124 4790 659 4864 ἑγκυμονοῦσαν,
697 4789 797 4844 και
827 4788 896 4843 τὸ
934 4789 1199 4858 ἔμϐρυον
1218 4785 1428 4854 ἄρσεν.
1455 4785 1561 4838 Kal
1596 4783 1772 4837 τοῦτο

124 4884 308 4940 κατὰ
371 4884 781 4954 συγχώρησιν
851 4883 1000 4936 Θεοῦ
1056 4877 1434 4948 πατριάρχην
1474 4877 1774 4946 ἐσόμενον

111 4976 374 5042 ,ϐλέπω
406 4976 513 5030 ἐπὶ
563 4975 846 5041 ἀθετήσει
901 4974 1008 5027 τοῦ
1038 4969 1392 5025 πανσέπτου
1436 4967 1537 5021 καί
1579 4967 1775 5037 τιμίου

118 5067 470 5137 σταυροῦ.
519 5066 629 5121 Καὶ
656 5065 842 5132 αὐτὸς
875 5066 964 5130 εἰς
993 5061 1277 5117 ἀσέϐειαν
1297 5058 1634 5124 ἀποκλινεῖ,
1674 5059 1774 5112 καί

111 5159 456 5226 πολλοὺς
485 5161 576 5226 εἰς
606 5157 1061 5226 σταυροπατιάν
1084 5151 1480 5223 μεταστήσει,
1511 5151 1610 5204 καὶ
1665 5147 1776 5217 τῆς

102 5253 500 5322 ,βασιλείας
525 5250 646 5307 τῶν
672 5251 947 5321 οὐρανῶν
991 5247 1262 5310 πολλοὺς
1311 5246 1440 5312 ταῖς
1480 5247 1747 5312 πολυτρό
1771 5277 1774 5280 ~

110 5362 284 5412 ,τοις
307 5346 528 5402 αὐτοῦ
559 5346 844 5416 στερήσει
867 5343 1192 5415 μηχαναῖς.
1222 5341 1368 5411 Πρὸς
1389 5339 1448 5394 δν
1475 5341 1501 5392 ὁ
1523 5338 1771 5408 Σέργιος

103 5439 252 5492 Καὶ
298 5441 364 5494 ει
401 5440 682 5506 τοιοῦτος
712 5439 963 5494 ἔσεσθαι
989 5436 1221 5507 μέλλει,
1243 5430 1394 5502 μετὰ
1425 5429 1534 5498 τῆς
1546 5429 1775 5499 μητρὸς

102 5533 346 5587 αὐτὸν
375 5531 613 5589 dulci).
669 5535 812 5606 [ιρις
852 5532 910 5586 δν
933 5534 962 5585 ὁ
999 5529 1193 5598 ἅγιος·
1227 5529 1310 5580 οὐ
1357 5524 1600 5592 δυνήσῃ
1657 5521 1774 5590 τὴν

101 5624 579 5695 συγχώρησιν
613 5625 715 5681 τοῦ
766 5623 913 5681 Θεοῦ
941 5619 1331 5679 διακωλῦσαι.
1367 5617 1638 5688 Πρόσεχσ
1659 5609 1774 5671 οὖν

101 5717 447 5787 σεαυτῷ,

1876 4515 2132 4571 baculum
2165 4513 2352 4578 misit,
2382 4513 2460 4568 sic
2500 4512 2654 4567 aiens
2685 4529 2699 4565 :
2756 4511 2970 4567 Utinam
3003 4518 3133 4564 esset
3166 4509 3256 4579 qui
3290 4505 3465 4570 illam,

1877 4626 2091 4682 unaque
2129 4596 2334 4679 prolem
2367 4625 2474 4677 qua
2506 4606 2613 4676 feta
2659 4613 2758 4670 est,
2807 4621 3005 4658 necare
3066 4602 3276 4673 posset!
3307 4597 3466 4655 Video

1877 4705 2019 4757 enim
2075 4700 2301 4755 alterum
2351 4699 2552 4762 Evam,
2607 4706 2907 4767 serpentem
2966 4707 3118 4751 utero
3173 4703 3466 4766 gestantem

1878 4812 1940 4849 ac
1974 4793 2175 4865 prolem
2202 4790 2514 4846 masculum.
2537 4790 2792 4862 Huncque
2825 4791 2930 4843 Deo
2958 4791 3290 4860 permittente
3322 4787 3468 4841 video

1877 4883 2243 4955 patriarcham
2276 4881 2406 4951 fore,
2433 4883 2682 4952 omnique
2709 4882 3048 4935 veneratione
3073 4878 3370 4933 habendam
3406 4894 3468 4930 ac

1877 4976 2160 5047 pretiosam
2184 4989 2392 5027 crucem
2417 4981 2719 5043 spreturum
2755 4989 2866 5027 esse
2890 4990 2909 5038 ;
2945 4970 3328 5038 declinabitque
3358 4969 3469 5038 ipse

1879 5070 1950 5124 ad
1984 5069 2329 5140 impietatem,
2354 5074 2402 5118 et
2427 5064 2619 5119 multos
2643 5066 2713 5118 ad
2737 5067 3032 5136 perjurium
3065 5064 3232 5118 erucis
3261 5060 3470 5114 calcata

1880 5161 2133 5232 religione
2167 5161 2428 5224 traducet,
2467 5159 2765 5230 multusque
2812 5175 2971 5228 regno
3017 5157 3265 5211 caelorum
3306 5155 3468 5209 variis

1881 5254 2067 5318 modis,
2101 5255 2210 5308 suis
2236 5253 2438 5306 artibus
2463 5250 2721 5305 excludet.
2759 5250 2841 5304 Ad
2868 5265 3031 5319 quem
3064 5246 3289 5318 Sergius
3318 5262 3331 5299 :
3373 5245 3468 5298 Δια

1879 5349 1968 5416 qui
1997 5349 2042 5400 si
2067 5346 2188 5400 talis
2211 5345 2420 5415 futurus
2452 5355 2547 5408 est,
2574 5333 2680 5412 ipse
2708 5360 2818 5396 una
2850 5359 2967 5396 cum
3001 5354 3170 5395 mane
3192 5355 3309 5393 eum
3338 5338 3468 5409 peri-

1882 5456 2043 5492 mam.
2077 5438 2176 5493 Cui
2212 5447 2434 5494 sanctus
2469 5459 2481 5495 :
2513 5437 2631 5493 Non
2681 5438 2873 5507 poteris
2901 5435 3039 5507 quod
3069 5450 3131 5489 ea:
3159 5433 3338 5488 divina
3390 5441 3468 5490 ut

1883 5531 2220 5586 aermissione
2251 5529 2523 5603 impedire.
2555 5528 2665 5582 Tibi
2705 5529 2865 5600 igitur
2900 5535 3098 5582 attente
3131 5541 3276 5582 cave.
