3962 6200
506 306 604 372 731

1750 278 2132 350 SYMEONIS
2171 280 2543 344 MAGISTRI

3653 267 3733 328 732

575 428 664 482 50.
693 424 897 480 Deinde
916 437 982 477 eo
1004 430 1154 482 nato,
1182 423 1377 471 vocato
1400 423 1574 468 mater
1601 408 1804 465 Jacobo
1840 402 2088 460 Maximi-
2115 438 2123 451 .

2262 397 2324 450 λ’.
2357 396 2489 453 Εἶτα
2521 396 2874 466 γεννηθέντος
2904 395 2936 464 ἡ
2967 393 3149 464 μήτηρ
3192 391 3442 443 Ἰάκωϐον
3471 389 3562 442 τὸν
3584 391 3734 454 Maii-

505 537 590 575 na:
623 513 941 571 monasterii
978 509 1236 580 praefecto
1259 549 1273 573 ,
1305 507 1372 562 ad
1402 507 1521 575 ejus
1554 519 1612 557 se
1641 500 1813 570 pedes
1839 495 2084 551 lacrimis

507 609 724 678 oppleta
751 604 996 676 jactavit.
1032 609 1092 654 ut
1121 615 1273 653 saera
1304 612 1429 651 eum
1461 594 1605 649 unda
1640 594 1890 660 lingeret.
1925 587 2086 640 Dice-

509 704 599 757 bat
622 700 768 754 enim
793 714 806 750 :
841 695 1135 764 Prwgnans
1152 709 1267 745 cum
1298 706 1480 750 essem,
1509 687 1613 740 vidi
1635 687 1686 738 in
1705 683 1900 737 somnis
1927 681 2088 733 scisso

510 806 656 849 utero
687 797 970 846 draconem
995 806 1056 842 ea:
1083 805 1163 840 me
1193 789 1395 839 exiisse.
1434 783 1534 836 Sed
1563 791 1609 834 et
1638 788 1852 834 sanctus
1881 777 2088 844 confes-

509 907 598 942 sor
627 889 872 942 Hilarion
901 884 1205 938 monasterii
1251 880 1514 933 Dalmata:
1545 878 1676 929 dixit
1718 876 1843 928 milii
1875 887 2090 942 corpore

510 982 752 1033 indutum
788 996 868 1031 me
905 979 1167 1032 Satanam
1205 982 1350 1026 utero
1394 981 1619 1040 gestare.
1657 969 1706 1021 Is
1736 981 1866 1036 ergo
1906 979 2094 1018 susce-

516 1085 668 1144 ptum
721 1074 982 1127 infantem
1037 1068 1378 1138 baptizavit,
1431 1065 1686 1119 Photium
1748 1076 1978 1117 vocans.
2030 1051 2103 1111 ac.

515 1165 706 1217 dicens
727 1182 738 1215 :
759 1161 915 1214 Forte
941 1160 1181 1212 transibit
1211 1158 1273 1210 ab
1296 1157 1389 1210 illo
1410 1158 1491 1209 ira
1521 1154 1630 1206 Dei.
1663 1152 1884 1219 Sergius
1907 1158 2092 1203 autem

516 1260 636 1325 ejus
667 1265 840 1326 pater,
893 1255 1140 1324 qumdam
1189 1254 1240 1305 in
1277 1266 1342 1306 eo
1376 1251 1531 1318 signa
1565 1248 1778 1309 videns,
1810 1246 1952 1298 Num
1979 1261 2093 1296 mea

519 1365 672 1404 uxor.
703 1347 902 1408 aiebat,
927 1363 988 1398 ea
1017 1347 1132 1413 ipsa
1169 1351 1242 1395 est
1277 1339 1716 1400 sanctimonialis,
1768 1353 1930 1407 quam
1955 1333 2097 1403 apud

519 1439 764 1493 llcbrwos
797 1438 1173 1491 Antichristum
1217 1435 1519 1504 parituram
1557 1429 1903 1500 exspectant?
1941 1425 2099 1494 Quod

521 1545 652 1583 vero
702 1538 958 1598 parentes
1003 1526 1395 1580 monachorum
1452 1523 1681 1580 studiosi
1729 1529 1908 1584 erant,
1963 1533 2101 1572 uxor

521 1620 686 1675 domo
720 1620 916 1674 lubens
957 1621 1236 1687 excipiens
1275 1635 1373 1688 pro
1409 1617 1539 1687 ipsis
1566 1631 1628 1669 ac
1667 1614 1860 1669 Photio
1911 1628 2100 1682 preces

521 1713 753 1766 fundere
795 1713 1039 1782 rogabat.
1077 1712 1233 1765 lluue
1271 1711 1599 1779 quandoque
1644 1708 1897 1762 Photium
1944 1703 2099 1758 valde

524 1803 706 1857 adhuc
737 1803 1050 1871 puerulum,
1075 1818 1197 1856 cum
1219 1802 1382 1870 670
1407 1809 1558 1868 pater
1584 1799 1650 1852 ad
1676 1798 1731 1852 S.
1757 1797 2102 1852 Joannicium

528 1894 585 1948 iu
620 1903 804 1948 monte
836 1893 1064 1964 Olympo
1096 1894 1433 1955 adduxisset,
1464 1891 1791 1946 obsecrabat
1823 1898 1881 1944 ut
1924 1898 2109 1943 oraret

528 2000 628 2053 pro
675 2001 763 2038 eo.
832 1984 931 2039 Cui
990 1985 1079 2038 ille
1139 1994 1382 2038 actutum
1445 1982 1809 2050 respondens,
1866 1981 2108 2044 Photius,

532 2074 732 2142 inquit,
763 2076 873 2128 uias
908 2083 1027 2128 tuas
1053 2115 1066 2138 ,
1099 2074 1340 2138 Domine,
1373 2084 1428 2126 ut
1463 2075 1615 2138 sciat,
1658 2074 1713 2124 in
1743 2073 1979 2124 animum
2008 2087 2112 2122 non

531 2169 754 2222 inducit.
789 2169 870 2222 Ad
896 2183 1057 2236 quem
1089 2167 1315 2236 Sergius
1335 2167 1442 2219 alta
1474 2166 1685 2219 ducens
1717 2163 1950 2232 suspiria
1978 2179 1991 2215 :
2051 2162 2113 2217 Ut

533 2258 678 2327 quid,
701 2258 885 2319 Pater,
918 2260 1010 2310 hoc
1035 2257 1211 2310 dixisti
1241 2255 1584 2325 ?Respondit
1619 2271 1787 2309 senex
1813 2272 1824 2307 :
1862 2253 1992 2319 Qua:
2024 2253 2115 2307 ille

535 2357 936 2417 perpetraturus
966 2355 1060 2409 est,
1095 2348 1185 2400 tibi
1215 2347 1485 2400 denuntio.
1527 2345 1666 2398 Tum
1699 2345 1923 2412 Sergius
1955 2354 2118 2413 caput

536 2438 778 2493 cinerem
813 2454 1070 2508 aspersus
1101 2453 1131 2493 e
1172 2447 1358 2493 monte
1386 2438 1692 2493 descendit.

609 2621 699 2676 3i.
737 2621 998 2675 Traditus
1026 2619 1334 2688 disciplinis
1369 2619 1671 2689 majoribus
1715 2619 1915 2673 animis
1956 2630 2121 2689 atque

540 2729 731 2783 opera,
765 2728 886 2781 qua:
927 2711 1241 2764 Graecorum
1279 2718 1437 2763 erant
1486 2725 1548 2762 ac
1585 2707 1904 2777 gentilium,
1956 2725 2120 2776 quam

541 2820 664 2874 qua:
690 2803 1081 2865 ecclesiastica,
1125 2802 1462 2870 capessebat.
1513 2801 1667 2858 Unde
1709 2806 1878 2856 etiam
1910 2819 2034 2858 cum
2067 2804 2122 2858 in

545 2895 836 2948 llebrzeum
889 2893 1184 2963 quemdam
1236 2908 1450 2962 magum
1501 2891 1806 2955 incidisset,
1857 2896 1935 2948 ait
1984 2895 2061 2950 illi
2105 2915 2118 2949 :

546 2986 685 3050 Quid
721 2987 865 3048 mihi,
910 2986 1143 3055 juvenis,
1181 2984 1403 3036 daturus
1443 2999 1516 3046 es,
1559 2984 1856 3054 faciamque
1884 2994 1942 3038 ut
1974 2986 2126 3043 Cra:-

2197 493 2356 561 μίνης
2391 490 2696 560 ἡγούμενον
2731 485 3203 559 μεταπεμψαμένη
3234 483 3458 555 ἔρριψεν
3490 483 3644 536 αὑτὸν
3674 485 3738 546 είς

2193 586 2317 646 τοὺς
2346 584 2515 645 πόδας
2544 582 2708 634 αὑτοῦ
2741 581 3003 634 κλαίουσα
3027 579 3120 632 τοῦ
3155 575 3518 648 βαπτισθῆναι
3549 576 3635 628 ὑπ’
3659 577 3740 628 σὺ·

2194 676 2310 728 τοῦ.
2353 677 2548 742 Ἔλεγε
2574 677 2642 743 γὰ
2652 692 2701 745 ρ,
2745 675 2824 726 ὅτι
2853 675 3110 741 Ἕγκυος
3133 668 3292 723 οὖσα
3322 668 3486 721 εἶδον
3511 669 3648 735 ὄναρ
3671 667 3743 720 ὅτι

2195 768 2456 836 ἐσχίσθη
2479 769 2515 835 ἡ
2539 769 2582 799 ⁸⁵
2605 768 2800 821 κοιλία
2825 785 2942 835 μου
2969 767 3063 818 καὶ
3083 763 3302 830 ἐξῆλθε
3327 761 3579 828 δράκων.
3597 761 3748 817 Ἀλλὰ

2199 863 2296 914 καί
2325 864 2358 914 ὁ
2388 862 2556 926 ὅσιος
2584 860 2680 914 καί
2724 859 3098 929 ὀμολογητὴς
3135 857 3395 921 ’Μαρίων
3419 860 3451 910 ὁ
3481 856 3591 922 τῆς
3619 860 3749 910 Δαι-

2195 953 2387 1021 μάτου
2417 953 2616 1022 εἴρηκέ
2655 971 2756 1022 μοι
2813 953 2901 1005 ὅτι
2961 949 3474 1018 Σεσωματωμένον
3504 947 3755 1005 Σατανᾶν

2194 1045 2536 1110 βαστάζεις.
2589 1045 2783 1098 Λαὸὼν
2839 1040 2933 1098 οὖν
2989 1045 3152 1098 αὑτὸν
3202 1044 3518 1108 ἐϐάπτισεν,
3572 1043 3754 1097 Φώτιον

2201 1136 2720 1206 ὡνομακὼς,“¹1σως,
2739 1137 2931 1203 λέγων,
2959 1135 3241 1202 παρέλθοι
3268 1137 3305 1202 ἠ
3329 1133 3472 1202 ὀργὴ
3499 1133 3602 1187 τοῦ
3629 1135 3756 1188 Θεοῦ

2201 1229 2303 1284 ἀπ’
2357 1230 2563 1283 αὐτοῦ.
2601 1229 2824 1301 Σέργιος
2881 1228 2936 1281 δὲ
2969 1231 2995 1280 ὁ
3043 1229 3227 1298 πατὴρ
3271 1227 3458 1290 αὑτοῦ,
3487 1226 3629 1295 ὁρῶν
3658 1245 3760 1279 τινα

2207 1341 2270 1387 cr,
2283 1325 2406 1391 μεϊα
2438 1325 2493 1374 ὲν
2534 1322 2703 1391 αὐτῷ,
2745 1322 2931 1389 ἔλεγεν
2951 1339 2965 1353 ·
2999 1325 3054 1374 Μ
3063 1320 3095 1389 ἡ
3121 1321 3232 1388 ἄρα
3267 1323 3304 1388 ἡ
3332 1321 3468 1388 παρ’
3497 1321 3764 1388 Ἑϐραίοις

2205 1413 2558 1483 ἐλπιζομένῃ
2582 1415 2949 1483 μονάστρια,
2996 1415 3034 1482 ή
3071 1414 3177 1467 τὸν
3215 1415 3620 1482 Ἀντίχριο-τον
3640 1414 3766 1481 μέλ-

2207 1511 2407 1560 λουσα
2435 1510 2675 1571 τίκτειν,
2705 1508 2740 1575 ἡ
2777 1509 2927 1578 γυνή
2969 1509 3088 1576 μού
3130 1508 3333 1572 tactv;
3372 1507 3610 1560 Ἐπεὶ“δὲ
3637 1507 3767 1575 φιλο-

2213 1601 2437 1669 μόναχοι
2468 1595 2630 1669 ἦσαν,
2667 1601 2794 1662 τοὺς
2827 1591 3092 1670 μοναχῶς
3133 1600 3593 1668 προσδεχομένης,
3639 1597 3768 1668 ἠξίου

2212 1691 2468 1761 εὔχεσθαι
2503 1692 2644 1766 ὑπὲρ
2674 1693 2854 1746 αὐτῶν
2882 1693 2975 1746 καὶ
3016 1693 3111 1745 τοῦ
3141 1693 3368 1746 Φωτίου.
3417 1693 3624 1746 Τοῦτόν
3661 1710 3773 1745 ποτε

2213 1787 2300 1837 τὸν
2325 1783 2525 1838 Φώτιον
2561 1785 2841 1855 μειράκιον
2876 1786 3036 1838 σκεπὶ
3070 1787 3114 1818 δ’
3149 1786 3485 1855 τυγχάνοντα
3516 1788 3597 1850 είς
3621 1785 3705 1838 τὸν
3729 1788 3776 1838 ἐν

2215 1878 2394 1943 ἁγίοις
2445 1879 2770 1930 Ἰωαννίκιον
2816 1879 2873 1932 ἐν
2901 1878 2979 1947 τῷ
3027 1877 3286 1949 Ὀλύμπῳ
3352 1881 3657 1947 ἀνήγαγεν,
3700 1883 3779 1932 καὶ

2216 1969 2354 2039 ὑπὲρ
2384 1968 2548 2022 αὐτοῦ
2578 1968 2836 2034 εύξασθαι
2889 1969 3077 2022 τοῦτον
3113 1969 3436 2039 παρεκάλει.
3482 1969 3542 2022 Ὀ
3566 1969 3623 2022 δὲ
3655 1971 3781 2022 ἑτοί-

2219 2077 2334 2129 μως
2391 2060 2713 2131 ἀποκριθεὶς
2772 2059 2910 2129 ἔφη·
2947 2060 3164 2126 Φώτιος
3226 2060 3297 2112 ἐν
3345 2059 3561 2128 καρδίᾳ
3610 2060 3783 2114 αὑτοῦ

2217 2150 2389 2215 ὁδούς
2426 2169 2562 2216 σου,
2613 2151 2810 2220 Κύριε.
2847 2151 3067 2206 εἰδέναι
3115 2151 3199 2222 [Ρ.
3227 2151 3354 2223 “5]
3389 2155 3461 2205 οὐ
3484 2152 3784 2216 βούλεται.

2231 2246 2288 2298 '0
2343 2246 2400 2298 δὲ
2457 2245 2718 2309 στενάξας
2759 2244 2911 2298 εἶπεν
2943 2261 2957 2274 °
3016 2245 3082 2298 Τί
3129 2244 3303 2298 τοῦτο
3345 2245 3539 2314 ἔφης,
3579 2245 3786 2313 πάτερ;

2221 2335 2382 2399 Αὖθις
2414 2339 2442 2389 ὁ
2469 2337 2666 2406 γέρων,
2697 2337 2778 2390 ὅτι
2815 2338 2889 2390 Τὰ
2943 2335 3252 2404 μέλλοντα
3301 2334 3648 2403 πραχθῆναι
3700 2335 3788 2390 ὑπ’

2222 2427 2405 2481 αὐτοῦ
2441 2427 2607 2493 δηλῶ
2645 2444 2762 2481 σοι.
2794 2429 2928 2480 Τότε
2952 2430 2980 2481 ὁ
3008 2428 3234 2498 Σέργιος
3261 2427 3409 2481 κόνιν
3452 2427 3789 2498 σπασάμενος

2223 2518 2491 2588 κατῆλθεν
2519 2521 2626 2573 ἀπὸ
2657 2519 2751 2572 τοῦ
2786 2519 2964 2590 ὅρους.

2295 2610 2396 2665 λα’.
2430 2613 2525 2671 Εἰς
2561 2611 2860 2682 μαθήματα
2889 2613 2944 2666 δὲ
2967 2611 3154 2666 τοῦτον
3186 2613 3400 2676 ἐκδοὺς,
3435 2613 3640 2682 μᾶλλον
3663 2615 3793 2665 ἐκεῖ-

2227 2722 2316 2768 νος
2347 2703 2483 2774 πρὸς
2507 2704 2576 2757 τὰ
2623 2703 2911 2772 Ἑλληνικὰ
2962 2703 3374 2774 φιλοτιμότερον
3409 2705 3648 2758 διέκειτο
3676 2707 3705 2775 ἢ
3735 2705 3797 2756 τὰ

2226 2796 2674 2867 ἐκκλησιαστικά.
2713 2796 2804 2848 Διὸ
2829 2796 2922 2848 καὶ
2962 2795 3239 2866 Ἐϐραίων
3269 2796 3377 2849 τινὶ
3406 2799 3571 2867 μάγῳ
3628 2815 3798 2850 συντε-

2227 2887 2428 2958 τυχὼς,
2475 2889 2534 2942 Τί
2565 2905 2689 2956 μοι,
2725 2887 2852 2956 ἔφη,
2895 2887 3292 2952 δῷς,νεανία,
3330 2888 3431 2942 καί
3474 2888 3711 2955 ποιήσω
3737 2903 3802 2944 σε

2229 2980 2438 3036 πᾶσαν
2477 2981 2717 3051 γραφὴν
2769 2978 3140 3048 Ἐλλήῑ-ικήν
3163 2980 3260 3035 ἐπὶ
3311 2982 3619 3051 στόματος
3649 2985 3807 3053 ἄγειν

547 3094 728 3132 corum
776 3079 944 3132 omnis
976 3077 1199 3131 eruditio
1229 3078 1282 3131 in
1323 3093 1413 3130 ore
1455 3088 1687 3131 versetur
1731 3095 2008 3148 omnesque
2043 3097 2123 3134 sa-

2235 3074 2331 3128 καί
2369 3073 2600 3140 πάντας
2627 3073 2771 3140 τοὺς
2795 3073 2894 3127 ἐπὶ
2913 3076 3102 3142 σοφίᾳ
3139 3075 3639 3144 παρευδοκιμεῖν;
3684 3078 3740 3130 ’0
3759 3077 3812 3128 δέ

548 3173 746 3242 pientia
776 3174 950 3226 vincas
983 3172 1008 3224 7
1037 3170 1137 3225 Cui
1165 3172 1286 3226 ille:
1326 3171 1612 3242 Dimidium
1639 3173 1892 3226 bonorum
1922 3183 2128 3241 partem

551 3267 604 3318 in
637 3282 753 3319 eam
801 3283 912 3319 rem
961 3276 1112 3336 pater
1167 3265 1330 3318 libens
1364 3239 1657 3318 colldturus
1692 3274 1787 3318 est.
1840 3265 1916 3318 Ad
1967 3281 2131 3335 quem

554 3357 850 3413 ﬂebrteus:
885 3359 1127 3413 Pecuniis
1155 3375 1256 3411 non
1287 3359 1509 3426 indigeo,
1546 3376 1606 3411 ac
1624 3376 1714 3411 nec
1743 3367 1946 3428 patrem
1986 3369 2133 3414 tuum

554 3469 664 3506 rem
691 3455 824 3506 scire
850 3452 964 3506 volo
991 3471 1007 3516 ;
1041 3452 1131 3503 sed
1152 3452 1266 3503 emi
1293 3468 1489 3504 mecum
1512 3453 1628 3514 huc,
1672 3471 1734 3506 ac
1755 3454 1984 3522 signum.
1999 3470 2133 3524 nega

553 3545 608 3596 in
651 3560 753 3612 quo
781 3543 959 3595 Iesum
1005 3543 1286 3608 allicimus,
1322 3543 1664 3610 inauditoque
1703 3561 1734 3594 α
1767 3560 1848 3596 me
1893 3545 1984 3596 tibi
2011 3561 2136 3597 con-

555 3651 695 3686 cesso
725 3633 953 3687 anmleto
996 3634 1158 3686 vitam
1188 3650 1392 3685 omnem
1435 3650 1680 3702 prospere
1715 3653 1835 3704 ages
1866 3644 1914 3688 et
1941 3637 2134 3690 divitiis

557 3724 755 3792 omnes,
808 3740 1102 3793 magnaque
1129 3725 1393 3794 sapientia
1436 3726 1490 3778 in
1535 3726 1771 3779 omnibus
1803 3728 2039 3796 gaudens
2075 3745 2137 3782 ac

559 3813 746 3868 la'tans
781 3817 1074 3884 prwstabis.
1125 3815 1242 3882 Quo
1279 3833 1447 3886 prone
1479 3818 1702 3883 audito,
1737 3835 1913 3889 exque
1964 3820 2138 3890 impo-

557 3904 724 3960 storis
781 3907 1059 3960 voluntate
1106 3908 1252 3961 omni
1319 3920 1541 3977 peracto
1608 3911 1869 3980 negotio,
1941 3926 2008 3966 eo
2070 3928 2138 3968 ex

561 4006 806 4066 tempore
837 3999 1048 4053 nullum
1077 3999 1240 4054 ﬁnem
1273 4000 1401 4056 fecit
1426 4001 1597 4057 libros
1621 4019 1812 4058 eorum
1834 4005 2139 4074 prohibitos

559 4087 956 4142 divinationqu
981 4106 1044 4144 ac
1071 4092 1407 4160 astrologiae
1431 4093 1685 4147 vanitatis
1714 4093 1927 4164 legendi
1963 4095 2139 4164 iisque

559 4179 802 4234 animum
837 4182 1146 4235 addieendi.
1184 4182 1341 4247 Quod
1373 4194 1555 4237 autem
1589 4200 1654 4237 ex
1700 4197 1853 4254 patre
1889 4188 2140 4242 audierat

559 4271 838 4340 accepisse
873 4274 1020 4326 illum
1048 4291 1077 4327 a
1101 4274 1233 4327 viris
1263 4275 1600 4344 Spiritalihus
1633 4294 1697 4332 ac
1722 4280 2030 4334 futurorum
2062 4282 2142 4336 in-

563 4363 858 4434 telligentia
898 4367 1154 4434 praeditis,
1197 4367 1309 4420 fore
1345 4379 1403 4420 ut
1433 4370 1583 4422 vario
1615 4379 1732 4424 astu
1770 4388 1843 4460 ag
1863 4374 2142 4428 machina-

2235 3182 2400 3238 φησι⁸
2443 3169 2512 3222 Τὸ
2552 3169 2739 3236 ἣμισυ
2764 3169 2873 3236 τῆς
2910 3171 3127 3234 οὐσίας
3177 3169 3366 3224 αὑτοῦ
3418 3174 3743 3240 προθύμως
3785 3173 3816 3224 ὁ

2234 3262 2375 3330 ἐμὸς
2406 3261 2605 3328 πατὴρ
2627 3261 2870 3328 παρέξει
2901 3274 3024 3314 σοι.
3061 3261 3121 3312 '0
3144 3261 3234 3313 δέ’
3259 3262 3343 3314 Οὐ
3375 3262 3574 3331 χρῄζω
3597 3264 3822 3331 χρήμαο

2236 3371 2329 3418 τα,
2357 3353 2493 3406 ἀλλ’
2520 3352 2664 3406 οὐδὲ
2695 3354 2798 3406 τὸν
2832 3352 3058 3421 πατέρα
3097 3369 3214 3407 σου
3245 3352 3464 3422 γνῶναι
3493 3356 3562 3407 τὸ
3590 3354 3820 3424 δρᾶμα·

2237 3444 2372 3498 ἀλλ’
2396 3443 2536 3497 ἐλθὲ
2556 3445 2681 3512 μετ’
2703 3443 2849 3510 ἐμοῦ
2877 3446 2964 3507 είς
2986 3443 3159 3496 τόνδε
3192 3446 3299 3496 τὸν
3337 3446 3548 3508 τόπον,
3585 3448 3692 3498 καὶ
3731 3447 3830 3510 ἆρ-

2237 3551 2420 3603 νησαι
2468 3537 2577 3588 τὸν
2624 3536 2814 3588 τύπον
2853 3536 2923 3588 ἐν
2947 3531 2994 3604 ᾧ
3037 3536 3280 3602 Ἰησοῦν
3308 3537 3828 3605 προσηλώσσμεν.

2238 3629 2335 3681 καὶ
2360 3628 2530 3681 δώσω
2555 3643 2655 3681 σοι
2683 3627 3025 3696 παράδοξον
3063 3629 3396 3698 φυλακτὸν,
3447 3631 3548 3682 καὶ
3581 3631 3767 3684 ἔσται
3799 3629 3834 3694 ἢ

2239 3719 2349 3787 ζωή
2379 3736 2493 3772 σου
2520 3718 2688 3774 πᾶσα
2710 3720 2780 3772 ἐν
2809 3721 3093 3789 εὐημερίᾳ
3111 3723 3206 3774 καὶ
3229 3723 3470 3789 πλούτῳ
3491 3724 3593 3776 καί
3621 3721 3839 3790 πολλῆ

2239 3811 2426 3880 σοφίᾳ
2457 3811 2552 3864 καὶ
2583 3809 2758 3879 χαρᾷ.
2791 3811 2892 3864 Τὸν
2920 3812 2975 3864 δὲ
3009 3814 3304 3882 προθύμως
3337 3815 3684 3876 ἀκούσαντα,
3743 3815 3842 3867 καὶ

2243 3905 2423 3958 πάντα
2449 3903 2584 3974 πρὸς
2608 3905 2708 3973 τὴν
2728 3905 2820 3957 τοῦ
2862 3905 3054 3974 γόητος
3084 3906 3378 3975 ἀρέσκειαν
3409 3909 3747 3960 τετελεκότα
3773 3907 3837 3965 ⁸³.

2242 4000 2336 4052 καὶ
2366 3998 2550 4052 ἔκτοτε
2593 4001 2716 4062 ταῖς
2747 3999 3230 4068 ἀπηγορευμέναις
3265 4000 3445 4053 αὐτῶν
3480 4001 3701 4071 βίϐλοις
3738 4000 3838 4062 τῆς

2249 4092 2516 4162 μαντικῆς
2550 4091 2645 4144 καὶ
2696 4092 3094 4160 ἀστρολογικῆς
3131 4093 3416 4162 τερατείας
3446 4095 3550 4148 οὐκ
3586 4094 3833 4161 ἀποσκύ-

2249 4202 2408 4255 μενος
2431 4184 2524 4236 τὸν
2555 4183 2701 4245 νοῦν,
2763 4184 2888 4236 ἐπεὶ
2931 4185 3146 4238 ἀκούων
3173 4181 3240 4256 ἦν
3275 4189 3426 4255 παρὰ
3460 4187 3554 4240 τοῦ
3593 4188 3830 4256 πατρὶς,

2244 4276 2319 4339 ὡς
2351 4277 2455 4328 ὑπὸ
2504 4275 2884 4345 προορατικῶν
2924 4277 3132 4347 ἀνδρῶν
3187 4279 3509 4346 ἀκηκοότος,
3541 4281 3626 4333 ὅτι
3668 4282 3832 4331 πολυ-

2247 4370 2462 4437 τρόπως
2490 4369 2579 4421 τὸν
2611 4370 3009 4439 πατριαρχικὺν
3056 4369 3242 4437 θρόνον
3287 4371 3638 4441 ἐπιϐήσεται,
3677 4369 3834 4422 τοῦτο

563 4454 764 4508 mentis
795 4455 1214 4524 patriarchalem
1250 4457 1409 4526 671
1453 4457 1670 4512 demum
1708 4453 1966 4515 thronum
2008 4479 2123 4519 cont

2249 4463 2304 4514 ὲν
2343 4461 2522 4531 ἐαυτῷ
2559 4463 2811 4532 στρέφων
2850 4463 3135 4534 Γρηγορίῳ
3164 4464 3269 4516 τινὶ
3321 4465 3420 4533 τῆς
3475 4464 3831 4534 Συρακούσης

562 4545 872 4610 scenderet,
913 4547 1014 4600 hoc
1039 4547 1221 4600 animo
1257 4564 1499 4605 versans.
1528 4565 1650 4603 cum
1679 4550 1943 4621 Gregorio
1975 4553 2140 4622 Syra-

563 4651 780 4693 cusana:
811 4638 1082 4707 quondam
1117 4638 1372 4692 Ecclesia:
1398 4639 1656 4710 episcopo
1687 4642 1798 4712 (qui
1832 4652 1887 4697 et
1915 4644 2146 4701 Asbetas

563 4732 885 4793 vocabatur,
911 4742 967 4786 et
989 4748 1018 4786 a
1047 4749 1242 4802 magno
1270 4733 1546 4787 Methodio
1573 4750 1787 4790 cessare
1813 4737 2001 4807 jussus
2027 4751 2146 4794 erat

565 4833 681 4880 tum
710 4824 780 4880 ob
798 4825 900 4878 alia
930 4826 1108 4896 plura,
1133 4836 1245 4879 tum
1271 4826 1416 4894 quod
1444 4837 1597 4881 extra
1621 4829 1915 4897 parmciam
1936 4830 2145 4886 Zacha-

567 4917 726 4982 riam,
777 4917 1021 4985 ejusdem
1064 4917 1326 4972 Methodii
1369 4920 1694 4988 patriarchae
1730 4919 1796 4974 ad
1839 4922 2144 4978 Romanum

564 5007 866 5062 antistitem
901 5009 1278 5080 presbyterum
1317 5011 1590 5074 nuntimn,
1616 5011 1988 5083 ordinaverat)
2022 5030 2146 5070 cum

568 5101 664 5155 illo
686 5101 914 5170 aliisque
934 5110 1196 5170 prazterea
1215 5103 1564 5171 quibusdam.
1595 5103 1666 5156 ob
1691 5105 1894 5160 scelera
1919 5107 2148 5175 perinde

568 5193 738 5262 gradu
765 5195 949 5257 motis,
976 5195 1214 5250 amicitia
1235 5194 1502 5264 jungitur.
1524 5195 1580 5248 In
1607 5196 1717 5250 illis
1744 5208 1900 5253 erant
1932 5199 2151 5252 Eulam-

569 5286 692 5354 pius
726 5287 1069 5356 Apatuicusis
1113 5295 1168 5341 et
1215 5288 1410 5342 Petrus
1466 5287 1623 5357 Syhei
1664 5288 1868 5358 aliique
1903 5305 2024 5344 cum
2071 5292 2151 5346 eis

569 5381 812 5448 plurimi.
860 5381 923 5434 lli
969 5383 1152 5452 itaque
1191 5381 1244 5436 in
1281 5380 1459 5435 Photii
1501 5381 1724 5434 domum
1759 5385 2154 5438 convenientes

573 5479 629 5522 ct
645 5487 768 5526 cum
785 5473 1046 5542 Gregorio
1065 5482 1368 5538 versantes,
1394 5473 1621 5528 consilia
1639 5473 1927 5528 struebant
1954 5475 2154 5529 adver-

573 5576 670 5615 sus
729 5581 981 5635 magnum
1041 5567 1350 5638 lguatium;
1405 5583 1546 5638 quos
1600 5566 1770 5637 ipsos,
1812 5569 2040 5623 collecta
2100 5569 2152 5624 in

2260 4554 2589 4624 Ἐκκλησίας
2615 4555 2892 4624 γενομένῳ
2943 4555 3248 4624 ὲπισκόπῳ,
3285 4555 3343 4620 ὃς
3387 4557 3486 4610 καὶ
3529 4557 3830 4613 Ἀσσεστές

2245 4648 2512 4711 ἐκαλεῖτο,
2538 4647 2817 4718 καθῄρητο
2843 4647 2902 4700 δὲ
2926 4647 3031 4700 ὑπὸ
3058 4649 3151 4700 τοῦ
3178 4647 3420 4718 μεγάλου
3448 4650 3720 4703 Μεθοδίου
3744 4643 3826 4697 διά

2246 4759 2306 4793 τε
2339 4740 2507 4793 πολλὰ
2537 4739 2672 4794 ἄλλα
2701 4739 2794 4792 καὶ
2823 4739 2911 4793 διὰ
2944 4740 3006 4793 τὸ
3034 4741 3167 4811 παρ’
3194 4741 3412 4808 ὲνορίαν
3450 4740 3827 4813 χειροτονῆσαι

2249 4831 2525 4899 Ζαχαρίαν
2575 4829 2665 4882 τὸν
2691 4828 2784 4882 τοῦ
2817 4831 3158 4900 πατριάρχου
3189 4829 3456 4883 Μεθοδίου
3510 4832 3650 4901 πρὸς
3701 4830 3832 4881 Ῥω·

2253 4927 2409 4994 μαῖον
2442 4925 2484 4955 ⁸⁹
2511 4923 2883 4976 ἀποσταλέντα
2935 4922 3332 4993 πρεσϐύτερον,
3392 4925 3710 4993 φιλιάζεται
3737 4921 3833 4972 σὺν

2249 5015 2421 5085 τούτῳ
2447 5033 2503 5067 τε
2538 5013 2631 5068 καὶ
2659 5015 2838 5076 ἄλλοις
2867 5015 3008 5067 τισὶν
3039 5016 3124 5067 ἐπ’
3158 5016 3468 5085 ἐγκλήμασι
3515 5009 3837 5087 καθῃρημέ-

2251 5127 2383 5171 νοις,
2413 5100 2487 5162 ὧν
2517 5108 2760 5178 ὑπῆρχεν
2812 5105 3128 5176 Εύλάμπιος
3167 5108 3194 5160 ὁ
3261 5108 3568 5176 Ἀπαμείας
3600 5106 3700 5160 καὶ
3733 5101 3836 5153 Πέ-

2252 5218 2379 5271 τρος
2407 5201 2436 5252 ὁ
2477 5200 2705 5252 Συλαίου
2737 5199 2828 5252 καὶ
2854 5198 3004 5252 ἄλλοι
3031 5201 3127 5252 σὺν
3162 5200 3348 5264 αὐτοῖς
3384 5201 3651 5262 πλεῖστοι,
3684 5196 3734 5249 οῖ
3755 5193 3834 5251 εἰς

2254 5294 2346 5347 τὸν
2376 5289 2526 5346 οἷκον
2553 5291 2756 5345 Φωτίου
2792 5293 3174 5362 συνερχόμενοι
3206 5293 3301 5346 καὶ
3358 5294 3500 5364 μετὰ
3535 5287 3834 5365 Γρηγορίου

2259 5384 2614 5455 στρεφόμενοι
2646 5384 2786 5437 κατὰ
2839 5384 2934 5436 τοῦ
2971 5383 3210 5452 μεγάλου
3263 5385 3528 5452 ἰγνατίου
3563 5378 3843 5455 μελετῶν-

2255 5493 2346 5539 τες
2376 5471 2552 5544 ἦσαν’
2581 5474 2675 5538 οὓς
2715 5475 2807 5528 καὶ
2859 5475 3306 5545 συναθροισθεῖσα
3343 5479 3400 5529 ἐν
3451 5478 3532 5548 τῷ
3565 5487 3849 5542 πατριάρ-

2258 5567 2390 5638 χείῳ
2421 5566 2834 5637 μητροπολιτῶν
2864 5567 2957 5620 καὶ
3009 5567 3324 5622 ἐπισκόπων
3360 5567 3578 5632 σύνοδος
3632 5564 3856 5624 πάντας

1835 5661 2071 5718 νΑῐὶΙΑῧ
2114 5661 2525 5720 ιιίΟΤΙΟΝΕδ.

647 5752 692 5785 ⁸⁸
726 5755 755 5824 ἡ
783 5771 890 5811 om.
923 5755 980 5810 P.
1059 5760 1102 5794 ⁸⁷
1129 5760 1250 5814 Est?
1329 5759 1372 5792 ³⁸
1402 5760 1601 5825 παντὸς
1634 5767 1687 5816 et
1710 5759 2053 5826 τετελεκύτος
2091 5762 2147 5817 Ρ.

2227 5761 2268 5795 δ’
2311 5759 2414 5831 leg.
2462 5756 2707 5831 Ῥώμην.
2742 5755 2986 5812 Culubcf.
