3962 6200
212 343 309 407 7‘33

1075 341 1446 404 ANNALES.
1489 369 1555 378 —
1599 341 1940 403 MlCI-IAEL
1981 342 2079 403 ET
2117 344 2557 407 THEODORA.

3366 352 3474 416 73‘

213 456 472 529 καθῄρησε
496 455 591 509 καὶ
622 454 801 523 ἀττεκή
814 454 1180 523 ρυξε.Ἰόὖτον
1210 454 1300 511 ’τὴν
1325 457 1529 512 Φὼτιον
1561 459 1776 528 Bipont;

1892 459 2344 529 patriarchalibus
2392 461 2605 517 adibus
2653 459 3130 531 metropolitarum
3185 463 3475 537 episcopo-

212 550 238 602 6
266 549 487 616 Καῖσαρ,
522 548 550 599 6
587 544 728 609 θεῖος
764 546 984 618 Μιχαὴλ
1016 547 1109 601 τοῦ
1150 548 1438 618 βασιλέως.
1478 552 1781 622 χειροτονεῖ

214 639 562 711 πατριάρχην.
598 640 696 703 ’ος
728 641 845 710 μετ’
876 641 1064 709 ὀλίγας
1120 643 1333 712 ἡμέρας
1369 643 1525 712 ζητεῖ
1556 644 1616 696 τὸ
1653 643 1780 697 ἰδιό-

212 747 375 803 χειρον
403 728 569 785 αὑτοῦ
601 731 859 801 γράμμα,
887 730 1026 800 ὅπερ
1056 731 1192 801 πρὸς
1224 733 1349 793 τοὺς
1370 730 1778 801 μητροπολίτας

213 822 469 892 ἐποίησεν,
499 822 665 892 ἡνίκα
701 822 890 876 τοῦτον
925 824 1006 886 εἰς
1034 825 1373 893 χειροτονίαν
1421 824 1652 895 ἤγαγον,
1701 826 1779 887 ὡς

212 915 357 985 δῆθεν
389 914 519 967 ἰδεῖν
552 931 605 968 τι
640 916 698 967 ὲν
731 916 882 987 αὐτῴ
944 915 1289 987 βονλόμενος.
1356 918 1649 986 Είσάγεται
1684 917 1777 971 οὖν

213 1010 238 1062 6
267 1009 309 1040 ⁵⁵
323 1009 540 1079 χάρτης,
573 1008 669 1061 καὶ
700 1007 945 1083 ζητεῖται
990 1009 1295 1077 ἀσφάλειαν
1327 1010 1416 1062 ἵνα
1447 1009 1522 1081 μὴ
1550 1011 1780 1083 διαρρη-

212 1103 391 1175 χθῆναι
418 1078 488 1158 ⁸⁸,
515 1102 577 1155 Ol
599 1102 654 1155 δὲ
684 1100 779 1154 τοῦ
800 1078 1007 1155 Φωτίου
1038 1101 1131 1155 τὸν
1179 1078 1461 1172 ἀντίχειρα
1506 1078 1602 1155 τοῦ

208 1195 411 1258 τοῡντος
431 1194 594 1248 αὐτὸν
621 1194 922 1257 κλάσαντες
948 1193 1033 1266 [Ρ.
1054 1194 1180 1267 Md]
1198 1194 1288 1247 τὸν
1313 1193 1521 1265 χάρτην
1547 1194 1778 1247 ἀνέσπα-

211 1306 323 1352 σαν,
342 1287 397 1340 ὃν
424 1290 516 1340 καὶ
550 1288 958 1358 χειρωσάμενος
995 1288 1200 1350 Φὼτιος
1240 1289 1321 1351 είς
1352 1288 1525 1341 λεπτά
1553 1288 1777 1341 κατέκο-

207 1380 292 1448 ψε,
314 1379 481 1446 λέγων
506 1394 519 1409 ·
553 1379 702 1432 Οὔτε
740 1375 897 1448 ὑμᾶς
923 1378 1062 1433 οὔτε
1082 1378 1189 1433 τὸν
1214 1378 1506 1449 Ἰγνὰτιον
1532 1380 1781 1434 ἐπίσκο-

206 1491 318 1531 πον
339 1475 473 1543 ἔχω.

271 1568 478 1640 λβ’-λγ⁹.
513 1567 604 1638 Τῷ
631 1568 674 1638 β’
696 1567 827 1634 ἔτει,
859 1568 1067 1622 Φωτίου
1098 1568 1189 1623 τὸν
1220 1568 1401 1640 τίμιον
1432 1569 1671 1640 σταυρὸν
1698 1570 1779 1633 είς

202 1661 300 1730 τὴν
332 1659 523 1731 ἑορτὴν
570 1658 853 1730 ὑψοῦντος,
896 1659 1132 1731 μοναχός
1171 1676 1251 1723 τις
1283 1659 1512 1729 πλησίον
1556 1658 1650 1712 τοῦ
1682 1659 1778 1713 Ou-

1879 567 2115 622 rumque
2136 553 2381 624 synodus
2405 568 2598 608 omnes
2626 554 3002 610 exauctoravit
3034 561 3200 625 atque
3229 559 3474 628 proscri-

1877 644 2009 714 psit.
2044 644 2202 699 Hunc
2228 646 2484 701 Photium
2508 647 2713 702 Bardas
2743 646 2945 716 Caesar,
2976 649 3260 707 Michaelis
3298 654 3475 723 impe-

1878 737 2080 792 ratoris
2112 737 2440 801 avunculus,
2483 740 2850 809 patriarcham
2875 750 3046 796 creat.
3074 744 3125 798 Is
3146 741 3297 798 brevi
3331 753 3475 815 post,

1879 847 2019 901 quas
2067 847 2232 886 manu
2288 833 2513 902 prapria
2557 834 2791 903 scriptas
2842 837 3212 907 metropolitis
3262 838 3474 894 litteras

1879 923 2110 978 dederat
2150 934 2266 979 tum
2313 939 2437 979 cum
2495 925 2673 994 ipsum
2721 928 3030 983 ordinaturi
3074 941 3473 995 convenerant,

1880 1016 2039 1087 petit,
2087 1025 2349 1086 tanquam
2398 1017 2609 1074 scilicet
2655 1019 2860 1091 aliquid
2892 1021 2946 1075 in
2982 1022 3065 1077 eis
3097 1024 3474 1093 inspecturus.

1879 1110 2119 1164 Allatum
2172 1124 2302 1179 ergo
2350 1109 2591 1180 diploma
2646 1120 2769 1175 est,
2804 1111 3075 1182 ﬁdemque
3126 1114 3355 1186 exigunt
3408 1132 3477 1172 ne

1882 1201 2015 1256 illud
2061 1201 2437 1272 diﬂ'ringatur.
2480 1203 2548 1257 At
2578 1203 2670 1273 qui
2699 1204 2879 1258 Photii
2917 1206 3156 1274 partium
3205 1216 3385 1272 erant,
3424 1210 3475 1263 vi

1880 1303 2160 1365 arreptum
2194 1311 2225 1350 e
2270 1312 2434 1350 manu
2485 1298 2724 1352 tenentis
2779 1299 3028 1353 chartam
3089 1299 3476 1368 disciderunt;

1880 1404 2045 1459 quam
2080 1398 2135 1442 et
2164 1388 2406 1456 {Photius
2447 1390 2871 1459 apprehendens
2908 1391 3164 1446 minutim
3208 1393 3477 1459 concidit,

1881 1479 2071 1535 dicens
2103 1496 2115 1531 :
2144 1477 2323 1547 Neque
2348 1496 2436 1533 vos
2460 1481 2725 1551 episcopos
2763 1483 2928 1536 habeo
2954 1500 3048 1536 nec
3077 1483 3368 1554 Ignatium.

1953 1572 2144 1627 32-35.
2200 1572 2360 1627 Anno
2414 1574 2697 1640 secundo,
2753 1590 2879 1629 cum
2932 1575 3165 1631 Photius
3205 1592 3483 1630 veneran-

1881 1666 2006 1721 dam
2054 1680 2293 1723 tcrucem
2351 1681 2451 1735 per
2500 1665 2610 1721 diei
2669 1667 2792 1737 ejus
2846 1668 3117 1724 solemnia
3178 1668 3482 1734 exaltaret,

204 1753 517 1825 σιαστηρίου
540 1750 712 1816 ἑστὼς
746 1751 1053 1823 διορατικὸς
1076 1748 1217 1805 εἶδεν
1247 1752 1425 1823 θέαμα
1457 1751 1625 1819 ξένον,
1652 1751 1777 1822 ὅφιν

1892 1758 2190 1814 monachus
2241 1757 2466 1827 quidam
2524 1757 2670 1811 haud
2716 1759 2911 1828 procul
2973 1758 3043 1813 ab
3094 1761 3252 1814 altari
3306 1769 3482 1825 stans,

201 1822 533 1916 napps‘réﬂ'q
579 1845 678 1907 τὰς
711 1822 905 1915 χεῖρας
938 1842 1033 1898 τοῦ
1078 1843 1284 1897 Φωτίου
1335 1844 1665 1915 κρατοῦντα,
1688 1845 1781 1898 τὸν

1892 1848 1970 1903 vir
2008 1849 2173 1920 672
2218 1822 2535 1902 futurorum
2574 1822 2939 1919 intelligentia
2984 1850 3297 1919 perspicax,
3328 1822 3485 1903 inau;

201 1937 257 1991 δὲ
290 1937 516 2007 σταυρὸν
541 1937 633 1990 τὸν
665 1935 851 2006 τίμιον
880 1936 967 2004 ἐφ’
1001 1935 1196 1989 ἑαυτοῦ
1226 1935 1624 2007 ἀνυψούμενον.
1648 1937 1784 1990 26v-

198 2046 395 2102 τρομος
421 2028 478 2082 δὲ
506 2028 751 2100 γεγονὼς
790 2027 1002 2099 μεγάλα
1050 2027 1250 2099 ἕκραζε
1284 2027 1380 2080 καὶ
1409 2028 1674 2098 σύντομον
1697 2027 1779 2091 τὸ,

195 2124 391 2192 Κύριε,
417 2120 704 2189 ἐλέησον.
731 2120 843 2174 Καί
868 2137 1012 2184 τινες
1048 2119 1146 2172 σὺν
1170 2118 1317 2190 αὐτῷ
1346 2119 1598 2183 εὐλαϐεῖς
1630 2120 1784 2174 lota-

198 2230 351 2284 μενοι
392 2212 453 2266 τὸ
498 2211 672 2268 αἴτιον
704 2212 1027 2282 ἀνηρώτων,
1059 2212 1155 2266 καὶ
1188 2213 1349 2278 αὐτὸς
1384 2212 1485 2285 τὴν
1513 2214 1783 2269 ὀπτασίαν

194 2302 347 2358 εἶπεν
377 2305 582 2367 αὐτοῖς.
630 2304 694 2359 Οἱ
750 2304 806 2357 δὲ
854 2299 996 2375 ἦσαν
1045 2304 1154 2357 τῶν
1191 2304 1299 2358 ἀπὸ
1333 2305 1435 2375 τῆς
1486 2305 1782 2377 ἐκκλησίας

192 2395 604 2467 πρεσϐυτέρων.
641 2389 801 2450 Οὗτοι
831 2395 887 2448 δὲ
922 2396 1059 2464 πρὸς
1102 2395 1194 2450 τὸν
1229 2396 1438 2467 εὐλαϐῆ
1469 2398 1565 2452 καὶ
1597 2399 1782 2470 διορα-

190 2486 346 2542 «me»
382 2485 575 2540 τοῦτον
630 2486 865 2557 μοναχὸν
910 2481 1087 2553 εἷπον,
1121 2488 1202 2541 ὄτι
1249 2489 1358 2543 Καὶ
1423 2490 1597 2558 ἡμεῖς
1654 2492 1782 2544 λει-

190 2578 596 2648 τσυργοῦντες
648 2579 773 2649 μετ’
836 2578 1026 2633 αὑτοῦ
1079 2579 1370 2634 οὐδέποτε
1429 2568 1784 2651 ἠκούσαμεν

186 2672 379 2727 αὑτοῦ
402 2672 598 2741 εὐχὴν
622 2673 986 2739 λαλοῦντος,
1018 2673 1181 2727 ἀλλὰ
1198 2672 1314 2729 τῶν
1334 2673 1589 2742 θύραθεν
1613 2689 1782 2743 ποιη-

186 2766 314 2821 τῶν
368 2764 907 2834 ὐποψιθυρίζοντος
948 2767 1219 2834 ῥήματαο
1276 2767 1343 2820 τὸ
1385 2766 1455 2819 δὲ
1507 2765 1782 2837 χαλεπώ-

186 2874 388 2927 τερον,
414 2857 505 2911 ὅτι
531 2858 629 2911 καὶ
659 2857 941 2912 ὑποκάτω
978 2857 1090 2926 τῆς
1124 2858 1286 2925 θείας
1317 2858 1417 2912 καὶ
1447 2860 1619 2926 ἀνίας
1648 2876 1784 2929 τρα-

184 2950 373 3019 πέζης
399 2949 527 3021 έμεῖ
553 2949 1021 3005 δυσωδέστατον
1041 2950 1280 3021 έμετόν.

261 3218 361 3275 λδυ-
405 3218 518 3274 Kai.
549 3218 848 3291 διηγήσατο
882 3218 1018 3289 ἡμῖν
1060 3217 1315 3290 Ἰωάννης
1339 3219 1369 3273 6
1408 3218 1779 3292 Ἦσυχαστὴς,

179 3314 335 3385 ἀνὴρ
358 3312 616 3383 θεοφόρος
650 3315 746 3366 καὶ
795 3310 1156 3382 προορατικδς
1198 3311 1416 3383 ἀληθὲς,
1448 3314 1530 3367 ὅτι
1572 3313 1676 3367 Ἐν
1703 3310 1785 3379 τῷ

180 3405 480 3479 σπηλαίῳ
536 3401 682 3457 ποτὲ
735 3400 1013 3471 σφοδρῶς
1042 3400 1436 3471 καθεζομένου
1480 3419 1620 3473 μου,
1672 3402 1786 3457 δύο

180 3497 357 3564 τινὲς
381 3496 708 3566 ἡγούμενοι
736 3494 1034 3563 Εὑθύμιος
1060 3493 1158 3547 καὶ
1188 3493 1405 3565 Ἰωσὴφ
1424 3495 1544 3550 ὑπὸ
1558 3494 1786 3549 Φωτίου

180 3587 482 3659 σφοδρῶς
506 3587 854 3656 διωκόμενοι
877 3584 1222 3653 παρέϐαλον
1247 3588 1399 3654 πρός
1422 3603 1519 3656 με’
1546 3587 1646 3641 καὶ
1668 3603 1790 3641 κα..

182 3682 310 3748 θὼς
333 3680 565 3735 ἔδωκεν
588 3683 621 3734 ό
649 3679 817 3744 Θεὸς,
843 3677 1133 3748 έστήριξα
1166 3680 1410 3747 αὐτοὺς,
1442 3680 1542 3736 καὶ
1569 3685 1787 3737 τελευ-

182 3774 367 3827 ταῖον
393 3772 605 3837 είπὼν,
639 3772 701 3826 '0
738 3773 1070 3843 ὑπομείνας
1101 3773 1191 3839 είς
1222 3773 1421 3841 τέλος,
1456 3769 1637 3841 οὗτος
1671 3788 1790 3828 σω-

184 3865 482 3935 θήσεται,
518 3863 804 3919 ἀπέλυσα
843 3862 1089 3927 αὐτούς.
1123 3861 1207 3932 Τῇ
1233 3864 1301 3918 δὲ
1328 3865 1589 3934 ἐπιούσῃ
1615 3866 1789 3921 νυκτί

181 3962 308 4029 πρὸ
331 3959 444 4013 τοῦ
457 3958 825 4027 ἀφυπνῶσαί
848 3975 926 4028 με
943 3958 1216 4027 παρέστη
1234 3974 1335 4027 μοι
1358 3959 1579 4027 Αἰθίοψ
1591 3959 1788 4029 μέγας

181 4052 296 4107 καὶ
315 4050 625 4116 ἀπευκτὸς
643 4050 741 4105 καὶ
764 4050 913 4106 ἰδεῖν
934 4052 1204 4121 φρικτὸς,
1226 4051 1294 4117 ὃς
1311 4050 1563 4119 ἦπλωσε
1580 4050 1795 4119 κρατῆ-

178 4162 298 4200 σαι
329 4143 442 4198 τοῦ
472 4142 691 4212 λαιμοῦ
726 4160 847 4212 μου
870 4145 1022 4212 πρὸς
1040 4146 1107 4198 τὸ
1126 4143 1460 4209 ἀποπνῖξαι
1479 4160 1575 4213 με.
1601 4144 1795 4208 Εὐθὺς

177 4238 256 4290 δὲ
277 4236 406 4305 ἐγὼ
422 4235 531 4289 τὸν
549 4237 742 4289 τύπον
763 4235 870 4290 τοῦ
885 4236 1154 4305 σταυροῦ
1172 4235 1441 4305 ποιήσας
1460 4236 1557 4290 καί
1580 4235 1797 4305 θαρρή-

176 4348 313 4395 σας
345 4326 658 4396 ἐκράτησα
688 4328 875 4382 αὐτὸν
898 4329 1015 4383 ἀπὸ
1045 4327 1154 4396 τῆς
1179 4330 1399 4399 χειρὸς,
1427 4329 1549 4394 καί,
1590 4331 1687 4397 Τίς
1717 4325 1794 4396 εἷ,

174 4423 418 4493 λέγων,
438 4419 535 4474 καὶ
547 4421 605 4473 τί
622 4419 690 4473 τὸ
710 4420 896 4490 ὄνομά
915 4436 1053 4483 σου,
1067 4421 1164 4475 καὶ
1184 4422 1272 4487 τίς
1291 4425 1323 4475 ό
1339 4424 1709 4489 ἀποστείλας
1724 4438 1798 4477 σε

1886 1943 2055 1999 dilam
2099 1957 2218 1997 rem
2258 1941 2402 1996 vidit
2440 1957 2505 1996 ac
2537 1943 2698 2011 plane
2748 1941 3048 2005 insolitam,
3096 1940 3335 2011 ingentis
3367 1957 3483 1994 mo-

1884 2037 1954 2094 lis
2000 2043 2319 2107 serpentem
2371 2033 2555 2089 Photii
2602 2032 3040 2103 adstringentem
3088 2046 3308 2096 manus,
3356 2047 3481 2085 cnm

1883 2127 2204 2185 veneranda
2254 2114 2389 2183 crux
2441 2125 2561 2196 ipsa
2618 2141 2649 2180 a
2704 2140 2762 2181 se
2812 2123 2933 2195 ipsa
2979 2123 3338 2177 exaltaretur.
3382 2121 3480 2177 Rei

1884 2241 2016 2297 ergo
2048 2221 2365 2293 spectaculo
2410 2219 2662 2283 territus,
2710 2233 2907 2289 magna
2950 2227 3320 2286 contentaque
3351 2232 3485 2270 voce

1885 2318 2148 2375 clamare.
2171 2313 2416 2376 Domine,
2450 2313 2723 2365 miserere.
2785 2309 3060 2365 Clamoris
3112 2323 3337 2364 causam
3389 2323 3485 2361 ex-

1885 2407 2270 2480 quirentibus,
2324 2404 2419 2474 qui
2465 2418 2590 2457 cum
2650 2403 2746 2457 illo
2792 2402 3013 2481 stabant
3060 2403 3166 2456 viri
3216 2401 3482 2472 religiosi,

1882 2502 2154 2556 visionem
2228 2496 2340 2552 illis
2404 2496 2645 2566 aperuit.
2728 2496 2901 2551 Erant
2973 2496 3030 2549 hi
3100 2509 3166 2551 ex
3234 2495 3484 2549 ecclesizr

1883 2589 2244 2666 presbyteris,
2283 2587 2378 2659 qui
2422 2594 2479 2642 et
2519 2587 2622 2657 ipsi
2668 2585 2974 2641 venerabili
3018 2585 3152 2640 huic
3201 2601 3264 2640 ac
3316 2584 3483 2656 spiri-

1885 2686 1979 2741 tali
2040 2681 2313 2738 monacho
2371 2679 2635 2735 dixerunt
2663 2698 2676 2733 :
2713 2679 2821 2735 Nos
2853 2694 3058 2750 quoque
3088 2694 3205 2732 cum
3246 2676 3344 2731 illo
3372 2694 3484 2730 rem

1884 2778 2099 2834 sacram
2143 2780 2453 2845 peragentes
2487 2789 2764 2844 nunquam
2797 2770 3085 2825 solemnem
3126 2771 3485 2841 precationem

1883 2870 2139 2924 dicentem
2189 2864 2690 2936 eumxaudivimus,
2745 2863 2837 2918 sed
2898 2862 3248 2934 profanorum
3300 2870 3486 2916 vatum

1882 2960 2040 3016 verba
2091 2958 2636 3014 submurmurantem.
2679 2954 2831 3021 Quod
2863 2970 2983 3008 vero
3023 2955 3101 3007 his
3135 2954 3349 3024 gravius
3379 2960 3479 3007 est,

1885 3057 2045 3110 etiam
2092 3053 2185 3108 sub
2236 3052 2417 3105 divina
2466 3064 2726 3119 sacraque
2803 3065 2984 3102 mensa
3048 3047 3227 3121 [storis
3275 3046 3488 3118 pessimi

1806 3171 1851 3231 α
1885 3148 2138 3204 vomitum
2167 3146 2352 3215 egerit.

1955 3239 2046 3294 54.
2080 3235 2337 3292 Narravit
2367 3232 2530 3289 nobis
2581 3230 2823 3287 Joannes
2857 3229 3168 3295 Solitarius,
3217 3229 3302 3283 vir
3339 3227 3485 3283 divi-

1886 3346 1994 3386 nus
2035 3345 2101 3384 ac
2151 3327 2351 3398 spiritu
2414 3323 2744 3396 praphetico
2803 3321 3095 3392 praiditus,
3146 3336 3291 3376 verae
3338 3319 3486 3374 istud

1886 3416 2264 3475 narrationis:
2295 3414 2428 3470 Cum
2484 3411 2802 3483 quandoque
2848 3411 2959 3480 ipse
3011 3409 3245 3480 graviter
3291 3407 3486 3462 habens

1887 3514 1943 3567 in
1993 3527 2148 3583 specu
2190 3526 2307 3564 mea
2351 3507 2624 3571 sederem,
2679 3504 2783 3558 duo
2837 3503 3056 3574 quidam
3108 3502 3487 3554 monachorum

1889 3604 2162 3675 μητροδίιὶ
2202 3600 2521 3672 Enthgmius
2589 3605 2637 3651 et
2684 3595 2901 3666 Ioseph,
2940 3610 3069 3664 quos
3114 3592 3331 3646 Photius
3376 3591 3489 3644 dire

1891 3701 2316 3769 persequeretur,
2383 3692 2453 3745 ad
2497 3707 2580 3745 me
2630 3696 2922 3754 venerunt;
2983 3686 3167 3758 quibus
3225 3691 3488 3755 quantum

1890 3787 2031 3843 Deus
2096 3786 2237 3841 dedit
2312 3802 2344 3839 a
2413 3798 2496 3837 me
2555 3780 2909 3849 conﬁrmatis,
2974 3784 3134 3847 atque
3187 3772 3260 3828 ad
3313 3783 3487 3826 extre-

1894 3899 2040 3940 mum
2089 3882 2319 3951 adjecto,
2370 3877 2473 3942 Qui
2530 3873 2940 3945 perseveraverit
2982 3886 3148 3941 usque
3194 3870 3249 3922 in
3302 3869 3488 3938 linem,

1893 3976 1975 4029 hic
2007 3971 2186 4027 salvus
2221 3969 2320 4020 erit
2350 3974 2400 4028 ι,
2437 3983 2470 4019 ιι
2517 3980 2600 4018 me
2637 3979 2723 4016 eos
2769 3962 2966 4015 dimisi.
3002 3959 3254 4029 Sequenti
3310 3965 3490 4010 autem

1895 4072 2045 4119 nocte
2132 4060 2443 4133 priusquam
2503 4049 2983 4114 obdormiscerem,
3068 4049 3288 4104 adstitit
3365 4048 3493 4103 mihi

1895 4153 2139 4223 {Ethiops
2198 4163 2424 4220 magnus
2494 4152 2544 4198 et
2604 4140 2874 4198 horribilis
2949 4141 3310 4210 adspectuque
3387 4145 3494 4188 ter-

1898 4245 2098 4309 ribilis,
2166 4250 2216 4296 et
2290 4250 2346 4295 ut
2404 4248 2585 4292 tenens
2644 4243 2858 4308 gutture
2931 4232 3239 4303 suﬂ'ocaret,
3303 4244 3494 4282 manus

1899 4338 2199 4410 explicavit.
2231 4332 2280 4387 Μ
2288 4348 2354 4386 om
2373 4348 2467 4403 ego
2495 4329 2662 4383 crucis
2691 4343 2771 4381 me
2793 4327 2946 4396 signa
2987 4322 3251 4381 muniens,
3288 4335 3495 4372 assum-

1903 4409 2101 4504 ptaque
2142 4426 2364 4498 ﬁducia,
2396 4422 2657 4488 Quisnam
2689 4435 2809 4473 vero
2837 4434 2888 4470 es
2923 4424 3003 4480 tu,
3027 4416 3135 4479 aio,
3163 4411 3365 4483 quodve
3398 4409 3498 4464 tib-

175 4514 484 4575 ἐνταῦθα,
512 4513 610 4566 καί
629 4512 704 4567 δι’
727 4512 808 4581 ἣν
829 4513 1026 4568 αἰτίαν
1040 4529 1058 4578 ;
1078 4513 1280 4567 Αὑτὸν
1300 4513 1368 4567 δὲ
1392 4513 1787 4583 ἀποκριθέντα

1899 4540 2087 4579 nomen
2109 4522 2210 4577 ?ac
2225 4520 2339 4591 quis
2362 4526 2411 4571 te
2430 4517 2550 4578 huc,
2572 4532 2633 4569 ac
2650 4528 2836 4584 quare,
2852 4511 2992 4565 misit
3013 4509 3036 4562 ?
3054 4507 3157 4572 Qui
3173 4503 3448 4576 respondit
3479 4519 3497 4557 :

172 4607 420 4662 εἰπεῖν·
438 4604 586 4673 Ἐγώ
601 4607 716 4675 είμι
734 4609 766 4660 ὀ
783 4605 1043 4671 δυνατὸς
1054 4606 1171 4674 μὲν
1190 4605 1296 4659 τοῦ
1316 4608 1556 4674 Βελίαρ,
1577 4610 1801 4677 ὑποιιρ-

177 4701 303 4772 τὸς
327 4698 403 4753 δὲ
421 4699 679 4753 Φωτίου·
707 4699 894 4767 ὄνομα
920 4697 990 4752 δέ
1010 4716 1110 4769 μοι
1137 4699 1469 4766 Λεϐούερας,
1502 4700 1800 4770 συνεργὸς

173 4797 440 4870 γοήτων
455 4796 553 4850 καί
573 4794 898 4865 φαρμακῶν
909 4837 923 4863 ,
940 4795 1159 4865 ὀδηγὸς
1170 4794 1399 4866 μοιχῶν
1413 4796 1512 4850 καὶ
1530 4795 1801 4865 λῃστῶν,

172 4894 391 4964 φίλος
420 4891 492 4945 δὲ
524 4892 834 4960 Ἑλλήνων
869 4891 968 4947 καὶ
1006 4891 1114 4947 τοῦ
1153 4892 1301 4962 ἐμοῦ
1326 4892 1398 4946 ἐν
1435 4892 1679 4960 κρυπτῷ
1707 4896 1811 4947 68-

167 4983 521 5052 ράποντος
543 4983 792 5037 Φωτίου.
821 4982 1163 5039 Ἀπέστειλε
1182 4983 1249 5039 δέ
1264 5001 1342 5055 με
1365 4987 1397 5040 ό
1434 4985 1805 5051 ἐξουσιάζων

168 5092 267 5147 με
304 5077 406 5141 εις
437 5074 759 5145 ἐκδίκησιν
795 5074 984 5129 αὑτοῦ
1013 5075 1113 5130 διὰ
1147 5076 1257 5141 τὰς
1285 5075 1425 5144 χθὲς
1455 5076 1582 5131 κατ’
1615 5077 1805 5131 αὐτοῦ

172 5168 475 5237 ἀτιμίας,
534 5168 641 5222 τοῦ
674 5167 1176 5238 περιεργάσεσθαί
1208 5182 1303 5232 σε,
1350 5166 1511 5234 ὅπως
1546 5185 1802 5239 μεταμε-

168 5261 424 5329 ληθεὶς
444 5260 714 5329 ἀποδέξῃ
732 5262 921 5316 αὑτὸν
942 5250 1039 5314 καὶ
1071 5259 1482 5329 ἀλλοτριωθῇς
1498 5261 1606 5315 τοῦ
1630 5261 1802 5324 Θεοῦ,

168 5352 413 5422 καθὼς
467 5354 568 5408 καὶ
635 5355 852 5420 ἄλλοις
905 5353 1084 5409 τοῦτο
1133 5352 1468 5423 πεποίηκεν
1523 5353 1800 5421 πολλοῖς.

261 5576 304 5607 x
351 5562 553 5618 Matth.
584 5578 642 5628 ι,
674 5560 766 5615 22.

1905 4618 2019 4688 Ego
2051 4632 2168 4670 sum
2208 4622 2390 4683 potens
2420 4608 2654 4665 Beliaris
2684 4606 2964 4675 Photiique
2992 4602 3233 4655 minister
3258 4614 3277 4653 :
3307 4612 3499 4651 nomen

1904 4708 2068 4780 6'73
2100 4706 2227 4760 mihi
2257 4703 2511 4774 Lebufas;
2557 4698 3008 4772 prazstigiatorum
3047 4691 3268 4761 adiutor
3304 4706 3368 4743 ac
3407 4704 3499 4743 ve-

1904 4778 2217 4869 neﬁcarum,
2260 4795 2582 4850 moechorum
2618 4791 2726 4844 dux
2759 4796 2809 4843 et
2838 4786 3138 4850 latronum,
3184 4778 3496 4837 Grazcorum

1906 4893 2108 4951 amicus
2137 4906 2199 4945 ac
2238 4888 2434 4953 Photii,
2465 4886 2552 4956 qui
2591 4899 2737 4939 meus
2770 4881 2826 4935 in
2870 4877 3075 4935 occulto
3116 4891 3299 4932 servus
3339 4880 3414 4928 est
3450 4888 3502 4933 ει

1907 4981 2099 5038 cultor.
2133 4979 2275 5035 Misit
2317 4993 2399 5032 me
2450 4992 2572 5031 vero
2614 4973 2860 5028 dominus
2902 4985 3047 5024 meus
3097 4965 3273 5022 ultum
3312 4962 3502 5043 serio,

1907 5091 2027 5147 quce
2067 5076 2125 5129 in
2167 5089 2285 5128 eum
2333 5070 2528 5143 probra
2571 5066 2687 5122 heri
2703 5066 2921 5131 jactata
2971 5068 3115 5127 sunt,
3140 5058 3504 5126 curiosiusque

1910 5169 2264 5233 observatum,
2310 5181 2413 5238 quo
2444 5163 2690 5219 nimirum
2743 5158 3052 5232 poenitentia
3098 5154 3286 5208 ductus
3329 5152 3504 5221 ipsum

1913 5263 2137 5333 recipias
2167 5267 2323 5332 atque
2352 5277 2384 5313 a
2418 5257 2527 5312 Deo
2559 5255 2767 5311 alienus
2787 5252 2910 5323 ﬁas,
2946 5249 3085 5322 quod
3109 5255 3159 5302 et
3194 5261 3299 5301 non
3320 5243 3509 5315 paucis

1914 5353 2034 5409 aliis
2076 5354 2218 5425 fecit.
2258 5351 2334 5408 Tu
2364 5352 2628 5407 enimvero
2662 5347 2833 5403 cruris
2883 5350 3165 5401 armatura
3211 5335 3504 5394 invalidum

1545 5700 1775 5758 VARI/Ii
1813 5698 2216 5760 LECTIONES.

260 5835 331 5872 ‘°
355 5840 388 5891 6
420 5850 532 5891 om.
561 5838 626 5893 P.
702 5837 744 5870 "
786 5835 1057 5909 ἀσφάλεια
1078 5835 1167 5889 ἵνα
1190 5833 1267 5907 μὴ
1296 5830 1643 5906 διαρῤηχθῇῖ
