3962 6200
202 249 297 311 737

1113 239 1484 300 ANNALES.
1523 262 1589 271 -
1631 232 1975 296 MICHAEL
2010 233 2106 294 ET
2137 229 2576 292 TllEODORA.

3345 225 3456 290 738

204 361 503 436 ερχομὲνου,
537 355 900 428 καθεζόμενος
924 359 950 410 6
979 357 1265 428 πατρίκιος
1295 353 1565 425 Δαμιανδς
1599 352 1656 404 ὲν
1688 348 1765 420 τῷ

1894 363 2052 402 oram
2113 355 2469 410 transeunte,
2522 341 2821 398 Damiauus
2873 339 3140 411 patricius
3192 350 3248 396 et
3294 356 3456 397 accu—

204 451 484 525 ὼρολογίῳ,
515 453 544 503 6
601 450 694 503 καὶ
752 447 1272 520 παρακοιμώμενος,
1325 447 1428 499 οὐκ
1481 443 1765 515 ἐπηγέρθη

1871 441 2092 496 bitorin
2123 437 2412 509 horologio
2435 436 2635 494 sedens
2667 434 2745 489 illi
2771 433 3002 488 honoris
3033 448 3197 489 causa
3229 433 3457 488 minime

203 547 414 618 τιμῆσαι
449 542 634 596 αὐτόν.
681 542 740 594 'U
772 541 827 595 δὲ
883 540 1153 611 θυμωθεὶς
1199 539 1278 609 τῷ
1315 537 1529 609 βασιλεῖ
1564 537 1769 589 κλαίων

1903 532 2192 587 ssurrexit.
2246 532 2323 586 Ea
2380 545 2440 584 re
2489 529 2580 584 iile
2623 536 2984 598 exasperatus
3031 527 3228 597 lugens
3282 525 3461 595 impeo
3527 581 3530 588 ,

204 639 345 693 τοῦτο
380 635 738 708 ἀπήγγειλεν,
776 637 902 699 καὶ,
946 635 1029 687 ὅτι
1083 635 1189 699 Εις
1223 631 1456 697 ὄνειδος
1499 627 1608 696 τῆς
1651 626 1762 695 σῆς

200 731 508 797 ,ϐασιλείας
543 730 654 782 οὐκ
681 726 978 795 ἐπηγέρθη
1009 744 1133 795 μοι.
1178 727 1235 778 '0
1271 725 1326 778 δὲ
1353 724 1605 795 βασιλεὺς
1633 725 1767 792 αὐτῇ

204 828 266 894 τῇ
302 822 413 894 ᾦρᾳ
450 820 686 889 ἐξορίζει
733 819 825 872 τὸν
857 815 1356 888 παρακοιμὼμενον
1391 815 1667 885 Δαμιανὸν
1714 815 1771 866 ἐν

313 912 473 982 Ἀγίῳ
509 911 794 978 Μάμαντι,
827 911 922 962 καὶ
953 906 1321 979 προϐάλλεται
1359 905 1637 957 Βασίλειον
1677 904 1770 956 τὸν

209 1004 655 1080 πρωτοστράτορα
693 1001 859 1055 αὑτοῦ
909 996 1424 1071 παρακοιμώμενον.
1471 999 1642 1050 Τοῦτο
1674 999 1702 1050 6
1726 998 1770 1029 ⁵⁸

211 1102 413 1168 Καῖσαρ
445 1095 567 1150 ἰδὼν
610 1094 856 1165 ἐλυπήθη
892 1093 1038 1159 λίαν,
1082 1093 1176 1146 καὶ
1234 1091 1423 1162 ἐζήτει
1451 1091 1771 1145 ἀποκτεῖναι

211 1192 492 1244 Βασίλειον.

274 1284 342 1355 μ’.
379 1286 467 1355 Τῷ
492 1283 557 1336 ια’
585 1282 752 1337 αὑτοῦ
788 1282 898 1336 ἔτει
928 1281 1190 1354 ἐχώρισεν
1213 1284 1238 1335 ὁ
1273 1280 1522 1352 βασιλεὺς
1555 1277 1774 1349 Μιχαὴλ

206 1380 288 1430 τὸν
316 1377 594 1430 Βασίλειον
630 1377 730 1446 τῆς
780 1376 945 1429 αὐτοῦ
985 1375 1242 1443 γυναικὸς
1292 1373 1529 1444 Μαρίας.
1564 1372 1658 1425 καὶ
1687 1372 1774 1424 δέ-

203 1473 366 1524 δωκεν
416 1467 564 1539 αὐτῷ
601 1472 836 1536 γυναῖκα
891 1468 1156 1522 Εὺδοκίαν
1194 1469 1294 1538 τὴν
1328 1465 1659 1536 Ἰγγηρίναν,
1697 1465 1776 1516 δι-

202 1559 518 1629 ορισάμενος
555 1557 705 1628 αὐτῷ
736 1559 939 1628 κυρίως
966 1557 1137 1628 αὐτὴν
1178 1558 1352 1628 ἔχειν’
1387 1553 1455 1627 ἦν
1493 1557 1603 1628 γὰρ
1637 1556 1774 1626 αὑτὴ

202 1651 290 1703 τοῦ
324 1649 589 1720 βασιλέως
628 1649 897 1720 παλλακὴ,
928 1651 1023 1702 καὶ
1073 1650 1216 1703 πάνυ
1259 1650 1450 1718 ἠγάπα
1491 1647 1660 1716 αὐτὴν
1699 1645 1772 1708 ὡς

202 1741 465 1811 εὐπρεπῆ.
514 1741 623 1811 Τὴν
664 1740 720 1792 δὲ
753 1740 1028 1811 προτέραν
1062 1739 1225 1792 αὐτοῦ
1256 1741 1488 1806 γυναῖκα
1529 1737 1770 1804 Μαρίαν,

199 1837 319 1897 δοὺς
352 1835 581 1906 χρυσίον
625 1834 718 1887 καὶ
753 1833 984 1886 πλοῦτον
1017 1833 1202 1898 πολὺν,
1244 1831 1562 1886 ἀπέστειλεν
1595 1831 1676 1892 είς
1712 1830 1779 1882 τὰ

201 1929 323 1982 ἴδια.
349 1928 561 1982 Θέκλαν
597 1927 778 1996 δὲτὴν
827 1926 961 1979 ἰδίαν
1003 1926 1239 1997 ἀδελφὴν
1288 1926 1640 1996 προσήρμοσε
1677 1924 1782 1976 Βα-

201 2020 380 2090 σιλείῳ
407 2019 502 2073 τοῦ
529 2018 672 2089 ἔχειν
698 2017 867 2088 αὐτὴν
905 2017 1071 2080 ἰδίως.
1106 2018 1162 2069 '0
1189 2017 1374 2088 μέντοι
1394 2018 1615 2085 Καῖσαρ
1635 2016 1728 2070 καὶ
1753 2017 1781 2068 ὁ

197 2113 462 2180 βασίλειος
486 2110 797 2163 ὑπεϐλέπον
809 2127 861 2162 :o
884 2109 1172 2177 ἀλλήλους,
1197 2107 1488 2180 ζητοῦντες
1513 2107 1634 2171 πῶς
1655 2107 1778 2159 ἓτε-

199 2220 287 2274 ρος
310 2203 401 2255 τὸν
441 2202 626 2272 ἕτερον
657 2201 845 2270 ἀνέλῃ.
879 2203 972 2252 Διὸ
995 2201 1088 2253 καὶ
1114 2201 1373 2272 ἐλοιδόρει
1400 2199 1491 2253 τὸν
1524 2200 1780 2270 Καίσαρα

197 2293 475 2354 Βασίλειος
500 2293 634 2363 πρὸς
654 2293 742 2344 τὸν
763 2293 988 2362 βασιλέα
1005 2292 1076 2355 ὡς
1104 2295 1226 2345 κατ’
1254 2291 1421 2345 αὑτοῦ
1447 2291 1779 2362 μελετῶντα.

209 2387 267 2439 Ὀ
283 2387 339 2438 δὲ
357 2385 535 2439 ταῦτα
559 2385 633 2447 ὠς
652 2383 819 2455 λῆρον
851 2385 1068 2455 ἤκουεν.
1088 2385 1178 2438 Διὸ
1194 2385 1289 2436 καὶ
1309 2386 1554 2437 σπεύδων
1578 2385 1684 2454 πλη
1695 2400 1782 2453 ρο-

197 2477 431 2550 ςορῆσαι
447 2478 539 2530 τὸν
557 2477 781 2547 βασιλέα
804 2494 866 2529 συ
875 2477 1182 2547 μφιλιοῦται
1201 2478 1270 2529 Συ
1279 2479 1494 2547 μϐατίῳ
1509 2477 1788 2546 πατρικίῳ

198 2573 291 2626 καὶ
315 2572 580 2643 λογοθὲτῃ
599 2570 693 2624 τοῦ
712 2571 936 2642 δρόμου,
959 2570 1195 2643 γαμϐρῷ
1231 2571 1326 2623 τοῦ
1352 2571 1626 2640 Καίσαρος
1651 2586 1664 2600 ·
1691 2571 1785 2623 καὶ

193 2666 262 2718 δι’
311 2666 494 2734 ὅρκων
538 2664 851 2734 βεϐαιοῦσιν
905 2663 1169 2732 ἀλλήλους
1210 2662 1255 2695 ⁸³
1309 2662 1408 2733 τὴν
1459 2663 1538 2726 εις
1583 2661 1784 2723 αὐτοὺς

195 2759 476 2829 ὁμόνοιαν.
546 2757 945 2827 Ἐπληροφόρει
1003 2755 1061 2808 δὲ
1129 2755 1440 2826 Συμϐἀτιον
1506 2754 1788 2816 Βασίλειος

191 2855 263 2908 δι’
310 2853 496 2923 ὅρκων
536 2850 802 2921 φρικτῶν,
849 2850 932 2902 ὅτι
974 2849 1082 2902 Τοῦ
1116 2849 1428 2914 ,βασιλέως
1465 2845 1668 2900 πολλά
1714 2863 1790 2900 σε

194 2944 564 3016 ἀγαπῶντος
625 2944 915 3006 ,βούλεται
975 2945 1244 3010 Καίσαρα
1306 2942 1784 3010 προϐάλλεσθαι,

1872 625 2040 678 ratori
2082 623 2273 688 refert,
2318 622 2485 692 idque
2538 621 2724 676 animo
2758 621 3090 690 cogitantem
3125 620 3202 674 ait
3237 634 3347 674 non
3377 634 3463 673 as-

1872 719 2198 783 surrexisse,
2223 727 2281 772 ut
2321 718 2523 788 regiam
2550 717 2721 787 ipsam
2748 715 3081 784 majestatem
3097 714 3299 785 injuria
3331 729 3457 783 pro-

1871 809 2066 878 broque
2111 809 2355 863 violaret.
2411 807 2528 863 Hoc
2569 808 2760 862 audito
2809 807 3142 875 imperator,
3198 804 3467 859 Damiano

1874 905 1940 959 ad
2001 904 2058 960 S.
2095 903 2395 959 Mamantis
2441 903 2727 972 ablegato,
2786 901 3047 956 Basilium
3097 907 3462 968 protostrato—-

1875 1013 1990 1051 rem
2043 996 2424 1052 accubitorem
2485 994 2736 1064 praeficit.
2787 994 2990 1050 Videns
3051 1000 3234 1047 autem
3283 989 3465 1046 Caesar

1875 1104 1990 1142 rem
2023 1086 2409 1142 molestissime
2441 1085 2657 1150 habuit,
2685 1101 2991 1154 necemque
3023 1084 3226 1138 Basilio
3261 1080 3469 1136 machi-

1874 1184 2130 1238 nabatur.

1944 1275 2037 1328 40.
2087 1275 2247 1328 Anno
2283 1274 2403 1343 ejus
2449 1271 2664 1341 imperii
2705 1267 3000 1323 undecimo
3047 1268 3277 1323 Michael
3325 1268 3470 1322 Basi-

1875 1364 2010 1418 lium
2057 1364 2205 1432 cogit
2248 1363 2376 1418 dato
2423 1362 2611 1416 libello
2662 1359 2879 1429 repudii
2923 1359 3145 1412 Mariam
3184 1358 3471 1428 conjugem

1877 1455 2182 1520 dimittere,
2217 1455 2417 1508 tradita
2453 1454 2500 1508 ci
2538 1466 2708 1506 uxore
2757 1450 2999 1504 Eudocia
3032 1449 3324 1518 Ingerina;
3351 1449 3472 1517 jus-

1879 1564 2112 1618 sumque
2166 1549 2243 1602 illi
2292 1557 2350 1601 ut
2393 1557 2514 1601 rato
2565 1559 2684 1601 eam
2732 1544 2992 1614 conjugio
3043 1541 3292 1596 haberet.
3341 1541 3473 1594 Erat
3561 1594 3564 1598 Α

1881 1640 2026 1693 enim
2080 1639 2230 1692 illius
2272 1637 2602 1699 concubina,
2640 1648 2806 1705 quam
2855 1647 3068 1686 summe
3113 1629 3377 1698 diligebat
3407 1644 3476 1682 eo

1883 1731 2029 1802 quod
2066 1731 2241 1785 forma
2275 1730 2661 1784 venustissima
2691 1736 2858 1783 esset.
2900 1727 3143 1780 Priorem
3182 1737 3314 1776 vero
3349 1737 3476 1776 uxo-

1885 1840 1997 1878 rem
2036 1824 2260 1877 Mariam
2308 1839 2444 1877 auro
2484 1823 2718 1892 aliisque
2743 1819 2953 1874 divitiis
2981 1819 3238 1872 donatam
3269 1814 3338 1869 ad
3377 1829 3476 1868 sua
3552 1857 3562 1891 ἶ

1883 1918 2118 1972 remisit.
2173 1917 2432 1971 Theclam
2491 1925 2675 1969 autem
2741 1927 2988 1968 sororem
3052 1925 3208 1964 suam
3274 1907 3476 1962 Basilio

1883 2008 2214 2079 despondit,
2274 2015 2335 2062 ut
2395 2007 2656 2078 privatim
2713 2020 2832 2058 eam
2896 2003 3145 2057 haberet.
3201 1999 3474 2054 thterum

1883 2103 2064 2157 Caesar
2104 2101 2418 2156 ctBasilius
2443 2100 2550 2154 sibi
2593 2089 2784 2152 mutuo
2820 2093 3061 2164 suspecti
3091 2099 3273 2156 erant,
3312 2097 3478 2159 atque

1885 2197 2026 2249 alter
2076 2195 2313 2248 alterum
2379 2192 2572 2246 tollere
2631 2187 2971 2258 qumrebant.
3040 2185 3172 2239 Eam
3228 2181 3299 2236 ob
3360 2195 3478 2235 rem

1886 2287 2120 2341 Basilius
2172 2284 2318 2355 apud
2373 2283 2764 2354 imperatorem
2817 2278 3132 2348 expostulat
3183 2272 3365 2328 moliri
3421 2272 3480 2326 in

1885 2395 2012 2434 eum
2056 2378 2347 2433 Caesarem.
2387 2375 2590 2430 Verum
2641 2373 2757 2427 lucc
2797 2372 2890 2426 ille
2938 2378 3003 2424 ut
3046 2367 3240 2421 deliria
3284 2365 3479 2419 audie-

1886 2471 2001 2525 bat.
2052 2469 2422 2536 Quamobrem
2455 2468 2624 2536 676
2659 2466 2824 2519 etiam
2877 2463 3113 2518 Basilius
3159 2459 3322 2514 ﬁdem
3374 2457 3481 2510 im-

1886 2561 2126 2632 peratori
2177 2559 2426 2612 facturus
2481 2554 2751 2611 amicitias
2790 2553 2973 2625 jungit
3019 2566 3144 2605 cum
3199 2548 3485 2621 Symbatio

1890 2652 2124 2724 patricio
2181 2665 2247 2705 ac
2281 2648 2460 2704 dromi
2491 2648 2793 2718 logothcta,
2841 2643 3074 2699 Czesaris
3115 2655 3354 2712 genero;
3387 2639 3480 2710 ju-

1889 2755 2177 2814 ratamque
2228 2743 2368 2797 alter
2410 2741 2568 2796 alteri
2607 2738 2965 2794 concordiam
3009 2733 3251 2788 ﬁrmant.
3283 2731 3483 2786 Aiebat

1892 2839 2128 2893 Basilius
2159 2835 2563 2905 horrendisque
2611 2829 2940 2903 juramentis
2979 2824 3300 2882 adstruebat
3330 2822 3484 2892 diligi

1893 2948 2011 2985 eum
2047 2930 2339 3000 plurimum
2395 2926 2460 2980 ab
2507 2927 2851 2995 imperatore,
2905 2937 2968 2974 ac
3027 2916 3160 2972 velle
3217 2914 3484 2971 Caesar-em

191 3039 356 3093 ἀλλὰ
396 3037 497 3092 διὰ
524 3036 632 3089 τίὲν
671 3034 964 3103 πενθερόν
995 3053 1110 3089 σου
1154 3035 1330 3089 τοῦτο
1360 3033 1608 3102 ποιῆσαι
1639 3032 1783 3087 ἀδυ-

1894 3021 2206 3090 provehere,
2281 3033 2374 3070 nec
2429 3024 2609 3068 letzten
2676 3021 2890 3082 prapter
2954 3011 3067 3079 ejus
3130 3021 3368 3062 socerum
3428 3002 3485 3055 id

194 3131 389 3188 marsi.
431 3132 522 3184 Ἐν
557 3129 770 3194 τούτοις
815 3129 1116 3198 ἀπατηθεὶς
1165 3131 1192 3181 ὀ
1243 3129 1554 3198 Συμὸἀτιος
1597 3128 1794 3196 γέγονε

191 3224 340 3278 κατὰ
401 3220 500 3276 τοῦ
570 3223 848 3291 Καίσαρος
909 3220 1091 3290 Βάρδα
1138 3219 1231 3272 τοῦ
1295 3220 1428 3272 ἰδίου
1485 3218 1792 3284 πενθεροῦ,

191 3319 293 3370 καὶ
347 3313 612 3368 εἰσελθὼν
673 3316 760 3378 εἰς
821 3314 916 3366 τὸν
991 3312 1216 3384 βασιλέα
1278 3312 1596 3381 ἐξωμόσατο
1658 3311 1794 3381 πλη-

196 3409 530 3480 ροφορήσας
598 3406 764 3460 αὐτόν
826 3423 973 3470 πως·
1020 3407 1080 3459 Ὀ
1106 3405 1336 3475 Καῖσαρ
1370 3405 1666 3470 ,ϐούλεταί
1698 3421 1793 3467 σε,

194 3505 394 3574 φησὶν,
441 3499 712 3566 ἀνελεῖν,
775 3498 1007 3564 ἐξειπὼν
1053 3501 1147 3552 καὶ
1190 3500 1257 3553 τὰ
1310 3500 1409 3567 τῆς
1472 3497 1690 3568 βουλῆς.
1738 3497 1796 3552 '0

190 3601 251 3653 δὲ
275 3599 543 3671 βασιλεὺς
573 3599 685 3660 τοῖς
711 3598 897 3668 ὅρκοις
935 3595 1243 3664 Συμῦατίου
1277 3597 1521 3658 πεισθεὶς
1551 3596 1645 3647 καὶ
1682 3595 1796 3656 τοῖς

194 3697 389 3763 λόγοις
453 3690 736 3745 Βασιλείου
789 3688 1113 3760 βεϐαιωθελς
1164 3690 1448 3760 ἐνδομύχει
1511 3688 1652 3743 κατὰ
1701 3687 1795 3741 τοῦ

195 3786 514 3854 Καίσαρος.
579 3783 639 3835 Ὀ
694 3782 751 3835 δὲ
817 3782 1098 3843 Βασίλειος
1145 3781 1323 3835 πάντα
1389 3781 1798 3848 σκευασάμενος

196 3879 352 3931 κατὰ
386 3876 486 3928 τοῦ
522 3874 823 3943 Καίσαρος.
861 3875 918 3926 ὲν
960 3873 1016 3926 δὲ
1063 3875 1128 3944 τῇ
1183 3871 1334 3924 πόλει
1377 3871 1542 3941 μηδὲν
1577 3875 1798 3941 ποιῆσαι

187 3973 532 4040 δυνάμενος,
584 3965 762 4019 πείθει
791 3966 882 4017 τὴν
911 3964 1133 4036 βασιλέα
1180 3963 1399 4034 κινῆσαι
1430 3963 1618 4014 στόλον
1657 3962 1799 4015 κατὰ

187 4068 298 4136 τῆς
340 4066 595 4136 Κρήτης.
632 4061 741 4115 Καὶ
761 4060 952 4114 τούτου
980 4058 1268 4130 γινομένου
1291 4058 1441 4112 Λέων
1463 4057 1491 4108 6
1514 4055 1801 4125 φιλόσοφος

193 4158 396 4229 Βάρδα
430 4155 691 4226 Καίσαρα
733 4156 780 4186 ⁸⁸
825 4154 1058 4224 παρῄνει
1099 4148 1524 4205 ὑποστέλλεσθαι
1557 4147 1641 4222 [1³.
1673 4144 1801 4218 Uti]

191 4254 295 4308 καὶ
333 4251 628 4320 συντηρεῖν
661 4248 852 4300 ἑαυτὸν
882 4248 989 4299 ἀπὸ
1038 4245 1338 4299 Βασιλείου.
1383 4245 1439 4297 '0
1473 4244 1530 4297 δὲ
1583 4244 1801 4310 Καῖσαρ

188 4348 294 4400 τὸν
354 4343 585 4415 βασιλέα
647 4342 982 4408 ἐπεφωνεῖτο
1013 4338 1287 4407 φείδεσθαι
1341 4335 1434 4389 τοῦ
1491 4335 1795 4388 Βασιλείου.

201 4437 382 4489 Ἐπεὶ
415 4433 475 4486 δὲ
509 4431 831 4502 προέλευσις
864 4427 958 4479 τοῦ
996 4423 1405 4493 Εὑαγγελισμοῧ
1435 4424 1491 4474 ὲν
1520 4425 1632 4484 τοῖς
1654 4419 1800 4472 Χαλ-

187 4530 567 4602 κοπρατείοις
593 4527 848 4584 ἐτελεῖτο,
888 4521 1222 4589 Εὑσιγγελίου
1257 4515 1600 4577 τελεσθέντος
1635 4516 1800 4584 ἀνῆλ-

190 4626 298 4676 θεν
343 4624 372 4675 ὂ
404 4637 464 4674 τε
489 4619 841 4689 πατριάρχης
869 4613 1072 4675 Φὼτιος
1103 4611 1199 4664 καὶ
1232 4611 1260 4663 6
1291 4607 1548 4680 βασιλεὺς
1590 4608 1687 4659 σὺν
1728 4598 1802 4674 τῷ

193 4715 465 4783 Καίσαρι
493 4711 588 4764 καὶ
620 4708 886 4777 Βασιλεὶῳ
920 4703 1405 4774 παρακοιμωμένῳ
1431 4701 1488 4752 ἐν
1522 4699 1633 4762 τοῖς
1663 4699 1808 4750 Κατ-

190 4809 572 4879 ηχουμὲνοις·
613 4805 704 4856 καὶ
745 4801 840 4854 τοῦ
869 4799 1206 4870 πατριάρχου
1243 4796 1335 4849 ἐπὶ
1365 4796 1552 4864 χεῖρας
1593 4792 1807 4863 ἔχοντος

191 4904 258 4953 τὸ
293 4901 488 4969 τίμιον
528 4898 688 4966 σῶμα
738 4894 834 4948 καὶ
866 4886 1005 4962 αἷμα
1054 4891 1150 4943 τοῦ
1187 4889 1392 4958 Κυρίου
1436 4887 1593 4956 ἡμῶν
1631 4885 1810 4956 Ἰησοῦ

859 4985 886 5035 ὂ
915 4999 973 5034 τε
1012 4980 1264 5052 βασιλεὺς
1314 4977 1406 5030 καὶ
1450 4980 1478 5030 ὁ
1529 4977 1809 5039 Βασίλειος

185 5085 342 5146 τοὺς
383 5082 600 5153 τιμίους
651 5075 976 5148 ὑπέγραψαν
1025 5073 1326 5142 σταυροὺς,
1387 5070 1537 5140 ὅρκῳ
1583 5067 1811 5137 βεϐαιώ-

191 5195 414 5239 σαντες
457 5177 546 5227 τὸν
583 5174 838 5242 Καίσαρα
876 5168 1092 5239 ἁφόεως
1123 5164 1399 5218 συνελθεῖν
1431 5162 1612 5224 αὐτοῖς
1646 5162 1702 5212 ὲν
1730 5160 1808 5230 τῷ

183 5269 493 5340 ταξειδίῳ.
538 5269 597 5322 ’0
635 5268 690 5320 δὲ
727 5265 1018 5333 φιλόσοφος
1046 5261 1197 5313 Λέων
1229 5255 1478 5327 φανερῶς
1511 5255 1808 5324 παρηγγύα

191 4988 481 5062 Χριστοῦ,
532 4988 804 5058 βάψαντες

183 5359 284 5430 τῷ
323 5358 515 5429 Βάρδᾳ
566 5357 640 5425 μὴ
684 5353 920 5419 ἐξελθεῖν
974 5351 1071 5404 σὺν
1105 5350 1309 5411 αὐτοῖς,
1361 5346 1706 5416 ἑξερχομένῳ
1751 5345 1806 5399 δὲ

183 5449 408 5519 ἔλεγεν
441 5449 516 5519 μὴ
540 5447 927 5516 ὑποστρέφειν.

1899 3128 2047 3182 posse
2077 3118 2351 3180 prwstnre.
2401 3107 2498 3160 llis
2545 3104 2817 3172 deceptus
2866 3098 3182 3170 Symbatius
3220 3095 3490 3150 adversus

1897 3201 2134 3255 Bardam
2169 3200 2438 3254 Caesarem
2465 3209 2721 3251 socerum
2760 3206 2922 3246 suum
2949 3189 3238 3258 conjurat;
3277 3185 3489 3254 ingres-

1898 3309 2102 3362 susque
2135 3292 2202 3345 ad
2232 3294 2651 3360 imperatorem,
2683 3279 3050 3354 jurejurando
3089 3277 3222 3332 velle
3248 3275 3487 3329 Bardam

1899 3385 2166 3460 Caesarem
2189 3400 2307 3438 eum
2336 3381 2632 3450 interﬁcere
2653 3376 2907 3438 allirmat,
2935 3373 3082 3442 ipsas
3097 3383 3321 3440 quoque
3351 3365 3488 3420 insi-

1900 3459 2318 3535 diasrnarrans.
2360 3475 2664 3544 imperator
2697 3464 2964 3539 Symbatii
3007 3459 3338 3534 juramentis
3368 3473 3492 3512 cre-

1898 3575 2090 3640 dulus,
2135 3588 2198 3628 ac
2243 3569 2430 3625 Basilii
2480 3565 2665 3620 verbis
2710 3573 3040 3632 persuasus,
3106 3555 3257 3608 intus
3303 3549 3490 3606 animo

1900 3671 1952 3724 in
2010 3669 2282 3725 Cmsarem
2354 3661 2587 3718 insidias
2645 3655 2944 3712 condebat.
3022 3648 3258 3705 Basilius
3303 3653 3489 3700 autem

1899 3777 2022 3832 qua:
2069 3768 2228 3814 erant
2273 3752 2554 3826 perdendo
2596 3747 2821 3813 Cresari,
2869 3751 3069 3800 cuncta
3117 3741 3491 3800 instruxerat,

1899 3868 2137 3921 eumque
2176 3865 2291 3902 rem
2338 3847 2393 3900 in
2426 3844 2560 3897 urbe
2605 3848 2866 3910 praestare
2907 3850 3017 3888 non
3051 3841 3256 3902 posset,
3299 3838 3493 3883 auctor

1899 3953 1985 3997 est
2019 3920 2358 4011 imperatori,
2388 3943 2448 3988 ut
2481 3935 2710 3987 classem
2744 3929 3008 3984 adversus
3031 3925 3324 3980 Cretenses
3358 3920 3495 3975 edu-

1903 4043 2010 4088 rat.
2052 4010 2174 4086 lltec
2207 4044 2332 4084 cum
2367 4032 2694 4096 gererentur
2722 4021 2911 4088 sicque
2961 4032 3050 4070 res
3098 4015 3153 4068 in
3206 4010 3493 4081 procinctu

1902 4133 2070 4188 esset,
2118 4124 2229 4178 Leo
2286 4117 2655 4191 philosophus
2705 4112 2936 4168 Bardam
2985 4107 3255 4163 Cresarem
3306 4102 3496 4154 admo—

1905 4220 2070 4274 nebat
2107 4225 2167 4271 ut
2210 4231 2266 4271 se
2301 4211 2640 4268 subduceret
2674 4205 2891 4274 sibique
2931 4218 2960 4256 a
3000 4198 3202 4254 Basilio
3233 4203 3492 4249 caveret:

1905 4315 2087 4370 Caesar
2136 4324 2271 4365 vero
2317 4295 2712 4376 imperatorem
2763 4299 2818 4352 in
2864 4293 3126 4350 Basilinm
3175 4287 3496 4358 proniorem

1825 4379 1880 4440 D
1908 4423 2030 4465 esse
2066 4403 2456 4476 respondebat.
2491 4395 2648 4465 Quod
2693 4401 2878 4448 autem
2923 4398 3213 4458 processus
3243 4379 3354 4434 dici
3400 4392 3498 4431 an—

1905 4472 2276 4559 nuntiationis
2325 4498 2380 4550 in
2433 4485 2861 4559 Chalcoprataeis
2907 4477 3297 4552 peragebatur,
3352 4472 3499 4526 lecto

1907 4595 2205 4665 Evangelia
2249 4587 2498 4645 ascendit
2535 4580 2766 4638 Photius
2811 4573 3164 4647 patriarcha,
3221 4573 3278 4622 et
3325 4564 3499 4630 impe-

1911 4655 2234 4744 ratorucum
2285 4684 2502 4738 Caesare
2545 4686 2600 4730 et
2654 4672 2858 4728 Basilio
2913 4663 3232 4721 accubitore
3289 4658 3354 4712 ad
3397 4655 3500 4710 Ca-

1910 4783 2282 4844 techuména;
2353 4783 2688 4840 tenenteque
2752 4759 3065 4835 patriarcha
3128 4757 3181 4809 in
3244 4750 3502 4806 manibus

1914 4875 2217 4948 pretiosum
2278 4883 2482 4938 corpus
2547 4873 2603 4918 et
2669 4857 2994 4930 sanguinem
3050 4847 3268 4907 Domini
3320 4839 3498 4897 nostri

1914 4939 2044 5026 desu
2109 4963 2346 5029 Christi,
2419 4959 2754 5028 intiugentes
2810 4952 3112 5021 imperator
3165 4939 3376 5012 pariter
3435 4948 3500 4988 ac

1913 5062 2079 5135 677
2131 5058 2366 5115 Basilius
2403 5049 2748 5109 venerandas
2777 5057 2971 5100 cruces
3014 5035 3500 5104 subscripserunt.

1909 5123 2272 5230 j'urej-uraudo
2308 5148 2507 5206 Caesari
2561 5145 2723 5200 ﬁdem
2759 5136 3188 5206 obstringentes,
3229 5123 3408 5180 omnis
3441 5130 3504 5224 ut

1914 5216 2096 5307 metus
2137 5259 2371 5302 securus
2408 5257 2527 5298 eam
2575 5253 2699 5316 cum
2737 5233 2846 5290 illis
2873 5225 3279 5299 expeditionem
3324 5216 3499 5272 susei-

1912 5351 2090 5416 peret.
2134 5340 2247 5396 Leo
2297 5345 2480 5392 autem
2523 5311 2887 5404 philosophus
2924 5320 3154 5416 Bardam
3183 5313 3361 5387 palam
3384 5325 3530 5364 mo—.

1914 5411 2079 5493 nebat
2123 5449 2192 5489 ne
2219 5447 2344 5488 cum
2378 5429 2488 5485 illis
2513 5423 2876 5498 egrederetur
2906 5435 2920 5473 :
2953 5415 3038 5472 sin
3067 5411 3272 5474 minus,
3319 5417 3502 5460 rever-

1919 5547 1980 5585 ευ
1989 5544 2110 5584 rum
2135 5542 2245 5581 non
2263 5537 2382 5579 esse
2391 5562 2405 5577 ο

1542 5620 1773 5674 ΥΑΠΙΑΞ
1815 5621 2224 5680 LECTIONES.

293 5727 393 5781 "6
431 5742 542 5783 om.
587 5727 648 5783 Ρ.
729 5725 772 5758 ⁸³
797 5722 1085 5796 ἀλλήλοιςῖ
1161 5724 1206 5755 ⁵⁸
1236 5721 1418 5794 Baiqu
1449 5719 1526 5790 τῷ
1563 5719 1851 5789 Καίτσιριῖ
