3962 6200
501 248 611 314 739
651 229 656 234 ’

1711 233 2095 300 SYMEONIS
2127 233 2500 296 MAGISTRI
3611 247 3694 312 rm

573 359 664 415 Η.
719 357 882 430 Signa
917 370 1135 427 quoque
1173 356 1294 426 ejus
1323 353 1478 408 necis
1512 362 1699 407 secuta
1747 361 1896 404 sunt.
1931 349 2096 404 Facto

2275 345 2385 415 μα’.
2419 346 2529 400 Καὶ
2551 347 2753 416 σημεῖα
2775 345 2853 416 τῷ
2884 345 3073 399 τούτου
3111 345 3314 418 Θανάτῳ
3351 354 3695 429 παρηκολουθή.

501 456 648 510 enim
698 463 859 507 terra:
925 459 1076 504 motu
1130 458 1311 504 statua
1364 463 1514 518 qua;
1545 445 1611 500 ad
1673 444 1925 518 Sanctam
1977 443 2093 496 An-

502 563 629 601 nam
683 547 737 599 in
788 545 1043 598 columna
1082 540 1326 594 secundo
1368 517 1564 593 ordine
1605 539 1805 601 stabat,
1855 537 2094 604 collapsa

503 650 608 694 est.
653 637 886 692 Rettulit
937 634 1140 687 Bardas
1195 633 1365 686 Leoni
1428 631 1779 700 philosopho,
1821 629 1976 693 isque
2015 628 2096 681 sic

503 729 680 798 palam
728 725 1015 794 exposuit,
1069 725 1121 778 ei
1168 724 1260 793 qui
1312 740 1339 777 a
1390 725 1568 792 primo
1615 723 1945 790 imperatore
2006 735 2087 772 sc-

503 820 717 874 cundus
753 819 844 880 sit,
879 817 1169 870 imminere
1203 817 1418 869 ruinam
1466 815 1680 868 mortis.
1716 814 1822 868 Sed
1863 823 1922 866 et
1947 811 2095 881 quod

505 927 663 977 soror
706 910 996 964 Tlieodora
1046 907 1496 976 paludamentum
1534 907 1782 968 miserat,
1817 907 1961 972 justa
1993 903 2098 956 mi-

504 1021 609 1058 nus
655 1002 1002 1073 longitudine
1051 1003 1372 1064 inventum,
1428 1000 1516 1053 cui
1573 1000 1766 1067 perdix
1824 1013 1958 1050 auro
2011 996 2096 1049 in-

506 1102 688 1148 textus
726 1103 863 1147 erat.
895 1092 1132 1159 AeCepta
1174 1091 1264 1144 ille
1300 1098 1449 1144 veste
1477 1088 1910 1157 percontabatur
1933 1103 2100 1156 quor-

503 1203 624 1240 sum
696 1185 918 1238 brcvior
977 1185 1116 1237 facta
1165 1191 1348 1245 esset;
1411 1192 1578 1249 utque
1628 1181 1922 1244 existimo,
1972 1179 2099 1234 vitae

503 1278 666 1331 ﬁnem
698 1277 966 1329 ambobus
1005 1275 1369 1343 przesignabat
1399 1291 1410 1325 :
1450 1287 1648 1341 nempe
1683 1271 1926 1340 perdieis
1957 1286 2102 1342 sym-

505 1369 633 1421 bolo
673 1375 911 1420 structas
943 1365 993 1418 ei
1022 1364 1149 1416 dolo
1183 1362 1446 1422 insidias,
1480 1361 1752 1413 brevitate
1794 1358 1988 1413 breves
2032 1360 2100 1411 il-

505 1458 614 1510 lius
669 1457 789 1509 (lies
846 1456 1131 1508 innuebat.
1198 1452 1304 1506 Sed
1370 1461 1426 1505 et
1484 1451 1754 1520 ejusmodi
1816 1450 2102 1519 conspexit

505 1546 826 1600 somnium:
861 1545 1169 1598 Videbatur
1209 1542 1315 1595 sibi
1368 1541 1548 1595 Czcsar
1598 1557 1721 1595 cum
1769 1541 2103 1609 imperatore

503 1637 734 1692 solemni
765 1637 853 1690 die
880 1636 947 1690 ad
995 1637 1206 1690 Sanctae
1232 1637 1328 1690 Dei
1381 1635 1677 1711 Sapientia:
1709 1635 1874 1688 solito
1907 1634 2095 1703 splen-

503 1733 638 1785 dore
700 1746 764 1784 ac
823 1732 975 1784 cultu
1041 1729 1368 1794 advenisse,
1432 1743 1668 1796 cumque
1721 1727 1791 1780 ad
1847 1737 2097 1781 sanctum

505 1822 676 1875 altare
749 1835 919 1890 prope
981 1820 1379 1883 accessissent,
1449 1819 1673 1888 angelos
1740 1819 1794 1872 in
1867 1817 2101 1872 candido

505 1912 702 1966 habitu
739 1912 848 1964 illis
875 1912 1216 1979 apparuisse.
1261 1910 1407 1964 Intra
1443 1911 1718 1965 cancellos
1753 1909 1940 1964 senior
1975 1909 2100 1979 qui-

507 2005 632 2056 dam
697 2003 834 2057 solio
885 2003 1137 2056 sublimis
1202 2003 1554 2056 cernebatur.
1614 2002 1748 2056 Erat
1807 2001 1854 2056 is
1907 2002 2104 2059 Petrus

507 2097 829 2166 apostolus;
882 2096 971 2150 cui
1014 2095 1254 2166 lgnatius
1299 2096 1356 2150 in
1401 2110 1578 2166 genua
1628 2095 1864 2164 supplex
1922 2095 2102 2166 lacry-

509 2190 725 2258 misquc
775 2191 1050 2259 oppletus,
1105 2204 1228 2258 quae
1280 2204 1475 2259 passus
1523 2188 1592 2243 ab
1644 2205 1711 2244 eo
1769 2197 1912 2252 erat,
1959 2188 2102 2242 mala

506 2281 837 2350 exponebat.
893 2281 1092 2336 Petrus
1149 2280 1229 2335 rei
1271 2281 1578 2335 acerbitate
1630 2287 1846 2345 motus,
1895 2281 2105 2334 virum-

507 2389 615 2443 que
662 2373 976 2437 miseratus,
1007 2373 1090 2427 Ea:
1126 2373 1358 2438 Domini,
1398 2373 1599 2443 inquit,
1630 2390 1792 2427 manu
1849 2373 2106 2428 ultionem

507 2467 678 2538 678
709 2468 1054 2521 nancisceris.
1095 2466 1329 2536 Moxque
1364 2467 1459 2521 uni
1488 2467 1726 2522 duorum
1770 2467 1848 2521 illi
1885 2467 2107 2521 adstan-

513 2560 674 2624 tium,
719 2559 908 2613 aureis
946 2558 1196 2614 vcstibus
1244 2558 1666 2628 praapositorum
1713 2573 1867 2613 more
1895 2557 2107 2628 fulgen-

511 2651 674 2711 tium,
711 2649 955 2720 gladium
996 2649 1209 2714 tradit;
1259 2652 1553 2720 statimque
1603 2649 1876 2713 innuens,
1933 2651 2106 2719 impe-

509 2750 752 2798 ratorem
799 2741 1023 2811 quidem
1071 2757 1100 2796 a
1135 2742 1343 2796 dextris
1388 2743 1590 2811 posuit,
1639 2757 1670 2796 a
1708 2741 1948 2796 sinistris
1973 2757 2104 2796 vero

512 2836 612 2891 Dei
665 2836 762 2890 irae
808 2835 1110 2898 devotum,
1161 2834 1242 2889 sic
1290 2833 1498 2888 dictum
1547 2834 1857 2899 Czesarem,
1917 2835 2103 2904 aitque

510 2928 788 2982 frustatim
834 2926 1014 2998 gladio
1062 2925 1489 2981 concidendum.
1546 2924 1666 2990 Quo
1713 2932 1981 2988 exeunte,
2034 2923 2103 2978 de

2196 456 2381 494 κεσαν.
2413 438 2648 506 Σεισμοῦ
2679 437 2786 510 γὰρ
2836 438 3120 506 γεγονότος
3141 438 3427 494 ἐπεπτώκει
3447 444 3499 496 τὸ
3521 447 3698 518 ἄγαλμα

2195 531 2222 583 ὃ
2249 531 2391 583 κατὰ
2418 531 2517 599 τὴν
2559 531 2752 599 Ἀγίαν
2778 532 2976 584 ’Λνναν
3009 532 3053 562 ⁸⁵
3096 531 3154 583 τὸ
3191 531 3424 602 δεύτερον
3453 538 3532 590 ἐπὶ
3556 541 3696 606 xitum;

2199 625 2384 676 ἵστατο
2404 641 2418 654 ·
2452 625 2589 695 ὅπερ
2611 625 2928 692 διαγγελοὲν
2962 624 3114 696 παρὰ
3161 625 3421 694 Καίσαρος
3450 630 3608 683 Λέοντι
3639 635 3699 696 τῷ

2197 713 2473 783 φιλοσόφῳ
2498 689 2884 784 διῆρμήνευτο,
2919 717 3011 767 τὸν
3041 689 3104 767 έκ
3138 689 3348 785 πρώτου
3377 719 3577 782 ἄνακτος
3607 689 3700 775 65:3:-

2198 822 2356 874 τερον
2413 806 2766 860 ἐκπεσεῖσθαι
2815 807 2904 860 διὰ
2953 809 3206 860 Θανάτου.
3263 808 3414 861 Ἀλλὰ
3460 812 3542 864 καὶ
3577 814 3704 884 ἐσθὴς

2199 899 2350 970 αὐτῷ
2404 899 2837 963 ὲξαποσταλεῖσοι
2899 901 3050 971 παρὰ
3118 899 3389 970 Θεοδὼρας
3442 903 3528 971 τῆς
3573 907 3705 959 αὑτοῦ

2201 990 2438 1059 ἁδελςαῆς
2473 992 2568 1044 τοῦ
2621 994 2990 1061 προσήκοντος
3026 993 3234 1062 μήκους
3263 993 3572 1059 ἐλλείπουσα,
3596 993 3708 1069 ᾗτινι

2202 1083 2391 1154 πέρδιξ
2417 1084 2794 1154 χρυσόπαστος
2828 1085 3193 1154 καθιστόρητο
3213 1099 3226 1113 ⁸
3254 1086 3318 1154 ῆν
3347 1089 3710 1159 προσδεξᾶμενος

2203 1177 2530 1230 ἐπυνθάνετο
2566 1178 2701 1247 αὐτῇ
2755 1177 2806 1229 τί
2854 1178 3240 1232 κεκολόὸωται.
3277 1179 3358 1243 Ὠς
3379 1176 3710 1252 cinctae-quia,

2203 1271 2538 1340 ἀμφοτέροις
2574 1271 2672 1340 τὴν
2716 1270 2872 1323 λύσιν
2904 1270 3392 1342 προεζωγράφησε,
3423 1273 3502 1324 διά
3534 1274 3616 1342 μὲν
3637 1276 3712 1342 τῆς

2205 1361 2462 1430 πέρδικος
2493 1363 2553 1414 τὸ
2584 1363 2718 1432 πρὸς
2754 1362 2915 1415 αὑτὸν
2940 1362 3177 1432 δολερὸν,
3207 1364 3292 1415 διά
3320 1362 3372 1415 δὲ
3402 1364 3487 1416 τοῦ
3516 1365 3713 1428 ἐλλιποῦς

2203 1451 2263 1502 τὸ
2312 1451 2531 1514 ἐλλιπὲς
2581 1452 2690 1504 τῶν
2730 1454 2926 1504 ἑαυτοῦ
2967 1452 3192 1522 ἡμερῶν
3238 1443 3597 1522 αἰνιττόμενος.
3633 1455 3716 1509 Καὶ

2205 1543 2338 1613 ὄναρ
2367 1543 2424 1596 δὲ
2453 1544 2716 1598 ἐθεάσατο
2745 1544 3016 1597 τοιοῦτον·
3065 1544 3269 1596 Ἐδόκει
3299 1547 3592 1615 ἐορτασίμου
3615 1547 3717 1614 ἡμέ-

2209 1654 2310 1706 ρας
2342 1639 2369 1688 6
2393 1638 2610 1706 Καῖσαρ
2650 1638 2785 1706 μετὰ
2809 1637 2903 1689 τοῦ
2934 1637 3201 1706 βασιλέως
3227 1639 3294 1706 τῇ
3331 1637 3478 1707 Ἀγέᾳ
3512 1636 3590 1690 τοῦ
3617 1637 3718 1690 Θεοῦ

2206 1727 2375 1797 Σοφία
2403 1728 2943 1798 προσπεφοιτηκέναι
2969 1729 3062 1780 καὶ
3087 1728 3354 1797 συνήθους
3379 1729 3719 1796 λαμπρότητος.

2217 1822 2303 1884 Ὠς
2324 1821 2379 1875 δὲ
2405 1822 2540 1891 πρὸς
2563 1821 2623 1874 τὸ
2643 1822 2795 1889 ἅγιον
2821 1822 3214 1892 θυσιαστήριον
3239 1818 3394 1892 ἦσαν,
3412 1821 3724 1890 λαμπροφόᾳι

2205 1915 2418 1978 τούτοις
2475 1917 2824 1984 ἀνεφάνησαν
2859 1915 3102 1984 ἄγγελοι,
3166 1917 3268 1969 καὶ
3328 1916 3456 1983 πρὸς
3498 1915 3605 1976 τοὺς
3649 1914 3727 1964 ἔσω

2205 2004 2472 2057 διὼπτετό
2522 2020 2606 2068 τις
2663 2005 2920 2074 ὑπεράνω
2953 2006 3183 2074 γηραιὸς
3242 2003 3614 2073 θρονιζόμενος,
3658 1999 3730 2054 καὶ

2205 2091 2357 2162 οὗτος
2404 2099 2608 2169 Πέτρος
2651 2099 2679 2149 6
2734 2099 3051 2161 ἀπόστολος,
3083 2093 3127 2166 ᾧ
3175 2099 3436 2165 Ἰγνάτιος
3473 2095 3732 2164 γονυπετῶν

2206 2189 2468 2261 δάκρυσιν
2519 2191 2661 2258 ὑπῆν
2715 2189 3149 2260 ὑπομιμνήσκων
3213 2190 3353 2260 ὑπὲρ
3400 2183 3469 2241 ὧν
3519 2185 3733 2253 λωϐηθεῖς

2208 2284 2640 2352 ὑπομεμενήκει.
2683 2283 2742 2336 Ὀ
2777 2284 2832 2336 δὲ
2875 2284 2920 2316 ⁸⁸
2967 2283 3054 2336 διὰ
3095 2283 3158 2335 τὸ
3218 2282 3388 2345 πάθος
3435 2279 3736 2338 συνδιατεΘεἚς

2208 2375 2360 2446 αύτῷ
2387 2376 2489 2446 ἔφη
2513 2375 2630 2443 τὴν
2654 2375 2973 2442 ἐκδίκησιν
2992 2375 3059 2428 ἐκ
3087 2374 3294 2444 χειρὸς
3310 2374 3520 2441 Κνριόυ
3541 2369 3736 2424 ἀποίσει

2207 2470 2369 2522 σθαι.
2397 2467 2502 2520 Καὶ
2532 2467 2691 2530 εὐθὺς
2727 2466 2809 2519 ἑνὶ
2846 2465 2951 2518 τῶν
2981 2466 3300 2537 ἱσταμένων
3332 2463 3474 2534 αὐτῷ
3499 2461 3580 2515 δύο
3605 2474 3736 2530 χρυσ·

2207 2560 2442 2614 ενδύτων
2527 2559 2661 2613 ὡσεὶ
2717 2560 3100 2629 πραιποσίτοις
3153 2560 3438 2629 μάχαιραν
3495 2554 3737 2612 ἐπιδίδωσι,

2207 2653 2302 2706 καί
2332 2669 2497 2722 φησιν
2534 2653 2578 2684 ⁵⁷
2629 2652 2787 2722 τάχει
2847 2652 3111 2714 ἐκνεύσας
3155 2651 3259 2705 τὸν
3307 2651 3404 2721 μὲν
3444 2647 3640 2719 βασιλέα
3683 2640 3740 2710 τῷ

2209 2745 2370 2814 δεξιῷ
2408 2746 2686 2814 ἀφώρισεν
2717 2746 2784 2810 ⁵⁸,
2819 2744 2909 2796 τὸν
2942 2744 2997 2795 δὲ
3033 2744 3358 2812 Θεόργιστον
3396 2740 3646 2809 Καίσαρα,
3673 2733 3742 2788 οὗ·

2206 2853 2314 2897 τως
2350 2833 2540 2898 εἰπὼν,
2573 2837 2684 2897 τοῖς
2713 2835 3044 2904 ἀριστεροῖς,
3089 2833 3187 2886 καὶ
3224 2835 3312 2886 διὰ
3336 2833 3532 2900 ταύτης
3562 2826 3743 2900 μεληδὸν

2206 2925 2654 2996 τιμωρήσασθαι.
2712 2921 2788 2980 Οὗ
2837 2926 2998 2994 δῆθεν
3049 2925 3365 2993 ἐξιεμένου,
3395 2924 3484 2976 καὶ
3528 2915 3741 2990 περὶτοῦ

511 3019 778 3074 Michaele
810 3018 1030 3089 adjecit,
1079 3018 1196 3088 ipse
1231 3031 1450 3086 quoque
1485 3025 1834 3084 exspectaret
1872 3030 1930 3070 se
1972 3031 2103 3070 con-

2213 3019 2429 3090 Μιχαὴλ
2451 3020 2720 3090 διειρήκει
2743 3017 2840 3090 τὴν
2870 3019 3045 3088 τομὴν
3064 3017 3485 3088 ἀπεκδέχεσθαι,
3509 3007 3746 3066 ἀποκαλῶν

513 3111 809 3165 cidendum
834 3127 848 3174 ;
879 3109 1159 3180 appellans
1183 3106 1488 3177 improbam
1522 3105 1754 3176 prolem.

582 3202 670 3255 42.
719 3203 846 3255 Post
887 3202 1093 3256 Pascha
1125 3202 1309 3270 itaque
1345 3199 1644 3269 imperator
1672 3195 1986 3267 ingentibus
2013 3212 2108 3250 co-

513 3292 621 3363 piis
664 3292 901 3361 stipatus
935 3292 1000 3345 ad
1025 3291 1452 3344 Thraecsi-orum
1488 3289 1669 3342 thema
1717 3287 1889 3341 venit.
1940 3287 2111 3340 Porro

512 3383 753 3439 Basilius
804 3383 1038 3438 Caesaris
1085 3397 1274 3435 necem
1316 3380 1754 3434 machinabatur.
1808 3378 1978 3431 Erant
2003 3392 2109 3444 au-

518 3484 629 3531 tem
682 3477 736 3528 in
784 3475 1017 3528 consilio
1081 3472 1356 3525 Marianus
1398 3476 1518 3540 ejus
1566 3471 1735 3524 frater
1790 3478 1848 3524 et
1891 3469 2113 3540 Symba.

514 3569 628 3621 tius
670 3567 902 3621 Caesaris
951 3579 1139 3634 gener,
1200 3561 1406 3615 Bardas
1460 3578 1682 3631 quoque
1738 3561 1910 3615 frater
1955 3562 2112 3631 Sym-

516 3660 651 3715 batii
708 3669 766 3713 et
825 3659 1023 3711 Petrus
1065 3655 1347 3725 Bulgarus
1395 3665 1450 3708 et
1507 3655 1619 3709 Leo
1677 3655 1937 3726 Assyrius
1975 3655 2114 3724 'ejus

521 3749 912 3812 consobrinus,
951 3748 1191 3802 Joannes
1219 3762 1438 3816 quoque
1473 3745 1706 3800 Cbaldes
1749 3755 1805 3800 et
1851 3745 2116 3800 Constan.

522 3845 674 3896 tinus
720 3841 975 3895 Toxaras.
1030 3839 1424 3906 lnnotuitjres
1466 3839 1664 3893 Joanni
1710 3839 2112 3901 Neatocomito,

524 3936 856 4004 nuntiatque
895 3949 993 4003 per
1034 3931 1363 4001 Proc0pium
1401 3932 1621 3985 Caesari.
1665 3931 1766 3986 Cui
1811 3933 1902 3985 ille
1949 3932 2115 3985 vicis-

523 4029 626 4083 sim
657 4045 670 4081 :
700 4027 892 4080 Junior
921 4042 994 4089 es,
1026 4035 1074 4078 et
1105 4025 1324 4088 deliras,
1347 4026 1556 4077 zizania
1588 4027 1873 4077 seminans.
1913 4025 2120 4078 Insom-

520 4138 647 4177 nem
685 4121 870 4176 Ctesar
909 4128 1126 4173 noctem
1180 4119 1312 4188 egit,
1366 4133 1693 4186 summoque
1730 4117 1975 4172 diluculo
2004 4117 2119 4172 suis

520 4213 781 4268 omnibus
816 4213 873 4265 in
919 4211 1213 4266 consilium
1255 4211 1464 4263 vocatis
1509 4209 1809 4264 declaravit
1851 4226 1971 4278 qua:
2014 4200 2119 4264 sibi

522 4307 670 4362 dicta
714 4313 893 4368 erant,
947 4319 1144 4374 rogans
1179 4303 1310 4372 quid
1354 4303 1433 4356 illi
1475 4303 1622 4357 facto
1657 4317 1796 4372 opus
1836 4312 2115 4372 putarent,

522 4415 716 4454 eorum
743 4397 1096 4453 sententiam.
1136 4395 1237 4450 Cui
1281 4395 1605 4450 Pliilotheus
1635 4395 2114 4464 protospatbarius

523 4501 582 4546 et
635 4489 928 4560 generalis.
994 4487 1225 4541 Caesaris
1277 4486 1606 4556 propensius
1654 4485 1884 4549 amicus,
1935 4485 2112 4548 Mane,

525 4577 726 4646 inquit,
751 4577 984 4638 domine,
1007 4591 1228 4628 aureum
1249 4575 1389 4628 rwsii
1415 4573 1602 4627 coloris
1614 4575 1941 4646 chlamydem
1969 4585 2115 4628 tuam

523 4669 765 4732 induere,
797 4677 949 4737 teque
980 4683 1158 4720 coram
1190 4667 1413 4720 inimicis
1445 4665 1628 4736 palam
1657 4668 1856 4731 exhibe,
1887 4668 2116 4737 fugient-

523 4775 625 4830 que
664 4776 696 4812 a
730 4758 864 4827 [acie
903 4767 1016 4811 tua.
1043 4756 1176 4812 Orto
1215 4758 1398 4827 itaque
1439 4758 1574 4822 sole,
1611 4749 1916 4813 conscenso
1949 4775 2112 4828 equo,

523 4850 756 4922 fulgenti
811 4850 1023 4912 habitu,
1076 4849 1281 4918 ingenti
1331 4849 1590 4903 satellitio
1621 4850 1801 4904 C:csar
1833 4851 1900 4904 ad
1944 4851 2116 4920 impe-

525 4955 768 4999 ratorem
816 4943 986 4997 venit.
1027 4941 1283 4995 Occurrit
1329 4941 1585 5008 Basilius,
1634 4943 1801 5012 6'79
1839 4959 2113 5013 manuque

494 5034 937 5145 japprehensum
973 5033 1040 5088 ad
1074 5050 1290 5088 sacrum
1330 5034 1477 5087 intus
1506 5035 1823 5088 cubiculum
1863 5035 2112 5100 adduxit,

525 5129 713 5198 aitque
745 5126 1065 5198 imperatori
1097 5143 1110 5180 ε
1150 5125 1400 5189 Collecto,
1435 5127 1665 5189 domine,
1695 5130 2114 5192 omniexercitu,

521 5221 649 5290 jube
699 5223 752 5276 in
800 5221 1015 5277 Cretam
1068 5221 1438 5291 transfretare.
1507 5220 1738 5290 Moxque
1790 5223 2028 5279 Basilius
2085 5241 2116 5280 a

530 5319 684 5382 tergo
741 5320 892 5368 stans
930 5312 1130 5368 Caesari
1186 5327 1372 5368 ensem
1421 5311 1617 5382 adigit.
1670 5313 1890 5382 Reliqui
1941 5331 2115 5370 mem-

531 5401 730 5459 bratim
772 5406 1156 5472 conciderunt,
1203 5416 1485 5476 spectante
1524 5405 1857 5474 imperatore
1889 5424 1952 5463 ac
1984 5424 2118 5462 con-

2213 3111 2380 3166 αὑτδν
2410 3109 2789 3163 ἀσεΰότεκνον.

2288 3203 2396 3274 μβ’.
2431 3202 2582 3256 Μετὰ
2605 3200 2737 3270 γοῦν
2772 3201 2833 3253 τὸ
2858 3202 3049 3271 Πάσχα
3081 3201 3316 3273 ἀπάρας
3343 3199 3370 3252 ὁ
3395 3195 3628 3270 βασιλεὺς
3646 3190 3751 3264 μετὰ
3845 3270 3851 3278 Ι

2215 3293 2411 3350 πολλοῦ
2457 3292 2687 3364 στρατοῦ
2743 3293 2826 3364 [Ρ.
2851 3292 2981 3365 MS]
3013 3289 3178 3363 ἧλοεν
3245 3295 3304 3346 ἐν
3344 3293 3422 3362 τῷ
3449 3290 3627 3359 θέματι
3669 3281 3749 3334 τῶν

2215 3388 2566 3457 Θρακησίων,
2599 3386 2694 3438 καὶ
2723 3384 3006 3446 Βασίλειος
3043 3383 3191 3436 κατὰ
3239 3382 3335 3437 τοῦ
3373 3382 3631 3449 Καίσαρος
3655 3376 3752 3442 ὲμε·

2214 3479 2366 3532 λέτα.
2399 3475 2581 3530 Ἦσαν
2613 3477 2669 3530 δὲ
2696 3481 2753 3530 ὲν
2787 3481 2855 3548 τῇ
2883 3477 3046 3547 βουλῇ
3078 3477 3368 3546 Μαριανὸς
3402 3479 3430 3528 ὁ
3459 3472 3659 3538 ἁδελφὸς
3679 3465 3752 3520 αὖ⁸

2215 3571 2306 3624 τοῦ
2339 3571 2431 3623 καὶ
2471 3570 2779 3640 Συμὸάτιος
2821 3571 2848 3622 6
2882 3569 3131 3640 γαμϐρὸς
3178 3569 3283 3622 τοῦ
3316 3569 3360 3601 ⁸³
3405 3566 3661 3632 Καίσαρος
3683 3558 3754 3611 καὶ

2217 3661 2428 3732 Βάρδας
2453 3662 2480 3713 6
2503 3661 2728 3729 ἀδελφὸς
2758 3661 3068 3730 Συμὸατὶου
3093 3660 3190 3713 καὶ
3220 3662 3427 3731 Πέτρος
3451 3662 3477 3711 6
3503 3655 3755 3720 Βούλγαρος

2218 3755 2310 3805 καὶ
2343 3753 2491 3804 Λέων
2522 3754 2550 3805 6
2585 3753 2870 3821 Ἀσσύριος
2913 3752 3207 3821 ἐξάδελφος
3243 3751 3437 3814 αὑτοῦ,
3472 3747 3756 3813 Ίωάννηςτε

2218 3848 2245 3898 6
2279 3846 2482 3909 Χάλδος
2513 3846 2558 3876 ⁶⁰
2589 3847 2684 3899 καὶ
2720 3847 3132 3908 Κωνσταντῖνος
3160 3846 3193 3897 6
3221 3845 3494 3914 Τοξαρᾶ;.
3525 3833 3756 3905 Διέγνωδὲ

2219 3939 2391 3991 ταῦτα
2432 3939 2683 4007 Ἰωάννης
2712 3939 3188 4006 ὁΝεατοκὸμιτος,
3233 3940 3330 3990 καὶ
3362 3937 3512 4008 δηλοῖ
3539 3933 3617 3987 διὰ
3651 3930 3759 3996 lipa-

2223 4033 2411 4084 κοπίου
2447 4032 2522 4100 τῷ
2557 4033 2820 4101 Καίσαρι.
2874 4030 2935 4085 Ὀ
2963 4031 3018 4084 δὲ
3047 4033 3138 4084 ἀντ
3150 4032 3331 4101 ιδηλοῖ
3360 4029 3509 4099 αύτῴ
3527 4045 3538 4056 ·
3563 4026 3689 4086 Νέυς
3706 4013 3757 4080 εἶν

2222 4125 2321 4177 καὶ
2349 4125 2552 4190 ληρεῖς
2589 4125 2834 4192 ἐγείρων
2874 4123 3112 4184 (ardua.
3150 4126 3403 4186 Ἀῡπνος
3446 4124 3502 4176 δὲ
3533 4121 3559 4173 6
3590 4118 3758 4179 Καῖσαρ

2223 4217 2565 4280 διατελέσας,
2607 4215 2806 4286 ὄρθρου
2867 4216 3062 4286 βαθέος
3099 4217 3140 4245 ⁸⁸
3193 4218 3328 4279 τοὺς
3391 4213 3552 4268 αὑτοῦ
3599 4209 3760 4262 πάντας

2225 4307 2737 4376 προσκαλεσάμενος
2767 4306 3063 4376 διεσάφησε
3095 4307 3162 4358 τὰ
3199 4307 3511 4378 λαληθέντα
3539 4299 3668 4369 αὐτῷ
3693 4293 3760 4347 καὶ

2225 4399 2418 4469 βουλὴν
2465 4391 2668 4471 ἐζήτει.
2713 4399 2960 4461 Φιλοθεος
2995 4399 3049 4452 δὲ
3090 4403 3116 4452 6
3169 4398 3661 4470 πρωτοσπαοάριος
3696 4385 3761 4440 καὶ

2224 4495 2436 4564 γενικὸς
2494 4494 2795 4564 προσφιλὴς
2845 4493 3013 4547 αὑτοῦ
3067 4492 3140 4544 ὢν
3191 4493 3348 4562 λέγει
3411 4491 3490 4562 τῷ
3537 4486 3760 4552 Καίσιου

2215 4587 2454 4653 Αὔριον,
2491 4584 2782 4648 δέσποτα,
2815 4583 3141 4651 περιϐαλοῦ
3170 4584 3287 4636 τὸν
3324 4570 3764 4652 χρυσοπέμσικώο

2225 4693 2343 4731 σου
2400 4676 2620 4746 χιτῶνα
2678 4677 2776 4729 καὶ
2819 4676 3032 4750 ὄφθητι
3077 4675 3203 4740 τοῖς
3251 4674 3499 4744 ἐχθροῖς
3529 4687 3663 4731 σου,
3691 4661 3760 4715 καὶ

2224 4771 2340 4824 ἀπὸ
2372 4767 2695 4836 προσώπου
2735 4782 2851 4820 σου
2879 4766 3224 4835 φεύξονται.
3263 4766 3376 4818 Τοῦ
3411 4765 3468 4818 δὲ
3500 4762 3640 4833 ἡλίου
3669 4761 3764 4810 ἁνα-

2221 4861 2495 4921 τείλαντος
2531 4861 2682 4929 ἵππῳ
2717 4857 2911 4920 ἐπιϐάς
2953 4857 3297 4928 παρεγένετο
3324 4856 3466 4924 πρὸς
3487 4854 3584 4922 τὴν
3611 4847 3764 4916 χάρτην

2221 4952 2314 5005 τοῦ
2353 4950 2619 5021 βασιλέως
2654 4951 2791 5019 μετὰ
2840 4949 3032 5019 στολῆς
3080 4949 3379 5018 λαμπρᾶς,
3411 4946 3618 5000 πολλῶν
3651 4951 3767 5005 περι·

2222 5041 2565 5094 κυκλούντων
2592 5042 2772 5094 αὑτὸν.
2806 5037 3005 5094 Ἐλθὼν
3036 5041 3093 5093 δὲ
3120 5041 3414 5104 Βασίλειος
3445 5039 3541 5092 καὶ
3571 5038 3630 5105 τῇ
3658 5026 3765 5100 χειρὶ

2222 5137 2500 5206 κρατήσας
2531 5137 2790 5207 εἰσήγαγε
2831 5138 2967 5208 πρὸς
3003 5139 3094 5190 τὸν
3126 5137 3382 5206 βασιλέα.
3430 5138 3490 5188 '0
3523 5135 3578 5188 δὲ
3607 5130 3676 5199 τῷ
3700 5125 3770 5194 β⁶⁹

2223 5228 2360 5282 σιλεῖ
2391 5228 2493 5299 ἔφη
2518 5246 2530 5259 ·
2579 5230 2688 5284 Τοῦ
2721 5230 2875 5284 λαοῦ
2914 5231 3160 5295 παντὸς,
3199 5211 3769 5299 δέσποταξσυνειλε·
3805 5217 3814 5227 “

2223 5320 2445 5389 γμένου
2476 5323 2812 5389 πρόσταττε
2846 5321 3196 5389 διαπερᾶσαι
3226 5323 3304 5373 ἐν
3346 5321 3424 5388 τῇ
3452 5318 3664 5387 Κρήτῃ,
3693 5303 3772 5360 Καὶ

2225 5414 2384 5475 εὐθὺς
2410 5415 2436 5466 6
2460 5414 2735 5478 Βασίλειος
2765 5414 2988 5468 ὄπισθεν
3019 5415 3188 5478 ἑστὼς
3223 5415 3453 5467 δίδωσιν
3500 5407 3640 5475 αὐτῷ
3667 5394 3774 5471 μετά

1827 5568 2058 5625 VARI/IS
2089 5571 2492 5630 LECTIONES.

577 5699 643 5785 ,⁵⁸
676 5701 878 5768 Ἀννην
902 5698 965 5754 Ρ.
1005 5703 1050 5734 ⁸⁶
1072 5702 1128 5756 δὲ
1154 5717 1262 5757 om.
1293 5704 1352 5758 P.
1394 5707 1438 5738 ⁸⁷
1482 5707 1664 5774 σφιτὶν
1690 5722 1874 5776 margo
1894 5706 1952 5762 Ρ.
2029 5712 2074 5742 ⁵⁸
2097 5712 2356 5784 ἀφορίσαι
2382 5713 2405 5765 ?
2476 5713 2520 5744 ⁵⁹
2551 5711 2644 5764 τοῦ
2679 5728 2789 5766 om.
2820 5710 2881 5765 Ρ.
2957 5713 3002 5754 ⁶σ
3020 5712 3234 5779 Χάλδης
3261 5707 3325 5760 P.
3411 5710 3452 5739 ⁶¹
3491 5700 3702 5774 βαθείας
3728 5693 3776 5746 Ρ·
