  <div class='ocr_page' id='page_1' title='image "/cluster/home/n/w/nwhite01/storage/ocr_20150623/109/hvd.32044073502312/392.png"; bbox 0 0 3962 6200; ppageno 0'>
   <div class='ocr_carea' id='block_1_1' title="bbox 205 326 296 392">
    <p class='ocr_par' dir='ltr' id='par_1_1' title="bbox 205 326 296 392">
     <span class='ocr_line' id='line_1_1' title="bbox 205 326 296 392; baseline -0.044 0"><span class='ocrx_word' id='word_1_1' title='bbox 205 326 296 392; x_wconf 67' lang='grc'><strong>’141</strong></span> 
     </span>
    </p>
   </div>
   <div class='ocr_carea' id='block_1_2' title="bbox 1100 315 2534 383">
    <p class='ocr_par' dir='ltr' id='par_1_2' title="bbox 1100 315 2534 383">
     <span class='ocr_line' id='line_1_2' title="bbox 1100 315 2534 383; baseline -0.004 1"><span class='ocrx_word' id='word_1_2' title='bbox 1100 321 1475 383; x_wconf 81' lang='lat' dir='ltr'><strong>ANNALES.</strong></span> <span class='ocrx_word' id='word_1_3' title='bbox 1518 344 1583 354; x_wconf 89' lang='grc'><strong><em>-</em></strong></span> <span class='ocrx_word' id='word_1_4' title='bbox 1611 317 1954 378; x_wconf 79' lang='lat' dir='ltr'><strong>MICHAEL</strong></span> <span class='ocrx_word' id='word_1_5' title='bbox 1983 316 2078 376; x_wconf 88' lang='lat' dir='ltr'><strong>ET</strong></span> <span class='ocrx_word' id='word_1_6' title='bbox 2103 315 2534 378; x_wconf 80' lang='lat' dir='ltr'><strong>THEODORA.</strong></span> 
     </span>
    </p>
   </div>
   <div class='ocr_carea' id='block_1_3' title="bbox 3344 316 3449 382">
    <p class='ocr_par' dir='ltr' id='par_1_3' title="bbox 3344 316 3449 382">
     <span class='ocr_line' id='line_1_3' title="bbox 3344 316 3449 382; baseline 0 0"><span class='ocrx_word' id='word_1_7' title='bbox 3344 316 3449 382; x_wconf 63' lang='lat'><strong>762</strong></span> 
     </span>
    </p>
   </div>
   <div class='ocr_carea' id='block_1_4' title="bbox 200 414 1763 512">
    <p class='ocr_par' dir='ltr' id='par_1_4' title="bbox 200 414 1763 512">
     <span class='ocr_line' id='line_1_4' title="bbox 200 414 1763 512; baseline -0.006 -16"><span class='ocrx_word' id='word_1_8' title='bbox 200 443 386 512; x_wconf 79' lang='grc' dir='ltr'>ξίφους.</span> <span class='ocrx_word' id='word_1_9' title='bbox 426 441 490 493; x_wconf 80' lang='lat' dir='ltr'><strong>Oi</strong></span> <span class='ocrx_word' id='word_1_10' title='bbox 524 441 581 494; x_wconf 79' lang='grc' dir='ltr'><strong>δὲ</strong></span> <span class='ocrx_word' id='word_1_11' title='bbox 622 440 803 493; x_wconf 83' lang='grc' dir='ltr'>λοιποὶ</span> <span class='ocrx_word' id='word_1_12' title='bbox 837 438 1070 509; x_wconf 78' lang='grc' dir='ltr'><strong>μεληδὸν</strong></span> <span class='ocrx_word' id='word_1_13' title='bbox 1112 439 1277 492; x_wconf 70' lang='grc' dir='ltr'>αὑτὸν</span> <span class='ocrx_word' id='word_1_14' title='bbox 1308 414 1638 506; x_wconf 62' lang='grc' dir='ltr'>κατέκοψαν,</span> <span class='ocrx_word' id='word_1_15' title='bbox 1667 434 1763 488; x_wconf 82' lang='grc' dir='ltr'>τοῦ</span> 
     </span>
    </p>
   </div>
   <div class='ocr_carea' id='block_1_5' title="bbox 1872 414 3452 512">
    <p class='ocr_par' dir='ltr' id='par_1_5' title="bbox 1872 430 3452 502">
     <span class='ocr_line' id='line_1_5' title="bbox 1872 430 3452 502; baseline 0.003 -17"><span class='ocrx_word' id='word_1_16' title='bbox 1872 432 2093 487; x_wconf 88' lang='lat' dir='ltr'><strong>ticente.</strong></span> <span class='ocrx_word' id='word_1_17' title='bbox 2131 430 2275 486; x_wconf 84' lang='lat' dir='ltr'><strong>Hora</strong></span> <span class='ocrx_word' id='word_1_18' title='bbox 2313 444 2435 487; x_wconf 86' lang='lat' dir='ltr'><strong>erat</strong></span> <span class='ocrx_word' id='word_1_19' title='bbox 2461 432 2579 487; x_wconf 83' lang='lat' dir='ltr'><strong>fere</strong></span> <span class='ocrx_word' id='word_1_20' title='bbox 2610 430 2799 497; x_wconf 86' lang='lat' dir='ltr'><strong>tertia;</strong></span> <span class='ocrx_word' id='word_1_21' title='bbox 2840 432 3134 502; x_wconf 84' lang='lat' dir='ltr'><strong>statimque</strong></span> <span class='ocrx_word' id='word_1_22' title='bbox 3170 431 3225 486; x_wconf 92' lang='lat' dir='ltr'><strong>in</strong></span> <span class='ocrx_word' id='word_1_23' title='bbox 3258 434 3452 490; x_wconf 83' lang='lat' dir='ltr'><strong>urbem</strong></span> 
     </span>
    </p>
   </div>
   <div class='ocr_carea' id='block_1_6' title="bbox 199 523 1759 602">
    <p class='ocr_par' dir='ltr' id='par_1_6' title="bbox 199 523 1759 602">
     <span class='ocr_line' id='line_1_6' title="bbox 199 523 1759 602; baseline -0.006 -16"><span class='ocrx_word' id='word_1_24' title='bbox 199 532 445 602; x_wconf 78' lang='grc' dir='ltr'>βασιλέως</span> <span class='ocrx_word' id='word_1_25' title='bbox 489 530 781 601; x_wconf 86' lang='grc' dir='ltr'>βλέποντος</span> <span class='ocrx_word' id='word_1_26' title='bbox 842 529 937 584; x_wconf 68' lang='grc' dir='ltr'>καὶ</span> <span class='ocrx_word' id='word_1_27' title='bbox 984 527 1322 591; x_wconf 85' lang='grc' dir='ltr'>σιωπῶντος.</span> <span class='ocrx_word' id='word_1_28' title='bbox 1363 523 1475 579; x_wconf 84' lang='grc' dir='ltr'>Ἦν</span> <span class='ocrx_word' id='word_1_29' title='bbox 1524 526 1581 579; x_wconf 78' lang='grc' dir='ltr'><strong>δὲ</strong></span> <span class='ocrx_word' id='word_1_30' title='bbox 1623 525 1759 578; x_wconf 76' lang='grc' dir='ltr'>ὡσεὶ</span> 
     </span>
    </p>
   </div>
   <div class='ocr_carea' id='block_1_7' title="bbox 195 620 1758 695">
    <p class='ocr_par' dir='ltr' id='par_1_7' title="bbox 195 620 1758 695">
     <span class='ocr_line' id='line_1_7' title="bbox 195 620 1758 695; baseline -0.004 -17"><span class='ocrx_word' id='word_1_31' title='bbox 195 626 303 695; x_wconf 81' lang='grc' dir='ltr'>ὥρα</span> <span class='ocrx_word' id='word_1_32' title='bbox 330 622 509 693; x_wconf 81' lang='grc' dir='ltr'>τρίτη.</span> <span class='ocrx_word' id='word_1_33' title='bbox 563 622 674 675; x_wconf 75' lang='grc' dir='ltr'><strong>Καὶ</strong></span> <span class='ocrx_word' id='word_1_34' title='bbox 698 623 861 684; x_wconf 80' lang='grc' dir='ltr'>εὐθὺς</span> <span class='ocrx_word' id='word_1_35' title='bbox 896 622 1300 692; x_wconf 79' lang='grc' dir='ltr'>ὑποστρέφουσι</span> <span class='ocrx_word' id='word_1_36' title='bbox 1332 621 1468 692; x_wconf 84' lang='grc' dir='ltr'>πρὸς</span> <span class='ocrx_word' id='word_1_37' title='bbox 1510 621 1607 690; x_wconf 82' lang='grc' dir='ltr'>τὴν</span> <span class='ocrx_word' id='word_1_38' title='bbox 1656 620 1758 673; x_wconf 67' lang='grc' dir='ltr'>πόα</span> 
     </span>
    </p>
   </div>
   <div class='ocr_carea' id='block_1_8' title="bbox 196 713 1759 785">
    <p class='ocr_par' dir='ltr' id='par_1_8' title="bbox 196 713 1759 785">
     <span class='ocr_line' id='line_1_8' title="bbox 196 713 1759 785; baseline -0.004 -13"><span class='ocrx_word' id='word_1_39' title='bbox 196 719 293 772; x_wconf 89' lang='grc' dir='ltr'>λιν.</span> <span class='ocrx_word' id='word_1_40' title='bbox 337 716 630 769; x_wconf 77' lang='grc' dir='ltr'><strong>Ἐλθόντων</strong></span> <span class='ocrx_word' id='word_1_41' title='bbox 677 714 737 768; x_wconf 81' lang='grc' dir='ltr'><strong>δὲ</strong></span> <span class='ocrx_word' id='word_1_42' title='bbox 786 714 969 769; x_wconf 82' lang='grc' dir='ltr'>αὐτῶν</span> <span class='ocrx_word' id='word_1_43' title='bbox 1016 715 1160 769; x_wconf 81' lang='grc' dir='ltr'>κατὰ</span> <span class='ocrx_word' id='word_1_44' title='bbox 1224 715 1284 768; x_wconf 73' lang='grc' dir='ltr'>τὸ</span> <span class='ocrx_word' id='word_1_45' title='bbox 1347 714 1613 785; x_wconf 75' lang='grc' dir='ltr'><strong>ἐμπόριον</strong></span> <span class='ocrx_word' id='word_1_46' title='bbox 1664 713 1759 765; x_wconf 80' lang='grc' dir='ltr'>τοῦ</span> 
     </span>
    </p>
   </div>
   <div class='ocr_carea' id='block_1_9' title="bbox 206 802 1760 877">
    <p class='ocr_par' dir='ltr' id='par_1_9' title="bbox 206 802 1760 877">
     <span class='ocr_line' id='line_1_9' title="bbox 206 802 1760 877; baseline -0.003 -18"><span class='ocrx_word' id='word_1_47' title='bbox 206 804 436 877; x_wconf 73' lang='grc' dir='ltr'>Ἀκρίτα,</span> <span class='ocrx_word' id='word_1_48' title='bbox 489 803 724 874; x_wconf 85' lang='grc' dir='ltr'>μοναχός</span> <span class='ocrx_word' id='word_1_49' title='bbox 771 820 857 867; x_wconf 86' lang='grc' dir='ltr'><strong>τις</strong></span> <span class='ocrx_word' id='word_1_50' title='bbox 897 802 986 873; x_wconf 77' lang='grc' dir='ltr'><strong>ἐφ’</strong></span> <span class='ocrx_word' id='word_1_51' title='bbox 1021 802 1235 875; x_wconf 74' lang='grc' dir='ltr'>ὑψηλῆς</span> <span class='ocrx_word' id='word_1_52' title='bbox 1289 805 1387 874; x_wconf 80' lang='grc' dir='ltr'>τῆς</span> <span class='ocrx_word' id='word_1_53' title='bbox 1447 804 1658 874; x_wconf 80' lang='grc' dir='ltr'><strong>πέτρας</strong></span> <span class='ocrx_word' id='word_1_54' title='bbox 1701 803 1760 854; x_wconf 77' lang='grc' dir='ltr'><strong>ἐ·-</strong></span> 
     </span>
    </p>
   </div>
   <div class='ocr_carea' id='block_1_10' title="bbox 194 894 1762 967">
    <p class='ocr_par' dir='ltr' id='par_1_10' title="bbox 194 894 1762 967">
     <span class='ocr_line' id='line_1_10' title="bbox 194 894 1762 967; baseline -0.004 -13"><span class='ocrx_word' id='word_1_55' title='bbox 194 898 419 967; x_wconf 78' lang='grc' dir='ltr'>πεφώνει</span> <span class='ocrx_word' id='word_1_56' title='bbox 476 898 731 967; x_wconf 79' lang='grc' dir='ltr'><strong>μεγάλως</strong></span> <span class='ocrx_word' id='word_1_57' title='bbox 778 896 858 967; x_wconf 84' lang='grc' dir='ltr'>τῷ</span> <span class='ocrx_word' id='word_1_58' title='bbox 910 897 1155 967; x_wconf 78' lang='grc' dir='ltr'>βασιλεῖ’</span> <span class='ocrx_word' id='word_1_59' title='bbox 1199 896 1403 952; x_wconf 79' lang='grc' dir='ltr'>Καλὸν</span> <span class='ocrx_word' id='word_1_60' title='bbox 1458 894 1762 962; x_wconf 77' lang='grc' dir='ltr'>ταξείδιον</span> 
     </span>
    </p>
   </div>
   <div class='ocr_carea' id='block_1_11' title="bbox 197 980 1761 1057">
    <p class='ocr_par' dir='ltr' id='par_1_11' title="bbox 197 980 1761 1057">
     <span class='ocr_line' id='line_1_11' title="bbox 197 980 1761 1057; baseline -0.001 -15"><span class='ocrx_word' id='word_1_61' title='bbox 197 989 499 1054; x_wconf 77' lang='grc' dir='ltr'>ἐποίησας,</span> <span class='ocrx_word' id='word_1_62' title='bbox 533 985 881 1053; x_wconf 75' lang='grc' dir='ltr'>ὦβασιλεῦ,</span> <span class='ocrx_word' id='word_1_63' title='bbox 910 987 1019 1041; x_wconf 80' lang='grc' dir='ltr'><strong>τὸν</strong></span> <span class='ocrx_word' id='word_1_64' title='bbox 1039 986 1198 1041; x_wconf 76' lang='grc' dir='ltr'>ἴδιόν</span> <span class='ocrx_word' id='word_1_65' title='bbox 1215 1004 1332 1045; x_wconf 88' lang='grc' dir='ltr'><strong>σου</strong></span> <span class='ocrx_word' id='word_1_66' title='bbox 1359 988 1460 1041; x_wconf 78' lang='grc' dir='ltr'>καὶ</span> <span class='ocrx_word' id='word_1_67' title='bbox 1490 980 1761 1057; x_wconf 59' lang='grc' dir='ltr'>συγγενῆ</span> 
     </span>
    </p>
   </div>
   <div class='ocr_carea' id='block_1_12' title="bbox 196 1077 1763 1149">
    <p class='ocr_par' dir='ltr' id='par_1_12' title="bbox 196 1077 1763 1149">
     <span class='ocr_line' id='line_1_12' title="bbox 196 1077 1763 1149; baseline -0.002 -16"><span class='ocrx_word' id='word_1_68' title='bbox 196 1077 434 1134; x_wconf 76' lang='grc' dir='ltr'><strong>ἀνελών.</strong></span> <span class='ocrx_word' id='word_1_69' title='bbox 465 1078 616 1131; x_wconf 81' lang='grc' dir='ltr'>οὐαί</span> <span class='ocrx_word' id='word_1_70' title='bbox 640 1093 762 1141; x_wconf 88' lang='grc' dir='ltr'>σοι,</span> <span class='ocrx_word' id='word_1_71' title='bbox 798 1077 888 1131; x_wconf 83' lang='grc' dir='ltr'>ὅτι</span> <span class='ocrx_word' id='word_1_72' title='bbox 906 1078 1094 1132; x_wconf 81' lang='grc' dir='ltr'>ταῦτα</span> <span class='ocrx_word' id='word_1_73' title='bbox 1117 1078 1415 1146; x_wconf 78' lang='grc' dir='ltr'>ἐποίησας</span> <span class='ocrx_word' id='word_1_74' title='bbox 1434 1079 1455 1132; x_wconf 88' lang='lat'><strong><em>!</em></strong></span> <span class='ocrx_word' id='word_1_75' title='bbox 1475 1078 1763 1149; x_wconf 76' lang='grc' dir='ltr'>Θυμωθεὶς</span> 
     </span>
    </p>
   </div>
   <div class='ocr_carea' id='block_1_13' title="bbox 193 1169 1761 1242">
    <p class='ocr_par' dir='ltr' id='par_1_13' title="bbox 193 1169 1761 1242">
     <span class='ocr_line' id='line_1_13' title="bbox 193 1169 1761 1242; baseline -0.001 -16"><span class='ocrx_word' id='word_1_76' title='bbox 193 1172 245 1226; x_wconf 83' lang='grc' dir='ltr'><strong>δὲ</strong></span> <span class='ocrx_word' id='word_1_77' title='bbox 270 1171 297 1223; x_wconf 83' lang='grc'>6</span> <span class='ocrx_word' id='word_1_78' title='bbox 323 1170 575 1238; x_wconf 83' lang='grc' dir='ltr'>βασιλεὺς</span> <span class='ocrx_word' id='word_1_79' title='bbox 605 1171 699 1222; x_wconf 74' lang='grc' dir='ltr'><strong>καὶ</strong></span> <span class='ocrx_word' id='word_1_80' title='bbox 731 1170 758 1222; x_wconf 89' lang='lat'><strong>6</strong></span> <span class='ocrx_word' id='word_1_81' title='bbox 782 1169 1065 1235; x_wconf 85' lang='grc' dir='ltr'>Βασίλειος</span> <span class='ocrx_word' id='word_1_82' title='bbox 1093 1172 1407 1242; x_wconf 82' lang='grc' dir='ltr'><strong>πέμπουσιν</strong></span> <span class='ocrx_word' id='word_1_83' title='bbox 1430 1170 1640 1224; x_wconf 79' lang='grc' dir='ltr'><strong>ἀνελεῖν</strong></span> <span class='ocrx_word' id='word_1_84' title='bbox 1669 1171 1761 1224; x_wconf 82' lang='grc' dir='ltr'>τὸν</span> 
     </span>
    </p>
   </div>
   <div class='ocr_carea' id='block_1_14' title="bbox 195 1261 1763 1345">
    <p class='ocr_par' dir='ltr' id='par_1_14' title="bbox 195 1261 1763 1345">
     <span class='ocr_line' id='line_1_14' title="bbox 195 1261 1763 1345; baseline 0.001 -30"><span class='ocrx_word' id='word_1_85' title='bbox 195 1261 437 1345; x_wconf 79' lang='grc' dir='ltr'>μοναχόν.</span> <span class='ocrx_word' id='word_1_86' title='bbox 464 1264 526 1317; x_wconf 77' lang='grc' dir='ltr'><strong>Οἱ</strong></span> <span class='ocrx_word' id='word_1_87' title='bbox 572 1263 629 1315; x_wconf 82' lang='grc' dir='ltr'>δὲ</span> <span class='ocrx_word' id='word_1_88' title='bbox 674 1263 1085 1335; x_wconf 78' lang='grc' dir='ltr'><strong>παρατυχόντες</strong></span> <span class='ocrx_word' id='word_1_89' title='bbox 1126 1263 1352 1318; x_wconf 70' lang='grc' dir='ltr'>ἔπεισαν</span> <span class='ocrx_word' id='word_1_90' title='bbox 1385 1264 1475 1317; x_wconf 78' lang='grc' dir='ltr'>τὸν</span> <span class='ocrx_word' id='word_1_91' title='bbox 1521 1264 1763 1317; x_wconf 81' lang='grc' dir='ltr'>ἀποστα-</span> 
     </span>
    </p>
   </div>
   <div class='ocr_carea' id='block_1_15' title="bbox 192 1352 1761 1427">
    <p class='ocr_par' dir='ltr' id='par_1_15' title="bbox 192 1352 1761 1427">
     <span class='ocr_line' id='line_1_15' title="bbox 192 1352 1761 1427; baseline 0.001 -20"><span class='ocrx_word' id='word_1_92' title='bbox 192 1356 340 1409; x_wconf 86' lang='grc' dir='ltr'>λέντα</span> <span class='ocrx_word' id='word_1_93' title='bbox 370 1355 535 1410; x_wconf 76' lang='grc' dir='ltr'>ἄνουν</span> <span class='ocrx_word' id='word_1_94' title='bbox 566 1356 662 1408; x_wconf 72' lang='grc' dir='ltr'>καὶ</span> <span class='ocrx_word' id='word_1_95' title='bbox 710 1355 1055 1426; x_wconf 84' lang='grc' dir='ltr'>δαιμονῶντα</span> <span class='ocrx_word' id='word_1_96' title='bbox 1087 1352 1228 1410; x_wconf 75' lang='grc' dir='ltr'>εἶναι</span> <span class='ocrx_word' id='word_1_97' title='bbox 1253 1356 1348 1411; x_wconf 83' lang='grc' dir='ltr'>τὸν</span> <span class='ocrx_word' id='word_1_98' title='bbox 1389 1356 1643 1427; x_wconf 85' lang='grc' dir='ltr'>μοναχόν.</span> <span class='ocrx_word' id='word_1_99' title='bbox 1668 1356 1761 1409; x_wconf 76' lang='grc' dir='ltr'><strong>Διὸ</strong></span> 
     </span>
    </p>
   </div>
   <div class='ocr_carea' id='block_1_16' title="bbox 193 1446 1545 1518">
    <p class='ocr_par' dir='ltr' id='par_1_16' title="bbox 193 1446 1545 1518">
     <span class='ocr_line' id='line_1_16' title="bbox 193 1446 1545 1518; baseline -0.001 -17"><span class='ocrx_word' id='word_1_100' title='bbox 193 1449 282 1501; x_wconf 76' lang='grc' dir='ltr'><strong>καὶ</strong></span> <span class='ocrx_word' id='word_1_101' title='bbox 315 1447 468 1517; x_wconf 80' lang='grc' dir='ltr'>μόλις</span> <span class='ocrx_word' id='word_1_102' title='bbox 488 1446 770 1518; x_wconf 77' lang='grc' dir='ltr'>παρῆλθεν</span> <span class='ocrx_word' id='word_1_103' title='bbox 798 1448 826 1500; x_wconf 90' lang='lat'><strong>6</strong></span> <span class='ocrx_word' id='word_1_104' title='bbox 849 1447 1086 1518; x_wconf 68' lang='grc' dir='ltr'>μοναχος</span> <span class='ocrx_word' id='word_1_105' title='bbox 1116 1448 1219 1517; x_wconf 80' lang='grc' dir='ltr'>τῆς</span> <span class='ocrx_word' id='word_1_106' title='bbox 1254 1448 1545 1518; x_wconf 80' lang='grc' dir='ltr'>τιμωρίας.</span> 
     </span>
    </p>
   </div>
   <div class='ocr_carea' id='block_1_17' title="bbox 258 1537 1760 1611">
    <p class='ocr_par' dir='ltr' id='par_1_17' title="bbox 258 1537 1760 1611">
     <span class='ocr_line' id='line_1_17' title="bbox 258 1537 1760 1611; baseline 0 -19"><span class='ocrx_word' id='word_1_107' title='bbox 258 1538 367 1609; x_wconf 54' lang='grc' dir='ltr'><strong>μί.</strong></span> <span class='ocrx_word' id='word_1_108' title='bbox 400 1540 479 1611; x_wconf 79' lang='grc' dir='ltr'><strong>Τῇ</strong></span> <span class='ocrx_word' id='word_1_109' title='bbox 509 1539 566 1592; x_wconf 80' lang='grc' dir='ltr'><strong>δὲ</strong></span> <span class='ocrx_word' id='word_1_110' title='bbox 597 1540 733 1609; x_wconf 69' lang='grc' dir='ltr'>ἁγίᾳ</span> <span class='ocrx_word' id='word_1_111' title='bbox 765 1539 1114 1610; x_wconf 78' lang='grc' dir='ltr'>Πεντηκοστῇ</span> <span class='ocrx_word' id='word_1_112' title='bbox 1146 1538 1372 1608; x_wconf 71' lang='grc' dir='ltr'>ἔστεψεν</span> <span class='ocrx_word' id='word_1_113' title='bbox 1415 1539 1444 1590; x_wconf 88' lang='lat'><strong>6</strong></span> <span class='ocrx_word' id='word_1_114' title='bbox 1505 1537 1760 1607; x_wconf 75' lang='grc' dir='ltr'>βασιλεὺς</span> 
     </span>
    </p>
   </div>
   <div class='ocr_carea' id='block_1_18' title="bbox 189 1628 1760 1701">
    <p class='ocr_par' dir='ltr' id='par_1_18' title="bbox 189 1628 1760 1701">
     <span class='ocr_line' id='line_1_18' title="bbox 189 1628 1760 1701; baseline -0.001 -19"><span class='ocrx_word' id='word_1_115' title='bbox 189 1628 398 1698; x_wconf 75' lang='grc' dir='ltr'>Μιχαὴλ</span> <span class='ocrx_word' id='word_1_116' title='bbox 435 1630 530 1682; x_wconf 74' lang='grc' dir='ltr'>καὶ</span> <span class='ocrx_word' id='word_1_117' title='bbox 557 1629 761 1693; x_wconf 67' lang='grc' dir='ltr'>Φὼτιος</span> <span class='ocrx_word' id='word_1_118' title='bbox 814 1630 1167 1701; x_wconf 80' lang='grc' dir='ltr'>πατριάρχης</span> <span class='ocrx_word' id='word_1_119' title='bbox 1204 1632 1263 1682; x_wconf 84' lang='grc' dir='ltr'>ὲν</span> <span class='ocrx_word' id='word_1_120' title='bbox 1290 1633 1357 1701; x_wconf 84' lang='grc' dir='ltr'>τῇ</span> <span class='ocrx_word' id='word_1_121' title='bbox 1400 1629 1558 1700; x_wconf 74' lang='grc' dir='ltr'>Ἀγίᾳ</span> <span class='ocrx_word' id='word_1_122' title='bbox 1587 1629 1760 1700; x_wconf 84' lang='grc' dir='ltr'>Σοφίᾳ</span> 
     </span>
    </p>
   </div>
   <div class='ocr_carea' id='block_1_19' title="bbox 191 1720 1759 1792">
    <p class='ocr_par' dir='ltr' id='par_1_19' title="bbox 191 1720 1759 1792">
     <span class='ocr_line' id='line_1_19' title="bbox 191 1720 1759 1792; baseline -0.001 -18"><span class='ocrx_word' id='word_1_123' title='bbox 191 1720 463 1774; x_wconf 76' lang='grc' dir='ltr'>Βασίλειον</span> <span class='ocrx_word' id='word_1_124' title='bbox 485 1722 579 1776; x_wconf 81' lang='grc' dir='ltr'>τὸν</span> <span class='ocrx_word' id='word_1_125' title='bbox 627 1720 1128 1792; x_wconf 80' lang='grc' dir='ltr'>παρακοιμώμενον</span> <span class='ocrx_word' id='word_1_126' title='bbox 1182 1722 1260 1785; x_wconf 78' lang='grc' dir='ltr'><strong>είς</strong></span> <span class='ocrx_word' id='word_1_127' title='bbox 1316 1720 1567 1792; x_wconf 82' lang='grc' dir='ltr'>βασιλέα,</span> <span class='ocrx_word' id='word_1_128' title='bbox 1590 1722 1759 1790; x_wconf 85' lang='grc' dir='ltr'>τόμον</span> 
     </span>
    </p>
   </div>
   <div class='ocr_carea' id='block_1_20' title="bbox 1860 523 3455 594">
    <p class='ocr_par' dir='ltr' id='par_1_20' title="bbox 1860 523 3455 594">
     <span class='ocr_line' id='line_1_20' title="bbox 1860 523 3455 594; baseline 0.001 -15"><span class='ocrx_word' id='word_1_129' title='bbox 1860 534 2238 580; x_wconf 78' lang='lat' dir='ltr'><strong>revertuntur.</strong></span> <span class='ocrx_word' id='word_1_130' title='bbox 2280 523 2531 594; x_wconf 87' lang='lat' dir='ltr'><strong>Cumque</strong></span> <span class='ocrx_word' id='word_1_131' title='bbox 2581 523 2650 578; x_wconf 86' lang='lat' dir='ltr'><strong>ad</strong></span> <span class='ocrx_word' id='word_1_132' title='bbox 2684 525 3001 594; x_wconf 83' lang='lat' dir='ltr'><strong>emporium</strong></span> <span class='ocrx_word' id='word_1_133' title='bbox 3038 524 3222 580; x_wconf 86' lang='lat' dir='ltr'><strong>Acrita</strong></span> <span class='ocrx_word' id='word_1_134' title='bbox 3268 526 3455 581; x_wconf 53' lang='lat' dir='ltr'><strong>venis.</strong></span> 
     </span>
    </p>
   </div>
   <div class='ocr_carea' id='block_1_21' title="bbox 1861 618 3454 688">
    <p class='ocr_par' dir='ltr' id='par_1_21' title="bbox 1861 618 3454 688">
     <span class='ocr_line' id='line_1_21' title="bbox 1861 618 3454 688; baseline -0.002 -13"><span class='ocrx_word' id='word_1_135' title='bbox 1861 630 2004 682; x_wconf 87' lang='lat' dir='ltr'><strong>sent,</strong></span> <span class='ocrx_word' id='word_1_136' title='bbox 2055 618 2362 674; x_wconf 80' lang='lat' dir='ltr'><strong>monachus</strong></span> <span class='ocrx_word' id='word_1_137' title='bbox 2405 618 2628 688; x_wconf 88' lang='lat' dir='ltr'><strong>quidam</strong></span> <span class='ocrx_word' id='word_1_138' title='bbox 2676 633 2743 671; x_wconf 78' lang='lat' dir='ltr'><strong>ex</strong></span> <span class='ocrx_word' id='word_1_139' title='bbox 2791 618 2899 671; x_wconf 84' lang='lat' dir='ltr'><strong>alta</strong></span> <span class='ocrx_word' id='word_1_140' title='bbox 2954 632 3091 687; x_wconf 89' lang='lat' dir='ltr'><strong>rupe</strong></span> <span class='ocrx_word' id='word_1_141' title='bbox 3133 619 3454 687; x_wconf 82' lang='lat' dir='ltr'><strong>imperatori</strong></span> 
     </span>
    </p>
   </div>
   <div class='ocr_carea' id='block_1_22' title="bbox 1859 708 3455 780">
    <p class='ocr_par' dir='ltr' id='par_1_22' title="bbox 1859 708 3455 780">
     <span class='ocr_line' id='line_1_22' title="bbox 1859 708 3455 780; baseline 0 -15"><span class='ocrx_word' id='word_1_142' title='bbox 1859 712 2004 766; x_wconf 83' lang='lat' dir='ltr'><strong>elata</strong></span> <span class='ocrx_word' id='word_1_143' title='bbox 2041 711 2308 780; x_wconf 79' lang='lat' dir='ltr'><strong>ﬁrmaque</strong></span> <span class='ocrx_word' id='word_1_144' title='bbox 2339 725 2474 764; x_wconf 82' lang='lat' dir='ltr'><strong>voce</strong></span> <span class='ocrx_word' id='word_1_145' title='bbox 2505 708 2820 764; x_wconf 88' lang='lat' dir='ltr'><strong>clamabat:</strong></span> <span class='ocrx_word' id='word_1_146' title='bbox 2864 709 3092 779; x_wconf 83' lang='lat' dir='ltr'><strong>Egregia</strong></span> <span class='ocrx_word' id='word_1_147' title='bbox 3142 727 3301 774; x_wconf 87' lang='lat' dir='ltr'><strong>sane,</strong></span> <span class='ocrx_word' id='word_1_148' title='bbox 3350 713 3455 765; x_wconf 90' lang='lat' dir='ltr'><strong>im-</strong></span> 
     </span>
    </p>
   </div>
   <div class='ocr_carea' id='block_1_23' title="bbox 1862 803 3457 877">
    <p class='ocr_par' dir='ltr' id='par_1_23' title="bbox 1862 803 3457 877">
     <span class='ocr_line' id='line_1_23' title="bbox 1862 803 3457 877; baseline 0.001 -19"><span class='ocrx_word' id='word_1_149' title='bbox 1862 819 2093 877; x_wconf 82' lang='lat' dir='ltr'><strong>perator,</strong></span> <span class='ocrx_word' id='word_1_150' title='bbox 2139 814 2233 859; x_wconf 89' lang='lat' dir='ltr'><strong>tua</strong></span> <span class='ocrx_word' id='word_1_151' title='bbox 2269 807 2378 858; x_wconf 68' lang='lat' dir='ltr'><strong>hac</strong></span> <span class='ocrx_word' id='word_1_152' title='bbox 2418 805 2698 874; x_wconf 67' lang='lat' dir='ltr'><strong>expeditio,</strong></span> <span class='ocrx_word' id='word_1_153' title='bbox 2744 803 2885 874; x_wconf 84' lang='lat' dir='ltr'><strong>quod</strong></span> <span class='ocrx_word' id='word_1_154' title='bbox 2920 805 3271 857; x_wconf 80' lang='lat' dir='ltr'><strong>necessarium</strong></span> <span class='ocrx_word' id='word_1_155' title='bbox 3305 812 3457 859; x_wconf 86' lang='lat' dir='ltr'><strong>tuum</strong></span> 
     </span>
    </p>
   </div>
   <div class='ocr_carea' id='block_1_24' title="bbox 1861 895 3456 968">
    <p class='ocr_par' dir='ltr' id='par_1_24' title="bbox 1861 895 3456 968">
     <span class='ocr_line' id='line_1_24' title="bbox 1861 895 3456 968; baseline -0.001 -16"><span class='ocrx_word' id='word_1_156' title='bbox 1861 915 1925 952; x_wconf 90' lang='lat' dir='ltr'><strong>ac</strong></span> <span class='ocrx_word' id='word_1_157' title='bbox 1948 897 2518 968; x_wconf 69' lang='lat' dir='ltr'><strong>cognatunroccidisti.</strong></span> <span class='ocrx_word' id='word_1_158' title='bbox 2547 895 2633 950; x_wconf 75' lang='lat' dir='ltr'><strong>Va:</strong></span> <span class='ocrx_word' id='word_1_159' title='bbox 2670 896 2762 949; x_wconf 84' lang='lat' dir='ltr'><strong>tibi</strong></span> <span class='ocrx_word' id='word_1_160' title='bbox 2791 897 2883 965; x_wconf 84' lang='lat' dir='ltr'><strong>qui</strong></span> <span class='ocrx_word' id='word_1_161' title='bbox 2904 897 3013 949; x_wconf 81' lang='lat' dir='ltr'><strong>lucc</strong></span> <span class='ocrx_word' id='word_1_162' title='bbox 3034 896 3214 965; x_wconf 74' lang='lat' dir='ltr'><strong>feceris</strong></span> <span class='ocrx_word' id='word_1_163' title='bbox 3237 897 3256 949; x_wconf 91' lang='lat'><strong>.&#39;</strong></span> <span class='ocrx_word' id='word_1_164' title='bbox 3279 896 3456 950; x_wconf 85' lang='lat' dir='ltr'><strong>Iratus</strong></span> 
     </span>
    </p>
   </div>
   <div class='ocr_carea' id='block_1_25' title="bbox 1861 987 3456 1060">
    <p class='ocr_par' dir='ltr' id='par_1_25' title="bbox 1861 987 3456 1060">
     <span class='ocr_line' id='line_1_25' title="bbox 1861 987 3456 1060; baseline -0.002 -16"><span class='ocrx_word' id='word_1_165' title='bbox 1861 989 2166 1060; x_wconf 74' lang='lat' dir='ltr'><strong>imperator</strong></span> <span class='ocrx_word' id='word_1_166' title='bbox 2201 997 2259 1044; x_wconf 89' lang='lat' dir='ltr'><strong>et</strong></span> <span class='ocrx_word' id='word_1_167' title='bbox 2289 988 2524 1043; x_wconf 80' lang='lat' dir='ltr'><strong>Basilius</strong></span> <span class='ocrx_word' id='word_1_168' title='bbox 2554 988 2783 1042; x_wconf 90' lang='lat' dir='ltr'><strong>mittunt</strong></span> <span class='ocrx_word' id='word_1_169' title='bbox 2815 987 2908 1056; x_wconf 88' lang='lat' dir='ltr'><strong>qui</strong></span> <span class='ocrx_word' id='word_1_170' title='bbox 2945 988 3277 1040; x_wconf 85' lang='lat' dir='ltr'><strong>monachum</strong></span> <span class='ocrx_word' id='word_1_171' title='bbox 3307 988 3456 1041; x_wconf 87' lang='lat' dir='ltr'><strong>occi-</strong></span> 
     </span>
    </p>
   </div>
   <div class='ocr_carea' id='block_1_26' title="bbox 1863 1078 3459 1149">
    <p class='ocr_par' dir='ltr' id='par_1_26' title="bbox 1863 1078 3459 1149">
     <span class='ocr_line' id='line_1_26' title="bbox 1863 1078 3459 1149; baseline -0.001 -13"><span class='ocrx_word' id='word_1_172' title='bbox 1863 1082 1978 1136; x_wconf 90' lang='lat' dir='ltr'><strong>suri</strong></span> <span class='ocrx_word' id='word_1_173' title='bbox 2025 1088 2233 1136; x_wconf 78' lang='lat' dir='ltr'><strong>essent.</strong></span> <span class='ocrx_word' id='word_1_174' title='bbox 2282 1081 2486 1137; x_wconf 79' lang='lat' dir='ltr'><strong>Verum</strong></span> <span class='ocrx_word' id='word_1_175' title='bbox 2536 1080 2632 1149; x_wconf 83' lang='lat' dir='ltr'><strong>qui</strong></span> <span class='ocrx_word' id='word_1_176' title='bbox 2681 1078 2933 1145; x_wconf 88' lang='lat' dir='ltr'><strong>aderant,</strong></span> <span class='ocrx_word' id='word_1_177' title='bbox 2997 1078 3047 1132; x_wconf 90' lang='lat' dir='ltr'><strong>ei</strong></span> <span class='ocrx_word' id='word_1_178' title='bbox 3101 1078 3197 1147; x_wconf 86' lang='lat' dir='ltr'><strong>qui</strong></span> <span class='ocrx_word' id='word_1_179' title='bbox 3254 1080 3459 1134; x_wconf 84' lang='lat' dir='ltr'><strong>missus</strong></span> 
     </span>
    </p>
   </div>
   <div class='ocr_carea' id='block_1_27' title="bbox 1863 1171 3456 1245">
    <p class='ocr_par' dir='ltr' id='par_1_27' title="bbox 1863 1171 3456 1245">
     <span class='ocr_line' id='line_1_27' title="bbox 1863 1171 3456 1245; baseline -0.004 -16"><span class='ocrx_word' id='word_1_180' title='bbox 1863 1174 2169 1245; x_wconf 82' lang='lat' dir='ltr'><strong>Spiculator</strong></span> <span class='ocrx_word' id='word_1_181' title='bbox 2198 1182 2320 1228; x_wconf 86' lang='lat' dir='ltr'><strong>erat</strong></span> <span class='ocrx_word' id='word_1_182' title='bbox 2352 1171 2687 1226; x_wconf 90' lang='lat' dir='ltr'><strong>monachum</strong></span> <span class='ocrx_word' id='word_1_183' title='bbox 2727 1171 3041 1224; x_wconf 89' lang='lat' dir='ltr'><strong>dementem</strong></span> <span class='ocrx_word' id='word_1_184' title='bbox 3073 1185 3196 1223; x_wconf 86' lang='lat' dir='ltr'><strong>esse.</strong></span> <span class='ocrx_word' id='word_1_185' title='bbox 3235 1179 3456 1223; x_wconf 87' lang='lat' dir='ltr'><strong>actum-</strong></span> 
     </span>
    </p>
   </div>
   <div class='ocr_carea' id='block_1_28' title="bbox 1861 1264 3453 1339">
    <p class='ocr_par' dir='ltr' id='par_1_28' title="bbox 1861 1264 3453 1339">
     <span class='ocr_line' id='line_1_28' title="bbox 1861 1264 3453 1339; baseline -0.005 -16"><span class='ocrx_word' id='word_1_186' title='bbox 1861 1283 1970 1339; x_wconf 88' lang='lat' dir='ltr'><strong>que</strong></span> <span class='ocrx_word' id='word_1_187' title='bbox 2028 1283 2058 1322; x_wconf 91' lang='lat' dir='ltr'><strong>a</strong></span> <span class='ocrx_word' id='word_1_188' title='bbox 2120 1266 2370 1320; x_wconf 70' lang='lat' dir='ltr'><strong>daemone</strong></span> <span class='ocrx_word' id='word_1_189' title='bbox 2428 1264 2592 1319; x_wconf 87' lang='lat' dir='ltr'><strong>etiam</strong></span> <span class='ocrx_word' id='word_1_190' title='bbox 2652 1271 2817 1331; x_wconf 81' lang='lat' dir='ltr'><strong>atque</strong></span> <span class='ocrx_word' id='word_1_191' title='bbox 2877 1264 3042 1316; x_wconf 89' lang='lat' dir='ltr'><strong>etiam</strong></span> <span class='ocrx_word' id='word_1_192' title='bbox 3103 1271 3453 1327; x_wconf 77' lang='lat' dir='ltr'><strong>asseverant;</strong></span> 
     </span>
    </p>
   </div>
   <div class='ocr_carea' id='block_1_29' title="bbox 1861 1356 3457 1431">
    <p class='ocr_par' dir='ltr' id='par_1_29' title="bbox 1861 1356 3457 1431">
     <span class='ocr_line' id='line_1_29' title="bbox 1861 1356 3457 1431; baseline -0.003 -18"><span class='ocrx_word' id='word_1_193' title='bbox 1861 1376 1972 1431; x_wconf 89' lang='lat' dir='ltr'><strong>quo</strong></span> <span class='ocrx_word' id='word_1_194' title='bbox 2016 1361 2223 1414; x_wconf 83' lang='lat' dir='ltr'><strong>factum</strong></span> <span class='ocrx_word' id='word_1_195' title='bbox 2279 1368 2364 1413; x_wconf 89' lang='lat' dir='ltr'><strong>est</strong></span> <span class='ocrx_word' id='word_1_196' title='bbox 2411 1368 2474 1412; x_wconf 90' lang='lat' dir='ltr'><strong>ut</strong></span> <span class='ocrx_word' id='word_1_197' title='bbox 2521 1358 2614 1412; x_wconf 80' lang='lat' dir='ltr'><strong>vix</strong></span> <span class='ocrx_word' id='word_1_198' title='bbox 2662 1357 2882 1411; x_wconf 88' lang='lat' dir='ltr'><strong>tandem</strong></span> <span class='ocrx_word' id='word_1_199' title='bbox 2925 1356 3017 1423; x_wconf 83' lang='lat' dir='ltr'><strong>ille</strong></span> <span class='ocrx_word' id='word_1_200' title='bbox 3059 1368 3279 1424; x_wconf 64' lang='lat' dir='ltr'><strong>poenam</strong></span> <span class='ocrx_word' id='word_1_201' title='bbox 3328 1370 3457 1408; x_wconf 78' lang='lat' dir='ltr'><strong>eva-</strong></span> 
     </span>
    </p>
   </div>
   <div class='ocr_carea' id='block_1_30' title="bbox 1862 1450 2039 1505">
    <p class='ocr_par' dir='ltr' id='par_1_30' title="bbox 1862 1450 2039 1505">
     <span class='ocr_line' id='line_1_30' title="bbox 1862 1450 2039 1505; baseline -0.011 0"><span class='ocrx_word' id='word_1_202' title='bbox 1862 1450 2039 1505; x_wconf 90' lang='lat' dir='ltr'><strong>deret.</strong></span> 
     </span>
    </p>
   </div>
   <div class='ocr_carea' id='block_1_31' title="bbox 1932 1534 3459 1597">
    <p class='ocr_par' dir='ltr' id='par_1_31' title="bbox 1932 1534 3459 1597">
     <span class='ocr_line' id='line_1_31' title="bbox 1932 1534 3459 1597; baseline -0.001 -2"><span class='ocrx_word' id='word_1_203' title='bbox 1932 1542 2025 1596; x_wconf 68' lang='lat'><strong>45.</strong></span> <span class='ocrx_word' id='word_1_204' title='bbox 2059 1541 2162 1597; x_wconf 88' lang='lat' dir='ltr'><strong>Per</strong></span> <span class='ocrx_word' id='word_1_205' title='bbox 2193 1540 2367 1595; x_wconf 84' lang='lat' dir='ltr'><strong>sancti</strong></span> <span class='ocrx_word' id='word_1_206' title='bbox 2413 1534 2596 1594; x_wconf 66' lang='lat' dir='ltr'><strong>autem</strong></span> <span class='ocrx_word' id='word_1_207' title='bbox 2642 1539 2750 1594; x_wconf 89' lang='lat' dir='ltr'><strong>diei</strong></span> <span class='ocrx_word' id='word_1_208' title='bbox 2789 1540 3150 1594; x_wconf 88' lang='lat' dir='ltr'><strong>Pentecostes</strong></span> <span class='ocrx_word' id='word_1_209' title='bbox 3192 1539 3459 1595; x_wconf 84' lang='lat' dir='ltr'><strong>solemnia</strong></span> 
     </span>
    </p>
   </div>
   <div class='ocr_carea' id='block_1_32' title="bbox 1862 1633 3458 1703">
    <p class='ocr_par' dir='ltr' id='par_1_32' title="bbox 1862 1633 3458 1703">
     <span class='ocr_line' id='line_1_32' title="bbox 1862 1633 3458 1703; baseline -0.002 -14"><span class='ocrx_word' id='word_1_210' title='bbox 1862 1634 2096 1689; x_wconf 86' lang='lat' dir='ltr'><strong>Michael</strong></span> <span class='ocrx_word' id='word_1_211' title='bbox 2124 1635 2428 1703; x_wconf 83' lang='lat' dir='ltr'><strong>imperator</strong></span> <span class='ocrx_word' id='word_1_212' title='bbox 2462 1633 2802 1702; x_wconf 85' lang='lat' dir='ltr'><strong>Photiusque</strong></span> <span class='ocrx_word' id='word_1_213' title='bbox 2828 1633 3140 1703; x_wconf 82' lang='lat' dir='ltr'><strong>patriarcha</strong></span> <span class='ocrx_word' id='word_1_214' title='bbox 3171 1635 3227 1686; x_wconf 92' lang='lat' dir='ltr'><strong>in</strong></span> <span class='ocrx_word' id='word_1_215' title='bbox 3261 1633 3317 1687; x_wconf 90' lang='lat' dir='ltr'><strong>S.</strong></span> <span class='ocrx_word' id='word_1_216' title='bbox 3357 1633 3458 1688; x_wconf 84' lang='lat' dir='ltr'><strong>So-</strong></span> 
     </span>
    </p>
   </div>
   <div class='ocr_carea' id='block_1_33' title="bbox 1864 1725 3457 1796">
    <p class='ocr_par' dir='ltr' id='par_1_33' title="bbox 1864 1725 3457 1796">
     <span class='ocr_line' id='line_1_33' title="bbox 1864 1725 3457 1796; baseline -0.001 -16"><span class='ocrx_word' id='word_1_217' title='bbox 1864 1726 2011 1796; x_wconf 66' lang='lat' dir='ltr'><strong>phia:</strong></span> <span class='ocrx_word' id='word_1_218' title='bbox 2035 1725 2298 1780; x_wconf 88' lang='lat' dir='ltr'><strong>Basilinm</strong></span> <span class='ocrx_word' id='word_1_219' title='bbox 2330 1725 2708 1781; x_wconf 87' lang='lat' dir='ltr'><strong>accubitorem</strong></span> <span class='ocrx_word' id='word_1_220' title='bbox 2741 1725 3132 1795; x_wconf 83' lang='lat' dir='ltr'><strong>imperatorem</strong></span> <span class='ocrx_word' id='word_1_221' title='bbox 3168 1732 3457 1787; x_wconf 86' lang='lat' dir='ltr'><strong>crearunt,</strong></span> 
     </span>
    </p>
   </div>
   <div class='ocr_carea' id='block_1_34' title="bbox 189 1797 1763 1888">
    <p class='ocr_par' dir='ltr' id='par_1_34' title="bbox 189 1814 1759 1886">
     <span class='ocr_line' id='line_1_34' title="bbox 189 1814 1759 1886; baseline 0.001 -19"><span class='ocrx_word' id='word_1_222' title='bbox 189 1815 445 1882; x_wconf 81' lang='grc' dir='ltr'>ἀναγνοὺς</span> <span class='ocrx_word' id='word_1_223' title='bbox 492 1814 583 1868; x_wconf 78' lang='grc' dir='ltr'>διὰ</span> <span class='ocrx_word' id='word_1_224' title='bbox 638 1815 922 1886; x_wconf 80' lang='grc' dir='ltr'>Κάστορος</span> <span class='ocrx_word' id='word_1_225' title='bbox 978 1815 1289 1886; x_wconf 81' lang='grc' dir='ltr'>ὰσηκρῆτις</span> <span class='ocrx_word' id='word_1_226' title='bbox 1325 1814 1517 1884; x_wconf 72' lang='grc' dir='ltr'>ἔχοντα</span> <span class='ocrx_word' id='word_1_227' title='bbox 1564 1814 1759 1876; x_wconf 68' lang='grc' dir='ltr'>οὕτως’</span> 
     </span>
    </p>
   </div>
   <div class='ocr_carea' id='block_1_35' title="bbox 1872 1797 3457 1888">
    <p class='ocr_par' dir='ltr' id='par_1_35' title="bbox 1872 1817 3457 1888">
     <span class='ocr_line' id='line_1_35' title="bbox 1872 1817 3457 1888; baseline -0.003 -14"><span class='ocrx_word' id='word_1_228' title='bbox 1872 1819 2011 1874; x_wconf 89' lang='lat' dir='ltr'><strong>lecto</strong></span> <span class='ocrx_word' id='word_1_229' title='bbox 2041 1827 2191 1873; x_wconf 90' lang='lat' dir='ltr'><strong>tomo</strong></span> <span class='ocrx_word' id='word_1_230' title='bbox 2225 1833 2326 1888; x_wconf 87' lang='lat' dir='ltr'><strong>per</strong></span> <span class='ocrx_word' id='word_1_231' title='bbox 2345 1819 2639 1874; x_wconf 87' lang='lat' dir='ltr'><strong>Castorem</strong></span> <span class='ocrx_word' id='word_1_232' title='bbox 2687 1833 2717 1871; x_wconf 88' lang='lat' dir='ltr'><strong>a</strong></span> <span class='ocrx_word' id='word_1_233' title='bbox 2746 1818 2996 1882; x_wconf 86' lang='lat' dir='ltr'><strong>secretis,</strong></span> <span class='ocrx_word' id='word_1_234' title='bbox 3032 1817 3085 1870; x_wconf 91' lang='lat' dir='ltr'><strong>in</strong></span> <span class='ocrx_word' id='word_1_235' title='bbox 3119 1817 3234 1870; x_wconf 68' lang='lat' dir='ltr'><strong>haec</strong></span> <span class='ocrx_word' id='word_1_236' title='bbox 3266 1819 3457 1879; x_wconf 76' lang='lat' dir='ltr'><strong>verba,</strong></span> 
     </span>
    </p>
   </div>
   <div class='ocr_carea' id='block_1_36' title="bbox 184 1906 1764 1976">
    <p class='ocr_par' dir='ltr' id='par_1_36' title="bbox 184 1906 1764 1976">
     <span class='ocr_line' id='line_1_36' title="bbox 184 1906 1764 1976; baseline -0.001 -15"><span class='ocrx_word' id='word_1_237' title='bbox 184 1906 414 1976; x_wconf 82' lang='grc' dir='ltr'>Βάρδας</span> <span class='ocrx_word' id='word_1_238' title='bbox 462 1909 496 1961; x_wconf 82' lang='grc' dir='ltr'><strong>ό</strong></span> <span class='ocrx_word' id='word_1_239' title='bbox 545 1906 776 1975; x_wconf 77' lang='grc' dir='ltr'>Καῖσαρ</span> <span class='ocrx_word' id='word_1_240' title='bbox 806 1907 1215 1961; x_wconf 72' lang='grc' dir='ltr'>ἐϐουλεύσπο</span> <span class='ocrx_word' id='word_1_241' title='bbox 1260 1906 1504 1961; x_wconf 79' lang='grc' dir='ltr'>ἀνελεῖν</span> <span class='ocrx_word' id='word_1_242' title='bbox 1530 1923 1628 1975; x_wconf 80' lang='grc' dir='ltr'>με,</span> <span class='ocrx_word' id='word_1_243' title='bbox 1664 1906 1764 1959; x_wconf 80' lang='grc' dir='ltr'>καὶ</span> 
     </span>
    </p>
   </div>
   <div class='ocr_carea' id='block_1_37' title="bbox 186 1998 1762 2069">
    <p class='ocr_par' dir='ltr' id='par_1_37' title="bbox 186 1998 1762 2069">
     <span class='ocr_line' id='line_1_37' title="bbox 186 1998 1762 2069; baseline 0 -17"><span class='ocrx_word' id='word_1_244' title='bbox 186 1998 278 2052; x_wconf 80' lang='grc' dir='ltr'><strong>διὰ</strong></span> <span class='ocrx_word' id='word_1_245' title='bbox 305 1999 480 2053; x_wconf 86' lang='grc' dir='ltr'>τοῦτο</span> <span class='ocrx_word' id='word_1_246' title='bbox 522 1998 869 2069; x_wconf 58' lang='grc' dir='ltr'>ὑπεξήγαγκέ</span> <span class='ocrx_word' id='word_1_247' title='bbox 896 2016 974 2069; x_wconf 85' lang='grc' dir='ltr'><strong>με</strong></span> <span class='ocrx_word' id='word_1_248' title='bbox 1025 1998 1136 2067; x_wconf 82' lang='grc' dir='ltr'>τῆς</span> <span class='ocrx_word' id='word_1_249' title='bbox 1163 2001 1418 2064; x_wconf 77' lang='grc' dir='ltr'>πόλεως’</span> <span class='ocrx_word' id='word_1_250' title='bbox 1463 1999 1561 2054; x_wconf 82' lang='grc' dir='ltr'><strong>καί</strong></span> <span class='ocrx_word' id='word_1_251' title='bbox 1599 2003 1651 2052; x_wconf 81' lang='grc' dir='ltr'><strong>ει</strong></span> <span class='ocrx_word' id='word_1_252' title='bbox 1676 1999 1762 2068; x_wconf 80' lang='grc' dir='ltr'>μὴ</span> 
     </span>
    </p>
   </div>
   <div class='ocr_carea' id='block_1_38' title="bbox 186 2089 1765 2161">
    <p class='ocr_par' dir='ltr' id='par_1_38' title="bbox 186 2089 1765 2161">
     <span class='ocr_line' id='line_1_38' title="bbox 186 2089 1765 2161; baseline 0.001 -18"><span class='ocrx_word' id='word_1_253' title='bbox 186 2089 281 2143; x_wconf 76' lang='grc' dir='ltr'><strong>διὰ</strong></span> <span class='ocrx_word' id='word_1_254' title='bbox 311 2090 644 2158; x_wconf 78' lang='grc' dir='ltr'>Συμϐατίου</span> <span class='ocrx_word' id='word_1_255' title='bbox 701 2092 800 2144; x_wconf 76' lang='grc' dir='ltr'>καὶ</span> <span class='ocrx_word' id='word_1_256' title='bbox 842 2091 1173 2144; x_wconf 58' lang='lat' dir='ltr'><strong>Baa&#39;tlelov</strong></span> <span class='ocrx_word' id='word_1_257' title='bbox 1200 2091 1472 2161; x_wconf 75' lang='grc' dir='ltr'><strong>ἐμηνύθη</strong></span> <span class='ocrx_word' id='word_1_258' title='bbox 1502 2108 1626 2161; x_wconf 80' lang='grc' dir='ltr'>μοι,</span> <span class='ocrx_word' id='word_1_259' title='bbox 1652 2093 1765 2145; x_wconf 82' lang='grc' dir='ltr'><strong>οὐκ</strong></span> 
     </span>
    </p>
   </div>
   <div class='ocr_carea' id='block_1_39' title="bbox 185 2179 1766 2251">
    <p class='ocr_par' dir='ltr' id='par_1_39' title="bbox 185 2179 1766 2251">
     <span class='ocr_line' id='line_1_39' title="bbox 185 2179 1766 2251; baseline 0.003 -16"><span class='ocrx_word' id='word_1_260' title='bbox 185 2182 250 2235; x_wconf 80' lang='grc' dir='ltr'><strong>ἐν</strong></span> <span class='ocrx_word' id='word_1_261' title='bbox 283 2182 410 2248; x_wconf 77' lang='grc' dir='ltr'>τοῖς</span> <span class='ocrx_word' id='word_1_262' title='bbox 438 2179 615 2242; x_wconf 80' lang='grc' dir='ltr'>ζῶσιν</span> <span class='ocrx_word' id='word_1_263' title='bbox 663 2181 846 2251; x_wconf 78' lang='grc' dir='ltr'><strong>ἢμην.</strong></span> <span class='ocrx_word' id='word_1_264' title='bbox 880 2184 1061 2236; x_wconf 80' lang='grc' dir='ltr'>Ὅθεν</span> <span class='ocrx_word' id='word_1_265' title='bbox 1088 2183 1186 2237; x_wconf 79' lang='grc' dir='ltr'><strong>καί</strong></span> <span class='ocrx_word' id='word_1_266' title='bbox 1220 2184 1620 2251; x_wconf 74' lang='grc' dir='ltr'>ἐτελεύτησεν</span> <span class='ocrx_word' id='word_1_267' title='bbox 1644 2185 1766 2239; x_wconf 80' lang='grc' dir='ltr'><strong>ὑπὸ</strong></span> 
     </span>
    </p>
   </div>
   <div class='ocr_carea' id='block_1_40' title="bbox 183 2271 1770 2342">
    <p class='ocr_par' dir='ltr' id='par_1_40' title="bbox 183 2271 1770 2342">
     <span class='ocr_line' id='line_1_40' title="bbox 183 2271 1770 2342; baseline 0.002 -15"><span class='ocrx_word' id='word_1_268' title='bbox 183 2271 289 2342; x_wconf 79' lang='grc' dir='ltr'>τῆς</span> <span class='ocrx_word' id='word_1_269' title='bbox 335 2272 493 2338; x_wconf 76' lang='grc' dir='ltr'>ιδίας</span> <span class='ocrx_word' id='word_1_270' title='bbox 518 2274 829 2342; x_wconf 73' lang='grc' dir='ltr'>ἁμαρτίας.</span> <span class='ocrx_word' id='word_1_271' title='bbox 869 2273 1031 2328; x_wconf 81' lang='grc' dir='ltr'>Θέλω</span> <span class='ocrx_word' id='word_1_272' title='bbox 1068 2273 1140 2328; x_wconf 70' lang='grc' dir='ltr'><strong><em>δὲ</em></strong></span> <span class='ocrx_word' id='word_1_273' title='bbox 1170 2276 1497 2330; x_wconf 77' lang='grc' dir='ltr'>Βασίλειον</span> <span class='ocrx_word' id='word_1_274' title='bbox 1522 2276 1630 2330; x_wconf 81' lang='grc' dir='ltr'><strong>τὸν</strong></span> <span class='ocrx_word' id='word_1_275' title='bbox 1652 2290 1770 2330; x_wconf 70' lang='grc' dir='ltr'>παι</span> 
     </span>
    </p>
   </div>
   <div class='ocr_carea' id='block_1_41' title="bbox 178 2365 1749 2436">
    <p class='ocr_par' dir='ltr' id='par_1_41' title="bbox 178 2365 1749 2436">
     <span class='ocr_line' id='line_1_41' title="bbox 178 2365 1749 2436; baseline 0.001 -16"><span class='ocrx_word' id='word_1_276' title='bbox 178 2366 640 2435; x_wconf 66' lang='grc' dir='ltr'>ρακοιιιώ,ιενον,</span> <span class='ocrx_word' id='word_1_277' title='bbox 685 2365 767 2432; x_wconf 83' lang='grc' dir='ltr'>ὡς</span> <span class='ocrx_word' id='word_1_278' title='bbox 790 2367 1014 2419; x_wconf 72' lang='grc' dir='ltr'>πιστὸν</span> <span class='ocrx_word' id='word_1_279' title='bbox 1050 2365 1196 2419; x_wconf 80' lang='grc' dir='ltr'>ὄντα</span> <span class='ocrx_word' id='word_1_280' title='bbox 1228 2366 1327 2419; x_wconf 78' lang='grc' dir='ltr'><strong>καί</strong></span> <span class='ocrx_word' id='word_1_281' title='bbox 1361 2366 1749 2436; x_wconf 75' lang='grc' dir='ltr'>φυλάττοντα</span> 
     </span>
    </p>
   </div>
   <div class='ocr_carea' id='block_1_42' title="bbox 184 2459 1766 2529">
    <p class='ocr_par' dir='ltr' id='par_1_42' title="bbox 184 2459 1766 2529">
     <span class='ocr_line' id='line_1_42' title="bbox 184 2459 1766 2529; baseline -0.001 -14"><span class='ocrx_word' id='word_1_282' title='bbox 184 2460 299 2529; x_wconf 74' lang='grc' dir='ltr'><strong>τὴν</strong></span> <span class='ocrx_word' id='word_1_283' title='bbox 331 2460 489 2529; x_wconf 74' lang='grc' dir='ltr'><strong>ἐμὴν</strong></span> <span class='ocrx_word' id='word_1_284' title='bbox 520 2461 853 2525; x_wconf 78' lang='grc' dir='ltr'>,ϐασιλείαν</span> <span class='ocrx_word' id='word_1_285' title='bbox 886 2459 987 2513; x_wconf 72' lang='grc' dir='ltr'>καὶ</span> <span class='ocrx_word' id='word_1_286' title='bbox 1038 2459 1146 2514; x_wconf 80' lang='grc' dir='ltr'>τοῦ</span> <span class='ocrx_word' id='word_1_287' title='bbox 1182 2459 1400 2528; x_wconf 77' lang='grc' dir='ltr'>ἐχθροῦ</span> <span class='ocrx_word' id='word_1_288' title='bbox 1438 2460 1766 2529; x_wconf 78' lang='grc' dir='ltr'>ἐλευθερώ-</span> 
     </span>
    </p>
   </div>
   <div class='ocr_carea' id='block_1_43' title="bbox 184 2551 1771 2623">
    <p class='ocr_par' dir='ltr' id='par_1_43' title="bbox 184 2551 1771 2623">
     <span class='ocr_line' id='line_1_43' title="bbox 184 2551 1771 2623; baseline -0.001 -15"><span class='ocrx_word' id='word_1_289' title='bbox 184 2552 379 2608; x_wconf 68' lang='lat' dir='ltr'><strong>cured</strong></span> <span class='ocrx_word' id='word_1_290' title='bbox 399 2569 478 2621; x_wconf 80' lang='grc' dir='ltr'><strong>με</strong></span> <span class='ocrx_word' id='word_1_291' title='bbox 516 2554 612 2606; x_wconf 73' lang='grc' dir='ltr'>καὶ</span> <span class='ocrx_word' id='word_1_292' title='bbox 654 2553 847 2608; x_wconf 77' lang='grc' dir='ltr'>πόθον</span> <span class='ocrx_word' id='word_1_293' title='bbox 878 2554 1031 2622; x_wconf 76' lang='grc' dir='ltr'>πρός</span> <span class='ocrx_word' id='word_1_294' title='bbox 1056 2552 1369 2623; x_wconf 73' lang='grc' dir='ltr'>με’πολὺν</span> <span class='ocrx_word' id='word_1_295' title='bbox 1411 2552 1655 2619; x_wconf 75' lang='grc' dir='ltr'>ἔχοντα,</span> <span class='ocrx_word' id='word_1_296' title='bbox 1689 2551 1771 2606; x_wconf 80' lang='grc' dir='ltr'><strong>ετ-</strong></span> 
     </span>
    </p>
   </div>
   <div class='ocr_carea' id='block_1_44' title="bbox 182 2638 1771 2712">
    <p class='ocr_par' dir='ltr' id='par_1_44' title="bbox 182 2638 1771 2712">
     <span class='ocr_line' id='line_1_44' title="bbox 182 2638 1771 2712; baseline 0.001 -18"><span class='ocrx_word' id='word_1_297' title='bbox 182 2656 278 2694; x_wconf 81' lang='grc' dir='ltr'>ναι</span> <span class='ocrx_word' id='word_1_298' title='bbox 303 2638 388 2711; x_wconf 86' lang='grc' dir='ltr'><strong>[Ρ.</strong></span> <span class='ocrx_word' id='word_1_299' title='bbox 419 2638 547 2712; x_wconf 76' lang='grc'><strong>449]</strong></span> <span class='ocrx_word' id='word_1_300' title='bbox 575 2641 818 2709; x_wconf 72' lang='grc' dir='ltr'>φύλακα</span> <span class='ocrx_word' id='word_1_301' title='bbox 844 2640 953 2710; x_wconf 81' lang='grc' dir='ltr'>τῆς</span> <span class='ocrx_word' id='word_1_302' title='bbox 974 2639 1127 2711; x_wconf 80' lang='grc' dir='ltr'>ἐμῆς</span> <span class='ocrx_word' id='word_1_303' title='bbox 1144 2641 1472 2707; x_wconf 73' lang='grc' dir='ltr'>βασιλείας</span> <span class='ocrx_word' id='word_1_304' title='bbox 1500 2640 1601 2695; x_wconf 73' lang='grc' dir='ltr'><strong>καί</strong></span> <span class='ocrx_word' id='word_1_305' title='bbox 1625 2656 1771 2709; x_wconf 67' lang='grc' dir='ltr'>προ-</span> 
     </span>
    </p>
   </div>
   <div class='ocr_carea' id='block_1_45' title="bbox 182 2731 1768 2804">
    <p class='ocr_par' dir='ltr' id='par_1_45' title="bbox 182 2731 1768 2804">
     <span class='ocr_line' id='line_1_45' title="bbox 182 2731 1768 2804; baseline 0.003 -20"><span class='ocrx_word' id='word_1_306' title='bbox 182 2731 433 2800; x_wconf 70' lang='grc' dir='ltr'><strong>νοητὴν,</strong></span> <span class='ocrx_word' id='word_1_307' title='bbox 459 2732 557 2786; x_wconf 78' lang='grc' dir='ltr'>καὶ</span> <span class='ocrx_word' id='word_1_308' title='bbox 588 2734 710 2789; x_wconf 82' lang='grc' dir='ltr'><strong>ὑπὸ</strong></span> <span class='ocrx_word' id='word_1_309' title='bbox 741 2734 989 2789; x_wconf 73' lang='grc' dir='ltr'>πάντων</span> <span class='ocrx_word' id='word_1_310' title='bbox 1013 2734 1412 2804; x_wconf 78' lang='grc' dir='ltr'>εὐφημεῒσθαι</span> <span class='ocrx_word' id='word_1_311' title='bbox 1456 2735 1539 2798; x_wconf 84' lang='grc' dir='ltr'>ὡς</span> <span class='ocrx_word' id='word_1_312' title='bbox 1580 2736 1768 2799; x_wconf 82' lang='grc' dir='ltr'>,ϐασι-</span> 
     </span>
    </p>
   </div>
   <div class='ocr_carea' id='block_1_46' title="bbox 179 2823 1769 2896">
    <p class='ocr_par' dir='ltr' id='par_1_46' title="bbox 179 2823 1769 2896">
     <span class='ocr_line' id='line_1_46' title="bbox 179 2823 1769 2896; baseline 0.003 -19"><span class='ocrx_word' id='word_1_313' title='bbox 179 2823 314 2879; x_wconf 73' lang='grc' dir='ltr'>λέιι.</span> <span class='ocrx_word' id='word_1_314' title='bbox 349 2824 462 2877; x_wconf 73' lang='grc' dir='ltr'><strong>Καὶ</strong></span> <span class='ocrx_word' id='word_1_315' title='bbox 515 2826 848 2896; x_wconf 73' lang='grc' dir='ltr'>εὐφήμησαν</span> <span class='ocrx_word' id='word_1_316' title='bbox 902 2826 1128 2889; x_wconf 61' lang='grc' dir='ltr'>πάντες</span> <span class='ocrx_word' id='word_1_317' title='bbox 1160 2826 1406 2896; x_wconf 81' lang='grc' dir='ltr'>Μιχαὴλ</span> <span class='ocrx_word' id='word_1_318' title='bbox 1436 2827 1535 2881; x_wconf 79' lang='grc' dir='ltr'><strong>καί</strong></span> <span class='ocrx_word' id='word_1_319' title='bbox 1581 2827 1769 2882; x_wconf 83' lang='grc' dir='ltr'>Βασι-</span> 
     </span>
    </p>
   </div>
   <div class='ocr_carea' id='block_1_47' title="bbox 177 2915 1768 2987">
    <p class='ocr_par' dir='ltr' id='par_1_47' title="bbox 177 2915 1768 2987">
     <span class='ocr_line' id='line_1_47' title="bbox 177 2915 1768 2987; baseline 0.002 -18"><span class='ocrx_word' id='word_1_320' title='bbox 177 2916 350 2970; x_wconf 82' lang='grc' dir='ltr'>λείου</span> <span class='ocrx_word' id='word_1_321' title='bbox 384 2915 589 2971; x_wconf 77' lang='grc' dir='ltr'>πολλὰ</span> <span class='ocrx_word' id='word_1_322' title='bbox 638 2919 712 2971; x_wconf 83' lang='grc' dir='ltr'>τὰ</span> <span class='ocrx_word' id='word_1_323' title='bbox 750 2915 893 2985; x_wconf 70' lang='grc' dir='ltr'>ἐτηί</span> <span class='ocrx_word' id='word_1_324' title='bbox 935 2918 994 2970; x_wconf 90' lang='lat'><strong>&#39;0</strong></span> <span class='ocrx_word' id='word_1_325' title='bbox 1022 2917 1079 2970; x_wconf 89' lang='grc' dir='ltr'><strong>δὲ</strong></span> <span class='ocrx_word' id='word_1_326' title='bbox 1128 2917 1218 2969; x_wconf 79' lang='grc' dir='ltr'>τὸν</span> <span class='ocrx_word' id='word_1_327' title='bbox 1276 2917 1444 2987; x_wconf 88' lang='grc' dir='ltr'>τόμον</span> <span class='ocrx_word' id='word_1_328' title='bbox 1497 2918 1768 2986; x_wconf 80' lang='grc' dir='ltr'>ἀναγνοὺς</span> 
     </span>
    </p>
   </div>
   <div class='ocr_carea' id='block_1_48' title="bbox 178 3007 1769 3080">
    <p class='ocr_par' dir='ltr' id='par_1_48' title="bbox 178 3007 1769 3080">
     <span class='ocr_line' id='line_1_48' title="bbox 178 3007 1769 3080; baseline 0.001 -19"><span class='ocrx_word' id='word_1_329' title='bbox 178 3008 423 3078; x_wconf 75' lang='grc' dir='ltr'>Κάστωρ</span> <span class='ocrx_word' id='word_1_330' title='bbox 468 3009 497 3060; x_wconf 96' lang='lat'><strong>6</strong></span> <span class='ocrx_word' id='word_1_331' title='bbox 538 3008 845 3079; x_wconf 82' lang='grc' dir='ltr'>ἀσηκρῆτις</span> <span class='ocrx_word' id='word_1_332' title='bbox 907 3007 1143 3075; x_wconf 76' lang='grc' dir='ltr'>ἐξελθὼν</span> <span class='ocrx_word' id='word_1_333' title='bbox 1197 3009 1257 3061; x_wconf 73' lang='grc' dir='ltr'>ἐν</span> <span class='ocrx_word' id='word_1_334' title='bbox 1300 3008 1642 3080; x_wconf 75' lang='grc' dir='ltr'>Νικομηδείᾳ</span> <span class='ocrx_word' id='word_1_335' title='bbox 1672 3010 1769 3063; x_wconf 79' lang='grc' dir='ltr'>καὶ</span> 
     </span>
    </p>
   </div>
   <div class='ocr_carea' id='block_1_49' title="bbox 178 3099 1839 3199">
    <p class='ocr_par' dir='ltr' id='par_1_49' title="bbox 178 3099 1839 3199">
     <span class='ocr_line' id='line_1_49' title="bbox 178 3099 1839 3199; baseline 0.001 -46"><span class='ocrx_word' id='word_1_336' title='bbox 178 3099 351 3199; x_wconf 46' lang='grc' dir='ltr'>ἐλθὼν</span> <span class='ocrx_word' id='word_1_337' title='bbox 393 3100 474 3162; x_wconf 85' lang='grc' dir='ltr'><strong>είς</strong></span> <span class='ocrx_word' id='word_1_338' title='bbox 527 3101 693 3171; x_wconf 82' lang='grc' dir='ltr'>μονὴν</span> <span class='ocrx_word' id='word_1_339' title='bbox 731 3100 978 3173; x_wconf 81' lang='grc' dir='ltr'>ἁνδρῴαν</span> <span class='ocrx_word' id='word_1_340' title='bbox 1030 3100 1246 3173; x_wconf 75' lang='grc' dir='ltr'>ἔμεινεν</span> <span class='ocrx_word' id='word_1_341' title='bbox 1302 3101 1470 3172; x_wconf 80' lang='grc' dir='ltr'>μέσον</span> <span class='ocrx_word' id='word_1_342' title='bbox 1504 3100 1765 3155; x_wconf 79' lang='grc' dir='ltr'>λιδαδίου.</span> <span class='ocrx_word' id='word_1_343' title='bbox 1794 3135 1839 3199; x_wconf 77' lang='lat' dir='ltr'>C</span> 
     </span>
    </p>
   </div>
   <div class='ocr_carea' id='block_1_50' title="bbox 175 3189 1767 3268">
    <p class='ocr_par' dir='ltr' id='par_1_50' title="bbox 175 3189 1767 3268">
     <span class='ocr_line' id='line_1_50' title="bbox 175 3189 1767 3268; baseline 0.003 -20"><span class='ocrx_word' id='word_1_344' title='bbox 175 3189 288 3249; x_wconf 84' lang='grc' dir='ltr'>Ἦν</span> <span class='ocrx_word' id='word_1_345' title='bbox 317 3194 375 3249; x_wconf 76' lang='grc' dir='ltr'><strong>δὲ</strong></span> <span class='ocrx_word' id='word_1_346' title='bbox 410 3197 593 3249; x_wconf 70' lang='grc' dir='ltr'>ἐκεῖσε</span> <span class='ocrx_word' id='word_1_347' title='bbox 625 3197 826 3268; x_wconf 83' lang='grc' dir='ltr'>φρέαρ,</span> <span class='ocrx_word' id='word_1_348' title='bbox 859 3196 956 3251; x_wconf 80' lang='grc' dir='ltr'>καὶ</span> <span class='ocrx_word' id='word_1_349' title='bbox 985 3195 1172 3250; x_wconf 82' lang='grc' dir='ltr'>πεσὼν</span> <span class='ocrx_word' id='word_1_350' title='bbox 1207 3197 1265 3249; x_wconf 71' lang='grc' dir='ltr'>ιν</span> <span class='ocrx_word' id='word_1_351' title='bbox 1293 3194 1443 3266; x_wconf 76' lang='grc' dir='ltr'>αὐτῷ</span> <span class='ocrx_word' id='word_1_352' title='bbox 1462 3195 1767 3268; x_wconf 78' lang='grc' dir='ltr'>ἀπεπνίγη.</span> 
     </span>
    </p>
   </div>
   <div class='ocr_carea' id='block_1_51' title="bbox 248 3371 1771 3445">
    <p class='ocr_par' dir='ltr' id='par_1_51' title="bbox 248 3371 1771 3445">
     <span class='ocr_line' id='line_1_51' title="bbox 248 3371 1771 3445; baseline -0.002 -17"><span class='ocrx_word' id='word_1_353' title='bbox 248 3373 358 3445; x_wconf 72' lang='grc' dir='ltr'><strong>μᾶν.</strong></span> <span class='ocrx_word' id='word_1_354' title='bbox 389 3373 699 3442; x_wconf 80' lang='grc' dir='ltr'>Συμὸἁτιος</span> <span class='ocrx_word' id='word_1_355' title='bbox 748 3373 806 3427; x_wconf 74' lang='grc' dir='ltr'><strong>δὲ</strong></span> <span class='ocrx_word' id='word_1_356' title='bbox 844 3374 874 3425; x_wconf 92' lang='lat'><strong>6</strong></span> <span class='ocrx_word' id='word_1_357' title='bbox 899 3372 1147 3444; x_wconf 78' lang='grc' dir='ltr'>γαμὸρὺς</span> <span class='ocrx_word' id='word_1_358' title='bbox 1181 3372 1276 3427; x_wconf 83' lang='grc' dir='ltr'><strong>τοῦ</strong></span> <span class='ocrx_word' id='word_1_359' title='bbox 1312 3372 1612 3443; x_wconf 78' lang='grc' dir='ltr'>Καίσαρος,</span> <span class='ocrx_word' id='word_1_360' title='bbox 1644 3371 1771 3425; x_wconf 85' lang='grc' dir='ltr'>ίδὼν</span> 
     </span>
    </p>
   </div>
   <div class='ocr_carea' id='block_1_52' title="bbox 170 3459 1768 3531">
    <p class='ocr_par' dir='ltr' id='par_1_52' title="bbox 170 3459 1768 3531">
     <span class='ocr_line' id='line_1_52' title="bbox 170 3459 1768 3531; baseline 0 -16"><span class='ocrx_word' id='word_1_361' title='bbox 170 3461 259 3516; x_wconf 79' lang='grc' dir='ltr'>ὅτι</span> <span class='ocrx_word' id='word_1_362' title='bbox 290 3459 592 3531; x_wconf 72' lang='grc' dir='ltr'>ἐνεπαίχθη</span> <span class='ocrx_word' id='word_1_363' title='bbox 625 3459 731 3514; x_wconf 78' lang='grc' dir='ltr'><strong>ὑπὸ</strong></span> <span class='ocrx_word' id='word_1_364' title='bbox 764 3459 864 3514; x_wconf 83' lang='grc' dir='ltr'>τοῦ</span> <span class='ocrx_word' id='word_1_365' title='bbox 896 3460 1181 3514; x_wconf 86' lang='grc' dir='ltr'>Βασιλείου</span> <span class='ocrx_word' id='word_1_366' title='bbox 1205 3501 1222 3527; x_wconf 84' lang='grc'><strong><em>,</em></strong></span> <span class='ocrx_word' id='word_1_367' title='bbox 1273 3463 1356 3525; x_wconf 81' lang='grc' dir='ltr'>εἰς</span> <span class='ocrx_word' id='word_1_368' title='bbox 1407 3464 1564 3531; x_wconf 86' lang='grc' dir='ltr'>μῖσος</span> <span class='ocrx_word' id='word_1_369' title='bbox 1600 3461 1768 3515; x_wconf 78' lang='grc' dir='ltr'>αὑτοῦ</span> 
     </span>
    </p>
   </div>
   <div class='ocr_carea' id='block_1_53' title="bbox 167 3550 1767 3624">
    <p class='ocr_par' dir='ltr' id='par_1_53' title="bbox 167 3550 1767 3624">
     <span class='ocr_line' id='line_1_53' title="bbox 167 3550 1767 3624; baseline -0.001 -16"><span class='ocrx_word' id='word_1_370' title='bbox 167 3555 443 3608; x_wconf 76' lang='grc' dir='ltr'>κινεῖται·</span> <span class='ocrx_word' id='word_1_371' title='bbox 469 3552 568 3605; x_wconf 75' lang='grc' dir='ltr'>καὶ</span> <span class='ocrx_word' id='word_1_372' title='bbox 599 3550 1147 3624; x_wconf 76' lang='grc' dir='ltr'>συμϐουλευσάμενος</span> <span class='ocrx_word' id='word_1_373' title='bbox 1186 3552 1327 3623; x_wconf 81' lang='grc' dir='ltr'>μετὰ</span> <span class='ocrx_word' id='word_1_374' title='bbox 1357 3553 1636 3622; x_wconf 86' lang='grc' dir='ltr'>Γεωργίου</span> <span class='ocrx_word' id='word_1_375' title='bbox 1672 3552 1767 3607; x_wconf 82' lang='grc' dir='ltr'><strong>τοῦ</strong></span> 
     </span>
    </p>
   </div>
   <div class='ocr_carea' id='block_1_54' title="bbox 166 3645 1768 3719">
    <p class='ocr_par' dir='ltr' id='par_1_54' title="bbox 166 3645 1768 3719">
     <span class='ocr_line' id='line_1_54' title="bbox 166 3645 1768 3719; baseline -0.003 -17"><span class='ocrx_word' id='word_1_376' title='bbox 166 3647 413 3719; x_wconf 68' lang='grc' dir='ltr'>Πηγάνη</span> <span class='ocrx_word' id='word_1_377' title='bbox 465 3647 698 3699; x_wconf 83' lang='grc' dir='ltr'>αἰτεῖται</span> <span class='ocrx_word' id='word_1_378' title='bbox 729 3646 1035 3718; x_wconf 81' lang='grc' dir='ltr'>στρατηγὸς</span> <span class='ocrx_word' id='word_1_379' title='bbox 1062 3645 1464 3717; x_wconf 79' lang='grc' dir='ltr'>προϐληθῆναι,</span> <span class='ocrx_word' id='word_1_380' title='bbox 1495 3646 1590 3699; x_wconf 80' lang='grc' dir='ltr'><strong>καὶ</strong></span> <span class='ocrx_word' id='word_1_381' title='bbox 1619 3646 1768 3714; x_wconf 77' lang='grc' dir='ltr'>γίνεο</span> 
     </span>
    </p>
   </div>
   <div class='ocr_carea' id='block_1_55' title="bbox 162 3738 1765 3810">
    <p class='ocr_par' dir='ltr' id='par_1_55' title="bbox 162 3738 1765 3810">
     <span class='ocr_line' id='line_1_55' title="bbox 162 3738 1765 3810; baseline -0.002 -15"><span class='ocrx_word' id='word_1_382' title='bbox 162 3758 285 3795; x_wconf 82' lang='grc' dir='ltr'>ται.</span> <span class='ocrx_word' id='word_1_383' title='bbox 335 3739 482 3793; x_wconf 79' lang='grc' dir='ltr'>’Δντ’</span> <span class='ocrx_word' id='word_1_384' title='bbox 511 3738 679 3792; x_wconf 76' lang='grc' dir='ltr'>αὐτοῦ</span> <span class='ocrx_word' id='word_1_385' title='bbox 709 3738 767 3793; x_wconf 73' lang='grc' dir='ltr'><strong>δὲ</strong></span> <span class='ocrx_word' id='word_1_386' title='bbox 797 3739 1164 3808; x_wconf 75' lang='grc' dir='ltr'>προϐάλλεται</span> <span class='ocrx_word' id='word_1_387' title='bbox 1194 3738 1487 3810; x_wconf 56' lang='grc' dir='ltr'>λογοθέτης</span> <span class='ocrx_word' id='word_1_388' title='bbox 1515 3738 1611 3791; x_wconf 81' lang='grc' dir='ltr'>τοῦ</span> <span class='ocrx_word' id='word_1_389' title='bbox 1638 3739 1765 3809; x_wconf 87' lang='grc' dir='ltr'>δρό-</span> 
     </span>
    </p>
   </div>
   <div class='ocr_carea' id='block_1_56' title="bbox 163 3830 1767 3903">
    <p class='ocr_par' dir='ltr' id='par_1_56' title="bbox 163 3830 1767 3903">
     <span class='ocr_line' id='line_1_56' title="bbox 163 3830 1767 3903; baseline -0.003 -15"><span class='ocrx_word' id='word_1_390' title='bbox 163 3851 279 3903; x_wconf 82' lang='grc' dir='ltr'><strong>μου</strong></span> <span class='ocrx_word' id='word_1_391' title='bbox 326 3834 355 3885; x_wconf 87' lang='lat'><strong>6</strong></span> <span class='ocrx_word' id='word_1_392' title='bbox 392 3832 631 3903; x_wconf 83' lang='grc' dir='ltr'>Γοῦμερ.</span> <span class='ocrx_word' id='word_1_393' title='bbox 675 3831 785 3885; x_wconf 76' lang='grc' dir='ltr'><strong>Καὶ</strong></span> <span class='ocrx_word' id='word_1_394' title='bbox 814 3830 1123 3898; x_wconf 77' lang='grc' dir='ltr'>ἐξελθόντες</span> <span class='ocrx_word' id='word_1_395' title='bbox 1165 3831 1282 3900; x_wconf 75' lang='grc' dir='ltr'>ἅμα</span> <span class='ocrx_word' id='word_1_396' title='bbox 1313 3832 1341 3883; x_wconf 84' lang='grc' dir='ltr'><strong>ὅ</strong></span> <span class='ocrx_word' id='word_1_397' title='bbox 1370 3848 1429 3884; x_wconf 87' lang='grc' dir='ltr'><strong>τε</strong></span> <span class='ocrx_word' id='word_1_398' title='bbox 1460 3831 1767 3899; x_wconf 78' lang='grc' dir='ltr'>Συμϐόιτιος</span> 
     </span>
    </p>
   </div>
   <div class='ocr_carea' id='block_1_57' title="bbox 161 3921 1766 3997">
    <p class='ocr_par' dir='ltr' id='par_1_57' title="bbox 161 3921 1766 3997">
     <span class='ocr_line' id='line_1_57' title="bbox 161 3921 1766 3997; baseline -0.005 -14"><span class='ocrx_word' id='word_1_399' title='bbox 161 3928 265 3983; x_wconf 76' lang='grc' dir='ltr'>καὶ</span> <span class='ocrx_word' id='word_1_400' title='bbox 304 3930 334 3981; x_wconf 88' lang='grc' dir='ltr'><strong>ό</strong></span> <span class='ocrx_word' id='word_1_401' title='bbox 366 3926 630 3997; x_wconf 82' lang='grc' dir='ltr'><strong>Πηγάνης</strong></span> <span class='ocrx_word' id='word_1_402' title='bbox 665 3923 1106 3993; x_wconf 79' lang='grc' dir='ltr'>καταστρέφουσι</span> <span class='ocrx_word' id='word_1_403' title='bbox 1140 3923 1233 3974; x_wconf 85' lang='grc' dir='ltr'>τὸν</span> <span class='ocrx_word' id='word_1_404' title='bbox 1263 3921 1390 3974; x_wconf 71' lang='grc' dir='ltr'>λαὸν</span> <span class='ocrx_word' id='word_1_405' title='bbox 1419 3923 1513 3974; x_wconf 70' lang='grc' dir='ltr'>καὶ</span> <span class='ocrx_word' id='word_1_406' title='bbox 1553 3939 1766 3989; x_wconf 86' lang='grc' dir='ltr'>πυρπο-</span> 
     </span>
    </p>
   </div>
   <div class='ocr_carea' id='block_1_58' title="bbox 155 4012 1766 4089">
    <p class='ocr_par' dir='ltr' id='par_1_58' title="bbox 155 4012 1766 4089">
     <span class='ocr_line' id='line_1_58' title="bbox 155 4012 1766 4089; baseline -0.007 -14"><span class='ocrx_word' id='word_1_407' title='bbox 155 4021 258 4075; x_wconf 86' lang='grc' dir='ltr'>λοῦ</span> <span class='ocrx_word' id='word_1_408' title='bbox 271 4036 335 4073; x_wconf 79' lang='grc' dir='ltr'>σι’</span> <span class='ocrx_word' id='word_1_409' title='bbox 361 4023 462 4082; x_wconf 72' lang='grc' dir='ltr'>τὰς</span> <span class='ocrx_word' id='word_1_410' title='bbox 487 4019 671 4089; x_wconf 82' lang='grc' dir='ltr'>χώρας</span> <span class='ocrx_word' id='word_1_411' title='bbox 701 4013 792 4089; x_wconf 74' lang='grc' dir='ltr'><strong>(ἦν</strong></span> <span class='ocrx_word' id='word_1_412' title='bbox 816 4017 925 4088; x_wconf 90' lang='grc' dir='ltr'>γὰρ</span> <span class='ocrx_word' id='word_1_413' title='bbox 969 4015 1161 4086; x_wconf 83' lang='grc' dir='ltr'>καιρὸς</span> <span class='ocrx_word' id='word_1_414' title='bbox 1189 4012 1283 4067; x_wconf 81' lang='grc' dir='ltr'><strong>τοῦ</strong></span> <span class='ocrx_word' id='word_1_415' title='bbox 1312 4013 1551 4083; x_wconf 81' lang='grc' dir='ltr'><strong>θέρους),</strong></span> <span class='ocrx_word' id='word_1_416' title='bbox 1594 4014 1766 4084; x_wconf 75' lang='grc' dir='ltr'>εὐφη-</span> 
     </span>
    </p>
   </div>
   <div class='ocr_carea' id='block_1_59' title="bbox 157 4104 1767 4183">
    <p class='ocr_par' dir='ltr' id='par_1_59' title="bbox 157 4104 1767 4183">
     <span class='ocr_line' id='line_1_59' title="bbox 157 4104 1767 4183; baseline -0.006 -18"><span class='ocrx_word' id='word_1_417' title='bbox 157 4111 418 4183; x_wconf 71' lang='grc' dir='ltr'>μοῦντες</span> <span class='ocrx_word' id='word_1_418' title='bbox 448 4109 670 4182; x_wconf 80' lang='grc' dir='ltr'>Μιχαὴλ</span> <span class='ocrx_word' id='word_1_419' title='bbox 703 4110 889 4179; x_wconf 83' lang='grc' dir='ltr'>μόνον,</span> <span class='ocrx_word' id='word_1_420' title='bbox 923 4106 1015 4161; x_wconf 77' lang='grc' dir='ltr'><strong>τὸν</strong></span> <span class='ocrx_word' id='word_1_421' title='bbox 1049 4106 1106 4161; x_wconf 76' lang='grc' dir='ltr'><strong>δὲ</strong></span> <span class='ocrx_word' id='word_1_422' title='bbox 1133 4105 1417 4159; x_wconf 80' lang='grc' dir='ltr'>Βασίλειον</span> <span class='ocrx_word' id='word_1_423' title='bbox 1446 4104 1767 4177; x_wconf 77' lang='grc' dir='ltr'>ἀποκηρότο</span> 
     </span>
    </p>
   </div>
   <div class='ocr_carea' id='block_1_60' title="bbox 152 4196 1768 4273">
    <p class='ocr_par' dir='ltr' id='par_1_60' title="bbox 152 4196 1768 4273">
     <span class='ocr_line' id='line_1_60' title="bbox 152 4196 1768 4273; baseline -0.006 -15"><span class='ocrx_word' id='word_1_424' title='bbox 152 4220 390 4266; x_wconf 80' lang='grc' dir='ltr'>τοντες.</span> <span class='ocrx_word' id='word_1_425' title='bbox 422 4202 596 4255; x_wconf 81' lang='grc' dir='ltr'>Τοῦτο</span> <span class='ocrx_word' id='word_1_426' title='bbox 629 4199 899 4273; x_wconf 79' lang='grc' dir='ltr'>μαθόντες</span> <span class='ocrx_word' id='word_1_427' title='bbox 937 4201 988 4253; x_wconf 82' lang='lat' dir='ltr'><strong>ol</strong></span> <span class='ocrx_word' id='word_1_428' title='bbox 1046 4197 1290 4270; x_wconf 83' lang='grc' dir='ltr'>βασιλεῖς</span> <span class='ocrx_word' id='word_1_429' title='bbox 1317 4196 1593 4267; x_wconf 85' lang='grc' dir='ltr'>γράφουσι</span> <span class='ocrx_word' id='word_1_430' title='bbox 1640 4196 1768 4261; x_wconf 82' lang='grc' dir='ltr'>τοὺς</span> 
     </span>
    </p>
   </div>
   <div class='ocr_carea' id='block_1_61' title="bbox 155 4290 1769 4365">
    <p class='ocr_par' dir='ltr' id='par_1_61' title="bbox 155 4290 1769 4365">
     <span class='ocr_line' id='line_1_61' title="bbox 155 4290 1769 4365; baseline -0.004 -16"><span class='ocrx_word' id='word_1_431' title='bbox 155 4295 407 4360; x_wconf 78' lang='grc' dir='ltr'>λοιποὺς</span> <span class='ocrx_word' id='word_1_432' title='bbox 457 4294 801 4365; x_wconf 76' lang='grc' dir='ltr'>στρατηγοὺς</span> <span class='ocrx_word' id='word_1_433' title='bbox 836 4291 1290 4362; x_wconf 80' lang='grc' dir='ltr'>καταπολεμῆσαι</span> <span class='ocrx_word' id='word_1_434' title='bbox 1347 4290 1568 4354; x_wconf 76' lang='grc' dir='ltr'>αὐτούς.</span> <span class='ocrx_word' id='word_1_435' title='bbox 1599 4290 1769 4361; x_wconf 85' lang='grc' dir='ltr'>Νικη-</span> 
     </span>
    </p>
   </div>
   <div class='ocr_carea' id='block_1_62' title="bbox 155 4382 1767 4459">
    <p class='ocr_par' dir='ltr' id='par_1_62' title="bbox 155 4382 1767 4459">
     <span class='ocr_line' id='line_1_62' title="bbox 155 4382 1767 4459; baseline -0.005 -17"><span class='ocrx_word' id='word_1_436' title='bbox 155 4389 349 4459; x_wconf 78' lang='grc' dir='ltr'>φόρος</span> <span class='ocrx_word' id='word_1_437' title='bbox 386 4386 446 4440; x_wconf 76' lang='grc' dir='ltr'><strong>δὲ</strong></span> <span class='ocrx_word' id='word_1_438' title='bbox 485 4388 515 4440; x_wconf 88' lang='lat'><strong>6</strong></span> <span class='ocrx_word' id='word_1_439' title='bbox 552 4384 822 4448; x_wconf 83' lang='grc' dir='ltr'>Μαλέῖνος</span> <span class='ocrx_word' id='word_1_440' title='bbox 849 4382 1073 4456; x_wconf 72' lang='grc' dir='ltr'>ἔρριψεν</span> <span class='ocrx_word' id='word_1_441' title='bbox 1106 4382 1362 4454; x_wconf 75' lang='grc' dir='ltr'>ἔγγραφοι</span> <span class='ocrx_word' id='word_1_442' title='bbox 1394 4384 1533 4450; x_wconf 81' lang='grc' dir='ltr'>μετὰ</span> <span class='ocrx_word' id='word_1_443' title='bbox 1563 4382 1767 4445; x_wconf 81' lang='grc' dir='ltr'>παντὸς</span> 
     </span>
    </p>
   </div>
   <div class='ocr_carea' id='block_1_63' title="bbox 1865 1909 3461 1978">
    <p class='ocr_par' dir='ltr' id='par_1_63' title="bbox 1865 1909 3461 1978">
     <span class='ocr_line' id='line_1_63' title="bbox 1865 1909 3461 1978; baseline -0.002 -14"><span class='ocrx_word' id='word_1_444' title='bbox 1865 1910 2077 1965; x_wconf 85' lang='lat' dir='ltr'><strong>Bardas</strong></span> <span class='ocrx_word' id='word_1_445' title='bbox 2111 1910 2295 1965; x_wconf 73' lang='lat' dir='ltr'><strong>Cwsar</strong></span> <span class='ocrx_word' id='word_1_446' title='bbox 2316 1911 2444 1964; x_wconf 86' lang='lat' dir='ltr'><strong>mihi</strong></span> <span class='ocrx_word' id='word_1_447' title='bbox 2472 1926 2647 1963; x_wconf 83' lang='lat' dir='ltr'><strong>necem</strong></span> <span class='ocrx_word' id='word_1_448' title='bbox 2669 1909 3005 1962; x_wconf 79' lang='lat' dir='ltr'><strong>machinatus</strong></span> <span class='ocrx_word' id='word_1_449' title='bbox 3031 1918 3126 1974; x_wconf 85' lang='lat' dir='ltr'><strong>est,</strong></span> <span class='ocrx_word' id='word_1_450' title='bbox 3156 1911 3315 1978; x_wconf 88' lang='lat' dir='ltr'><strong>inque</strong></span> <span class='ocrx_word' id='word_1_451' title='bbox 3341 1925 3461 1961; x_wconf 89' lang='lat' dir='ltr'><strong>eam</strong></span> 
     </span>
    </p>
   </div>
   <div class='ocr_carea' id='block_1_64' title="bbox 1867 1996 3461 2064">
    <p class='ocr_par' dir='ltr' id='par_1_64' title="bbox 1867 1996 3461 2064">
     <span class='ocr_line' id='line_1_64' title="bbox 1867 1996 3461 2064; baseline -0.001 -10"><span class='ocrx_word' id='word_1_452' title='bbox 1867 2018 1979 2054; x_wconf 88' lang='lat' dir='ltr'><strong>rem</strong></span> <span class='ocrx_word' id='word_1_453' title='bbox 2012 1996 2180 2054; x_wconf 50' lang='lat' dir='ltr'><strong>&#39;malo</strong></span> <span class='ocrx_word' id='word_1_454' title='bbox 2213 1999 2334 2053; x_wconf 85' lang='lat' dir='ltr'><strong>dolo</strong></span> <span class='ocrx_word' id='word_1_455' title='bbox 2384 2001 2563 2053; x_wconf 73' lang='lat' dir='ltr'><strong>eduxit</strong></span> <span class='ocrx_word' id='word_1_456' title='bbox 2607 2016 2670 2053; x_wconf 83' lang='lat' dir='ltr'><strong>ea:</strong></span> <span class='ocrx_word' id='word_1_457' title='bbox 2714 1999 2875 2064; x_wconf 88' lang='lat' dir='ltr'><strong>urbe;</strong></span> <span class='ocrx_word' id='word_1_458' title='bbox 2906 2017 2971 2053; x_wconf 91' lang='lat' dir='ltr'><strong>ac</strong></span> <span class='ocrx_word' id='word_1_459' title='bbox 3014 2016 3109 2053; x_wconf 87' lang='lat' dir='ltr'><strong>nec</strong></span> <span class='ocrx_word' id='word_1_460' title='bbox 3141 2001 3281 2053; x_wconf 84' lang='lat' dir='ltr'><strong>inter</strong></span> <span class='ocrx_word' id='word_1_461' title='bbox 3321 2001 3461 2054; x_wconf 79' lang='lat' dir='ltr'><strong>vivos</strong></span> 
     </span>
    </p>
   </div>
   <div class='ocr_carea' id='block_1_65' title="bbox 1867 2090 3457 2162">
    <p class='ocr_par' dir='ltr' id='par_1_65' title="bbox 1867 2090 3457 2162">
     <span class='ocr_line' id='line_1_65' title="bbox 1867 2090 3457 2162; baseline -0.001 -16"><span class='ocrx_word' id='word_1_462' title='bbox 1867 2109 2204 2154; x_wconf 84' lang='lat' dir='ltr'><strong>numerarer,</strong></span> <span class='ocrx_word' id='word_1_463' title='bbox 2244 2094 2347 2145; x_wconf 84' lang='lat' dir='ltr'><strong>nisi</strong></span> <span class='ocrx_word' id='word_1_464' title='bbox 2376 2109 2407 2146; x_wconf 92' lang='lat' dir='ltr'><strong>a</strong></span> <span class='ocrx_word' id='word_1_465' title='bbox 2440 2090 2714 2162; x_wconf 80' lang='lat' dir='ltr'><strong>Symbatio</strong></span> <span class='ocrx_word' id='word_1_466' title='bbox 2753 2102 2803 2145; x_wconf 88' lang='lat' dir='ltr'><strong>et</strong></span> <span class='ocrx_word' id='word_1_467' title='bbox 2838 2091 3041 2145; x_wconf 80' lang='lat' dir='ltr'><strong>Basilio</strong></span> <span class='ocrx_word' id='word_1_468' title='bbox 3076 2094 3204 2146; x_wconf 80' lang='lat' dir='ltr'><strong>mihi</strong></span> <span class='ocrx_word' id='word_1_469' title='bbox 3243 2094 3457 2146; x_wconf 82' lang='lat' dir='ltr'><strong>nuntia-</strong></span> 
     </span>
    </p>
   </div>
   <div class='ocr_carea' id='block_1_66' title="bbox 1867 2183 3467 2270">
    <p class='ocr_par' dir='ltr' id='par_1_66' title="bbox 1867 2183 3467 2270">
     <span class='ocr_line' id='line_1_66' title="bbox 1867 2183 3467 2270; baseline 0.001 -32"><span class='ocrx_word' id='word_1_470' title='bbox 1867 2195 1979 2239; x_wconf 83' lang='lat' dir='ltr'><strong>tum</strong></span> <span class='ocrx_word' id='word_1_471' title='bbox 2016 2185 2220 2254; x_wconf 77' lang='lat' dir='ltr'><strong>fuisset.</strong></span> <span class='ocrx_word' id='word_1_472' title='bbox 2254 2183 2601 2255; x_wconf 79' lang='lat' dir='ltr'><strong>Quapropter</strong></span> <span class='ocrx_word' id='word_1_473' title='bbox 2643 2185 2807 2238; x_wconf 88' lang='lat' dir='ltr'><strong>etiam</strong></span> <span class='ocrx_word' id='word_1_474' title='bbox 2848 2200 2947 2269; x_wconf 78' lang='lat' dir='ltr'><strong>suo</strong></span> <span class='ocrx_word' id='word_1_475' title='bbox 2976 2184 3069 2270; x_wconf 63' lang='lat' dir='ltr'><strong>ille</strong></span> <span class='ocrx_word' id='word_1_476' title='bbox 3101 2185 3297 2239; x_wconf 84' lang='lat' dir='ltr'><strong>scelere</strong></span> <span class='ocrx_word' id='word_1_477' title='bbox 3322 2202 3467 2239; x_wconf 86' lang='lat' dir='ltr'><strong>mor-</strong></span> 
     </span>
    </p>
   </div>
   <div class='ocr_carea' id='block_1_67' title="bbox 1868 2275 3462 2344">
    <p class='ocr_par' dir='ltr' id='par_1_67' title="bbox 1868 2275 3462 2344">
     <span class='ocr_line' id='line_1_67' title="bbox 1868 2275 3462 2344; baseline -0.002 -12"><span class='ocrx_word' id='word_1_478' title='bbox 1868 2288 1991 2332; x_wconf 85' lang='lat' dir='ltr'><strong>tuus</strong></span> <span class='ocrx_word' id='word_1_479' title='bbox 2031 2286 2130 2331; x_wconf 84' lang='lat' dir='ltr'><strong>est.</strong></span> <span class='ocrx_word' id='word_1_480' title='bbox 2185 2276 2447 2331; x_wconf 79' lang='lat' dir='ltr'><strong>Basiliam</strong></span> <span class='ocrx_word' id='word_1_481' title='bbox 2483 2286 2662 2330; x_wconf 87' lang='lat' dir='ltr'><strong>autem</strong></span> <span class='ocrx_word' id='word_1_482' title='bbox 2699 2276 3054 2330; x_wconf 86' lang='lat' dir='ltr'><strong>accubitorem</strong></span> <span class='ocrx_word' id='word_1_483' title='bbox 3084 2275 3228 2329; x_wconf 80' lang='lat' dir='ltr'><strong>velut</strong></span> <span class='ocrx_word' id='word_1_484' title='bbox 3249 2275 3462 2344; x_wconf 79' lang='lat' dir='ltr'><strong>ﬁdelem</strong></span> 
     </span>
    </p>
   </div>
   <div class='ocr_carea' id='block_1_68' title="bbox 1867 2367 3467 2440">
    <p class='ocr_par' dir='ltr' id='par_1_68' title="bbox 1867 2367 3467 2440">
     <span class='ocr_line' id='line_1_68' title="bbox 1867 2367 3467 2440; baseline -0.004 -16"><span class='ocrx_word' id='word_1_485' title='bbox 1867 2385 2100 2440; x_wconf 68' lang='lat' dir='ltr'><strong>memque</strong></span> <span class='ocrx_word' id='word_1_486' title='bbox 2143 2369 2443 2436; x_wconf 82' lang='lat' dir='ltr'><strong>majestatis</strong></span> <span class='ocrx_word' id='word_1_487' title='bbox 2490 2376 2837 2431; x_wconf 77' lang='lat' dir='ltr'><strong>senatorem,</strong></span> <span class='ocrx_word' id='word_1_488' title='bbox 2871 2368 3067 2436; x_wconf 84' lang='lat' dir='ltr'><strong>quique</strong></span> <span class='ocrx_word' id='word_1_489' title='bbox 3089 2367 3154 2419; x_wconf 85' lang='lat' dir='ltr'><strong>ab</strong></span> <span class='ocrx_word' id='word_1_490' title='bbox 3192 2368 3338 2419; x_wconf 79' lang='lat' dir='ltr'><strong>hoste</strong></span> <span class='ocrx_word' id='word_1_491' title='bbox 3381 2380 3467 2419; x_wconf 85' lang='lat' dir='ltr'><strong>me</strong></span> 
     </span>
    </p>
   </div>
   <div class='ocr_carea' id='block_1_69' title="bbox 1869 2457 3453 2530">
    <p class='ocr_par' dir='ltr' id='par_1_69' title="bbox 1869 2457 3453 2530">
     <span class='ocr_line' id='line_1_69' title="bbox 1869 2457 3453 2530; baseline -0.003 -16"><span class='ocrx_word' id='word_1_492' title='bbox 1869 2462 2108 2515; x_wconf 73' lang='lat' dir='ltr'><strong>liberavit</strong></span> <span class='ocrx_word' id='word_1_493' title='bbox 2143 2468 2304 2530; x_wconf 82' lang='lat' dir='ltr'><strong>atque</strong></span> <span class='ocrx_word' id='word_1_494' title='bbox 2332 2460 2533 2529; x_wconf 81' lang='lat' dir='ltr'><strong>ingenti</strong></span> <span class='ocrx_word' id='word_1_495' title='bbox 2574 2473 2759 2512; x_wconf 87' lang='lat' dir='ltr'><strong>amore</strong></span> <span class='ocrx_word' id='word_1_496' title='bbox 2797 2461 3159 2529; x_wconf 79' lang='lat' dir='ltr'><strong>prosequitur,</strong></span> <span class='ocrx_word' id='word_1_497' title='bbox 3182 2457 3453 2511; x_wconf 83' lang='lat' dir='ltr'><strong>custodem</strong></span> 
     </span>
    </p>
   </div>
   <div class='ocr_carea' id='block_1_70' title="bbox 1867 2548 3466 2624">
    <p class='ocr_par' dir='ltr' id='par_1_70' title="bbox 1867 2548 3466 2624">
     <span class='ocr_line' id='line_1_70' title="bbox 1867 2548 3466 2624; baseline -0.004 -18"><span class='ocrx_word' id='word_1_498' title='bbox 1867 2553 2036 2624; x_wconf 75' lang='lat'><strong>680</strong></span> <span class='ocrx_word' id='word_1_499' title='bbox 2056 2567 2167 2605; x_wconf 85' lang='lat' dir='ltr'><strong>esse</strong></span> <span class='ocrx_word' id='word_1_500' title='bbox 2183 2551 2301 2606; x_wconf 73' lang='lat' dir='ltr'><strong>volo</strong></span> <span class='ocrx_word' id='word_1_501' title='bbox 2332 2567 2397 2603; x_wconf 90' lang='lat' dir='ltr'><strong>ac</strong></span> <span class='ocrx_word' id='word_1_502' title='bbox 2429 2558 2729 2603; x_wconf 80' lang='lat' dir='ltr'><strong>curatorem</strong></span> <span class='ocrx_word' id='word_1_503' title='bbox 2760 2550 2862 2602; x_wconf 85' lang='lat' dir='ltr'><strong>mei</strong></span> <span class='ocrx_word' id='word_1_504' title='bbox 2886 2548 3119 2618; x_wconf 86' lang='lat' dir='ltr'><strong>imperii,</strong></span> <span class='ocrx_word' id='word_1_505' title='bbox 3151 2564 3308 2618; x_wconf 76' lang='lat' dir='ltr'><strong>quem</strong></span> <span class='ocrx_word' id='word_1_506' title='bbox 3338 2556 3466 2601; x_wconf 82' lang='lat' dir='ltr'><strong>tan-</strong></span> 
     </span>
    </p>
   </div>
   <div class='ocr_carea' id='block_1_71' title="bbox 1869 2637 3461 2714">
    <p class='ocr_par' dir='ltr' id='par_1_71' title="bbox 1869 2637 3461 2714">
     <span class='ocr_line' id='line_1_71' title="bbox 1869 2637 3461 2714; baseline -0.003 -17"><span class='ocrx_word' id='word_1_507' title='bbox 1869 2660 2033 2714; x_wconf 89' lang='lat' dir='ltr'><strong>quam</strong></span> <span class='ocrx_word' id='word_1_508' title='bbox 2063 2643 2442 2714; x_wconf 84' lang='lat' dir='ltr'><strong>imperatorem</strong></span> <span class='ocrx_word' id='word_1_509' title='bbox 2474 2640 2715 2694; x_wconf 80' lang='lat' dir='ltr'><strong>omnium</strong></span> <span class='ocrx_word' id='word_1_510' title='bbox 2736 2639 2899 2709; x_wconf 84' lang='lat' dir='ltr'><strong>jubeo</strong></span> <span class='ocrx_word' id='word_1_511' title='bbox 2929 2639 3198 2709; x_wconf 70' lang='lat' dir='ltr'><strong>praeconio</strong></span> <span class='ocrx_word' id='word_1_512' title='bbox 3219 2637 3461 2694; x_wconf 84' lang='lat' dir='ltr'><strong>laudari.</strong></span> 
     </span>
    </p>
   </div>
   <div class='ocr_carea' id='block_1_72' title="bbox 1870 2729 3468 2803">
    <p class='ocr_par' dir='ltr' id='par_1_72' title="bbox 1870 2729 3468 2803">
     <span class='ocr_line' id='line_1_72' title="bbox 1870 2729 3468 2803; baseline -0.004 -14"><span class='ocrx_word' id='word_1_513' title='bbox 1870 2734 2089 2790; x_wconf 88' lang='lat' dir='ltr'><strong>Faustis</strong></span> <span class='ocrx_word' id='word_1_514' title='bbox 2128 2735 2311 2803; x_wconf 83' lang='lat' dir='ltr'><strong>itaque</strong></span> <span class='ocrx_word' id='word_1_515' title='bbox 2346 2748 2542 2789; x_wconf 88' lang='lat' dir='ltr'><strong>omnes</strong></span> <span class='ocrx_word' id='word_1_516' title='bbox 2593 2732 2825 2788; x_wconf 83' lang='lat' dir='ltr'><strong>vocibus</strong></span> <span class='ocrx_word' id='word_1_517' title='bbox 2856 2744 2935 2785; x_wconf 83' lang='lat' dir='ltr'><strong>&#39;ac</strong></span> <span class='ocrx_word' id='word_1_518' title='bbox 2980 2729 3265 2784; x_wconf 78' lang='lat' dir='ltr'><strong>oruinibus</strong></span> <span class='ocrx_word' id='word_1_519' title='bbox 3304 2744 3468 2783; x_wconf 77' lang='lat' dir='ltr'><strong>acce—</strong></span> 
     </span>
    </p>
   </div>
   <div class='ocr_carea' id='block_1_73' title="bbox 1869 2820 3466 2898">
    <p class='ocr_par' dir='ltr' id='par_1_73' title="bbox 1869 2820 3466 2898">
     <span class='ocr_line' id='line_1_73' title="bbox 1869 2820 3466 2898; baseline -0.004 -16"><span class='ocrx_word' id='word_1_520' title='bbox 1869 2834 2106 2898; x_wconf 84' lang='lat' dir='ltr'><strong>perunt:</strong></span> <span class='ocrx_word' id='word_1_521' title='bbox 2139 2825 2409 2880; x_wconf 76' lang='lat' dir='ltr'><strong>Michaelis</strong></span> <span class='ocrx_word' id='word_1_522' title='bbox 2450 2834 2502 2879; x_wconf 87' lang='lat' dir='ltr'><strong>et</strong></span> <span class='ocrx_word' id='word_1_523' title='bbox 2533 2823 2723 2877; x_wconf 80' lang='lat' dir='ltr'><strong>Basilii</strong></span> <span class='ocrx_word' id='word_1_524' title='bbox 2749 2821 2906 2877; x_wconf 81' lang='lat' dir='ltr'><strong>multi</strong></span> <span class='ocrx_word' id='word_1_525' title='bbox 2932 2822 3065 2876; x_wconf 86' lang='lat' dir='ltr'><strong>anni</strong></span> <span class='ocrx_word' id='word_1_526' title='bbox 3086 2821 3107 2875; x_wconf 92' lang='lat'><strong>.&#39;</strong></span> <span class='ocrx_word' id='word_1_527' title='bbox 3127 2820 3230 2888; x_wconf 81' lang='lat' dir='ltr'><strong>Qui</strong></span> <span class='ocrx_word' id='word_1_528' title='bbox 3274 2829 3466 2876; x_wconf 82' lang='lat' dir='ltr'><strong>autem</strong></span> 
     </span>
    </p>
   </div>
   <div class='ocr_carea' id='block_1_74' title="bbox 1871 2914 3464 2989">
    <p class='ocr_par' dir='ltr' id='par_1_74' title="bbox 1871 2914 3464 2989">
     <span class='ocr_line' id='line_1_74' title="bbox 1871 2914 3464 2989; baseline -0.005 -14"><span class='ocrx_word' id='word_1_529' title='bbox 1871 2930 2084 2975; x_wconf 88' lang='lat' dir='ltr'><strong>tomum</strong></span> <span class='ocrx_word' id='word_1_530' title='bbox 2134 2919 2366 2989; x_wconf 77' lang='lat' dir='ltr'><strong>legerat,</strong></span> <span class='ocrx_word' id='word_1_531' title='bbox 2403 2916 2601 2973; x_wconf 85' lang='lat' dir='ltr'><strong>Castor</strong></span> <span class='ocrx_word' id='word_1_532' title='bbox 2629 2931 2659 2970; x_wconf 89' lang='lat' dir='ltr'><strong>a</strong></span> <span class='ocrx_word' id='word_1_533' title='bbox 2704 2914 2957 2977; x_wconf 89' lang='lat' dir='ltr'><strong>secretis,</strong></span> <span class='ocrx_word' id='word_1_534' title='bbox 2995 2930 3256 2985; x_wconf 77' lang='lat' dir='ltr'><strong>egressus</strong></span> <span class='ocrx_word' id='word_1_535' title='bbox 3290 2914 3464 2969; x_wconf 83' lang='lat' dir='ltr'><strong>Nico-</strong></span> 
     </span>
    </p>
   </div>
   <div class='ocr_carea' id='block_1_75' title="bbox 1870 3008 3463 3078">
    <p class='ocr_par' dir='ltr' id='par_1_75' title="bbox 1870 3008 3463 3078">
     <span class='ocr_line' id='line_1_75' title="bbox 1870 3008 3463 3078; baseline -0.004 -10"><span class='ocrx_word' id='word_1_536' title='bbox 1870 3014 2133 3074; x_wconf 84' lang='lat' dir='ltr'><strong>mediam,</strong></span> <span class='ocrx_word' id='word_1_537' title='bbox 2172 3012 2241 3066; x_wconf 88' lang='lat' dir='ltr'><strong>ad</strong></span> <span class='ocrx_word' id='word_1_538' title='bbox 2287 3012 2533 3065; x_wconf 86' lang='lat' dir='ltr'><strong>virorum</strong></span> <span class='ocrx_word' id='word_1_539' title='bbox 2588 3009 2992 3064; x_wconf 87' lang='lat' dir='ltr'><strong>monasterium</strong></span> <span class='ocrx_word' id='word_1_540' title='bbox 3028 3008 3305 3078; x_wconf 85' lang='lat' dir='ltr'><strong>quoddam</strong></span> <span class='ocrx_word' id='word_1_541' title='bbox 3336 3021 3463 3063; x_wconf 90' lang='lat' dir='ltr'><strong>cum</strong></span> 
     </span>
    </p>
   </div>
   <div class='ocr_carea' id='block_1_76' title="bbox 1870 3099 3464 3172">
    <p class='ocr_par' dir='ltr' id='par_1_76' title="bbox 1870 3099 3464 3172">
     <span class='ocr_line' id='line_1_76' title="bbox 1870 3099 3464 3172; baseline -0.004 -11"><span class='ocrx_word' id='word_1_542' title='bbox 1870 3107 2134 3170; x_wconf 77' lang='lat' dir='ltr'><strong>venisset,</strong></span> <span class='ocrx_word' id='word_1_543' title='bbox 2177 3119 2243 3159; x_wconf 89' lang='lat' dir='ltr'><strong>ac</strong></span> <span class='ocrx_word' id='word_1_544' title='bbox 2278 3118 2390 3172; x_wconf 89' lang='lat' dir='ltr'><strong>quo</strong></span> <span class='ocrx_word' id='word_1_545' title='bbox 2440 3104 2566 3157; x_wconf 90' lang='lat' dir='ltr'><strong>loco</strong></span> <span class='ocrx_word' id='word_1_546' title='bbox 2600 3111 2803 3172; x_wconf 85' lang='lat' dir='ltr'><strong>puteus</strong></span> <span class='ocrx_word' id='word_1_547' title='bbox 2834 3108 2955 3155; x_wconf 89' lang='lat' dir='ltr'><strong>erat</strong></span> <span class='ocrx_word' id='word_1_548' title='bbox 2993 3101 3050 3154; x_wconf 89' lang='lat' dir='ltr'><strong>in</strong></span> <span class='ocrx_word' id='word_1_549' title='bbox 3101 3100 3286 3154; x_wconf 89' lang='lat' dir='ltr'><strong>medio</strong></span> <span class='ocrx_word' id='word_1_550' title='bbox 3319 3099 3464 3169; x_wconf 83' lang='lat' dir='ltr'><strong>prati</strong></span> 
     </span>
    </p>
   </div>
   <div class='ocr_carea' id='block_1_77' title="bbox 1874 3191 3469 3263">
    <p class='ocr_par' dir='ltr' id='par_1_77' title="bbox 1874 3191 3469 3263">
     <span class='ocr_line' id='line_1_77' title="bbox 1874 3191 3469 3263; baseline -0.004 -11"><span class='ocrx_word' id='word_1_551' title='bbox 1874 3198 2250 3261; x_wconf 88' lang='lat' dir='ltr'><strong>constitisset,</strong></span> <span class='ocrx_word' id='word_1_552' title='bbox 2314 3195 2373 3249; x_wconf 92' lang='lat' dir='ltr'><strong>in</strong></span> <span class='ocrx_word' id='word_1_553' title='bbox 2427 3209 2556 3249; x_wconf 86' lang='lat' dir='ltr'><strong>eum</strong></span> <span class='ocrx_word' id='word_1_554' title='bbox 2620 3207 2870 3263; x_wconf 79' lang='lat' dir='ltr'><strong>praeceps</strong></span> <span class='ocrx_word' id='word_1_555' title='bbox 2926 3192 3108 3247; x_wconf 78' lang='lat' dir='ltr'><strong>iactus</strong></span> <span class='ocrx_word' id='word_1_556' title='bbox 3158 3191 3469 3247; x_wconf 75' lang='lat' dir='ltr'><strong>suﬂ&#39;ocatus</strong></span> 
     </span>
    </p>
   </div>
   <div class='ocr_carea' id='block_1_78' title="bbox 1872 3297 1976 3344">
    <p class='ocr_par' dir='ltr' id='par_1_78' title="bbox 1872 3297 1976 3344">
     <span class='ocr_line' id='line_1_78' title="bbox 1872 3297 1976 3344; baseline -0.01 0"><span class='ocrx_word' id='word_1_557' title='bbox 1872 3297 1976 3344; x_wconf 83' lang='lat' dir='ltr'><strong>est.</strong></span> 
     </span>
    </p>
   </div>
   <div class='ocr_carea' id='block_1_79' title="bbox 1943 3373 3466 3449">
    <p class='ocr_par' dir='ltr' id='par_1_79' title="bbox 1943 3373 3466 3449">
     <span class='ocr_line' id='line_1_79' title="bbox 1943 3373 3466 3449; baseline -0.003 -17"><span class='ocrx_word' id='word_1_558' title='bbox 1943 3379 2033 3432; x_wconf 73' lang='lat' dir='ltr'><strong>M.</strong></span> <span class='ocrx_word' id='word_1_559' title='bbox 2079 3377 2399 3449; x_wconf 73' lang='lat' dir='ltr'><strong>Symbatius</strong></span> <span class='ocrx_word' id='word_1_560' title='bbox 2427 3383 2612 3430; x_wconf 88' lang='lat' dir='ltr'><strong>autem</strong></span> <span class='ocrx_word' id='word_1_561' title='bbox 2655 3373 2891 3431; x_wconf 85' lang='lat' dir='ltr'><strong>Caesaris</strong></span> <span class='ocrx_word' id='word_1_562' title='bbox 2924 3387 3115 3446; x_wconf 82' lang='lat' dir='ltr'><strong>gener,</strong></span> <span class='ocrx_word' id='word_1_563' title='bbox 3154 3374 3377 3429; x_wconf 85' lang='lat' dir='ltr'><strong>illusum</strong></span> <span class='ocrx_word' id='word_1_564' title='bbox 3405 3387 3466 3428; x_wconf 88' lang='lat' dir='ltr'><strong>se</strong></span> 
     </span>
    </p>
   </div>
   <div class='ocr_carea' id='block_1_80' title="bbox 1870 3466 3464 3536">
    <p class='ocr_par' dir='ltr' id='par_1_80' title="bbox 1870 3466 3464 3536">
     <span class='ocr_line' id='line_1_80' title="bbox 1870 3466 3464 3536; baseline -0.005 -9"><span class='ocrx_word' id='word_1_565' title='bbox 1870 3488 1900 3527; x_wconf 89' lang='lat' dir='ltr'><strong>a</strong></span> <span class='ocrx_word' id='word_1_566' title='bbox 1930 3471 2130 3527; x_wconf 85' lang='lat' dir='ltr'><strong>Basilio</strong></span> <span class='ocrx_word' id='word_1_567' title='bbox 2150 3469 2367 3532; x_wconf 88' lang='lat' dir='ltr'><strong>videns,</strong></span> <span class='ocrx_word' id='word_1_568' title='bbox 2404 3468 2535 3523; x_wconf 90' lang='lat' dir='ltr'><strong>odio</strong></span> <span class='ocrx_word' id='word_1_569' title='bbox 2573 3469 2628 3521; x_wconf 92' lang='lat' dir='ltr'><strong>in</strong></span> <span class='ocrx_word' id='word_1_570' title='bbox 2659 3467 2813 3522; x_wconf 87' lang='lat' dir='ltr'><strong>illum</strong></span> <span class='ocrx_word' id='word_1_571' title='bbox 2871 3467 3169 3533; x_wconf 87' lang='lat' dir='ltr'><strong>incitatur;</strong></span> <span class='ocrx_word' id='word_1_572' title='bbox 3208 3466 3464 3536; x_wconf 87' lang='lat' dir='ltr'><strong>initoque</strong></span> 
     </span>
    </p>
   </div>
   <div class='ocr_carea' id='block_1_81' title="bbox 1871 3560 3525 3634">
    <p class='ocr_par' dir='ltr' id='par_1_81' title="bbox 1871 3560 3525 3634">
     <span class='ocr_line' id='line_1_81' title="bbox 1871 3560 3525 3634; baseline -0.002 -16"><span class='ocrx_word' id='word_1_573' title='bbox 1871 3580 1996 3619; x_wconf 83' lang='lat' dir='ltr'><strong>cum</strong></span> <span class='ocrx_word' id='word_1_574' title='bbox 2026 3563 2263 3634; x_wconf 76' lang='lat' dir='ltr'><strong>Georgio</strong></span> <span class='ocrx_word' id='word_1_575' title='bbox 2291 3563 2507 3633; x_wconf 81' lang='lat' dir='ltr'><strong>Pegane</strong></span> <span class='ocrx_word' id='word_1_576' title='bbox 2540 3560 2775 3617; x_wconf 89' lang='lat' dir='ltr'><strong>consilio</strong></span> <span class='ocrx_word' id='word_1_577' title='bbox 2802 3571 3013 3616; x_wconf 89' lang='lat' dir='ltr'><strong>armata</strong></span> <span class='ocrx_word' id='word_1_578' title='bbox 3045 3577 3105 3616; x_wconf 85' lang='lat' dir='ltr'><strong>se</strong></span> <span class='ocrx_word' id='word_1_579' title='bbox 3130 3560 3325 3615; x_wconf 85' lang='lat' dir='ltr'><strong>militia</strong></span> <span class='ocrx_word' id='word_1_580' title='bbox 3356 3560 3464 3615; x_wconf 88' lang='lat' dir='ltr'><strong>du-</strong></span> <span class='ocrx_word' id='word_1_581' title='bbox 3514 3622 3525 3631; x_wconf 39' lang='grc' dir='ltr'><strong><em>η</em></strong></span> 
     </span>
    </p>
   </div>
   <div class='ocr_carea' id='block_1_82' title="bbox 1871 3652 3465 3728">
    <p class='ocr_par' dir='ltr' id='par_1_82' title="bbox 1871 3652 3465 3728">
     <span class='ocr_line' id='line_1_82' title="bbox 1871 3652 3465 3728; baseline -0.004 -15"><span class='ocrx_word' id='word_1_582' title='bbox 1871 3673 1990 3713; x_wconf 86' lang='lat' dir='ltr'><strong>cem</strong></span> <span class='ocrx_word' id='word_1_583' title='bbox 2032 3655 2238 3728; x_wconf 56' lang='lat' dir='ltr'><strong>praeﬁci</strong></span> <span class='ocrx_word' id='word_1_584' title='bbox 2281 3664 2455 3726; x_wconf 80' lang='lat' dir='ltr'><strong>rogat,</strong></span> <span class='ocrx_word' id='word_1_585' title='bbox 2492 3661 2557 3710; x_wconf 85' lang='lat' dir='ltr'><strong>et</strong></span> <span class='ocrx_word' id='word_1_586' title='bbox 2577 3669 2713 3710; x_wconf 91' lang='lat' dir='ltr'><strong>vero</strong></span> <span class='ocrx_word' id='word_1_587' title='bbox 2748 3655 2986 3709; x_wconf 87' lang='lat' dir='ltr'><strong>obtinet.</strong></span> <span class='ocrx_word' id='word_1_588' title='bbox 3017 3653 3153 3724; x_wconf 87' lang='lat' dir='ltr'><strong>Ejus</strong></span> <span class='ocrx_word' id='word_1_589' title='bbox 3176 3668 3310 3708; x_wconf 88' lang='lat' dir='ltr'><strong>vero</strong></span> <span class='ocrx_word' id='word_1_590' title='bbox 3339 3652 3465 3707; x_wconf 90' lang='lat' dir='ltr'><strong>loco</strong></span> 
     </span>
    </p>
   </div>
   <div class='ocr_carea' id='block_1_83' title="bbox 1869 3745 3464 3819">
    <p class='ocr_par' dir='ltr' id='par_1_83' title="bbox 1869 3745 3464 3819">
     <span class='ocr_line' id='line_1_83' title="bbox 1869 3745 3464 3819; baseline -0.003 -14"><span class='ocrx_word' id='word_1_591' title='bbox 1869 3750 2075 3805; x_wconf 86' lang='lat' dir='ltr'><strong>Cumer</strong></span> <span class='ocrx_word' id='word_1_592' title='bbox 2109 3750 2289 3804; x_wconf 90' lang='lat' dir='ltr'><strong>dromi</strong></span> <span class='ocrx_word' id='word_1_593' title='bbox 2322 3748 2601 3819; x_wconf 83' lang='lat' dir='ltr'><strong>logotheta</strong></span> <span class='ocrx_word' id='word_1_594' title='bbox 2639 3747 2991 3817; x_wconf 80' lang='lat' dir='ltr'><strong>provehitur.</strong></span> <span class='ocrx_word' id='word_1_595' title='bbox 3022 3745 3241 3817; x_wconf 77' lang='lat' dir='ltr'><strong>Egressi</strong></span> <span class='ocrx_word' id='word_1_596' title='bbox 3277 3746 3464 3817; x_wconf 83' lang='lat' dir='ltr'><strong>itaque</strong></span> 
     </span>
    </p>
   </div>
   <div class='ocr_carea' id='block_1_84' title="bbox 1870 3838 3466 3914">
    <p class='ocr_par' dir='ltr' id='par_1_84' title="bbox 1870 3838 3466 3914">
     <span class='ocr_line' id='line_1_84' title="bbox 1870 3838 3466 3914; baseline -0.004 -16"><span class='ocrx_word' id='word_1_597' title='bbox 1870 3844 2036 3898; x_wconf 88' lang='lat' dir='ltr'><strong>simul</strong></span> <span class='ocrx_word' id='word_1_598' title='bbox 2071 3843 2392 3914; x_wconf 79' lang='lat' dir='ltr'><strong>Symbatius</strong></span> <span class='ocrx_word' id='word_1_599' title='bbox 2421 3855 2483 3894; x_wconf 91' lang='lat' dir='ltr'><strong>ac</strong></span> <span class='ocrx_word' id='word_1_600' title='bbox 2520 3841 2786 3909; x_wconf 78' lang='lat' dir='ltr'><strong>Peganes,</strong></span> <span class='ocrx_word' id='word_1_601' title='bbox 2816 3839 3029 3893; x_wconf 83' lang='lat' dir='ltr'><strong>aversis</strong></span> <span class='ocrx_word' id='word_1_602' title='bbox 3070 3838 3309 3892; x_wconf 84' lang='lat' dir='ltr'><strong>militum</strong></span> <span class='ocrx_word' id='word_1_603' title='bbox 3342 3838 3466 3891; x_wconf 84' lang='lat' dir='ltr'><strong>ani-</strong></span> 
     </span>
    </p>
   </div>
   <div class='ocr_carea' id='block_1_85' title="bbox 1871 3929 3463 4003">
    <p class='ocr_par' dir='ltr' id='par_1_85' title="bbox 1871 3929 3463 4003">
     <span class='ocr_line' id='line_1_85' title="bbox 1871 3929 3463 4003; baseline -0.003 -14"><span class='ocrx_word' id='word_1_604' title='bbox 1871 3936 1997 3997; x_wconf 88' lang='lat' dir='ltr'><strong>mis,</strong></span> <span class='ocrx_word' id='word_1_605' title='bbox 2023 3949 2183 4003; x_wconf 80' lang='lat' dir='ltr'><strong>agros</strong></span> <span class='ocrx_word' id='word_1_606' title='bbox 2214 3933 2325 4002; x_wconf 82' lang='lat' dir='ltr'><strong>igni</strong></span> <span class='ocrx_word' id='word_1_607' title='bbox 2349 3940 2570 3985; x_wconf 88' lang='lat' dir='ltr'><strong>vastant</strong></span> <span class='ocrx_word' id='word_1_608' title='bbox 2592 3930 2731 4001; x_wconf 86' lang='lat' dir='ltr'><strong>(erat</strong></span> <span class='ocrx_word' id='word_1_609' title='bbox 2750 3930 2899 3997; x_wconf 79' lang='lat' dir='ltr'><strong>enim</strong></span> <span class='ocrx_word' id='word_1_610' title='bbox 2924 3929 3175 3984; x_wconf 60' lang='lat' dir='ltr'><strong>aestivum</strong></span> <span class='ocrx_word' id='word_1_611' title='bbox 3201 3930 3463 3998; x_wconf 79' lang='lat' dir='ltr'><strong>tempus),</strong></span> 
     </span>
    </p>
   </div>
   <div class='ocr_carea' id='block_1_86' title="bbox 1871 4017 3467 4082">
    <p class='ocr_par' dir='ltr' id='par_1_86' title="bbox 1871 4017 3467 4082">
     <span class='ocr_line' id='line_1_86' title="bbox 1871 4017 3467 4082; baseline -0.004 -4"><span class='ocrx_word' id='word_1_612' title='bbox 1871 4023 2124 4078; x_wconf 82' lang='lat' dir='ltr'><strong>Michaeli</strong></span> <span class='ocrx_word' id='word_1_613' title='bbox 2156 4022 2335 4077; x_wconf 85' lang='lat' dir='ltr'><strong>solum</strong></span> <span class='ocrx_word' id='word_1_614' title='bbox 2365 4020 2543 4075; x_wconf 71' lang='lat' dir='ltr'><strong>lanista</strong></span> <span class='ocrx_word' id='word_1_615' title='bbox 2592 4020 2985 4082; x_wconf 85' lang='lat' dir='ltr'><strong>acclamantes,</strong></span> <span class='ocrx_word' id='word_1_616' title='bbox 3040 4017 3302 4072; x_wconf 71' lang='lat' dir='ltr'><strong>Basiliam</strong></span> <span class='ocrx_word' id='word_1_617' title='bbox 3331 4032 3467 4072; x_wconf 88' lang='lat' dir='ltr'><strong>vero</strong></span> 
     </span>
    </p>
   </div>
   <div class='ocr_carea' id='block_1_87' title="bbox 1870 4107 3463 4178">
    <p class='ocr_par' dir='ltr' id='par_1_87' title="bbox 1870 4107 3463 4178">
     <span class='ocr_line' id='line_1_87' title="bbox 1870 4107 3463 4178; baseline -0.006 -9"><span class='ocrx_word' id='word_1_618' title='bbox 1870 4114 2209 4169; x_wconf 84' lang='lat' dir='ltr'><strong>abdicantes.</strong></span> <span class='ocrx_word' id='word_1_619' title='bbox 2242 4111 2554 4166; x_wconf 81' lang='lat' dir='ltr'><strong>Audierant</strong></span> <span class='ocrx_word' id='word_1_620' title='bbox 2613 4109 2996 4178; x_wconf 86' lang='lat' dir='ltr'><strong>imperatores,</strong></span> <span class='ocrx_word' id='word_1_621' title='bbox 3038 4107 3322 4174; x_wconf 70' lang='lat' dir='ltr'><strong>ducesque</strong></span> <span class='ocrx_word' id='word_1_622' title='bbox 3373 4121 3463 4159; x_wconf 84' lang='lat' dir='ltr'><strong>rc-</strong></span> 
     </span>
    </p>
   </div>
   <div class='ocr_carea' id='block_1_88' title="bbox 1871 4196 3464 4278">
    <p class='ocr_par' dir='ltr' id='par_1_88' title="bbox 1871 4196 3464 4278">
     <span class='ocr_line' id='line_1_88' title="bbox 1871 4196 3464 4278; baseline -0.008 -16"><span class='ocrx_word' id='word_1_623' title='bbox 1871 4209 2055 4278; x_wconf 82' lang='lat' dir='ltr'><strong>liquos</strong></span> <span class='ocrx_word' id='word_1_624' title='bbox 2103 4218 2257 4258; x_wconf 86' lang='lat' dir='ltr'><strong>arma</strong></span> <span class='ocrx_word' id='word_1_625' title='bbox 2300 4206 2356 4257; x_wconf 81' lang='lat' dir='ltr'><strong>in</strong></span> <span class='ocrx_word' id='word_1_626' title='bbox 2409 4218 2508 4258; x_wconf 90' lang='lat' dir='ltr'><strong>eos</strong></span> <span class='ocrx_word' id='word_1_627' title='bbox 2562 4216 2781 4257; x_wconf 87' lang='lat' dir='ltr'><strong>sumere</strong></span> <span class='ocrx_word' id='word_1_628' title='bbox 2823 4197 2970 4254; x_wconf 89' lang='lat' dir='ltr'><strong>datis</strong></span> <span class='ocrx_word' id='word_1_629' title='bbox 2995 4198 3199 4252; x_wconf 86' lang='lat' dir='ltr'><strong>litteris</strong></span> <span class='ocrx_word' id='word_1_630' title='bbox 3240 4196 3464 4267; x_wconf 85' lang='lat' dir='ltr'><strong>jubent.</strong></span> 
     </span>
    </p>
   </div>
   <div class='ocr_carea' id='block_1_89' title="bbox 1867 4288 3468 4370">
    <p class='ocr_par' dir='ltr' id='par_1_89' title="bbox 1867 4288 3468 4370">
     <span class='ocr_line' id='line_1_89' title="bbox 1867 4288 3468 4370; baseline -0.011 -12"><span class='ocrx_word' id='word_1_631' title='bbox 1867 4299 2219 4370; x_wconf 83' lang='lat' dir='ltr'><strong>Nicephorus</strong></span> <span class='ocrx_word' id='word_1_632' title='bbox 2258 4311 2392 4352; x_wconf 88' lang='lat' dir='ltr'><strong>vero</strong></span> <span class='ocrx_word' id='word_1_633' title='bbox 2427 4295 2697 4350; x_wconf 76' lang='lat' dir='ltr'><strong>Maleinus</strong></span> <span class='ocrx_word' id='word_1_634' title='bbox 2728 4307 2828 4363; x_wconf 86' lang='lat' dir='ltr'><strong>per</strong></span> <span class='ocrx_word' id='word_1_635' title='bbox 2850 4305 3045 4346; x_wconf 85' lang='lat' dir='ltr'><strong>omnes</strong></span> <span class='ocrx_word' id='word_1_636' title='bbox 3087 4290 3212 4352; x_wconf 67' lang='lat' dir='ltr'><strong>late,</strong></span> <span class='ocrx_word' id='word_1_637' title='bbox 3243 4288 3468 4343; x_wconf 83' lang='lat' dir='ltr'><strong>ordines</strong></span> 
     </span>
    </p>
   </div>
   <div class='ocr_carea' id='block_1_90' title="bbox 1870 4382 3465 4466">
    <p class='ocr_par' dir='ltr' id='par_1_90' title="bbox 1870 4382 3465 4466">
     <span class='ocr_line' id='line_1_90' title="bbox 1870 4382 3465 4466; baseline -0.011 -16"><span class='ocrx_word' id='word_1_638' title='bbox 1870 4392 2134 4466; x_wconf 70' lang='lat' dir='ltr'><strong>proiectis</strong></span> <span class='ocrx_word' id='word_1_639' title='bbox 2162 4389 2447 4448; x_wconf 87' lang='lat' dir='ltr'><strong>schcdulis</strong></span> <span class='ocrx_word' id='word_1_640' title='bbox 2478 4388 2604 4443; x_wconf 85' lang='lat' dir='ltr'><strong>dolo</strong></span> <span class='ocrx_word' id='word_1_641' title='bbox 2645 4384 2948 4457; x_wconf 82' lang='lat' dir='ltr'><strong>capiendos</strong></span> <span class='ocrx_word' id='word_1_642' title='bbox 2988 4382 3229 4438; x_wconf 86' lang='lat' dir='ltr'><strong>rebelles</strong></span> <span class='ocrx_word' id='word_1_643' title='bbox 3256 4389 3465 4444; x_wconf 86' lang='lat' dir='ltr'><strong>monet,</strong></span> 
     </span>
    </p>
   </div>
   <div class='ocr_carea' id='block_1_91' title="bbox 156 4470 1763 4557">
    <p class='ocr_par' dir='ltr' id='par_1_91' title="bbox 156 4470 1763 4549">
     <span class='ocr_line' id='line_1_91' title="bbox 156 4470 1763 4549; baseline -0.004 -14"><span class='ocrx_word' id='word_1_644' title='bbox 156 4481 267 4536; x_wconf 72' lang='grc' dir='ltr'><strong>τοῦ</strong></span> <span class='ocrx_word' id='word_1_645' title='bbox 317 4479 476 4547; x_wconf 79' lang='grc' dir='ltr'>λαοῦ,</span> <span class='ocrx_word' id='word_1_646' title='bbox 508 4479 598 4534; x_wconf 79' lang='grc' dir='ltr'>ἵνα</span> <span class='ocrx_word' id='word_1_647' title='bbox 625 4470 760 4549; x_wconf 80' lang='grc' dir='ltr'>δόλῳ</span> <span class='ocrx_word' id='word_1_648' title='bbox 796 4478 1021 4540; x_wconf 85' lang='grc' dir='ltr'>τούτους</span> <span class='ocrx_word' id='word_1_649' title='bbox 1068 4478 1385 4548; x_wconf 75' lang='grc' dir='ltr'>κρατήσωσι</span> <span class='ocrx_word' id='word_1_650' title='bbox 1429 4476 1526 4529; x_wconf 74' lang='grc' dir='ltr'>καὶ</span> <span class='ocrx_word' id='word_1_651' title='bbox 1577 4475 1651 4547; x_wconf 80' lang='grc' dir='ltr'>μὴ</span> <span class='ocrx_word' id='word_1_652' title='bbox 1686 4478 1763 4539; x_wconf 83' lang='grc' dir='ltr'><strong>είς</strong></span> 
     </span>
    </p>
   </div>
   <div class='ocr_carea' id='block_1_92' title="bbox 1872 4470 3469 4557">
    <p class='ocr_par' dir='ltr' id='par_1_92' title="bbox 1872 4473 3469 4557">
     <span class='ocr_line' id='line_1_92' title="bbox 1872 4473 3469 4557; baseline -0.011 -14"><span class='ocrx_word' id='word_1_653' title='bbox 1872 4496 2212 4557; x_wconf 85' lang='lat' dir='ltr'><strong>caveantque</strong></span> <span class='ocrx_word' id='word_1_654' title='bbox 2238 4501 2308 4540; x_wconf 87' lang='lat' dir='ltr'><strong>ne</strong></span> <span class='ocrx_word' id='word_1_655' title='bbox 2352 4481 2421 4537; x_wconf 87' lang='lat' dir='ltr'><strong>iis</strong></span> <span class='ocrx_word' id='word_1_656' title='bbox 2450 4481 2655 4536; x_wconf 87' lang='lat' dir='ltr'><strong>bellum</strong></span> <span class='ocrx_word' id='word_1_657' title='bbox 2710 4478 2875 4535; x_wconf 84' lang='lat' dir='ltr'><strong>civile</strong></span> <span class='ocrx_word' id='word_1_658' title='bbox 2916 4474 3210 4531; x_wconf 77' lang='lat' dir='ltr'><strong>conﬂatur.</strong></span> <span class='ocrx_word' id='word_1_659' title='bbox 3238 4473 3469 4544; x_wconf 74' lang='lat' dir='ltr'><strong>Capitur</strong></span> 
     </span>
    </p>
   </div>
   <div class='ocr_carea' id='block_1_93' title="bbox 154 4565 1769 4645">
    <p class='ocr_par' dir='ltr' id='par_1_93' title="bbox 154 4565 1769 4645">
     <span class='ocr_line' id='line_1_93' title="bbox 154 4565 1769 4645; baseline -0.004 -18"><span class='ocrx_word' id='word_1_660' title='bbox 154 4573 449 4645; x_wconf 70' lang='grc' dir='ltr'>ἐμφύλιον</span> <span class='ocrx_word' id='word_1_661' title='bbox 501 4572 789 4642; x_wconf 66' lang='grc' dir='ltr'>ἐμπέσωσι</span> <span class='ocrx_word' id='word_1_662' title='bbox 848 4570 1108 4640; x_wconf 84' lang='grc' dir='ltr'>πόλεμον.</span> <span class='ocrx_word' id='word_1_663' title='bbox 1140 4568 1442 4639; x_wconf 81' lang='grc' dir='ltr'>Κρατεῖται</span> <span class='ocrx_word' id='word_1_664' title='bbox 1467 4565 1560 4620; x_wconf 75' lang='grc' dir='ltr'>οὖν</span> <span class='ocrx_word' id='word_1_665' title='bbox 1597 4568 1625 4620; x_wconf 86' lang='lat'><strong>6</strong></span> <span class='ocrx_word' id='word_1_666' title='bbox 1656 4569 1769 4638; x_wconf 83' lang='grc' dir='ltr'><strong>Πη-</strong></span> 
     </span>
    </p>
   </div>
   <div class='ocr_carea' id='block_1_94' title="bbox 154 4655 1770 4733">
    <p class='ocr_par' dir='ltr' id='par_1_94' title="bbox 154 4655 1770 4733">
     <span class='ocr_line' id='line_1_94' title="bbox 154 4655 1770 4733; baseline -0.004 -16"><span class='ocrx_word' id='word_1_667' title='bbox 154 4665 374 4732; x_wconf 76' lang='grc' dir='ltr'>γάνηε,</span> <span class='ocrx_word' id='word_1_668' title='bbox 401 4662 500 4715; x_wconf 60' lang='grc' dir='ltr'><strong>καὶ⁹</strong></span> <span class='ocrx_word' id='word_1_669' title='bbox 532 4661 807 4733; x_wconf 73' lang='grc' dir='ltr'>εἰσαχθεὶς</span> <span class='ocrx_word' id='word_1_670' title='bbox 849 4661 906 4713; x_wconf 81' lang='grc' dir='ltr'>ὲν</span> <span class='ocrx_word' id='word_1_671' title='bbox 932 4661 1000 4731; x_wconf 75' lang='grc' dir='ltr'><strong>τῇ</strong></span> <span class='ocrx_word' id='word_1_672' title='bbox 1028 4658 1181 4712; x_wconf 87' lang='grc' dir='ltr'>πόλει</span> <span class='ocrx_word' id='word_1_673' title='bbox 1216 4655 1647 4726; x_wconf 74' lang='grc' dir='ltr'>ἀποτυφλοῦται,</span> <span class='ocrx_word' id='word_1_674' title='bbox 1673 4659 1770 4711; x_wconf 66' lang='grc' dir='ltr'><strong>καὶ⁹</strong></span> 
     </span>
    </p>
   </div>
   <div class='ocr_carea' id='block_1_95' title="bbox 154 4750 1770 4824">
    <p class='ocr_par' dir='ltr' id='par_1_95' title="bbox 154 4750 1770 4824">
     <span class='ocr_line' id='line_1_95' title="bbox 154 4750 1770 4824; baseline -0.006 -15"><span class='ocrx_word' id='word_1_675' title='bbox 154 4753 504 4820; x_wconf 72' lang='grc' dir='ltr'>καθίζουσιν</span> <span class='ocrx_word' id='word_1_676' title='bbox 546 4754 711 4810; x_wconf 75' lang='grc' dir='ltr'>αὑτὸν</span> <span class='ocrx_word' id='word_1_677' title='bbox 742 4754 799 4807; x_wconf 83' lang='grc' dir='ltr'>ὲν</span> <span class='ocrx_word' id='word_1_678' title='bbox 833 4751 913 4824; x_wconf 82' lang='grc' dir='ltr'>τῷ</span> <span class='ocrx_word' id='word_1_679' title='bbox 949 4750 1132 4821; x_wconf 87' lang='grc' dir='ltr'>Μιλίῳ</span> <span class='ocrx_word' id='word_1_680' title='bbox 1164 4752 1502 4821; x_wconf 83' lang='grc' dir='ltr'>προσαιτεῖν.</span> <span class='ocrx_word' id='word_1_681' title='bbox 1532 4750 1770 4820; x_wconf 80' lang='grc' dir='ltr'>Κρατεῖ-</span> 
     </span>
    </p>
   </div>
   <div class='ocr_carea' id='block_1_96' title="bbox 154 4841 1769 4916">
    <p class='ocr_par' dir='ltr' id='par_1_96' title="bbox 154 4841 1769 4916">
     <span class='ocr_line' id='line_1_96' title="bbox 154 4841 1769 4916; baseline -0.004 -17"><span class='ocrx_word' id='word_1_682' title='bbox 154 4863 261 4900; x_wconf 82' lang='grc' dir='ltr'><strong>ται</strong></span> <span class='ocrx_word' id='word_1_683' title='bbox 322 4846 382 4899; x_wconf 77' lang='grc' dir='ltr'><strong>δὲ</strong></span> <span class='ocrx_word' id='word_1_684' title='bbox 439 4846 533 4899; x_wconf 71' lang='grc' dir='ltr'>καὶ</span> <span class='ocrx_word' id='word_1_685' title='bbox 592 4847 620 4900; x_wconf 91' lang='lat'><strong>6</strong></span> <span class='ocrx_word' id='word_1_686' title='bbox 673 4843 983 4916; x_wconf 79' lang='grc' dir='ltr'>Συμὸάτιος</span> <span class='ocrx_word' id='word_1_687' title='bbox 1021 4842 1183 4913; x_wconf 72' lang='grc' dir='ltr'>παρὰ</span> <span class='ocrx_word' id='word_1_688' title='bbox 1238 4841 1331 4896; x_wconf 76' lang='grc' dir='ltr'>τοῦ</span> <span class='ocrx_word' id='word_1_689' title='bbox 1366 4841 1635 4895; x_wconf 81' lang='grc' dir='ltr'>Μαλεΐνου</span> <span class='ocrx_word' id='word_1_690' title='bbox 1691 4843 1769 4905; x_wconf 82' lang='grc' dir='ltr'><strong>εἰς</strong></span> 
     </span>
    </p>
   </div>
   <div class='ocr_carea' id='block_1_97' title="bbox 150 4933 1770 5009">
    <p class='ocr_par' dir='ltr' id='par_1_97' title="bbox 150 4933 1770 5009">
     <span class='ocr_line' id='line_1_97' title="bbox 150 4933 1770 5009; baseline -0.003 -16"><span class='ocrx_word' id='word_1_691' title='bbox 150 4936 509 5009; x_wconf 70' lang='grc' dir='ltr'>Κελτζινὴν·</span> <span class='ocrx_word' id='word_1_692' title='bbox 557 4938 651 4991; x_wconf 74' lang='grc' dir='ltr'>καὶ</span> <span class='ocrx_word' id='word_1_693' title='bbox 674 4936 1029 5008; x_wconf 80' lang='grc' dir='ltr'>εἰσαχθέντος</span> <span class='ocrx_word' id='word_1_694' title='bbox 1072 4936 1153 4999; x_wconf 82' lang='grc' dir='ltr'><strong>είς</strong></span> <span class='ocrx_word' id='word_1_695' title='bbox 1187 4933 1281 4988; x_wconf 69' lang='grc' dir='ltr'><strong>τὸν</strong></span> <span class='ocrx_word' id='word_1_696' title='bbox 1313 4934 1506 5004; x_wconf 71' lang='grc' dir='ltr'>Ἃγιον</span> <span class='ocrx_word' id='word_1_697' title='bbox 1537 4934 1770 5005; x_wconf 81' lang='grc' dir='ltr'>Μάμαν-</span> 
     </span>
    </p>
   </div>
   <div class='ocr_carea' id='block_1_98' title="bbox 148 5014 1771 5102">
    <p class='ocr_par' dir='ltr' id='par_1_98' title="bbox 148 5014 1771 5102">
     <span class='ocr_line' id='line_1_98' title="bbox 148 5014 1771 5102; baseline -0.004 -17"><span class='ocrx_word' id='word_1_698' title='bbox 148 5047 259 5098; x_wconf 79' lang='grc' dir='ltr'>τα,</span> <span class='ocrx_word' id='word_1_699' title='bbox 297 5031 570 5102; x_wconf 79' lang='grc' dir='ltr'>φέρουσιν</span> <span class='ocrx_word' id='word_1_700' title='bbox 601 5030 693 5084; x_wconf 74' lang='grc' dir='ltr'>τὸν</span> <span class='ocrx_word' id='word_1_701' title='bbox 721 5031 982 5101; x_wconf 84' lang='grc' dir='ltr'><strong>Πηγάνην</strong></span> <span class='ocrx_word' id='word_1_702' title='bbox 1022 5029 1159 5098; x_wconf 85' lang='grc' dir='ltr'>μετὰ</span> <span class='ocrx_word' id='word_1_703' title='bbox 1193 5014 1542 5097; x_wconf 78' lang='grc' dir='ltr'>θυμιάματος</span> <span class='ocrx_word' id='word_1_704' title='bbox 1572 5027 1771 5097; x_wconf 84' lang='grc' dir='ltr'>ὀστρα-</span> 
     </span>
    </p>
   </div>
   <div class='ocr_carea' id='block_1_99' title="bbox 147 5118 1772 5191">
    <p class='ocr_par' dir='ltr' id='par_1_99' title="bbox 147 5118 1772 5191">
     <span class='ocr_line' id='line_1_99' title="bbox 147 5118 1772 5191; baseline -0.005 -13"><span class='ocrx_word' id='word_1_705' title='bbox 147 5123 336 5178; x_wconf 73' lang='grc' dir='ltr'>κίνου</span> <span class='ocrx_word' id='word_1_706' title='bbox 390 5122 729 5189; x_wconf 71' lang='grc' dir='ltr'>καπνίζοντα</span> <span class='ocrx_word' id='word_1_707' title='bbox 781 5122 1002 5190; x_wconf 83' lang='grc' dir='ltr'>θὲαφον,</span> <span class='ocrx_word' id='word_1_708' title='bbox 1037 5120 1130 5174; x_wconf 77' lang='grc' dir='ltr'><strong>καὶ</strong></span> <span class='ocrx_word' id='word_1_709' title='bbox 1181 5120 1402 5191; x_wconf 82' lang='grc' dir='ltr'>ἀπαντᾷ</span> <span class='ocrx_word' id='word_1_710' title='bbox 1452 5118 1546 5173; x_wconf 74' lang='grc' dir='ltr'>καὶ</span> <span class='ocrx_word' id='word_1_711' title='bbox 1601 5118 1772 5189; x_wconf 77' lang='grc' dir='ltr'>θυμιᾷ</span> 
     </span>
    </p>
   </div>
   <div class='ocr_carea' id='block_1_100' title="bbox 142 5209 1771 5287">
    <p class='ocr_par' dir='ltr' id='par_1_100' title="bbox 142 5209 1771 5287">
     <span class='ocr_line' id='line_1_100' title="bbox 142 5209 1771 5287; baseline -0.003 -19"><span class='ocrx_word' id='word_1_712' title='bbox 142 5217 263 5271; x_wconf 64' lang='grc' dir='ltr'>’τὸν</span> <span class='ocrx_word' id='word_1_713' title='bbox 299 5216 640 5287; x_wconf 82' lang='grc' dir='ltr'>Συμϐἀτιον.</span> <span class='ocrx_word' id='word_1_714' title='bbox 687 5211 1125 5282; x_wconf 79' lang='grc' dir='ltr'>’Δποτυφλοῦται</span> <span class='ocrx_word' id='word_1_715' title='bbox 1154 5211 1211 5265; x_wconf 82' lang='grc' dir='ltr'><strong>δὲ</strong></span> <span class='ocrx_word' id='word_1_716' title='bbox 1238 5212 1333 5264; x_wconf 70' lang='grc' dir='ltr'><strong>καὶ</strong></span> <span class='ocrx_word' id='word_1_717' title='bbox 1360 5211 1523 5273; x_wconf 76' lang='grc' dir='ltr'>αὐτὸς</span> <span class='ocrx_word' id='word_1_718' title='bbox 1556 5209 1647 5262; x_wconf 84' lang='grc' dir='ltr'><strong>τὸν</strong></span> <span class='ocrx_word' id='word_1_719' title='bbox 1672 5210 1771 5263; x_wconf 74' lang='grc' dir='ltr'>ἕνα</span> 
     </span>
    </p>
   </div>
   <div class='ocr_carea' id='block_1_101' title="bbox 140 5301 1769 5380">
    <p class='ocr_par' dir='ltr' id='par_1_101' title="bbox 140 5301 1769 5380">
     <span class='ocr_line' id='line_1_101' title="bbox 140 5301 1769 5380; baseline -0.003 -20"><span class='ocrx_word' id='word_1_720' title='bbox 140 5308 485 5380; x_wconf 67' lang='grc' dir='ltr'>ὀφθαλμὸν,</span> <span class='ocrx_word' id='word_1_721' title='bbox 520 5309 616 5363; x_wconf 68' lang='grc' dir='ltr'>καὶ</span> <span class='ocrx_word' id='word_1_722' title='bbox 649 5307 979 5363; x_wconf 75' lang='grc' dir='ltr'>ἐκκόπτουσι</span> <span class='ocrx_word' id='word_1_723' title='bbox 1029 5304 1128 5376; x_wconf 76' lang='grc' dir='ltr'>τὴν</span> <span class='ocrx_word' id='word_1_724' title='bbox 1180 5302 1364 5368; x_wconf 78' lang='grc' dir='ltr'>δεξιὰν</span> <span class='ocrx_word' id='word_1_725' title='bbox 1391 5301 1557 5355; x_wconf 83' lang='grc' dir='ltr'>αὑτοῦ</span> <span class='ocrx_word' id='word_1_726' title='bbox 1585 5303 1769 5373; x_wconf 85' lang='grc' dir='ltr'>χεῖρα,</span> 
     </span>
    </p>
   </div>
   <div class='ocr_carea' id='block_1_102' title="bbox 138 5386 1767 5469">
    <p class='ocr_par' dir='ltr' id='par_1_102' title="bbox 138 5386 1767 5469">
     <span class='ocr_line' id='line_1_102' title="bbox 138 5386 1767 5469; baseline -0.006 -13"><span class='ocrx_word' id='word_1_727' title='bbox 138 5404 267 5456; x_wconf 79' lang='grc' dir='ltr'><strong>καὶ</strong></span> <span class='ocrx_word' id='word_1_728' title='bbox 303 5401 596 5466; x_wconf 80' lang='grc' dir='ltr'>καθίζουσι</span> <span class='ocrx_word' id='word_1_729' title='bbox 634 5400 728 5456; x_wconf 75' lang='grc' dir='ltr'>καὶ</span> <span class='ocrx_word' id='word_1_730' title='bbox 755 5401 920 5456; x_wconf 77' lang='grc' dir='ltr'>αὐτὸν</span> <span class='ocrx_word' id='word_1_731' title='bbox 950 5400 1031 5463; x_wconf 84' lang='grc' dir='ltr'>εἰς</span> <span class='ocrx_word' id='word_1_732' title='bbox 1054 5399 1123 5453; x_wconf 85' lang='grc' dir='ltr'>τὰ</span> <span class='ocrx_word' id='word_1_733' title='bbox 1154 5396 1407 5463; x_wconf 77' lang='grc' dir='ltr'>Τζαύσου</span> <span class='ocrx_word' id='word_1_734' title='bbox 1433 5386 1767 5469; x_wconf 76' lang='grc' dir='ltr'>προσαιτεῖν,</span> 
     </span>
    </p>
   </div>
   <div class='ocr_carea' id='block_1_103' title="bbox 134 5486 1770 5566">
    <p class='ocr_par' dir='ltr' id='par_1_103' title="bbox 134 5486 1770 5566">
     <span class='ocr_line' id='line_1_103' title="bbox 134 5486 1770 5566; baseline -0.004 -19"><span class='ocrx_word' id='word_1_735' title='bbox 134 5493 268 5547; x_wconf 74' lang='grc' dir='ltr'><strong>καὶ</strong></span> <span class='ocrx_word' id='word_1_736' title='bbox 330 5493 454 5566; x_wconf 80' lang='grc' dir='ltr'>μεθ’</span> <span class='ocrx_word' id='word_1_737' title='bbox 495 5496 528 5565; x_wconf 82' lang='grc' dir='ltr'><strong>ή</strong></span> <span class='ocrx_word' id='word_1_738' title='bbox 541 5492 716 5566; x_wconf 77' lang='grc' dir='ltr'>μέρος</span> <span class='ocrx_word' id='word_1_739' title='bbox 754 5493 904 5564; x_wconf 82' lang='grc' dir='ltr'>τρεῖς</span> <span class='ocrx_word' id='word_1_740' title='bbox 931 5489 1162 5559; x_wconf 79' lang='grc' dir='ltr'>ἄγουσιν</span> <span class='ocrx_word' id='word_1_741' title='bbox 1194 5488 1393 5551; x_wconf 76' lang='grc' dir='ltr'>αὐτοὺς</span> <span class='ocrx_word' id='word_1_742' title='bbox 1428 5488 1489 5541; x_wconf 81' lang='grc' dir='ltr'>ὲν</span> <span class='ocrx_word' id='word_1_743' title='bbox 1521 5488 1587 5558; x_wconf 83' lang='grc' dir='ltr'>τῇ</span> <span class='ocrx_word' id='word_1_744' title='bbox 1608 5486 1770 5566; x_wconf 75' lang='grc' dir='ltr'>πόλει</span> 
     </span>
    </p>
   </div>
   <div class='ocr_carea' id='block_1_104' title="bbox 130 5564 1625 5651">
    <p class='ocr_par' dir='ltr' id='par_1_104' title="bbox 130 5564 1625 5651">
     <span class='ocr_line' id='line_1_104' title="bbox 130 5564 1625 5651; baseline 0 -10"><span class='ocrx_word' id='word_1_745' title='bbox 130 5588 250 5651; x_wconf 72' lang='grc' dir='ltr'>εἰς</span> <span class='ocrx_word' id='word_1_746' title='bbox 284 5564 424 5651; x_wconf 77' lang='grc' dir='ltr'>τοὺς</span> <span class='ocrx_word' id='word_1_747' title='bbox 464 5564 629 5651; x_wconf 77' lang='grc' dir='ltr'>ἰδίους</span> <span class='ocrx_word' id='word_1_748' title='bbox 658 5587 862 5649; x_wconf 74' lang='grc' dir='ltr'>οἴκους.</span> <span class='ocrx_word' id='word_1_749' title='bbox 1604 5564 1625 5577; x_wconf 34' lang='grc' dir='ltr'><strong>θ</strong></span> 
     </span>
    </p>
   </div>
   <div class='ocr_carea' id='block_1_105' title="bbox 244 5670 1770 5749">
    <p class='ocr_par' dir='ltr' id='par_1_105' title="bbox 244 5670 1770 5749">
     <span class='ocr_line' id='line_1_105' title="bbox 244 5670 1770 5749; baseline -0.005 -16"><span class='ocrx_word' id='word_1_750' title='bbox 244 5678 362 5749; x_wconf 85' lang='grc' dir='ltr'>με’.</span> <span class='ocrx_word' id='word_1_751' title='bbox 407 5677 693 5733; x_wconf 79' lang='grc' dir='ltr'>Ἐκϐἀλλει</span> <span class='ocrx_word' id='word_1_752' title='bbox 752 5672 844 5732; x_wconf 79' lang='grc' dir='ltr'>οὖν</span> <span class='ocrx_word' id='word_1_753' title='bbox 899 5676 929 5729; x_wconf 88' lang='lat'><strong>6</strong></span> <span class='ocrx_word' id='word_1_754' title='bbox 978 5673 1232 5746; x_wconf 79' lang='grc' dir='ltr'>βασιλεὺς</span> <span class='ocrx_word' id='word_1_755' title='bbox 1287 5670 1511 5743; x_wconf 79' lang='grc' dir='ltr'>Μιχαὴλ</span> <span class='ocrx_word' id='word_1_756' title='bbox 1555 5670 1643 5725; x_wconf 78' lang='grc' dir='ltr'><strong>διὰ</strong></span> <span class='ocrx_word' id='word_1_757' title='bbox 1674 5672 1770 5725; x_wconf 78' lang='grc' dir='ltr'>τοῦ</span> 
     </span>
    </p>
   </div>
   <div class='ocr_carea' id='block_1_106' title="bbox 140 5765 1769 5847">
    <p class='ocr_par' dir='ltr' id='par_1_106' title="bbox 140 5765 1769 5847">
     <span class='ocr_line' id='line_1_106' title="bbox 140 5765 1769 5847; baseline -0.007 -16"><span class='ocrx_word' id='word_1_758' title='bbox 140 5771 500 5847; x_wconf 68' lang='grc' dir='ltr'>μηχανικοῦ</span> <span class='ocrx_word' id='word_1_759' title='bbox 524 5772 620 5829; x_wconf 82' lang='grc' dir='ltr'>τοῦ</span> <span class='ocrx_word' id='word_1_760' title='bbox 648 5770 948 5845; x_wconf 74' lang='grc' dir='ltr'>λεγομένου</span> <span class='ocrx_word' id='word_1_761' title='bbox 971 5768 1197 5841; x_wconf 80' lang='grc' dir='ltr'>Δάμαρι</span> <span class='ocrx_word' id='word_1_762' title='bbox 1234 5767 1650 5823; x_wconf 78' lang='grc' dir='ltr'>Κωνσταντῖνον</span> <span class='ocrx_word' id='word_1_763' title='bbox 1678 5765 1769 5820; x_wconf 74' lang='grc' dir='ltr'>τὸν</span> 
     </span>
    </p>
   </div>
   <div class='ocr_carea' id='block_1_107' title="bbox 1869 4568 3465 4653">
    <p class='ocr_par' dir='ltr' id='par_1_107' title="bbox 1869 4568 3465 4653">
     <span class='ocr_line' id='line_1_107' title="bbox 1869 4568 3465 4653; baseline -0.013 -14"><span class='ocrx_word' id='word_1_764' title='bbox 1869 4598 2003 4653; x_wconf 78' lang='lat' dir='ltr'><strong>ergo</strong></span> <span class='ocrx_word' id='word_1_765' title='bbox 2033 4583 2299 4650; x_wconf 79' lang='lat' dir='ltr'><strong>Peganes,</strong></span> <span class='ocrx_word' id='word_1_766' title='bbox 2327 4587 2383 4633; x_wconf 90' lang='lat' dir='ltr'><strong>et</strong></span> <span class='ocrx_word' id='word_1_767' title='bbox 2417 4576 2475 4630; x_wconf 91' lang='lat' dir='ltr'><strong>in</strong></span> <span class='ocrx_word' id='word_1_768' title='bbox 2499 4576 2693 4630; x_wconf 84' lang='lat' dir='ltr'><strong>urbem</strong></span> <span class='ocrx_word' id='word_1_769' title='bbox 2715 4571 2980 4627; x_wconf 84' lang='lat' dir='ltr'><strong>inductus</strong></span> <span class='ocrx_word' id='word_1_770' title='bbox 3012 4568 3192 4625; x_wconf 87' lang='lat' dir='ltr'><strong>oculis</strong></span> <span class='ocrx_word' id='word_1_771' title='bbox 3212 4568 3465 4631; x_wconf 85' lang='lat' dir='ltr'><strong>orba’tur,</strong></span> 
     </span>
    </p>
   </div>
   <div class='ocr_carea' id='block_1_108' title="bbox 1870 4660 3466 4746">
    <p class='ocr_par' dir='ltr' id='par_1_108' title="bbox 1870 4660 3466 4746">
     <span class='ocr_line' id='line_1_108' title="bbox 1870 4660 3466 4746; baseline -0.012 -16"><span class='ocrx_word' id='word_1_772' title='bbox 1870 4685 2036 4746; x_wconf 83' lang='lat' dir='ltr'><strong>atque</strong></span> <span class='ocrx_word' id='word_1_773' title='bbox 2067 4674 2126 4727; x_wconf 88' lang='lat' dir='ltr'><strong>in</strong></span> <span class='ocrx_word' id='word_1_774' title='bbox 2158 4672 2311 4726; x_wconf 87' lang='lat' dir='ltr'><strong>Milio</strong></span> <span class='ocrx_word' id='word_1_775' title='bbox 2352 4671 2420 4725; x_wconf 86' lang='lat' dir='ltr'><strong>ad</strong></span> <span class='ocrx_word' id='word_1_776' title='bbox 2462 4666 2918 4723; x_wconf 84' lang='lat' dir='ltr'><strong>emendicandam</strong></span> <span class='ocrx_word' id='word_1_777' title='bbox 2977 4662 3176 4732; x_wconf 84' lang='lat' dir='ltr'><strong>stipem</strong></span> <span class='ocrx_word' id='word_1_778' title='bbox 3225 4660 3466 4715; x_wconf 78' lang='lat' dir='ltr'><strong>colloca-</strong></span> 
     </span>
    </p>
   </div>
   <div class='ocr_carea' id='block_1_109' title="bbox 1874 4749 3467 4835">
    <p class='ocr_par' dir='ltr' id='par_1_109' title="bbox 1874 4749 3467 4835">
     <span class='ocr_line' id='line_1_109' title="bbox 1874 4749 3467 4835; baseline -0.011 -15"><span class='ocrx_word' id='word_1_779' title='bbox 1874 4765 2223 4835; x_wconf 88' lang='lat' dir='ltr'><strong>tur.Capitur</strong></span> <span class='ocrx_word' id='word_1_780' title='bbox 2255 4776 2391 4818; x_wconf 87' lang='lat' dir='ltr'><strong>vero</strong></span> <span class='ocrx_word' id='word_1_781' title='bbox 2439 4761 2602 4815; x_wconf 86' lang='lat' dir='ltr'><strong>etiam</strong></span> <span class='ocrx_word' id='word_1_782' title='bbox 2670 4755 2988 4828; x_wconf 81' lang='lat' dir='ltr'><strong>Symbatius</strong></span> <span class='ocrx_word' id='word_1_783' title='bbox 3041 4769 3071 4808; x_wconf 87' lang='lat' dir='ltr'><strong>a</strong></span> <span class='ocrx_word' id='word_1_784' title='bbox 3124 4751 3361 4807; x_wconf 80' lang='lat' dir='ltr'><strong>Malcino</strong></span> <span class='ocrx_word' id='word_1_785' title='bbox 3398 4749 3467 4804; x_wconf 83' lang='lat' dir='ltr'><strong>ad</strong></span> 
     </span>
    </p>
   </div>
   <div class='ocr_carea' id='block_1_110' title="bbox 1870 4842 3467 4921">
    <p class='ocr_par' dir='ltr' id='par_1_110' title="bbox 1870 4842 3467 4921">
     <span class='ocr_line' id='line_1_110' title="bbox 1870 4842 3467 4921; baseline -0.013 -7"><span class='ocrx_word' id='word_1_786' title='bbox 1870 4857 2206 4921; x_wconf 88' lang='lat' dir='ltr'><strong>Ccltzinem;</strong></span> <span class='ocrx_word' id='word_1_787' title='bbox 2251 4854 2592 4920; x_wconf 87' lang='lat' dir='ltr'><strong>inductoque</strong></span> <span class='ocrx_word' id='word_1_788' title='bbox 2622 4849 2690 4904; x_wconf 90' lang='lat' dir='ltr'><strong>ad</strong></span> <span class='ocrx_word' id='word_1_789' title='bbox 2733 4848 2791 4903; x_wconf 93' lang='lat' dir='ltr'><strong>S.</strong></span> <span class='ocrx_word' id='word_1_790' title='bbox 2828 4846 3122 4902; x_wconf 85' lang='lat' dir='ltr'><strong>Mamantis</strong></span> <span class='ocrx_word' id='word_1_791' title='bbox 3161 4842 3467 4916; x_wconf 81' lang='lat' dir='ltr'><strong>Symbatio,</strong></span> 
     </span>
    </p>
   </div>
   <div class='ocr_carea' id='block_1_111' title="bbox 1871 4937 3468 5017">
    <p class='ocr_par' dir='ltr' id='par_1_111' title="bbox 1871 4937 3468 5017">
     <span class='ocr_line' id='line_1_111' title="bbox 1871 4937 3468 5017; baseline -0.012 -11"><span class='ocrx_word' id='word_1_792' title='bbox 1871 4951 2159 5006; x_wconf 85' lang='lat' dir='ltr'><strong>adducunt</strong></span> <span class='ocrx_word' id='word_1_793' title='bbox 2185 4949 2457 5017; x_wconf 77' lang='lat' dir='ltr'><strong>Peganem</strong></span> <span class='ocrx_word' id='word_1_794' title='bbox 2490 4956 2695 4997; x_wconf 82' lang='lat' dir='ltr'><strong>caecum</strong></span> <span class='ocrx_word' id='word_1_795' title='bbox 2728 4955 2854 4995; x_wconf 90' lang='lat' dir='ltr'><strong>cum</strong></span> <span class='ocrx_word' id='word_1_796' title='bbox 2899 4937 3189 4993; x_wconf 90' lang='lat' dir='ltr'><strong>thurihulo</strong></span> <span class='ocrx_word' id='word_1_797' title='bbox 3225 4942 3468 4990; x_wconf 79' lang='lat' dir='ltr'><strong>testaceo</strong></span> 
     </span>
    </p>
   </div>
   <div class='ocr_carea' id='block_1_112' title="bbox 1871 5026 3468 5102">
    <p class='ocr_par' dir='ltr' id='par_1_112' title="bbox 1871 5026 3468 5102">
     <span class='ocr_line' id='line_1_112' title="bbox 1871 5026 3468 5102; baseline -0.014 -5"><span class='ocrx_word' id='word_1_798' title='bbox 1871 5041 2186 5097; x_wconf 90' lang='lat' dir='ltr'><strong>adolentem</strong></span> <span class='ocrx_word' id='word_1_799' title='bbox 2203 5036 2413 5101; x_wconf 81' lang='lat' dir='ltr'><strong>sulfur;</strong></span> <span class='ocrx_word' id='word_1_800' title='bbox 2450 5033 2742 5102; x_wconf 81' lang='lat' dir='ltr'><strong>factusque</strong></span> <span class='ocrx_word' id='word_1_801' title='bbox 2767 5030 2990 5085; x_wconf 86' lang='lat' dir='ltr'><strong>obviam</strong></span> <span class='ocrx_word' id='word_1_802' title='bbox 3028 5026 3312 5099; x_wconf 71' lang='lat' dir='ltr'><strong>Symbatio</strong></span> <span class='ocrx_word' id='word_1_803' title='bbox 3336 5026 3468 5078; x_wconf 70' lang='lat' dir='ltr'><strong>aito-</strong></span> 
     </span>
    </p>
   </div>
   <div class='ocr_carea' id='block_1_113' title="bbox 1873 5116 3463 5194">
    <p class='ocr_par' dir='ltr' id='par_1_113' title="bbox 1873 5116 3463 5194">
     <span class='ocr_line' id='line_1_113' title="bbox 1873 5116 3463 5194; baseline -0.011 -7"><span class='ocrx_word' id='word_1_804' title='bbox 1873 5135 1968 5187; x_wconf 82' lang='lat' dir='ltr'><strong>let.</strong></span> <span class='ocrx_word' id='word_1_805' title='bbox 2022 5129 2274 5187; x_wconf 87' lang='lat' dir='ltr'><strong>Caecatur</strong></span> <span class='ocrx_word' id='word_1_806' title='bbox 2328 5142 2464 5183; x_wconf 87' lang='lat' dir='ltr'><strong>vero</strong></span> <span class='ocrx_word' id='word_1_807' title='bbox 2526 5127 2694 5183; x_wconf 84' lang='lat' dir='ltr'><strong>etiam</strong></span> <span class='ocrx_word' id='word_1_808' title='bbox 2744 5122 3061 5194; x_wconf 81' lang='lat' dir='ltr'><strong>Symbatius</strong></span> <span class='ocrx_word' id='word_1_809' title='bbox 3098 5121 3275 5173; x_wconf 84' lang='lat' dir='ltr'><strong>altero</strong></span> <span class='ocrx_word' id='word_1_810' title='bbox 3302 5116 3463 5188; x_wconf 78' lang='lat'><strong>681</strong></span> 
     </span>
    </p>
   </div>
   <div class='ocr_carea' id='block_1_114' title="bbox 1872 5212 3469 5289">
    <p class='ocr_par' dir='ltr' id='par_1_114' title="bbox 1872 5212 3469 5289">
     <span class='ocr_line' id='line_1_114' title="bbox 1872 5212 3469 5289; baseline -0.011 -11"><span class='ocrx_word' id='word_1_811' title='bbox 1872 5222 2056 5289; x_wconf 88' lang='lat' dir='ltr'><strong>oculo,</strong></span> <span class='ocrx_word' id='word_1_812' title='bbox 2086 5236 2154 5277; x_wconf 90' lang='lat' dir='ltr'><strong>ac</strong></span> <span class='ocrx_word' id='word_1_813' title='bbox 2183 5220 2375 5276; x_wconf 82' lang='lat' dir='ltr'><strong>dextra</strong></span> <span class='ocrx_word' id='word_1_814' title='bbox 2410 5218 2491 5274; x_wconf 91' lang='lat' dir='ltr'><strong>illi</strong></span> <span class='ocrx_word' id='word_1_815' title='bbox 2548 5231 2747 5273; x_wconf 82' lang='lat' dir='ltr'><strong>manus</strong></span> <span class='ocrx_word' id='word_1_816' title='bbox 2800 5212 3177 5276; x_wconf 83' lang='lat' dir='ltr'><strong>abscinditur,</strong></span> <span class='ocrx_word' id='word_1_817' title='bbox 3215 5223 3381 5279; x_wconf 82' lang='lat' dir='ltr'><strong>quem</strong></span> <span class='ocrx_word' id='word_1_818' title='bbox 3411 5217 3469 5262; x_wconf 86' lang='lat' dir='ltr'><strong>et</strong></span> 
     </span>
    </p>
   </div>
   <div class='ocr_carea' id='block_1_115' title="bbox 1873 5302 3465 5386">
    <p class='ocr_par' dir='ltr' id='par_1_115' title="bbox 1873 5302 3465 5386">
     <span class='ocr_line' id='line_1_115' title="bbox 1873 5302 3465 5386; baseline -0.01 -16"><span class='ocrx_word' id='word_1_819' title='bbox 1873 5316 2052 5386; x_wconf 87' lang='lat' dir='ltr'><strong>ipsum</strong></span> <span class='ocrx_word' id='word_1_820' title='bbox 2086 5314 2156 5370; x_wconf 90' lang='lat' dir='ltr'><strong>ad</strong></span> <span class='ocrx_word' id='word_1_821' title='bbox 2187 5313 2417 5368; x_wconf 72' lang='lat' dir='ltr'><strong>Tzausze</strong></span> <span class='ocrx_word' id='word_1_822' title='bbox 2450 5310 2601 5367; x_wconf 63' lang='lat' dir='ltr'><strong>aedes</strong></span> <span class='ocrx_word' id='word_1_823' title='bbox 2645 5309 2715 5365; x_wconf 90' lang='lat' dir='ltr'><strong>ad</strong></span> <span class='ocrx_word' id='word_1_824' title='bbox 2746 5308 2952 5379; x_wconf 87' lang='lat' dir='ltr'><strong>stipem</strong></span> <span class='ocrx_word' id='word_1_825' title='bbox 3005 5302 3302 5376; x_wconf 85' lang='lat' dir='ltr'><strong>petendam</strong></span> <span class='ocrx_word' id='word_1_826' title='bbox 3350 5311 3465 5356; x_wconf 80' lang='lat' dir='ltr'><strong>sta-</strong></span> 
     </span>
    </p>
   </div>
   <div class='ocr_carea' id='block_1_116' title="bbox 1874 5393 3468 5478">
    <p class='ocr_par' dir='ltr' id='par_1_116' title="bbox 1874 5393 3468 5478">
     <span class='ocr_line' id='line_1_116' title="bbox 1874 5393 3468 5478; baseline -0.011 -14"><span class='ocrx_word' id='word_1_827' title='bbox 1874 5417 2074 5473; x_wconf 62' lang='lat' dir='ltr'><strong>tuunt;</strong></span> <span class='ocrx_word' id='word_1_828' title='bbox 2098 5421 2163 5462; x_wconf 88' lang='lat' dir='ltr'><strong>ac</strong></span> <span class='ocrx_word' id='word_1_829' title='bbox 2184 5411 2313 5478; x_wconf 82' lang='lat' dir='ltr'><strong>post</strong></span> <span class='ocrx_word' id='word_1_830' title='bbox 2341 5414 2457 5461; x_wconf 90' lang='lat' dir='ltr'><strong>tres</strong></span> <span class='ocrx_word' id='word_1_831' title='bbox 2488 5401 2609 5459; x_wconf 85' lang='lat' dir='ltr'><strong>dies</strong></span> <span class='ocrx_word' id='word_1_832' title='bbox 2634 5402 2694 5456; x_wconf 89' lang='lat' dir='ltr'><strong>in</strong></span> <span class='ocrx_word' id='word_1_833' title='bbox 2734 5415 2865 5457; x_wconf 87' lang='lat' dir='ltr'><strong>suas</strong></span> <span class='ocrx_word' id='word_1_834' title='bbox 2897 5398 3025 5454; x_wconf 89' lang='lat' dir='ltr'><strong>illos</strong></span> <span class='ocrx_word' id='word_1_835' title='bbox 3048 5396 3199 5452; x_wconf 61' lang='lat' dir='ltr'><strong>aedes</strong></span> <span class='ocrx_word' id='word_1_836' title='bbox 3239 5394 3299 5450; x_wconf 86' lang='lat' dir='ltr'><strong>in</strong></span> <span class='ocrx_word' id='word_1_837' title='bbox 3329 5393 3468 5455; x_wconf 78' lang='lat' dir='ltr'><strong>urbe</strong></span> 
     </span>
    </p>
   </div>
   <div class='ocr_carea' id='block_1_117' title="bbox 1873 5504 2193 5596">
    <p class='ocr_par' dir='ltr' id='par_1_117' title="bbox 1873 5504 2193 5596">
     <span class='ocr_line' id='line_1_117' title="bbox 1873 5504 2193 5596; baseline -0.006 -36"><span class='ocrx_word' id='word_1_838' title='bbox 1873 5504 2193 5596; x_wconf 53' lang='lat' dir='ltr'><strong>adducunt.</strong></span> 
     </span>
    </p>
   </div>
   <div class='ocr_carea' id='block_1_118' title="bbox 1946 5647 3468 5728">
    <p class='ocr_par' dir='ltr' id='par_1_118' title="bbox 1946 5647 3468 5728">
     <span class='ocr_line' id='line_1_118' title="bbox 1946 5647 3468 5728; baseline -0.014 -7"><span class='ocrx_word' id='word_1_839' title='bbox 1946 5664 2038 5721; x_wconf 75' lang='grc'><strong>45.</strong></span> <span class='ocrx_word' id='word_1_840' title='bbox 2075 5659 2310 5719; x_wconf 82' lang='lat' dir='ltr'><strong>Michael</strong></span> <span class='ocrx_word' id='word_1_841' title='bbox 2361 5658 2663 5728; x_wconf 88' lang='lat' dir='ltr'><strong>imperator</strong></span> <span class='ocrx_word' id='word_1_842' title='bbox 2707 5650 3055 5709; x_wconf 89' lang='lat' dir='ltr'><strong>Constantini</strong></span> <span class='ocrx_word' id='word_1_843' title='bbox 3092 5647 3339 5706; x_wconf 89' lang='lat' dir='ltr'><strong>Cabalini</strong></span> <span class='ocrx_word' id='word_1_844' title='bbox 3371 5661 3468 5701; x_wconf 84' lang='lat' dir='ltr'><strong>ca-</strong></span> 
     </span>
    </p>
   </div>
   <div class='ocr_carea' id='block_1_119' title="bbox 1876 5740 3470 5828">
    <p class='ocr_par' dir='ltr' id='par_1_119' title="bbox 1876 5740 3470 5828">
     <span class='ocr_line' id='line_1_119' title="bbox 1876 5740 3470 5828; baseline -0.016 -11"><span class='ocrx_word' id='word_1_845' title='bbox 1876 5759 2045 5817; x_wconf 77' lang='lat' dir='ltr'><strong>daver</strong></span> <span class='ocrx_word' id='word_1_846' title='bbox 2072 5771 2171 5828; x_wconf 89' lang='lat' dir='ltr'><strong>per</strong></span> <span class='ocrx_word' id='word_1_847' title='bbox 2202 5751 2648 5811; x_wconf 85' lang='lat' dir='ltr'><strong>machinatorem</strong></span> <span class='ocrx_word' id='word_1_848' title='bbox 2690 5745 2908 5803; x_wconf 84' lang='lat' dir='ltr'><strong>Lamari</strong></span> <span class='ocrx_word' id='word_1_849' title='bbox 2936 5744 3159 5801; x_wconf 87' lang='lat' dir='ltr'><strong>nomine</strong></span> <span class='ocrx_word' id='word_1_850' title='bbox 3182 5758 3248 5800; x_wconf 80' lang='lat' dir='ltr'><strong>ex</strong></span> <span class='ocrx_word' id='word_1_851' title='bbox 3282 5740 3470 5813; x_wconf 81' lang='lat' dir='ltr'><strong>sepul-</strong></span> 
     </span>
    </p>
   </div>
  </div>
