3962 6200
327 277 404 344 749
1342 275 1713 337 ANNALES.
1747 270 2170 332 ~BASlLlUS
2198 272 2524 334 MACEDO.

3451 270 3558 333 750

3519 352 3530 360 ι

378 396 426 466 β’.
456 387 625 455 υῦτος
645 394 675 446 6
695 390 947 462 βασιλεὺς
979 389 1314 461 προστάσσει
1340 387 1607 461 Μαριανῷ
1639 387 1864 459 ἐπάρχῳ

2038 387 2090 441 2.
2118 388 2283 442 Jubet
2308 388 2544 443 Basilius
2573 387 2816 442 Mariano
2847 387 3104 458 praefecto
3142 389 3391 443 Petronze
3419 391 3555 452 tilio;

321 485 382 556 τῷ
401 483 494 554 υίῷ
529 484 812 553 Πετρωνᾶ,
847 480 945 534 καὶ
974 482 1302 552 ἀναγορεύει
1333 480 1496 534 αὑτὸν
1528 480 1690 549 μόνον
1717 477 1870 548 βασι-

321 576 410 630 λέα.
450 573 718 644 Ὡορύφας
748 573 804 624 δὲ
839 571 932 625 τοῦ
973 571 1218 641 πλωΐμου
1250 569 1556 642 στρατηγὸς
1594 569 1871 640 χρηματίο

321 666 410 731 ζων
427 666 519 718 καὶ
547 664 905 734 καθηγεμὼν,
933 663 1114 726 συνεὶς
1154 663 1214 714 τὸ
1243 661 1485 731 πραχθὲν
1516 660 1669 732 παρὰ
1704 662 1869 714 Βασι-

319 757 434 814 λιίου
466 759 562 811 καὶ
589 756 974 826 φιλοδέσποτος
1007 752 1105 816 ὣν,
1165 752 1300 823 πρὶς
1332 753 1616 822 ἐκδίκησιν
1649 749 1871 821 Μιχαὴλ

320 849 554 922 βασιλέως
575 847 879 916 κεκίνηται.
908 846 1109 900 Τοῦτον
1137 845 1524 915 μετακαλεῖται
1548 845 1575 896 6
1599 843 1871 912 αὐτοκρά-

319 962 425 1016 mp,
476 943 573 996 καὶ
607 943 674 996 τὰ
737 942 836 1012 μὲν
868 940 1061 1011 πρῶτα
1095 939 1276 1007 λόγοις
1325 936 1472 1008 αὐτῷ
1518 936 1868 1008 ἐφυϐρίστοις

319 1035 591 1098 ἐπαπειλεῖ,
624 1035 818 1087 ἔπειτα
848 1032 1122 1101 ἀποδοχῆς
1159 1031 1302 1095 ἀξιοῖ
1333 1030 1450 1083 ἀνθ’
1473 1022 1548 1084 ὧν
1584 1029 1728 1101 ὑπὲρ
1785 1030 1871 1083 δε-

320 1130 488 1182 σπότου
519 1127 745 1180 τοιαῦτα
773 1127 1164 1195 τετολμηκέναι
1210 1124 1542 1196 προῄρηται.
1600 1121 1762 1174 Ἀλλὰ
1806 1120 1870 1193 δὴ

316 1224 389 1276 καὶ
407 1223 600 1293 χρόνον
632 1219 1038 1291 προϐεϐηκότος
1075 1220 1162 1272 ἐπ’
1191 1218 1342 1286 αὕτῴ
1371 1214 1627 1269 τοσοῦτον
1659 1214 1869 1284 πεπλη-

319 1314 590 1386 ροορόρηται
615 1311 756 1366 ὥστε
781 1312 1226 1378 καταλιμπάνειν
1252 1307 1399 1379 αὐτῷ
1423 1306 1520 1378 τὴν
1544 1305 1695 1359 πόλιν
1713 1304 1870 1370 ἐξιὼν

313 1406 411 1458 κατ’
439 1404 666 1474 ἐχθρῶν.

368 1497 430 1565 γ’.
472 1499 790 1566 ’Δναγκαῖον
817 1495 873 1549 δέ
919 1497 1034 1548 ἐστι
1062 1496 1157 1548 καὶ
1204 1493 1354 1565 παρᾶ
1396 1491 1532 1545 Θεοῦ
1566 1492 1870 1564 γενομένην

311 1593 564 1664 ἐκδίκησιν
629 1593 710 1653 εἰς
762 1591 889 1654 τοὺς
940 1590 1032 1642 τὸν
1087 1589 1308 1658 Μιχαὴλ
1357 1579 1870 1660 διαχειρισαμένους

308 1685 514 1758 γράψαι.
555 1685 614 1738 '0
645 1685 745 1755 μὲν
775 1683 867 1737 οὖν
911 1682 1266 1752 Ίσκωϐίτζης
1301 1679 1557 1752 κυνηγῶν
1596 1680 1735 1750 μετᾶ
1769 1679 1862 1733 τοῦ

308 1779 570 1849 βᾶσιλέως,
611 1779 706 1831 καὶ
756 1777 852 1830 τοῦ
888 1776 1076 1845 ξίφους
1142 1773 1307 1828 αὑτοῦ
1365 1772 1714 1836 ἐκπεσόντος,
1767 1771 1862 1825 καὶ

305 1867 449 1923 αὖτοῦ
478 1868 762 1937 μέλλοντος
797 1866 1080 1919 κατελθεῖν
1108 1865 1188 1928 εἱς
1212 1863 1272 1917 τὸ
1306 1861 1436 1934 ἆραι
1465 1864 1648 1925 αὐτὸν,
1677 1865 1705 1917 6
1728 1861 1864 1928 ποῦς

304 1961 448 2015 αὑτοῦ
476 1963 535 2013 ὲν
556 1965 621 2031 τῇ
653 1961 826 2030 σκάὶῃ
859 1959 1160 2029 ἐκρατήθη,
1208 1957 1302 2010 καὶ
1334 1955 1586 2026 θροηθεὶς
1632 1959 1659 2010 6
1698 1955 1865 2018 ἵππος

301 2051 477 2118 ἔσυρεν
507 2049 670 2102 αὑτὸν
701 2048 843 2102 κατὰ
880 2049 1180 2118 φαράγγων
1221 2047 1315 2098 καὶ
1348 2045 1610 2118 κρημνῶν
1643 2046 1736 2099 καὶ
1765 2063 1865 2116 με-

300 2144 444 2212 ληδὸν
479 2143 799 2210 κατέκοῷεν.
848 2140 1102 2211 Ἰωάννης
1151 2140 1206 2192 δὲ
1259 2142 1287 2193 6
1320 2139 1528 2202 Χὰλδος
1560 2131 1866 2209 στρατηγὸς

299 2235 521 2298 Χαλδίας
553 2234 866 2302 γενόμενος,
893 2230 976 2304 [Ρ.
1005 2229 1132 2302 45η
1163 2229 1285 2284 ἐπεὶ
1308 2230 1448 2283 κατὰ
1471 2231 1565 2282 τοῦ
1597 2229 1866 2300 βασιλέως

300 2323 518 2397 μελέτᾷν
559 2322 835 2393 ἐφωράθη,
874 2320 1362 2384 ἀνασκολοπίζεται
1415 2319 1567 2392 παρὰ
1611 2320 1864 2392 Ἀνδρέου

297 2418 681 2489 στρατηλάτου.
711 2417 772 2469 ὐ
792 2417 850 2469 δὲ
871 2414 1098 2483 ἁδελφὸς
1131 2414 1224 2466 τοῦ
1257 2413 1525 2483 βασιλέως
1541 2413 1863 2479 Ἀσυλαίων,

294 2512 540 2576 ἐξωσθεὶς
571 2509 720 2580 παρὰ
750 2508 845 2560 τοῦ
868 2507 1133 2578 βασιλέως
1164 2509 1223 2559 ἐν
1248 2504 1325 2576 τῷ
1344 2505 1652 2576 προαστείῳ
1674 2501 1864 2569 αὑτοῦ,

290 2603 497 2672 ἀπηνὴς
528 2601 604 2655 ὣν
636 2603 727 2655 καὶ
779 2602 928 2670 ὠμὸς
969 2601 1104 2672 πρὸς
1134 2605 1260 2659 τοὺς
1297 2597 1461 2651 αὑτοῦ
1497 2593 1719 2658 δούλους
1759 2613 1866 2666 μα-

292 2697 504 2767 χαίραις
537 2696 628 2747 ὑπ’
654 2695 836 2749 αὐτῶν
887 2693 1130 2765 ἀνῃρέθη
1152 2708 1167 2722 °
1211 2690 1304 2755 οὓς
1337 2693 1619 2761 κρατήεας
1655 2693 1682 2743 6
1711 2688 1868 2760 βασι-

287 2791 410 2852 λεὺς
443 2790 540 2842 καὶ
573 2788 801 2859 μεληδὸν
846 2785 1166 2853 κατακόψας
1202 2785 1261 2837 ἐν
1308 2787 1419 2845 τοῖς
1460 2779 1865 2854 Ἀμαστριανοῦ

287 2883 539 2936 ἔκαυσεν.
591 2879 650 2933 '0
705 2879 762 2933 δὲ
794 2877 1071 2946 ἁπελάτης
1117 2881 1145 2930 ὸ
1206 2876 1302 2928 τοῦ
1341 2876 1549 2948 Πέρσου
1581 2875 1624 2906 ⁸⁸
1656 2875 1869 2944 σκωλη-

286 2977 560 3047 κόϐρωτος
579 2975 868 3043 γενόμενος
895 2975 992 3040 τὴν
1017 2970 1192 3042 ψυχὴν
1217 2969 1549 3040 ἀπέρρηξεν.
1576 2967 1868 3021 Κωνσταν-

1975 480 2130 551 isque
2156 495 2280 534 eum
2307 482 2484 534 solum
2522 480 2909 551 imperatorem
2952 483 3236 536 acclamat.
3272 481 3560 552 Oorvphas

1974 582 2159 627 autem
2193 573 2404 627 navalis
2431 575 2710 627 exercitus
2741 584 2944 643 praetor
2978 583 3143 643 atque
3170 575 3302 640 dux,
3341 577 3433 631 ubi
3472 593 3557 631 tn-

1976 664 2278 718 tellexisset
2305 681 2427 733 quae
2447 682 2475 719 a
2498 665 2697 720 Basilio
2721 678 2872 736 gesta
2905 667 2959 720 in
2983 667 3300 722 Michaelem
3334 680 3515 724 essent
3541 709 3558 734 ,

1975 755 2091 827 ipse
2131 757 2336 811 domini
2405 775 2593 813 amans
2634 774 2940 828 servusque
3005 759 3277 829 ingenuus
3333 761 3400 815 ad
3457 761 3560 816 Mi-

1975 853 2185 907 chaelis
2216 852 2567 921 imperatoris
2603 852 2872 906 ultionem
2910 867 3032 907 sese
3061 855 3320 924 accingit.
3354 856 3560 908 Accer-

1974 944 2140 999 situm
2168 943 2468 1014 imperator
2507 944 2748 1014 primum
2781 945 3005 1014 quidem
3049 947 3467 1003 contumeliosis
3497 961 3560 1001 ac

1976 1035 2287 1091 minacibus
2311 1037 2500 1091 verbis
2550 1037 2788 1108 accipit;
2824 1047 3050 1108 tumque
3102 1039 3339 1109 benigne
3393 1040 3561 1094 habet

1975 1127 2293 1198 laudatque,
2323 1128 2469 1198 quod
2512 1137 2572 1182 ut
2597 1129 2726 1182 talia
2757 1130 2812 1184 in
2861 1129 3071 1183 domini
3119 1132 3351 1200 gratiam
3388 1130 3561 1185 aude-

1977 1228 2062 1273 ret
2094 1219 2148 1273 in
2179 1222 2424 1274 animmn
2463 1207 2761 1276 induxerit.
2800 1205 2942 1287 Quin
2979 1222 3135 1291 lapsu
3170 1222 3435 1290 temporis
3478 1222 3559 1278 sic

1975 1320 2133 1366 aucta
2167 1313 2220 1366 in
2253 1329 2378 1367 eum
2409 1312 2761 1384 imperatoris
2805 1314 3002 1369 liducia
3045 1326 3148 1380 est,
3180 1324 3239 1368 ut
3281 1315 3335 1368 in
3372 1314 3559 1370 hostes

1976 1405 2337 1476 proficiscens
2367 1407 2486 1477 ejus
2521 1407 2646 1461 ﬁdei
2680 1407 2871 1461 urbem
2901 1408 3263 1462 commiserit.

2044 1495 2098 1549 5.
2136 1495 2330 1566 Opera:
2361 1497 2600 1566 pretium
2629 1513 2762 1554 vero
2798 1499 2871 1553 sit
2906 1509 2965 1553 ut
2996 1509 3052 1552 et
3082 1499 3324 1552 divinam
3356 1498 3410 1552 in
3461 1513 3559 1552 eos

1975 1590 2067 1660 qui
2101 1589 2392 1646 Michaelis
2431 1592 2722 1660 parricida:
2767 1591 2994 1647 fuerunt
3034 1591 3298 1647 ultionem
3352 1592 3561 1647 descri-

1977 1680 2192 1736 bamus.
2226 1682 2538 1739 Jacobitzes
2583 1685 2767 1755 itaque
2804 1685 3125 1755 imperatori
3162 1686 3305 1740 inter
3346 1701 3559 1740 venan-

1970 1772 2100 1827 dum
2129 1789 2336 1840 eomes,
2363 1776 2493 1830 dum
2519 1792 2709 1831 ensem
2753 1776 3041 1846 delapsum
3072 1778 3360 1832 levaturus
3411 1792 3558 1846 equo

1968 1864 2176 1930 desilit,
2213 1867 2456 1922 lizerente
2482 1870 2622 1938 pede
2646 1884 2676 1924 e
2701 1870 2897 1938 pensili
2930 1869 3216 1930 scandula.
3254 1869 3559 1938 territoque

1967 1973 2113 2028 equo
2153 1975 2256 2030 per
2286 1975 2417 2014 cava
2449 1961 2775 2030 voraginum
2804 1962 3224 2032 prazcipitiaqne
3275 1961 3553 2021 trahente,

1969 2048 2318 2102 membratim
2355 2049 2667 2119 discerptus
2717 2059 2817 2104 est.
2845 2050 3086 2106 Joannes
3142 2050 3421 2118 Chaldus,
3458 2052 3556 2123 qui

1967 2139 2244 2193 exercitus
2293 2140 2486 2194 ductor
2545 2141 2599 2196 in
2652 2141 2884 2196 Chaldia
2939 2142 3138 2205 fuerat,
3174 2141 3560 2213 deprehensus

1970 2231 2279 2285 machinari
2311 2231 2578 2286 adversus
2605 2232 2992 2301 imperatorem
3027 2233 3196 2304 688
3233 2234 3302 2288 ah
3334 2233 3556 2287 Andrea

1969 2324 2237 2394 magistro
2265 2324 2477 2378 militia:
2501 2325 2625 2393 palo
2653 2324 2845 2378 afﬁxus
2868 2335 2970 2379 est.
3005 2325 3360 2394 Imperatoris
3389 2328 3561 2378 fratr-1'

1969 2415 2204 2488 Asylaeo,
2237 2415 2307 2469 ab
2361 2416 2525 2470 eoin
2584 2417 2967 2470 suburbanum
3029 2432 3193 2472 suum
3257 2417 3558 2487 relegatus.

1969 2507 2119 2578 quod
2157 2507 2214 2564 in
2253 2524 2448 2563 servos
2474 2525 2538 2563 ac
2577 2509 2910 2564 domesticos
2963 2508 3192 2563 immitis
3222 2509 3559 2586 ac_crudelis

1970 2608 2139 2662 esset,
2168 2599 2351 2669 gladio
2385 2600 2453 2654 ab
2479 2599 2560 2655 eis
2590 2609 2816 2654 necatus
2847 2609 2948 2654 est.
2981 2599 3091 2654 llos
3131 2601 3431 2669 imperator
3463 2615 3560 2655 ca-

1969 2699 2094 2758 ptos
2128 2689 2594 2760 membratimque
2623 2690 2876 2744 concisos
2925 2690 2991 2744 ad
3039 2691 3372 2745 Amastriani
3406 2707 3558 2745 eom-

1972 2781 2168 2836 bussit.
2200 2783 2456 2852 Apelates
2501 2782 2679 2836 Persa:
2713 2799 2744 2836 a
2785 2783 3066 2836 vermibus
3100 2797 3360 2838 corrosus
3389 2783 3559 2838 vitam

1973 2873 2172 2929 ﬁnivit.
2219 2873 2617 2930 Constantinus
2663 2875 2907 2930 Toxaras
2952 2875 3098 2945 apud
3148 2875 3560 2947 Cibyrrbmotas

1971 2968 2169 3037 gladiis
2194 2968 2453 3022 concisus
2495 2967 2679 3038 periit.
2715 2968 2991 3024 Marianus
3038 2969 3277 3037 denique
3325 2969 3564 3039 impera-

281 3072 424 3134 τίνος
447 3068 503 3122 δὲ
531 3070 559 3119 ὀ
582 3067 829 3136 Τοξαρίς
853 3062 933 3127 εἰς
969 3062 1397 3135 Κιϐυῤῥαιώτας
1422 3061 1865 3131 σπαθοκοπηθεὶς

1982 3058 2112 3113 Loris
2133 3059 2303 3113 frater
2333 3057 2615 3113 contracto
2643 3076 2709 3128 pc
2736 3062 2781 3115 ie
2811 3077 2873 3114 ac
2901 3060 3182 3114 vermibus
3206 3070 3563 3130 putresccnte

278 3161 532 3231 τελευτᾷ,
571 3161 663 3212 καὶ
703 3158 988 3228 Μαριανὺς
1021 3160 1047 3209 ὁ
1071 3155 1301 3226 ἁδελφὶς
1337 3153 1430 3208 τοῦ
1458 3154 1725 3225 βασιλέως
1777 3155 1870 3206 τὸν

279 3257 421 3311 ττᾶδα
452 3253 756 3326 συντριϐεὶς
783 3254 876 3305 καὶ
903 3249 1008 3305 ὑπὸ
1033 3250 1336 3321 σκωλήκων
1366 3247 1750 3320 καταϐρωθεὶς
1781 3263 1870 3301 τε-

275 3352 472 3423 λευτᾷ.

345 3446 420 3499 δ’.
465 3442 557 3496 Ἐν
577 3443 644 3514 τῇ
669 3441 831 3512 ἐορτῇ
859 3437 968 3492 τῶν
997 3435 1236 3507 Χριστοῦ
1261 3435 1466 3505 γέννων
1495 3431 1872 3505 προελεύσεως

268 3537 588 3610 γενομένης
613 3535 869 3606 βαπτίζει
898 3535 926 3586 6
960 3531 1216 3603 βασιλεὺς
1255 3528 1343 3583 διὰ
1367 3529 1573 3582 Φωτίου
1597 3527 1896 3598 Στέφανον-

263 3633 367 3684 τὸν
397 3630 522 3683 υἱὸν
547 3625 710 3680 αὐτοῦ
743 3627 801 3678 ἐν
835 3623 1062 3694 Μεγάλῃ
1087 3620 1374 3693 ἐκκλησίᾳ.

336 3722 409 3779 ε’.
442 3722 538 3792 Τῷ
569 3718 616 3789 γ’
657 3717 824 3772 αὖτοῦ
854 3716 985 3778 ἔτει,
1019 3718 1086 3786 τῇ
1119 3715 1283 3784 ἐορτῇ
1309 3711 1403 3765 τοῦ
1432 3711 1590 3780 ἁγίου
1628 3708 1870 3764 Πολυεύ-

257 3836 433 3882 κτου,
468 3815 663 3884 γέγονε
697 3811 919 3880 σεισμὸς
951 3810 1044 3863 ἐπὶ
1079 3805 1130 3878 μ’
1183 3807 1400 3878 ἡμέρας
1429 3805 1524 3859 καὶ
1557 3804 1612 3878 μ’
1646 3803 1870 3868 νύκτας,

251 3915 368 3968 καὶ
406 3908 778 3979 ἐπτωήθησαν
801 3905 846 3936 ⁸⁸
877 3903 1071 3957 πολλαὶ
1103 3900 1410 3969 ἐκκλησίαι,
1450 3898 1569 3969 μεθ’
1599 3890 1674 3952 ὧν
1715 3897 1811 3952 καὶ
1837 3897 1870 3966 ἡ

249 4005 564 4077 ὑπεραγία
579 4001 838 4063 Θεοτόκος
856 4000 890 4069 ἡ
903 3996 1171 4067 λεγομένη
1195 3997 1258 4048 τὸ
1278 3993 1484 4063 Σίγμα,
1503 3990 1644 4075 ὥστε
1665 3992 1870 4052 πάντας

243 4103 402 4164 τοὺς
428 4095 733 4168 ψάλλοντας
762 4095 941 4145 ἐκεῖσε
968 4088 1312 4159 τελευτῆσαι.
1369 4085 1520 4138 Λέων
1550 4082 1608 4137 δέ
1642 4083 1671 4135 6
1726 4082 1873 4150 φιλό-

245 4206 448 4261 σοφος
473 4185 656 4258 τυχὼν
677 4187 791 4238 ἐκεῖ
824 4181 1058 4252 παρῄνει
1090 4181 1300 4242 πάντας
1322 4177 1558 4244 ἐξελθεῖν
1583 4193 1597 4208 ο
1627 4176 1674 4228 οἱ
1701 4174 1757 4228 δὲ
1795 4174 1872 4244 μὴ

244 4280 604 4342 πεισθέντες
639 4275 1103 4345 συνετελέσθησαν
1148 4273 1408 4336 ἅπαντες.
1438 4269 1607 4332 Αὐτὸς
1636 4268 1692 4322 δὲ
1717 4269 1745 4320 ὀ
1779 4283 1871 4335 φι-

242 4377 514 4442 λόσοφος
539 4372 620 4435 είς
649 4371 804 4422 κίονα
832 4368 937 4422 ὑπὸ
961 4364 1330 4436 συσταματίου
1356 4361 1574 4424 σταθεὶς
1605 4359 1744 4431 μετά
1773 4357 1872 4412 καὶ

245 4469 491 4540 ἐτέρων
540 4465 634 4518 δύο
666 4463 868 4534 ἐσώθη,
909 4462 1006 4516 καὶ
1034 4461 1213 4530 ἕτεροι
1245 4457 1288 4509 θ’
1323 4456 1368 4488 ⁷ο
1403 4456 1554 4526 μόνοι
1609 4452 1870 4506 ὑποκάτω

243 4562 364 4617 τοῦ
401 4561 685 4630 ἇμῦωνος.

338 4751 438 4810 ς’.
467 4743 672 4806 Φὼτιος
696 4743 751 4795 δὲ
768 4743 794 4794 6
817 4737 1186 4808 πατριάρχης,
1209 4733 1470 4794 ἐλθόντος
1493 4730 1587 4784 τοῦ
1611 4727 1875 4800 βασιλέως

225 4838 325 4889 ἐν
400 4839 477 4906 τῇ
531 4835 799 4903 ἐκκλησίᾳ
851 4834 946 4884 καὶ
1003 4829 1291 4900 μέλλοντος
1343 4823 1512 4879 αὑτοῦ
1567 4825 1871 4888 κοινωνεῖν,

219 4928 491 4998 ὶῃετὴν
519 4925 615 4979 καὶ
648 4923 814 4993 φονέα
837 4921 1021 4988 ἔλεγεν
1044 4919 1136 4972 καὶ⁵
1165 4918 1384 4984 ἀνάξιον
1418 4917 1514 4986 τῆς
1545 4915 1692 4978 θείας
1754 4930 1872 4966 κοι-

205 5021 510 5082 πθωνίας.
558 5018 616 5070 ’0
643 5017 697 5070 δὲ
739 5013 1014 5084 θυμωθεὶς
1047 5009 1370 5080 ἀπέστειλεν
1407 5010 1464 5062 ἐν
1517 5006 1728 5079 Ῥώμῃ.
1781 5004 1876 5059 καὶ

189 5111 467 5179 ἤγαγε
495 5109 661 5180 τόμον
691 5107 832 5178 μετὰ
873 5105 1158 5177 Ῥωμαίων
1192 5100 1530 5158 ἐπισκόπων,
1556 5100 1655 5170 καὶ
1683 5097 1874 5151 τοῦτον

181 5198 368 5257 τοῦ
408 5201 613 5271 θρόνου
647 5199 908 5267 ἐξέωσεν·
942 5193 1377 5257 καίἀνασιὸἁζει
1412 5191 1573 5245 πάλιν
1611 5189 1873 5258 Ίγνάτιον

171 5292 365 5347 τὸν
402 5293 472 5345 ἐν
500 5292 680 5361 ἁγίοις
709 5291 1060 5362 πατριάρχην
1091 5287 1152 5340 τὸ
1180 5285 1452 5354 δεύτερον.

340 5380 420 5446 ς’.
464 5385 623 5440 Μετὰ
647 5385 708 5438 τὸ
732 5381 1034 5450 ἐξωσθῆναι
1063 5381 1162 5449 τῆς
1189 5375 1491 5446 ἐκκλησίας
1517 5372 1723 5428 Ψώτιον
1779 5372 1874 5424 καὶ

159 5484 330 5536 ἐν
360 5479 439 5546 τῇ
472 5479 638 5549 ’μονῇ
679 5479 780 5547 τῆς
837 5474 1056 5545 Σκέπης
1113 5469 1459 5542 ἐξορισθῆναι
1501 5465 1874 5538 ἐτροπεύσατο

151 5571 524 5644 π).ἁσμα
562 5572 766 5626 τοιόνδε
790 5589 804 5604 ·
841 5567 1336 5638 Γενεθλιαλογὴσας
1368 5565 1460 5618 τὸν
1509 5563 1736 5634 βασιλέα
1773 5563 1876 5614 Βα-

1973 3151 2280 3206 exstinctus
2312 3161 2416 3206 est.

2044 3418 2098 3470 4.
2121 3414 2326 3471 Christi
2363 3413 2563 3470 natalis
2588 3415 2820 3470 solemni
2853 3414 2964 3478 die,
2997 3430 3198 3486 pompa
3230 3415 3440 3481 habita,
3473 3416 3566 3472 ba-

1975 3509 2149 3579 ptizat
2181 3509 2482 3578 imperator
2514 3524 2611 3578 per
2647 3507 2903 3562 Photium
2930 3508 3104 3563 (ilium
3135 3524 3298 3564 suum
3329 3509 3564 3580 Stepha-

1973 3620 2128 3668 num,
2162 3603 2214 3657 in
2259 3603 2450 3674 Magna
2483 3600 2752 3657 Ecclesia.

2045 3697 2099 3751 ὅ.
2136 3697 2319 3752 Basilii
2350 3694 2702 3765 imperatoris
2730 3710 2876 3748 anno
2903 3693 3090 3758 tertio,
3121 3692 3175 3747 in
3201 3693 3290 3749 die
3329 3692 3472 3748 festo
3502 3693 3560 3750 Si.

1974 3790 2278 3862 Polyeucti,
2311 3789 2378 3842 ad
2413 3789 2533 3842 dies
2567 3787 2930 3858 quadraginta
2980 3787 3321 3857 totidemque
3373 3799 3564 3842 noctes

1977 3893 2138 3938 terra:
2169 3889 2354 3936 motus
2393 3881 2572 3935 factus
2600 3888 2705 3941 est,
2741 3879 3180 3949 cecideruntque
3233 3882 3419 3935 multre
3468 3898 3562 3936 ec-

1975 3973 2178 4035 elesize,
2234 3971 2380 4025 inter
2428 3987 2566 4040 quas
2623 3970 2789 4024 etiam
2851 3978 3039 4024 saneta
3089 3972 3344 4041 Dcipara,
3395 3988 3560 4040 quam

1975 4065 2159 4134 Sigma
2196 4070 2413 4122 vocant.
2466 4059 2604 4114 adeo
2640 4075 2771 4114 sane
2796 4070 2859 4115 ut
2891 4074 3084 4114 omnes
3133 4061 3187 4114 in
3244 4079 3308 4115 ea
3344 4060 3563 4116 divinas

1975 4159 2330 4214 decantantes
2382 4154 2573 4208 laudes
2624 4153 2936 4208 communis
2992 4152 3151 4207 ruina
3197 4153 3558 4222 oppresserit.

1975 4255 2148 4310 Porro
2175 4252 2288 4308 Leo
2319 4249 2700 4321 philos0phus,
2733 4263 2856 4302 eum
2907 4257 3054 4304 esset
3090 4247 3188 4310 ibi,
3233 4248 3560 4302 hortabatur

1976 4363 2172 4404 omnes
2205 4346 2389 4418 egredi
2420 4343 2546 4412 ;cui
2585 4343 2661 4397 illi
2693 4342 2836 4396 haud
2891 4356 3099 4396 morem
3131 4351 3386 4412 gerentes
3441 4343 3560 4412 pari

1906 4416 2170 4497 I)omnes
2218 4416 2444 4495 interitu
2488 4435 2792 4508 perierunt.
2844 4435 2964 4502 ipse
3021 4444 3202 4489 tamen
3249 4434 3315 4488 ad
3351 4434 3566 4490 colum-

1980 4551 2108 4589 nam
2148 4533 2250 4588 sub
2280 4547 2408 4587 areu
2441 4542 2592 4584 stans
2617 4543 2741 4582 cum
2769 4527 2988 4581 duobus
3015 4525 3140 4580 aliis
3166 4534 3416 4582 servatus
3455 4538 3563 4590 est,

1982 4647 2197 4688 necnon
2228 4627 2319 4682 alii
2352 4640 2548 4680 novem
2579 4622 2842 4686 duntaxat
2866 4618 2970 4673 sub
2994 4618 3232 4674 amboue
3261 4621 3446 4690 positi.

2057 4723 2110 4779 6.
2152 4721 2380 4777 Photius
2428 4714 2740 4784 patriarcha
2775 4712 3111 4780 imperatore
3148 4712 3214 4766 ad
3271 4715 3561 4769 ecclesiam

1980 4819 2261 4879 veniente,
2285 4830 2348 4868 ac
2372 4827 2496 4866 cum
2524 4824 2677 4864 sacra
2715 4807 2969 4877 mysteria
3004 4815 3368 4875 percepturus
3393 4819 3560 4868 esset.

1977 4912 2248 4966 latronem
2295 4921 2422 4960 eum
2459 4913 2514 4957 et
2547 4899 2876 4972 parricidam
2927 4913 2993 4953 ac
3041 4897 3230 4952 divina
3262 4897 3431 4968 689
3479 4899 3564 4953 in-

1978 5003 2206 5074 dignum
2234 4996 2627 5054 communione
2666 4993 2854 5048 dicere
2888 5007 3058 5046 ausus
3087 4999 3194 5046 est.
3239 4990 3357 5057 Qua
3385 4991 3476 5045 ille
3502 5006 3562 5043 re

1981 5097 2062 5151 ira
2097 5107 2368 5149 accensus
2390 5091 2616 5146 Romam
2641 5087 2814 5151 misit,
2846 5095 3106 5154 tomoqne
3123 5085 3418 5154 impetrato
3433 5099 3560 5136 cum

1984 5185 2259 5259 episcopis
2293 5182 2504 5238 Latinis
2563 5179 2818 5236 Photium
2865 5178 2994 5233 sede
3043 5177 3216 5248 ejicit,
3249 5176 3563 5244 iterumque

1981 5296 2046 5335 ac
2075 5276 2320 5334 secundo
2361 5273 2670 5328 sacerdotio
2723 5278 2972 5324 sanctum
3004 5269 3273 5339 lgnatium
3307 5268 3557 5338 praeﬁcit.
3589 5305 3593 5309 -

2055 5376 2106 5429 7.
2142 5373 2365 5442 Ejectus
2385 5383 2452 5424 ex
2485 5363 2716 5421 ecclesia
2751 5361 3001 5425 Photius,
3027 5370 3084 5416 et
3117 5361 3171 5415 in
3224 5363 3560 5416 monasterio

1983 5467 2128 5540 quod
2145 5465 2551 5534 Soepwvvocant
2576 5457 2855 5518 exsulans,
2881 5453 3217 5526 ejuscemodi
3245 5453 3561 5526 ﬁgmentum

1984 5566 2331 5616 contmentus
2385 5561 2511 5607 est:
2571 5549 2755 5604 Basilii
2793 5547 3142 5616 imperatoris
3191 5546 3562 5618 genealogiam

1608 5653 1842 5714 VARUS
1895 5654 2072 5716 LECT
2085 5648 2306 5710 .Oiil‘LS.

351 5757 524 5817 “Leo
561 5757 957 5828 grammaticus
981 5755 1214 5826 Πέοσης.
1250 5748 1499 5808 Combel'.

1585 5749 1628 5780 θ’
1666 5745 2034 5819 ἐπτιῦθησεινῖ
2108 5745 2150 5774 το
2188 5739 2452 5810 Georgius
2496 5736 2678 5788 πέντε.
