3962 6200
496 225 598 291 ’171

1727 230 2111 291 SYMEONIS
2150 228 2519 290 MAGISTBI
3572 239 3657 302 τη

495 344 745 414 adjutore
791 356 857 397 ac
895 342 1046 399 socio
1098 342 1166 398 ad
1195 359 1358 399 omne
1407 344 1592 399 scelus
1644 360 1708 399 ac
1759 347 2063 416 nequitiam

2173 346 2333 401 αὑτοῦ
2366 348 2505 417 πρὸς
2536 347 2719 400 πᾶσαν
2748 344 3095 416 παρανομίαν
3118 346 3207 398 καὶ
3231 346 3427 411 κακίαν,
3452 353 3532 404 καὶ
3551 363 3661 411 κατά

500 446 776 500 uteretur;
798 437 1070 506 amboqtte
1093 437 1359 492 adversus
1380 437 1682 492 Ecclesiatn
1713 439 1893 491 moliri
1926 439 2063 492 inci-

496 529 676 596 piunt.
733 530 1092 584 Accersentes
1140 531 1288 583 enim
1336 529 1621 584 Nicolau
1694 532 2067 600 patriancham

494 622 658 673 etiam
687 628 852 687 atque
880 621 1044 701 etiam
1076 628 1270 690 rogant
1303 630 1365 675 ut
1392 630 1713 690 quartarum
1749 622 2067 690 nuptiarum

495 713 579 765 lex
614 713 932 780 recipiatur.
962 711 1119 777 Quod
1144 728 1276 767 vero
1311 713 1356 768 is
1380 713 1435 767 in
1469 728 1588 766 eam
1639 728 1698 767 se
1737 713 2065 767 sententiam

494 802 690 856 adduci
717 803 940 857 minime
968 820 1161 872 passus
1184 814 1331 860 esset
1350 843 1365 865 ,
1398 821 1496 874 per
1522 806 1886 860 Bucoleonem
1916 806 2065 860 lintri

496 892 813 961 impositum
856 894 911 947 in
951 894 1190 949 l'lieriam
1221 896 1585 966 trajecerunt;
1626 896 1866 965 indeque
1899 897 2068 967 pedes

493 984 560 1037 ad
584 983 935 1048 Galacrcnas,
992 986 1108 1040 solo
1140 988 1363 1055 cepiosa
1404 989 1531 1041 nive
1572 998 1874 1051 constrato.
1924 1005 2067 1057 aegre

493 1078 765 1146 pervenit.
802 1079 935 1147 Ejus
964 1095 1097 1133 vero
1124 1079 1247 1134 loco
1285 1079 1576 1134 ordinatur
1617 1082 1928 1149 patriarcha
1960 1082 2070 1135 Ett—

497 1170 740 1240 tltymius
796 1172 1111 1241 syncellus,
1144 1173 1228 1225 vir
1255 1172 1507 1242 religiosa
1565 1173 1833 1227 modestia
1890 1174 2070 1227 conti-

493 1275 740 1329 nensque
775 1277 839 1315 ac
873 1261 1031 1315 valde
1057 1262 1203 1331 pius.
1239 1279 1402 1331 quem
1429 1279 1498 1317 ex
1523 1263 1710 1317 divina
1732 1264 2069 1319 rcvelatione

492 1349 890 1418 aiuntquartas
917 1351 1039 1406 illas
1073 1353 1300 1421 nuptias
1329 1353 1677 1421 suscepisse;
1708 1354 1912 1424 quippe
1942 1369 2068 1408 cum

493 1440 793 1510 imperator
819 1442 1068 1496 haeresim
1100 1444 1360 1499 inducere
1386 1446 1549 1500 vellet
1574 1461 1638 1499 ac
1678 1446 1853 1516 legem
1876 1446 2067 1505 edere.

493 1531 657 1586 licere
718 1532 837 1587 viro
902 1541 1010 1588 tres
1061 1544 1367 1602 quatuorve
1418 1553 1618 1592 uxores
1679 1538 1904 1602 habere,
1941 1554 2069 1593 cum

492 1623 653 1675 multi
683 1623 782 1677 viri
817 1624 1177 1678 eruditissimi
1214 1626 1265 1679 in
1301 1626 1406 1682 hoc
1429 1627 1507 1681 illi
1536 1628 1995 1698 suﬂ‘ragarentur.

2169 441 2268 507 τῆς
2303 438 2631 508 Ἐκκλησίας
2652 437 2736 509 [Ρ.
2767 437 2895 507 46η
2914 438 3167 508 ἄρχονται
3199 437 3428 509 μελετᾷν.
3457 442 3662 510 Henna-

2169 529 2388 582 λοῦνται
2421 530 2530 599 γὰρ
2580 530 2849 583 Νικόλαον
2884 529 2977 581 τὸν
3029 528 3388 599 πατριάρχην,
3432 534 3512 584 καὶ
3531 536 3665 588 πολιὰ

2170 621 2463 691 λιπαροῦσι
2498 621 2755 690 δεχθῆναι
2786 623 2884 689 τὴν
2916 621 3303 689 τετραταμίαν.
3367 620 3496 673 Ἐπεὶ
3516 624 3564 676 δὲ
3587 629 3666 679 οὐκ

2170 713 2376 775 ἔπεισε,
2400 713 2490 766 διὰ
2525 712 2619 767 τοῦ
2669 712 3051 773 Βουκολέοντος
3104 711 3181 773 είς
3232 710 3413 781 μικρὸν
3442 713 3670 784 πλοιάριον

2169 805 2569 874 ἐμϐιϐάσαντες
2601 805 2679 865 είς
2705 804 2804 874 τὴν
2845 803 3067 871 Ἱέρεια-ι
3089 801 3337 870 περῶσιν.
3361 803 3445 870 ἀφ’
3475 802 3533 875 ἦς
3556 807 3669 876 πεζῇ

2172 899 2335 967 μέχρι
2368 897 2736 966 Γαλακρηνῶν
2772 897 2923 966 μόλις
2958 896 3145 966 ἀπῄει,
3185 896 3350 962 χιόνος
3376 899 3673 966 ἐπικειμένης

2170 989 2389 1054 πολλῆς.
2417 990 2818 1058 Χειροτονεῖται
2851 987 2907 1040 δὲ
2952 987 3067 1040 ἀντ’
3100 984 3259 1038 αὑτοῦ
3291 987 3534 1057 Εὑθύμιος
3563 991 3674 1056 σύγε

2168 1080 2357 1142 κελλος
2385 1082 2466 1143 είς
2499 1078 2887 1150 πατριαρχίαν,
2924 1078 3062 1150 ἀνὴρ
3089 1079 3431 1149 ἱεροπρεπὴς,
3453 1081 3678 1150 impart;

2166 1188 2227 1223 τε
2251 1173 2345 1225 καὶ
2369 1172 2603 1243 εὐλαϐὴς
2635 1172 2776 1224 πάνυ
2795 1187 2812 1203 ο
2840 1172 2901 1223 ὃν
2925 1188 3060 1239 φασι
3110 1170 3485 1237 καταδέξασθαι
3506 1172 3589 1241 τὴν
3612 1190 3678 1226 τε·

2167 1278 2341 1332 τραγα
2352 1264 2481 1331 μίαν
2505 1264 2567 1329 ἐξ
2608 1262 3007 1330 ἀποκαλύψεως
3056 1262 3227 1325 Θείας,
3248 1261 3321 1325 ὡς
3350 1262 3434 1315 τοῦ
3468 1263 3681 1332 βασιλέως

2171 1351 2495 1420 βουλομένου
2532 1353 2742 1419 αἰρεσιν
2797 1352 3021 1419 ποιῆσαι
3055 1352 3151 1405 καὶ
3188 1353 3347 1421 νόμον
3384 1354 3585 1406 ἐνθεῖναι
3609 1356 3681 1406 τοῦ

2170 1443 2313 1511 ἔχειν
2334 1443 2502 1514 ἄνδρα
2525 1446 2671 1513 τρεῖς
2692 1446 2953 1510 γυναῖκας
2978 1443 3011 1513 ἢ
3040 1442 3329 1513 τέσσαρας.
3353 1443 3541 1497 πολλῶν
3559 1443 3685 1496 τοῦτο

2168 1534 2556 1602 λογικωτάτων
2582 1534 2793 1604 ἀνδρῶν
2818 1532 3225 1603 συνεργούντων
3255 1533 3415 1603 αὐτῷ.

563 1714 652 1768 20.
710 1715 891 1769 Mense
921 1715 1085 1770 Junio
1119 1727 1277 1771 ortus
1314 1727 1511 1772 ventus
1537 1718 2068 1775 AfricusTritonzeus

2245 1719 2313 1767 κ’.
2348 1712 2439 1782 Τῷ
2495 1711 2701 1781 Ἰουνίῳ
2742 1710 2874 1780 μηνὶ
2920 1710 3145 1778 γέγονεν
3194 1708 3387 1778 ἄνεμος
3412 1708 3499 1778 λίψ
3526 1709 3690 1779 Τριτωο

489 1807 887 1869 validissimus,
928 1809 1092 1877 710
1130 1809 1269 1863 adeo
1309 1818 1369 1864 ut
1397 1810 1544 1865 aedes
1577 1826 1760 1866 sacras
1795 1812 2075 1881 profanas-

491 1913 599 1967 que
627 1906 969 1964 concuteret,
1015 1901 1312 1971 cunctique
1351 1902 1417 1955 ad
1444 1903 1747 1959 subdivalia
1777 1904 1893 1958 loca
1926 1906 2077 1976 fuge-

495 1996 655 2050 rent,
707 2004 771 2042 ac
815 1990 1003 2043 mundi
1048 1992 1582 2046 consummationem
1628 2009 1749 2048 esse
1802 1995 2072 2050 dicerent.

496 2079 593 2134 Dei
632 2087 812 2134 tamen
836 2081 1130 2136 clementia
1158 2097 1223 2137 ac
1271 2083 1520 2139 bonitate
1553 2084 1814 2140 imbrium
1838 2087 1890 2141 vi
1916 2086 2076 2142 seda-

498 2180 587 2226 tus
618 2179 724 2229 est.

567 2263 655 2317 2|.
704 2264 863 2317 Anno
905 2263 1169 2335 vigesimo
1228 2267 1393 2321 tertio
1432 2267 1834 2323 Saracenorum
1882 2269 2075 2325 classis

496 2350 796 2406 Romanam
827 2352 1095 2408 ditionem
1151 2355 1371 2410 invasit.
1404 2356 1705 2427 Imperator
1733 2373 1865 2413 vero
1893 2358 2076 2414 [lime—

497 2443 639 2497 rium
671 2443 1004 2513 logotltetam
1040 2447 1322 2500 navalium
1350 2448 1595 2502 omnium
1640 2449 1923 2518 copiarum
1970 2451 2075 2505 du-

453 2602 457 2605 η
493 2548 614 2588 cem
649 2550 714 2589 ac
767 2545 934 2606 caput
959 2538 1241 2607 praefecit;
1276 2541 1579 2611 scribitque
1602 2542 1918 2597 Andronico
1947 2543 2073 2598 duci

494 2634 556 2680 ut
589 2642 647 2682 se
695 2628 961 2699 adjungat
1000 2629 1268 2686 llimerio.
1303 2630 1478 2693 Porro
1512 2633 1778 2689 Samonas
1808 2635 2073 2706 implaca~

494 2717 591 2772 bili
637 2719 692 2773 in
729 2720 1107 2776 Andronicum
1149 2723 1298 2790 odio,
1334 2724 1596 2793 omnique
1627 2727 1791 2781 modo
1815 2728 1993 2783 labem
2021 2727 2073 2782 ei

494 2809 697 2864 inferre
744 2810 996 2877 studens,
1048 2822 1240 2866 auctor
1284 2824 1368 2869 est
1413 2813 1631 2868 cuidam
1663 2824 1725 2869 ut
1763 2818 1979 2873 occulte
2005 2817 2074 2871 ad

493 2914 620 2953 eum
657 2902 881 2964 scribat,
908 2901 1043 2957 Cave
1068 2905 1139 2958 sis
1168 2922 1322 2959 naves
1353 2907 1666 2976 ingrediaris
1685 2917 1733 2959 et
1755 2908 1819 2962 ab
1842 2908 2073 2964 Himerio

494 2993 746 3061 capiaris.
795 2992 980 3046 Multis
1014 2994 1202 3065 itaque
1224 3011 1423 3066 rogans
1460 3012 1771 3067 urgensque
1801 2997 2074 3053 Androni-

495 3098 653 3148 cum,
692 3084 1079 3155 ingruentibus
1107 3087 1393 3157 Agarenis,
1429 3097 1489 3144 ut
1528 3104 1715 3144 secum
1753 3090 2062 3160 ingredere-

498 3183 608 3241 tur,
641 3174 693 3229 id
730 3192 861 3231 vero
905 3178 1205 3249 impetrare
1233 3195 1340 3233 non
1385 3180 1584 3249 potuit.
1621 3180 1783 3235 Solus
1812 3198 1946 3252 ergo
1974 3182 2069 3237 lli-

500 3269 703 3323 merius
745 3269 799 3324 in
850 3268 907 3324 S.
954 3270 1178 3326 Thomas
1228 3272 1441 3327 solenni
1496 3273 1586 3327 die
1635 3289 1759 3329 cum
1810 3274 2075 3345 Agarenis

494 3372 824 3431 congressus
869 3378 1120 3433 magnam
1158 3364 1443 3419 victoriam
1495 3367 1813 3435 reportavit.
1853 3369 1971 3433 Qua
2014 3384 2075 3424 re

496 3453 714 3524 cognita
745 3493 761 3518 ,
819 3454 1171 3509 Andronicus
1214 3456 1268 3508 in
1311 3455 1753 3524 desperationem
1800 3459 2074 3516 adductus

494 3555 618 3593 cum
652 3542 909 3595 allinibus
945 3558 1010 3597 ac
1043 3544 1309 3598 comitatu
1347 3546 1401 3599 in
1443 3546 1811 3601 defectionem
1845 3550 2075 3607 adactus

492 3639 610 3690 est;
644 3632 946 3699 abiensque
983 3631 1239 3687 Cabalam
1268 3635 1535 3704 Oppidum
1588 3641 1899 3707 occupavit,
1933 3640 2073 3695 adeo

494 3728 555 3775 ut
592 3720 856 3776 Samonas
885 3723 1205 3793 imperatori
1233 3725 1553 3796 objectaret,
1587 3725 1771 3782 Nonne
1814 3729 2069 3798 dicebam,

493 3811 724 3877 domine,
750 3813 944 3867 Ducem
982 3815 1222 3870 rebellem
1250 3818 1408 3886 fore?

573 3904 665 3961 22.
713 3908 873 3960 Anno
906 3908 1168 3977 vigesimo
1196 3920 1396 3977 quarto
1432 3909 1583 3965 misit
1613 3910 1912 3981 imperator
1937 3911 2073 3968 Gre-

501 4013 684 4066 goram
747 4000 1059 4053 scholarum
1111 4001 1474 4057 domesticum
1510 4043 1525 4067 ,
1573 4019 1735 4073 quem
1786 4004 2071 4060 lberitzem

500 4099 720 4159 vomat,
749 4090 1045 4167 Andronici
1071 4108 1138 4147 ex
1170 4110 1338 4149 uxore
1368 4094 1604 4158 allinem,
1640 4096 1705 4149 ad
1735 4112 1861 4150 eum
1900 4111 2074 4166 expu-

497 4181 797 4250 gnandum.
834 4182 991 4248 Quod
1028 4200 1151 4238 cum
1177 4184 1461 4241 didicisset
1495 4186 1858 4251 Andronicus,
1887 4205 1951 4243 ac
1979 4190 2073 4244 Ni-

499 4276 712 4329 colaum
759 4277 1127 4346 patriarcham
1173 4278 1415 4333 Ecclesia
1463 4281 1702 4349 ejectum
1748 4282 2070 4348 audivisset,

2176 1809 2324 1868 ναῖος
2361 1804 2607 1875 σφοδρὸς,
2671 1805 2745 1867 ὼς
2801 1806 3082 1857 ωσσεῖσαι
3110 1804 3383 1871 οἰκήματα
3418 1804 3504 1855 καὶ
3528 1802 3690 1868 ἐκκλη-

2179 1899 2322 1961 σίας,
2375 1898 2469 1951 καὶ
2527 1900 2736 1960 πάντας
2762 1897 2987 1965 φεύγειν
3029 1896 3087 1947 ὲν
3122 1895 3404 1963 ὑπαίθροις
3435 1896 3519 1951 καὶ
3552 1895 3694 1963 λέγειν

2178 1990 2448 2059 κοσμικὴν
2473 1990 2782 2042 συντέλειαν
2831 1985 2995 2040 εἶναι.
3038 1987 3207 2040 Ἀλλά
3240 1991 3304 2059 τῇ
3331 1988 3421 2040 τοῦ
3453 1986 3572 2041 Θεοῦ
3604 1986 3694 2055 φιλ·

2176 2079 2459 2151 ανθρωπίᾳ
2480 2080 2546 2134 δι’
2578 2081 2799 2152 ὄμϐρων
2827 2079 3059 2149 ἐπαύθη.

2246 2262 2353 2317 κα’.
2393 2262 2485 2334 Τῷ
2526 2260 2611 2330 κγ’
2641 2262 2749 2315 ἔτει
2785 2262 2968 2325 στόλος
3027 2260 3369 2333 Σαρακηνῶν
3420 2258 3549 2311 κατὰ
3590 2258 3699 2310 Ῥωο

2180 2351 2353 2421 μαίων
2378 2350 2622 2419 ἐξῆλθεν.
2654 2350 2993 2420 Προεϐάλετο
3024 2349 3083 2402 δὲ.
3115 2353 3143 2402 ό
3171 2349 3420 2419 βασιλεὺς
3454 2346 3701 2416 Ἰμέριον⁶⁶

2174 2444 2264 2496 τὸν
2316 2442 2605 2512 λογοθέτην
2670 2440 2914 2512 κεφαλὴν
2976 2441 3204 2495 πάντων
3268 2440 3376 2493 τῶν
3468 2439 3704 2508 πὶωῖμιιιν.

2176 2534 2383 2603 Γράφει
2431 2532 2486 2587 δὲ
2527 2532 2621 2585 καὶ
2692 2531 3012 2603 Ἀνδρονίκῳ
3040 2532 3128 2603 τῷ
3186 2532 3349 2585 Δουκὶ
3388 2530 3632 2584 συνελθεῖν
3649 2527 3709 2596 τῷ

2186 2625 2425 2698 Ἱμερίῳ.
2470 2624 2527 2678 Ὀ
2553 2623 2608 2678 δὲ
2639 2624 2901 2694 Σαμωνᾶς
2929 2623 3300 2688 ἀδιάλλακτος
3322 2621 3395 2676 ὣν
3421 2621 3497 2691 τῷ
3541 2620 3713 2691 Ἀνδρο-

2174 2717 2307 2788 νίκῳ
2359 2719 2452 2771 καὶ
2499 2718 2661 2770 παντὶ
2703 2717 2887 2788 τρόπῳ
2943 2716 3211 2770 κακῶσαι
3239 2716 3399 2769 αὐτὸν
3425 2713 3711 2776 σπουδάζων,

2176 2808 2350 2862 πείθει
2397 2808 2518 2862 τινὰ
2556 2808 2763 2878 γράψαι
2801 2806 2950 2876 αύτῴ
2976 2808 3201 2878 κρύφα,
3239 2808 3333 2874 Μὴ
3375 2807 3631 2873 eleuant;
3650 2805 3717 2867 εις

2174 2901 2244 2953 τὰ
2276 2900 2523 2968 καράϐια
2579 2901 2675 2954 καὶ
2709 2900 3013 2969 κρατηθῇς
3061 2917 3103 2953 π
3124 2903 3244 2969 apri
3286 2901 3549 2970 'Iyspiov.
3580 2897 3717 2949 Πολλὰ

2174 2998 2229 3050 δὲ
2256 2998 2345 3048 τἰν
2380 2996 2712 3065 Ἀνδρόνικον
2740 2995 3167 3061 ἀναγκάσαντος
3202 2994 3461 3048 εἰσελθεῖν
3493 2993 3580 3045 σὺν
3602 2988 3720 3057 αὐτῷ

2174 3088 2280 3140 τῶν
2324 3088 2639 3157 Ἀγαρηνῶν
2673 3087 3040 3156 ἐπικειμένων
3071 3088 3192 3141 οὐκ
3249 3084 3495 3154 ἐπείσθη.
3534 3084 3721 3152 Ἱμέριος

2173 3180 2229 3234 δὲ
2268 3181 2424 3250 μόνος
2455 3181 2513 3233 ὲν
2546 3181 2611 3250 τῇ
2658 3178 2844 3248 ἡμέρα
2889 3177 2983 3231 τοῦ
3022 3179 3196 3246 ἁγίου
3250 3178 3424 3249 Θωμᾶ
3477 3168 3722 3244 συμϐαλὼν

2176 3273 2411 3343 πόλεμον
2443 3273 2580 3343 μετά
2604 3272 2712 3324 τῶν
2750 3271 3068 3341 Ἀγαρηνῶν
3123 3270 3377 3342 μεγάλην
3398 3268 3547 3337 νίκην
3575 3264 3725 3335 εἰργά-

2177 3382 2327 3418 σατο.
2374 3363 2544 3417 Τοῦτο
2598 3362 2787 3433 μαθὼν
2847 3362 3204 3433 Ἀνδρόνικος
3258 3362 3354 3416 καὶ
3383 3360 3629 3427 ἀπογνούς
3651 3356 3725 3407 σὺν

2174 3461 2285 3519 τοῖς
2345 3456 2663 3526 συγγενέσιν
2713 3454 2878 3509 αὑτοῦ
2937 3455 3032 3508 καὶ
3066 3454 3405 3526 ἀνθρώποις
3438 3450 3729 3508 ἀποστασίαν

2176 3544 2418 3613 ἐποίησε,
2441 3543 2528 3595 καὶ
2556 3542 2808 3597 ἀπελθὼν
2842 3544 3164 3614 ἐκράτησεν
3188 3544 3291 3615 τὴν
3318 3543 3564 3597 Κάϐαλαν
3586 3539 3726 3596 πόλιν.

2174 3636 2248 3699 ὡς
2266 3640 2436 3689 εἰπεῖν
2455 3638 2717 3708 Σαμωνᾶν
2746 3637 2790 3668 ⁸⁷
2824 3637 2957 3707 πρὸς
2974 3637 3063 3689 τὸν
3092 3637 3368 3709 βασιλέαο
3391 3640 3511 3691 Οὐκ
3532 3634 3727 3702 ἔλεγον.

2172 3724 2219 3783 ὦ
2250 3728 2536 3796 δέσποτα,
2570 3728 2877 3799 ἁντάρτην
2901 3726 3057 3782 εἶναι
3080 3731 3201 3785 τὸν
3230 3729 3467 3794 Δοῦκιι;

2245 3908 2347 3981 κβ’.
2384 3910 2474 3980 Τῷ
2503 3908 2581 3964 κδ’
2629 3911 2739 3965 ἔτει
2764 3909 3087 3967 ἀπέστειλεν
3119 3917 3149 3968 ό
3186 3916 3450 3985 βασιλεὺς
3488 3912 3727 3986 Γρηγηρᾶν

2174 4003 2265 4055 τὴν
2297 4004 2615 4073 δομέστικον
2644 4002 2750 4056 τῶν
2775 4002 2981 4073 σχολῶν
3012 4004 3107 4057 τὸν
3143 4005 3493 4078 Ἰϐηρίτζην,
3533 4003 3731 4073 συμπέί-

2175 4090 2331 4161 θερον
2364 4092 2493 4144 ὄντα
2545 4092 2906 4162 Ἀνδρονίκου,
2951 4097 3032 4157 είς
3057 4096 3123 4148 τὸ
3168 4096 3625 4166 καταπολεμῆσαι
3657 4092 3726 4145 σὺ·

2174 4183 2285 4234 τόν.
2320 4181 2521 4235 Μαθὼν
2546 4183 2600 4235 δὲ
2627 4184 2784 4237 τοῦτο
2818 4185 3190 4254 Ἀνδρόνικος,
3220 4188 3474 4253 ἀκούσας
3504 4205 3562 4241 τε
3581 4181 3734 4240 ὂτικαὶ

2173 4276 2200 4326 ό
2231 4276 2576 4345 πατριάρχης
2630 4277 2727 4345 τῆς
2773 4277 3109 4349 Ἐκκλησίας
3145 4281 3432 4351 ἐξεώσθη,
3467 4280 3728 4349 xpectas”?!

498 4366 566 4420 ad
596 4366 877 4437 Agarenos
902 4385 1007 4424 una
1036 4386 1159 4424 cum
1181 4372 1431 4440 cognatis
1452 4382 1506 4424 et
1538 4372 1741 4426 familia
1769 4375 2068 4444 amicisque

2175 4370 2283 4426 τοῖς
2326 4366 2643 4439 Ἀγαρηνοῖς
2669 4366 2785 4438 ἅμα
2808 4372 3101 4437 συγγενέσι
3129 4374 3235 4426 καὶ
3267 4373 3473 4442 φίλοις.
3504 4368 3734 4438 Ἑλυπήθη

494 4460 759 4529 confugit.
798 4461 874 4514 Ea
908 4477 995 4515 res
1027 4461 1266 4516 Leonem
1309 4464 1539 4519 moleste
1570 4463 1778 4519 habuit.
1826 4466 1903 4521 Ac
1942 4482 2073 4522 vero

495 4552 651 4620 711
686 4552 1081 4606 Saracenorum
1120 4569 1287 4607 unum
1309 4570 1339 4609 e
1359 4572 1457 4624 pra
1475 4557 1615 4611 torio
1640 4556 1838 4611 blande
1868 4558 2074 4615 habens

494 4643 928 4713 muneribusque
988 4646 1331 4709 concilians,
1389 4648 1457 4702 ad
1511 4649 1888 4706 Andronicum
1944 4668 2069 4707 cum

491 4732 638 4786 bttlla
670 4749 837 4787 aurea
871 4734 1162 4805 rubrisque
1214 4737 1415 4791 litteris
1448 4755 1601 4794 more
1636 4741 1786 4812 regio
1807 4781 1821 4804 ,
1872 4744 2071 4812 exiguo

490 4837 651 4879 cereo
692 4824 889 4879 baculo
930 4826 1160 4890 inclusa,
1201 4828 1370 4884 misit.
1406 4830 1698 4899 Egressum
1734 4831 2067 4888 Saracenum

488 4927 519 4966 e
543 4926 839 4984 conspectu
887 4916 1235 4985 imperatoris
1263 4921 1496 4983 accersit
1518 4920 1807 4985 Samonas,
1835 4924 2023 4994 aitque
2052 4943 2066 4980 :

489 4996 601 5054 Scis
646 5002 770 5073 quid
805 5005 1027 5058 teneas?
1074 5008 1322 5076 (propter
1351 5024 1571 5065 cereum
1616 5010 1875 5066 nimirum
1902 5030 2065 5083 quem

490 5107 654 5148 manu
684 5096 954 5165 gestabat)
988 5096 1158 5166 Syria:
1187 5115 1370 5169 nempe
1404 5101 1622 5156 exitium
1649 5102 1949 5175 .’Datisque
1974 5123 2060 5177 pe-

490 5182 668 5236 cuniis
704 5182 860 5239 Uzeri
902 5183 954 5237 in
998 5201 1194 5240 manus
1226 5186 1368 5241 tradi
1407 5188 1593 5257 jussit.
1622 5190 2066 5261 Comprehensos

491 5268 673 5342 itaque
716 5275 1069 5355 Andronicus
1095 5293 1220 5332 cum
1254 5278 1371 5333 suis
1403 5279 1457 5333 in
1493 5279 1710 5336 vincula
1746 5285 2061 5355 conjicitur.

490 5360 790 5443 Sciensqoe
834 5368 979 5425 hanc
1027 5354 1103 5425 illi
1144 5370 1394 5426 Samonae
1425 5372 1551 5427 dolo
1577 5373 1821 5431 fraudem
1850 5354 2060 5433 iactam

490 5468 631 5521 esse,
674 5460 999 5515 necessitate
1047 5462 1298 5528 adactus,
1343 5463 1557 5534 cjurata
1589 5463 1899 5520 Christiana
1934 5466 2061 5532 title,

2172 4458 2228 4509 δὲ
2258 4459 2409 4510 Λέων
2440 4461 2517 4522 είς
2557 4459 2738 4523 τοῦτο,
2774 4462 2869 4514 καὶ
2888 4462 2952 4533 δὴ
2980 4464 3325 4536 Σαρακηνδν
3357 4468 3473 4521 ἀπὸ
3499 4463 3587 4517 τοῦ
3611 4477 3730 4530 apat-

2173 4548 2371 4618 τωρίου
2411 4551 2947 4623 φιλοφρονησάμενος
3000 4555 3317 4611 ἀπέστειλε
3367 4558 3507 4629 πρὸς
3539 4556 3619 4609 τὸν
3651 4553 3735 4605 Ἀν-

2172 4640 2417 4709 δράνικον
2458 4643 2597 4712 μετὰ
2654 4645 3072 4714 χρυσοϐούλλιον
3134 4648 3228 4719 [Ρ.
3263 4649 3401 4717 468]
3454 4650 3538 4703 διὰ
3567 4644 3734 4701 κιναόά⁴

2177 4749 2316 4802 ρεος,
2352 4733 2531 4803 βαλὼν
2560 4735 2690 4789 αὐτὸ
2732 4737 2944 4790 ἔνδοθεν
2972 4739 3215 4806 φατλίου
3243 4743 3501 4811 τράκτου
3535 4735 3732 4812 βραχέος.

2184 4824 2519 4888 Ἐξελθόντος
2575 4827 2631 4880 δὲ
2684 4828 2777 4880 τοῦ
2808 4829 3134 4899 Σαρακηνοῦ
3192 4834 3315 4884 ἀπὸ
3372 4832 3652 4901 προσώπου
3674 4822 3736 4875 :03

2172 4915 2457 4984 βασιλέως,
2493 4921 2885 4987 προσκαλεῖται
2930 4922 3096 4974 αὐτόν
3136 4924 3169 4973 ὁ
3217 4925 3529 4994 Σαμωνᾶρς,
3560 4920 3640 4973 καί
3667 4934 3738 4982 ἴτε

2171 5023 2274 5059 σιν·
2299 5004 2476 5073 Οἶδας
2510 5011 2564 5061 τί
2587 5010 2825 5078 κρατεῖς
2849 5027 2866 5072 ;
2898 5011 3078 5081 (τοῦτο
3114 5012 3312 5067 εἰπὼν
3338 5016 3434 5068 διὰ
3462 5016 3547 5066 τὸν
3576 5010 3737 5077 κηρῶν)

2168 5097 2283 5166 τὴν
2302 5100 2606 5156 ἀπώλειαν
2630 5102 2739 5169 τῆς
2762 5106 2998 5171 Συρίας.
3032 5105 3157 5156 Καὶ
3177 5106 3315 5170 δοὺς
3352 5105 3509 5176 αὐτῷ
3533 5105 3741 5175 ﬁtP-5“

2170 5195 2542 5265 παρήγγειλεν
2572 5196 2650 5260 εἰς
2701 5196 2800 5263 τὴν
2824 5196 2983 5265 χεῖρα
3025 5194 3131 5247 τοῦ
3173 5198 3381 5271 Οὑξὴρ
3413 5199 3596 5269 βαλεῖν
3630 5187 3744 5246 αὑτό.

2183 5286 2241 5339 Ὀ
2274 5287 2332 5341 δὲ
2364 5286 2522 5338 τοῦτο
2551 5285 2872 5356 πεποίηκεν.
2896 5287 3221 5354 Κρατεῖται
3246 5284 3351 5342 οὖν
3386 5288 3485 5341 καὶ
3510 5284 3744 5352 δεσμεῖτιι

2186 5379 2521 5449 Ἀνδρόνικος
2568 5379 2664 5433 καὶ
2696 5380 2744 5432 ol
2787 5381 2882 5431 σὺν
2911 5378 3058 5447 αὐτῷ
3090 5394 3105 5409 ’
3163 5384 3276 5435 καὶ
3306 5382 3510 5452 μαθὼν
3534 5380 3607 5441 ὡς
3631 5370 3750 5426 τοῦτο

2175 5469 2392 5535 γέγονεν
2441 5469 2589 5539 αὐτῷ
2617 5472 2703 5525 διὰ
2751 5470 2903 5524 δόλου
2938 5468 3029 5523 τοῦ
3084 5470 3376 5541 Σαμωνᾶ,
3427 5462 3751 5539 ἀναγκασθεὶς
3778 5506 3779 5511 η

1772 5559 2002 5616 VARUS
2041 5561 2440 5619 l.ECT|O.\ES.

556 5640 608 5674 ⁸⁸
643 5638 899 5712 Ἰιμέριον
928 5664 982 5719 p.
1006 5648 1111 5703 9.9.9
1144 5646 1199 5702 b.
1277 5646 1322 5679 ³⁷
1348 5647 1584 5718 Σαμωνά
1611 5646 1674 5706 Ρ.
