3962 6200
551 316 659 377 783
1740 309 2115 370 SYMEONIS

2169 306 2525 368 lIAGiSTRl
2966 340 2973 349 υ
3646 304 3733 367 Δ’184

536 432 736 488 cemodi
785 438 1090 501 perpetrare
1145 426 1396 480 audetis?
1440 425 1606 479 Ducis
1650 424 1835 493 itaque
1891 438 2100 478 uxoreu

2173 432 2192 484 ι
2220 419 2313 476 οὖν
2369 426 2602 492 γυναῖκα
2663 423 2755 475 τοῦ
2794 416 2994 485 Δουκδς
3026 420 3417 491 ἀποκεῖραντες
3440 420 3532 473 καὶ
3560 420 3630 473 τὸν
3649 423 3737 475 υἱὸν

539 524 788 581 detonsis
841 522 1090 579 crinibus
1139 520 1421 588 ﬁliumque
1476 518 1711 573 exsectis
1767 516 2020 571 virilibus
2064 514 2099 569 it

2223 513 2388 566 αὑτοῦ
2414 512 2821 583 εὐνουχίσαντες
2857 514 2915 565 ὲν
2970 511 3322 582 Παφλαγονίᾳ
3364 510 3637 574 ανῦτοὺςείς
3665 513 3738 565 τὸν

541 616 963 688 Paphlagoniam
1020 613 1088 669 ad
1130 612 1278 668 aedes
1306 612 1557 682 proprias
1594 610 1942 665 remiserunt.

1401 612 1557 682 prias
1594 610 1942 665 remiserunt.
2223 599 2369 657 οἶκον
2399 605 2578 659 αὐτῶν
2617 604 2965 658 ἀπέστειλαν.

608 712 660 765 5.
695 710 938 778 Augusto
971 721 1157 760 mense
1189 705 1424 777 Symeon
1463 704 1727 775 Bulgarus
1759 718 1883 757 cum
1924 716 2118 755 nume-

2295 692 2355 747 ε’.
2384 694 2474 764 Τῷ
2517 692 2571 746 δὲ
2628 693 2926 764 Αὐγούστῳ
2986 693 3116 763 μηνὶ
3171 691 3397 763 Συμεὼν
3425 695 3454 747 6
3486 693 3743 764 Βούλγαρος

538 816 664 855 roso
702 799 940 867 fortique
978 798 1223 852 exercitu
1276 795 1599 867 Byzantium
1648 795 1805 865 petit,
1842 793 2102 862 duetoqur

2225 786 2321 840 σὺν
2359 786 2501 856 ὄχλῳ
2537 785 2693 856 βαρεῖ
2746 785 3015 840 κατέλαϐε
3056 784 3155 855 τὴν
3197 786 3741 850 Κωνσταντινούπολιν,

538 891 682 944 vallo
705 906 735 943 a
771 889 902 944 mari
938 887 1005 941 ad
1032 903 1204 951 mare,
1237 886 1353 941 fore
1384 896 1442 940 ut
1482 878 1635 941 urbis
1664 884 1964 956 portiretur
1996 884 2102 953 plu-

2223 878 2318 931 καὶ
2342 878 2561 949 χάρακα
2578 878 2903 948 περιέλαϐεν
2932 877 3041 932 ἀπὸ
3064 877 3343 946 θαλάσσης
3374 877 3455 939 είς
3494 878 3744 945 θάλασσαν,

538 983 740 1037 timum
781 979 1115 1035 conﬁdebat.
1145 979 1437 1034 innumera
1464 989 1648 1033 autem
1680 976 1883 1031 civium
1928 974 2102 1029 multi-

2222 968 2404 1024 ἐλπίσι
2450 970 2723 1039 μετέωρος
2749 966 2824 1020 ὧν
2847 985 2861 999 ·
2890 969 3211 1037 ἀπειρότητι
3257 966 3313 1019 δὲ
3344 970 3410 1038 τῇ
3445 969 3509 1020 ὲκ
3535 968 3614 1020 τοῦ
3638 969 3747 1039 πλή-

540 1072 733 1127 tudine
781 1086 1171 1139 armorumque
1228 1070 1280 1124 vi
1325 1084 1388 1125 ae
1436 1068 1808 1122 munitionum
1864 1064 2104 1135 praesidic

2223 1060 2348 1125 θους
2389 1060 2481 1115 καὶ
2529 1061 2637 1115 τῶν
2678 1061 2859 1114 ὅπλων
2912 1058 3147 1113 καὶτῶν
3188 1059 3493 1125 περιϐόλων
3521 1062 3749 1136 ἀσιραλείᾳ

534 1180 631 1235 spe
659 1164 926 1233 deiectus,
956 1161 1110 1231 pacis
1142 1159 1351 1215 foedera
1406 1174 1627 1229 rogans,
1661 1158 1728 1212 ad
1776 1156 2098 1211 Hebdomun

2220 1152 2328 1205 τῶν
2381 1152 2612 1207 ἐλπίδων
2664 1152 3003 1219 ἀποσφαλεὶς
3026 1152 3084 1205 ὲν
3117 1150 3196 1223 τῷ
3243 1150 3493 1225 Ἑϐδόμῳ
3520 1155 3750 1228 ὑπέστρε-

535 1270 793 1310 reversus
821 1263 926 1308 est.
973 1252 1382 1321 Tutoribusque
1416 1250 1470 1304 in
1507 1266 1621 1303 rem
1658 1250 1807 1320 pacis
1850 1247 2099 1302 iubentis

2220 1245 2340 1314 ψεν,
2400 1245 2685 1317 είρηνικάς
2743 1245 2975 1307 σπονδὰς
3023 1245 3413 1315 αἰτησάμενος.
3446 1247 3560 1301 Τῶν
3585 1249 3633 1301 δὲ
3651 1252 3750 1303 imo

536 1349 675 1402 sime
724 1346 1118 1411 annuentibus,
1148 1344 1386 1415 Symeon
1424 1343 1694 1411 liberique
1743 1341 1903 1396 donis
1956 1341 2100 1393 innu-

2220 1335 2438 1406 τρόπων
2489 1336 2585 1408 τὴν
2636 1338 2862 1408 είρηνην
2918 1337 3300 1406 ἀσμενέστατα
3350 1340 3751 1411 ἀποδεξαμένων,

538 1439 707 1494 meris
749 1438 1107 1506 maximisque
1138 1436 1443 1491 liberaer
1475 1435 1684 1504 accepti
1738 1435 1793 1489 in
1834 1435 2102 1504 regionem

2219 1427 2409 1498 δώροις
2438 1446 2494 1483 τε
2534 1430 2795 1500 ἀμέτροις
2826 1431 2917 1484 καὶ
2968 1430 3246 1499 μεγίστοις
3307 1432 3754 1505 φιλοφρονηθέντες

536 1548 691 1586 suam
745 1531 1052 1585 redierunt.

2221 1519 2443 1590 Συμεὼν
2470 1522 2562 1575 καὶ
2587 1523 2633 1574 oi
2664 1524 2849 1576 τούτου
2897 1523 3004 1576 υἱοὶ
3061 1523 3139 1587 είς
3162 1525 3260 1596 τὴν
3293 1526 3428 1578 ίδῖαν
3466 1526 3632 1598 χώραν
3666 1530 3756 1581 ὑπο

2222 1611 2516 1682 έστρέψαν.

607 1712 659 1768 6.
692 1702 1091 1767 Constantinus
1125 1707 1292 1779 igitur
1317 1708 1616 1778 imperator
1642 1721 1766 1762 cum
1796 1722 1934 1776 puer
1969 1714 2113 1762 esset

2288 1694 2378 1774 [Ρ.
2425 1701 2554 1775 475]
2599 1710 2676 1767 ς’.
2731 1695 2836 1757 Τοῦ
2886 1703 2979 1757 οὖν
3044 1704 3317 1774 βασιλέως
3378 1708 3754 1763 Κωνσταντίνου

540 1814 882 1873 matremque
934 1804 1243 1873 requireret
1273 1802 1409 1872 (jam
1454 1801 1601 1855 enim
1642 1800 1950 1855 Alexander
1995 1816 2104 1855 eam

2221 1791 2407 1855 παιδὸς
2463 1791 2615 1855 ὄντος
2663 1792 2758 1846 καὶ
2798 1788 2895 1863 τὴν
2962 1793 3100 1848 ἰδίαν
3153 1795 3367 1866 μητέρα
3406 1797 3760 1868 ἐπιζητοῦντος

536 1896 659 1948 aula
714 1893 1141 1960 submoverat),
1176 1890 1244 1945 ad
1287 1905 1406 1944 eam
1463 1905 1656 1944 rursus
1712 1898 1965 1943 revocata
2016 1897 2098 1943 est

2223 1883 2344 1953 (ἤδη
2378 1883 2484 1954 γὰρ
2541 1883 2747 1954 ταύτην
2803 1886 3085 1957 κατήγαγε
3113 1887 3206 1940 τοῦ
3240 1887 3503 1943 παλατίου
3543 1892 3763 1957 Ἀλέξαν-

538 1984 782 2056 Ejusque
834 1984 925 2037 illa
958 1999 1022 2037 ac
1065 1982 1282 2051 imperii
1324 1995 1549 2050 compos
1593 1978 1809 2042 eﬂecta,
1852 1978 2102 2033 Coustau‘

2219 1974 2364 2046 δρος)
2408 1972 2794 2041 ἀναϐιϐάζουσι
2853 1977 3015 2030 πάλιν
3046 1979 3243 2049 αὑτήν.
3294 1982 3405 2033 Καὶ
3450 1985 3764 2052 περικρατὴς

540 2077 717 2132 tinum
755 2075 1132 2130 aceubitorem
1173 2081 1228 2127 et
1272 2070 1694 2127 Constantinum
1743 2069 2104 2125 Anastasium-

2222 2067 2487 2138 γενομένη
2536 2068 2634 2138 τῆς
2685 2067 2963 2138 βασιλείας
3016 2069 3339 2135 ἀναϐιϐάζει
3394 2074 3475 2137 εἰς
3534 2074 3767 2128 παλάτιον

535 2183 644 2238 que
680 2164 979 2236 Gongulios
1010 2163 1065 2219 in
1096 2163 1276 2218 auiam
1324 2161 1588 2225 assumit;
1620 2159 1955 2229 Joannisque
1996 2159 2092 2214 Hei

2221 2156 2633 2211 Κωνσταντίνον
2667 2159 2759 2212 τὸν
2807 2162 3311 2232 παρακοιμώμενον
3351 2165 3447 2217 καὶ
3498 2166 3768 2219 Κώνσταν-

535 2260 675 2315 iada:
709 2257 943 2313 consilio
985 2253 1281 2312 Alexandri
1329 2252 1683 2323 imperatoris
1726 2251 1977 2305 homines
2028 2251 2099 2305 ill:

2220 2250 2362 2301 τῖνον
2418 2250 2511 2303 καὶ
2559 2251 2924 2307 α’Δναστάσιον
2983 2255 3110 2321 τοὺς
3173 2256 3214 2309 Γ
3216 2251 3542 2324 ογγυλίους·
3584 2259 3667 2309 καὶ
3710 2260 3769 2327 τῇ

533 2351 705 2425 ejicit,
742 2351 904 2421 722
947 2363 1143 2417 nempe
1180 2346 1448 2402 Joannem
1492 2353 1767 2399 rectorem
1811 2351 1868 2397 et
1894 2342 2094 2397 Gabrie

2222 2339 2383 2411 βουλῇ
2426 2342 2672 2395 Ἰωάννου
2721 2344 2817 2397 τοῦ
2855 2345 3080 2400 Ἐλλαδᾶ
3137 2348 3491 2413 καταϐιϐάζει
3543 2352 3661 2414 τοὺς
3700 2354 3772 2404 oi-

535 2445 783 2513 iopuium
825 2459 888 2498 ac
949 2441 1213 2510 reliquos.
1266 2436 1504 2493 Praelicit
1554 2452 1687 2491 vero
1737 2435 1845 2489 Zoe
1877 2434 2099 2504 August:

2221 2431 2401 2495 κείους
2450 2433 2802 2506 Ἀλεξάνδρου
2863 2438 2956 2490 τοῦ
3020 2438 3311 2509 βασιλέως,
3347 2442 3513 2512 ἡγουν
3542 2444 3774 2515 Ἰωάννην

533 2533 1006 2604 Tlieophyiactum
1068 2526 1365 2611 Domeniei’
1411 2526 1587 2581 filium
1658 2524 2079 2580 hetmriarcham

2220 2529 2311 2581 τὸν
2372 2531 2635 2603 ραῐκτορα
2686 2535 2781 2587 καὶ
2837 2536 2928 2589 τὸν
3000 2537 3472 2608 Γαϐριηλόπουλον
3527 2545 3618 2595 καὶ
3660 2544 3778 2606 τοὺς

534 2627 795 2699 magister
823 2636 1006 2681 autem
1053 2623 1293 2679 Joannes
1323 2619 1578 2675 Heiladas
1608 2618 1800 2674 morbo
1835 2626 2098 2687 correptu‘

2220 2621 2459 2685 λοιπούςδ
2516 2625 2927 2697 Προχειρίζεται
2948 2629 3003 2681 δὲ
3044 2632 3166 2702 Ζωὴ
3195 2635 3228 2701 ἡ
3266 2633 3553 2702 Δὺγούστα
3586 2636 3778 2703 Θεοφύ-

534 2719 680 2773 diem
710 2717 845 2771 obit.
871 2714 1284 2784 TheOphylacto
1309 2727 1478 2782 porro
1500 2710 1863 2765 hetaeriarcha
1891 2718 2098 2762 auctori

2219 2711 2415 2769 λακτον
2474 2716 2566 2768 τὸν
2622 2720 2926 2789 Δομηνίκου
2971 2724 3378 2795 ἑταιρειάρχην.
3457 2728 3778 2799 Ἰωάννηςδὲ

534 2807 644 2863 Zoe
706 2806 993 2861 Nicolaum
1046 2802 1419 2873 patriarcham
1468 2816 1593 2856 eum
1652 2799 1937 2855 stomacho
1997 2798 2098 2851 aui:

2222 2804 2517 2876 μάγιστρος
2551 2809 2580 2860 6
2625 2808 2882 2874 Ἑλλαδᾶς
2927 2812 3164 2884 νοσήσας
3210 2818 3458 2888 τελευτᾷι
3508 2820 3779 2890 Συμϐουλῇ

534 2896 742 2971 tiejicit,
774 2898 965 2952 dicens
1010 2895 1255 2949 ecclesiae
1307 2908 1421 2947 suae
1470 2907 1663 2947 curam
1709 2900 1914 2960 ageret.
1958 2890 2093 2944 Brev

2220 2895 2273 2949 δὲ
2343 2896 2722 2965 Θεοφυλάκτου
2794 2902 3176 2975 ἑταιρειάρχου
3248 2908 3368 2979 Ζωὴ
3437 2910 3784 2975 καταϐιϐάζει

532 2998 720 3047 autem
771 2994 895 3059 post
937 2985 1333 3041 Constantinus
1374 2983 1661 3039 aceubitor
1704 2981 2096 3036 hetaeriarchan

2221 2987 2340 3057 μετ’
2373 2987 2541 3059 ὀργῆς
2570 2991 2679 3044 ἀπὸ
2712 2993 2809 3046 τοῦ
2839 2994 3103 3049 παλατίου
3132 2998 3400 3052 Νικόλαον
3424 3002 3785 3073 πατριάρχην,

534 3079 833 3153 maiestatis
867 3077 1045 3134 defert
1070 3076 1214 3148 apud
1240 3075 1428 3139 Zoem,
1461 3075 1616 3146 quasi
1641 3082 1823 3129 rerum
1847 3089 2098 3128 summan

2224 3080 2316 3148 τῆς
2377 3081 2512 3145 ίδίας
2583 3077 2881 3155 ἐκκλησίας
2928 3090 3450 3158 περιποιεῖσθαικαὶ
3490 3094 3788 3162 φροντίζειν

534 3172 592 3228 in
648 3171 875 3227 fratrem
922 3184 1083 3224 suum
1144 3167 1441 3223 transferre
1502 3166 1786 3221 moliatur.
1848 3164 2098 3221 Simulati

2226 3170 2468 3226 εἰποῦσα.
2526 3174 2661 3228 Μετ’
2691 3177 2753 3229 οὑ
2789 3178 2925 3232 πολὺ
2957 3180 3010 3233 δὲ
3063 3182 3475 3250 Κωνσταντῐνος
3503 3158 3790 3257 ’παρακοι-

531 3263 701 3335 igitur
736 3262 1030 3335 patricium
1072 3270 1339 3323 creatum,
1381 3275 1507 3314 cum
1558 3259 1612 3312 in
1656 3258 1946 3313 ecclesiam
1986 3273 2095 3328 pret

2218 3261 2468 3334 μώμενος
2521 3266 2795 3337 διαϐᾴλλει
2845 3270 2981 3341 πρὸς
3036 3273 3189 3341 Ζωὴν
3238 3276 3330 3329 τὸν
3390 3279 3774 3351 ἑταιρειάρχην

531 3357 689 3413 cibus
723 3352 1182 3412 communiendus
1237 3369 1304 3408 ex
1346 3368 1497 3406 more
1525 3352 1922 3413 descendisset,
1960 3350 2086 3405 dom

2230 3352 2287 3416 ii;
2309 3355 2406 3425 τὴν
2456 3356 2735 3427 βασιλείαν
2780 3362 3234 3434 σφετεριζόμενον
3287 3369 3369 3432 είς
3416 3370 3510 3423 τὸν
3565 3350 3794 3440 ἀδελςιςὸν

530 3464 656 3504 eum
693 3462 911 3502 manere
942 3440 1124 3516 jussit.
1155 3443 1512 3512 Praefecitque
1550 3443 1657 3497 Zoe
1692 3443 2094 3522 betterjarcham

2234 3447 2403 3501 ιὺτοῦ.
2452 3450 2906 3520 Προφασιστικῶς
2962 3453 3057 3508 οὖν
3117 3456 3406 3527 πατρίκιον
3442 3461 3609 3514 αὐτὸν
3641 3467 3798 3535 ποιή-

530 3541 795 3595 Joannem
832 3534 1130 3597 ‘Garidam,
1178 3534 1536 3590 e'xc'ubiarum
1589 3550 1718 3588 vero
1754 3534 2094 3604 drungariun‘

2232 3553 2427 3602 παντες,
2486 3542 2609 3594 ἐπεὶ
2662 3543 2933 3613 κατῆλθεν
2979 3548 3037 3599 ὲν
3091 3551 3156 3618 τῇ
3219 3550 3488 3624 ἐκκλησίᾳ
3545 3556 3624 3613 ὡς
3678 3557 3796 3622 ἔθος

530 3631 857 3685 Damianum
889 3628 1226 3682 eunuchum.

2233 3632 2336 3681 εστὶ
2375 3631 2562 3686 λαϐεῖν
2614 3636 2802 3705 εὐχὴν,
2850 3640 2990 3692 οἴκοι
3019 3638 3209 3693 τοῦτον
3238 3643 3425 3711 μένειν
3456 3649 3797 3717 παρεκελεύ-

531 3739 681 3779 σατο.
737 3718 1074 3791 Προεϐἀλετο
1129 3718 1184 3771 δὲ
1233 3717 1361 3784 Ζωὴ
1414 3717 1796 3791 ἑταιρειάρχην
1840 3717 2095 3791 Ἰωάννην
2145 3718 2236 3772 τὸν
2274 3722 2531 3793 Γαριδᾶν,
2591 3728 2685 3780 καὶ
2733 3728 3096 3802 δρουγγάριον
3130 3734 3226 3804 τῆς
3273 3734 3470 3808 βίγλης
3523 3743 3800 3811 sagum

528 3813 805 3884 εὐνοῦχον.

595 3910 652 3965 7.
689 3908 959 3980 Symeone
988 3919 1170 3964 autem
1205 3908 1441 3981 Bulgaro
1475 3904 1764 3966 Thraciam
1796 3911 2113 3982 poyulante,

2283 3907 2348 3975 ζ’.
2406 3909 2511 3964 Τοῦ
2541 3912 2595 3965 δὲ
2627 3914 2938 3986 Βουλγάρου
2994 3919 3221 3989 Συμεὼν
3273 3922 3374 3993 τὴν
3414 3923 3649 3997 Θρᾴκην
3680 3926 3798 3996 kni-

528 4002 738 4074 rogavit
768 4001 1007 4058 Joannes
1041 4002 1214 4073 Bogas
1244 4014 1304 4057 ut
1360 4004 1576 4073 patricii
1618 4014 1815 4059 auctus
1853 4002 2092 4074 dignitati

2237 4001 2483 4072 ζομένου,
2548 4005 2790 4076 ᾐτήσατο
2856 4007 3108 4079 Ἰωάννης
3172 4013 3200 4065 6
3270 4013 3449 4082 Βογᾶς
3504 4018 3801 4086 πατρίκιος

526 4094 843 4150 Patzinacas
888 4093 942 4148 in
984 4093 1137 4148 illum
1177 4094 1383 4149 auxilio
1429 4104 1667 4166 cogeret.
1704 4095 1784 4151 Ad
1820 4112 1956 4166 quos
1989 4111 2090 4151 cun

2234 4094 2465 4157 γενέσθαι
2488 4097 2580 4149 καὶ
2608 4098 2728 4150 κατ’
2761 4099 2927 4153 αὑτοῦ
2982 4103 3108 4164 τοὺς
3138 4103 3519 4172 Πατζινὰκους
3542 4110 3798 4176 ἀγαγεῖν·

526 4184 855 4241 muneribus
904 4185 1187 4257 profectus
1258 4186 1415 4241 duxit
1485 4188 1539 4243 in
1604 4188 1798 4243 urbem
1865 4190 2083 4244 obsides

2231 4183 2363 4255 ῑῶρά
2384 4202 2442 4237 τε
2480 4185 2659 4239 λαϐὼν
2716 4189 2952 4260 ἀπῆλθε,
3003 4192 3098 4245 καὶ
3122 4194 3364 4264 ὁμήρους
3402 4197 3623 4267 ἤγαγεν
3648 4201 3711 4254 ἐν
3736 4201 3795 4265 τῇ

525 4277 787 4348 pollicitis
817 4272 1076 4331 nimirum
1137 4276 1520 4334 Patzinacibus
1561 4295 1619 4335 se
1656 4282 1984 4350 trajecturos
2024 4280 2089 4335 fa-

2233 4276 2386 4340 τόλει,
2448 4277 2794 4346 συνθεμένων
2841 4283 2950 4334 τῶν
3001 4284 3358 4349 Πατζινάκων
3414 4290 3669 4360 περᾶσαι
3709 4288 3797 4343 καὶ

526 4376 725 4442 ctaque
751 4369 1115 4439 impressione
1146 4368 1473 4441 Symeonem
1516 4369 1793 4425 debellato
1805 4387 1916 4428 ros.

1516 4369 1793 4425 debellato
1805 4387 1916 4428 ros,
2137 4418 2183 4444 ἢ
2210 4366 2301 4419 τὸν
2326 4367 2551 4436 Συμεὼν
2582 4373 3058 4444 καταπολεμῆσαι.

595 4461 648 4517 8.
683 4461 845 4519 Venit
879 4476 1045 4533 porro
1077 4462 1131 4517 in
1189 4463 1384 4517 urbem
1411 4471 1467 4518 et
1507 4462 1750 4525 Asolius.
1782 4465 1867 4519 vir
1905 4465 2102 4521 robore
2135 4461 2159 4478 ’

2276 4466 2346 4530 η’.
2381 4462 2723 4532 ιῖαρεγένετο
2752 4464 2807 4517 δὲ
2844 4467 2902 4518 ὲν
2931 4470 2995 4538 τῇ
3032 4468 3184 4522 πόλει
3208 4469 3302 4523 καὶ
3332 4471 3629 4538 ’Λσώτιος,
3665 4474 3794 4542 ἀνὴρ

520 4552 983 4623 spectatissimus,
1025 4550 1290 4621 principis
1342 4552 1652 4623 principum
1696 4562 1889 4609 natus:
1941 4570 2084 4625 quen

2234 4554 2296 4607 πὶ
2351 4553 2513 4628 ῥώμῃ
2564 4555 3018 4627 ὀνομαστότατος,
3087 4561 3202 4626 υίὸς
3245 4561 3320 4616 ὢν
3380 4565 3477 4618 τοῦ
3529 4568 3798 4639 ἄρχοντος

524 4640 732 4713 virgam
774 4640 1009 4696 ferream
1066 4640 1193 4696 hinc
1238 4640 1365 4696 inde
1407 4644 1668 4699 extremis
1700 4646 1967 4715 partibus,
1996 4663 2083 4702 ma

2237 4646 2311 4698 ὦν
2365 4648 2678 4717 ἀρχόντων·
2736 4650 2795 4702 ὃν
2853 4668 2987 4718 φασι
3038 4653 3263 4727 σιδηρᾶν
3315 4656 3518 4727 ῥάϐδον
3572 4661 3643 4713 ὲκ
3699 4656 3801 4711 τῶν

523 4733 685 4788 nibus
724 4731 1077 4803 prehensam,
1120 4734 1192 4788 ob
1222 4749 1415 4788 earum
1447 4734 1715 4791 invictum
1748 4737 1919 4790 robur
1950 4737 2087 4794 inﬂet

2238 4754 2391 4807 .xpwv
2456 4738 2737 4809 ἑκατέρων
2802 4742 3110 4812 κρατοῦντα
3155 4750 3276 4810 ταῖς
3325 4751 3490 4818 χερσὶ
3520 4754 3597 4819 τῇ
3632 4753 3802 4818 ὕπερ.

521 4828 679 4883 ctere'
711 4835 876 4896 atque
926 4826 980 4880 in
1021 4826 1347 4881 circularem
1397 4826 1625 4898 figuram
1682 4827 1947 4884 reducere
1995 4828 2085 4885 aie

2246 4826 2478 4899 αλλούσῃ
2532 4828 2670 4900 ἀλκῇ
2724 4830 3089 4900 διακάμπτειν
3133 4837 3227 4889 καὶ
3278 4839 3417 4909 πρὸς
3442 4842 3504 4892 τὸ
3533 4840 3807 4893 κυκλικὸν

522 4919 676 4982 bant,
728 4918 1066 4988 obsequente
1115 4934 1376 4973 manuum
1419 4920 1471 4974 vi
1519 4920 1651 4975 ferri
1690 4920 1850 4992 723
1899 4922 2086 4979 duritii

2247 4920 2398 4990 χῆμαι
2448 4924 2815 4990 μεταγαγεῖν.
2864 4924 2965 4992 τῆς
3014 4927 3307 4981 ἀντιτύπου
3366 4930 3523 4984 τοῠκ
3580 4933 3809 5003 σιδήρου

521 5025 587 5067 ac
626 5010 942 5066 renitentia.
994 5010 1172 5074 Hunc,
1227 5026 1353 5065 cum
1396 5013 1657 5074 venisset,
1708 5029 1903 5084 magno
1951 5016 2085 5070 cuiu

2254 5011 2425 5074 ύσεως
2470 5016 2536 5084 τῇ
2567 5013 2655 5083 βίᾳ
2709 5015 2819 5068 τῶν
2852 5017 3053 5088 χειρῶν
3083 5019 3442 5091 ὑπεικούσης.
3476 5026 3585 5077 “Ov
3625 5041 3812 5093 παρι-

523 5103 841 5177 honoreque
880 5110 1193 5172 susceptum
1218 5102 1274 5157 in
1306 5104 1536 5174 patriam
1565 5119 1756 5160 rursus
1780 5107 2061 5162 remisere.

2248 5102 2499 5173 ενόμενον
2526 5107 2663 5173 μετά
2704 5105 2906 5174 πολλῆς
2932 5109 3099 5178 τιμῆς
3130 5112 3465 5179 ὑπεδέξαντο
3492 5118 3605 5169 καὶ
3643 5116 3812 5170 πάλιν

2207 5194 2287 5257 είς
2308 5195 2406 5264 τὴν
2436 5195 2569 5248 ἰδίαν
2600 5197 2783 5266 χώραν
2812 5198 3145 5270 ἐξέπεμψαν.

591 5276 645 5330 9.
674 5275 858 5330 Mense
894 5290 1027 5329 vero
1050 5274 1386 5345 Septembri,
1413 5275 1714 5335 indictione
1747 5281 1927 5345 tertia.
1953 5283 2097 5339 Pan-

2279 5282 2343 5338 0'.
2403 5286 2492 5356 Τῷ
2546 5287 2602 5340 δὲ
2658 5288 3018 5360 Σεπτεμϐρίῳ
3068 5294 3200 5363 μηνὶ
3232 5334 3247 5357 ,
3313 5295 3670 5362 ίνδικτιῶνος
3719 5304 3813 5364 γ.

525 5376 774 5420 cratuces
794 5367 1087 5421 Armenius
1115 5368 1529 5438 Adrianopoiim
1558 5370 1810 5441 Symconi
1835 5376 2089 5443 prodidit.

2259 5376 2644 5447 αγκρατοῦκας
2705 5383 2733 5433 6
2809 5380 3099 5452 Ἀρμένιος
3159 5385 3258 5455 τὴν
3343 5389 3817 5461 Ἀδριανοότετολιν

525 5453 676 5508 iiaud
701 5456 795 5509 diu
827 5465 952 5527 post
983 5458 1184 5513 missus
1206 5458 1439 5513 Basilius
1464 5461 1730 5530 patricius
1760 5479 1885 5517 cum
1917 5466 2089 5520 munitis

2255 5468 2284 5538 ᾖ
2319 5469 2547 5539 Συμεὼν
2596 5473 2957 5543 προδέδωκεν.
2994 5476 3127 5529 Μετ’
3157 5479 3217 5530 οὐ
3248 5480 3383 5533 πολὺ
3412 5482 3469 5534 δὲ
3498 5482 3819 5544 ἀπεστάλη

523 5546 846 5600 muneribus
866 5562 988 5603 eam
1027 5549 1197 5619 ipsam
1254 5553 1480 5622 recepit.
1517 5554 1680 5610 Venit
1720 5572 1940 5626 quoque
1995 5558 2087 5613 Da-

2264 5562 2489 5628 ισίλειος
2538 5566 2565 5616 ὁ
2616 5564 2902 5637 πατρίκιος
2959 5569 3095 5637 μετά
3146 5567 3337 5641 δώρων
3395 5572 3652 5637 πολλῶν,
3717 5572 3828 5625 καὶ

1798 5649 2030 5704 ΥΑΙΗΑέ
2075 5649 2479 5710 LECTIONES.

587 5738 635 5774 ⁸⁸
675 5731 769 5787 τοῦ
804 5748 911 5791 om.
948 5736 1006 5793 P.
