3962 6200
459 292 563 355 787

1645 290 2023 352 SYMEONI'S
2062 291 2432 354 MAGISTRI

3601 288 3698 355 788

453 401 699 465 Joannes
722 402 1082 460 hetaeriarcha
1124 402 1193 458 ad
1223 397 1538 472 Catat‘jrtas
1568 414 1692 455 cum
1728 415 2027 455 numeroso

2147 404 2224 457 ιαὶ
2254 404 2520 467 Νικόλαος
2552 403 2581 455 ὁ
2612 402 2727 465 υίὸς
2788 400 2955 455 αὐτοῦ
2973 403 3070 454 καὶ
3100 401 3354 470 Ἰωάννης
3378 401 3696 473 ἐιαιρειάρ-

454 498 737 562 exercitu;
762 496 1124 567 Bulgarisque
1161 501 1329 547 noctu
1358 508 1429 548 ex
1472 491 1771 563 improviso
1798 490 2033 560 impres-

454 592 669 647 sionem
706 592 765 646 in
799 602 895 643 eos
936 584 1286 649 facientibus,
1328 599 1522 640 omnes
1560 583 1780 654 penitus
1806 582 2035 636 interie-

455 694 608 740 runt.

527 776 621 831 12.
666 773 991 828 Theodorus
1050 770 1220 841 igitur
1274 767 1619 825 Constantini
1684 764 2034 836 imperatoris

453 867 805 938 pedagogos.
840 881 966 920 cum
995 864 1417 919 Constantinum
1448 860 1661 914 videret
1698 857 1839 914 sacri
1872 856 2031 912 cubi-

451 958 562 1013 culi
586 955 901 1026 praafectum
932 955 1183 1008 intimum
1207 950 1598 1017 (acculaitorem
1616 945 1831 1016 vocant)
1849 960 2033 1000 rerum

453 1063 721 1104 summam
770 1047 826 1101 in
872 1046 1111 1100 Leonem
1174 1042 1380 1097 sororis
1426 1041 1683 1094 maritum
1735 1037 2033 1092 transferre

457 1140 800 1200 molientem,
840 1145 1032 1191 auctor
1064 1144 1148 1189 est
1176 1133 1354 1189 eidem
1398 1131 1760 1187 Constantino
1792 1130 2031 1198 impera-

446 1231 565 1286 tori
610 1240 670 1283 ut
697 1230 999 1283 Romanum
1029 1224 1409 1293 drungarium,
1438 1224 1588 1277 velut
1621 1222 1907 1290 antiquum
1940 1237 2033 1290 pa-

458 1336 615 1378 terna
648 1319 1056 1375 necessitudine
1086 1318 1322 1372 amicum
1352 1317 1516 1385 inque
1545 1331 1633 1369 res
1674 1314 1846 1383 ipsius
1892 1314 2033 1368 bene

456 1416 783 1476 animatum,
815 1420 1058 1466 assumat
1087 1426 1213 1464 cum
1256 1424 1322 1463 eo
1348 1409 1400 1463 in
1430 1407 1552 1461 aula
1597 1414 1935 1460 moraturum
1980 1413 2035 1460 et

453 1504 739 1561 custodem
766 1504 1033 1563 futurum,
1059 1515 1125 1555 ac
1145 1499 1408 1569 quidquid
1429 1499 1665 1569 ingruat,
1689 1497 2035 1551 defensorem

453 1612 728 1667 opemque
751 1597 1067 1651 allaturum.
1097 1594 1306 1648 Crebro
1352 1606 1588 1660 namque
1614 1591 1735 1659 ejus
1764 1589 1840 1644 rei
1863 1590 2036 1660 gratia

454 1690 837 1760 interpellatus
862 1689 1143 1743 Romanus
1169 1700 1451 1741 assensum
1471 1684 1759 1738 abnuerat.
1779 1682 1899 1751 Ipse
1931 1682 2035 1737 ita-

2136 512 2239 566 χης
2285 498 2367 559 είς
2416 494 2777 576 Ιςατασύρτας
2822 494 2939 561 ἅμα
2995 494 3233 565 πλείστῳ
3284 492 3438 565 λαῷο
3488 494 3583 546 καὶ
3628 496 3693 565 τῇ

2132 588 2293 641 νυκτὶ
2318 587 2596 657 ἀδοκήτως
2625 586 2995 639 ἐπιπεσόντων
3026 585 3211 648 αὐτοῖς
3240 583 3349 637 τῶν
3383 582 3698 653 Βουλγάρων

2082 738 2085 743 ,
2136 680 2337 743 πάντες
2360 678 2529 749 ἄρδην
2566 677 2862 735 ἀπώλοντο.

2211 771 2278 840 ιβ’
2284 811 2297 825 .
2342 771 2616 842 Θεόδωρος
2657 769 2749 823 οὖν
2774 771 2803 823 ὁ
2832 766 2921 823 τοῦ
2986 768 3251 839 βασιλέως
3300 766 3697 822 Κωνσταντίνου

2134 862 2508 931 παιδαγωγὸς,
2563 863 2705 931 ὁρῶν
2758 863 3167 915 Κωνσταντϊνον
3210 860 3700 932 παρακοιμώμενον

2134 956 2216 1017 είς
2270 955 2473 1007 Λέοντα
2528 953 2617 1008 τὸν
2675 952 2805 1006 tam
2855 951 3105 1023 γαμϐρὸν
3130 951 3231 1021 τὴν
3268 952 3551 1020 βασιλείαν
3578 968 3700 1019 σφει

2134 1045 2520 1115 τεριζόμενον,
2596 1044 2839 1117 ύπέθηκε
2893 1045 2973 1115 τῷ
3035 1044 3245 1113 βασιλεί
3314 1044 3700 1113 Κωνσταντίνῳ

2133 1138 2537 1206 προσλαϐέσθαι
2601 1137 2884 1207 Ῥωμανὺν
2947 1137 3039 1190 τὸν
3082 1136 3442 1208 δρουγγάριον
3497 1136 3571 1197 ὡς
3603 1153 3702 1189 πα-

2132 1229 2323 1297 τρικὸν
2371 1229 2535 1281 αὑτοῦ
2583 1228 2773 1281 δοῦλον
2805 1229 2901 1281 καὶ
2933 1226 3123 1281 εὔνουν
3151 1228 3217 1280 τὰ
3250 1228 3385 1298 πρὸς
3424 1227 3608 1288 αὐτὸν,
3630 1228 3703 1292 ὡς

2136 1320 2202 1374 ἂν
2292 1321 2387 1374 σὺν
2415 1319 2563 1391 αὐτῷ
2594 1322 2690 1375 καὶ
2719 1319 3055 1391 διαφυλάττῃ
3084 1320 3268 1383 αὑτὸν,
3300 1321 3395 1373 καὶ
3422 1320 3703 1389 σύμμαχον

2136 1413 2232 1484 ἔχῃ
2290 1414 2383 1467 καὶ
2436 1414 2633 1485 βοηθὸν
2678 1416 2735 1468 ἐν
2762 1411 2845 1477 οἷς
2878 1413 2944 1467 ἂν
2978 1414 3096 1484 δέῃ.
3148 1414 3416 1475 Πολλάκις
3442 1413 3550 1482 γὰρ
3583 1414 3703 1483 περὶ

2136 1506 2326 1559 τούτου
2397 1506 2651 1575 λαληθεὶς
2719 1507 3002 1576 Ῥωμανδς
3044 1506 3337 1560 ἀπείπατο.
3373 1505 3705 1574 Αύτοχείρως

2137 1594 2230 1651 οὖν
2254 1601 2282 1651 ὁ
2314 1598 2567 1668 βασιλεὺς
2629 1600 3041 1660 Κωνσταντϊνος
3069 1599 3449 1666 γραμματεῖον
3478 1596 3704 1665 ποιήσας

2139 1690 2218 1761 τῷ
2256 1690 2524 1760 Ῥωμανῷ
2574 1689 2785 1761 ἔπεμψε
2840 1690 2984 1743 κατά
3038 1688 3133 1742 τοῦ
3187 1690 3700 1760 παρακοιμωμένου.

455 1800 565 1853 que
613 1798 777 1838 manu
818 1781 1041 1851 propria
1083 1778 1478 1833 Constantinus
1510 1774 1772 1830 schedula
1798 1784 2038 1835 exarata.

2147 1780 2253 1851 Τῆς
2305 1779 2495 1852 φήμης
2546 1776 2640 1835 οὖν
2662 1780 2865 1850 ταύτης
2894 1779 3234 1852 διαθεούσης,
3266 1783 3361 1834 καὶ
3398 1780 3490 1833 τοῦ
3536 1796 3705 1847 παρα-

458 1877 766 1931 ltomanum
826 1874 1093 1928 adversus
1149 1870 1529 1950 accubitorem
1594 1874 1840 1923 actutum
1919 1878 2041 1920 sese

451 1968 745 2036 accingere
771 1964 1013 2033 scripsit.
1038 1960 1155 2028 Qua
1188 1970 1520 2031 pervagante
1552 1959 1715 2024 fama,
1744 1966 1801 2013 et
1821 1955 2044 2011 accubi-

454 2067 573 2114 tore
593 2060 900 2113 Romanum
924 2064 1152 2125 urgente
1177 2060 1379 2107 utcum
1405 2052 1579 2105 classe
1618 2048 2041 2119 proﬁcisceren-

453 2159 571 2213 tur,
587 2150 775 2204 cumis
792 2155 1083 2203 excusaret
1098 2160 1267 2214 seque
1278 2159 1409 2211 cum
1428 2143 1601 2197 classe
1630 2140 1902 2211 proficisci
1922 2154 2044 2208 pos.

453 2258 514 2299 se
548 2249 773 2314 negaret
796 2256 918 2311 qua:
942 2237 1165 2293 militari
1191 2236 1467 2306 stipendio
1498 2233 1699 2289 donata
1729 2249 1840 2287 non
1873 2237 2039 2296 esset,

451 2334 852 2391 Constantinus
882 2331 1164 2386 accubitor
1188 2328 1255 2383 ad
1305 2326 1627 2383 solvendum
1650 2325 1878 2380 omnino
1906 2322 2039 2377 ada-

454 2432 652 2480 cturus
673 2423 741 2477 ad
759 2421 981 2476 navium
1003 2418 1295 2474 stationem
1326 2416 1555 2472 accedit.
1582 2415 1834 2471 Occurrit
1854 2412 2040 2469 servili

454 2530 609 2571 more
645 2528 711 2569 ac
762 2512 1031 2582 obsequio
1063 2510 1290 2566 sedulus
1336 2508 1650 2573 Romanus;
1687 2509 1851 2578 726
1882 2523 2040 2561 cum-

454 2623 565 2680 que
585 2609 695 2679 jam
718 2621 889 2678 prope
921 2613 1088 2671 esset,
1118 2604 1171 2657 vi
1198 2602 1537 2672 corripiens:
1569 2599 1755 2654 Tollite
1793 2615 1935 2665 eum,
1962 2599 2042 2653 al-

458 2708 574 2757 tum
608 2701 843 2765 clamat;
866 2712 1101 2768 moxque
1130 2696 1226 2766 qui
1254 2695 1483 2749 aderant
1505 2693 1796 2757 classiarii,
1826 2692 1880 2746 in
1904 2706 2043 2761 prae-

456 2792 655 2848 toriam
708 2786 942 2844 Romani
990 2788 1271 2842 triremem
1321 2784 1608 2841 inductum
1640 2792 1755 2839 tuta
1788 2782 2039 2838 custodia

456 2880 779 2937 servabant.
815 2873 1123 2946 Imperator
1146 2884 1329 2929 autem
1352 2884 1537 2929 rerum
1568 2888 1781 2928 summa
1808 2888 1837 2927 a
1863 2880 2039 2929 matre

454 2974 516 3032 In
537 2989 657 3029 sese
680 2979 956 3035 revocata,
981 2968 1246 3040 postridie
1265 2963 1534 3024 Joannem
1561 2966 1837 3021 Tuhacem
1865 2966 2035 3031 misit,

456 3067 555 3137 qui
577 3064 742 3121 Zoem
774 3063 1073 3134 Augustam
1099 3060 1222 3116 aula
1248 3052 1530 3131 dejiceret.
1558 3057 1651 3113 Illa
1682 3066 1886 3123 autem,
1913 3058 2034 3129 eju-

458 3132 575 3218 latu
600 3132 1061 3229 luctuque'fllium
1082 3155 1387 3225 complexa,
1418 3154 1539 3225 ejus
1565 3153 1808 3207 animum
1837 3152 1904 3207 ad
1927 3168 2044 3207 ma.
2068 3132 2112 3192 ο

461 3261 673 3309 ternam
712 3249 1120 3305 miserationem
1145 3246 1477 3311 commovit,
1508 3246 1715 3317 aitque:
1738 3242 1906 3301 Sinite
1926 3260 2047 3300 ma-

463 3351 601 3398 trem
634 3356 838 3397 mecum
866 3340 1088 3395 versari.
1114 3339 1326 3409 Vixque
1366 3352 1678 3393 sermonem
1707 3338 2043 3408 expleverat,

461 3446 589 3492 cum
625 3435 773 3491 illam
798 3433 1150 3488 dimiserunt.
1178 3431 1351 3485 Porro
1379 3430 1681 3499 imperator
1720 3430 2048 3500 patriarcha:

465 3528 700 3584 consilio
731 3522 997 3581 Joannem
1049 3519 1309 3574 Garidam
1335 3519 1647 3574 scholarum
1684 3522 2047 3576 domesticum

462 3617 727 3691 praeficit:
762 3613 991 3668 timebat
1011 3610 1158 3665 enim
1190 3624 1259 3663 ne
1299 3609 1411 3663 Leo
1438 3610 1651 3665 Phocas
1685 3611 1752 3665 ad
1793 3611 2049 3666 rebellio-

462 3723 591 3764 nem
620 3704 967 3776 procederet.
996 3699 1201 3756 Renuit
1224 3700 1316 3756 ille
1340 3715 1542 3755 munus
1559 3700 1722 3767 inire,
1746 3702 1851 3757 nisi
1876 3702 2050 3758 Theo-

464 3798 663 3857 dorum
690 3796 1131 3866 Zuphinexerum
1164 3793 1352 3849 uxoris
1375 3792 1599 3849 fratrem
1620 3794 1848 3866 ejusque
1874 3795 2045 3851 filium

466 3893 796 3963 Symeonem
863 3886 1071 3957 pariter
1136 3885 1528 3941 hetaeriarchas
1586 3896 1859 3944 crearent.
1924 3887 2046 3943 Mox

470 3984 659 4055 itaque
685 3990 944 4053 egressus
976 3980 1041 4035 ad
1088 3978 1395 4035 Romanum
1432 3988 1550 4057 est;
1585 3980 1822 4050 datoque
1850 3996 1916 4037 ac
1958 3997 2047 4038 act

465 4088 632 4149 cepto
654 4072 1015 4148 jurejurando
1033 4084 1266 4129 concors
1282 4066 1451 4128 animi
1483 4073 1669 4144 illique
1694 4073 2047 4130 consentiens

465 4167 699 4226 effectus
726 4174 830 4223 est.

540 4372 628 4430 13.
683 4365 890 4429 Mensis
943 4372 1113 4444 igitur
1165 4368 1345 4425 Martii
1382 4377 1578 4440 quarto
1638 4382 1805 4439 supra
1835 4367 2040 4439 vigesi‘

2142 1872 2489 1940 κοιμωμένου
2520 1871 3025 1941 καταναγκάζοντος
3067 1873 3348 1942 Ῥωμανδν
3382 1871 3703 1939 ἀποκινῆσαι

2146 1964 2283 2034 μετὰ
2350 1963 2444 2016 τοῦ
2501 1964 2711 2029 στόλου,
2781 1963 2943 2027 αὐτὸς
3000 1963 3399 2034 προεφασίζετο
3435 1962 3705 2023 ἀδυνάτως

2142 2055 2286 2125 ἔχειν
2315 2055 2409 2108 τοῦ
2440 2053 2721 2122 ἀποπλεῖν,
2751 2054 2825 2126 μὴ
2848 2054 2941 2108 τοῦ
2971 2053 3156 2108 στόλου
3177 2057 3278 2124 τὴν
3317 2054 3705 2123 νενομισμένην

2144 2150 2309 2219 ῥόγαν
2367 2148 2644 2211 λαϐόντος.
2684 2147 2743 2201 Ὀ
2769 2149 3271 2219 παρακοιμὼμενος
3301 2146 3707 2205 Κωνσταντῑνος

2142 2242 2577 2309 καταναγκάζων
2624 2239 2788 2295 αὑτὸν
2843 2243 2900 2294 ἐν
2927 2243 2992 2311 τῇ
3047 2240 3339 2309 ὲξαρτύσει
3391 2238 3607 2304 ἔξεισιν.
3651 2234 3708 2288 '0

2140 2332 2195 2389 δέ
2217 2336 2402 2389 τοῦτον
2454 2336 2682 2407 δουλικῷ
2711 2336 2789 2406 τῷ
2842 2338 3082 2405 σχήματι
3133 2334 3577 2406 προϋπηντησεν,
3617 2329 3707 2383 καὶ

2143 2430 2370 2501 πλησίον
2410 2429 2573 2482 αὐτοῦ
2620 2428 2912 2500 γενόμενος
2955 2430 3274 2499 ἀνήρπασεν
3334 2424 3539 2488 αὑτὸν,
3594 2424 3704 2485 καὶ,

2145 2524 2362 2591 ’Ἄρατε
2400 2522 2606 2586 αὐτὸν,
2657 2521 2969 2591 ἐφώνησεν·
3029 2522 3123 2575 καὶ
3144 2522 3191 2574 οί
3223 2521 3322 2573 σὺν
3348 2516 3494 2587 αύτῷ
3527 2515 3707 2570 τοῦτον

2142 2619 2221 2680 εἰς
2275 2616 2375 2687 τὴν
2428 2614 2521 2668 τοῦ
2585 2614 2950 2685 δρουγγαρέου
3025 2608 3311 2685 Ῥωμανοῦ
3367 2611 3565 2684 τριήρη
3597 2611 3706 2663 εισ-

2141 2709 2348 2779 ἤγαγον
2399 2708 2492 2761 καὶ
2530 2709 2587 2761 ἐν
2628 2708 2898 2777 ἀσφαλείᾳ
2962 2703 3129 2776 εἶχον.
3196 2700 3607 2765 Κωνστανττνος
3650 2699 3708 2755 δὲ

2139 2802 2168 2853 ὀ
2195 2799 2449 2870 βασιλεὺς
2497 2800 2595 2870 τὴν
2651 2798 2902 2866 ἐξουσίαν
2958 2799 3065 2851 ἀπὸ
3104 2797 3207 2867 τῆς
3238 2797 3445 2867 μητρὸς
3467 2797 3548 2858 εἰς
3581 2797 3706 2847 ἑαυ-

2138 2894 2232 2947 τὸν
2269 2891 2673 2963 ἐπισπώμενος,
2723 2896 2791 2961 τῇ
2824 2892 3083 2961 ἐπαύριον
3117 2882 3440 2943 ἀπέστειλεν
3466 2888 3709 2955 Ἰωάννην

2138 2979 2231 3037 τὸν
2269 2977 2556 3051 Τουσὰκην
2612 2981 2710 3053 τὴν
2751 2979 3072 3047 Δύγούσταν
3139 2978 3292 3047 Ζωὴν
3339 2975 3451 3030 ἀπὸ
3493 2973 3584 3027 τοῦ
3610 2990 3712 3026 πει-

2142 3075 2326 3130 λατίου
2370 3074 2760 3129 καταϐιϐάσαι.
2806 3071 2871 3125 Ἥ
2906 3068 2963 3126 δὲ
2995 3072 3114 3142 μετ’
3171 3068 3435 3139 ὀλολυγῆς
3477 3069 3571 3121 καὶ
3623 3065 3713 3119 δα·

2146 3165 2330 3237 κρύων
2362 3164 2439 3233 τῷ
2468 3164 2667 3233 ἑαυτῆς
2725 3162 3140 3232 προσπλακεῐσα
3198 3160 3297 3231 υίῷ
3334 3158 3472 3230 πρὸς
3501 3158 3714 3226 συμπά-

2149 3258 2299 3313 θειαν
2330 3256 2603 3328 μητρικὴν
2629 3258 2725 3311 καὶ
2757 3252 2940 3310 οἶκτον
2956 3255 3208 3325 ἐκίνησεν
3232 3270 3248 3283 ο
3283 3252 3399 3317 καὶ,
3444 3250 3714 3311 Ἐάσατε.

2148 3343 2320 3409 εἶπεν.
2346 3343 2499 3401 εἶναι
2554 3348 2682 3417 μετ’
2740 3346 2887 3416 ἐμοῦ
2910 3345 3025 3412 τὴν
3056 3342 3296 3413 μητέρα.
3324 3343 3386 3396 Oi
3415 3342 3472 3395 δὲ
3504 3341 3619 3411 ἃμα
3643 3339 3717 3408 τιῖ)

2147 3436 2291 3508 λόγῳ
2341 3436 2548 3508 ταύτην
2606 3436 2847 3507 ἀφῆκαν.
2908 3433 3277 3507 Προϐἀλλεται
3309 3432 3421 3486 ὂέὁ
3467 3430 3718 3500 βασιλεὺς

2152 3529 2291 3599 μετά
2331 3529 2432 3597 τῆς
2487 3527 2798 3597 συμϐουλῆς
2841 3526 2935 3581 τοῦ
2970 3525 3311 3597 πατριάρχου
3348 3525 3602 3595 Ἰωάννην
3631 3524 3720 3577 τὸν

2149 3619 2383 3690 rapi.de
2444 3619 2764 3689 δομέστικον
2818 3619 2929 3673 τῶν
2974 3618 3203 3689 σχολῶνο
3260 3617 3451 3671 ἐδεδίει
3504 3617 3614 3686 γὰρ
3645 3614 3720 3686 μὴ

2147 3715 2228 3776 είς
2284 3711 2585 3781 ἀνταρσίαν
2630 3710 2853 3782 χωρήσῃ
2913 3713 2941 3764 ὁ
2995 3710 3191 3774 Φωκᾶς
3235 3710 3409 3763 Λέων.
3450 3708 3509 3761 '0
3560 3708 3615 3761 δέ
3661 3708 3721 3759 ού

2147 3805 2443 3859 κατένευσε
2518 3804 2678 3858 τοῦτο
2729 3798 3033 3873 γενέσθαι,
3080 3804 3129 3856 εί
3185 3802 3261 3872 μὴ
3308 3801 3587 3871 Θεόδωρον
3636 3801 3722 3853 τὸν

2146 3898 2581 3969 γωαικάδελφον
2631 3897 2798 3952 αὑτοῦ
2825 3899 2917 3952 τὸν
2944 3896 3334 3967 Ζουφινέξερον
3373 3896 3470 3950 καὶ
3501 3895 3722 3965 Συμεὼν

2146 3991 2238 4046 τὸν
2291 3992 2406 4044 υίδν
2462 3989 2628 4045 αὑτοῦ
2676 3989 3039 4059 προεϐάλοντο
3097 3990 3509 4058 ἐταιρειάρχας.
3554 3987 3723 4048 Εὐθὺς

2144 4083 2242 4138 οὖν
2297 4080 2519 4154 ἐξῆλθεν
2564 4081 2701 4151 πρὸς
2772 4081 3076 4152 Ῥωμανὸν,
3118 4080 3204 4154 [Ρ.
3236 4078 3363 4153 4781
3416 4081 3514 4134 καὶ
3535 4080 3723 4149 ὅρκους

2145 4175 2268 4239 δοὺς
2303 4175 2396 4229 καὶ
2428 4172 2607 4227 λαϐὼν
2642 4172 2915 4245 σύμφρων
2941 4172 3104 4230 αὐτοῦ
3144 4173 3236 4227 καὶ
3270 4171 3562 4242 σύμπνους
3611 4171 3726 4239 ὲγέ·

2145 4282 2286 4323 νετο.

2217 4375 2292 4428 ιγ.
2318 4359 2397 4430 Τῇ
2426 4357 2522 4412 οὖν
2552 4354 2628 4411 κδ’
2649 4356 2746 4411 τοῦ
2767 4357 3016 4429 Μαρτίου
3043 4357 3212 4430 μηνὸς
3238 4357 3564 4416 ἀποστέλλει
3608 4356 3726 4410 Ῥω·

468 4480 619 4519 mum
671 4464 842 4520 mittit
901 4461 1181 4518 Romanus
1235 4462 1291 4516 in
1337 4460 1622 4531 palatium,
1659 4459 1752 4529 qui
1785 4460 1904 4530 ejus
1944 4474 2041 4514 n0-

2154 4452 2321 4524 μανὸς
2388 4453 2468 4515 είς
2490 4452 2552 4504 τὸ
2599 4451 2860 4505 παλάτιον
2917 4451 3419 4523 ἀπολογησόμενος,
3473 4453 3561 4506 ὅτι
3617 4450 3727 4516 Τὴν

471 4556 617 4611 mine
670 4556 1095 4611 satisfactionem
1140 4551 1424 4615 otferrent,
1494 4566 1691 4620 nempe
1742 4568 1795 4605 se
1838 4551 1931 4603 hoc
1970 4550 2047 4616 {e-

470 4649 607 4703 cisse
667 4655 724 4702 nt
791 4646 1106 4718 imperatori
1160 4652 1386 4709 caveret,
1440 4644 1564 4697 dum
1602 4642 1788 4697 Phoce:
1826 4642 2046 4696 insidias

469 4747 696 4803 veretur,
756 4746 802 4791 cl
864 4753 928 4790 ne
983 4738 1110 4807 quid
1145 4734 1234 4789 ille
1282 4750 1539 4811 novarum
1597 4750 1774 4787 rerum
1820 4735 1872 4787 in
1929 4750 2047 4787 eum

471 4830 744 4886 moliatur.
770 4823 1061 4884 Mandatur
1100 4829 1281 4899 itaque
1326 4828 1404 4882 illi
1441 4834 1501 4881 ut
1534 4841 1656 4881 cum
1685 4826 1829 4880 omni
1873 4827 2047 4880 classe

470 4924 537 4979 ad
588 4923 952 4978 Bucolconem
1003 4936 1176 4991 usque
1220 4920 1424 4975 veniat.
1479 4919 1639 4973 Festo
1695 4918 1876 4988 itaque
1933 4919 2047 4972 Au-

472 5014 841 5071 nuntialionis
906 5012 1033 5077 die,
1093 5012 1186 5082 qui
1247 5012 1301 5065 in
1355 5012 1545 5066 feriam
1610 5019 1739 5065 tunc
1800 5010 2048 5080 quintam

470 5105 764 5170 inciderat,
824 5120 947 5161 cum
1003 5104 1151 5159 omni
1186 5103 1372 5159 ~classe
1425 5102 1488 5157 ad
1542 5101 1905 5157 Bucoleonem
1960 5118 2049 5156 ar-

474 5209 655 5256 matus
681 5199 866 5265 venit;
914 5208 1151 5268 moxque
1179 5196 1441 5267 patricius
1473 5194 1786 5265 Stephanus
1812 5196 1933 5249 aula
1954 5211 2050 5250 ex-

468 5294 657 5349 cessit.
710 5292 935 5359 Nic‘etas
987 5305 1120 5346 vero
1178 5289 1407 5346 Romani
1468 5304 1625 5343 socer
1665 5288 1720 5342 in
1786 5289 2050 5358 palatium

469 5384 779 5440 ascendens
796 5382 1078 5439 Nicolaum
1094 5380 1459 5453 patriarcham
1503 5379 1665 5450 727
1700 5377 1827 5434 inde
1868 5379 2049 5451 ejecit.

470 5470 573 5539 Qui
603 5476 865 5544 palatium
886 5474 1164 5539 tenebant,
1192 5471 1797 5543 Bomanijurejurando
1830 5472 2049 5538 ﬁrmati,

473 5566 843 5621 “sacrandam
905 5566 956 5622 ci
985 5581 1049 5621 ac
1086 5564 1363 5620 vivificam
1414 5564 1616 5619 misere
1659 5578 1903 5619 crucem.
1950 5562 2053 5619 Cui

2151 4546 2257 4599 τοῦ
2292 4542 2469 4601 Φωκᾶ
2520 4544 2796 4599 ἐπίθεσιν
2849 4546 3251 4613 φοϐούμενος,
3295 4545 3382 4614 μή
3441 4562 3498 4597 τι
3523 4559 3724 4598 νεωτε-

2143 4638 2381 4708 ρισθείη
2446 4643 2531 4702 εἰς
2577 4636 2686 4689 τὸν
2737 4636 3022 4701 βασιλέα,
3064 4637 3238 4690 τοῦτο
3255 4637 3563 4703 πεποίηκα
3588 4635 3725 4703 πρὸς

2154 4731 2222 4785 τὸ
2263 4732 2379 4799 τὴν
2409 4731 2695 4799 φυλακὴν
2726 4729 3025 4784 ποιεῖσθαι
3070 4729 3175 4783 τοῦ
3226 4730 3565 4796 βασιλέως.
3611 4730 3725 4797 Μη-

2152 4821 2456 4876 νύεταιοῦν
2508 4823 2646 4892 μετὰ
2687 4821 2782 4874 τοῦ
2842 4821 3028 4875 στόλου
3084 4824 3283 4885 παντὸς
3333 4823 3515 4875 ἐλθεῖν
3580 4824 3728 4893 μέχρι

2151 4916 2246 4969 τοῦ
2299 4914 2707 4979 Βουκολέοντος,
2736 4914 2829 4966 καὶ
2871 4915 2935 4983 τῇ
2973 4914 3160 4984 ἡμέρᾳ
3197 4913 3291 4966 τοῦ
3316 4908 3727 4983 Εὑαγγελισμοῦ

2155 5011 2406 5080 (πέμπτη
2434 5010 2490 5063 δὲ
2526 5005 2611 5082 ῆν)
2657 5005 2821 5080 ἦλθεν
2859 5008 3082 5071 ἔνοπλος
3108 5007 3224 5078 ἅμα
3257 5007 3336 5079 τῷ
3372 5008 3551 5079 στόλῳ
3578 5008 3729 5059 παντὶ

2154 5104 2211 5155 ἐν
2271 5102 2348 5173 τῷ
2397 5098 2748 5156 Βουκολέοντι
2789 5117 2801 5129 ·
2872 5103 2964 5156 καὶ
3020 5101 3265 5171 παρευθὺ
3315 5102 3593 5171 Στέφανος
3642 5097 3731 5169 μὲν

2156 5195 2445 5266 πατρίκιος
2497 5192 2723 5265 ἐξῆλθεν
2783 5193 2877 5247 τοῦ
2932 5193 3239 5258 παλατίου,
3308 5194 3565 5264 Νικήτας
3612 5192 3667 5245 δὲ
3706 5190 3730 5239 ὁ

2156 5288 2535 5359 συμπένθερος
2593 5288 2877 5358 Ῥωμανοῦ
2942 5286 3181 5340 ἀνελθὼν
3235 5287 3294 5339 ἐν
3357 5285 3438 5355 τῷ
3488 5280 3731 5345 παλατίῳ

2155 5381 2424 5451 ἐξήγαγεν
2481 5380 2690 5433 ἐκεῖθεν
2746 5379 2838 5433 τὸν
2895 5380 3241 5451 πατριάρχην
3289 5379 3584 5433 Νικόλαον.
3633 5371 3733 5428 Καὶ

2156 5476 2303 5547 ὅρκῳ
2333 5474 2719 5545 βεδαιωθέντες
2741 5475 2789 5526 oi
2816 5473 2910 5527 τοῦ
2947 5472 3210 5527 παλατίου
3250 5474 3406 5540 παρά
3453 5463 3734 5540 Ῥωμανοῦ

2159 5566 2488 5621 ἀπέστειλαν
2535 5566 2672 5637 πρὸς
2722 5566 2885 5621 αὑτὸν
2931 5567 3025 5620 τὸν
3067 5568 3249 5636 τίμιον
3312 5567 3407 5618 καὶ
3473 5558 3739 5628 ζωοποιδν

473 5654 568 5711 ille
608 5655 806 5712 devote
838 5658 990 5713 cultu
1024 5658 1294 5724 adhibito,
1322 5673 1386 5713 ac
1425 5656 1791 5729 jurejurando
1828 5656 2041 5712 firmati:

2160 5656 2413 5727 σταυρόν.
2464 5658 2573 5711 Καὶ
2618 5658 3026 5731 προσκυνήσας,
3088 5658 3181 5711 καὶ
3228 5658 3376 5728 ὅρκῳ
3430 5652 3739 5726 βεϐαιώσας

470 5745 574 5820 qui
594 5746 749 5806 missi
779 5758 957 5818 erant,
988 5766 1095 5804 una
1126 5765 1251 5805 cum
1278 5750 1385 5807 illis
1409 5765 1472 5805 ac
1504 5748 1693 5820 paucis
1723 5748 2052 5820 quibusdam

2163 5750 2379 5815 αὐτοδῖν
2438 5748 2670 5821 ἀνῆλθεν
2724 5751 2841 5821 μετ-⁸
2888 5748 3067 5806 αὐτῶν
3125 5750 3219 5804 καὶ
3268 5748 3466 5817 ὀλίγων
3493 5745 3658 5801 τινῶν
3683 5743 3741 5792 ἐν
