3962 6200
274 272 380 337 793

1046 278 1411 341 ANNALES.
1439 306 1513 323 -θ
1547 284 2129 355 CONSTANTINUS
2167 297 2768 368 PORPHYROGEN.

3346 357 3359 363 -
3410 314 3519 378 791

271 384 491 493 τριιξίου
546 387 643 441 καὶ
703 388 938 460 κόμητος
992 390 1086 444 τοῦ
1136 393 1370 449 στάῦλου
1417 398 1502 461 εἰς
1550 400 1770 470 ἄριστον
1815 402 1841 453 ό

1954 410 2088 465 toris
2124 413 2420 486 padagogo
2452 419 2682 489 ejusque
2727 420 2895 475 fratre
2953 422 3223 493 Symeone
3270 440 3299 478 a
3348 426 3521 484 Theo-

275 478 629 547 παιδαγωγὸς
658 481 1070 536 Κωνσταντίνου
1117 483 1384 554 βασιλέως
1427 488 1700 561 Θεόδωρος
1754 494 1849 545 καὶ

274 569 501 639 Συμεὼν
557 572 585 623 ὁ
636 572 799 624 αὐτοῦ
854 574 1111 643 ἀδελφὸς,
1172 580 1264 631 καὶ
1322 580 1610 635 ἐσθιόντων
1668 585 1849 638 αὐτῶν

272 659 525 728 εἰσῆλθεν
577 662 828 733 Ἰωάννης
862 665 1223 738 δρουγγάριος
1255 670 1353 738 τῆς
1384 671 1573 740 βίγλας
1607 675 1634 728 ὀ
1669 677 1848 747 Κουρ-

274 752 441 815 κούας
489 754 627 822 μετὰ
668 755 918 809 πλείστου
970 757 1122 824 λαοῦ,
1157 760 1251 814 καὶ
1278 760 1497 826 τούτους
1527 765 1849 834 ἀναρπάσας

273 841 351 903 ὡς
382 841 525 894 κατὰ
564 840 843 913 Ῥωμανοῦ
903 846 1248 915 μελετῶντας
1316 850 1396 913 εἰς
1454 850 1696 921 Ὀψίκιον
1760 853 1850 918 ἐξ-

275 934 496 1005 ώρισεν.
1677 1000 1681 1005 ,

349 1024 436 1089 ιζ’.
468 1026 547 1095 Τῇ
575 1025 651 1078 κδ’
688 1025 781 1079 τοῦ
826 1028 1200 1099 Σεπτεμϐρίου
1238 1032 1406 1101 μηνὸς
1441 1036 1668 1105 τιμᾶται
1708 1036 1847 1090 Ῥω-

275 1117 443 1186 μανδς
472 1120 536 1188 τῇ
571 1117 662 1171 τοῦ
723 1120 1000 1191 Καίσαρος
1052 1122 1199 1193 ἀξίᾳ,
1260 1126 1353 1177 καὶ
1408 1128 1474 1203 τῇ
1540 1124 1604 1191 ιζ’
1629 1128 1724 1182 τοῦ
1754 1132 1850 1181 Δε-

270 1209 537 1279 κεμὸρῖου
563 1208 648 1281 [Ρ.
678 1210 803 1283 481]
852 1214 1019 1282 μηνὸς
1062 1215 1317 1284 στέφεται
1365 1219 1516 1289 παρὰ
1561 1221 1842 1274 Κωνσταν-

272 1302 418 1356 τίνοι)
450 1302 716 1372 βασιλέως
766 1305 861 1359 καλ⁸
910 1307 1180 1362 Νικολάου
1234 1312 1576 1382 πατριάρχου
1619 1315 1676 1366 ὲν
1736 1312 1845 1367 ἔτει

269 1394 349 1463 τῷ
380 1402 577 1465 ,ςυνη’,
616 1397 945 1463 ἰνδικτιῶνος
998 1407 1071 1469 η’·
1132 1402 1230 1457 καὶ
1278 1403 1389 1463 τῶν
1433 1406 1603 1474 ἁγίων
1636 1406 1847 1475 Θεοφαο

268 1484 399 1537 νέων
428 1486 683 1554 στέφεται
716 1487 967 1559 Θεοδὼρα
1012 1493 1044 1561 ἡ
1080 1493 1218 1562 γυνὴ
1246 1494 1431 1550 αὑτοῦ.
1467 1498 1574 1550 Καὶ
1605 1501 1670 1569 τῇ
1704 1500 1842 1571 αὐτῇ

264 1576 452 1646 ἡμέρᾳ
481 1576 575 1630 τοῦ
602 1578 764 1631 αὑτοὺ
797 1580 962 1653 μηνὸς
994 1583 1095 1653 τῆς
1116 1582 1155 1636 ε’
1185 1587 1205 1617 ⁸
1233 1586 1590 1654 ἱνδικτιῶνος,
1616 1591 1844 1661 Χριστοο

264 1667 432 1737 φόρος
498 1668 527 1719 ὁ
577 1667 691 1731 υἱὸς
746 1667 1036 1740 Ῥωμανοῦ
1110 1672 1487 1747 διαγορεύεται
1554 1678 1840 1748 βασιλεύςο

1954 502 2208 573 phylacto
2235 510 2466 575 patricio
2498 526 2564 565 ac
2580 512 2779 567 stabuli
2815 514 3035 580 comite,
3071 516 3287 586 illisque
3335 533 3518 573 come-

1951 596 2232 662 dentihus,
2264 599 2543 669 ingressus
2590 604 2831 658 Joannes
2880 604 3126 661 Curcuas
3160 609 3520 666 excubiarum

1948 688 2280 759 drungarius
2303 708 2428 746 cum
2461 695 2833 762 apparitorum
2860 698 3080 766 copiosa
3132 715 3294 753 manu
3331 717 3519 756 corre-

1950 788 2073 849 ptos
2096 780 2242 844 illos,
2273 784 2426 850 quasi
2458 785 2549 850 qui
2579 785 2844 841 adversus
2874 789 3184 845 Romanum
3246 795 3523 850 machina-

1944 884 2161 940 rentur,
2195 875 2263 929 ad
2293 874 2574 946 Opsicium
2602 880 2887 951 relegavit.

2023 1058 2112 1113 l7.
2144 1058 2346 1114 Mensis
2372 1056 2715 1129 Septembris
2745 1059 2836 1115 die
2862 1070 3061 1130 quarto
3106 1077 3272 1131 supra
3317 1063 3519 1132 vigesi-

1948 1166 2099 1205 mum
2130 1151 2411 1204 Romanus
2428 1150 2660 1205 Caesaris
2692 1150 2956 1219 dignitate
2979 1161 3245 1212 ornatur;
3290 1152 3522 1207 mensis-

1948 1258 2057 1312 que
2106 1241 2423 1297 Decembris
2479 1241 2569 1296 die
2622 1241 2838 1296 decimo
2911 1242 3167 1311 septimo,-
3217 1241 3519 1296 indictione

1947 1341 2159 1395 octava,
2184 1347 2331 1385 anno
2355 1330 2514 1393 6458,
2536 1347 2565 1386 a
2606 1330 2968 1387 Constantino
2991 1339 3047 1386 et
3080 1330 3309 1385 Nicolao
3350 1330 3522 1399 patri-

1947 1425 2113 1480 archa
2150 1414 2420 1493 augustali
2474 1439 2677 1477 corona
2724 1422 2999 1488 donatur;
3049 1436 3334 1476 sacrorum
3389 1422 3520 1475 item

1947 1514 2431 1585 Thcopbaniorum
2469 1513 2578 1578 die,
2613 1514 2904 1569 Theodora
2934 1514 3054 1583 ejus
3103 1527 3242 1566 uxor
3275 1511 3520 1581 Augusta

1947 1616 2264 1663 coronatur.
2293 1606 2609 1675 Eodemque
2651 1607 2739 1661 die
2790 1604 3039 1676 ejusdem
3097 1603 3325 1665 mensis,
3376 1601 3520 1656 indi-

1947 1702 2129 1755 ctione
2163 1710 2377 1759 octava,
2412 1698 2843 1767 Christopborus
2889 1697 3120 1752 Romani
3174 1694 3523 1764 imperatoris

264 1760 523 1860 :‘tétpe‘tat
574 1759 634 1860 de
685 1763 753 1833 τῇ
822 1764 1171 1837 Πεντηκοστῇ
1235 1768 1387 1839 παρὰ
1436 1768 1529 1822 τοῦ
1579 1769 1841 1839 βασιλέως

1954 1791 2095 1847 ﬁlius
2120 1792 2420 1860 imperator
2451 1758 2782 1854 declaratus,
2822 1790 2938 1859 ipse
2964 1803 3183 1857 quoque
3212 1758 3301 1841 die
3331 1794 3522 1840 sancto

262 1847 702 1917 Κωνσταντενου,
749 1851 841 1906 καὶ
874 1856 1234 1930 προέρχονται
1279 1852 1424 1913 οὗτοι
1481 1860 1531 1913 οἱ
1569 1860 1663 1914 δύο
1691 1862 1842 1931 μόνοι

260 1937 323 1987 ἓν
357 1938 423 2009 τῇ
463 1936 797 2007 προελεύσει.
1166 1962 1174 1970 ·

340 2120 432 2183 ιη’.
454 2112 546 2184 Τῷ
574 2114 630 2168 δὲ
689 2115 894 2187 Ἰουλίῳ
952 2120 1082 2190 μηνὶ
1134 2121 1235 2188 τῆς
1297 2122 1467 2193 αὐτῆς
1514 2125 1841 2191 ἰνδικτιῶνος

260 2204 480 2275 γίνεται
511 2205 706 2270 ἒνωσις
733 2208 843 2261 τῶν
881 2210 1249 2281 ἀποσχιστῶν.

343 2297 427 2351 ιθθ.
463 2296 554 2367 Τῷ
584 2297 641 2351 δὲ
675 2299 988 2373 Ὀκτωϐρίῳ
1020 2304 1151 2373 μηνὶ
1204 2306 1304 2376 τῆς
1359 2306 1402 2360 θ’
1461 2308 1840 2381 ὲπινεμήσεως

261 2383 631 2449 ὑποπτευθεὶς
658 2386 929 2455 Στέφανος
954 2393 982 2443 ό
1015 2393 1316 2464 μάγιστρος
1340 2396 1411 2459 ὡς
1443 2397 1541 2466 τῆς
1564 2397 1841 2469 βασιλείας

260 2477 553 2546 ἐφιέμενος
586 2479 944 2550 ἀποκείρεται
997 2484 1053 2534 ὲν
1086 2486 1153 2553 τῇ
1208 2486 1301 2538 τοῦ
1355 2487 1660 2555 Ἀντιγόνου
1692 2493 1841 2562 νήσῳ

259 2572 382 2639 ἅμα
421 2568 682 2637 θεοφάνει
726 2567 1000 2648 Τειχεώτῃ
1031 2576 1122 2627 καὶ
1164 2575 1362 2647 Παύλῳ
1423 2579 1841 2655 Ὀρφανοτρόφῳ

255 2665 375 2724 τοῖς
428 2661 738 2732 ἀνθρώποις
785 2665 971 2719 αὑτοῦ.
1032 2667 1201 2720 Πάλιν
1267 2671 1531 2740 μηνύεται
1582 2675 1839 2748 ἐπιϐουλὴ

260 2754 594 2823 μελετᾶσθαι
635 2754 1103 2837 παρὰνἌρσενίου
1135 2762 1227 2820 καὶ
1280 2762 1489 2817 Παύλου
1538 2765 1645 2819 τῶν
1699 2784 1839 2837 μαγο

258 2847 544 2912 γλαῦιτῶν
574 2863 589 2877 ⁸
640 2849 690 2901 οἳ
730 2851 821 2902 καὶ
867 2852 1161 2926 τυφθὲντες
1206 2856 1299 2917 καὶ
1343 2857 1704 2931 δημευθέντες
1754 2864 1839 2931 ἐξ·

256 2941 599 3011 ωρὶσθησάν.

336 3040 405 3089 κ’.
456 3035 750 3106 Ῥεντάκης
773 3038 800 3090 ὁ
836 3037 1146 3102 Ἐλλαδικδς
1171 3041 1496 3114 πατρολοῐας
1524 3047 1835 3116 γενόμενος,

257 3128 387 3180 ἐπεὶ
428 3127 607 3182 πάντα
661 3128 732 3183 τὰ
780 3128 873 3183 τοῦ
910 3131 1116 3205 πατρὸς
1162 3133 1415 3204 ὲληῖσατο
1463 3137 1561 3190 καὶ
1590 3142 1656 3210 τῇ
1687 3141 1841 3195 πόλει

258 3221 632 3290 προσέφυγεν,
690 3223 901 3279 ἐκεῖθεν
962 3223 1178 3293 ψευδεῖς
1225 3228 1444 3298 γραφὰς
1498 3231 1840 3295 συσκευάσας

259 3312 403 3381 πρὸς
465 3312 803 3384 Βουλγαρῑαν
860 3317 1165 3389 ἀποφυγεῖν
1224 3316 1470 3388 ἔμελλεν.
1534 3322 1841 3393 Κρατηθεὶς

256 3394 354 3452 οὖν
379 3400 504 3462 τοὺς
534 3400 842 3469 ὀφθαλμοὺς
872 3403 1242 3473 ὲξορύσσεται.

334 3496 443 3544 xz’.
482 3490 592 3545 Καὶ
636 3492 797 3546 πάλιν
847 3495 896 3545 οἱ
942 3493 1242 3565 Βούλγαροι
1279 3498 1439 3567 μέχρι
1468 3499 1840 3572 Κατασυρτῶν

256 3580 607 3647 ἐξελαύνουσι
652 3583 788 3652 μετὰ
827 3584 926 3655 τὴν
972 3584 1066 3638 τοῦ
1113 3588 1313 3650 Δουκὸς
1351 3590 1704 3660 Ἀδραλέστου
1754 3610 1841 3646 τε·

254 3674 479 3743 λευτήν.
521 3673 888 3747 Προὸάλλεται
938 3677 1108 3741 Πόθος
1144 3680 1463 3751 δομέστικος
1490 3682 1599 3736 τῶν
1634 3684 1840 3755 σχολῶν

256 3770 285 3822 ὁ
316 3764 415 3819 τοῦ
445 3766 732 3839 Ἀργυροῡ,
770 3769 863 3822 καὶ¹
907 3769 1069 3843 μέχρι
1112 3770 1501 3843 Θερμοπόλεως
1545 3778 1685 3848 μετὰ
1730 3780 1840 3834 τῶν

257 3859 563 3930 ταγμάτων
616 3859 787 3917 ἐλθὼν
834 3861 1122 3916 ἀπέστειλε
1174 3865 1393 3936 Μιχαὴλ
1448 3869 1540 3921 τὸν
1577 3870 1670 3924 τοῦ
1711 3873 1840 3926 Μω-

262 3954 386 4026 ρσλὲ
445 3956 464 3985 ⁷
517 3954 630 4008 υἱὸν
677 3956 802 4020 τοὺς
853 3956 1193 4025 Βουλγάρους
1226 3964 1729 4035 κατασκοπήσοντα.
1780 3966 1839 4020 Ὀ

260 4046 320 4099 δὲ
366 4046 691 4116 ἀπροόπτως
730 4046 807 4117 τῷ
863 4048 1007 4119 λόχῳ
1058 4048 1242 4104 αὐτῶν
1292 4052 1551 4123 ἐμπεσὼν
1611 4056 1842 4121 πολλοὺς

263 4138 366 4207 μὲν
396 4137 505 4190 τῶν
533 4138 854 4210 Βουλγάρων
897 4140 1127 4205 ἀνεῖλεν,
1177 4141 1271 4196 καὶ
1314 4145 1476 4210 αὐτὸς
1516 4146 1572 4200 δὲ
1604 4146 1837 4218 πληγεὶς

260 4233 321 4284 ὲν
351 4233 417 4301 τῇ
454 4231 603 4285 πόλει
640 4232 896 4287 εἰσελθὼν
919 4232 1287 4304 ἐτελεύτησεν.

338 4321 445 4390 κβ’.
478 4320 646 4375 Πάλιν
675 4321 733 4374 δὲ
766 4321 1033 4392 μηνύεται
1074 4306 1334 4397 ἐπιϐουλὴ
1364 4328 1505 4381 κατὰ
1556 4329 1838 4401 Ῥωμανοῦ

1948 1884 2305 1941 Pentecostcs
2341 1882 2410 1939 ab
2455 1881 2790 1950 imperatore
2841 1878 3203 1935 Constantino
3242 1878 3521 1946 Augustus

1949 1975 2255 2044 appellatur
2277 1990 2291 2039 ;
2317 1972 2590 2041 amboque
2617 1972 2848 2027 solemni
2871 1987 2969 2042 per
2988 1972 3179 2026 urbem
3205 1985 3401 2040 pompa
3418 1969 3519 2024 soli

1947 2074 2355 2137 processerunt.

2019 2160 2106 2212 18.
2129 2158 2313 2214 Mense
2339 2158 2486 2214 Julio
2513 2157 2759 2227 ejusdem
2806 2154 3126 2210 indictionis
3150 2167 3341 2208 eorum
3365 2166 3520 2207 eom-

1908 2300 1921 2306 -
1947 2249 2112 2304 missa
2138 2250 2314 2304 unitio
2342 2260 2428 2305 est
2451 2250 2545 2319 qui
2576 2249 2730 2304 scissi
2766 2248 3017 2317 partibus
3041 2256 3221 2301 erant.

2020 2341 2105 2397 l9.
2139 2342 2323 2396 Mense
2353 2340 2601 2405 Octobri,
2642 2340 2945 2394 indictione
2971 2353 3136 2402 nona,
3170 2337 3225 2391 in
3252 2336 3523 2407 suspicio-

1947 2452 2071 2490 nem
2106 2443 2333 2489 vocatus
2369 2433 2681 2502 Stephanus
2712 2432 2975 2502 magister
3025 2430 3182 2499 quasi
3220 2428 3519 2498 imperium

1946 2528 2200 2591 ambiret,
2232 2527 2287 2580 in
2320 2525 2579 2596 Antigoni
2640 2524 2840 2588 insula,
2879 2537 2986 2576 una
3035 2536 3160 2576 eum
3203 2520 3365 2590 732
3404 2519 3522 2574 suis

1947 2620 2266 2676 hominibus
2289 2617 2624 2687 TheOphane
2650 2616 2900 2671 Tichiote
2935 2623 2991 2669 et
3020 2614 3189 2669 Paulo
3232 2613 3518 2683 Orphano-

1948 2711 2167 2781 trepbo,
2218 2710 2613 2763 monachorum
2673 2707 2782 2762 ritu
2838 2706 3051 2776 capillis
3100 2704 3366 2759 multatus
3412 2711 3518 2757 est.

1945 2800 2273 2855 Denuntiata
2308 2813 2500 2852 rursus
2530 2796 2840 2867 conjuratio
2863 2794 3185 2849 auctoribus
3206 2791 3435 2849 Arsenio
3463 2798 3521 2845 et

1946 2892 2117 2950 Paulo
2155 2891 2542 2962 manglabitis;
2574 2890 2670 2959 qui
2698 2888 3101 2944 etverberibus
3124 2885 3304 2941 allecti
3330 2884 3520 2940 bonis-

1946 3000 2051 3055 que
2082 2983 2377 3053 publicatis
2405 2982 2458 3036 in
2486 2981 2741 3037 exsilium
2766 2980 2917 3035 missi
2941 2986 3091 3035 sunt.

1866 3108 1909 3165 C
2013 3076 2105 3131 20.
2140 3077 2414 3130 Rentaces
2443 3073 2758 3165 Helladicus
2786 3070 3062 3142 parricida
3097 3068 3351 3165 effectus,
3370 3066 3520 3137 quod

1941 3168 2114 3237 patris
2146 3167 2289 3221 bona
2320 3166 2505 3219 omnia
2534 3163 2865 3232 diripuerat,
2901 3163 2957 3216 in
2984 3161 3178 3216 urbem
3224 3158 3515 3230 profugus,

1940 3260 2093 3315 falsis
2125 3258 2199 3312 ibi
2230 3256 2556 3327 compositis
2588 3255 2811 3317 tabulis,
2868 3254 2922 3307 in
2976 3253 3286 3323 Bulgariam
3337 3252 3519 3320 fugam

1942 3350 2191 3422 parabat.
2223 3349 2433 3419 Captus
2468 3348 2654 3418 itaque
2678 3345 2857 3402 oculis
2882 3345 3111 3400 orbatus
3131 3351 3237 3399 est.

2010 3526 2340 3581 2|.Rursus
2366 3538 2501 3579 vero
2562 3520 2813 3590 Bulgaris
2868 3517 2936 3572 ad
2993 3515 3303 3585 Catasyrtas
3344 3524 3519 3580 usque

1938 3618 2383 3679 excurrentibus,
2413 3613 2560 3686 quoii
2592 3613 2912 3668 AdrelaStes
2940 3609 3051 3662 dux
3084 3605 3223 3659 vivis
3263 3617 3516 3658 excesse-

1940 3720 2049 3774 rat,
2104 3710 2316 3766 l’othus
2366 3706 2563 3777 Argyri
2612 3704 2758 3757 filius
2809 3700 3123 3756 scholarum
3179 3692 3517 3749 domesticus

1939 3801 2268 3873 praaiicitur;
2300 3797 2577 3865 ductoque
2602 3795 2668 3848 ad
2698 3790 3110 3860 ThermOpolitn
3154 3800 3329 3856 usque
3357 3800 3517 3851 exer-

1941 3890 2078 3951 citu,
2104 3884 2336 3943 Michael
2385 3882 2608 3937 Marciis
2638 3880 2788 3933 filius
2814 3877 2881 3931 ad
2914 3877 3277 3946 Bulgarorum
3336 3881 3517 3927 castra

1926 3975 2278 4048 exploranda
2306 3973 2530 4036 missus,
2562 3987 2629 4026 ex
2663 3967 2970 4038 improviso
2994 3968 3048 4020 in
3072 3966 3294 4021 illorum
3327 3963 3516 4031 lapsus

1943 4083 2204 4131 cuneum,
2231 4065 2421 4121 multis
2445 4052 2638 4119 eorum
2659 4061 2837 4124 caesis,
2866 4058 3193 4113 vulneratus
3222 4054 3341 4123 ipse
3367 4060 3424 4105 et
3454 4051 3512 4103 in

1942 4162 2136 4223 urbem
2165 4160 2382 4215 delatus
2411 4156 2541 4212 fatis
2567 4152 2863 4210 concessit.

2010 4335 2099 4390 22.
2139 4335 2355 4391 Rursus
2407 4328 2811 4403 conjurationis
2874 4327 2930 4382 in
2986 4327 3296 4381 Romanum
3349 4317 3517 4375 delati

265 4412 372 4465 ὕπο
407 4412 763 4467 Ἄναστασίου
800 4415 1141 4486 γενησομένη
1175 4417 1529 4491 σακελλαρίου
1561 4423 1654 4476 καὶ
1707 4424 1835 4477 Θεο-

1954 4430 2263 4485 Anastasius
2283 4425 2602 4482 sacellarius
2618 4432 2675 4479 et
2707 4420 3092 4477 Theodoretus
3121 4412 3517 4476 cubicularius,

260 4504 510 4573 δωρήστου
538 4506 852 4561 κοιτωνίτου
904 4506 998 4561 καὶ
1054 4508 1368 4580 Δημητρίου
1403 4518 1837 4587 πρωτονοταρίου

260 4596 361 4653 τοῦ
387 4596 589 4651 εἰδικοῦ
631 4599 726 4652 καὶ
764 4598 939 4654 ἄλλων
978 4601 1164 4667 τινῶν,
1214 4602 1289 4666 ὡς
1320 4602 1482 4673 δῆθεν
1514 4606 1653 4676 ὑπὲρ
1683 4609 1834 4661 Κων-

263 4689 545 4743 σταντίνου
572 4689 834 4759 βασιλέως
861 4692 1273 4764 ἀγωνιζόμενοι.
1308 4695 1683 4767 Ἐλεγχθέντες
1711 4700 1837 4755 ὲτύ-

262 4780 504 4851 φθησαν,
534 4783 629 4835 καὶ
649 4783 750 4854 τὴν
776 4783 946 4857 μέσην
976 4784 1274 4851 διελθόντες
1302 4786 1695 4861 ὲξωρίσθησαν.

334 4968 442 5031 κγ’.
471 4964 582 5034 Τῆς
614 4963 869 5034 τοιαύτης
908 4965 965 5018 δὲ
1005 4967 1335 5038 προφάσεως
1361 4967 1660 5040 λασόμενος
1703 4972 1839 5026 Ῥω-

262 5054 436 5121 μανδς
466 5056 559 5107 τὸν
624 5054 849 5128 βασιλέα
900 5058 1306 5114 Κωνσταντῑνον
1366 5061 1685 5128 ύποὸιὸάζει
1743 5067 1839 5120 καὶ

260 5142 520 5213 δεύτερον
543 5144 741 5199 ἑαυτοῦ
765 5146 1074 5216 καθίστησι.
1106 5149 1274 5203 Πάλιν
1295 5147 1390 5204 οὖν
1415 5154 1838 5225 ὲκστρατεύουσι

260 5233 567 5307 Βούλγαροι
624 5237 787 5311 μέχρι
827 5239 935 5292 τῶν
980 5240 1309 5309 Μαγγλασά.
1366 5243 1543 5314 Ὅπερ
1592 5247 1777 5315 μαθὼν
1811 5251 1840 5302 ὁ

262 5324 528 5395 βασιλεὺς
587 5327 867 5399 Ῥωμανδς
902 5330 1159 5401 Ἰωάννην
1211 5332 1474 5403 ραίκτορα
1521 5336 1838 5392 ἀποστέλλει

258 5416 385 5485 ἅμα
409 5417 595 5471 Λέοντι
637 5420 731 5473 καὶ
776 5420 930 5491 Πόθῳ
960 5424 1071 5485 rei;
1097 5423 1403 5495 ‘Apyupol'g,
1441 5425 1661 5495 ἔχοντας
1716 5430 1836 5500 μεθ’

256 5508 477 5561 ἑαυτῶν
523 5509 723 5579 πλῆθος
776 5512 955 5565 ἱκανὸν
1008 5513 1071 5565 ἔκ
1126 5531 1182 5570 τε
1236 5515 1342 5569 τῶν
1394 5519 1689 5587 ταγμάτων
1738 5522 1833 5576 καὶ

330 5702 349 5729 ⁸
386 5708 431 5771 η’
469 5716 655 5771 "largo
690 5699 744 5754 Ρ.
822 5700 841 5729 ⁷
871 5700 1290 5769 Μιορολὲοντοςῖ

1944 4536 2160 4577 necnon
2179 4516 2487 4573 Demetrius
2508 4513 2690 4570 aerarii
2712 4511 2907 4582 privati
2940 4505 3370 4580 protonotarius.
3393 4501 3518 4556 alii-

1945 4629 2053 4684 que
2100 4611 2374 4672 nonnulli,
2424 4607 2576 4661 velut
2628 4604 2724 4675 qui
2780 4600 3141 4658 Constantino
3200 4591 3517 4666 imperatori

1944 4682 2229 4774 suppetias
2250 4701 2643 4770 irentejusque
2671 4710 2833 4749 causa
2867 4693 3235 4747 decertarent.
3261 4682 3517 4742 Convicti

1943 4773 2097 4856 vero,
2138 4791 2456 4846 verberibus
2499 4786 2681 4842 allecti
2721 4784 2967 4852 urbcque
3022 4779 3202 4834 media
3255 4773 3517 4839 traducti,

1945 4884 2141 4943 exsilio
2176 4881 2403 4950 relegati
2437 4886 2588 4935 sunt.

2014 4975 2104 5029 25.
2130 4972 2242 5027 Hac
2285 4973 2564 5026 Romanus
2587 4975 2806 5035 arrepta
2852 4961 3167 5025 occasione,
3195 4973 3261 5013 ac
3291 4955 3517 5027 pericu.

1946 5045 2059 5119 lum
2098 5071 2426 5133 przetcxens,
2461 5056 2886 5115 Constantinum
2934 5053 3319 5121 imperatorem
3364 5045 3517 5115 deje-

1945 5165 2093 5212 ctum
2127 5154 2369 5210 secundo
2400 5152 2558 5223 733
2588 5168 2617 5207 a
2643 5166 2701 5205 se
2728 5150 2851 5204 loco
2880 5146 3031 5201 facit.
3063 5144 3278 5198 Rursus
3329 5138 3514 5207 itaque

1945 5251 2304 5322 Bulgarorum
2329 5247 2395 5302 ad
2441 5243 2722 5315 Manglaba
2756 5256 2930 5310 usque
2979 5234 3253 5291 excursio.
3311 5232 3516 5286 Roma-

1945 5359 2052 5397 nus
2081 5358 2139 5396 re
2167 5348 2443 5410 comperta
2470 5338 2736 5393 Joannem
2773 5340 3045 5388 rectorem
3087 5343 3212 5382 cum
3244 5325 3429 5379 Leone
3458 5331 3516 5376 et

1946 5435 2118 5489 l‘otho
2149 5432 2394 5502 Argyris.
2422 5428 2585 5498 justis
2614 5425 2789 5497 copiis
2818 5424 3118 5480 instructos
3161 5434 3226 5474 ex
3277 5414 3512 5488 agmini-

1941 5526 2044 5580 bus
2073 5535 2127 5579 ct
2157 5524 2454 5589 foederatis,
2492 5522 2757 5591 impetum
2815 5523 3141 5585 excepturos
3184 5509 3370 5567 mittit.
3398 5509 3517 5567 Una

1574 5638 1804 5698 VARUS
1830 5642 2234 5699 LECTIONiLS.
