3962 6200
442 302 551 369 795

1652 296 2038 361 SYMEONIS
2068 296 2447 360 MAGISTRI

3608 286 3713 349 796

440 419 635 474 aderat
686 425 744 471 et
791 414 1018 471 Alexius
1070 409 1276 468 Musele
1319 410 1587 481 patricius
1630 412 2023 481 navaliumque

2143 409 2237 463 τῶν
2263 408 2367 477 τῆς
2395 403 2672 475 ἑταιρείας
2704 418 2719 433 ⁸
2762 401 2846 473 [Ρ.
2879 397 3006 470 48ἳ]
3038 393 3119 462 οἷς
3156 396 3323 466 συνῆν
3354 397 3447 448 καὶ
3473 394 3715 461 Ἀλὲξιος

443 507 784 577 drungarius
803 520 930 561 cum
978 503 1280 558 classiariis
1326 503 1463 557 suis.
1510 502 1719 557 Castris
1740 503 1927 572 itaque
1964 503 2019 557 in

445 601 623 671 planis
657 598 1159 666 bumilioribusque
1219 598 1486 666 Pegarum
1524 597 1662 651 locis
1709 596 2019 666 dispositis,

444 693 744 763 Bulgarise
775 690 1159 757 superioribus
1225 697 1435 744 armata
1506 688 1777 759 phalange
1838 704 2023 743 emer-

444 789 704 858 gentibus
759 789 979 857 lateque
1042 802 1225 841 aerem
1278 787 1566 841 incondito
1623 787 2023 857 tremendoque

445 880 687 932 clamore
716 878 1073 946 implentibus
1103 892 1166 931 ac
1196 877 1539 931 validissimo
1568 878 1779 946 impetu
1810 878 2026 943 irruen-

448 970 615 1031 tibus,
650 969 834 1023 statim
868 980 1050 1025 rector
1076 969 1258 1039 fugam
1290 968 1567 1038 capessit;
1620 970 1780 1040 cujus
1830 968 2024 1022 tuendi

444 1068 631 1129 partes
657 1060 937 1115 sustinens
974 1060 1245 1115 Photinus
1280 1061 1579 1130 Platipodis
1602 1057 1748 1114 ﬁlius
1773 1068 2022 1115 necatus.

445 1152 551 1206 Alii
580 1152 779 1220 partim
801 1152 979 1223 gladio
1007 1153 1344 1222 interempti.
1374 1154 1571 1221 partim
1589 1153 1725 1207 mari
1751 1154 2025 1207 submersi

446 1245 772 1313 perierunt:
808 1246 1011 1314 reliqui
1050 1246 1253 1314 captivi
1288 1247 1515 1300 abducti
1552 1255 1702 1301 sunt.
1740 1246 1931 1316 Argyri
1960 1244 2025 1299 ad

446 1336 802 1391 Castellulum
854 1337 982 1407 fuga
1016 1347 1335 1392 evaserunt.
1370 1338 1612 1407 Bulgari,
1648 1339 1800 1391 nullo
1854 1340 2026 1407 impe-

449 1438 564 1483 tum
598 1431 911 1484 retardante
942 1440 1038 1484 aut
1089 1430 1172 1485 eis
1220 1431 1496 1493 obstante,
1555 1433 1823 1500 Pegarum
1877 1432 2027 1500 pala-

448 1520 525 1574 tia
561 1537 627 1576 ac
677 1538 839 1577 omne
894 1524 1125 1578 Stenum
1196 1524 1440 1595 subjecta
1506 1524 1721 1577 flamma
1775 1524 2034 1579 incende-

448 1621 599 1668 Nm.

2128 500 2420 570 πατρίκιος
2446 498 2539 551 καὶ
2578 495 2943 570 δρουγγάριος
2971 493 3080 545 τῶν
3114 492 3377 559 πλωϊμων
3405 491 3432 542 ὁ
3464 488 3714 542 Μουσελι

2130 596 2273 666 μετὰ
2303 596 2396 647 τοῦ
2452 564 2603 646 λαοῦ.
2641 590 2829 645 αὐτοῦ.
2882 586 3244 653 Διατάξαντες
3285 585 3378 638 οὖν
3425 580 3569 638 οὗτοι
3626 584 3716 637 τὸν

2126 685 2255 739 λαὸν
2307 684 2486 738 αὑτῶν
2538 685 2596 736 ὲν
2663 685 2775 742 τοῖς
2818 681 3053 742 πεδινοῖς
3118 679 3214 731 καὶ
3274 676 3717 747 χθαμαλωτέροις

2125 779 2316 842 τόποις
2365 778 2474 830 τῶν
2531 776 2753 843 Πηγῶν,
2805 776 2914 828 τῶν
2973 770 3296 842 Βουλγάρων
3342 770 3548 823 ἄνωθεν
3580 769 3717 821 ἀνα-

2126 871 2408 941 φανέντων
2467 868 2707 922 ἐνόπλων
2765 868 2887 938 καὶ,
2931 865 3027 936 βοῇ
3100 862 3465 933 χρησαμένων
3519 860 3720 930 ἀσήμῳ

2128 965 2224 1016 καὶ
2274 961 2504 1031 φοϐερᾷ,
2568 960 2665 1014 καὶ
2735 958 3111 1029 σφοδροτάτως
3157 954 3538 1006 ὲπελασάντων
3592 952 3718 1004 κατ’

2127 1056 2310 1110 αὐτῶν
2340 1055 2502 1118 εὐθὺς
2539 1053 2731 1121 φεύγει
2762 1053 2789 1105 ὁ
2843 1052 3109 1123 ραίκτωρ,
3146 1047 3445 1117 σφάττεται
3488 1046 3545 1098 δὲ
3579 1044 3721 1115 ὑπὲρ

2127 1149 2317 1202 τούτου
2364 1148 2767 1217 ἀγωνιζόμενος
2807 1144 3074 1204 Φωτεινδς
3120 1145 3149 1197 ὁ
3197 1142 3290 1194 τοῦ
3348 1140 3718 1204 Πλατύποδος,

2130 1243 2222 1294 καὶ
2248 1242 2296 1292 οἰ
2320 1240 2497 1293 λοιποὶ
2527 1241 2573 1292 oi
2608 1239 2706 1309 μὲν
2734 1239 3079 1304 ἐσφάγησαν,
3112 1235 3158 1287 οί
3187 1232 3242 1286 δὲ
3292 1235 3350 1286 ἐν
3379 1235 3446 1303 τῇ
3475 1231 3721 1301 θαλάσσῃ

2130 1332 2447 1385 ἀπώλοντο·
2511 1331 2659 1386 ἄλλοι
2722 1328 3062 1399 αἰχμάλωτοι
3114 1326 3421 1409 γεγόνασιν.
3483 1324 3547 1376 Ui
3603 1324 3723 1392 Ἀρ

2131 1427 2287 1497 γυροὶ
2311 1426 2365 1477 δὲ
2400 1428 2457 1479 ὲν
2490 1425 2569 1496 τῷ
2606 1424 2912 1494 καστελλίῳ
2965 1420 3228 1492 φυγόντες
3264 1416 3623 1489 διεσώθησαν.
3656 1417 3720 1469 Οἱ

2130 1518 2187 1572 δὲ
2225 1519 2527 1588 Βούλγαροι
2588 1518 2793 1587 μηδένα
2840 1516 2930 1569 τὸν
2977 1513 3256 1567 κωλύοντα
3305 1511 3522 1580 ἔχοντες
3560 1510 3627 1562 τά
3660 1524 3722 1563 τι

2135 1610 2372 1664 παλάτια
2423 1611 2532 1664 τῶν
2589 1609 2790 1679 Πηγῶν
2842 1607 3233 1680 ἐπυρπόλησαν
3283 1606 3376 1659 καὶ
3430 1603 3490 1657 τὸ
3527 1602 3722 1657 Στενὺν

2134 1699 2278 1756 ἅπαν
2319 1703 2689 1755 κατέκαυσαν.

518 1795 608 1848 24.
646 1794 945 1849 Februario
972 1810 1181 1859 mense,
1212 1794 1517 1849 indictione
1549 1793 1787 1855 decima,
1827 1790 2031 1848 mensis

2205 1796 2302 1850 κδ’.
2340 1793 2431 1865 Τῷ
2464 1794 2521 1847 δὲ
2550 1790 2907 1864 Φεϐρουαρίῳ
2942 1791 3094 1862 μηνὶ,
3136 1789 3236 1855 τῆς
3287 1786 3320 1840 ι’
3368 1784 3723 1850 ἰνδικτιῶνος,

363 1957 367 1963 ν
449 1887 540 1940 die
573 1887 856 1957 vigesima,
889 1888 1161 1942 exstincta
1197 1889 1489 1942 Theodora
1517 1887 1752 1941 Romani
1788 1886 2026 1955 impera-

451 1977 589 2031 toris
619 1993 778 2038 uxnr,
815 1979 869 2030 in
913 1978 1165 2047 ejusdem
1220 1980 1452 2032 Romani
1489 1978 1723 2043 aedibus,
1775 1992 1915 2046 quas
1972 1977 2027 2030 in

450 2064 849 2119 monasterium
908 2074 1173 2130 verterat,
1246 2066 1467 2120 condita
1529 2075 1633 2119 est.
1714 2064 2029 2134 Sapiniaque

447 2156 832 2225 Christophori
864 2155 1214 2226 imperatoris
1249 2172 1389 2211 uxor
1426 2156 1700 2226 augustali
1734 2156 2031 2225 insignitur

450 2263 677 2303 corona.
706 2247 826 2313 Quo
846 2249 1011 2303 etiam
1044 2257 1292 2320 tempore
1324 2248 1450 2304 lber
1477 2250 1825 2319 curepalates
1851 2248 1905 2302 in
1940 2264 2032 2301 ur-

434 2336 576 2393 bem
616 2338 787 2402 venit,
810 2338 1153 2408 solemnique
1181 2354 1378 2407 pompa
1414 2348 1579 2408 atque
1618 2352 1877 2407 processu
1929 2338 2030 2392 ho-

447 2446 587 2486 nore
611 2438 903 2500 susceptus
930 2440 1047 2497 est;
1078 2430 1167 2484 cui
1192 2439 1248 2484 et
1274 2428 1474 2485 Sancta
1506 2430 1711 2499 Sophia
1740 2428 2031 2500 magnifico

448 2523 604 2577 cultu
637 2531 831 2576 ornata
862 2533 1105 2575 ostensa.
1154 2522 1215 2577 in
1253 2537 1417 2591 quam
1478 2522 1782 2592 ingressus,
1843 2521 2032 2591 reique

452 2614 723 2669 miraculo
807 2614 865 2668 in
942 2622 1229 2684 stuporem
1297 2622 1487 2679 actus,
1548 2613 1772 2669 domum
1849 2628 2035 2667 rever-

450 2721 548 2760 ωε
578 2716 683 2761 est.

523 2794 688 2867 73‘,
713 2795 802 2849 25.
829 2796 1044 2850 Rursus
1064 2811 1200 2851 vero
1242 2796 1481 2867 Bulgari,
1507 2811 1696 2851 mense
1736 2793 1922 2860 Junlo,
1966 2793 2033 2851 ad

452 2886 667 2942 Sancta:
694 2904 867 2957 usque
907 2888 1213 2942 Theodoraa
1230 2889 1430 2958 palatia
1450 2889 1765 2951 venientes,
1814 2888 2035 2959 illisque

453 2980 837 3042 concrematis,
864 2981 1074 3049 reliqua
1092 2981 1496 3050 populabantur
1519 2997 1534 3046 ;
1578 2996 1643 3034 ac
1690 2996 1884 3035 rursus
1902 2995 2035 3035 con-

452 3077 599 3123 serta
628 3084 809 3140 pugna
860 3071 1090 3126 Romani
1139 3072 1193 3126 in
1250 3074 1433 3142 fugam
1452 3080 1762 3127 vertuntur.
1782 3071 2038 3127 Sacteces

2135 1891 2199 1959 τῇ
2252 1886 2299 1941 κ’
2354 1886 2449 1941 τοῦ
2505 1887 2696 1957 μηνὸς,
2756 1883 3010 1955 Θεοδώρα
3058 1883 3091 1954 ή
3146 1880 3379 1953 σύμϐιος
3442 1876 3724 1947 Ῥωμανοῦ

2136 1981 2381 2052 τελευτᾷ,
2441 1982 2537 2033 καὶ
2600 1976 2955 2031 κατατίθεται
3012 1978 3092 2039 εἰς
3142 1975 3232 2028 τὸν
3285 1967 3433 2026 οἷκον
3479 1970 3575 2024 τοῦ
3623 1968 3726 2041 βα-

2139 2073 2331 2137 σιλέως
2385 2070 2668 2141 Ῥωμανοῦ
2718 2070 2809 2123 τὸν
2860 2069 2953 2121 ὑπ’
3000 2066 3163 2121 αὐτοῦ
3217 2066 3297 2128 είς
3358 2063 3728 2135 μσναστήρισν

2136 2164 2429 2232 γενόμενον
2463 2178 2477 2193 ·
2534 2161 2630 2215 καὶ
2693 2161 2949 2228 στέφεται
3003 2157 3175 2226 Σοφία
3219 2159 3255 2225 ἡ
3306 2155 3398 2209 τοῦ
3459 2152 3729 2225 βασιλέως

2142 2253 2523 2327 Χριστοφόρου
2578 2252 2741 2323 γυνή.
2792 2251 2925 2305 Τότε
2956 2250 3050 2303 καὶ
3104 2249 3262 2321 ἰδηρ
3311 2246 3730 2319 κουροπαλάτης

2138 2347 2195 2400 ὲν
2219 2349 2288 2417 τῇ
2318 2346 2470 2399 πόλει
2504 2345 2863 2416 παρεγένετο,
2896 2344 2987 2399 καὶ
3024 2342 3254 2415 πρόοδος
3302 2340 3451 2410 αὐτῷ
3492 2338 3728 2408 λαμπρὰ

2138 2441 2351 2509 γέγονε,
2377 2439 2473 2494 καὶ
2506 2439 2642 2509 μετὰ
2660 2439 2821 2509 τιμῆς
2860 2437 3151 2508 ὑπεδέχθη,
3173 2436 3268 2490 καλ⁸
3299 2438 3333 2506 ἡ
3368 2434 3528 2503 ’Δγία
3555 2432 3727 2499 Σοφία

2139 2532 2315 2601 τούτῳ
2339 2528 2736 2599 κεκοσμημένη
2786 2525 3078 2597 ὑπεδείχθη
3109 2544 3121 2555 ·
3160 2526 3239 2587 εἰς
3285 2524 3345 2580 δν
3393 2522 3522 2576 ναὸν
3548 2521 3727 2575 εἰσελ-

2141 2622 2250 2677 θὼν
2287 2620 2381 2675 καὶ
2409 2620 2696 2692 θαυμάσας
2723 2619 2885 2673 πάλιν
2922 2621 3001 2683 εἰς
3021 2618 3091 2673 τὰ
3125 2619 3233 2673 ἴδια
3262 2615 3627 2689 ὑπέστρεψεν.

2214 2804 2314 2853 κε’.
2366 2798 2477 2852 Καὶ
2518 2795 2681 2851 πάλιν
2710 2798 2758 2851 οἰ
2799 2795 3101 2869 Βοὺλγαροι
3128 2798 3185 2852 ἒν
3229 2796 3307 2867 τῷ
3332 2795 3538 2866 Ἰουνίῳ
3594 2792 3729 2865 μηνὶ

2146 2891 2311 2962 μέχρι
2347 2891 2457 2944 τῶν
2512 2892 2609 2962 τῆς
2646 2890 2836 2958 Ἀγίας
2897 2888 3179 2961 Θεοδὼρας
3214 2887 3489 2943 παλαίων
3540 2881 3726 2958 ἦλθον,

2150 2983 2244 3035 καὶ
2302 2982 2473 3036 ταῦτα
2520 2982 2655 3052 πυρὶ
2706 2983 2886 3046 δόντες
2942 2981 3013 3035 τὰ
3072 2982 3199 3053 ἑξῆς
3263 2981 3559 3049 ἐληΐζοντο.
3618 2978 3729 3031 Καὶ

2148 3076 2309 3129 πάλιν
2346 3074 2583 3145 πολέμου
2644 3075 2936 3146 γενομένου
2989 3075 3280 3145 τρέπονται
3341 3074 3625 3142 Ῥωμαῖοι.
3670 3072 3729 3125 Ὀ

454 3170 641 3219 autem
662 3170 847 3232 (quem
866 3163 1085 3234 vocant)
1110 3166 1297 3220 multis
1315 3166 1573 3235 praeclare
1590 3165 1827 3234 fortique
1845 3164 2033 3219 virtute

2152 3163 2208 3215 δὲ
2238 3161 2527 3233 λεγόμενος
2584 3164 2871 3233 Σακτήκης
2911 3162 3083 3217 πολλὰ
3132 3160 3551 3235 ἀνδραγαθήσας
3600 3159 3733 3216 πολ·

455 3252 645 3321 gestis,
686 3268 751 3307 ac
787 3254 960 3307 multa
995 3255 1239 3309 hostium
1265 3255 1394 3309 data
1448 3264 1653 3325 strage,
1709 3269 1834 3309 cum
1893 3269 2039 3308 unus

459 3342 576 3413 ipse
604 3344 945 3399 multitudini
979 3347 1159 3416 impar
1184 3356 1354 3410 esset.
1388 3348 1538 3402 letali
1557 3355 1787 3418 accepto
1810 3348 2040 3403 vulnere

457 3433 642 3505 fugam
680 3435 802 3497 init,
827 3446 994 3505 atque
1035 3437 1090 3492 in
1123 3438 1552 3493 Blacbernarum
1588 3440 1795 3509 templo
1829 3440 2042 3510 positus

456 3527 643 3580 statim
667 3527 814 3581 diem
838 3528 975 3582 obit.

527 3614 620 3669 26.
669 3614 920 3669 Excitato
979 3616 1035 3669 in
1080 3614 1311 3671 Choldia
1371 3616 1610 3677 tumultu
1671 3617 1741 3672 ab
1799 3616 2042 3673 Adriano

456 3705 668 3761 Cbaldo
686 3714 745 3759 et
782 3707 1006 3760 Tatzate
1041 3706 1324 3772 Armenio,
1356 3707 1543 3763 Bordae
1568 3708 1734 3763 Boila
1774 3709 1830 3763 in
1878 3708 2041 3764 Chal-

458 3797 549 3853 αἱ.
575 3798 828 3868 praetoris
855 3798 1091 3853 consilio
1123 3804 1187 3867 (a
1209 3800 1415 3871 quibus
1447 3800 1612 3855 etiam
1648 3809 1869 3869 captum
1914 3800 2039 3855 Pai-

457 3905 559 3961 per
590 3891 903 3961 prasidium
932 3892 1271 3961 munitum),
1327 3892 1567 3948 Joannes
1601 3891 1849 3947 Cureuas
1875 3892 2040 3947 scho~

458 3981 637 4036 larum
672 3981 1036 4047 domesticus,
1070 3998 1252 4055 pugna
1278 3983 1333 4037 in
1356 3998 1454 4038 eos
1497 3991 1751 4038 conserta
1795 3982 2040 4053 ipsorum

457 4074 687 4143 potitus,
724 4074 988 4130 clariores
1017 4076 1240 4145 quidem
1272 4076 1447 4131 oculis
1478 4075 1660 4132 orbat.
1692 4091 1886 4130 eorum
1933 4093 2039 4146 pu-

460 4165 663 4220 blieata
693 4167 1020 4230 substantia,
1058 4183 1329 4238 pauperes
1358 4183 1491 4223 vero
1523 4176 1580 4222 et
1602 4168 1875 4222 obscuros
1922 4184 2036 4238 quo

457 4258 632 4312 velint
664 4261 801 4313 citra
824 4276 1020 4313 noxam
1047 4262 1203 4316 abire
1226 4262 1404 4331 jubet.
1469 4261 1726 4315 Tatzates
1785 4276 1935 4325 vero,
1982 4261 2038 4314 in

462 4349 615 4403 aliud
663 4349 787 4419 fuga
842 4362 1102 4422 receptus
1138 4354 1409 4407 munitum
1474 4352 1813 4422 pmrsidium,
1870 4353 2041 4421 petita

2141 3257 2266 3320 λούς
2303 3275 2363 3310 τε
2421 3258 2646 3323 ἀνελὼν,
2699 3256 2971 3329 καὶπρὸς
3026 3254 3089 3309 τδ
3144 3254 3347 3324 πλῆθος
3403 3252 3733 3323 ἀντιστῆναι

2145 3350 2220 3420 μὴ
2250 3346 2572 3419 δυνάμενος,
2604 3351 2825 3421 καιρίαν
2872 3349 3103 3420 πληγεὶς
3128 3348 3344 3418 φεύγει,
3395 3345 3493 3400 καὶ
3548 3346 3605 3399 ἐν
3653 3344 3734 3416 τῷ

2141 3441 2255 3514 ναῷ
2280 3442 2390 3495 τῶν
2424 3440 2745 3513 Βλαχερνῶν
2774 3437 2953 3505 τεθεὶς
2988 3439 3151 3503 εὐθὺς
3185 3437 3543 3509 ἀποθνήσκει.

2215 3612 2327 3680 κςῖ
2403 3615 2726 3686 ’Δνταρσίας
2776 3612 2833 3669 δὲ
2892 3614 3194 3685 γενομένης
3247 3615 3306 3669 ιν
3367 3613 3574 3685 Χαλδία
3624 3613 3734 3668 ὑπὸ

2153 3705 2436 3775 Ἀδριανοῦ
2468 3706 2706 3770 Χαλδέος
2732 3708 2827 3760 καί
2849 3708 3129 3771 Τατζάτου
3172 3705 3458 3776 ’Λρμενίου
3496 3710 3563 3776 τῇ
3595 3706 3735 3760 ὐπο-

2143 3798 2284 3869 θήκῃ
2316 3799 2494 3869 Βάρδα
2540 3796 2636 3852 τοῦ
2690 3798 2854 3853 Βοῖλα
2915 3800 3350 3872 στρατηγοῦντος
3398 3802 3456 3852 ἐν
3497 3800 3732 3871 Χαλδία,

2142 3891 2238 3943 καὶ
2279 3890 2339 3945 τὸ
2372 3890 2589 3962 Παῖπερ
2626 3890 2889 3961 ὀχύρωμα
2939 3890 3241 3962 ἐκρατήθη.
3280 3891 3341 3944 Ὀ
3376 3890 3483 3944 τῶν
3526 3890 3733 3961 σχολῶν

2139 3982 2465 4051 δομέστικος
2524 3983 2779 4053 Ἰωάννης
2830 3986 2858 4038 δ
2909 3983 3230 4055 Κουρκούας
3265 3984 3736 4054 καταπολεμήσας

2141 4078 2237 4128 καὶ
2267 4076 2558 4146 κατασχὼν
2584 4077 2711 4140 τοὺς
2758 4076 2855 4145 μὲν
2902 4077 3399 4146 περιφανεστέρους
3430 4076 3739 4143 ἀποτυῗνλοε

2141 4168 2236 4221 καὶ
2264 4168 2360 4229 τὰς
2383 4167 2570 4230 οὐσίας
2599 4166 2849 4237 δημεύει.
2893 4169 3019 4232 τοὺς
3065 4169 3121 4221 δὲ
3153 4170 3445 4238 πενιχροίδς
3472 4169 3568 4220 καὶ
3596 4168 3738 4235 ἀσή-

2147 4277 2276 4329 μους
2302 4257 2507 4322 ἀθὼους
2541 4260 2964 4319 κελεύσας-ὅποι
2997 4262 3268 4333 βούλοιντο
3303 4262 3544 4315 ἀπιέναι.
3596 4262 3656 4313 Ὀ
3678 4259 3735 4313 δὲ

2143 4353 2430 4423 Τατζάτης
2462 4354 2518 4405 ἐν
2564 4354 2740 4422 ἑτέρῳ
2776 4354 3096 4426 ὀχυρώματι
3136 4355 3417 4424 διαφυγὼν
3450 4357 3545 4409 καὶ
3577 4357 3733 4423 λόγον

460 4442 778 4497 securitatis
809 4443 913 4498 ηδε
949 4446 1141 4500 urbem
1175 4447 1456 4516 ingressus
1488 4454 1615 4511 est;
1668 4446 2033 4516 magisterque

2145 4444 2374 4515 αἰτήσας
2433 4445 2491 4497 ἐν
2539 4448 2605 4517 τῇ
2668 4449 2820 4499 πόλει
2855 4448 3214 4519 εἰσεληλύθει,
3272 4451 3365 4501 καὶ⁵
3427 4451 3732 4521 μάγιστρος

464 4544 760 4601 provectus
814 4536 868 4590 in
907 4535 1188 4608 Mangnnls
1234 4537 1337 4591 sub
1394 4537 1643 4591 custodia
1696 4536 2033 4591 morabatur.

2145 4535 2434 4604 γενόμενος
2465 4538 2520 4589 ὲν
2548 4539 2659 4599 τοῖς
2694 4538 3014 4604 Μαγγάνοις
3062 4538 3401 4610 τηρούμενος
3451 4538 3679 4611 διῃτᾶτο
3711 4555 3726 4569 ’

464 4623 602 4679 Dum
634 4643 765 4680 vero
802 4628 983 4698 fugam
1032 4630 1277 4693 molitur,
1324 4638 1519 4698 captus
1563 4629 1740 4683 oculis
1792 4627 2042 4684 orbatur.

460 4713 668 4769 Bardas
698 4717 847 4772 Boila
902 4719 1251 4789 imperatoris
1292 4718 1584 4773 clementia
1621 4717 1877 4772 monachi
1929 4718 2043 4773 ritu

460 4810 692 4863 cesarie
724 4810 1010 4867 multatur.

533 4905 623 4958 27.
663 4906 933 4977 Symeone
962 4922 1094 4961 vero
1121 4922 1246 4961 cum
1277 4906 1536 4961 omnibus
1560 4906 1735 4975 copiis
1764 4905 2035 4961 Adriano-

461 4996 633 5066 polim
680 4996 973 5052 obsidente
1014 5013 1077 5053 ac
1128 4998 1345 5053 fortiter
1404 4999 1598 5054 urbem
1659 5008 2033 5069 Oppuguante,

461 5091 613 5160 quod
645 5092 818 5147 fames
864 5092 1043 5147 valida
1087 5093 1345 5147 obsessos
1393 5101 1672 5162 premeret
1722 5107 1825 5146 nec
1878 5089 2037 5161 735

465 5186 576 5239 ulla
601 5184 971 5240 frumentandi
998 5186 1229 5240 facultas
1253 5190 1333 5239 eis
1363 5184 1551 5239 relicta
1606 5191 1772 5245 esset,
1825 5181 1927 5251 ipsi
1979 5194 2037 5235 se

465 5288 867 5351 prfetoremque
907 5294 1067 5333 suum
1116 5277 1363 5348 Bulgaris
1395 5276 1779 5346 prodiderunt.
1838 5274 1966 5329 Erat
1996 5274 2042 5329 is

467 5368 800 5428 Moroleonis
839 5389 936 5428 seu
967 5374 1183 5444 (verius
1210 5371 1392 5441 dicas)
1427 5370 1819 5442 Thymoleouis
1870 5368 2038 5432 ﬁlius,

468 5460 555 5513 vi:
593 5477 716 5516 cum
743 5465 866 5520 aliis
910 5466 1151 5536 Optimus
1201 5473 1314 5518 tum
1365 5463 1530 5518 rebus
1585 5463 1733 5519 bello
1781 5462 2042 5532 przeclare

466 5554 640 5625 gestis
669 5556 1007 5615 clarissimus
1051 5558 1412 5629 plurimisque
1461 5558 1727 5614 adversus
1778 5554 2043 5625 Bulgaros

2145 4626 2339 4697 δρὶσαι
2366 4626 2419 4679 δὲ
2452 4626 2885 4697 βουλευσάμενος
2922 4629 3203 4683 ἁλίσκεται
3256 4632 3350 4685 καὶ
3397 4632 3509 4683 τῶν
3547 4630 3727 4700 ὀμμά-

2145 4732 2253 4772 των
2316 4721 2682 4789 στερίσκεται.
2746 4720 2960 4791 Βάρδαν
2993 4723 3049 4776 δὲ
3080 4724 3169 4776 τὸν
3213 4722 3296 4797 [Ρ.
3351 4724 3479 4795 485]
3540 4724 3727 4777 BIL”

2145 4810 2469 4885 ἀπέκειραν,
2496 4813 2587 4867 τοῦ
2626 4814 2890 4880 βασιλέως
2917 4816 3083 4868 αὑτὸν
3121 4818 3621 4886 κατοικτείραντος.

2216 4907 2317 4971 κζ’.
2352 4907 2573 4978 musti»:
2612 4905 2670 4960 δὲ
2727 4909 2825 4961 σὺν
2883 4910 3047 4962 παντὶ
3101 4909 3178 4981 τῷ
3225 4909 3339 4981 λαῷ
3396 4912 3567 4963 αὑτοῦ
3632 4913 3722 4978 τὴν

2153 4997 2592 5069 Ἀδριανούπολιν
2619 5000 3097 5071 παρακαθίσαντος
3126 4999 3220 5054 καὶ
3249 5003 3487 5071 ἰσχυρῶς
3515 5006 3719 5072 πολιορ-

2143 5090 2386 5155 κοῦντος,
2445 5093 2567 5144 ἐπεὶ
2626 5092 2720 5147 καὶ
2752 5089 2911 5162 λιμὸς
2965 5093 3160 5154 αὐτοὺς
3222 5094 3411 5156 ἐπίεζε
3466 5098 3716 5164 κραταιδς

2145 5187 2239 5239 καὶ
2283 5184 2581 5255 οὐδαμόθεν
2640 5181 2784 5255 εἶχον
2837 5185 3267 5249 ἐπισιτίσασθαι,
3322 5188 3715 5256 προδεδώκασιν

2146 5276 2373 5339 ἑαυτούς
2422 5293 2482 5329 τε
2545 5278 2639 5329 καὶ
2700 5277 2791 5329 τὸν
2846 5277 3152 5349 στρατηγὸν
3206 5278 3317 5340 τοῖς
3368 5277 3713 5349 Βουλγαροις.

2149 5366 2315 5431 Οὗτος
2361 5370 2415 5423 δὲ
2459 5366 2524 5439 ἦν
2568 5371 2595 5422 ὁ
2640 5368 2735 5421 τοῦ
2789 5368 3172 5438 Μωρολὲοντος
3251 5369 3365 5431 υἱὸς
3420 5369 3452 5440 ἢ
3515 5372 3705 5440 μᾶλλον

2148 5457 2533 5531 Θυμολέοντος,
2595 5457 2768 5511 εἰπεῖν
2821 5460 3205 5528 οἰκειοτέρως,
3267 5458 3408 5528 ἀνὴρ
3460 5462 3528 5512 τὰ
3585 5459 3713 5513 ἄλλα

2150 5551 2437 5619 κράτιστος
2482 5546 2575 5600 καὶ
2632 5548 2697 5599 τὲ
2753 5546 3020 5617 πολεμικὰ
3072 5545 3413 5620 περιϐόητος,
3456 5549 3517 5612 ὃς
3570 5549 3712 5601 πλεξ-

1782 5646 2017 5705 ΥΛΚΙᾸΞ
2065 5639 2467 5701 LECTIONES.

551 5742 571 5772 ⁸
603 5739 837 5808 ὄπερόἳ
