3962 6200
240 284 335 350 797

657 284 1027 348 ANNALES.
1064 311 1134 324 --
1170 287 1576 348 CONSTANT.
1598 287 1800 350 PORPi

1905 288 1977 349 Β.
2018 288 2115 350 ΕΤ
2165 289 2535 350 ROMANUS
2582 288 3040 349 LACAPENUS.

3360 290 3467 351 798

238 414 360 461 στας
417 396 783 468 ἀνδραγαθίας
838 399 980 453 κατὰ
1042 397 1365 472 Βουλγάρων
1427 399 1740 466 ιπεδείξατο
1780 417 1795 431 '

1905 400 2122 469 tropaeis
2165 414 2291 454 cum
2320 399 2516 470 primis
2545 397 2899 467 conspicuus.
2949 397 3083 468 Ejus
3134 396 3318 466 itaque
3369 396 3467 465 Sy-

233 486 288 542 ὃν
338 487 437 541 καὶ⁸
486 488 895 560 χειρωσάμενος
939 493 970 544 6
1022 474 1267 559 έυμεὼν,
1316 492 1540 563 μυρίαις
1595 510 1657 546 τε
1709 495 1794 548 αί·

233 580 373 644 κίαις
425 579 612 634 τοῦτον
656 583 1142 652 τιμωρησάμενος,
1192 584 1503 638 τελευταῖον
1541 586 1799 639 ἀπέκτει-

234 689 336 725 νεν.
409 672 520 725 Ka‘t
577 671 909 741 Βουλγάροις
959 674 1060 743 τὴν
1120 674 1221 742 τῆς
1280 675 1487 738 πόλεως
1551 676 1798 745 φυλακὴν

236 763 507 835 παραδοὺς
548 762 953 837 ὑπεχώρησενο
1016 764 1065 817 el
1118 765 1217 837 τὴν
1276 766 1395 818 κατ’
1458 767 1636 833 αὐτῶν
1689 768 1797 822 τῶν

243 853 529 926 Ῥωμαίων
568 855 753 925 ἔφοδον
794 853 1113 926 ἀκηκοότες,
1157 856 1256 927 τὴν
1288 858 1439 910 πόλιν
1468 858 1796 912 καταλιπόν-

233 963 318 1009 τες
347 944 609 1012 ἀπῆλθον,
641 946 734 998 καὶ
765 946 926 997 πάλιν
948 944 1050 999 ὑπὸ
1086 944 1388 1016 Ῥωμαίους
1423 947 1657 1014 ἐγένετο.

298 1042 403 1105 κη’.
441 1035 547 1088 Τοῦ
577 1035 631 1087 δὲ
664 1036 989 1106 Τριπολίτου
1050 1035 1278 1098 Λέοντος
1332 1037 1468 1105 μετὰ
1514 1038 1796 1107 δυνάμεως

234 1125 428 1194 πολλῆς
481 1129 546 1196 τῇ
598 1126 766 1198 νήσῳΔ
797 1128 1000 1197 Λήμνῳ
1056 1126 1472 1192 καταλαϐόντος,
1544 1129 1796 1198 Ἰωάννης

233 1218 260 1269 ὁ
290 1194 574 1285 πατρίκιος
624 1194 1107 1289 κα¹ιῗρουγγάριος
1147 1218 1255 1271 τῶν
1305 1218 1564 1290 πλωΐμων
1597 1222 1623 1275 6
1670 1194 1795 1276 Ῥοι-

231 1307 367 1370 δινδς
401 1306 666 1377 αἰφνίδιον
708 1308 986 1361 ἐπιπεσὼν
1040 1309 1221 1371 αὐτοῖς
1269 1311 1479 1374 πάντας
1518 1309 1791 1377 ἀπώλεσε,

233 1401 390 1473 μόνου
431 1399 593 1453 αὐτοῦ
616 1400 707 1452 τοῦ
729 1398 1052 1470 Τριπολίτου
1086 1400 1464 1471 διαφυγόντος.

184 1495 189 1500 “
296 1489 398 1546 κθ⁹.
431 1492 522 1562 Τῷ
544 1491 598 1545 δὲ
622 1488 979 1563 Σεπτεμϐρίῳ
1010 1492 1162 1564 μηνὶ,
1194 1494 1291 1563 τῆς
1340 1494 1385 1563 β’
1442 1495 1791 1562 ίνδικτιῶνος,

230 1580 386 1635 πάλιν
415 1580 642 1650 Συμεὼν
677 1584 703 1634 ὁ
732 1581 1037 1653 Βούλγαρος
1094 1585 1399 1655 πανστρατὶ
1452 1586 1591 1639 κατά
1642 1588 1797 1640 Κων-

231 1674 718 1737 σταντινουπόλεως
786 1676 1164 1746 ἐκστρατεύει,
1228 1678 1321 1729 καὶ
1379 1677 1625 1746 ληῖζεται
1695 1680 1793 1748 μὲν

226 1764 445 1836 θρᾴκην
486 1766 579 1819 καὶ
633 1767 997 1833 Μακεδονίαν,
1048 1769 1340 1839 ἐμπυρίζει
1386 1770 1442 1823 δὲ
1474 1772 1653 1825 πάντα
1702 1774 1795 1826 καὶ

229 1856 592 1926 καταστρέφει
623 1858 716 1909 καὶ
743 1858 1109 1929 δενδροτομεϊ,
1140 1860 1304 1931 μέχρι
1337 1860 1445 1915 τῶν
1476 1861 1794 1933 Βλαχερνῶν

229 1951 690 2019 παραγενόμενος,
728 1950 824 2003 καὶ
859 1951 920 2023 δὴ
954 1952 1227 2022 ἐπιζητῶν
1258 1953 1626 2024 ἀποσταλῆναι
1652 1954 1796 2024 αὐτῷ

226 2038 316 2093 τὸν
338 2040 684 2112 πατριάρχην
704 2043 970 2096 Νικόλαον
998 2044 1091 2097 καί
1119 2062 1269 2107 τινας
1291 2046 1398 2097 τῶν
1432 2046 1790 2114 μεγιστάνων,

227 2128 364 2183 ὥστε
396 2133 523 2201 περὶ
580 2134 801 2203 εἰρήνης
832 2135 1016 2196 αὐτοῖς
1068 2136 1368 2205 συντυχεῖν.
1419 2137 1647 2189 Ἔλαϐον
1703 2134 1796 2191 οὖν

226 2208 465 2296 ὁμήρους
503 2226 829 2297 ἀμφότεροι,
868 2227 961 2279 καὶ
1012 2226 1252 2298 ἐξῆλθον,
1300 2228 1327 2282 ὅ
1356 2245 1411 2281 τε
1452 2230 1795 2301 πατριάρχης

226 2315 320 2367 καὶ
370 2315 589 2389 Μιχαὴλ
636 2316 919 2389 πατρίκιος
975 2319 1003 2370 6
1058 2318 1375 2389 Στυπιώτης
1405 2321 1498 2373 καὶ
1545 2319 1796 2390 Ἰωάννης

229 2406 488 2475 μυστικὸς
545 2408 573 2460 6
632 2407 1158 2476 παραδυναστεύων·
1215 2410 1316 2480 ἤδη
1370 2411 1477 2480 γὰρ
1547 2411 1797 2481 Ἰωάννης

224 2491 255 2548 6
292 2496 535 2568 ραίκτωρ
561 2497 871 2567 διαϐληθεὶς
927 2497 1004 2569 τῷ
1040 2498 1249 2569 βασιλεῖ
1296 2502 1571 2572 άπεκάρη.
1603 2504 1665 2555 Ol
1699 2502 1798 2571 μὲν

223 2585 316 2645 οὖν
354 2588 429 2658 τῷ
459 2588 685 2659 Συμεὼν
742 2589 873 2661 περὶ
926 2592 1154 2664 εἰρήνης
1197 2590 1516 2658 διελέγοντο,
1552 2594 1713 2657 αὐτὸς
1741 2595 1797 2647 δὲ

224 2678 316 2731 τὸν
368 2678 597 2751 βασιλέα
671 2680 948 2753 Ῥωμανδν
1005 2682 1304 2737 θεάσασθαι
1360 2684 1573 2754 ἢθελεν.
1626 2687 1799 2757 Ὅπερ

225 2769 467 2835 ἀκούσας
512 2774 540 2827 6
589 2773 844 2843 βασιλεὺς
896 2774 1101 2845 σφόδρα
1159 2777 1562 2846 ἠγαλλιάσατο·
1611 2778 1800 2832 ἐπόθει

224 2863 333 2934 γάρ
361 2864 461 2934 τὴν
509 2865 733 2935 εἰρήνην
783 2867 876 2923 καὶ
931 2867 992 2921 τὸ
1040 2867 1230 2936 στῆναι
1280 2870 1377 2937 τὴν
1411 2870 1517 2922 τῶν
1553 2870 1800 2939 αἱμάτων

222 2953 403 3025 χύσιν.
445 2955 797 3021 Ἀποστείλας
840 2957 934 3012 οὖν
982 2961 1040 3012 ὲν
1078 2959 1155 3030 τῷ
1203 2960 1297 3015 τοῦ
1329 2965 1350 2992 ⁹
1383 2962 1684 3032 Κοσμιδίου
1712 2965 1799 3017 αι·-

1897 508 2059 547 mean
2080 491 2309 561 potitus,
2344 500 2470 559 post
2510 492 2801 550 innumera
2830 489 3069 559 irrogata
3098 487 3367 558 supplicia
3405 502 3470 541 ac

1897 579 2408 643 dehonestamenta,
2433 578 2500 633 ad
2527 587 2829 651 extremum
2865 578 3116 647 peremit.
3158 577 3298 631 Tum
3334 575 3469 631 reli-

1896 679 1985 726 cta
2018 670 2268 741 Bulgaria
2295 670 2675 726 custodiendae
2701 670 2857 725 urbis
2885 669 3169 739 provincia
3219 670 3467 724 recessit.

1896 763 2098 817 Relicti
2134 778 2265 817 vero
2296 762 2642 831 praesidiarii,
2678 762 2866 816 audita
2889 762 3265 816 Romanorum
3296 761 3352 814 in
3373 776 3471 816 eos

1895 856 2267 925 aggressione,
2304 855 2497 909 relicta
2528 855 2666 909 urbe
2710 855 2936 909 domum
3000 855 3295 920 abierunt;
3344 870 3469 907 rur-

1896 962 2101 1017 susque
2128 947 2221 1002 illa
2246 948 2502 1003 Romana:
2525 947 2722 1001 ditioni
2754 948 2942 1003 cessit.

1964 1039 2054 1094 28.
2084 1037 2223 1093 Cum
2254 1048 2441 1093 autem
2470 1038 2581 1092 Leo
2612 1032 2879 1108 Tripolita
2905 1054 3030 1092 cum
3057 1038 3265 1107 ingenti
3310 1037 3469 1091 forti-

1895 1145 2001 1199 que
2024 1130 2270 1186 exercitu
2301 1130 2353 1183 in
2385 1129 2653 1187 Lemnum
2680 1131 2914 1186 insulam
2938 1130 3200 1190 venisset.
3231 1130 3473 1183 Joannes

1895 1220 2140 1277 Radinus
2166 1222 2433 1291 patricius
2459 1231 2516 1274 et
2546 1222 2741 1279 classis
2774 1222 3110 1291 drungarius
3149 1219 3332 1274 subita
3368 1220 3471 1273 im-

1895 1311 2179 1379 pressione
2229 1311 2279 1363 in
2322 1311 2508 1365 hostes
2560 1311 2777 1365 irruens
2837 1325 3031 1367 omnes
3074 1309 3468 1373 internecione,

1893 1399 2013 1454 solo
2046 1399 2311 1468 Tripolita
2347 1400 2472 1470 luga
2492 1400 2701 1469 elapso,
2734 1400 2958 1457 delevit.

1964 1490 2054 1545 29.
2079 1490 2263 1544 Mense
2296 1500 2480 1544 autem
2517 1490 2850 1560 Septembri,
2888 1490 3190 1546 indictione
3209 1489 3470 1553 secunda,

1897 1598 2089 1637 rursus
2121 1582 2356 1652 Symeon
2388 1582 2657 1651 Bulgarns
2685 1598 2813 1637 cum
2846 1583 3108 1638 omnibus
3152 1583 3327 1651 cepiis
3375 1581 3473 1635 ad-

1896 1687 2089 1727 versus
2118 1671 2439 1743 Byzantium
2463 1672 2640 1726 aciem
2683 1672 2871 1727 educit
2899 1689 2914 1738 ;
2973 1672 3375 1740 Thraciamquc
3416 1681 3473 1724 et

1895 1764 2270 1820 Macedoniam
2294 1765 2584 1835 populatus
2601 1763 2782 1819 omnia
2802 1762 3046 1821 incendit
3066 1773 3231 1832 atque
3247 1763 3471 1830 evertit,

1895 1857 2233 1927 arboresque
2256 1857 2322 1911 ad
2363 1857 2697 1911 Blachernas
2727 1872 2901 1926 usque
2936 1857 3169 1911 veniens
3214 1856 3469 1911 succidit.

1897 1950 2035 2004 Tum
2065 1950 2348 2005 Nicolaum
2397 1948 2761 2019 patriarcham
2797 1964 2862 2002 ac
2897 1948 3117 2018 aliquos
3159 1964 3470 2017 procerum,

1895 2040 2222 2112 quibuscum
2263 2040 2331 2094 de
2354 2054 2486 2107 pace
2534 2039 2609 2093 sit
2659 2039 3058 2103 collocuturus,
3114 2040 3179 2093 ad
3227 2054 3287 2095 se
3330 2037 3472 2092 mitti

1896 2131 2052 2205 peftt.
2095 2132 2210 2185 Dati
2239 2130 2423 2200 itaque
2452 2130 2714 2198 utrinque
2746 2130 2990 2195 obsides,
3018 2130 3265 2199 exiitqne
3306 2129 3472 2186 Nico-
3562 2172 3571 2183 .

1896 2225 2015 2279 laus
2042 2223 2355 2293 patriarcha
2378 2232 2433 2277 et
2462 2221 2695 2277 Michael
2721 2222 2997 2293 Stypiotes
3025 2222 3306 2291 patricius,
3340 2238 3473 2278 nec-

1896 2331 2007 2370 non
2040 2313 2282 2370 Joannes
2311 2313 2578 2384 mysticus
2610 2321 2666 2366 et
2697 2312 2935 2383 publica:
2977 2311 3475 2367 administrationis

1898 2405 2216 2477 imperatdri
2272 2404 2476 2460 socius.
2552 2404 2671 2459 Jam
2738 2405 2943 2473 quippe
2988 2403 3229 2458 Joannes
3269 2411 3471 2469 rector,

1897 2498 2296 2570 conjurationis
2328 2497 2491 2569 736
2512 2496 2748 2560 delatus,
2782 2495 3037 2551 monachi
3070 2496 3177 2551 ritu
3208 2495 3476 2551 detonsus

1899 2591 2099 2659 fuerat.
2141 2591 2321 2659 Atque
2367 2589 2422 2643 bi
2473 2588 2696 2659 quidem
2745 2603 2870 2643 cum
2908 2587 3177 2659 Symeone
3220 2588 3289 2643 de
3343 2603 3476 2658 pace

1904 2682 2214 2737 tractabant
2242 2698 2256 2735 :
2285 2696 2478 2736 verum
2527 2681 2760 2751 Symeon
2808 2680 2985 2751 ipsum
3019 2679 3324 2736 Romanum
3373 2680 3478 2736 im-

1902 2783 2212 2845 peratorem
2244 2772 2430 2829 videre
2452 2772 2697 2842 expetiit.
2734 2772 2813 2827 Eo
2838 2772 3034 2827 nuntio
3090 2782 3339 2842 accepto,
3374 2772 3477 2827 im-

1899 2874 2124 2939 perator
2172 2865 2330 2921 valde
2367 2866 2586 2937 gavisus
2621 2876 2752 2920 est:
2796 2865 2947 2936 pacis
3006 2865 3156 2920 enim
3197 2865 3475 2921 desiderio

1901 2967 2077 3025 actus,
2106 2958 2371 3014 immanes
2390 2959 2566 3014 cades
2585 2964 2751 3029 atque
2779 2971 3005 3015 cruores
3022 2958 3139 3013 sisti
3172 2957 3473 3027 aliquando

224 3048 399 3119 γιαλῷ
455 3049 809 3121 ὀχυρωτάτην
861 3052 1265 3108 κατεσκεύασεν
1321 3057 1380 3108 tv
1436 3057 1503 3125 τῇ
1553 3055 1797 3126 Θαλάσσῃ

1905 3068 2111 3108 summe
2134 3052 2445 3122 expetebat.
2475 3053 2697 3107 Mittens
2730 3050 2897 3121 igitur
2927 3049 2996 3104 ad
3020 3049 3285 3106 Cosmidii
3314 3050 3472 3105 littus

223 3138 517 3204 ἀπόϐασιν,
549 3139 688 3194 ὥστε
716 3141 814 3210 τὴν
843 3138 1128 3213 βασιλικὴν
1148 3144 1379 3215 τριήρην
1413 3144 1797 3198 διεκπλέουσαν

223 3232 285 3286 ιν
329 3232 480 3306 αὐτῷ
518 3233 1040 3304 προσορμίζεσθαι·
1097 3236 1193 3291 καὶ
1240 3238 1579 3306 περιφράξας
1632 3238 1802 3308 αὐτὴν

221 3323 491 3379 πάντοθεν
548 3325 849 3397 προσέταξε
917 3325 1261 3396 διατείχισμα
1314 3326 1477 3398 μέσον
1520 3329 1793 3399 γενέσθαι,

222 3421 351 3476 ινθα
383 3423 631 3495 ἀλλήλοις
676 3422 901 3493 ἔμελλον
957 3423 1187 3494 ὁμιλεῖν.
1258 3424 1381 3479 Ἐπὶ
1430 3425 1640 3489 τούτοις
1666 3426 1801 3477 ἀπο-

224 3516 445 3580 στείλας
497 3514 722 3586 Συμεὼν
780 3516 872 3570 τὸν
928 3519 985 3570 ὲν
1033 3519 1100 3588 τῇ
1140 3518 1296 3587 Πηγῇ
1348 3518 1446 3585 τῆς
1500 3516 1801 3587 ὑπεραγίας

220 3611 486 3666 Θεοτόκου
516 3613 665 3677 ναδν,
695 3609 755 3663 δν
820 3608 1199 3674 ’1ουστινιανδς
1248 3612 1277 3665 6
1326 3609 1577 3681 βασιλεὺς
1608 3610 1804 3680 ὲδομήι-

223 3719 377 3769 σατο,
435 3702 760 3775 ινέπρησεν,
810 3702 997 3763 καὶτὰ
1028 3703 1157 3773 περὶ
1196 3701 1359 3756 αὐτὸν
1391 3703 1589 3765 πάντα,
1643 3703 1801 3771 δῆλος

221 3794 302 3849 ὢν
341 3794 593 3849 ἐντεῦθεν
627 3795 705 3866 μὴ
757 3782 856 3868 τὴν
903 3795 1127 3867 εἰρήνην
1171 3795 1392 3861 ἐθέλων,
1417 3794 1509 3867 ῖΡ.
1534 3794 1661 3867 484]
1685 3795 1801 3849 ἀλλ’

217 3888 310 3942 ἐπ’
343 3887 526 3942 ἐλπίσι
582 3887 879 3959 μετεώροις
932 3888 1025 3941 τδν
1069 3887 1295 3957 βασιλέα
1341 3887 1649 3953 ἐξαπατῶν.
1692 3887 1804 3941 Καὶ

219 3979 674 4050 παραγενόμενος
725 3981 754 4031 6
802 3978 1059 4049 βασιλεὺς
1108 3978 1227 4048 ἅμα
1267 3977 1348 4049 τῷ
1400 3978 1715 4049 πατριάρχῃ
1745 3979 1804 4031 εν

216 4072 559 4145 Βλαχέρναις
595 4075 677 4134 είς
727 4073 825 4142 τὴν
881 4073 1044 4141 άγίαν
1097 4069 1316 4139 εἰσῆλθε
1377 4071 1550 4139 σορὸν,
1586 4070 1805 4133 καὶτὰς

213 4168 414 4237 κείρας
447 4164 694 4227 ἐκτείνας
726 4165 806 4228 είς
837 4165 1022 4235 εὐχὴν,
1054 4159 1179 4216 εἶτα
1208 4163 1304 4217 καὶ
1351 4161 1567 4233 πρηνὴς
1596 4158 1801 4225 marini,

211 4256 453 4327 δάκρυσι
478 4255 541 4313 τὸ
568 4256 724 4325 ἂγιον
758 4255 1089 4326 κατέϐρεχεν
1116 4255 1334 4329 ἔδαφος,
1362 4254 1463 4324 τὴν
1493 4254 1807 4322 πανάχρανο

210 4368 313 4406 τον
342 4350 606 4404 Θεοτόκον
643 4344 943 4403 ἀντιϐολῶν
983 4350 1082 4419 τὴν
1116 4348 1348 4417 ἁκαμπῆ
1373 4349 1465 4400 καὶ
1491 4347 1805 4416 ἀμείλικτον

208 4441 315 4497 τοῦ
352 4441 704 4512 ὑπερηφάνου
748 4434 973 4509 Συμεὼν
1020 4437 1249 4507 καρδίαν
1307 4433 1543 4506 μαλάξαι
1567 4435 1662 4487 καὶ
1690 4435 1806 4485 πεῖ-

211 4549 315 4588 σαι
336 4534 404 4589 τὰ
430 4536 567 4604 πρὸς
600 4534 825 4604 εἰρήνην
863 4528 1174 4584 συνθέσθαι.
1213 4527 1286 4580 Τὸ
1318 4528 1471 4594 άγιον
1498 4525 1590 4578 οὖν
1628 4524 1804 4594 ματρό-

208 4643 342 4699 ριον
374 4626 474 4694 τῆς
506 4624 779 4692 παναγίας
800 4623 1076 4677 »Θεοτόκου
1110 4622 1174 4673 ὲκ
1216 4619 1317 4687 τῆς
1360 4616 1594 4670 κιϐωτοῦ
1624 4615 1807 4669 ἀνελόο

208 4736 388 4792 μενος
442 4717 587 4789 ἐξῄει
630 4717 722 4771 τοῦ
750 4716 902 4793 ναοῦ,
950 4716 1045 4768 καὶ
1088 4710 1498 4782 καταλαμϐάνει
1548 4708 1639 4761 τὸν
1685 4708 1811 4776 ὠρι-

205 4811 424 4879 σμένον
464 4811 645 4863 τόπον.
672 4808 866 4877 Ἐνάτη
897 4806 952 4858 δὲ
982 4800 1049 4875 ἦν
1076 4803 1167 4857 τοῦ
1200 4798 1572 4871 Σεπτεμϐρίου
1618 4798 1807 4868 μηνὸς,

204 4905 452 4974 πέμπτη
505 4902 562 4955 δὲ
612 4902 709 4970 τῆς
755 4898 1046 4971 ἑϐδομάδος
1093 4897 1278 4968 ἡμέρα
1308 4911 1323 4927 ⁸
1355 4894 1448 4947 καὶ
1480 4896 1545 4964 τῇ
1572 4894 1808 4968 τετάρτῃ

203 4996 347 5069 ὥρᾳ
408 4996 775 5064 παραγίνεται
826 4992 1097 5063 Συμεὼν,
1149 4987 1353 5059 πλῆθος
1416 4988 1646 5055 άπειρον
1714 4986 1810 5042 ἒπ-

196 5088 517 5157 αγόμενος,
533 5086 612 5151 εἰς
641 5085 839 5148 πολλὰς
868 5083 1194 5155 διῃρημένον
1211 5082 1308 5143 τὰς
1328 5078 1681 5149 παρατάξεις,
1698 5076 1808 5129 τῶν

200 5180 325 5251 μὲν
353 5179 847 5249 χρυσασπίδωνκαὶ
892 5176 1324 5251 χρυσοδοράτων,
1369 5171 1549 5226 τῶνδὲ
1599 5171 1807 5239 ἀργυρ-

198 5268 471 5324 antibant
523 5268 618 5322 καὶ
662 5266 1137 5340 άργυροδοράτων,
1196 5265 1305 5317 τῶν
1334 5263 1391 5315 δὲ
1426 5264 1579 5333 πάσῃ
1624 5260 1804 5313 ὅπλων

198 5362 392 5434 χροιᾷ
417 5360 873 5430 κεκοσμημένων,
900 5360 1116 5414 πάντων
1147 5370 1506 5423 καταπεφραγ
1518 5351 1693 5421 μένων
1726 5370 1807 5406 σι·-

202 5454 383 5525 ὅήρῳ
406 5468 419 5481 ’
462 5450 511 5505 οἳ
540 5454 703 5522 μέσον
732 5450 911 5504 αὐτῶν
954 5448 1289 5519 διειληφότες
1336 5451 1427 5499 τὸν
1469 5444 1692 5514 Συμεὼν
1730 5444 1805 5507 ὡς

204 5542 460 5615 βασιλέα
482 5544 760 5612 εὐφήμουν
780 5545 846 5614 τῇ
882 5541 1283 5611 τῶνῬωμαίων
1312 5540 1486 5609 φωνῇ.
1516 5537 1719 5599 Πάντες
1751 5535 1807 5588 δὲ

1904 3145 2338 3200 munitissimum
2401 3159 2726 3200 esscensum
2802 3142 3130 3208 construxit,
3190 3142 3257 3195 ad
3310 3158 3475 3210 quem

1884 3237 2158 3306 praetoria
2184 3237 2424 3289 triremis
2462 3234 2904 3289 emensoitinere
2938 3235 3106 3287 remis
3161 3233 3477 3301 impellere-

1905 3335 2015 3391 tur,
2043 3342 2107 3380 ac
2133 3326 2226 3379 ubi
2260 3326 2406 3379 inter
2433 3340 2491 3380 sc
2517 3339 2829 3379 sermonem
2862 3332 3051 3378 essent
3080 3322 3357 3378 collaturi.
3391 3323 3477 3378 ln-

1905 3430 1989 3475 ter
2023 3419 2137 3474 haec
2177 3414 2411 3488 Symeon
2445 3416 2607 3471 missa
2640 3431 2866 3471 suorum
2902 3430 3065 3469 manu
3118 3414 3479 3471 sanctissima:

1901 3511 2000 3567 Dei
2029 3506 2330 3567 Genitricis
2351 3508 2613 3576 templum
2648 3505 2807 3574 Pegis
2834 3522 2864 3559 a
2892 3505 3203 3561 Justiniano
3231 3506 3475 3575 impera-

1904 3612 2021 3659 tore
2047 3608 2390 3657 exstructum
2414 3613 2480 3653 ac
2506 3596 2684 3651 vicina
2717 3610 2948 3665 quaeque
2983 3592 3306 3656 succendit;
3350 3591 3476 3661 qui-

1902 3694 2007 3751 bus
2045 3693 2191 3749 nolle
2240 3706 2299 3747 se
2339 3705 2551 3761 pacem,
2608 3686 2704 3743 sed
2762 3702 2901 3743 vana
2958 3701 3055 3755 spe
3090 3684 3478 3754 imperatorem

1902 3786 2185 3850 deludere,
2218 3782 2482 3839 oswndit.
2526 3780 2768 3836 Veniens
2820 3789 3005 3835 autem
3060 3780 3362 3849 imperator
3407 3777 3478 3833 ad

1904 3872 2233 3933 Blachernas
2261 3888 2386 3928 cum
2427 3871 2767 3941 patriarcha,
2799 3881 2966 3940 atque
3013 3872 3082 3926 ad
3120 3882 3369 3927 sanctum
3399 3871 3478 3925 lo.-

1904 3970 2088 4025 culum
2114 3967 2413 4037 ingressus,
2444 3963 2688 4019 extensis
2719 3963 2774 4017 in
2798 3975 2993 4032 preces
3023 3965 3277 4019 manibus
3308 3965 3476 4032 inque

1904 4058 2099 4114 faciem
2123 4066 2364 4112 cernuus
2386 4070 2450 4110 ac
2478 4054 2821 4123 provolutus,
2853 4054 3093 4110 ubertim
3117 4054 3370 4124 lacrymis
3386 4069 3481 4108 so-

1905 4148 2017 4204 lum
2074 4145 2331 4213 irrigans,
2391 4143 2931 4203 intemeratissimam
2994 4143 3089 4197 Dei
3143 4142 3479 4198 Genitricem

1907 4239 2105 4294 durum
2167 4237 2546 4303 immitemque
2604 4234 2830 4303 superbi
2886 4233 3172 4303 Symeonis
3237 4233 3481 4287 animum

1910 4327 2160 4383 emollire
2203 4326 2427 4396 rogabat
2457 4338 2697 4394 eumque
2728 4324 2793 4377 ad
2820 4338 3009 4393 pacem
3043 4322 3480 4391 componendam

1910 4420 2214 4475 inﬂectere.
2246 4417 2447 4472 Sancto
2480 4418 2647 4486 igitur
2679 4416 3039 4471 sanctissima:
3066 4416 3161 4470 Dei
3182 4414 3482 4470 Genitricis

1912 4510 2201 4580 maphorio
2239 4508 2502 4581 (palliolo
2546 4508 2809 4562 nimirum
2841 4522 2906 4561 ac
2944 4506 3131 4575 veste)
3163 4524 3193 4562 e
3224 4506 3484 4562 scriniolo

1912 4605 2151 4668 sublato,
2184 4604 2387 4672 templo
2408 4617 2664 4673 egressus
2700 4603 2768 4659 ad
2798 4604 2979 4658 locum
2999 4605 3361 4659 constitutum
3391 4620 3485 4658 vc-

1914 4697 2016 4752 nit.
2070 4696 2224 4751 Nona
2254 4706 2374 4751 erat
2424 4695 2629 4750 mensis
2674 4694 3038 4764 Septembris,
3084 4696 3277 4765 quinta
3327 4695 3482 4759 feria,

1914 4806 2039 4846 cum
2074 4789 2306 4860 Symeou
2335 4788 2541 4857 ingenti
2571 4803 2794 4841 suorum
2844 4788 3078 4857 stipatus
3124 4788 3401 4851 satellitio,
3430 4788 3487 4842 in

1912 4884 2115 4939 multas
2172 4881 2437 4939 distincto
2481 4880 2632 4935 acies
2685 4888 2853 4949 atque
2911 4880 3175 4946 ordines,
3247 4880 3484 4937 accedit.

1913 4976 2146 5031 Militum
2202 4973 2297 5028 alii
2363 4972 2551 5027 aureis
2596 4971 2807 5043 clypeis
2850 4987 2915 5026 ac
2970 4972 3118 5043 pilis,
3148 4972 3239 5027 alii
3291 4987 3483 5042 argene

1916 5069 2017 5126 teis
2072 5060 2230 5136 737
2278 5079 2525 5137 auroque
2571 5074 2628 5119 et
2683 5074 2909 5134 argento
2967 5064 3340 5119 vermiculatis
3402 5064 3486 5118 ine

1914 5158 2144 5221 structi;
2173 5171 2478 5225 omnesque
2509 5156 2655 5211 ferro
2682 5155 3085 5220 circumcmcti,
3121 5156 3207 5211 sui
3244 5155 3485 5210 medium

1912 5263 2228 5322 susceptum
2289 5249 2637 5320 Symeonem,
2700 5249 2894 5304 faustis
2941 5249 3172 5303 vocibus
3228 5257 3487 5318 tanquam

1914 5348 2303 5415 imperatorem
2360 5356 2424 5397 ac
2479 5354 2662 5409 regem
2720 5340 2963 5393 Romana
2992 5338 3194 5409 lingua
3238 5337 3487 5392 dilauda-

1914 5439 2064 5493 haut.
2117 5436 2350 5489 Senatus
2388 5432 2569 5486 omnis
2618 5429 2791 5483 muris
2834 5428 3112 5495 assidens,
3162 5445 3283 5500 qua:
3330 5445 3489 5499 gere:I

1913 5533 2115 5586 bantur
2159 5528 2314 5597 longe
2364 5522 2804 5594 prospectabant.
2851 5522 2978 5576 Erat
3023 5521 3188 5593 igitur
3231 5534 3359 5578 tunc
3403 5522 3485 5577 vl-

1509 5630 1743 5689 νΑιιιιΕ
1768 5624 2171 5687 LECTIUNLS.

286 5726 311 5757 ’
352 5722 475 5795 τοῦ]
505 5723 611 5776 τῶν
643 5722 706 5779 Ρ.
