  <div class='ocr_page' id='page_1' title='image "/cluster/home/n/w/nwhite01/storage/ocr_20150623/109/hvd.32044073502312/423.png"; bbox 0 0 3962 6200; ppageno 0'>
   <div class='ocr_carea' id='block_1_1' title="bbox 462 290 568 354">
    <p class='ocr_par' dir='ltr' id='par_1_1' title="bbox 462 290 568 354">
     <span class='ocr_line' id='line_1_1' title="bbox 462 290 568 354; baseline 0.019 -2"><span class='ocrx_word' id='word_1_1' title='bbox 462 291 493 352; x_wconf 78' lang='lat'><strong>7</strong></span> <span class='ocrx_word' id='word_1_2' title='bbox 499 290 568 354; x_wconf 82' lang='lat'><strong>99</strong></span> 
     </span>
    </p>
   </div>
   <div class='ocr_carea' id='block_1_2' title="bbox 1658 292 2446 358">
    <p class='ocr_par' dir='ltr' id='par_1_2' title="bbox 1658 292 2446 358">
     <span class='ocr_line' id='line_1_2' title="bbox 1658 292 2446 358; baseline 0.005 -6"><span class='ocrx_word' id='word_1_3' title='bbox 1658 292 1954 355; x_wconf 78' lang='lat' dir='ltr'><strong>SYMEON</strong></span> <span class='ocrx_word' id='word_1_4' title='bbox 1962 295 2033 354; x_wconf 87' lang='lat' dir='ltr'><strong>IS</strong></span> <span class='ocrx_word' id='word_1_5' title='bbox 2075 295 2446 358; x_wconf 72' lang='lat' dir='ltr'><strong>MAGISTRI</strong></span> 
     </span>
    </p>
   </div>
   <div class='ocr_carea' id='block_1_3' title="bbox 3612 290 3720 353">
    <p class='ocr_par' dir='ltr' id='par_1_3' title="bbox 3612 290 3720 353">
     <span class='ocr_line' id='line_1_3' title="bbox 3612 290 3720 353; baseline 0 0"><span class='ocrx_word' id='word_1_6' title='bbox 3612 290 3720 353; x_wconf 87' lang='lat'><strong>800</strong></span> 
     </span>
    </p>
   </div>
   <div class='ocr_carea' id='block_1_4' title="bbox 461 407 2051 487">
    <p class='ocr_par' dir='ltr' id='par_1_4' title="bbox 461 407 2044 479">
     <span class='ocr_line' id='line_1_4' title="bbox 461 407 2044 479; baseline -0.001 -13"><span class='ocrx_word' id='word_1_7' title='bbox 461 410 593 466; x_wconf 89' lang='lat' dir='ltr'><strong>dere</strong></span> <span class='ocrx_word' id='word_1_8' title='bbox 634 408 842 479; x_wconf 85' lang='lat' dir='ltr'><strong>regium</strong></span> <span class='ocrx_word' id='word_1_9' title='bbox 888 423 1015 464; x_wconf 85' lang='lat' dir='ltr'><strong>vere</strong></span> <span class='ocrx_word' id='word_1_10' title='bbox 1058 412 1306 462; x_wconf 82' lang='lat' dir='ltr'><strong>animum</strong></span> <span class='ocrx_word' id='word_1_11' title='bbox 1350 422 1415 461; x_wconf 82' lang='lat' dir='ltr'><strong>ac</strong></span> <span class='ocrx_word' id='word_1_12' title='bbox 1461 407 1844 478; x_wconf 74' lang='lat' dir='ltr'><strong>magniﬁcum,</strong></span> <span class='ocrx_word' id='word_1_13' title='bbox 1892 424 2044 465; x_wconf 88' lang='lat' dir='ltr'><strong>men-</strong></span> 
     </span>
    </p>
   </div>
   <div class='ocr_carea' id='block_1_5' title="bbox 2151 407 3722 487">
    <p class='ocr_par' dir='ltr' id='par_1_5' title="bbox 2151 410 3722 487">
     <span class='ocr_line' id='line_1_5' title="bbox 2151 410 3722 487; baseline -0.003 -20"><span class='ocrx_word' id='word_1_14' title='bbox 2151 415 2193 467; x_wconf 83' lang='lat' dir='ltr'><strong>ol</strong></span> <span class='ocrx_word' id='word_1_15' title='bbox 2228 418 2328 485; x_wconf 80' lang='grc' dir='ltr'><strong>τῆς</strong></span> <span class='ocrx_word' id='word_1_16' title='bbox 2360 414 2664 487; x_wconf 77' lang='grc' dir='ltr'><strong>συγκλήτου</strong></span> <span class='ocrx_word' id='word_1_17' title='bbox 2708 412 2902 485; x_wconf 74' lang='grc' dir='ltr'>βουλῆς</span> <span class='ocrx_word' id='word_1_18' title='bbox 2945 413 3055 475; x_wconf 77' lang='grc' dir='ltr'>τοῖς</span> <span class='ocrx_word' id='word_1_19' title='bbox 3089 410 3324 480; x_wconf 72' lang='grc' dir='ltr'>τείχεσιν</span> <span class='ocrx_word' id='word_1_20' title='bbox 3357 410 3722 480; x_wconf 67' lang='grc' dir='ltr'><strong>ἐφεστηκότες</strong></span> 
     </span>
    </p>
   </div>
   <div class='ocr_carea' id='block_1_6' title="bbox 459 500 2040 572">
    <p class='ocr_par' dir='ltr' id='par_1_6' title="bbox 459 500 2040 572">
     <span class='ocr_line' id='line_1_6' title="bbox 459 500 2040 572; baseline 0.001 -15"><span class='ocrx_word' id='word_1_21' title='bbox 459 504 640 572; x_wconf 86' lang='lat' dir='ltr'><strong>tisque</strong></span> <span class='ocrx_word' id='word_1_22' title='bbox 703 501 967 555; x_wconf 75' lang='lat' dir='ltr'><strong>interritte</strong></span> <span class='ocrx_word' id='word_1_23' title='bbox 1022 500 1286 554; x_wconf 84' lang='lat' dir='ltr'><strong>admirari</strong></span> <span class='ocrx_word' id='word_1_24' title='bbox 1343 501 1712 555; x_wconf 73' lang='lat' dir='ltr'><strong>constantiam</strong></span> <span class='ocrx_word' id='word_1_25' title='bbox 1774 500 2040 572; x_wconf 76' lang='lat' dir='ltr'><strong>fortisque</strong></span> 
     </span>
    </p>
   </div>
   <div class='ocr_carea' id='block_1_7' title="bbox 459 592 2039 665">
    <p class='ocr_par' dir='ltr' id='par_1_7' title="bbox 459 592 2039 665">
     <span class='ocr_line' id='line_1_7' title="bbox 459 592 2039 665; baseline 0 -17"><span class='ocrx_word' id='word_1_26' title='bbox 459 595 698 665; x_wconf 80' lang='lat' dir='ltr'><strong>pectoris</strong></span> <span class='ocrx_word' id='word_1_27' title='bbox 753 595 921 647; x_wconf 89' lang='lat' dir='ltr'><strong>robur</strong></span> <span class='ocrx_word' id='word_1_28' title='bbox 986 608 1048 647; x_wconf 88' lang='lat' dir='ltr'><strong>ac</strong></span> <span class='ocrx_word' id='word_1_29' title='bbox 1112 592 1251 645; x_wconf 90' lang='lat' dir='ltr'><strong>nihil</strong></span> <span class='ocrx_word' id='word_1_30' title='bbox 1303 592 1667 648; x_wconf 80' lang='lat' dir='ltr'><strong>collabentem</strong></span> <span class='ocrx_word' id='word_1_31' title='bbox 1724 593 2039 660; x_wconf 83' lang='lat' dir='ltr'><strong>audaciam,</strong></span> 
     </span>
    </p>
   </div>
   <div class='ocr_carea' id='block_1_8' title="bbox 461 681 2044 753">
    <p class='ocr_par' dir='ltr' id='par_1_8' title="bbox 461 681 2044 753">
     <span class='ocr_line' id='line_1_8' title="bbox 461 681 2044 753; baseline 0.001 -17"><span class='ocrx_word' id='word_1_32' title='bbox 461 683 607 753; x_wconf 91' lang='lat' dir='ltr'><strong>quod</strong></span> <span class='ocrx_word' id='word_1_33' title='bbox 656 692 806 737; x_wconf 87' lang='lat' dir='ltr'><strong>tanto</strong></span> <span class='ocrx_word' id='word_1_34' title='bbox 856 681 1097 736; x_wconf 87' lang='lat' dir='ltr'><strong>hostium</strong></span> <span class='ocrx_word' id='word_1_35' title='bbox 1146 682 1379 751; x_wconf 90' lang='lat' dir='ltr'><strong>appulsu</strong></span> <span class='ocrx_word' id='word_1_36' title='bbox 1428 697 1539 736; x_wconf 89' lang='lat' dir='ltr'><strong>non</strong></span> <span class='ocrx_word' id='word_1_37' title='bbox 1592 691 1677 737; x_wconf 89' lang='lat' dir='ltr'><strong>est</strong></span> <span class='ocrx_word' id='word_1_38' title='bbox 1723 690 2044 738; x_wconf 85' lang='lat' dir='ltr'><strong>consterna-</strong></span> 
     </span>
    </p>
   </div>
   <div class='ocr_carea' id='block_1_9' title="bbox 466 773 2047 843">
    <p class='ocr_par' dir='ltr' id='par_1_9' title="bbox 466 773 2047 843">
     <span class='ocr_line' id='line_1_9' title="bbox 466 773 2047 843; baseline 0.001 -15"><span class='ocrx_word' id='word_1_39' title='bbox 466 786 574 839; x_wconf 90' lang='lat' dir='ltr'><strong>tus,</strong></span> <span class='ocrx_word' id='word_1_40' title='bbox 627 790 736 827; x_wconf 84' lang='lat' dir='ltr'><strong>non</strong></span> <span class='ocrx_word' id='word_1_41' title='bbox 779 775 1029 843; x_wconf 79' lang='lat' dir='ltr'><strong>expavit,</strong></span> <span class='ocrx_word' id='word_1_42' title='bbox 1080 789 1189 827; x_wconf 88' lang='lat' dir='ltr'><strong>non</strong></span> <span class='ocrx_word' id='word_1_43' title='bbox 1236 773 1431 841; x_wconf 87' lang='lat' dir='ltr'><strong>pedem</strong></span> <span class='ocrx_word' id='word_1_44' title='bbox 1488 774 1695 837; x_wconf 83' lang='lat' dir='ltr'><strong>retulit,</strong></span> <span class='ocrx_word' id='word_1_45' title='bbox 1746 774 1841 829; x_wconf 89' lang='lat' dir='ltr'><strong>sed</strong></span> <span class='ocrx_word' id='word_1_46' title='bbox 1885 775 2047 843; x_wconf 86' lang='lat' dir='ltr'><strong>quasi</strong></span> 
     </span>
    </p>
   </div>
   <div class='ocr_carea' id='block_1_10' title="bbox 466 867 2048 938">
    <p class='ocr_par' dir='ltr' id='par_1_10' title="bbox 466 867 2048 938">
     <span class='ocr_line' id='line_1_10' title="bbox 466 867 2048 938; baseline 0.003 -19"><span class='ocrx_word' id='word_1_47' title='bbox 466 868 521 920; x_wconf 91' lang='lat' dir='ltr'><strong>in</strong></span> <span class='ocrx_word' id='word_1_48' title='bbox 570 867 874 920; x_wconf 87' lang='lat' dir='ltr'><strong>amicorum</strong></span> <span class='ocrx_word' id='word_1_49' title='bbox 914 883 972 920; x_wconf 90' lang='lat' dir='ltr'><strong>se</strong></span> <span class='ocrx_word' id='word_1_50' title='bbox 1023 876 1227 920; x_wconf 73' lang='lat' dir='ltr'><strong>emtum</strong></span> <span class='ocrx_word' id='word_1_51' title='bbox 1282 867 1533 929; x_wconf 79' lang='lat' dir='ltr'><strong>inferret,</strong></span> <span class='ocrx_word' id='word_1_52' title='bbox 1584 868 1664 921; x_wconf 85' lang='lat' dir='ltr'><strong>sic</strong></span> <span class='ocrx_word' id='word_1_53' title='bbox 1701 869 1889 938; x_wconf 88' lang='lat' dir='ltr'><strong>quiete</strong></span> <span class='ocrx_word' id='word_1_54' title='bbox 1920 883 2048 937; x_wconf 57' lang='lat' dir='ltr'><strong>pro.</strong></span> 
     </span>
    </p>
   </div>
   <div class='ocr_carea' id='block_1_11' title="bbox 462 957 2047 1019">
    <p class='ocr_par' dir='ltr' id='par_1_11' title="bbox 462 957 2047 1019">
     <span class='ocr_line' id='line_1_11' title="bbox 462 957 2047 1019; baseline 0.002 -8"><span class='ocrx_word' id='word_1_55' title='bbox 462 957 659 1019; x_wconf 87' lang='lat' dir='ltr'><strong>cessit,</strong></span> <span class='ocrx_word' id='word_1_56' title='bbox 738 958 890 1011; x_wconf 82' lang='lat' dir='ltr'><strong>velut</strong></span> <span class='ocrx_word' id='word_1_57' title='bbox 964 967 1176 1012; x_wconf 85' lang='lat' dir='ltr'><strong>tantum</strong></span> <span class='ocrx_word' id='word_1_58' title='bbox 1244 972 1355 1011; x_wconf 89' lang='lat' dir='ltr'><strong>non</strong></span> <span class='ocrx_word' id='word_1_59' title='bbox 1420 958 1769 1012; x_wconf 83' lang='lat' dir='ltr'><strong>subditorum</strong></span> <span class='ocrx_word' id='word_1_60' title='bbox 1852 959 2047 1015; x_wconf 81' lang='lat' dir='ltr'><strong>salutis</strong></span> 
     </span>
    </p>
   </div>
   <div class='ocr_carea' id='block_1_12' title="bbox 464 1049 2048 1121">
    <p class='ocr_par' dir='ltr' id='par_1_12' title="bbox 464 1049 2048 1121">
     <span class='ocr_line' id='line_1_12' title="bbox 464 1049 2048 1121; baseline 0.002 -20"><span class='ocrx_word' id='word_1_61' title='bbox 464 1050 742 1119; x_wconf 78' lang='lat' dir='ltr'><strong>pretium,</strong></span> <span class='ocrx_word' id='word_1_62' title='bbox 815 1050 1054 1104; x_wconf 89' lang='lat' dir='ltr'><strong>animam</strong></span> <span class='ocrx_word' id='word_1_63' title='bbox 1112 1049 1363 1103; x_wconf 83' lang='lat' dir='ltr'><strong>hostibus</strong></span> <span class='ocrx_word' id='word_1_64' title='bbox 1413 1049 1658 1104; x_wconf 75' lang='lat' dir='ltr'><strong>oﬂerret.</strong></span> <span class='ocrx_word' id='word_1_65' title='bbox 1713 1050 1873 1104; x_wconf 82' lang='lat' dir='ltr'><strong>Prior</strong></span> <span class='ocrx_word' id='word_1_66' title='bbox 1917 1066 2048 1121; x_wconf 86' lang='lat' dir='ltr'><strong>ergo</strong></span> 
     </span>
    </p>
   </div>
   <div class='ocr_carea' id='block_1_13' title="bbox 464 1140 2047 1215">
    <p class='ocr_par' dir='ltr' id='par_1_13' title="bbox 464 1140 2047 1215">
     <span class='ocr_line' id='line_1_13' title="bbox 464 1140 2047 1215; baseline 0.003 -21"><span class='ocrx_word' id='word_1_67' title='bbox 464 1141 533 1195; x_wconf 88' lang='lat' dir='ltr'><strong>ad</strong></span> <span class='ocrx_word' id='word_1_68' title='bbox 584 1158 709 1195; x_wconf 91' lang='lat' dir='ltr'><strong>eum</strong></span> <span class='ocrx_word' id='word_1_69' title='bbox 751 1157 915 1211; x_wconf 88' lang='lat' dir='ltr'><strong>quem</strong></span> <span class='ocrx_word' id='word_1_70' title='bbox 955 1140 1067 1195; x_wconf 75' lang='lat' dir='ltr'><strong>dixi</strong></span> <span class='ocrx_word' id='word_1_71' title='bbox 1115 1156 1439 1196; x_wconf 76' lang='lat' dir='ltr'><strong>exscensum</strong></span> <span class='ocrx_word' id='word_1_72' title='bbox 1479 1158 1603 1197; x_wconf 86' lang='lat' dir='ltr'><strong>eum</strong></span> <span class='ocrx_word' id='word_1_73' title='bbox 1650 1143 1908 1206; x_wconf 85' lang='lat' dir='ltr'><strong>venisset,</strong></span> <span class='ocrx_word' id='word_1_74' title='bbox 1945 1143 2047 1215; x_wconf 82' lang='lat' dir='ltr'><strong>Sy-</strong></span> 
     </span>
    </p>
   </div>
   <div class='ocr_carea' id='block_1_14' title="bbox 470 1235 2050 1305">
    <p class='ocr_par' dir='ltr' id='par_1_14' title="bbox 470 1235 2050 1305">
     <span class='ocr_line' id='line_1_14' title="bbox 470 1235 2050 1305; baseline 0.003 -18"><span class='ocrx_word' id='word_1_75' title='bbox 470 1236 720 1289; x_wconf 87' lang='lat' dir='ltr'><strong>meonem</strong></span> <span class='ocrx_word' id='word_1_76' title='bbox 752 1236 1194 1304; x_wconf 67' lang='lat' dir='ltr'><strong>praestolabatur.</strong></span> <span class='ocrx_word' id='word_1_77' title='bbox 1230 1235 1370 1289; x_wconf 82' lang='lat' dir='ltr'><strong>Hinc</strong></span> <span class='ocrx_word' id='word_1_78' title='bbox 1402 1250 1533 1305; x_wconf 90' lang='lat' dir='ltr'><strong>ergo</strong></span> <span class='ocrx_word' id='word_1_79' title='bbox 1564 1235 1692 1290; x_wconf 85' lang='lat' dir='ltr'><strong>inde</strong></span> <span class='ocrx_word' id='word_1_80' title='bbox 1730 1236 1873 1291; x_wconf 86' lang='lat' dir='ltr'><strong>datis</strong></span> <span class='ocrx_word' id='word_1_81' title='bbox 1903 1236 2050 1291; x_wconf 91' lang='lat' dir='ltr'><strong>obsi-</strong></span> 
     </span>
    </p>
   </div>
   <div class='ocr_carea' id='block_1_15' title="bbox 466 1326 2052 1396">
    <p class='ocr_par' dir='ltr' id='par_1_15' title="bbox 466 1326 2052 1396">
     <span class='ocr_line' id='line_1_15' title="bbox 466 1326 2052 1396; baseline 0.003 -17"><span class='ocrx_word' id='word_1_82' title='bbox 466 1327 651 1391; x_wconf 83' lang='lat' dir='ltr'><strong>dibus,</strong></span> <span class='ocrx_word' id='word_1_83' title='bbox 703 1328 964 1395; x_wconf 87' lang='lat' dir='ltr'><strong>omnique</strong></span> <span class='ocrx_word' id='word_1_84' title='bbox 1019 1326 1304 1396; x_wconf 80' lang='lat' dir='ltr'><strong>diligentia</strong></span> <span class='ocrx_word' id='word_1_85' title='bbox 1355 1327 1604 1395; x_wconf 83' lang='lat' dir='ltr'><strong>Bulgaris</strong></span> <span class='ocrx_word' id='word_1_86' title='bbox 1654 1328 1885 1382; x_wconf 87' lang='lat' dir='ltr'><strong>lustrata</strong></span> <span class='ocrx_word' id='word_1_87' title='bbox 1938 1343 2052 1383; x_wconf 85' lang='lat' dir='ltr'><strong>ma-</strong></span> 
     </span>
    </p>
   </div>
   <div class='ocr_carea' id='block_1_16' title="bbox 464 1418 2047 1488">
    <p class='ocr_par' dir='ltr' id='par_1_16' title="bbox 464 1418 2047 1488">
     <span class='ocr_line' id='line_1_16' title="bbox 464 1418 2047 1488; baseline 0.003 -17"><span class='ocrx_word' id='word_1_88' title='bbox 464 1418 649 1482; x_wconf 84' lang='lat' dir='ltr'><strong>china,</strong></span> <span class='ocrx_word' id='word_1_89' title='bbox 682 1434 814 1472; x_wconf 92' lang='lat' dir='ltr'><strong>num</strong></span> <span class='ocrx_word' id='word_1_90' title='bbox 841 1419 966 1488; x_wconf 89' lang='lat' dir='ltr'><strong>quis</strong></span> <span class='ocrx_word' id='word_1_91' title='bbox 1007 1418 1063 1472; x_wconf 88' lang='lat' dir='ltr'><strong>in</strong></span> <span class='ocrx_word' id='word_1_92' title='bbox 1106 1434 1171 1472; x_wconf 89' lang='lat' dir='ltr'><strong>ea</strong></span> <span class='ocrx_word' id='word_1_93' title='bbox 1212 1418 1374 1473; x_wconf 87' lang='lat' dir='ltr'><strong>dolus</strong></span> <span class='ocrx_word' id='word_1_94' title='bbox 1414 1427 1507 1472; x_wconf 88' lang='lat' dir='ltr'><strong>aut</strong></span> <span class='ocrx_word' id='word_1_95' title='bbox 1538 1418 1752 1474; x_wconf 73' lang='lat' dir='ltr'><strong>insidiae</strong></span> <span class='ocrx_word' id='word_1_96' title='bbox 1791 1421 2047 1488; x_wconf 87' lang='lat' dir='ltr'><strong>laterent,</strong></span> 
     </span>
    </p>
   </div>
   <div class='ocr_carea' id='block_1_17' title="bbox 466 1509 2047 1579">
    <p class='ocr_par' dir='ltr' id='par_1_17' title="bbox 466 1509 2047 1579">
     <span class='ocr_line' id='line_1_17' title="bbox 466 1509 2047 1579; baseline 0.003 -17"><span class='ocrx_word' id='word_1_97' title='bbox 466 1510 703 1579; x_wconf 86' lang='lat' dir='ltr'><strong>Symeon</strong></span> <span class='ocrx_word' id='word_1_98' title='bbox 753 1525 897 1579; x_wconf 88' lang='lat' dir='ltr'><strong>equo</strong></span> <span class='ocrx_word' id='word_1_99' title='bbox 936 1509 1200 1563; x_wconf 88' lang='lat' dir='ltr'><strong>desiliens</strong></span> <span class='ocrx_word' id='word_1_100' title='bbox 1244 1509 1313 1563; x_wconf 87' lang='lat' dir='ltr'><strong>ad</strong></span> <span class='ocrx_word' id='word_1_101' title='bbox 1361 1510 1751 1578; x_wconf 83' lang='lat' dir='ltr'><strong>imperatorem</strong></span> <span class='ocrx_word' id='word_1_102' title='bbox 1803 1512 2047 1569; x_wconf 81' lang='lat' dir='ltr'><strong>intravit.</strong></span> 
     </span>
    </p>
   </div>
   <div class='ocr_carea' id='block_1_18' title="bbox 467 1601 2053 1671">
    <p class='ocr_par' dir='ltr' id='par_1_18' title="bbox 467 1601 2053 1671">
     <span class='ocr_line' id='line_1_18' title="bbox 467 1601 2053 1671; baseline 0.003 -18"><span class='ocrx_word' id='word_1_103' title='bbox 467 1601 654 1654; x_wconf 84' lang='lat' dir='ltr'><strong>Mutuo</strong></span> <span class='ocrx_word' id='word_1_104' title='bbox 691 1601 861 1671; x_wconf 81' lang='lat' dir='ltr'><strong>igitur</strong></span> <span class='ocrx_word' id='word_1_105' title='bbox 891 1603 1031 1655; x_wconf 88' lang='lat' dir='ltr'><strong>alter</strong></span> <span class='ocrx_word' id='word_1_106' title='bbox 1061 1602 1295 1655; x_wconf 91' lang='lat' dir='ltr'><strong>alterum</strong></span> <span class='ocrx_word' id='word_1_107' title='bbox 1328 1602 1619 1670; x_wconf 79' lang='lat' dir='ltr'><strong>complexi,</strong></span> <span class='ocrx_word' id='word_1_108' title='bbox 1651 1618 1715 1657; x_wconf 91' lang='lat' dir='ltr'><strong>ac</strong></span> <span class='ocrx_word' id='word_1_109' title='bbox 1745 1613 1868 1671; x_wconf 90' lang='lat' dir='ltr'><strong>post</strong></span> <span class='ocrx_word' id='word_1_110' title='bbox 1900 1603 2053 1659; x_wconf 87' lang='lat' dir='ltr'><strong>datas</strong></span> 
     </span>
    </p>
   </div>
   <div class='ocr_carea' id='block_1_19' title="bbox 458 1692 2053 1762">
    <p class='ocr_par' dir='ltr' id='par_1_19' title="bbox 458 1692 2053 1762">
     <span class='ocr_line' id='line_1_19' title="bbox 458 1692 2053 1762; baseline 0.003 -18"><span class='ocrx_word' id='word_1_111' title='bbox 458 1693 569 1762; x_wconf 87' lang='lat' dir='ltr'><strong>jam</strong></span> <span class='ocrx_word' id='word_1_112' title='bbox 602 1702 965 1762; x_wconf 84' lang='lat' dir='ltr'><strong>acceptasque</strong></span> <span class='ocrx_word' id='word_1_113' title='bbox 997 1693 1222 1753; x_wconf 86' lang='lat' dir='ltr'><strong>salutes,</strong></span> <span class='ocrx_word' id='word_1_114' title='bbox 1255 1707 1546 1746; x_wconf 85' lang='lat' dir='ltr'><strong>sermones</strong></span> <span class='ocrx_word' id='word_1_115' title='bbox 1580 1692 1648 1747; x_wconf 89' lang='lat' dir='ltr'><strong>de</strong></span> <span class='ocrx_word' id='word_1_116' title='bbox 1690 1708 1820 1761; x_wconf 89' lang='lat' dir='ltr'><strong>pace</strong></span> <span class='ocrx_word' id='word_1_117' title='bbox 1851 1694 2053 1749; x_wconf 87' lang='lat' dir='ltr'><strong>misce-</strong></span> 
     </span>
    </p>
   </div>
   <div class='ocr_carea' id='block_1_20' title="bbox 2150 499 3726 579">
    <p class='ocr_par' dir='ltr' id='par_1_20' title="bbox 2150 499 3726 579">
     <span class='ocr_line' id='line_1_20' title="bbox 2150 499 3726 579; baseline -0.003 -19"><span class='ocrx_word' id='word_1_118' title='bbox 2150 507 2498 563; x_wconf 78' lang='grc' dir='ltr'><strong>κατεθεῶντο</strong></span> <span class='ocrx_word' id='word_1_119' title='bbox 2524 508 2591 561; x_wconf 83' lang='grc' dir='ltr'><strong>τὰ</strong></span> <span class='ocrx_word' id='word_1_120' title='bbox 2639 506 2914 579; x_wconf 84' lang='grc' dir='ltr'>δρώμενα.</span> <span class='ocrx_word' id='word_1_121' title='bbox 2946 501 3054 558; x_wconf 82' lang='grc' dir='ltr'>Ἦν</span> <span class='ocrx_word' id='word_1_122' title='bbox 3080 499 3173 557; x_wconf 79' lang='grc' dir='ltr'><strong>οὖν</strong></span> <span class='ocrx_word' id='word_1_123' title='bbox 3207 503 3333 556; x_wconf 73' lang='grc' dir='ltr'>ἰδεῖν</span> <span class='ocrx_word' id='word_1_124' title='bbox 3372 504 3492 554; x_wconf 86' lang='grc' dir='ltr'>τότε</span> <span class='ocrx_word' id='word_1_125' title='bbox 3547 501 3726 573; x_wconf 72' lang='grc' dir='ltr'>ψυχὴν</span> 
     </span>
    </p>
   </div>
   <div class='ocr_carea' id='block_1_21' title="bbox 2147 593 3721 669">
    <p class='ocr_par' dir='ltr' id='par_1_21' title="bbox 2147 593 3721 669">
     <span class='ocr_line' id='line_1_21' title="bbox 2147 593 3721 669; baseline -0.003 -18"><span class='ocrx_word' id='word_1_126' title='bbox 2147 598 2438 669; x_wconf 84' lang='grc' dir='ltr'>βασιλικὴν</span> <span class='ocrx_word' id='word_1_127' title='bbox 2465 598 2543 669; x_wconf 83' lang='grc' dir='ltr'>τῷ</span> <span class='ocrx_word' id='word_1_128' title='bbox 2571 598 2685 653; x_wconf 74' lang='grc' dir='ltr'>ὄντι</span> <span class='ocrx_word' id='word_1_129' title='bbox 2728 600 2819 652; x_wconf 78' lang='grc' dir='ltr'>καὶ</span> <span class='ocrx_word' id='word_1_130' title='bbox 2864 596 3266 668; x_wconf 75' lang='grc' dir='ltr'>μεγαλόφρονα,</span> <span class='ocrx_word' id='word_1_131' title='bbox 3298 596 3395 653; x_wconf 75' lang='lat' dir='ltr'><strong>xu‘t</strong></span> <span class='ocrx_word' id='word_1_132' title='bbox 3440 593 3721 663; x_wconf 79' lang='grc' dir='ltr'>Θαυμάσαι</span> 
     </span>
    </p>
   </div>
   <div class='ocr_carea' id='block_1_22' title="bbox 2144 686 3725 765">
    <p class='ocr_par' dir='ltr' id='par_1_22' title="bbox 2144 686 3725 765">
     <span class='ocr_line' id='line_1_22' title="bbox 2144 686 3725 765; baseline -0.004 -21"><span class='ocrx_word' id='word_1_133' title='bbox 2144 692 2207 745; x_wconf 80' lang='grc' dir='ltr'><strong>τὸ</strong></span> <span class='ocrx_word' id='word_1_134' title='bbox 2235 692 2330 744; x_wconf 82' lang='grc' dir='ltr'><strong>τοῦ</strong></span> <span class='ocrx_word' id='word_1_135' title='bbox 2362 694 2707 765; x_wconf 79' lang='grc' dir='ltr'>φρονήματος</span> <span class='ocrx_word' id='word_1_136' title='bbox 2725 690 3145 758; x_wconf 79' lang='grc' dir='ltr'><strong>ἀκατάπληκτον</strong></span> <span class='ocrx_word' id='word_1_137' title='bbox 3173 688 3267 740; x_wconf 70' lang='grc' dir='ltr'><strong>καὶ</strong></span> <span class='ocrx_word' id='word_1_138' title='bbox 3294 687 3355 740; x_wconf 78' lang='grc' dir='ltr'>τὸ</span> <span class='ocrx_word' id='word_1_139' title='bbox 3372 687 3471 756; x_wconf 74' lang='grc' dir='ltr'>τῆς</span> <span class='ocrx_word' id='word_1_140' title='bbox 3501 686 3725 758; x_wconf 83' lang='grc' dir='ltr'>ἀνδρίας</span> 
     </span>
    </p>
   </div>
   <div class='ocr_carea' id='block_1_23' title="bbox 2147 780 3724 855">
    <p class='ocr_par' dir='ltr' id='par_1_23' title="bbox 2147 780 3724 855">
     <span class='ocr_line' id='line_1_23' title="bbox 2147 780 3724 855; baseline -0.002 -19"><span class='ocrx_word' id='word_1_141' title='bbox 2147 785 2507 854; x_wconf 76' lang='grc' dir='ltr'>παράστημα,</span> <span class='ocrx_word' id='word_1_142' title='bbox 2529 786 2609 837; x_wconf 77' lang='grc' dir='ltr'>ὅτι</span> <span class='ocrx_word' id='word_1_143' title='bbox 2635 785 2912 854; x_wconf 75' lang='grc' dir='ltr'><strong>τοσαύτην,</strong></span> <span class='ocrx_word' id='word_1_144' title='bbox 2940 782 3217 852; x_wconf 76' lang='grc' dir='ltr'>πολεμίων</span> <span class='ocrx_word' id='word_1_145' title='bbox 3266 780 3483 855; x_wconf 75' lang='grc' dir='ltr'>βλέπων</span> <span class='ocrx_word' id='word_1_146' title='bbox 3532 781 3724 848; x_wconf 63' lang='grc' dir='ltr'>ἐπιφο-</span> 
     </span>
    </p>
   </div>
   <div class='ocr_carea' id='block_1_24' title="bbox 2149 870 3723 945">
    <p class='ocr_par' dir='ltr' id='par_1_24' title="bbox 2149 870 3723 945">
     <span class='ocr_line' id='line_1_24' title="bbox 2149 870 3723 945; baseline -0.004 -16"><span class='ocrx_word' id='word_1_147' title='bbox 2149 877 2249 944; x_wconf 83' lang='grc' dir='ltr'><strong>ράν</strong></span> <span class='ocrx_word' id='word_1_148' title='bbox 2282 877 2342 929; x_wconf 92' lang='grc' dir='ltr'><strong>οὑ</strong></span> <span class='ocrx_word' id='word_1_149' title='bbox 2385 877 2700 945; x_wconf 82' lang='grc' dir='ltr'><strong>κατεπλάγη</strong></span> <span class='ocrx_word' id='word_1_150' title='bbox 2738 876 2834 929; x_wconf 71' lang='grc' dir='ltr'><strong>καὶ</strong></span> <span class='ocrx_word' id='word_1_151' title='bbox 2862 874 3160 943; x_wconf 75' lang='grc' dir='ltr'><strong>συνεστάλη</strong></span> <span class='ocrx_word' id='word_1_152' title='bbox 3205 873 3299 925; x_wconf 70' lang='grc' dir='ltr'>καὶ</span> <span class='ocrx_word' id='word_1_153' title='bbox 3346 870 3723 942; x_wconf 78' lang='grc' dir='ltr'><strong>ὑπεχώρησεν,</strong></span> 
     </span>
    </p>
   </div>
   <div class='ocr_carea' id='block_1_25' title="bbox 2148 964 3727 1039">
    <p class='ocr_par' dir='ltr' id='par_1_25' title="bbox 2148 964 3727 1039">
     <span class='ocr_line' id='line_1_25' title="bbox 2148 964 3727 1039; baseline -0.003 -17"><span class='ocrx_word' id='word_1_154' title='bbox 2148 969 2264 1022; x_wconf 83' lang='grc' dir='ltr'>ἀλλ’</span> <span class='ocrx_word' id='word_1_155' title='bbox 2293 968 2483 1038; x_wconf 86' lang='grc' dir='ltr'>ὥσπερ</span> <span class='ocrx_word' id='word_1_156' title='bbox 2508 972 2587 1032; x_wconf 78' lang='grc' dir='ltr'>εἰς</span> <span class='ocrx_word' id='word_1_157' title='bbox 2619 968 2823 1037; x_wconf 77' lang='grc' dir='ltr'>πλῆθος</span> <span class='ocrx_word' id='word_1_158' title='bbox 2857 967 3027 1037; x_wconf 77' lang='grc' dir='ltr'>φίλων</span> <span class='ocrx_word' id='word_1_159' title='bbox 3051 966 3246 1039; x_wconf 80' lang='grc' dir='ltr'>χωρῶν</span> <span class='ocrx_word' id='word_1_160' title='bbox 3275 964 3449 1029; x_wconf 79' lang='grc' dir='ltr'>οὕτως</span> <span class='ocrx_word' id='word_1_161' title='bbox 3476 966 3727 1035; x_wconf 78' lang='grc' dir='ltr'><strong>ἀτρέμας</strong></span> 
     </span>
    </p>
   </div>
   <div class='ocr_carea' id='block_1_26' title="bbox 2147 1056 3727 1130">
    <p class='ocr_par' dir='ltr' id='par_1_26' title="bbox 2147 1056 3727 1130">
     <span class='ocr_line' id='line_1_26' title="bbox 2147 1056 3727 1130; baseline -0.002 -18"><span class='ocrx_word' id='word_1_162' title='bbox 2147 1058 2335 1130; x_wconf 78' lang='grc' dir='ltr'>ἀπῄει,</span> <span class='ocrx_word' id='word_1_163' title='bbox 2393 1061 2553 1129; x_wconf 84' lang='grc' dir='ltr'>μόνον</span> <span class='ocrx_word' id='word_1_164' title='bbox 2602 1060 2724 1130; x_wconf 77' lang='grc' dir='ltr'>οὑχὶ</span> <span class='ocrx_word' id='word_1_165' title='bbox 2781 1060 2881 1130; x_wconf 79' lang='grc' dir='ltr'>τὴν</span> <span class='ocrx_word' id='word_1_166' title='bbox 2934 1059 3111 1129; x_wconf 76' lang='grc' dir='ltr'>ψυχὴν</span> <span class='ocrx_word' id='word_1_167' title='bbox 3159 1058 3273 1120; x_wconf 79' lang='grc' dir='ltr'>τοῖς</span> <span class='ocrx_word' id='word_1_168' title='bbox 3307 1056 3587 1125; x_wconf 78' lang='grc' dir='ltr'>πολεμίοις</span> <span class='ocrx_word' id='word_1_169' title='bbox 3617 1056 3727 1109; x_wconf 84' lang='grc' dir='ltr'><strong>τῶν</strong></span> 
     </span>
    </p>
   </div>
   <div class='ocr_carea' id='block_1_27' title="bbox 2149 1147 3729 1219">
    <p class='ocr_par' dir='ltr' id='par_1_27' title="bbox 2149 1147 3729 1219">
     <span class='ocr_line' id='line_1_27' title="bbox 2149 1147 3729 1219; baseline -0.003 -18"><span class='ocrx_word' id='word_1_170' title='bbox 2149 1148 2405 1219; x_wconf 78' lang='grc' dir='ltr'>ὑπηκόων</span> <span class='ocrx_word' id='word_1_171' title='bbox 2456 1150 2631 1213; x_wconf 73' lang='grc' dir='ltr'>διδοὺς</span> <span class='ocrx_word' id='word_1_172' title='bbox 2679 1149 3015 1216; x_wconf 82' lang='grc' dir='ltr'>ἀντίλυτρον.</span> <span class='ocrx_word' id='word_1_173' title='bbox 3054 1149 3275 1219; x_wconf 81' lang='grc' dir='ltr'>Πρῶτος</span> <span class='ocrx_word' id='word_1_174' title='bbox 3313 1147 3404 1201; x_wconf 80' lang='grc' dir='ltr'><strong>οὖν</strong></span> <span class='ocrx_word' id='word_1_175' title='bbox 3434 1150 3492 1201; x_wconf 81' lang='grc' dir='ltr'>ὲν</span> <span class='ocrx_word' id='word_1_176' title='bbox 3527 1150 3597 1219; x_wconf 74' lang='grc' dir='ltr'>τῇ</span> <span class='ocrx_word' id='word_1_177' title='bbox 3629 1149 3729 1217; x_wconf 68' lang='grc' dir='ltr'>ρησ</span> 
     </span>
    </p>
   </div>
   <div class='ocr_carea' id='block_1_28' title="bbox 2151 1237 3724 1314">
    <p class='ocr_par' dir='ltr' id='par_1_28' title="bbox 2151 1237 3724 1314">
     <span class='ocr_line' id='line_1_28' title="bbox 2151 1237 3724 1314; baseline -0.001 -20"><span class='ocrx_word' id='word_1_178' title='bbox 2151 1240 2308 1314; x_wconf 70' lang='lat' dir='ltr'><strong>Gelon</strong></span> <span class='ocrx_word' id='word_1_179' title='bbox 2344 1242 2635 1314; x_wconf 69' lang='grc' dir='ltr'>ἀποϐάθρᾳ.</span> <span class='ocrx_word' id='word_1_180' title='bbox 2678 1239 3001 1294; x_wconf 74' lang='grc' dir='ltr'>καταλαϐὼν</span> <span class='ocrx_word' id='word_1_181' title='bbox 3048 1239 3140 1292; x_wconf 76' lang='grc' dir='ltr'>τὸν</span> <span class='ocrx_word' id='word_1_182' title='bbox 3171 1237 3397 1308; x_wconf 84' lang='grc' dir='ltr'>Συμεὼν</span> <span class='ocrx_word' id='word_1_183' title='bbox 3429 1238 3724 1307; x_wconf 74' lang='grc' dir='ltr'>ἐξεδέχετο.</span> 
     </span>
    </p>
   </div>
   <div class='ocr_carea' id='block_1_29' title="bbox 2167 1330 3731 1403">
    <p class='ocr_par' dir='ltr' id='par_1_29' title="bbox 2167 1330 3731 1403">
     <span class='ocr_line' id='line_1_29' title="bbox 2167 1330 3731 1403; baseline -0.003 -18"><span class='ocrx_word' id='word_1_184' title='bbox 2167 1332 2329 1385; x_wconf 75' lang='grc' dir='ltr'>Ἐπεὶ</span> <span class='ocrx_word' id='word_1_185' title='bbox 2350 1332 2407 1385; x_wconf 82' lang='grc' dir='ltr'>δὲ</span> <span class='ocrx_word' id='word_1_186' title='bbox 2435 1333 2633 1403; x_wconf 81' lang='grc' dir='ltr'>ὅμηροι</span> <span class='ocrx_word' id='word_1_187' title='bbox 2666 1332 2723 1398; x_wconf 75' lang='grc' dir='ltr'><strong>ἐξ</strong></span> <span class='ocrx_word' id='word_1_188' title='bbox 2758 1330 3086 1401; x_wconf 81' lang='grc' dir='ltr'>ἀμφοτέρων</span> <span class='ocrx_word' id='word_1_189' title='bbox 3131 1330 3444 1399; x_wconf 70' lang='grc' dir='ltr'>ὲλήφθησαν</span> <span class='ocrx_word' id='word_1_190' title='bbox 3472 1330 3583 1382; x_wconf 82' lang='grc' dir='ltr'>τῶν</span> <span class='ocrx_word' id='word_1_191' title='bbox 3627 1345 3731 1399; x_wconf 79' lang='grc' dir='ltr'>με-</span> 
     </span>
    </p>
   </div>
   <div class='ocr_carea' id='block_1_30' title="bbox 2158 1422 3731 1495">
    <p class='ocr_par' dir='ltr' id='par_1_30' title="bbox 2158 1422 3731 1495">
     <span class='ocr_line' id='line_1_30' title="bbox 2158 1422 3731 1495; baseline -0.002 -19"><span class='ocrx_word' id='word_1_192' title='bbox 2158 1424 2266 1495; x_wconf 84' lang='grc' dir='ltr'><strong>ρῶν</strong></span> <span class='ocrx_word' id='word_1_193' title='bbox 2299 1424 2393 1476; x_wconf 78' lang='grc' dir='ltr'>καὶ</span> <span class='ocrx_word' id='word_1_194' title='bbox 2423 1422 2521 1494; x_wconf 79' lang='grc' dir='ltr'>τὴν</span> <span class='ocrx_word' id='word_1_195' title='bbox 2551 1423 2871 1495; x_wconf 71' lang='grc' dir='ltr'>ἀποϐάθραν</span> <span class='ocrx_word' id='word_1_196' title='bbox 2900 1425 2950 1475; x_wconf 88' lang='lat' dir='ltr'><strong>ol</strong></span> <span class='ocrx_word' id='word_1_197' title='bbox 2986 1422 3285 1493; x_wconf 87' lang='grc' dir='ltr'>Βούλγαροι</span> <span class='ocrx_word' id='word_1_198' title='bbox 3305 1422 3731 1492; x_wconf 75' lang='grc' dir='ltr'>διηρευνησαντο</span> 
     </span>
    </p>
   </div>
   <div class='ocr_carea' id='block_1_31' title="bbox 2153 1515 3731 1587">
    <p class='ocr_par' dir='ltr' id='par_1_31' title="bbox 2153 1515 3731 1587">
     <span class='ocr_line' id='line_1_31' title="bbox 2153 1515 3731 1587; baseline -0.001 -19"><span class='ocrx_word' id='word_1_199' title='bbox 2153 1515 2421 1585; x_wconf 73' lang='grc' dir='ltr'>ἀκριεῶς,</span> <span class='ocrx_word' id='word_1_200' title='bbox 2467 1518 2540 1585; x_wconf 85' lang='grc' dir='ltr'>μή</span> <span class='ocrx_word' id='word_1_201' title='bbox 2579 1516 2680 1570; x_wconf 82' lang='grc' dir='ltr'><strong>πού</strong></span> <span class='ocrx_word' id='word_1_202' title='bbox 2714 1532 2798 1578; x_wconf 88' lang='grc' dir='ltr'><strong>τις</strong></span> <span class='ocrx_word' id='word_1_203' title='bbox 2823 1515 2971 1570; x_wconf 76' lang='grc' dir='ltr'>δόλος</span> <span class='ocrx_word' id='word_1_204' title='bbox 3005 1515 3039 1587; x_wconf 77' lang='grc' dir='ltr'>ἢ</span> <span class='ocrx_word' id='word_1_205' title='bbox 3078 1515 3269 1585; x_wconf 75' lang='grc' dir='ltr'>ἐνέδρα</span> <span class='ocrx_word' id='word_1_206' title='bbox 3290 1515 3572 1583; x_wconf 80' lang='grc' dir='ltr'><strong>τυγχάνει,</strong></span> <span class='ocrx_word' id='word_1_207' title='bbox 3598 1530 3731 1567; x_wconf 75' lang='grc' dir='ltr'>κατα</span> 
     </span>
    </p>
   </div>
   <div class='ocr_carea' id='block_1_32' title="bbox 2151 1600 3728 1675">
    <p class='ocr_par' dir='ltr' id='par_1_32' title="bbox 2151 1600 3728 1675">
     <span class='ocr_line' id='line_1_32' title="bbox 2151 1600 3728 1675; baseline 0.003 -24"><span class='ocrx_word' id='word_1_208' title='bbox 2151 1600 2282 1671; x_wconf 80' lang='grc' dir='ltr'>ἦλθε</span> <span class='ocrx_word' id='word_1_209' title='bbox 2311 1601 2534 1671; x_wconf 87' lang='grc' dir='ltr'>Συμεὼν</span> <span class='ocrx_word' id='word_1_210' title='bbox 2567 1602 2659 1655; x_wconf 81' lang='grc' dir='ltr'><strong>τοῦ</strong></span> <span class='ocrx_word' id='word_1_211' title='bbox 2689 1602 2856 1656; x_wconf 84' lang='grc' dir='ltr'>ἵππου</span> <span class='ocrx_word' id='word_1_212' title='bbox 2909 1604 3002 1656; x_wconf 68' lang='grc' dir='ltr'><strong>καὶ</strong></span> <span class='ocrx_word' id='word_1_213' title='bbox 3036 1602 3172 1675; x_wconf 80' lang='grc' dir='ltr'>πρὸς</span> <span class='ocrx_word' id='word_1_214' title='bbox 3211 1604 3302 1656; x_wconf 85' lang='grc' dir='ltr'><strong>τὸν</strong></span> <span class='ocrx_word' id='word_1_215' title='bbox 3334 1602 3561 1672; x_wconf 82' lang='grc' dir='ltr'>βασιλέα</span> <span class='ocrx_word' id='word_1_216' title='bbox 3606 1604 3728 1656; x_wconf 72' lang='grc' dir='ltr'>εἰσ-</span> 
     </span>
    </p>
   </div>
   <div class='ocr_carea' id='block_1_33' title="bbox 2154 1693 3733 1766">
    <p class='ocr_par' dir='ltr' id='par_1_33' title="bbox 2154 1693 3733 1766">
     <span class='ocr_line' id='line_1_33' title="bbox 2154 1693 3733 1766; baseline 0.004 -21"><span class='ocrx_word' id='word_1_217' title='bbox 2154 1693 2337 1764; x_wconf 81' lang='grc' dir='ltr'>ῆλθεν.</span> <span class='ocrx_word' id='word_1_218' title='bbox 2397 1694 2801 1765; x_wconf 83' lang='grc' dir='ltr'>Ἀσπασάμενοι</span> <span class='ocrx_word' id='word_1_219' title='bbox 2840 1693 2932 1749; x_wconf 73' lang='grc' dir='ltr'><strong>οὖν</strong></span> <span class='ocrx_word' id='word_1_220' title='bbox 2980 1695 3246 1765; x_wconf 84' lang='grc' dir='ltr'>ἀλλήλους</span> <span class='ocrx_word' id='word_1_221' title='bbox 3289 1698 3508 1766; x_wconf 75' lang='grc' dir='ltr'>εἰρήνης</span> <span class='ocrx_word' id='word_1_222' title='bbox 3541 1695 3733 1763; x_wconf 83' lang='grc' dir='ltr'>λόγους</span> 
     </span>
    </p>
   </div>
   <div class='ocr_carea' id='block_1_34' title="bbox 465 1770 2051 1855">
    <p class='ocr_par' dir='ltr' id='par_1_34' title="bbox 465 1784 2039 1853">
     <span class='ocr_line' id='line_1_34' title="bbox 465 1784 2039 1853; baseline 0.003 -17"><span class='ocrx_word' id='word_1_223' title='bbox 465 1784 626 1847; x_wconf 89' lang='lat' dir='ltr'><strong>bant,</strong></span> <span class='ocrx_word' id='word_1_224' title='bbox 662 1785 882 1853; x_wconf 89' lang='lat' dir='ltr'><strong>quando</strong></span> <span class='ocrx_word' id='word_1_225' title='bbox 931 1784 1117 1838; x_wconf 83' lang='lat' dir='ltr'><strong>lerunt</strong></span> <span class='ocrx_word' id='word_1_226' title='bbox 1166 1784 1556 1852; x_wconf 88' lang='lat' dir='ltr'><strong>imperatorem</strong></span> <span class='ocrx_word' id='word_1_227' title='bbox 1606 1784 1659 1837; x_wconf 92' lang='lat' dir='ltr'><strong>in</strong></span> <span class='ocrx_word' id='word_1_228' title='bbox 1714 1786 1830 1839; x_wconf 64' lang='lat' dir='ltr'><strong>hare</strong></span> <span class='ocrx_word' id='word_1_229' title='bbox 1873 1785 2039 1840; x_wconf 83' lang='lat' dir='ltr'><strong>verba</strong></span> 
     </span>
    </p>
   </div>
   <div class='ocr_carea' id='block_1_35' title="bbox 2151 1770 3728 1855">
    <p class='ocr_par' dir='ltr' id='par_1_35' title="bbox 2151 1784 3728 1855">
     <span class='ocr_line' id='line_1_35' title="bbox 2151 1784 3728 1855; baseline 0.001 -18"><span class='ocrx_word' id='word_1_230' title='bbox 2151 1784 2423 1853; x_wconf 68' lang='grc' dir='ltr'>ἐκίνησαν.</span> <span class='ocrx_word' id='word_1_231' title='bbox 2446 1786 2631 1839; x_wconf 80' lang='grc' dir='ltr'>Εῑπεῖν</span> <span class='ocrx_word' id='word_1_232' title='bbox 2647 1786 2701 1839; x_wconf 81' lang='grc' dir='ltr'>δὲ</span> <span class='ocrx_word' id='word_1_233' title='bbox 2731 1785 2947 1853; x_wconf 85' lang='grc' dir='ltr'>λέγεται</span> <span class='ocrx_word' id='word_1_234' title='bbox 2966 1786 3055 1839; x_wconf 66' lang='grc' dir='ltr'>τὴν</span> <span class='ocrx_word' id='word_1_235' title='bbox 3076 1786 3297 1855; x_wconf 86' lang='grc' dir='ltr'>βασιλέα</span> <span class='ocrx_word' id='word_1_236' title='bbox 3320 1787 3455 1855; x_wconf 67' lang='grc' dir='ltr'>πρὸς</span> <span class='ocrx_word' id='word_1_237' title='bbox 3476 1786 3550 1838; x_wconf 87' lang='grc' dir='ltr'>Συ</span> <span class='ocrx_word' id='word_1_238' title='bbox 3558 1784 3728 1854; x_wconf 83' lang='grc' dir='ltr'>μεὼν.</span> 
     </span>
    </p>
   </div>
   <div class='ocr_carea' id='block_1_36' title="bbox 464 1876 2046 1945">
    <p class='ocr_par' dir='ltr' id='par_1_36' title="bbox 464 1876 2046 1945">
     <span class='ocr_line' id='line_1_36' title="bbox 464 1876 2046 1945; baseline 0.005 -21"><span class='ocrx_word' id='word_1_239' title='bbox 464 1876 785 1945; x_wconf 81' lang='lat' dir='ltr'><strong>Symeonem</strong></span> <span class='ocrx_word' id='word_1_240' title='bbox 821 1876 1117 1931; x_wconf 88' lang='lat' dir='ltr'><strong>allocutum</strong></span> <span class='ocrx_word' id='word_1_241' title='bbox 1158 1891 1278 1930; x_wconf 90' lang='lat' dir='ltr'><strong>esse</strong></span> <span class='ocrx_word' id='word_1_242' title='bbox 1308 1894 1321 1929; x_wconf 92' lang='lat'>:</span> <span class='ocrx_word' id='word_1_243' title='bbox 1354 1876 1544 1930; x_wconf 82' lang='lat' dir='ltr'><strong>Audivi</strong></span> <span class='ocrx_word' id='word_1_244' title='bbox 1577 1886 1625 1929; x_wconf 89' lang='lat' dir='ltr'><strong>te</strong></span> <span class='ocrx_word' id='word_1_245' title='bbox 1658 1878 1920 1931; x_wconf 85' lang='lat' dir='ltr'><strong>hominem</strong></span> <span class='ocrx_word' id='word_1_246' title='bbox 1950 1877 2046 1932; x_wconf 88' lang='lat' dir='ltr'><strong>Dei</strong></span> 
     </span>
    </p>
   </div>
   <div class='ocr_carea' id='block_1_37' title="bbox 465 1965 2043 2038">
    <p class='ocr_par' dir='ltr' id='par_1_37' title="bbox 465 1965 2043 2038">
     <span class='ocr_line' id='line_1_37' title="bbox 465 1965 2043 2038; baseline 0.004 -20"><span class='ocrx_word' id='word_1_247' title='bbox 465 1965 720 2018; x_wconf 84' lang='lat' dir='ltr'><strong>cultorem</strong></span> <span class='ocrx_word' id='word_1_248' title='bbox 764 1984 825 2019; x_wconf 88' lang='lat' dir='ltr'><strong>ac</strong></span> <span class='ocrx_word' id='word_1_249' title='bbox 881 1982 1063 2020; x_wconf 89' lang='lat' dir='ltr'><strong>verum</strong></span> <span class='ocrx_word' id='word_1_250' title='bbox 1103 1966 1464 2021; x_wconf 82' lang='lat' dir='ltr'><strong>Christianum</strong></span> <span class='ocrx_word' id='word_1_251' title='bbox 1498 1984 1607 2021; x_wconf 87' lang='lat' dir='ltr'><strong>esse</strong></span> <span class='ocrx_word' id='word_1_252' title='bbox 1635 1985 1653 2022; x_wconf 93' lang='lat'><strong><em>:</em></strong></span> <span class='ocrx_word' id='word_1_253' title='bbox 1685 1979 1740 2022; x_wconf 91' lang='lat' dir='ltr'><strong>at</strong></span> <span class='ocrx_word' id='word_1_254' title='bbox 1779 1970 1921 2038; x_wconf 78' lang='lat' dir='ltr'><strong>facta</strong></span> <span class='ocrx_word' id='word_1_255' title='bbox 1963 1973 2043 2024; x_wconf 86' lang='lat' dir='ltr'><strong>vi-</strong></span> 
     </span>
    </p>
   </div>
   <div class='ocr_carea' id='block_1_38' title="bbox 466 2058 2042 2129">
    <p class='ocr_par' dir='ltr' id='par_1_38' title="bbox 466 2058 2042 2129">
     <span class='ocr_line' id='line_1_38' title="bbox 466 2058 2042 2129; baseline 0.004 -19"><span class='ocrx_word' id='word_1_256' title='bbox 466 2058 561 2111; x_wconf 88' lang='lat' dir='ltr'><strong>deo</strong></span> <span class='ocrx_word' id='word_1_257' title='bbox 588 2059 727 2111; x_wconf 83' lang='lat' dir='ltr'><strong>haud</strong></span> <span class='ocrx_word' id='word_1_258' title='bbox 750 2060 881 2112; x_wconf 88' lang='lat' dir='ltr'><strong>satis</strong></span> <span class='ocrx_word' id='word_1_259' title='bbox 910 2060 990 2112; x_wconf 89' lang='lat' dir='ltr'><strong>illi</strong></span> <span class='ocrx_word' id='word_1_260' title='bbox 1020 2061 1082 2111; x_wconf 86' lang='lat' dir='ltr'><strong>de</strong></span> <span class='ocrx_word' id='word_1_261' title='bbox 1112 2068 1161 2112; x_wconf 88' lang='lat' dir='ltr'><strong>te</strong></span> <span class='ocrx_word' id='word_1_262' title='bbox 1196 2061 1355 2128; x_wconf 68' lang='lat' dir='ltr'><strong>fama:</strong></span> <span class='ocrx_word' id='word_1_263' title='bbox 1375 2061 1638 2129; x_wconf 74' lang='lat' dir='ltr'><strong>verbisque</strong></span> <span class='ocrx_word' id='word_1_264' title='bbox 1670 2071 2042 2117; x_wconf 76' lang='lat' dir='ltr'><strong>consentanea.</strong></span> 
     </span>
    </p>
   </div>
   <div class='ocr_carea' id='block_1_39' title="bbox 467 2150 2047 2223">
    <p class='ocr_par' dir='ltr' id='par_1_39' title="bbox 467 2150 2047 2223">
     <span class='ocr_line' id='line_1_39' title="bbox 467 2150 2047 2223; baseline 0.001 -17"><span class='ocrx_word' id='word_1_265' title='bbox 467 2153 603 2221; x_wconf 84' lang='lat' dir='ltr'><strong>Ejus</strong></span> <span class='ocrx_word' id='word_1_266' title='bbox 644 2154 783 2205; x_wconf 90' lang='lat' dir='ltr'><strong>enim</strong></span> <span class='ocrx_word' id='word_1_267' title='bbox 823 2153 911 2223; x_wconf 87' lang='lat' dir='ltr'><strong>qui</strong></span> <span class='ocrx_word' id='word_1_268' title='bbox 954 2151 1051 2204; x_wconf 86' lang='lat' dir='ltr'><strong>Dei</strong></span> <span class='ocrx_word' id='word_1_269' title='bbox 1084 2150 1256 2204; x_wconf 87' lang='lat' dir='ltr'><strong>cultor</strong></span> <span class='ocrx_word' id='word_1_270' title='bbox 1298 2153 1366 2205; x_wconf 85' lang='lat' dir='ltr'><strong>sit</strong></span> <span class='ocrx_word' id='word_1_271' title='bbox 1414 2169 1476 2205; x_wconf 93' lang='lat' dir='ltr'><strong>ac</strong></span> <span class='ocrx_word' id='word_1_272' title='bbox 1518 2151 1870 2214; x_wconf 84' lang='lat' dir='ltr'><strong>Christianus,</strong></span> <span class='ocrx_word' id='word_1_273' title='bbox 1907 2155 2047 2207; x_wconf 88' lang='lat' dir='ltr'><strong>istud</strong></span> 
     </span>
    </p>
   </div>
   <div class='ocr_carea' id='block_1_40' title="bbox 467 2244 2047 2315">
    <p class='ocr_par' dir='ltr' id='par_1_40' title="bbox 467 2244 2047 2315">
     <span class='ocr_line' id='line_1_40' title="bbox 467 2244 2047 2315; baseline 0.004 -21"><span class='ocrx_word' id='word_1_274' title='bbox 467 2246 743 2314; x_wconf 79' lang='lat' dir='ltr'><strong>proprium</strong></span> <span class='ocrx_word' id='word_1_275' title='bbox 788 2254 844 2297; x_wconf 87' lang='lat' dir='ltr'><strong>ut</strong></span> <span class='ocrx_word' id='word_1_276' title='bbox 893 2261 1074 2313; x_wconf 85' lang='lat' dir='ltr'><strong>pacem</strong></span> <span class='ocrx_word' id='word_1_277' title='bbox 1122 2261 1185 2297; x_wconf 92' lang='lat' dir='ltr'><strong>ac</strong></span> <span class='ocrx_word' id='word_1_278' title='bbox 1226 2246 1542 2297; x_wconf 85' lang='lat' dir='ltr'><strong>charitatem</strong></span> <span class='ocrx_word' id='word_1_279' title='bbox 1584 2244 1753 2309; x_wconf 87' lang='lat' dir='ltr'><strong>colat,</strong></span> <span class='ocrx_word' id='word_1_280' title='bbox 1790 2246 2047 2315; x_wconf 84' lang='lat' dir='ltr'><strong>siquidem</strong></span> 
     </span>
    </p>
   </div>
   <div class='ocr_carea' id='block_1_41' title="bbox 470 2337 2047 2408">
    <p class='ocr_par' dir='ltr' id='par_1_41' title="bbox 470 2337 2047 2408">
     <span class='ocr_line' id='line_1_41' title="bbox 470 2337 2047 2408; baseline 0.001 -18"><span class='ocrx_word' id='word_1_281' title='bbox 470 2337 607 2392; x_wconf 90' lang='lat' dir='ltr'><strong>Deus</strong></span> <span class='ocrx_word' id='word_1_282' title='bbox 658 2348 732 2391; x_wconf 90' lang='lat' dir='ltr'><strong>est</strong></span> <span class='ocrx_word' id='word_1_283' title='bbox 779 2346 939 2403; x_wconf 89' lang='lat' dir='ltr'><strong>atque</strong></span> <span class='ocrx_word' id='word_1_284' title='bbox 983 2339 1175 2391; x_wconf 85' lang='lat' dir='ltr'><strong>dicitur</strong></span> <span class='ocrx_word' id='word_1_285' title='bbox 1213 2339 1451 2390; x_wconf 85' lang='lat' dir='ltr'><strong>charitas</strong></span> <span class='ocrx_word' id='word_1_286' title='bbox 1497 2346 1544 2401; x_wconf 75' lang='grc' dir='ltr'>ι,</span> <span class='ocrx_word' id='word_1_287' title='bbox 1585 2337 1735 2408; x_wconf 87' lang='lat' dir='ltr'><strong>impii</strong></span> <span class='ocrx_word' id='word_1_288' title='bbox 1782 2347 1957 2392; x_wconf 88' lang='lat' dir='ltr'><strong>autem</strong></span> <span class='ocrx_word' id='word_1_289' title='bbox 1997 2348 2047 2392; x_wconf 90' lang='lat' dir='ltr'><strong>et</strong></span> 
     </span>
    </p>
   </div>
   <div class='ocr_carea' id='block_1_42' title="bbox 466 2428 2043 2498">
    <p class='ocr_par' dir='ltr' id='par_1_42' title="bbox 466 2428 2043 2498">
     <span class='ocr_line' id='line_1_42' title="bbox 466 2428 2043 2498; baseline 0.001 -17"><span class='ocrx_word' id='word_1_290' title='bbox 466 2428 721 2495; x_wconf 76' lang='lat' dir='ltr'><strong>infidelis,</strong></span> <span class='ocrx_word' id='word_1_291' title='bbox 758 2437 812 2481; x_wconf 89' lang='lat' dir='ltr'><strong>ut</strong></span> <span class='ocrx_word' id='word_1_292' title='bbox 841 2428 1065 2481; x_wconf 70' lang='lat' dir='ltr'><strong>caedibus</strong></span> <span class='ocrx_word' id='word_1_293' title='bbox 1101 2428 1401 2495; x_wconf 87' lang='lat' dir='ltr'><strong>injusleque</strong></span> <span class='ocrx_word' id='word_1_294' title='bbox 1442 2428 1555 2496; x_wconf 77' lang='lat' dir='ltr'><strong>{uso</strong></span> <span class='ocrx_word' id='word_1_295' title='bbox 1578 2443 1765 2481; x_wconf 85' lang='lat' dir='ltr'><strong>cruore</strong></span> <span class='ocrx_word' id='word_1_296' title='bbox 1795 2430 2043 2498; x_wconf 81' lang='lat' dir='ltr'><strong>gaudeat.</strong></span> 
     </span>
    </p>
   </div>
   <div class='ocr_carea' id='block_1_43' title="bbox 467 2518 2046 2589">
    <p class='ocr_par' dir='ltr' id='par_1_43' title="bbox 467 2518 2046 2589">
     <span class='ocr_line' id='line_1_43' title="bbox 467 2518 2046 2589; baseline 0 -16"><span class='ocrx_word' id='word_1_297' title='bbox 467 2518 525 2573; x_wconf 89' lang='lat' dir='ltr'><strong>Si</strong></span> <span class='ocrx_word' id='word_1_298' title='bbox 552 2520 714 2589; x_wconf 81' lang='lat' dir='ltr'><strong>igitur</strong></span> <span class='ocrx_word' id='word_1_299' title='bbox 747 2534 897 2572; x_wconf 88' lang='lat' dir='ltr'><strong>verus</strong></span> <span class='ocrx_word' id='word_1_300' title='bbox 924 2518 1257 2572; x_wconf 81' lang='lat' dir='ltr'><strong>Christianus</strong></span> <span class='ocrx_word' id='word_1_301' title='bbox 1286 2533 1360 2578; x_wconf 88' lang='lat' dir='ltr'><strong>es,</strong></span> <span class='ocrx_word' id='word_1_302' title='bbox 1384 2520 1462 2571; x_wconf 89' lang='lat' dir='ltr'><strong>uti</strong></span> <span class='ocrx_word' id='word_1_303' title='bbox 1493 2527 1630 2571; x_wconf 84' lang='lat' dir='ltr'><strong>certo</strong></span> <span class='ocrx_word' id='word_1_304' title='bbox 1666 2521 2046 2585; x_wconf 76' lang='lat' dir='ltr'><strong>existimamus,</strong></span> 
     </span>
    </p>
   </div>
   <div class='ocr_carea' id='block_1_44' title="bbox 470 2610 2049 2682">
    <p class='ocr_par' dir='ltr' id='par_1_44' title="bbox 470 2610 2049 2682">
     <span class='ocr_line' id='line_1_44' title="bbox 470 2610 2049 2682; baseline 0.001 -18"><span class='ocrx_word' id='word_1_305' title='bbox 470 2612 685 2666; x_wconf 82' lang='lat' dir='ltr'><strong>tandem</strong></span> <span class='ocrx_word' id='word_1_306' title='bbox 729 2610 1019 2682; x_wconf 83' lang='lat' dir='ltr'><strong>aliquando</strong></span> <span class='ocrx_word' id='word_1_307' title='bbox 1056 2611 1247 2680; x_wconf 88' lang='lat' dir='ltr'><strong>iniquis</strong></span> <span class='ocrx_word' id='word_1_308' title='bbox 1289 2611 1453 2680; x_wconf 75' lang='lat'><strong>738</strong></span> <span class='ocrx_word' id='word_1_309' title='bbox 1496 2610 1656 2679; x_wconf 77' lang='lat' dir='ltr'><strong>ﬁnem</strong></span> <span class='ocrx_word' id='word_1_310' title='bbox 1694 2613 1918 2666; x_wconf 75' lang='lat' dir='ltr'><strong>aedibus</strong></span> <span class='ocrx_word' id='word_1_311' title='bbox 1950 2614 2049 2666; x_wconf 87' lang='lat' dir='ltr'><strong>im-</strong></span> 
     </span>
    </p>
   </div>
   <div class='ocr_carea' id='block_1_45' title="bbox 467 2700 2047 2773">
    <p class='ocr_par' dir='ltr' id='par_1_45' title="bbox 467 2700 2047 2773">
     <span class='ocr_line' id='line_1_45' title="bbox 467 2700 2047 2773; baseline 0.001 -17"><span class='ocrx_word' id='word_1_312' title='bbox 467 2719 631 2768; x_wconf 80' lang='lat' dir='ltr'><strong>pone;</strong></span> <span class='ocrx_word' id='word_1_313' title='bbox 662 2719 725 2756; x_wconf 89' lang='lat' dir='ltr'><strong>ac</strong></span> <span class='ocrx_word' id='word_1_314' title='bbox 756 2704 845 2773; x_wconf 88' lang='lat' dir='ltr'><strong>qui</strong></span> <span class='ocrx_word' id='word_1_315' title='bbox 871 2704 945 2755; x_wconf 88' lang='lat' dir='ltr'><strong>sis</strong></span> <span class='ocrx_word' id='word_1_316' title='bbox 979 2700 1308 2756; x_wconf 88' lang='lat' dir='ltr'><strong>Christianus</strong></span> <span class='ocrx_word' id='word_1_317' title='bbox 1341 2714 1497 2772; x_wconf 87' lang='lat' dir='ltr'><strong>atque</strong></span> <span class='ocrx_word' id='word_1_318' title='bbox 1534 2702 1749 2762; x_wconf 82' lang='lat' dir='ltr'><strong>dicaris.</strong></span> <span class='ocrx_word' id='word_1_319' title='bbox 1783 2704 2047 2758; x_wconf 85' lang='lat' dir='ltr'><strong>nobiscum</strong></span> 
     </span>
    </p>
   </div>
   <div class='ocr_carea' id='block_1_46' title="bbox 467 2794 2048 2863">
    <p class='ocr_par' dir='ltr' id='par_1_46' title="bbox 467 2794 2048 2863">
     <span class='ocr_line' id='line_1_46' title="bbox 467 2794 2048 2863; baseline -0.001 -13"><span class='ocrx_word' id='word_1_320' title='bbox 467 2795 779 2850; x_wconf 74' lang='lat' dir='ltr'><strong>Christianis</strong></span> <span class='ocrx_word' id='word_1_321' title='bbox 813 2796 955 2863; x_wconf 86' lang='lat' dir='ltr'><strong>pacis</strong></span> <span class='ocrx_word' id='word_1_322' title='bbox 998 2808 1238 2863; x_wconf 85' lang='lat' dir='ltr'><strong>percusso</strong></span> <span class='ocrx_word' id='word_1_323' title='bbox 1276 2794 1465 2861; x_wconf 72' lang='lat' dir='ltr'><strong>fwdere</strong></span> <span class='ocrx_word' id='word_1_324' title='bbox 1510 2794 1783 2847; x_wconf 73' lang='lat' dir='ltr'><strong>innoxium</strong></span> <span class='ocrx_word' id='word_1_325' title='bbox 1829 2796 2048 2863; x_wconf 84' lang='lat' dir='ltr'><strong>sangui-</strong></span> 
     </span>
    </p>
   </div>
   <div class='ocr_carea' id='block_1_47' title="bbox 473 2884 2048 2957">
    <p class='ocr_par' dir='ltr' id='par_1_47' title="bbox 473 2884 2048 2957">
     <span class='ocr_line' id='line_1_47' title="bbox 473 2884 2048 2957; baseline 0.001 -17"><span class='ocrx_word' id='word_1_326' title='bbox 473 2904 590 2941; x_wconf 88' lang='lat' dir='ltr'><strong>nem</strong></span> <span class='ocrx_word' id='word_1_327' title='bbox 622 2888 839 2957; x_wconf 78' lang='lat' dir='ltr'><strong>fundere</strong></span> <span class='ocrx_word' id='word_1_328' title='bbox 862 2887 1060 2949; x_wconf 81' lang='lat' dir='ltr'><strong>desine,</strong></span> <span class='ocrx_word' id='word_1_329' title='bbox 1088 2902 1182 2938; x_wconf 85' lang='lat' dir='ltr'><strong>nec</strong></span> <span class='ocrx_word' id='word_1_330' title='bbox 1208 2884 1333 2939; x_wconf 82' lang='lat' dir='ltr'><strong>velis</strong></span> <span class='ocrx_word' id='word_1_331' title='bbox 1361 2884 1782 2939; x_wconf 83' lang='lat' dir='ltr'><strong>Christianorum</strong></span> <span class='ocrx_word' id='word_1_332' title='bbox 1807 2886 2048 2941; x_wconf 74' lang='lat' dir='ltr'><strong>dexteras</strong></span> 
     </span>
    </p>
   </div>
   <div class='ocr_carea' id='block_1_48' title="bbox 470 2973 2048 3046">
    <p class='ocr_par' dir='ltr' id='par_1_48' title="bbox 470 2973 2048 3046">
     <span class='ocr_line' id='line_1_48' title="bbox 470 2973 2048 3046; baseline 0.001 -17"><span class='ocrx_word' id='word_1_333' title='bbox 470 2976 701 3046; x_wconf 81' lang='lat' dir='ltr'><strong>ejusdem</strong></span> <span class='ocrx_word' id='word_1_334' title='bbox 734 2974 858 3042; x_wconf 79' lang='lat' dir='ltr'><strong>ﬁdei</strong></span> <span class='ocrx_word' id='word_1_335' title='bbox 895 2973 1312 3028; x_wconf 83' lang='lat' dir='ltr'><strong>Christianorum</strong></span> <span class='ocrx_word' id='word_1_336' title='bbox 1351 2973 1619 3026; x_wconf 86' lang='lat' dir='ltr'><strong>cruoribus</strong></span> <span class='ocrx_word' id='word_1_337' title='bbox 1661 2974 1869 3043; x_wconf 68' lang='lat' dir='ltr'><strong>fadari.</strong></span> <span class='ocrx_word' id='word_1_338' title='bbox 1906 2974 2048 3030; x_wconf 82' lang='lat' dir='ltr'><strong>Nam</strong></span> 
     </span>
    </p>
   </div>
   <div class='ocr_carea' id='block_1_49' title="bbox 473 3066 2046 3138">
    <p class='ocr_par' dir='ltr' id='par_1_49' title="bbox 473 3066 2046 3138">
     <span class='ocr_line' id='line_1_49' title="bbox 473 3066 2046 3138; baseline 0 -16"><span class='ocrx_word' id='word_1_339' title='bbox 473 3080 528 3122; x_wconf 89' lang='lat' dir='ltr'><strong>tu</strong></span> <span class='ocrx_word' id='word_1_340' title='bbox 568 3083 771 3138; x_wconf 88' lang='lat' dir='ltr'><strong>quoque</strong></span> <span class='ocrx_word' id='word_1_341' title='bbox 792 3067 944 3120; x_wconf 85' lang='lat' dir='ltr'><strong>homo</strong></span> <span class='ocrx_word' id='word_1_342' title='bbox 971 3082 1044 3129; x_wconf 89' lang='lat' dir='ltr'><strong>es,</strong></span> <span class='ocrx_word' id='word_1_343' title='bbox 1076 3066 1165 3136; x_wconf 87' lang='lat' dir='ltr'><strong>qui</strong></span> <span class='ocrx_word' id='word_1_344' title='bbox 1196 3073 1414 3119; x_wconf 88' lang='lat' dir='ltr'><strong>mortem</strong></span> <span class='ocrx_word' id='word_1_345' title='bbox 1452 3074 1500 3118; x_wconf 93' lang='lat' dir='ltr'><strong>et</strong></span> <span class='ocrx_word' id='word_1_346' title='bbox 1534 3069 1965 3122; x_wconf 85' lang='lat' dir='ltr'><strong>resurrectionem</strong></span> <span class='ocrx_word' id='word_1_347' title='bbox 1997 3076 2046 3122; x_wconf 89' lang='lat' dir='ltr'><strong>et</strong></span> 
     </span>
    </p>
   </div>
   <div class='ocr_carea' id='block_1_50' title="bbox 466 3158 2073 3228">
    <p class='ocr_par' dir='ltr' id='par_1_50' title="bbox 466 3158 2073 3228">
     <span class='ocr_line' id='line_1_50' title="bbox 466 3158 2073 3228; baseline 0.001 -15"><span class='ocrx_word' id='word_1_348' title='bbox 466 3160 725 3213; x_wconf 79' lang='lat' dir='ltr'><strong>iudicium</strong></span> <span class='ocrx_word' id='word_1_349' title='bbox 765 3166 922 3228; x_wconf 86' lang='lat' dir='ltr'><strong>atque</strong></span> <span class='ocrx_word' id='word_1_350' title='bbox 968 3158 1363 3212; x_wconf 86' lang='lat' dir='ltr'><strong>retributionem</strong></span> <span class='ocrx_word' id='word_1_351' title='bbox 1404 3165 1686 3228; x_wconf 74' lang='lat' dir='ltr'><strong>exspectes.</strong></span> <span class='ocrx_word' id='word_1_352' title='bbox 1738 3159 1900 3213; x_wconf 83' lang='lat' dir='ltr'><strong>Hodie</strong></span> <span class='ocrx_word' id='word_1_353' title='bbox 1930 3163 2073 3214; x_wconf 87' lang='lat' dir='ltr'><strong>cum&#39;</strong></span> 
     </span>
    </p>
   </div>
   <div class='ocr_carea' id='block_1_51' title="bbox 472 3249 2054 3323">
    <p class='ocr_par' dir='ltr' id='par_1_51' title="bbox 472 3249 2054 3323">
     <span class='ocr_line' id='line_1_51' title="bbox 472 3249 2054 3323; baseline 0.003 -19"><span class='ocrx_word' id='word_1_354' title='bbox 472 3252 566 3314; x_wconf 90' lang='lat' dir='ltr'><strong>sis,</strong></span> <span class='ocrx_word' id='word_1_355' title='bbox 603 3267 723 3305; x_wconf 90' lang='lat' dir='ltr'><strong>cras</strong></span> <span class='ocrx_word' id='word_1_356' title='bbox 758 3252 811 3303; x_wconf 90' lang='lat' dir='ltr'><strong>in</strong></span> <span class='ocrx_word' id='word_1_357' title='bbox 848 3250 1114 3319; x_wconf 85' lang='lat' dir='ltr'><strong>pulverem</strong></span> <span class='ocrx_word' id='word_1_358' title='bbox 1158 3249 1476 3305; x_wconf 85' lang='lat' dir='ltr'><strong>dissolveris.</strong></span> <span class='ocrx_word' id='word_1_359' title='bbox 1512 3249 1689 3304; x_wconf 85' lang='lat' dir='ltr'><strong>Febris</strong></span> <span class='ocrx_word' id='word_1_360' title='bbox 1718 3268 1828 3306; x_wconf 86' lang='lat' dir='ltr'><strong>una</strong></span> <span class='ocrx_word' id='word_1_361' title='bbox 1865 3270 2054 3323; x_wconf 85' lang='lat' dir='ltr'><strong>super-</strong></span> 
     </span>
    </p>
   </div>
   <div class='ocr_carea' id='block_1_52' title="bbox 475 3343 2056 3414">
    <p class='ocr_par' dir='ltr' id='par_1_52' title="bbox 475 3343 2056 3414">
     <span class='ocr_line' id='line_1_52' title="bbox 475 3343 2056 3414; baseline 0.004 -18"><span class='ocrx_word' id='word_1_362' title='bbox 475 3343 660 3397; x_wconf 86' lang='lat' dir='ltr'><strong>bientis</strong></span> <span class='ocrx_word' id='word_1_363' title='bbox 698 3344 863 3397; x_wconf 89' lang='lat' dir='ltr'><strong>animi</strong></span> <span class='ocrx_word' id='word_1_364' title='bbox 909 3344 1235 3412; x_wconf 74' lang='lat' dir='ltr'><strong>jactuntiam</strong></span> <span class='ocrx_word' id='word_1_365' title='bbox 1281 3359 1489 3396; x_wconf 90' lang='lat' dir='ltr'><strong>omnem</strong></span> <span class='ocrx_word' id='word_1_366' title='bbox 1536 3346 1849 3414; x_wconf 74' lang='lat' dir='ltr'><strong>exstinguet.</strong></span> <span class='ocrx_word' id='word_1_367' title='bbox 1883 3344 2056 3411; x_wconf 86' lang='lat' dir='ltr'><strong>Quam</strong></span> 
     </span>
    </p>
   </div>
   <div class='ocr_carea' id='block_1_53' title="bbox 474 3435 2055 3505">
    <p class='ocr_par' dir='ltr' id='par_1_53' title="bbox 474 3435 2055 3505">
     <span class='ocr_line' id='line_1_53' title="bbox 474 3435 2055 3505; baseline 0.004 -17"><span class='ocrx_word' id='word_1_368' title='bbox 474 3435 638 3505; x_wconf 76' lang='lat' dir='ltr'><strong>igitur</strong></span> <span class='ocrx_word' id='word_1_369' title='bbox 677 3436 784 3490; x_wconf 90' lang='lat' dir='ltr'><strong>Deo</strong></span> <span class='ocrx_word' id='word_1_370' title='bbox 817 3438 1082 3490; x_wconf 85' lang='lat' dir='ltr'><strong>rationem</strong></span> <span class='ocrx_word' id='word_1_371' title='bbox 1135 3453 1230 3505; x_wconf 87' lang='lat' dir='ltr'><strong>pro</strong></span> <span class='ocrx_word' id='word_1_372' title='bbox 1276 3438 1484 3505; x_wconf 88' lang='lat' dir='ltr'><strong>injustis</strong></span> <span class='ocrx_word' id='word_1_373' title='bbox 1529 3440 1785 3505; x_wconf 70' lang='lat' dir='ltr'><strong>aedibus,</strong></span> <span class='ocrx_word' id='word_1_374' title='bbox 1833 3456 1951 3494; x_wconf 87' lang='lat' dir='ltr'><strong>cum</strong></span> <span class='ocrx_word' id='word_1_375' title='bbox 1990 3442 2055 3495; x_wconf 89' lang='lat' dir='ltr'><strong>ab</strong></span> 
     </span>
    </p>
   </div>
   <div class='ocr_carea' id='block_1_54' title="bbox 476 3526 2057 3595">
    <p class='ocr_par' dir='ltr' id='par_1_54' title="bbox 476 3526 2057 3595">
     <span class='ocr_line' id='line_1_54' title="bbox 476 3526 2057 3595; baseline 0.004 -16"><span class='ocrx_word' id='word_1_376' title='bbox 476 3527 722 3579; x_wconf 81' lang='lat' dir='ltr'><strong>humanis</strong></span> <span class='ocrx_word' id='word_1_377' title='bbox 772 3527 1108 3595; x_wconf 81' lang='lat' dir='ltr'><strong>migraveris,</strong></span> <span class='ocrx_word' id='word_1_378' title='bbox 1164 3526 1464 3580; x_wconf 82' lang='lat' dir='ltr'><strong>redditurus</strong></span> <span class='ocrx_word' id='word_1_379' title='bbox 1513 3530 1607 3581; x_wconf 81' lang='lat' dir='ltr'><strong>es?</strong></span> <span class='ocrx_word' id='word_1_380' title='bbox 1646 3528 1759 3593; x_wconf 83' lang='lat' dir='ltr'><strong>Quo</strong></span> <span class='ocrx_word' id='word_1_381' title='bbox 1808 3529 1958 3584; x_wconf 86' lang='lat' dir='ltr'><strong>vultu</strong></span> <span class='ocrx_word' id='word_1_382' title='bbox 2000 3533 2057 3586; x_wconf 89' lang='lat' dir='ltr'><strong>in</strong></span> 
     </span>
    </p>
   </div>
   <div class='ocr_carea' id='block_1_55' title="bbox 478 3616 2057 3684">
    <p class='ocr_par' dir='ltr' id='par_1_55' title="bbox 478 3616 2057 3684">
     <span class='ocr_line' id='line_1_55' title="bbox 478 3616 2057 3684; baseline 0.006 -18"><span class='ocrx_word' id='word_1_383' title='bbox 478 3616 802 3668; x_wconf 81' lang='lat' dir='ltr'><strong>tremendum</strong></span> <span class='ocrx_word' id='word_1_384' title='bbox 820 3617 1128 3684; x_wconf 88' lang='lat' dir='ltr'><strong>justumque</strong></span> <span class='ocrx_word' id='word_1_385' title='bbox 1149 3616 1382 3683; x_wconf 84' lang='lat' dir='ltr'><strong>judicem</strong></span> <span class='ocrx_word' id='word_1_386' title='bbox 1411 3616 1588 3670; x_wconf 88' lang='lat' dir='ltr'><strong>oculos</strong></span> <span class='ocrx_word' id='word_1_387' title='bbox 1613 3619 1847 3673; x_wconf 85' lang='lat' dir='ltr'><strong>intendes</strong></span> <span class='ocrx_word' id='word_1_388' title='bbox 1866 3621 1891 3672; x_wconf 75' lang='lat'><strong><em>?</em></strong></span> <span class='ocrx_word' id='word_1_389' title='bbox 1917 3620 1977 3675; x_wconf 90' lang='lat' dir='ltr'><strong>Si</strong></span> <span class='ocrx_word' id='word_1_390' title='bbox 2008 3632 2057 3677; x_wconf 88' lang='lat' dir='ltr'><strong>te</strong></span> 
     </span>
    </p>
   </div>
   <div class='ocr_carea' id='block_1_56' title="bbox 476 3706 2055 3781">
    <p class='ocr_par' dir='ltr' id='par_1_56' title="bbox 476 3706 2055 3781">
     <span class='ocr_line' id='line_1_56' title="bbox 476 3706 2055 3781; baseline 0.006 -24"><span class='ocrx_word' id='word_1_391' title='bbox 476 3706 779 3759; x_wconf 78' lang='lat' dir='ltr'><strong>divitiarum</strong></span> <span class='ocrx_word' id='word_1_392' title='bbox 801 3707 989 3774; x_wconf 79' lang='lat' dir='ltr'><strong>cupido</strong></span> <span class='ocrx_word' id='word_1_393' title='bbox 1010 3708 1268 3776; x_wconf 75' lang='lat' dir='ltr'><strong>exagitat,</strong></span> <span class='ocrx_word' id='word_1_394' title='bbox 1301 3707 1365 3760; x_wconf 88' lang='lat' dir='ltr'><strong>iis</strong></span> <span class='ocrx_word' id='word_1_395' title='bbox 1391 3706 1461 3760; x_wconf 86' lang='lat' dir='ltr'><strong>ad</strong></span> <span class='ocrx_word' id='word_1_396' title='bbox 1479 3709 1779 3762; x_wconf 88' lang='lat' dir='ltr'><strong>satietatem</strong></span> <span class='ocrx_word' id='word_1_397' title='bbox 1811 3711 2055 3781; x_wconf 83' lang='lat' dir='ltr'><strong>implebo.</strong></span> 
     </span>
    </p>
   </div>
   <div class='ocr_carea' id='block_1_57' title="bbox 482 3794 2087 3877">
    <p class='ocr_par' dir='ltr' id='par_1_57' title="bbox 482 3794 2087 3877">
     <span class='ocr_line' id='line_1_57' title="bbox 482 3794 2087 3877; baseline 0.007 -31"><span class='ocrx_word' id='word_1_398' title='bbox 482 3794 713 3847; x_wconf 82' lang='lat' dir='ltr'><strong>Tantum</strong></span> <span class='ocrx_word' id='word_1_399' title='bbox 755 3796 1028 3849; x_wconf 72' lang='lat' dir='ltr'><strong>dexteram</strong></span> <span class='ocrx_word' id='word_1_400' title='bbox 1067 3797 1293 3860; x_wconf 86' lang='lat' dir='ltr'><strong>contine,</strong></span> <span class='ocrx_word' id='word_1_401' title='bbox 1317 3814 1500 3866; x_wconf 80' lang='lat' dir='ltr'><strong>pacem</strong></span> <span class='ocrx_word' id='word_1_402' title='bbox 1550 3798 1897 3869; x_wconf 86' lang='lat' dir='ltr'><strong>amplectere,</strong></span> <span class='ocrx_word' id='word_1_403' title='bbox 1947 3803 2087 3877; x_wconf 37' lang='lat' dir='ltr'><strong>colei</strong></span> 
     </span>
    </p>
   </div>
   <div class='ocr_carea' id='block_1_58' title="bbox 477 3886 2059 3962">
    <p class='ocr_par' dir='ltr' id='par_1_58' title="bbox 477 3886 2059 3962">
     <span class='ocr_line' id='line_1_58' title="bbox 477 3886 2059 3962; baseline 0.008 -26"><span class='ocrx_word' id='word_1_404' title='bbox 477 3886 833 3951; x_wconf 86' lang='lat' dir='ltr'><strong>concordiam,</strong></span> <span class='ocrx_word' id='word_1_405' title='bbox 868 3899 924 3940; x_wconf 85' lang='lat' dir='ltr'><strong>ut</strong></span> <span class='ocrx_word' id='word_1_406' title='bbox 955 3897 1004 3939; x_wconf 88' lang='lat' dir='ltr'><strong>et</strong></span> <span class='ocrx_word' id='word_1_407' title='bbox 1038 3888 1148 3957; x_wconf 88' lang='lat' dir='ltr'><strong>ipse</strong></span> <span class='ocrx_word' id='word_1_408' title='bbox 1173 3889 1337 3941; x_wconf 81' lang='lat' dir='ltr'><strong>vitam</strong></span> <span class='ocrx_word' id='word_1_409' title='bbox 1374 3897 1622 3958; x_wconf 86' lang='lat' dir='ltr'><strong>pacatam</strong></span> <span class='ocrx_word' id='word_1_410' title='bbox 1661 3908 1791 3962; x_wconf 87' lang='lat' dir='ltr'><strong>agas</strong></span> <span class='ocrx_word' id='word_1_411' title='bbox 1822 3902 1872 3946; x_wconf 87' lang='lat' dir='ltr'><strong>et</strong></span> <span class='ocrx_word' id='word_1_412' title='bbox 1899 3913 1930 3948; x_wconf 91' lang='lat' dir='ltr'><strong>a</strong></span> <span class='ocrx_word' id='word_1_413' title='bbox 1956 3911 2059 3949; x_wconf 77' lang='lat' dir='ltr'><strong>cte-</strong></span> 
     </span>
    </p>
   </div>
   <div class='ocr_carea' id='block_1_59' title="bbox 479 3975 2057 4053">
    <p class='ocr_par' dir='ltr' id='par_1_59' title="bbox 479 3975 2057 4053">
     <span class='ocr_line' id='line_1_59' title="bbox 479 3975 2057 4053; baseline 0.008 -25"><span class='ocrx_word' id='word_1_414' title='bbox 479 3975 630 4030; x_wconf 86' lang='lat' dir='ltr'><strong>dibus</strong></span> <span class='ocrx_word' id='word_1_415' title='bbox 668 3976 888 4031; x_wconf 86' lang='lat' dir='ltr'><strong>liberam</strong></span> <span class='ocrx_word' id='word_1_416' title='bbox 933 3987 1092 4048; x_wconf 79' lang='lat' dir='ltr'><strong>atque</strong></span> <span class='ocrx_word' id='word_1_417' title='bbox 1128 3978 1478 4050; x_wconf 86' lang='lat' dir='ltr'><strong>tranquillam</strong></span> <span class='ocrx_word' id='word_1_418' title='bbox 1524 3983 1763 4053; x_wconf 84' lang='lat' dir='ltr'><strong>curisque</strong></span> <span class='ocrx_word' id='word_1_419' title='bbox 1808 3983 2057 4052; x_wconf 88' lang='lat' dir='ltr'><strong>solutam,</strong></span> 
     </span>
    </p>
   </div>
   <div class='ocr_carea' id='block_1_60' title="bbox 477 4068 2060 4147">
    <p class='ocr_par' dir='ltr' id='par_1_60' title="bbox 477 4068 2060 4147">
     <span class='ocr_line' id='line_1_60' title="bbox 477 4068 2060 4147; baseline 0.008 -27"><span class='ocrx_word' id='word_1_420' title='bbox 477 4084 546 4121; x_wconf 85' lang='lat' dir='ltr'><strong>ac</strong></span> <span class='ocrx_word' id='word_1_421' title='bbox 585 4068 793 4122; x_wconf 86' lang='lat' dir='ltr'><strong>demum</strong></span> <span class='ocrx_word' id='word_1_422' title='bbox 836 4069 1258 4124; x_wconf 84' lang='lat' dir='ltr'><strong>Christianorum</strong></span> <span class='ocrx_word' id='word_1_423' title='bbox 1307 4087 1558 4127; x_wconf 66' lang='lat' dir='ltr'><strong>(erumna:</strong></span> <span class='ocrx_word' id='word_1_424' title='bbox 1604 4090 1851 4147; x_wconf 81' lang='lat' dir='ltr'><strong>necesque</strong></span> <span class='ocrx_word' id='word_1_425' title='bbox 1898 4078 2060 4146; x_wconf 80' lang='lat' dir='ltr'><strong>finem</strong></span> 
     </span>
    </p>
   </div>
   <div class='ocr_carea' id='block_1_61' title="bbox 476 4156 2062 4235">
    <p class='ocr_par' dir='ltr' id='par_1_61' title="bbox 476 4156 2062 4235">
     <span class='ocr_line' id='line_1_61' title="bbox 476 4156 2062 4235; baseline 0.008 -27"><span class='ocrx_word' id='word_1_426' title='bbox 476 4156 728 4213; x_wconf 71' lang='lat' dir='ltr'><strong>habeant.</strong></span> <span class='ocrx_word' id='word_1_427' title='bbox 764 4156 928 4228; x_wconf 78' lang='lat' dir='ltr'><strong>Nefas</strong></span> <span class='ocrx_word' id='word_1_428' title='bbox 952 4160 1092 4211; x_wconf 83' lang='lat' dir='ltr'><strong>enim</strong></span> <span class='ocrx_word' id='word_1_429' title='bbox 1119 4167 1194 4213; x_wconf 86' lang='lat' dir='ltr'><strong>est</strong></span> <span class='ocrx_word' id='word_1_430' title='bbox 1227 4168 1286 4215; x_wconf 90' lang='lat' dir='ltr'><strong>ut</strong></span> <span class='ocrx_word' id='word_1_431' title='bbox 1322 4162 1360 4214; x_wconf 90' lang='lat' dir='ltr'><strong>ii</strong></span> <span class='ocrx_word' id='word_1_432' title='bbox 1394 4161 1644 4219; x_wconf 84' lang='lat' dir='ltr'><strong>adversus</strong></span> <span class='ocrx_word' id='word_1_433' title='bbox 1674 4164 1905 4235; x_wconf 80' lang='lat' dir='ltr'><strong>ejusdem</strong></span> <span class='ocrx_word' id='word_1_434' title='bbox 1938 4165 2062 4235; x_wconf 80' lang='lat' dir='ltr'><strong>ﬁdei</strong></span> 
     </span>
    </p>
   </div>
   <div class='ocr_carea' id='block_1_62' title="bbox 472 4248 1141 4309">
    <p class='ocr_par' dir='ltr' id='par_1_62' title="bbox 472 4248 1141 4309">
     <span class='ocr_line' id='line_1_62' title="bbox 472 4248 1141 4309; baseline 0.006 -8"><span class='ocrx_word' id='word_1_435' title='bbox 472 4248 702 4304; x_wconf 78' lang='lat' dir='ltr'><strong>cultores</strong></span> <span class='ocrx_word' id='word_1_436' title='bbox 733 4267 887 4304; x_wconf 93' lang='lat' dir='ltr'><strong>arma</strong></span> <span class='ocrx_word' id='word_1_437' title='bbox 927 4250 1141 4309; x_wconf 81' lang='lat' dir='ltr'><strong>tollant.</strong></span> 
     </span>
    </p>
   </div>
   <div class='ocr_carea' id='block_1_63' title="bbox 2158 1876 3733 1947">
    <p class='ocr_par' dir='ltr' id='par_1_63' title="bbox 2158 1876 3733 1947">
     <span class='ocr_line' id='line_1_63' title="bbox 2158 1876 3733 1947; baseline 0 -16"><span class='ocrx_word' id='word_1_438' title='bbox 2158 1876 2416 1944; x_wconf 80' lang='grc' dir='ltr'>Ἀκήκοά</span> <span class='ocrx_word' id='word_1_439' title='bbox 2445 1892 2518 1931; x_wconf 88' lang='grc' dir='ltr'>σε</span> <span class='ocrx_word' id='word_1_440' title='bbox 2571 1878 2822 1945; x_wconf 78' lang='grc' dir='ltr'><strong>θεοσεϐῆ</strong></span> <span class='ocrx_word' id='word_1_441' title='bbox 2853 1878 3167 1947; x_wconf 81' lang='grc' dir='ltr'>ἄνθρωπον</span> <span class='ocrx_word' id='word_1_442' title='bbox 3228 1877 3327 1931; x_wconf 74' lang='grc' dir='ltr'>καὶ</span> <span class='ocrx_word' id='word_1_443' title='bbox 3367 1876 3733 1946; x_wconf 70' lang='grc' dir='ltr'><strong>Χριστιανὸν</strong></span> 
     </span>
    </p>
   </div>
   <div class='ocr_carea' id='block_1_64' title="bbox 2144 1968 3735 2039">
    <p class='ocr_par' dir='ltr' id='par_1_64' title="bbox 2144 1968 3735 2039">
     <span class='ocr_line' id='line_1_64' title="bbox 2144 1968 3735 2039; baseline -0.002 -16"><span class='ocrx_word' id='word_1_444' title='bbox 2144 1968 2442 2037; x_wconf 76' lang='grc' dir='ltr'><strong>ὑπάρχειν</strong></span> <span class='ocrx_word' id='word_1_445' title='bbox 2475 1970 2789 2037; x_wconf 74' lang='grc' dir='ltr'>ἀληθινὸν,</span> <span class='ocrx_word' id='word_1_446' title='bbox 2822 1970 3035 2035; x_wconf 78' lang='grc' dir='ltr'>,Βλέπω</span> <span class='ocrx_word' id='word_1_447' title='bbox 3066 1970 3135 2024; x_wconf 83' lang='grc' dir='ltr'>δὲ</span> <span class='ocrx_word' id='word_1_448' title='bbox 3167 1970 3239 2023; x_wconf 87' lang='grc' dir='ltr'>τὰ</span> <span class='ocrx_word' id='word_1_449' title='bbox 3261 1970 3405 2039; x_wconf 79' lang='grc' dir='ltr'>ἔργα</span> <span class='ocrx_word' id='word_1_450' title='bbox 3440 1968 3735 2039; x_wconf 77' lang='grc' dir='ltr'>μηδαμῶς</span> 
     </span>
    </p>
   </div>
   <div class='ocr_carea' id='block_1_65' title="bbox 2144 2059 3740 2131">
    <p class='ocr_par' dir='ltr' id='par_1_65' title="bbox 2144 2059 3740 2131">
     <span class='ocr_line' id='line_1_65' title="bbox 2144 2059 3740 2131; baseline 0.001 -19"><span class='ocrx_word' id='word_1_451' title='bbox 2144 2059 2271 2125; x_wconf 84' lang='grc' dir='ltr'>τοῖς</span> <span class='ocrx_word' id='word_1_452' title='bbox 2287 2063 2490 2127; x_wconf 74' lang='grc' dir='ltr'>λόγοις</span> <span class='ocrx_word' id='word_1_453' title='bbox 2515 2060 3139 2129; x_wconf 77' lang='grc' dir='ltr'>συμϐαίνοντα.⁹16ιον</span> <span class='ocrx_word' id='word_1_454' title='bbox 3149 2061 3264 2129; x_wconf 79' lang='grc' dir='ltr'>μὲν</span> <span class='ocrx_word' id='word_1_455' title='bbox 3281 2060 3389 2131; x_wconf 73' lang='grc' dir='ltr'>γὰρ</span> <span class='ocrx_word' id='word_1_456' title='bbox 3408 2059 3740 2127; x_wconf 79' lang='grc' dir='ltr'>θεοσεϐοῦς</span> 
     </span>
    </p>
   </div>
   <div class='ocr_carea' id='block_1_66' title="bbox 2145 2150 3742 2221">
    <p class='ocr_par' dir='ltr' id='par_1_66' title="bbox 2145 2150 3742 2221">
     <span class='ocr_line' id='line_1_66' title="bbox 2145 2150 3742 2221; baseline 0 -18"><span class='ocrx_word' id='word_1_457' title='bbox 2145 2150 2461 2216; x_wconf 84' lang='grc' dir='ltr'>ἀνθρώπου</span> <span class='ocrx_word' id='word_1_458' title='bbox 2483 2150 2581 2204; x_wconf 69' lang='grc' dir='ltr'><strong>καὶ</strong></span> <span class='ocrx_word' id='word_1_459' title='bbox 2605 2151 2964 2218; x_wconf 81' lang='grc' dir='ltr'>Χριστιανοῦ</span> <span class='ocrx_word' id='word_1_460' title='bbox 3004 2154 3071 2206; x_wconf 86' lang='grc' dir='ltr'>τὸ</span> <span class='ocrx_word' id='word_1_461' title='bbox 3095 2153 3208 2219; x_wconf 75' lang='grc' dir='ltr'>τὴν</span> <span class='ocrx_word' id='word_1_462' title='bbox 3230 2154 3481 2221; x_wconf 72' lang='grc' dir='ltr'>εἰρήνην</span> <span class='ocrx_word' id='word_1_463' title='bbox 3495 2152 3592 2205; x_wconf 74' lang='grc' dir='ltr'><strong>καὶ</strong></span> <span class='ocrx_word' id='word_1_464' title='bbox 3611 2150 3742 2221; x_wconf 75' lang='grc' dir='ltr'>τὴν</span> 
     </span>
    </p>
   </div>
   <div class='ocr_carea' id='block_1_67' title="bbox 2144 2239 3745 2311">
    <p class='ocr_par' dir='ltr' id='par_1_67' title="bbox 2144 2239 3745 2311">
     <span class='ocr_line' id='line_1_67' title="bbox 2144 2239 3745 2311; baseline 0.002 -17"><span class='ocrx_word' id='word_1_465' title='bbox 2144 2239 2385 2308; x_wconf 80' lang='grc' dir='ltr'>ἀγάπην</span> <span class='ocrx_word' id='word_1_466' title='bbox 2400 2240 2793 2305; x_wconf 83' lang='grc' dir='ltr'>ἀσπάζεσθαι,</span> <span class='ocrx_word' id='word_1_467' title='bbox 2816 2242 2983 2310; x_wconf 70' lang='grc' dir='ltr'>ειπερ</span> <span class='ocrx_word' id='word_1_468' title='bbox 3007 2245 3040 2297; x_wconf 91' lang='grc' dir='ltr'><strong>ό</strong></span> <span class='ocrx_word' id='word_1_469' title='bbox 3064 2243 3207 2309; x_wconf 85' lang='grc' dir='ltr'><strong>Θεὸς</strong></span> <span class='ocrx_word' id='word_1_470' title='bbox 3224 2243 3425 2311; x_wconf 75' lang='grc' dir='ltr'>ἀγάπη</span> <span class='ocrx_word' id='word_1_471' title='bbox 3451 2243 3597 2308; x_wconf 55' lang='grc' dir='ltr'>ἐστὶι</span> <span class='ocrx_word' id='word_1_472' title='bbox 3626 2242 3745 2297; x_wconf 70' lang='grc' dir='ltr'><strong>καὶ</strong></span> 
     </span>
    </p>
   </div>
   <div class='ocr_carea' id='block_1_68' title="bbox 2146 2331 3743 2411">
    <p class='ocr_par' dir='ltr' id='par_1_68' title="bbox 2146 2331 3743 2411">
     <span class='ocr_line' id='line_1_68' title="bbox 2146 2331 3743 2411; baseline 0.002 -26"><span class='ocrx_word' id='word_1_473' title='bbox 2146 2331 2401 2399; x_wconf 73' lang='grc' dir='ltr'>λέγεται,</span> <span class='ocrx_word' id='word_1_474' title='bbox 2434 2332 2696 2399; x_wconf 80' lang='grc' dir='ltr'>ἀσεϐοῦς</span> <span class='ocrx_word' id='word_1_475' title='bbox 2726 2333 2794 2386; x_wconf 80' lang='grc' dir='ltr'>δὲ</span> <span class='ocrx_word' id='word_1_476' title='bbox 2812 2334 2907 2387; x_wconf 76' lang='grc' dir='ltr'><strong>καί</strong></span> <span class='ocrx_word' id='word_1_477' title='bbox 2930 2335 3193 2389; x_wconf 76' lang='grc' dir='ltr'>ἀπίστου</span> <span class='ocrx_word' id='word_1_478' title='bbox 3206 2335 3313 2389; x_wconf 87' lang='grc' dir='ltr'>τοῦ</span> <span class='ocrx_word' id='word_1_479' title='bbox 3326 2336 3553 2411; x_wconf 72' lang='grc' dir='ltr'>χαίρειν</span> <span class='ocrx_word' id='word_1_480' title='bbox 3565 2350 3743 2411; x_wconf 54' lang='grc' dir='ltr'>σφα-</span> 
     </span>
    </p>
   </div>
   <div class='ocr_carea' id='block_1_69' title="bbox 2147 2419 3751 2493">
    <p class='ocr_par' dir='ltr' id='par_1_69' title="bbox 2147 2419 3751 2493">
     <span class='ocr_line' id='line_1_69' title="bbox 2147 2419 3751 2493; baseline 0.002 -19"><span class='ocrx_word' id='word_1_481' title='bbox 2147 2422 2280 2489; x_wconf 78' lang='grc' dir='ltr'>γαῖς</span> <span class='ocrx_word' id='word_1_482' title='bbox 2308 2421 2404 2474; x_wconf 76' lang='grc' dir='ltr'>καὶ</span> <span class='ocrx_word' id='word_1_483' title='bbox 2428 2423 2683 2491; x_wconf 76' lang='grc' dir='ltr'>αἲμασιν</span> <span class='ocrx_word' id='word_1_484' title='bbox 2712 2421 2935 2488; x_wconf 80' lang='grc' dir='ltr'><strong>ἀδίκως</strong></span> <span class='ocrx_word' id='word_1_485' title='bbox 2963 2423 3349 2493; x_wconf 80' lang='grc' dir='ltr'><strong>ἐκχεομένοις</strong></span> <span class='ocrx_word' id='word_1_486' title='bbox 3370 2443 3381 2455; x_wconf 76' lang='grc' dir='ltr'>ο</span> <span class='ocrx_word' id='word_1_487' title='bbox 3404 2426 3455 2477; x_wconf 88' lang='grc' dir='ltr'>εί</span> <span class='ocrx_word' id='word_1_488' title='bbox 3474 2422 3586 2493; x_wconf 77' lang='grc' dir='ltr'>μὲν</span> <span class='ocrx_word' id='word_1_489' title='bbox 3609 2419 3751 2478; x_wconf 78' lang='grc' dir='ltr'>οὖν</span> 
     </span>
    </p>
   </div>
   <div class='ocr_carea' id='block_1_70' title="bbox 2146 2512 3747 2589">
    <p class='ocr_par' dir='ltr' id='par_1_70' title="bbox 2146 2512 3747 2589">
     <span class='ocr_line' id='line_1_70' title="bbox 2146 2512 3747 2589; baseline 0.001 -23"><span class='ocrx_word' id='word_1_490' title='bbox 2146 2512 2382 2580; x_wconf 71' lang='grc' dir='ltr'>ἀληθὴς</span> <span class='ocrx_word' id='word_1_491' title='bbox 2407 2514 2763 2580; x_wconf 82' lang='grc' dir='ltr'>Χριστιανός</span> <span class='ocrx_word' id='word_1_492' title='bbox 2790 2514 3104 2583; x_wconf 81' lang='grc' dir='ltr'>ὑπάρχεις,</span> <span class='ocrx_word' id='word_1_493' title='bbox 3129 2514 3326 2581; x_wconf 79' lang='grc' dir='ltr'>καθὼς</span> <span class='ocrx_word' id='word_1_494' title='bbox 3341 2520 3747 2589; x_wconf 63' lang='grc' dir='ltr'>πεπληροφο-</span> 
     </span>
    </p>
   </div>
   <div class='ocr_carea' id='block_1_71' title="bbox 2140 2604 3746 2678">
    <p class='ocr_par' dir='ltr' id='par_1_71' title="bbox 2140 2604 3746 2678">
     <span class='ocr_line' id='line_1_71' title="bbox 2140 2604 3746 2678; baseline 0.004 -20"><span class='ocrx_word' id='word_1_495' title='bbox 2140 2605 2394 2673; x_wconf 81' lang='grc' dir='ltr'>ρήμεθα,</span> <span class='ocrx_word' id='word_1_496' title='bbox 2435 2604 2670 2675; x_wconf 85' lang='grc' dir='ltr'>στῆσόν</span> <span class='ocrx_word' id='word_1_497' title='bbox 2683 2621 2827 2661; x_wconf 88' lang='grc' dir='ltr'>ποτε</span> <span class='ocrx_word' id='word_1_498' title='bbox 2844 2608 2951 2674; x_wconf 83' lang='grc' dir='ltr'>τὰς</span> <span class='ocrx_word' id='word_1_499' title='bbox 2971 2608 3221 2675; x_wconf 79' lang='grc' dir='ltr'>ἀδίκους</span> <span class='ocrx_word' id='word_1_500' title='bbox 3236 2608 3474 2678; x_wconf 66' lang='grc' dir='ltr'>σφαγὰς</span> <span class='ocrx_word' id='word_1_501' title='bbox 3496 2608 3594 2661; x_wconf 73' lang='grc' dir='ltr'><strong>καί</strong></span> <span class='ocrx_word' id='word_1_502' title='bbox 3621 2607 3746 2673; x_wconf 74' lang='grc' dir='ltr'>τὰς</span> 
     </span>
    </p>
   </div>
   <div class='ocr_carea' id='block_1_72' title="bbox 2148 2696 3744 2767">
    <p class='ocr_par' dir='ltr' id='par_1_72' title="bbox 2148 2696 3744 2767">
     <span class='ocr_line' id='line_1_72' title="bbox 2148 2696 3744 2767; baseline 0.003 -18"><span class='ocrx_word' id='word_1_503' title='bbox 2148 2696 2267 2749; x_wconf 84' lang='grc' dir='ltr'>τῶν</span> <span class='ocrx_word' id='word_1_504' title='bbox 2294 2698 2557 2751; x_wconf 82' lang='grc' dir='ltr'>ἀνοσίων</span> <span class='ocrx_word' id='word_1_505' title='bbox 2594 2696 2853 2765; x_wconf 76' lang='grc' dir='ltr'><strong>αἱμάτων</strong></span> <span class='ocrx_word' id='word_1_506' title='bbox 2878 2697 3181 2767; x_wconf 78' lang='grc' dir='ltr'><strong>ἐκχύσεις,</strong></span> <span class='ocrx_word' id='word_1_507' title='bbox 3211 2699 3305 2752; x_wconf 76' lang='grc' dir='ltr'>καὶ</span> <span class='ocrx_word' id='word_1_508' title='bbox 3328 2697 3572 2754; x_wconf 80' lang='grc' dir='ltr'><strong>σπεῖσαι</strong></span> <span class='ocrx_word' id='word_1_509' title='bbox 3586 2700 3744 2766; x_wconf 79' lang='grc' dir='ltr'><strong>μεθ’</strong></span> 
     </span>
    </p>
   </div>
   <div class='ocr_carea' id='block_1_73' title="bbox 2148 2786 3749 2857">
    <p class='ocr_par' dir='ltr' id='par_1_73' title="bbox 2148 2786 3749 2857">
     <span class='ocr_line' id='line_1_73' title="bbox 2148 2786 3749 2857; baseline -0.002 -14"><span class='ocrx_word' id='word_1_510' title='bbox 2148 2786 2318 2854; x_wconf 76' lang='grc' dir='ltr'>ἡμῶν</span> <span class='ocrx_word' id='word_1_511' title='bbox 2377 2786 2495 2841; x_wconf 85' lang='grc' dir='ltr'>τῶν</span> <span class='ocrx_word' id='word_1_512' title='bbox 2523 2786 2894 2856; x_wconf 81' lang='grc' dir='ltr'>Χριστιανῶν</span> <span class='ocrx_word' id='word_1_513' title='bbox 2932 2787 3047 2856; x_wconf 78' lang='grc' dir='ltr'>τὴν</span> <span class='ocrx_word' id='word_1_514' title='bbox 3091 2789 3362 2857; x_wconf 73' lang='grc' dir='ltr'>εἰρήνην,</span> <span class='ocrx_word' id='word_1_515' title='bbox 3378 2788 3749 2857; x_wconf 79' lang='grc' dir='ltr'>Χριστιανὸς</span> 
     </span>
    </p>
   </div>
   <div class='ocr_carea' id='block_1_74' title="bbox 2148 2876 3751 2950">
    <p class='ocr_par' dir='ltr' id='par_1_74' title="bbox 2148 2876 3751 2950">
     <span class='ocr_line' id='line_1_74' title="bbox 2148 2876 3751 2950; baseline 0.002 -20"><span class='ocrx_word' id='word_1_516' title='bbox 2148 2877 2232 2950; x_wconf 82' lang='grc' dir='ltr'><strong>[Ρ.</strong></span> <span class='ocrx_word' id='word_1_517' title='bbox 2252 2876 2472 2947; x_wconf 68' lang='grc' dir='ltr'><strong>4851ὢν</strong></span> <span class='ocrx_word' id='word_1_518' title='bbox 2493 2879 2585 2932; x_wconf 76' lang='grc' dir='ltr'><strong>και</strong></span> <span class='ocrx_word' id='word_1_519' title='bbox 2605 2879 2787 2945; x_wconf 81' lang='grc' dir='ltr'>αὐτὸς</span> <span class='ocrx_word' id='word_1_520' title='bbox 2803 2879 2901 2933; x_wconf 83' lang='grc' dir='ltr'><strong>καὶ</strong></span> <span class='ocrx_word' id='word_1_521' title='bbox 2920 2878 3364 2949; x_wconf 79' lang='grc' dir='ltr'>ὀνομαζόμενος,</span> <span class='ocrx_word' id='word_1_522' title='bbox 3378 2878 3474 2939; x_wconf 72' lang='grc' dir='ltr'><strong>καί</strong></span> <span class='ocrx_word' id='word_1_523' title='bbox 3484 2877 3566 2947; x_wconf 81' lang='grc' dir='ltr'><strong>μὴ</strong></span> <span class='ocrx_word' id='word_1_524' title='bbox 3584 2879 3751 2933; x_wconf 69' lang='grc' dir='ltr'><strong>θέλε</strong></span> 
     </span>
    </p>
   </div>
   <div class='ocr_carea' id='block_1_75' title="bbox 2142 2969 3755 3040">
    <p class='ocr_par' dir='ltr' id='par_1_75' title="bbox 2142 2969 3755 3040">
     <span class='ocr_line' id='line_1_75' title="bbox 2142 2969 3755 3040; baseline -0.001 -15"><span class='ocrx_word' id='word_1_525' title='bbox 2142 2972 2506 3040; x_wconf 75' lang='grc' dir='ltr'>μολύνεσθαι</span> <span class='ocrx_word' id='word_1_526' title='bbox 2524 2970 2891 3039; x_wconf 84' lang='grc' dir='ltr'>Χριστιανῶν</span> <span class='ocrx_word' id='word_1_527' title='bbox 2904 2970 3102 3036; x_wconf 77' lang='grc' dir='ltr'>δεξιὰς</span> <span class='ocrx_word' id='word_1_528' title='bbox 3123 2971 3371 3039; x_wconf 84' lang='grc' dir='ltr'>αῖμασιν</span> <span class='ocrx_word' id='word_1_529' title='bbox 3390 2969 3755 3040; x_wconf 78' lang='grc' dir='ltr'>όμοπίστων</span> 
     </span>
    </p>
   </div>
   <div class='ocr_carea' id='block_1_76' title="bbox 2148 3058 3749 3130">
    <p class='ocr_par' dir='ltr' id='par_1_76' title="bbox 2148 3058 3749 3130">
     <span class='ocr_line' id='line_1_76' title="bbox 2148 3058 3749 3130; baseline 0.001 -15"><span class='ocrx_word' id='word_1_530' title='bbox 2148 3060 2534 3130; x_wconf 65' lang='grc' dir='ltr'>Χριστιανῶν.</span> <span class='ocrx_word' id='word_1_531' title='bbox 2544 3064 2877 3130; x_wconf 78' lang='grc' dir='ltr'>Ἄνθρωπος</span> <span class='ocrx_word' id='word_1_532' title='bbox 2895 3058 2951 3117; x_wconf 74' lang='grc' dir='ltr'><strong>εἷ</strong></span> <span class='ocrx_word' id='word_1_533' title='bbox 2964 3062 3059 3116; x_wconf 76' lang='grc' dir='ltr'><strong>καί</strong></span> <span class='ocrx_word' id='word_1_534' title='bbox 3072 3064 3149 3117; x_wconf 84' lang='grc' dir='ltr'>αὐ</span> <span class='ocrx_word' id='word_1_535' title='bbox 3156 3062 3253 3127; x_wconf 85' lang='grc' dir='ltr'>τὸς</span> <span class='ocrx_word' id='word_1_536' title='bbox 3264 3060 3518 3116; x_wconf 85' lang='grc' dir='ltr'>θάνατον</span> <span class='ocrx_word' id='word_1_537' title='bbox 3533 3076 3749 3129; x_wconf 77' lang='grc' dir='ltr'>προσ-</span> 
     </span>
    </p>
   </div>
   <div class='ocr_carea' id='block_1_77' title="bbox 2152 3152 3753 3222">
    <p class='ocr_par' dir='ltr' id='par_1_77' title="bbox 2152 3152 3753 3222">
     <span class='ocr_line' id='line_1_77' title="bbox 2152 3152 3753 3222; baseline 0.002 -15"><span class='ocrx_word' id='word_1_538' title='bbox 2152 3152 2348 3207; x_wconf 72' lang='grc' dir='ltr'>δοκῶν</span> <span class='ocrx_word' id='word_1_539' title='bbox 2380 3154 2476 3208; x_wconf 78' lang='grc' dir='ltr'><strong>καί</strong></span> <span class='ocrx_word' id='word_1_540' title='bbox 2505 3153 2849 3208; x_wconf 80' lang='grc' dir='ltr'>ἀνάστασιν</span> <span class='ocrx_word' id='word_1_541' title='bbox 2884 3155 2981 3209; x_wconf 79' lang='grc' dir='ltr'>καὶ</span> <span class='ocrx_word' id='word_1_542' title='bbox 3028 3155 3233 3222; x_wconf 78' lang='grc' dir='ltr'>κρίσιν</span> <span class='ocrx_word' id='word_1_543' title='bbox 3258 3155 3356 3207; x_wconf 73' lang='grc' dir='ltr'>καὶ</span> <span class='ocrx_word' id='word_1_544' title='bbox 3398 3154 3753 3211; x_wconf 76' lang='grc' dir='ltr'>ἀνταπόδοο</span> 
     </span>
    </p>
   </div>
   <div class='ocr_carea' id='block_1_78' title="bbox 2155 3244 3753 3320">
    <p class='ocr_par' dir='ltr' id='par_1_78' title="bbox 2155 3244 3753 3320">
     <span class='ocr_line' id='line_1_78' title="bbox 2155 3244 3753 3320; baseline 0 -19"><span class='ocrx_word' id='word_1_545' title='bbox 2155 3261 2283 3311; x_wconf 88' lang='grc' dir='ltr'>σιν,</span> <span class='ocrx_word' id='word_1_546' title='bbox 2314 3246 2410 3300; x_wconf 75' lang='grc' dir='ltr'>καὶ</span> <span class='ocrx_word' id='word_1_547' title='bbox 2434 3249 2702 3316; x_wconf 77' lang='grc' dir='ltr'>σήμερον</span> <span class='ocrx_word' id='word_1_548' title='bbox 2713 3245 2830 3316; x_wconf 85' lang='grc' dir='ltr'>μὲν</span> <span class='ocrx_word' id='word_1_549' title='bbox 2857 3246 3166 3320; x_wconf 82' lang='grc' dir='ltr'>ὑπάρχων,</span> <span class='ocrx_word' id='word_1_550' title='bbox 3189 3247 3399 3316; x_wconf 76' lang='grc' dir='ltr'>αὔριον</span> <span class='ocrx_word' id='word_1_551' title='bbox 3427 3244 3493 3299; x_wconf 78' lang='grc' dir='ltr'>δὲ</span> <span class='ocrx_word' id='word_1_552' title='bbox 3512 3246 3604 3319; x_wconf 80' lang='grc' dir='ltr'>εις</span> <span class='ocrx_word' id='word_1_553' title='bbox 3630 3245 3753 3301; x_wconf 71' lang='lat' dir='ltr'><strong>sed-</strong></span> 
     </span>
    </p>
   </div>
   <div class='ocr_carea' id='block_1_79' title="bbox 2154 3335 3757 3408">
    <p class='ocr_par' dir='ltr' id='par_1_79' title="bbox 2154 3335 3757 3408">
     <span class='ocr_line' id='line_1_79' title="bbox 2154 3335 3757 3408; baseline 0.002 -15"><span class='ocrx_word' id='word_1_554' title='bbox 2154 3357 2254 3394; x_wconf 90' lang='grc' dir='ltr'><strong>νιν</strong></span> <span class='ocrx_word' id='word_1_555' title='bbox 2268 3339 2679 3408; x_wconf 65' lang='grc' dir='ltr'>διαλυόμενος.</span> <span class='ocrx_word' id='word_1_556' title='bbox 2698 3335 2799 3405; x_wconf 80' lang='grc' dir='ltr'><strong>Εἷς</strong></span> <span class='ocrx_word' id='word_1_557' title='bbox 2821 3340 3074 3408; x_wconf 73' lang='grc' dir='ltr'>πυρετὸς</span> <span class='ocrx_word' id='word_1_558' title='bbox 3091 3339 3253 3394; x_wconf 83' lang='grc' dir='ltr'>ἅπαν</span> <span class='ocrx_word' id='word_1_559' title='bbox 3276 3338 3648 3393; x_wconf 77' lang='grc' dir='ltr'>κατασϐέσει</span> <span class='ocrx_word' id='word_1_560' title='bbox 3676 3339 3757 3396; x_wconf 77' lang='grc' dir='ltr'>τὸ</span> 
     </span>
    </p>
   </div>
   <div class='ocr_carea' id='block_1_80' title="bbox 2154 3431 3759 3503">
    <p class='ocr_par' dir='ltr' id='par_1_80' title="bbox 2154 3431 3759 3503">
     <span class='ocr_line' id='line_1_80' title="bbox 2154 3431 3759 3503; baseline 0.001 -16"><span class='ocrx_word' id='word_1_561' title='bbox 2154 3435 2451 3503; x_wconf 69' lang='grc' dir='ltr'>φρύαγμα.</span> <span class='ocrx_word' id='word_1_562' title='bbox 2482 3436 2619 3488; x_wconf 88' lang='grc' dir='ltr'>Τίνα</span> <span class='ocrx_word' id='word_1_563' title='bbox 2641 3431 2756 3488; x_wconf 84' lang='grc' dir='ltr'>οὖν</span> <span class='ocrx_word' id='word_1_564' title='bbox 2781 3436 2969 3503; x_wconf 71' lang='grc' dir='ltr'>λόγον</span> <span class='ocrx_word' id='word_1_565' title='bbox 2994 3433 3208 3499; x_wconf 87' lang='grc' dir='ltr'>δώσεις</span> <span class='ocrx_word' id='word_1_566' title='bbox 3231 3432 3309 3498; x_wconf 87' lang='grc' dir='ltr'>τῷ</span> <span class='ocrx_word' id='word_1_567' title='bbox 3339 3433 3461 3498; x_wconf 75' lang='grc' dir='ltr'><strong>θεῷ</strong></span> <span class='ocrx_word' id='word_1_568' title='bbox 3499 3432 3759 3488; x_wconf 77' lang='grc' dir='ltr'><strong>ἐκεῖθεν</strong></span> 
     </span>
    </p>
   </div>
   <div class='ocr_carea' id='block_1_81' title="bbox 2156 3524 3756 3595">
    <p class='ocr_par' dir='ltr' id='par_1_81' title="bbox 2156 3524 3756 3595">
     <span class='ocr_line' id='line_1_81' title="bbox 2156 3524 3756 3595; baseline -0.002 -14"><span class='ocrx_word' id='word_1_569' title='bbox 2156 3525 2435 3581; x_wconf 75' lang='grc' dir='ltr'>ἀπελθὼν</span> <span class='ocrx_word' id='word_1_570' title='bbox 2453 3525 2603 3594; x_wconf 81' lang='grc' dir='ltr'>ὑπὲρ</span> <span class='ocrx_word' id='word_1_571' title='bbox 2621 3524 2738 3579; x_wconf 84' lang='grc' dir='ltr'>τῶν</span> <span class='ocrx_word' id='word_1_572' title='bbox 2754 3525 2976 3579; x_wconf 81' lang='grc' dir='ltr'>ἀδίκων</span> <span class='ocrx_word' id='word_1_573' title='bbox 2990 3524 3257 3595; x_wconf 59' lang='grc' dir='ltr'>σφαγηῶη</span> <span class='ocrx_word' id='word_1_574' title='bbox 3271 3526 3421 3590; x_wconf 79' lang='grc' dir='ltr'>ποίῳ</span> <span class='ocrx_word' id='word_1_575' title='bbox 3437 3526 3756 3593; x_wconf 68' lang='grc' dir='ltr'>προσώπῳ</span> 
     </span>
    </p>
   </div>
   <div class='ocr_carea' id='block_1_82' title="bbox 2157 3615 3756 3687">
    <p class='ocr_par' dir='ltr' id='par_1_82' title="bbox 2157 3615 3756 3687">
     <span class='ocr_line' id='line_1_82' title="bbox 2157 3615 3756 3687; baseline -0.001 -14"><span class='ocrx_word' id='word_1_576' title='bbox 2157 3618 2236 3684; x_wconf 87' lang='grc' dir='ltr'>τῷ</span> <span class='ocrx_word' id='word_1_577' title='bbox 2260 3617 2489 3687; x_wconf 71' lang='grc' dir='ltr'>φοϐερῷ</span> <span class='ocrx_word' id='word_1_578' title='bbox 2519 3618 2613 3672; x_wconf 74' lang='grc' dir='ltr'>καὶ</span> <span class='ocrx_word' id='word_1_579' title='bbox 2631 3617 2835 3684; x_wconf 77' lang='grc' dir='ltr'>δικαίῳ</span> <span class='ocrx_word' id='word_1_580' title='bbox 2863 3618 3220 3685; x_wconf 82' lang='grc' dir='ltr'>ἐνατενίσῃς</span> <span class='ocrx_word' id='word_1_581' title='bbox 3237 3615 3432 3685; x_wconf 77' lang='grc' dir='ltr'>κριτῇ;</span> <span class='ocrx_word' id='word_1_582' title='bbox 3460 3616 3756 3671; x_wconf 66' lang='lat'><strong>811.1015-</strong></span> 
     </span>
    </p>
   </div>
   <div class='ocr_carea' id='block_1_83' title="bbox 2156 3703 3746 3776">
    <p class='ocr_par' dir='ltr' id='par_1_83' title="bbox 2156 3703 3746 3776">
     <span class='ocr_line' id='line_1_83' title="bbox 2156 3703 3746 3776; baseline -0.002 -14"><span class='ocrx_word' id='word_1_583' title='bbox 2156 3724 2264 3762; x_wconf 89' lang='grc' dir='ltr'><strong>του</strong></span> <span class='ocrx_word' id='word_1_584' title='bbox 2309 3707 2471 3776; x_wconf 59' lang='lat' dir='ltr'><strong>spec.</strong></span> <span class='ocrx_word' id='word_1_585' title='bbox 2513 3707 2627 3776; x_wconf 75' lang='grc' dir='ltr'><strong>ἐγώ</strong></span> <span class='ocrx_word' id='word_1_586' title='bbox 2653 3723 2729 3762; x_wconf 90' lang='grc' dir='ltr'>σε</span> <span class='ocrx_word' id='word_1_587' title='bbox 2755 3710 3099 3774; x_wconf 81' lang='grc' dir='ltr'>κατακόρως</span> <span class='ocrx_word' id='word_1_588' title='bbox 3148 3707 3363 3760; x_wconf 81' lang='grc' dir='ltr'>τούτου</span> <span class='ocrx_word' id='word_1_589' title='bbox 3415 3703 3746 3774; x_wconf 60' lang='grc' dir='ltr'>ἐμπλήσω.</span> 
     </span>
    </p>
   </div>
   <div class='ocr_carea' id='block_1_84' title="bbox 2157 3796 3749 3871">
    <p class='ocr_par' dir='ltr' id='par_1_84' title="bbox 2157 3796 3749 3871">
     <span class='ocr_line' id='line_1_84' title="bbox 2157 3796 3749 3871; baseline -0.001 -20"><span class='ocrx_word' id='word_1_590' title='bbox 2157 3797 2362 3851; x_wconf 77' lang='grc' dir='ltr'>Μόνον</span> <span class='ocrx_word' id='word_1_591' title='bbox 2401 3798 2653 3863; x_wconf 76' lang='grc' dir='ltr'>ἐπίσχες</span> <span class='ocrx_word' id='word_1_592' title='bbox 2684 3796 2800 3865; x_wconf 80' lang='grc' dir='ltr'>τὴν</span> <span class='ocrx_word' id='word_1_593' title='bbox 2832 3797 3057 3863; x_wconf 77' lang='grc' dir='ltr'>δεξιὰν,</span> <span class='ocrx_word' id='word_1_594' title='bbox 3090 3797 3365 3852; x_wconf 84' lang='grc' dir='ltr'>ἀσπασαι</span> <span class='ocrx_word' id='word_1_595' title='bbox 3402 3797 3518 3865; x_wconf 83' lang='grc' dir='ltr'>τὴν</span> <span class='ocrx_word' id='word_1_596' title='bbox 3571 3796 3749 3871; x_wconf 63' lang='lat' dir='ltr'><strong>etpri-</strong></span> 
     </span>
    </p>
   </div>
   <div class='ocr_carea' id='block_1_85' title="bbox 2158 3888 3751 3959">
    <p class='ocr_par' dir='ltr' id='par_1_85' title="bbox 2158 3888 3751 3959">
     <span class='ocr_line' id='line_1_85' title="bbox 2158 3888 3751 3959; baseline 0 -17"><span class='ocrx_word' id='word_1_597' title='bbox 2158 3904 2297 3955; x_wconf 87' lang='grc' dir='ltr'>νην,</span> <span class='ocrx_word' id='word_1_598' title='bbox 2325 3888 2648 3957; x_wconf 76' lang='grc' dir='ltr'>ἀγάπησον</span> <span class='ocrx_word' id='word_1_599' title='bbox 2674 3889 2790 3957; x_wconf 80' lang='grc' dir='ltr'><strong>τὴν</strong></span> <span class='ocrx_word' id='word_1_600' title='bbox 2816 3890 3118 3959; x_wconf 83' lang='grc' dir='ltr'>ὁμόνοιαν,</span> <span class='ocrx_word' id='word_1_601' title='bbox 3144 3890 3245 3943; x_wconf 73' lang='grc' dir='ltr'>ἵνα</span> <span class='ocrx_word' id='word_1_602' title='bbox 3263 3889 3358 3943; x_wconf 70' lang='grc' dir='ltr'>καὶ</span> <span class='ocrx_word' id='word_1_603' title='bbox 3392 3888 3577 3954; x_wconf 84' lang='grc' dir='ltr'>αὑτὸς</span> <span class='ocrx_word' id='word_1_604' title='bbox 3589 3888 3751 3953; x_wconf 76' lang='grc' dir='ltr'>βίον</span> 
     </span>
    </p>
   </div>
   <div class='ocr_carea' id='block_1_86' title="bbox 2161 3978 3748 4051">
    <p class='ocr_par' dir='ltr' id='par_1_86' title="bbox 2161 3978 3748 4051">
     <span class='ocr_line' id='line_1_86' title="bbox 2161 3978 3748 4051; baseline -0.008 -9"><span class='ocrx_word' id='word_1_605' title='bbox 2161 3979 2350 4049; x_wconf 64' lang='grc' dir='ltr'>δήσῃς</span> <span class='ocrx_word' id='word_1_606' title='bbox 2380 3980 2687 4051; x_wconf 81' lang='grc' dir='ltr'>ειρηνικὸν</span> <span class='ocrx_word' id='word_1_607' title='bbox 2724 3981 2823 4036; x_wconf 81' lang='grc' dir='ltr'><strong>και</strong></span> <span class='ocrx_word' id='word_1_608' title='bbox 2865 3982 3237 4050; x_wconf 82' lang='grc' dir='ltr'>ἀναίμακτον</span> <span class='ocrx_word' id='word_1_609' title='bbox 3280 3981 3383 4034; x_wconf 71' lang='grc' dir='ltr'>καὶ</span> <span class='ocrx_word' id='word_1_610' title='bbox 3433 3978 3748 4050; x_wconf 72' lang='grc' dir='ltr'>ἀπράγμο-</span> 
     </span>
    </p>
   </div>
   <div class='ocr_carea' id='block_1_87' title="bbox 2160 4070 3747 4142">
    <p class='ocr_par' dir='ltr' id='par_1_87' title="bbox 2160 4070 3747 4142">
     <span class='ocr_line' id='line_1_87' title="bbox 2160 4070 3747 4142; baseline 0.001 -17"><span class='ocrx_word' id='word_1_611' title='bbox 2160 4088 2259 4135; x_wconf 82' lang='grc' dir='ltr'>να.</span> <span class='ocrx_word' id='word_1_612' title='bbox 2293 4072 2391 4127; x_wconf 75' lang='grc' dir='ltr'>καὶ</span> <span class='ocrx_word' id='word_1_613' title='bbox 2429 4075 2486 4126; x_wconf 80' lang='lat' dir='ltr'><strong>oi</strong></span> <span class='ocrx_word' id='word_1_614' title='bbox 2512 4073 2853 4139; x_wconf 78' lang='grc' dir='ltr'>Χριστιανοὶ</span> <span class='ocrx_word' id='word_1_615' title='bbox 2878 4074 3229 4127; x_wconf 80' lang='grc' dir='ltr'>παύσωνταί</span> <span class='ocrx_word' id='word_1_616' title='bbox 3253 4089 3400 4126; x_wconf 80' lang='grc' dir='ltr'>ποτε</span> <span class='ocrx_word' id='word_1_617' title='bbox 3425 4070 3548 4125; x_wconf 80' lang='grc' dir='ltr'>τῶν</span> <span class='ocrx_word' id='word_1_618' title='bbox 3577 4089 3747 4142; x_wconf 69' lang='grc' dir='ltr'>συμ-</span> 
     </span>
    </p>
   </div>
   <div class='ocr_carea' id='block_1_88' title="bbox 2161 4162 3743 4234">
    <p class='ocr_par' dir='ltr' id='par_1_88' title="bbox 2161 4162 3743 4234">
     <span class='ocr_line' id='line_1_88' title="bbox 2161 4162 3743 4234; baseline -0.001 -17"><span class='ocrx_word' id='word_1_619' title='bbox 2161 4162 2363 4234; x_wconf 75' lang='grc' dir='ltr'>φορῶν</span> <span class='ocrx_word' id='word_1_620' title='bbox 2398 4162 2499 4217; x_wconf 73' lang='grc' dir='ltr'><strong>καὶ</strong></span> <span class='ocrx_word' id='word_1_621' title='bbox 2528 4163 2870 4230; x_wconf 77' lang='grc' dir='ltr'>στήσωνται</span> <span class='ocrx_word' id='word_1_622' title='bbox 2901 4164 2969 4218; x_wconf 79' lang='grc' dir='ltr'>τὸ</span> <span class='ocrx_word' id='word_1_623' title='bbox 3008 4163 3401 4233; x_wconf 74' lang='grc' dir='ltr'>Χριστιανοὺς</span> <span class='ocrx_word' id='word_1_624' title='bbox 3438 4164 3743 4232; x_wconf 72' lang='grc' dir='ltr'>ἀναιρεῖν·</span> 
     </span>
    </p>
   </div>
   <div class='ocr_carea' id='block_1_89' title="bbox 2162 4254 3749 4326">
    <p class='ocr_par' dir='ltr' id='par_1_89' title="bbox 2162 4254 3749 4326">
     <span class='ocr_line' id='line_1_89' title="bbox 2162 4254 3749 4326; baseline -0.001 -17"><span class='ocrx_word' id='word_1_625' title='bbox 2162 4258 2235 4309; x_wconf 79' lang='grc' dir='ltr'>οὐ</span> <span class='ocrx_word' id='word_1_626' title='bbox 2285 4256 2395 4325; x_wconf 76' lang='grc' dir='ltr'>γὰρ</span> <span class='ocrx_word' id='word_1_627' title='bbox 2428 4255 2595 4325; x_wconf 82' lang='grc' dir='ltr'>θέμις</span> <span class='ocrx_word' id='word_1_628' title='bbox 2636 4256 2842 4322; x_wconf 83' lang='grc' dir='ltr'>αὐτοῖς</span> <span class='ocrx_word' id='word_1_629' title='bbox 2890 4256 3082 4326; x_wconf 65' lang='grc' dir='ltr'>αἴρειν</span> <span class='ocrx_word' id='word_1_630' title='bbox 3135 4254 3297 4310; x_wconf 74' lang='grc' dir='ltr'>ὅπλα</span> <span class='ocrx_word' id='word_1_631' title='bbox 3359 4255 3493 4311; x_wconf 78' lang='grc' dir='ltr'>καθ’</span> <span class='ocrx_word' id='word_1_632' title='bbox 3529 4254 3749 4326; x_wconf 54' lang='lat' dir='ltr'><strong>ducat.</strong></span> 
     </span>
    </p>
   </div>
   <div class='ocr_carea' id='block_1_90' title="bbox 2162 4360 2346 4400">
    <p class='ocr_par' dir='ltr' id='par_1_90' title="bbox 2162 4360 2346 4400">
     <span class='ocr_line' id='line_1_90' title="bbox 2162 4360 2346 4400; baseline -0.016 0"><span class='ocrx_word' id='word_1_633' title='bbox 2162 4360 2346 4400; x_wconf 87' lang='grc' dir='ltr'>στων.</span> 
     </span>
    </p>
   </div>
   <div class='ocr_carea' id='block_1_91' title="bbox 550 4433 2051 4527">
    <p class='ocr_par' dir='ltr' id='par_1_91' title="bbox 550 4433 2051 4508">
     <span class='ocr_line' id='line_1_91' title="bbox 550 4433 2051 4508; baseline 0.007 -21"><span class='ocrx_word' id='word_1_634' title='bbox 550 4433 643 4487; x_wconf 78' lang='grc'><strong>30.</strong></span> <span class='ocrx_word' id='word_1_635' title='bbox 709 4434 884 4488; x_wconf 84' lang='lat' dir='ltr'><strong>Tanta</strong></span> <span class='ocrx_word' id='word_1_636' title='bbox 946 4434 1062 4489; x_wconf 65' lang='lat' dir='ltr'><strong>haec</strong></span> <span class='ocrx_word' id='word_1_637' title='bbox 1123 4435 1342 4491; x_wconf 90' lang='lat' dir='ltr'><strong>locutus</strong></span> <span class='ocrx_word' id='word_1_638' title='bbox 1406 4436 1709 4508; x_wconf 88' lang='lat' dir='ltr'><strong>imperator</strong></span> <span class='ocrx_word' id='word_1_639' title='bbox 1771 4439 2051 4497; x_wconf 85' lang='lat' dir='ltr'><strong>conticuit.</strong></span> 
     </span>
    </p>
   </div>
   <div class='ocr_carea' id='block_1_92' title="bbox 2151 4433 3748 4527">
    <p class='ocr_par' dir='ltr' id='par_1_92' title="bbox 2234 4434 3748 4508">
     <span class='ocr_line' id='line_1_92' title="bbox 2234 4434 3748 4508; baseline -0.001 -19"><span class='ocrx_word' id='word_1_640' title='bbox 2234 4435 2299 4490; x_wconf 82' lang='grc' dir='ltr'>λ’.</span> <span class='ocrx_word' id='word_1_641' title='bbox 2333 4436 2581 4491; x_wconf 79' lang='grc' dir='ltr'>Τοσαῦτα</span> <span class='ocrx_word' id='word_1_642' title='bbox 2612 4438 2640 4491; x_wconf 85' lang='grc' dir='ltr'><strong>ὀ</strong></span> <span class='ocrx_word' id='word_1_643' title='bbox 2671 4436 2923 4508; x_wconf 76' lang='grc' dir='ltr'>βασιλεὺς</span> <span class='ocrx_word' id='word_1_644' title='bbox 2954 4438 3121 4492; x_wconf 83' lang='grc' dir='ltr'>εἰπὼν</span> <span class='ocrx_word' id='word_1_645' title='bbox 3151 4437 3425 4506; x_wconf 73' lang='grc' dir='ltr'>ἐσίγησεν.</span> <span class='ocrx_word' id='word_1_646' title='bbox 3458 4434 3524 4489; x_wconf 84' lang='grc'><strong>’0</strong></span> <span class='ocrx_word' id='word_1_647' title='bbox 3554 4435 3613 4489; x_wconf 74' lang='grc' dir='ltr'>δὲ</span> <span class='ocrx_word' id='word_1_648' title='bbox 3645 4436 3748 4488; x_wconf 76' lang='grc' dir='ltr'><strong>Συ·</strong></span> 
     </span>
    </p>
   </div>
   <div class='ocr_carea' id='block_1_93' title="bbox 480 4524 2051 4603">
    <p class='ocr_par' dir='ltr' id='par_1_93' title="bbox 480 4524 2051 4603">
     <span class='ocr_line' id='line_1_93' title="bbox 480 4524 2051 4603; baseline 0.006 -23"><span class='ocrx_word' id='word_1_649' title='bbox 480 4524 719 4597; x_wconf 84' lang='lat' dir='ltr'><strong>Symeon</strong></span> <span class='ocrx_word' id='word_1_650' title='bbox 766 4542 899 4581; x_wconf 90' lang='lat' dir='ltr'><strong>vero</strong></span> <span class='ocrx_word' id='word_1_651' title='bbox 950 4542 1279 4596; x_wconf 85' lang='lat' dir='ltr'><strong>propensam</strong></span> <span class='ocrx_word' id='word_1_652' title='bbox 1332 4527 1471 4583; x_wconf 92' lang='lat' dir='ltr'><strong>adeo</strong></span> <span class='ocrx_word' id='word_1_653' title='bbox 1530 4529 1900 4587; x_wconf 84' lang='lat' dir='ltr'><strong>humilitatem</strong></span> <span class='ocrx_word' id='word_1_654' title='bbox 1955 4534 2051 4603; x_wconf 32' lang='lat' dir='ltr'><strong>ple!</strong></span> 
     </span>
    </p>
   </div>
   <div class='ocr_carea' id='block_1_94' title="bbox 2151 4524 3744 4603">
    <p class='ocr_par' dir='ltr' id='par_1_94' title="bbox 2171 4527 3744 4600">
     <span class='ocr_line' id='line_1_94' title="bbox 2171 4527 3744 4600; baseline -0.001 -18"><span class='ocrx_word' id='word_1_655' title='bbox 2171 4529 2317 4597; x_wconf 85' lang='grc' dir='ltr'>μεὼν</span> <span class='ocrx_word' id='word_1_656' title='bbox 2352 4529 2619 4593; x_wconf 70' lang='grc' dir='ltr'>αἰδεσθεὶς</span> <span class='ocrx_word' id='word_1_657' title='bbox 2663 4529 2760 4600; x_wconf 78' lang='grc' dir='ltr'>τὴν</span> <span class='ocrx_word' id='word_1_658' title='bbox 2807 4530 3075 4598; x_wconf 79' lang='grc' dir='ltr'>τοσαύτην</span> <span class='ocrx_word' id='word_1_659' title='bbox 3125 4529 3455 4583; x_wconf 75' lang='grc' dir='ltr'>ταπείνωσιν</span> <span class='ocrx_word' id='word_1_660' title='bbox 3481 4527 3577 4581; x_wconf 71' lang='grc' dir='ltr'><strong>καὶ</strong></span> <span class='ocrx_word' id='word_1_661' title='bbox 3614 4529 3744 4589; x_wconf 69' lang='grc' dir='ltr'>τοὺς</span> 
     </span>
    </p>
   </div>
   <div class='ocr_carea' id='block_1_95' title="bbox 480 4619 2051 4694">
    <p class='ocr_par' dir='ltr' id='par_1_95' title="bbox 480 4619 2051 4694">
     <span class='ocr_line' id='line_1_95' title="bbox 480 4619 2051 4694; baseline 0.006 -23"><span class='ocrx_word' id='word_1_662' title='bbox 480 4634 661 4689; x_wconf 87' lang='lat' dir='ltr'><strong>naque</strong></span> <span class='ocrx_word' id='word_1_663' title='bbox 691 4619 975 4675; x_wconf 56' lang='lat' dir='ltr'><strong>modestia».</strong></span> <span class='ocrx_word' id='word_1_664' title='bbox 998 4621 1166 4674; x_wconf 84' lang='lat' dir='ltr'><strong>verba</strong></span> <span class='ocrx_word' id='word_1_665' title='bbox 1198 4620 1472 4675; x_wconf 85' lang='lat' dir='ltr'><strong>reveritus</strong></span> <span class='ocrx_word' id='word_1_666' title='bbox 1490 4622 1882 4691; x_wconf 62' lang='lat' dir='ltr'><strong>componenda</strong></span> <span class='ocrx_word' id='word_1_667' title='bbox 1910 4626 2051 4694; x_wconf 70' lang='lat' dir='ltr'><strong>pacis</strong></span> 
     </span>
    </p>
   </div>
   <div class='ocr_carea' id='block_1_96' title="bbox 2151 4619 3741 4694">
    <p class='ocr_par' dir='ltr' id='par_1_96' title="bbox 2166 4619 3741 4693">
     <span class='ocr_line' id='line_1_96' title="bbox 2166 4619 3741 4693; baseline 0 -21"><span class='ocrx_word' id='word_1_668' title='bbox 2166 4619 2375 4687; x_wconf 79' lang='grc' dir='ltr'>λόγους,</span> <span class='ocrx_word' id='word_1_669' title='bbox 2407 4622 2701 4675; x_wconf 81' lang='grc' dir='ltr'>κατένευσε</span> <span class='ocrx_word' id='word_1_670' title='bbox 2734 4620 2834 4692; x_wconf 77' lang='grc' dir='ltr'>τὴν</span> <span class='ocrx_word' id='word_1_671' title='bbox 2866 4622 3095 4693; x_wconf 75' lang='grc' dir='ltr'>εἰρήνην</span> <span class='ocrx_word' id='word_1_672' title='bbox 3134 4620 3487 4689; x_wconf 78' lang='grc' dir='ltr'>ποιήσασθαι.</span> <span class='ocrx_word' id='word_1_673' title='bbox 3536 4619 3741 4673; x_wconf 79' lang='grc' dir='ltr'>Ἀσπα-</span> 
     </span>
    </p>
   </div>
   <div class='ocr_carea' id='block_1_97' title="bbox 479 4707 2051 4783">
    <p class='ocr_par' dir='ltr' id='par_1_97' title="bbox 479 4712 2051 4783">
     <span class='ocr_line' id='line_1_97' title="bbox 479 4712 2051 4783; baseline 0.004 -18"><span class='ocrx_word' id='word_1_674' title='bbox 479 4726 764 4766; x_wconf 87' lang='lat' dir='ltr'><strong>assensum</strong></span> <span class='ocrx_word' id='word_1_675' title='bbox 793 4712 1045 4780; x_wconf 64' lang='lat' dir='ltr'><strong>praebuit.</strong></span> <span class='ocrx_word' id='word_1_676' title='bbox 1080 4712 1232 4767; x_wconf 80' lang='lat' dir='ltr'><strong>Alter</strong></span> <span class='ocrx_word' id='word_1_677' title='bbox 1259 4712 1426 4782; x_wconf 79' lang='lat' dir='ltr'><strong>igitur</strong></span> <span class='ocrx_word' id='word_1_678' title='bbox 1450 4714 1607 4768; x_wconf 87' lang='lat' dir='ltr'><strong>alteri</strong></span> <span class='ocrx_word' id='word_1_679' title='bbox 1640 4716 1760 4770; x_wconf 84' lang='lat' dir='ltr'><strong>vale</strong></span> <span class='ocrx_word' id='word_1_680' title='bbox 1786 4716 2051 4783; x_wconf 85' lang='lat' dir='ltr'><strong>dicentes,</strong></span> 
     </span>
    </p>
   </div>
   <div class='ocr_carea' id='block_1_98' title="bbox 2151 4707 3741 4783">
    <p class='ocr_par' dir='ltr' id='par_1_98' title="bbox 2165 4707 3741 4781">
     <span class='ocr_line' id='line_1_98' title="bbox 2165 4707 3741 4781; baseline -0.006 -16"><span class='ocrx_word' id='word_1_681' title='bbox 2165 4712 2390 4781; x_wconf 80' lang='grc' dir='ltr'>σάμενοι</span> <span class='ocrx_word' id='word_1_682' title='bbox 2438 4708 2532 4765; x_wconf 70' lang='grc' dir='ltr'><strong>οὖν</strong></span> <span class='ocrx_word' id='word_1_683' title='bbox 2586 4711 2849 4781; x_wconf 82' lang='grc' dir='ltr'>ἀλλήλους</span> <span class='ocrx_word' id='word_1_684' title='bbox 2897 4712 2991 4764; x_wconf 80' lang='grc' dir='ltr'><strong>καὶ</strong></span> <span class='ocrx_word' id='word_1_685' title='bbox 3023 4709 3497 4780; x_wconf 81' lang='grc' dir='ltr'>διαχωρισθέντες,</span> <span class='ocrx_word' id='word_1_686' title='bbox 3548 4707 3741 4778; x_wconf 70' lang='grc' dir='ltr'>δώροις</span> 
     </span>
    </p>
   </div>
   <div class='ocr_carea' id='block_1_99' title="bbox 483 4800 2051 4875">
    <p class='ocr_par' dir='ltr' id='par_1_99' title="bbox 483 4801 2051 4874">
     <span class='ocr_line' id='line_1_99' title="bbox 483 4801 2051 4874; baseline 0.006 -19"><span class='ocrx_word' id='word_1_687' title='bbox 483 4801 799 4871; x_wconf 88' lang='lat' dir='ltr'><strong>mutuisque</strong></span> <span class='ocrx_word' id='word_1_688' title='bbox 829 4803 1083 4859; x_wconf 82' lang='lat' dir='ltr'><strong>exsatiati</strong></span> <span class='ocrx_word' id='word_1_689' title='bbox 1113 4805 1510 4874; x_wconf 81' lang='lat' dir='ltr'><strong>complexibus,</strong></span> <span class='ocrx_word' id='word_1_690' title='bbox 1543 4806 1671 4861; x_wconf 87' lang='lat' dir='ltr'><strong>hinc</strong></span> <span class='ocrx_word' id='word_1_691' title='bbox 1701 4807 1828 4863; x_wconf 89' lang='lat' dir='ltr'><strong>inde</strong></span> <span class='ocrx_word' id='word_1_692' title='bbox 1855 4809 2051 4864; x_wconf 87' lang='lat' dir='ltr'><strong>disces-</strong></span> 
     </span>
    </p>
   </div>
   <div class='ocr_carea' id='block_1_100' title="bbox 2151 4800 3739 4875">
    <p class='ocr_par' dir='ltr' id='par_1_100' title="bbox 2164 4800 3739 4875">
     <span class='ocr_line' id='line_1_100' title="bbox 2164 4800 3739 4875; baseline -0.004 -18"><span class='ocrx_word' id='word_1_693' title='bbox 2164 4803 2607 4875; x_wconf 77' lang='grc' dir='ltr'>μεγαλοπρεπέσι</span> <span class='ocrx_word' id='word_1_694' title='bbox 2641 4802 2737 4856; x_wconf 85' lang='grc' dir='ltr'><strong>τοῦ</strong></span> <span class='ocrx_word' id='word_1_695' title='bbox 2770 4802 3035 4873; x_wconf 73' lang='grc' dir='ltr'>βασιλέως</span> <span class='ocrx_word' id='word_1_696' title='bbox 3068 4802 3472 4870; x_wconf 80' lang='grc' dir='ltr'>δεξιωσαμένου</span> <span class='ocrx_word' id='word_1_697' title='bbox 3504 4801 3597 4853; x_wconf 69' lang='grc' dir='ltr'>τὸν</span> <span class='ocrx_word' id='word_1_698' title='bbox 3636 4800 3739 4851; x_wconf 81' lang='grc' dir='ltr'><strong>Συ-</strong></span> 
     </span>
    </p>
   </div>
   <div class='ocr_carea' id='block_1_101' title="bbox 482 4890 2051 4967">
    <p class='ocr_par' dir='ltr' id='par_1_101' title="bbox 482 4894 2051 4967">
     <span class='ocr_line' id='line_1_101' title="bbox 482 4894 2051 4967; baseline 0.007 -22"><span class='ocrx_word' id='word_1_699' title='bbox 482 4906 630 4955; x_wconf 83' lang='lat' dir='ltr'><strong>sere,</strong></span> <span class='ocrx_word' id='word_1_700' title='bbox 680 4901 970 4962; x_wconf 86' lang='lat' dir='ltr'><strong>postquam</strong></span> <span class='ocrx_word' id='word_1_701' title='bbox 1013 4894 1311 4963; x_wconf 88' lang='lat' dir='ltr'><strong>imperator</strong></span> <span class='ocrx_word' id='word_1_702' title='bbox 1357 4896 1684 4967; x_wconf 86' lang='lat' dir='ltr'><strong>Symeoncm</strong></span> <span class='ocrx_word' id='word_1_703' title='bbox 1729 4900 2051 4956; x_wconf 86' lang='lat' dir='ltr'><strong>muneribus</strong></span> 
     </span>
    </p>
   </div>
   <div class='ocr_carea' id='block_1_102' title="bbox 2151 4890 3739 4967">
    <p class='ocr_par' dir='ltr' id='par_1_102' title="bbox 2164 4890 3739 4966">
     <span class='ocr_line' id='line_1_102' title="bbox 2164 4890 3739 4966; baseline -0.003 -18"><span class='ocrx_word' id='word_1_704' title='bbox 2164 4895 2331 4966; x_wconf 86' lang='grc' dir='ltr'>μεών.</span> <span class='ocrx_word' id='word_1_705' title='bbox 2362 4896 2427 4948; x_wconf 85' lang='lat'><strong>&#39;0</strong></span> <span class='ocrx_word' id='word_1_706' title='bbox 2456 4895 2513 4948; x_wconf 78' lang='grc' dir='ltr'>δὲ</span> <span class='ocrx_word' id='word_1_707' title='bbox 2541 4896 2663 4947; x_wconf 87' lang='grc' dir='ltr'>τότε</span> <span class='ocrx_word' id='word_1_708' title='bbox 2688 4895 3058 4966; x_wconf 78' lang='grc' dir='ltr'>συμδέσηκεν,</span> <span class='ocrx_word' id='word_1_709' title='bbox 3079 4894 3437 4964; x_wconf 82' lang='grc' dir='ltr'>διηγήσομαι,</span> <span class='ocrx_word' id='word_1_710' title='bbox 3457 4890 3739 4963; x_wconf 73' lang='grc' dir='ltr'>τεράστιόν</span> 
     </span>
    </p>
   </div>
   <div class='ocr_carea' id='block_1_103' title="bbox 485 4981 2051 5057">
    <p class='ocr_par' dir='ltr' id='par_1_103' title="bbox 485 4981 2051 5057">
     <span class='ocr_line' id='line_1_103' title="bbox 485 4981 2051 5057; baseline 0.007 -23"><span class='ocrx_word' id='word_1_711' title='bbox 485 4981 773 5053; x_wconf 83' lang='lat' dir='ltr'><strong>magniﬁce</strong></span> <span class='ocrx_word' id='word_1_712' title='bbox 837 4985 1160 5053; x_wconf 88' lang='lat' dir='ltr'><strong>accepisset.</strong></span> <span class='ocrx_word' id='word_1_713' title='bbox 1221 4986 1377 5051; x_wconf 85' lang='lat' dir='ltr'><strong>Quod</strong></span> <span class='ocrx_word' id='word_1_714' title='bbox 1439 5003 1571 5043; x_wconf 85' lang='lat' dir='ltr'><strong>vero</strong></span> <span class='ocrx_word' id='word_1_715' title='bbox 1629 4998 1761 5044; x_wconf 90' lang='lat' dir='ltr'><strong>tunc</strong></span> <span class='ocrx_word' id='word_1_716' title='bbox 1820 4990 2051 5057; x_wconf 82' lang='lat' dir='ltr'><strong>accidit,</strong></span> 
     </span>
    </p>
   </div>
   <div class='ocr_carea' id='block_1_104' title="bbox 2151 4981 3731 5057">
    <p class='ocr_par' dir='ltr' id='par_1_104' title="bbox 2159 4984 3731 5056">
     <span class='ocr_line' id='line_1_104' title="bbox 2159 4984 3731 5056; baseline -0.003 -17"><span class='ocrx_word' id='word_1_717' title='bbox 2159 5004 2223 5041; x_wconf 85' lang='grc' dir='ltr'><strong>τε</strong></span> <span class='ocrx_word' id='word_1_718' title='bbox 2254 4987 2313 5040; x_wconf 82' lang='grc' dir='ltr'>ὃν</span> <span class='ocrx_word' id='word_1_719' title='bbox 2346 4990 2439 5041; x_wconf 75' lang='grc' dir='ltr'>καὶ</span> <span class='ocrx_word' id='word_1_720' title='bbox 2478 4990 2591 5050; x_wconf 84' lang='grc' dir='ltr'>τοῖς</span> <span class='ocrx_word' id='word_1_721' title='bbox 2633 4986 2806 5042; x_wconf 80' lang='grc' dir='ltr'>ταῦτα</span> <span class='ocrx_word' id='word_1_722' title='bbox 2851 4986 3161 5056; x_wconf 76' lang='grc' dir='ltr'>συγκρίνειν</span> <span class='ocrx_word' id='word_1_723' title='bbox 3210 4986 3378 5038; x_wconf 75' lang='grc' dir='ltr'>εἰδόσι</span> <span class='ocrx_word' id='word_1_724' title='bbox 3415 4984 3731 5055; x_wconf 65' lang='grc' dir='ltr'>παράδοξον.</span> 
     </span>
    </p>
   </div>
   <div class='ocr_carea' id='block_1_105' title="bbox 483 5076 2051 5149">
    <p class='ocr_par' dir='ltr' id='par_1_105' title="bbox 483 5076 2051 5149">
     <span class='ocr_line' id='line_1_105' title="bbox 483 5076 2051 5149; baseline 0.006 -22"><span class='ocrx_word' id='word_1_725' title='bbox 483 5082 812 5130; x_wconf 86' lang='lat' dir='ltr'><strong>narraturus</strong></span> <span class='ocrx_word' id='word_1_726' title='bbox 858 5089 1016 5139; x_wconf 87' lang='lat' dir='ltr'><strong>sum,</strong></span> <span class='ocrx_word' id='word_1_727' title='bbox 1072 5076 1275 5145; x_wconf 85' lang='lat' dir='ltr'><strong>quippe</strong></span> <span class='ocrx_word' id='word_1_728' title='bbox 1325 5076 1637 5145; x_wconf 87' lang='lat' dir='ltr'><strong>prodigium</strong></span> <span class='ocrx_word' id='word_1_729' title='bbox 1690 5094 1916 5149; x_wconf 88' lang='lat' dir='ltr'><strong>remque</strong></span> <span class='ocrx_word' id='word_1_730' title='bbox 1966 5097 2051 5135; x_wconf 88' lang='lat' dir='ltr'><strong>no-</strong></span> 
     </span>
    </p>
   </div>
   <div class='ocr_carea' id='block_1_106' title="bbox 2151 5076 3735 5149">
    <p class='ocr_par' dir='ltr' id='par_1_106' title="bbox 2166 5076 3735 5149">
     <span class='ocr_line' id='line_1_106' title="bbox 2166 5076 3735 5149; baseline -0.003 -16"><span class='ocrx_word' id='word_1_731' title='bbox 2166 5080 2271 5133; x_wconf 88' lang='grc' dir='ltr'>Δύο</span> <span class='ocrx_word' id='word_1_732' title='bbox 2302 5079 2468 5147; x_wconf 80' lang='grc' dir='ltr'>φασὶν</span> <span class='ocrx_word' id='word_1_733' title='bbox 2494 5080 2686 5142; x_wconf 78' lang='grc' dir='ltr'>ἀετοὺς</span> <span class='ocrx_word' id='word_1_734' title='bbox 2714 5080 2825 5132; x_wconf 84' lang='grc' dir='ltr'><strong>τῶν</strong></span> <span class='ocrx_word' id='word_1_735' title='bbox 2861 5078 3130 5149; x_wconf 82' lang='grc' dir='ltr'>βασιλέων</span> <span class='ocrx_word' id='word_1_736' title='bbox 3174 5076 3511 5147; x_wconf 79' lang='grc' dir='ltr'>ὁμιλούντων</span> <span class='ocrx_word' id='word_1_737' title='bbox 3539 5076 3735 5130; x_wconf 70' lang='grc' dir='ltr'>ἀνωθεν</span> 
     </span>
    </p>
   </div>
   <div class='ocr_carea' id='block_1_107' title="bbox 485 5165 2051 5243">
    <p class='ocr_par' dir='ltr' id='par_1_107' title="bbox 485 5165 2051 5241">
     <span class='ocr_line' id='line_1_107' title="bbox 485 5165 2051 5241; baseline 0.004 -22"><span class='ocrx_word' id='word_1_738' title='bbox 485 5180 608 5220; x_wconf 86' lang='lat' dir='ltr'><strong>vam</strong></span> <span class='ocrx_word' id='word_1_739' title='bbox 659 5174 718 5221; x_wconf 90' lang='lat' dir='ltr'><strong>et</strong></span> <span class='ocrx_word' id='word_1_740' title='bbox 773 5165 1100 5231; x_wconf 89' lang='lat' dir='ltr'><strong>inauditam,</strong></span> <span class='ocrx_word' id='word_1_741' title='bbox 1150 5181 1342 5221; x_wconf 87' lang='lat' dir='ltr'><strong>eorum</strong></span> <span class='ocrx_word' id='word_1_742' title='bbox 1386 5182 1553 5222; x_wconf 90' lang='lat' dir='ltr'><strong>sensu</strong></span> <span class='ocrx_word' id='word_1_743' title='bbox 1602 5184 1667 5224; x_wconf 90' lang='lat' dir='ltr'><strong>ac</strong></span> <span class='ocrx_word' id='word_1_744' title='bbox 1717 5171 1928 5240; x_wconf 83' lang='lat' dir='ltr'><strong>judicio</strong></span> <span class='ocrx_word' id='word_1_745' title='bbox 1972 5188 2051 5241; x_wconf 87' lang='lat' dir='ltr'><strong>qu:</strong></span> 
     </span>
    </p>
   </div>
   <div class='ocr_carea' id='block_1_108' title="bbox 2151 5165 3734 5243">
    <p class='ocr_par' dir='ltr' id='par_1_108' title="bbox 2169 5169 3734 5243">
     <span class='ocr_line' id='line_1_108' title="bbox 2169 5169 3734 5243; baseline -0.006 -15"><span class='ocrx_word' id='word_1_746' title='bbox 2169 5175 2350 5228; x_wconf 87' lang='grc' dir='ltr'>αὑτῶν</span> <span class='ocrx_word' id='word_1_747' title='bbox 2382 5173 2732 5243; x_wconf 82' lang='grc' dir='ltr'>ὑπερπτῆναι</span> <span class='ocrx_word' id='word_1_748' title='bbox 2753 5171 2823 5239; x_wconf 75' lang='grc'>⁸⁸,</span> <span class='ocrx_word' id='word_1_749' title='bbox 2855 5172 3088 5239; x_wconf 81' lang='grc' dir='ltr'>κλάγξαι</span> <span class='ocrx_word' id='word_1_750' title='bbox 3116 5187 3177 5223; x_wconf 88' lang='grc' dir='ltr'><strong>τε</strong></span> <span class='ocrx_word' id='word_1_751' title='bbox 3202 5171 3295 5224; x_wconf 73' lang='grc' dir='ltr'>καὶ</span> <span class='ocrx_word' id='word_1_752' title='bbox 3320 5169 3460 5240; x_wconf 81' lang='grc' dir='ltr'>πρὸς</span> <span class='ocrx_word' id='word_1_753' title='bbox 3481 5169 3734 5240; x_wconf 70' lang='grc' dir='ltr'>ἀλλήλαις</span> 
     </span>
    </p>
   </div>
   <div class='ocr_carea' id='block_1_109' title="bbox 485 5257 2051 5339">
    <p class='ocr_par' dir='ltr' id='par_1_109' title="bbox 485 5257 2047 5333">
     <span class='ocr_line' id='line_1_109' title="bbox 485 5257 2047 5333; baseline 0.006 -23"><span class='ocrx_word' id='word_1_754' title='bbox 485 5257 603 5315; x_wconf 69' lang='lat' dir='ltr'><strong>tunc</strong></span> <span class='ocrx_word' id='word_1_755' title='bbox 654 5260 953 5330; x_wconf 76' lang='lat' dir='ltr'><strong>coniectari</strong></span> <span class='ocrx_word' id='word_1_756' title='bbox 1007 5268 1233 5315; x_wconf 89' lang='lat' dir='ltr'><strong>norunt.</strong></span> <span class='ocrx_word' id='word_1_757' title='bbox 1286 5259 1476 5315; x_wconf 75' lang='lat' dir='ltr'><strong>Mutuo</strong></span> <span class='ocrx_word' id='word_1_758' title='bbox 1515 5262 1663 5315; x_wconf 88' lang='lat' dir='ltr'><strong>enim</strong></span> <span class='ocrx_word' id='word_1_759' title='bbox 1712 5264 2047 5333; x_wconf 86' lang='lat' dir='ltr'><strong>colloqueuti</strong></span> 
     </span>
    </p>
   </div>
   <div class='ocr_carea' id='block_1_110' title="bbox 2151 5257 3734 5339">
    <p class='ocr_par' dir='ltr' id='par_1_110' title="bbox 2172 5260 3734 5339">
     <span class='ocr_line' id='line_1_110' title="bbox 2172 5260 3734 5339; baseline -0.006 -18"><span class='ocrx_word' id='word_1_760' title='bbox 2172 5268 2440 5339; x_wconf 79' lang='grc' dir='ltr'>συμμῖξαι</span> <span class='ocrx_word' id='word_1_761' title='bbox 2465 5266 2563 5320; x_wconf 74' lang='grc' dir='ltr'>καὶ</span> <span class='ocrx_word' id='word_1_762' title='bbox 2588 5266 2902 5338; x_wconf 79' lang='grc' dir='ltr'>παραυτίκα</span> <span class='ocrx_word' id='word_1_763' title='bbox 2929 5262 3315 5333; x_wconf 77' lang='grc' dir='ltr'>διαζευχθῆναι</span> <span class='ocrx_word' id='word_1_764' title='bbox 3346 5262 3621 5332; x_wconf 78' lang='grc' dir='ltr'>ἀλλήλων,</span> <span class='ocrx_word' id='word_1_765' title='bbox 3646 5260 3734 5313; x_wconf 78' lang='grc' dir='ltr'>καὶ</span> 
     </span>
    </p>
   </div>
   <div class='ocr_carea' id='block_1_111' title="bbox 488 5348 2051 5431">
    <p class='ocr_par' dir='ltr' id='par_1_111' title="bbox 488 5348 2046 5423">
     <span class='ocr_line' id='line_1_111' title="bbox 488 5348 2046 5423; baseline 0.005 -20"><span class='ocrx_word' id='word_1_766' title='bbox 488 5348 593 5406; x_wconf 81' lang='lat' dir='ltr'><strong>bus</strong></span> <span class='ocrx_word' id='word_1_767' title='bbox 632 5353 855 5422; x_wconf 81' lang='lat' dir='ltr'><strong>regibus</strong></span> <span class='ocrx_word' id='word_1_768' title='bbox 881 5352 1021 5408; x_wconf 84' lang='lat' dir='ltr'><strong>duas</strong></span> <span class='ocrx_word' id='word_1_769' title='bbox 1046 5354 1285 5423; x_wconf 87' lang='lat' dir='ltr'><strong>desuper</strong></span> <span class='ocrx_word' id='word_1_770' title='bbox 1323 5353 1536 5423; x_wconf 87' lang='lat' dir='ltr'><strong>aquilas</strong></span> <span class='ocrx_word' id='word_1_771' title='bbox 1567 5354 1852 5411; x_wconf 86' lang='lat' dir='ltr'><strong>devolasse</strong></span> <span class='ocrx_word' id='word_1_772' title='bbox 1884 5356 2046 5412; x_wconf 78' lang='lat' dir='ltr'><strong>ferun</strong></span> 
     </span>
    </p>
   </div>
   <div class='ocr_carea' id='block_1_112' title="bbox 2151 5348 3733 5431">
    <p class='ocr_par' dir='ltr' id='par_1_112' title="bbox 2172 5353 3733 5431">
     <span class='ocr_line' id='line_1_112' title="bbox 2172 5353 3733 5431; baseline -0.008 -17"><span class='ocrx_word' id='word_1_773' title='bbox 2172 5360 2268 5415; x_wconf 78' lang='grc' dir='ltr'>τὸν</span> <span class='ocrx_word' id='word_1_774' title='bbox 2290 5359 2389 5431; x_wconf 69' lang='grc' dir='ltr'>μὲν</span> <span class='ocrx_word' id='word_1_775' title='bbox 2423 5358 2519 5413; x_wconf 69' lang='grc' dir='ltr'><strong>ἰπὶ</strong></span> <span class='ocrx_word' id='word_1_776' title='bbox 2540 5359 2641 5430; x_wconf 74' lang='grc' dir='ltr'>τὴν</span> <span class='ocrx_word' id='word_1_777' title='bbox 2672 5356 2828 5415; x_wconf 78' lang='grc' dir='ltr'>πόλιν</span> <span class='ocrx_word' id='word_1_778' title='bbox 2850 5356 3049 5424; x_wconf 69' lang='lat' dir='ltr'><strong>mm,</strong></span> <span class='ocrx_word' id='word_1_779' title='bbox 3070 5356 3163 5410; x_wconf 79' lang='grc' dir='ltr'><strong>τὸν</strong></span> <span class='ocrx_word' id='word_1_780' title='bbox 3193 5354 3252 5411; x_wconf 65' lang='grc' dir='ltr'>δὲ</span> <span class='ocrx_word' id='word_1_781' title='bbox 3273 5354 3368 5408; x_wconf 64' lang='grc' dir='ltr'><strong>ἐπὶ</strong></span> <span class='ocrx_word' id='word_1_782' title='bbox 3393 5353 3497 5429; x_wconf 68' lang='grc' dir='ltr'>τὴν</span> <span class='ocrx_word' id='word_1_783' title='bbox 3520 5354 3733 5425; x_wconf 73' lang='grc' dir='ltr'>Θρᾴκην</span> 
     </span>
    </p>
   </div>
   <div class='ocr_carea' id='block_1_113' title="bbox 568 5524 1027 5596">
    <p class='ocr_par' dir='ltr' id='par_1_113' title="bbox 568 5524 1027 5596">
     <span class='ocr_line' id='line_1_113' title="bbox 568 5524 1027 5596; baseline 0.017 -19"><span class='ocrx_word' id='word_1_784' title='bbox 568 5534 588 5558; x_wconf 67' lang='grc'><em>⁷</em></span> <span class='ocrx_word' id='word_1_785' title='bbox 622 5524 818 5582; x_wconf 82' lang='lat' dir='ltr'><strong>lJoan.</strong></span> <span class='ocrx_word' id='word_1_786' title='bbox 856 5547 932 5596; x_wconf 80' lang='lat' dir='ltr'><strong>tv,</strong></span> <span class='ocrx_word' id='word_1_787' title='bbox 973 5533 1027 5586; x_wconf 92' lang='lat'><strong>8.</strong></span> 
     </span>
    </p>
   </div>
   <div class='ocr_carea' id='block_1_114' title="bbox 1763 5624 2433 5701">
    <p class='ocr_par' dir='ltr' id='par_1_114' title="bbox 1763 5624 2433 5701">
     <span class='ocr_line' id='line_1_114' title="bbox 1763 5624 2433 5701; baseline 0.001 -18"><span class='ocrx_word' id='word_1_788' title='bbox 1763 5624 1993 5684; x_wconf 58' lang='lat' dir='ltr'><strong>vsmm</strong></span> <span class='ocrx_word' id='word_1_789' title='bbox 2027 5624 2433 5701; x_wconf 69' lang='lat' dir='ltr'><strong>Lecnoues.</strong></span> 
     </span>
    </p>
   </div>
   <div class='ocr_carea' id='block_1_115' title="bbox 567 5709 1651 5785">
    <p class='ocr_par' dir='ltr' id='par_1_115' title="bbox 567 5709 1651 5785">
     <span class='ocr_line' id='line_1_115' title="bbox 567 5709 1651 5785; baseline 0.001 -18"><span class='ocrx_word' id='word_1_790' title='bbox 567 5709 610 5741; x_wconf 80' lang='lat'><strong>“</strong></span> <span class='ocrx_word' id='word_1_791' title='bbox 640 5712 979 5785; x_wconf 78' lang='grc' dir='ltr'>ὑπερπτῆναι</span> <span class='ocrx_word' id='word_1_792' title='bbox 1015 5715 1071 5781; x_wconf 78' lang='grc' dir='ltr'>Ρ,</span> <span class='ocrx_word' id='word_1_793' title='bbox 1106 5723 1159 5768; x_wconf 83' lang='lat' dir='ltr'><strong>at</strong></span> <span class='ocrx_word' id='word_1_794' title='bbox 1182 5730 1303 5770; x_wconf 74' lang='lat' dir='ltr'><strong>mox</strong></span> <span class='ocrx_word' id='word_1_795' title='bbox 1336 5713 1651 5784; x_wconf 70' lang='grc' dir='ltr'>διαπτῆναι.</span> 
     </span>
    </p>
   </div>
  </div>
