3962 6200
231 269 308 332 301
584 264 954 329 ANNALES.
981 289 1050 300 -—
1089 263 1505 326 CONSTANT.
1546 263 1921 324 PORPIIYR.
1959 264 2053 325 ET
2092 261 2461 325 noramus
2499 260 2960 322 LACAPENUS.
3318 265 3430 329 502

229 377 475 447 διαπτῆναι.
521 376 691 431 Τοῦτο
728 374 974 447 ἀκριϐῶς
1007 376 1057 429 οί
1107 377 1177 428 τὰ
1207 374 1436 428 τοιαῦτα
1468 374 1738 428 σκοποῦν·
1766 379 1793 434 Δ

1866 376 2268 447 rlangoremque
2324 374 2554 429 edentes
2608 373 2875 435 coivisse,
2946 387 3007 427 ac
3081 371 3244 443 739
3306 389 3430 428 mox

227 484 296 530 τες
315 468 364 519 οὐ
408 467 555 520 καλὸν
607 466 827 536 ἔκριναν
859 465 1075 519 οἰωνόν·
1108 465 1460 535 ἁσυμϐάτους
1504 466 1613 535 γάρ
1640 464 1733 517 ἐπὶ

1870 476 1990 521 acto
2049 465 2291 519 divortio
2352 466 2582 519 alteram
2650 463 2874 533 quidem
2928 463 3123 518 urbem
3177 464 3434 533 petiisse,

225 558 277 626 τῇ
302 556 456 627 είρήνῃ
488 555 828 625 ἀμφοτέρους
869 554 1296 624 διαλυθήσεσθαι
1351 555 1583 625 ἔφησαν.
1627 556 1730 607 Συ-

1876 559 2070 613 lteram
2106 558 2161 612 in
2195 558 2491 612 Thraciam
2534 572 2839 627 pennarum
2885 557 3116 627 remigio
3153 571 3272 611 sese
3316 556 3438 610 sub-

228 646 342 717 μεὼν
370 647 413 700 δὲ
438 649 492 700 τὺ
515 647 677 702 αὐτοῦ
713 648 1076 719 στρατόπεδον
1109 646 1434 701 καταλαὸὼν
1464 648 1574 711 τοῖς
1604 648 1703 700 ἐαυ
1722 676 1735 687 ν

1874 650 2089 706 luxisse.
2145 652 2258 705 Nec
2305 651 2420 705 haec
2461 650 2628 705 fausti
2677 649 2881 704 ominis
2924 650 3169 719 judicata
3225 650 3292 703 iis
3318 650 3438 717 qui-

225 739 298 793 τοῦ
316 742 570 811 μεγιστᾶσι
604 741 704 812 τὴν
734 740 828 793 τοῦ
860 741 1127 811 βασιλέως
1170 740 1472 811 ἀπήγγειλε
1522 738 1741 793 σύνεσιν

1872 759 1953 797 tus
1996 742 2310 797 istiusmodi
2343 743 2620 798 curiosius
2663 742 2930 796 rimandis
2971 742 3189 795 addicta
3236 755 3436 809 opera;

225 834 299 885 καὶ
322 832 634 895 ταπείνωσιν,
662 830 937 898 ἐξεθείαζε
965 849 1023 885 τε
1070 831 1237 886 αὑτοῦ
1271 832 1332 885 τό
1368 849 1427 885 τε
1464 825 1601 895 εἶδος
1649 832 1745 885 καὶ

1876 849 2048 903 tempe
2096 832 2548 888 discordes.l‘ore
2597 833 2913 903 infectaque
2959 846 3274 887 recessuros
3306 846 3440 899 pace

222 926 301 992 τὴν
330 922 488 995 ῥώμην
513 927 604 976 καὶ
633 925 691 977 τὸ
713 925 1137 995 ἀκατάπληκτον
1162 918 1257 978 τοῦ
1295 924 1668 993 φρονήματος.
1728 928 1736 935 ”

1882 924 2135 994 ιῐίηείρθε
2175 924 2516 980 divinavere.
2574 923 2812 995 Symeon
2859 924 2913 977 in
2958 932 3136 978 castra
3185 935 3446 976 reversus

222 1017 514 1085 imperatoris
570 1018 896 1088 sapientiam
970 1028 1029 1075 et
1083 1018 1407 1073 modestiam
1471 1018 1527 1071 in
1592 1032 1885 1087 procerum
1955 1034 2185 1074 suorum
2266 1020 2506 1074 concilio
2560 1034 2815 1074 sermone
2886 1027 3247 1087 prosecutus,
3330 1017 3471 1071 ἴοι-η

222 1126 425 1181 tuamque
455 1120 504 1165 et
536 1111 707 1165 robur
743 1120 800 1166 et
834 1110 1223 1182 imperculsum
1257 1110 1500 1165 animum
1538 1109 1846 1166 liberaliter
1875 1098 2141 1167 laudavit.

204 1220 218 1262 ἑ
277 1204 361 1261 λα’.
385 1207 514 1276 Μηνὶ
551 1206 871 1277 Δεκεμϐρίῳ
915 1212 991 1259 κε’
1022 1204 1250 1274 ἔστεψεν
1297 1204 1579 1275 Ῥωμανδς
1623 1205 1753 1267 τοὺς

1924 1207 2016 1261 51.
2069 1207 2271 1261 Mensis
2316 1206 2637 1261 Decembris
2679 1206 2874 1277 quinto
2926 1222 3091 1277 supra
3122 1207 3447 1278 vigesimum

220 1303 341 1365 υἱοὺς
378 1301 525 1355 αὑτοῦ
554 1304 610 1355 ἐν
640 1304 706 1372 τῇ
755 1302 984 1373 Μεγάλῃ
1017 1301 1307 1372 ἐκκλησίᾳ,
1348 1296 1621 1370 Στέφανον
1660 1300 1755 1354 καὶ

1884 1298 2140 1353 Iomanus
2172 1298 2477 1367 imperator
2512 1298 2653 1352 ﬁlios
2685 1312 2816 1352 suos
2844 1298 3177 1368 Stephanum
3217 1307 3274 1351 et
3301 1297 3448 1353 Con—

219 1396 597 1451 Κωνσταντῖνον.
631 1394 736 1447 Τὸν
771 1393 826 1447 δέ
854 1394 1242 1464 Θεοφύλακτον
1278 1394 1370 1446 τὸν
1410 1394 1525 1447 υἱὸν
1562 1392 1752 1459 αὑτοῦ,

1886 1389 2159 1443 tantinum
2242 1389 2299 1442 in
2363 1388 2556 1455 Magna
2620 1388 2855 1443 ecclesia
2916 1388 3188 1460 augustali
3246 1403 3450 1443 corona

218 1486 430 1558 εὐνοῦχον
455 1486 602 1549 ὄντα,
655 1485 911 1556 ἐποίησεν
955 1486 1219 1558 κληρικδν
1263 1485 1291 1538 6
1338 1485 1609 1549 Νικόλαος
1656 1484 1753 1538 καὶ

1886 1480 2131 1544 lonavit;
2207 1479 2682 1550 Theophylactum
2744 1489 2928 1534 autem
2994 1480 3117 1548 ejus
3190 1479 3320 1534 item
3386 1479 3450 1532 li-

218 1578 466 1647 σῦγκελλον
509 1577 1021 1651 προχειρισάμενος,
1080 1577 1386 1648 χειροτονεῖ
1427 1577 1485 1631 δὲ
1516 1576 1749 1639 ὐποδιάο

1886 1573 2029 1637 ium,
2084 1571 2178 1641 qui
2219 1570 2391 1641 spado
2429 1578 2615 1638 esset,
2673 1571 2940 1627 Nicolaus.
2986 1571 3116 1626 fecit
3163 1571 3450 1636 clericum,

215 1688 370 1725 κονον.
1862 1665 2278 1736 syncellumque
2360 1663 2667 1735 pmﬁciens
2759 1664 3206 1736 hypodiaconum
3296 1664 3455 1719 ordi—

1791 1781 1833 1838 B
1862 1757 2037 1812 navit.

273 1849 360 1921 λβ’.
378 1850 446 1922 Τῇ
460 1848 514 1902 δὲ
536 1846 593 1902 ιε’
608 1840 703 1902 τοῦ
722 1847 899 1902 Μαΐου
925 1849 1114 1918 μηνὸς,
1154 1845 1484 1913 ίνδικτιῶνος
1501 1846 1549 1916 γ’
1572 1846 1637 1915 ¹¹,
1664 1865 1759 1902 τε-

1931 1850 2020 1905 53.
2059 1850 2264 1906 Mensis
2312 1850 2437 1905 Maii
2492 1850 2581 1906 die
2628 1850 2827 1920 quinto
2875 1848 3109 1915 decimo,
3151 1848 3454 1905 indictione

212 1942 397 2013 λευτᾷό
422 1940 757 2011 πατριάρχης
776 1939 1060 2004 Νικόλαος,
1079 1941 1358 2010 κρατήσας
1375 1941 1432 1993 ἐν
1448 1943 1514 2011 τῇ
1532 1939 1763 2012 δευτέρᾳ

1894 1942 2043 2005 ertia,
2102 1941 2342 1997 moritur
2385 1942 2646 1997 Nicolaus
2696 1940 3041 2010 patriarcha,
3078 1940 3458 2010 patriarchatu

208 2032 354 2087 αὐτοῦ
370 2030 616 2087 ἀναϐάσει
636 2028 731 2082 τοῦ
749 2029 1141 2100 πατριαρχείου
1159 2032 1201 2063 ¹²
1219 2029 1314 2102 ἐτη
1335 2028 1424 2100 ιγ’,
1443 2032 1537 2084 καὶ
1559 2031 1761 2085 θάπτε-

1892 2029 2069 2084 otitus
2139 2044 2313 2085 annos
2378 2030 2843 2099 quatuor-decim,
2907 2044 2975 2084 ex
3032 2045 3144 2099 quo
3209 2029 3456 2085 secundo

206 2140 290 2178 ται
313 2125 363 2177 ἐν
383 2125 441 2193 τῇ
466 2119 551 2194 [Ρ.
570 2120 698 2192 686]
723 2124 859 2192 μονῇ
882 2121 1048 2175 αὑτοῦ
1070 2121 1178 2175 τῶν
1197 2122 1581 2194 Γαλακρηνῶν.
1602 2121 1761 2190 mea

1891 2119 2048 2176 edem
2104 2119 2477 2183 conscendit;
2550 2120 2931 2190 sepeliturque
3001 2119 3059 2174 in
3116 2121 3455 2177 monasterio

203 2214 471 2285 Αὐγούστῳ
508 2214 636 2285 μηνὶ
666 2214 937 2284 Στέφανος
970 2216 998 2267 6
1044 2215 1343 2285 Ἀμασείας
1397 2215 1654 2286 εὐνοῦχος
1684 2213 1760 2268 ὢν

1892 2226 1962 2266 uo
2021 2210 2480 2267 Galaerenorum.
2534 2212 2721 2269 Mense
2788 2223 2973 2277 autem
3029 2214 3278 2283 Augusto
3330 2212 3454 2268 Ste-

205 2308 396 2377 γίνεται
445 2307 810 2379 πατριάρχης.
869 2306 1125 2377 Ἰωάννης
1173 2306 1231 2359 δὲ
1282 2307 1310 2358 6
1356 2306 1619 2376 μυστικὸς
1664 2306 1761 2359 κα)⁴

1893 2306 2077 2361 hanus
2121 2307 2370 2360 Amaseae
2416 2305 2790 2375 metropolita,
2846 2306 2963 2375 ipse
3001 2306 3317 2371 eunuchus,
3362 2321 3457 2375 pa-

204 2395 693 2467 παραδυναστεύων,
727 2396 849 2450 ἐπεὶ
889 2395 1030 2450 κατὰ
1075 2395 1169 2450 τοῦ
1227 2395 1488 2466 βασιλέως
1541 2398 1761 2466 φρονεῖν

1895 2396 2102 2451 riarcha
2142 2405 2387 2452 creatur.
2424 2398 2593 2450 Porro
2615 2397 2857 2452 Joannes
2884 2396 3150 2467 mysticus
3173 2406 3229 2452 et
3252 2398 3459 2452 subad-

201 2489 444 2560 ἠλέγχθη,
469 2492 613 2560 φυγῇ
634 2490 979 2561 χρησάμενος
1014 2492 1072 2542 ἐν
1098 2492 1165 2559 τῇ
1198 2490 1297 2557 τῆς
1328 2487 1759 2543 Μονακαστάνου

1891 2504 2009 2553 uva,
2066 2487 2218 2558 quod
2272 2504 2363 2544 res
2421 2503 2597 2543 novas
2653 2488 2836 2542 moliri
2891 2503 2955 2543 ac
2999 2488 3314 2558 imperatori
3367 2489 3455 2543 in-

201 2578 535 2649 ἀποκείρεται
583 2582 739 2650 μονῇ.
781 2581 1195 2640 Κωνσταντῖνος
1225 2578 1283 2631 δὲ
1317 2579 1346 2630 6
1382 2577 1477 2631 τοῦ
1505 2578 1667 2631 Βοϊλα
1701 2579 1762 2631 ἐν

1892 2578 2051 2632 idiari
2099 2579 2401 2634 convictus
2440 2579 2625 2650 fugam
2684 2578 2918 2644 inierat,
2977 2579 3032 2635 in
3083 2580 3456 2635 Monocastani

198 2667 275 2739 τῷ
318 2669 565 2740 Ὀλύμπῳ
610 2671 990 2743 ἀποκείρεται.
1036 2669 1408 2739 Προὸάλλεται
1459 2669 1516 2722 δέ
1550 2671 1577 2721 6
1610 2668 1762 2738 βασι-

1896 2671 2198 2726 aonasterio
2250 2672 2507 2726 monachi
2564 2671 2677 2726 ritu
2728 2671 3013 2727 tondetur.
3060 2670 3460 2727 Constantinus

198 2763 320 2827 λεὺς
356 2762 624 2833 Ῥωμανὺς
658 2762 938 2835 Θεοφάνην
983 2762 1480 2833 πρωτοϐεστιάριον
1523 2761 1762 2831 παραδυ-

1898 2772 1995 2817 tem
2054 2762 2253 2818 Boelas
2295 2764 2351 2817 in
2396 2763 2631 2836 Olympo
2675 2763 3003 2833 capillorum
3060 2763 3214 2817 cultu
3264 2762 3462 2815 multa-

197 2852 539 2910 ναστεύοντα.
572 2854 786 2908 Γίνεται
824 2854 882 2909 δέ
920 2855 1040 2908 τότε
1074 2853 1299 2923 σεισμὸς
1345 2851 1574 2924 φοδερὸς
1598 2854 1667 2919 ἐν,
1685 2851 1761 2923 τῷ

1900 2869 1975 2907 ur.
2023 2854 2261 2910 Praelicit
2313 2872 2445 2911 vero
2510 2857 2795 2912 Romanus
2854 2856 3156 2926 imperator
3198 2854 3464 2925 subadju-

192 2943 299 2999 τῶν
322 2941 637 3016 Θρᾳκησίων
662 2944 882 3017 Θέματι,
907 2947 1001 3000 καὶ
1021 2946 1209 3017 χάσμα
1240 2945 1343 3015 γῆς
1378 2945 1522 3014 μέγα
1541 2944 1640 2998 καὶ
1660 2961 1756 2997 κα-

1899 2959 1986 2998 am
2047 2945 2441 3016 Theophanem
2493 2948 3002 3017 protovest'rarium,
3048 2963 3158 3017 quo
3215 2956 3462 3017 tempore

190 3038 574 3107 ταπληκτικὸν,
606 3037 682 3100 ὡς
708 3038 878 3092 πολλὰ
909 3038 1084 3110 χωρία
1113 3039 1209 3091 κα)⁸
1226 3036 1524 3107 ἐκκλησίας
1556 3036 1754 3102 αὐτάν-

1898 3036 2229 3092 >τηιίἀαὺί1ἱε
2283 3047 2443 3096 terrm
2487 3040 2651 3111 7&0
2696 3050 2881 3095 motus
2931 3040 2987 3094 in
3036 3038 3462 3093 Thracesiorum

189 3129 346 3197 ὄρους
372 3129 794 3200 καταπτωθῑψαι
834 3130 898 3183 ¹³.

1898 3126 2115 3184 hemate
2164 3130 2400 3195 accidit,
2456 3131 2757 3201 ingensque
2800 3140 2961 3185 terrae
3011 3131 3197 3185 hiatus
3245 3145 3311 3187 ac
3350 3138 3462 3185 ter-

189 3220 397 3287 riﬁcus,
438 3233 499 3276 ut
547 3222 715 3277 multa
761 3222 966 3293 prtedia
1008 3229 1065 3277 et
1106 3222 1225 3277 loca
1278 3237 1344 3278 ac
1395 3220 1645 3277 ecclesia:
1686 3218 1906 3290 virique
1951 3221 2007 3276 in
2046 3223 2129 3277 eis
2166 3223 2500 3278 absorbente
2553 3232 2705 3278 vasta
2762 3223 3024 3294 voragine
3076 3225 3285 3294 pariter
3330 3239 3459 3293 per-

187 3314 382 3370 ierint.
940 3362 945 3365 Α

256 3403 359 3475 λγ’.
387 3400 536 3475 Μηνὶ
587 3404 750 3476 Μαΐῳ
813 3404 916 3470 κζ’,
948 3404 1276 3469 ἰνδικτιῶνος
1311 3406 1382 3468 ιέ,
1446 3405 1700 3476 Ἰωάννης
1738 3405 1769 3458 6

1940 3403 2028 3458 55.
2096 3402 2298 3459 Mensis
2344 3400 2471 3457 Maii
2517 3401 2608 3458 die
2643 3400 2880 3473 septimo
2915 3415 3083 3471 supra
3110 3401 3464 3472 vigesimum.

181 3495 522 3568 ἀστρονόμος
552 3493 705 3551 εἶπεν
747 3497 1014 3567 Ῥωμαιιῷ
1048 3497 1124 3568 τῷ
1155 3498 1363 3568 βασιλεῖ
1387 3499 1470 3553 ὅτι
1505 3498 1576 3554 Ἡ
1602 3501 1745 3552 Idm

1902 3498 2175 3554 ndictione
2208 3496 2403 3568 quinta
2438 3497 2670 3561 decima,
2712 3497 2790 3551 ait
2826 3497 3066 3552 Joannes
3110 3506 3466 3551 astronomus

172 3588 337 3658 μένη
366 3585 565 3654 στήλη
591 3583 788 3640 ἐπάνω
815 3585 924 3654 τῆς
956 3585 1228 3655 καμάρας
1271 3586 1379 3641 τοῦ
1408 3586 1736 3655 Ξηρολόφοτ

1900 3589 2193 3661 mperatori
2227 3606 2242 3645 :
2291 3588 2423 3656 Qua:
2468 3605 2628 3661 super
2664 3588 2947 3660 Xerolophi
2983 3589 3236 3660 fornicem
3290 3596 3464 3642 erecta

177 3674 282 3730 xci
308 3673 409 3728 ἐπὶ
444 3670 682 3743 δυσμὰς
703 3673 1028 3738 βλέπουσα
1062 3674 1165 3729 τοῦ
1198 3673 1442 3749 Συμεών
1474 3675 1628 3728 ἐστι·
1666 3689 1741 3727 κα

1901 3691 2048 3737 tanta
2095 3691 2206 3747 est,
2260 3698 2415 3736 uersa
2466 3682 2599 3751 facie
2641 3681 2711 3735 ad
2776 3682 3129 3743 occidentem,
3190 3678 3465 3750 Symeonis

174 3770 232 3822 εἰ
275 3764 503 3835 ταύτης
534 3765 649 3833 τὴν
670 3768 947 3836 κεφαλὴν
962 3766 1268 3836 ἐκκόψεις,
1304 3765 1379 3835 τῇ
1398 3766 1553 3835 αὐτῇ
1578 3765 1700 3834 ὥρᾳ
1737 3799 1738 3811 ι

1904 3774 2053 3846 igura
2092 3784 2189 3830 est.
2237 3774 2367 3845 Ejus
2410 3783 2568 3845 caput
2618 3776 2665 3827 si
2709 3775 2983 3837 excideris,
3033 3775 3150 3845 ipsa
3194 3776 3324 3827 hora
3370 3772 3468 3844 Sy-

172 3856 439 3927 Συμεὼν
474 3856 746 3924 τελευτᾷ.
791 3858 1139 3920 Ἀποστείλας
1178 3853 1272 3912 οὖν
1328 3859 1357 3910 6
1402 3857 1657 3927 βασιλεὺς
1703 3873 1736 3909 τη

1906 3884 2038 3921 neon
2076 3868 2214 3920 diem
2266 3867 2444 3920 obibit.
2493 3866 2659 3923 Misso
2708 3865 2894 3934 itaque
2952 3875 3119 3920 noctu
3168 3866 3470 3935 imperator

170 3952 342 4005 νυκτὶ
370 3951 472 4020 τὴν
502 3950 744 4021 κεφαλὴν
773 3955 873 4021 τῆς
928 3950 1132 4021 στήλης
1167 3947 1392 4017 ἐξέκοψε
1418 3965 1431 3979 ·
1461 3949 1555 4002 καὶ
1586 3951 1655 4019 τῇ
1677 3949 1734 4000 αξ

1904 3956 2137 4010 ninistro
2184 3964 2379 4010 statuae
2425 3964 2590 4025 caput
2638 3955 2911 4018 abstulit,
2971 3955 3279 4025 eademque
3331 3956 3468 4009 hora

168 4046 242 4115 τῇ
266 4041 398 4113 ὥρᾳ
420 4043 449 4094 6
471 4040 698 4111 Συμεὼν
718 4043 797 4103 εἰς
828 4040 1170 4110 Βουλγαρίαν
1191 4037 1531 4108 ἐτελεύτησε,
1568 4038 1732 4107 Πέτρε

1906 4041 2121 4121 iymeon
2150 4048 2208 4103 in
2248 4047 2504 4118 Bulgaria
2543 4046 2770 4112 occidit,
2814 4048 2980 4102 Petro
3027 4046 3163 4113 ﬁlio,
3206 4063 3371 4116 quem
3402 4063 3470 4101 ex

167 4136 265 4187 τὸν
292 4131 418 4185 υἱὸν
450 4131 616 4185 αὑτοῦ
647 4132 1051 4202 προϐαλόμενος
1079 4130 1340 4204 ἄρχοντα,
1361 4128 1419 4183 ὃν
1439 4130 1504 4184 ἐκ
1531 4126 1630 4216 τῆς
1645 4127 1731 4181 δευ

1908 4139 2124 4197 ecundo
2173 4134 2297 4195 toro
2345 4148 2697 4209 susceperat,
2756 4138 3011 4208 principe
3071 4137 3359 4208 designato
3408 4154 3472 4193 ac

164 4226 348 4299 τέρας
384 4224 557 4293 αύτοῦ
599 4224 857 4294 γυναικὸς
890 4220 1067 4295 εἶχεν*
1104 4222 1329 4295 Μιχαὴλ
1362 4222 1418 4275 δὲ
1447 4223 1540 4275 τὸν
1576 4222 1642 4274 ἐκ
1672 4223 1728 4289 τῆ

1907 4246 2224 4297 uccessore,
2276 4230 2544 4287 Michaele
2590 4245 2724 4285 vero
2772 4246 2841 4285 ex
2884 4231 3071 4300 priore
3122 4244 3292 4284 uxore
3341 4239 3471 4283 nato

166 4320 472 4394 προτέρας
506 4317 654 4389 αὐτῷ
692 4318 983 4388 γενόμενον
1018 4316 1278 4384 γυναικὸς
1303 4316 1565 4387 ἀπέκειρε
1610 4330 1730 4385 μονα

1910 4340 1940 4379 n
1996 4323 2325 4379 monachum
2372 4330 2612 4378 attonso.
2666 4322 2908 4377 Joannes
2963 4336 3130 4390 porro
3178 4330 3233 4375 et
3278 4320 3474 4392 Benja-

160 4414 291 4486 χόν.
344 4413 606 4483 Ἰωάννης
632 4411 691 4465 δέ
714 4411 809 4464 καὶ
862 4408 1120 4479 Βενιαμὶν
1148 4411 1197 4462 οἱ
1236 4408 1330 4461 τοῦ
1382 4408 1587 4479 Πέτρου
1618 4404 1724 4459 άδε]

1715 4404 1774 4457 λ’·
1804 4447 1862 4507 D
1884 4415 2000 4470 min
2029 4415 2316 4486 epistolam
2341 4414 2627 4486 Bulgariee
2656 4414 2918 4484 scriptam
2951 4415 3279 4469 attulerunt.

158 4510 263 4579 φοι
300 4508 609 4577 ἐπιστολὴν
638 4505 966 4578 ἐκομίσαντο
1005 4504 1406 4575 Βουλγαρικήν.

238 4600 347 4656 λε’.
387 4600 479 4654 Τὰ.
512 4598 697 4671 κύκλῳ
722 4593 815 4653 οὗν
840 4597 966 4668 ἔθνη
993 4596 1094 4670 τὴν
1120 4596 1221 4651 ,τοῦ
1256 4594 1484 4666 Συμεὼν
1517 4593 1782 4665 μαθόντες

1958 4599 2048 4655 54.
2100 4598 2303 4652 Audita
2362 4597 2547 4668 itaque
2607 4596 2896 4668 Symeonis
2947 4604 3124 4651 morte
3178 4595 3474 4651 circumvi-

151 4694 479 4765 τελευτὴν,
516 4693 649 4747 οἵτε
678 4692 948 4763 Χροὸάτοι
978 4691 1073 4745 καὶ
1112 4692 1163 4744 οἱ
1194 4690 1396 4756 λοιποὶ,
1434 4688 1575 4741 κατὰ
1604 4688 1715 4739 Βου

1909 4690 2026 4746 :inae
2069 4690 2349 4753 nationes,
2400 4689 2665 4745 Chrobati
2714 4689 2925 4759 pariter
2970 4702 3035 4742 ae
3090 4687 3324 4757 reliqui,
3373 4687 3473 4741 ad-

145 4788 373 4860 γᾶρων
411 4791 592 4842 κινεῖν
626 4786 909 4840 ἐϐούλοντο
936 4802 951 4817 ο
998 4783 1161 4856 λιμοῦ
1221 4784 1280 4839 δὲ
1333 4783 1592 4856 μεγίστου
1642 4799 1709 4853 με

1910 4795 2110 4837 rei-sum
2147 4780 2412 4849 Bulgaros
2446 4779 2652 4834 bellum
2689 4793 2913 4833 movere
2937 4778 3273 4848 cogitabant.
3306 4778 3474 4832 Cum-

142 4884 257 4935 καὶ
284 4879 557 4951 ἀκρίδων
587 4879 686 4951 τὴν
716 4879 1061 4950 Βουλγαρίαν
1090 4878 1445 4943 ἐκπιέζοντος
1466 4916 1481 4943 ,
1511 4876 1706 4930 ἑδεδίεα

1911 4888 1996 4943 lue
2041 4871 2214 4927 fames
2260 4870 2494 4925 maxima
2536 4885 2602 4925 ac
2642 4871 2980 4925 locustarum
3040 4869 3127 4924 vis
3161 4869 3475 4939 Bulgariam

138 4972 259 5026 καὶ
301 4971 533 5042 μᾶλλον
562 4970 658 5042 τὴν
675 4972 785 5027 τῶν
822 4971 1111 5041 Ῥωμαίων
1143 4970 1451 5026 ἐπέλευσιν.
1491 4967 1656 5022 Ὅθεν
1689 4986 1702 5021 1

1914 4967 2014 5023 lire
2065 4974 2345 5035 premeret
2381 4972 2453 5019 'et
2499 4963 2799 5035 allligeret,
2858 4965 3237 5019 Romanorum
3299 4964 3353 5017 in
3418 4979 3478 5016 se

134 5064 318 5120 κατὰ
401 5063 722 5134 Ῥωμανίαν
755 5064 1186 5136 ἐκστρατεύουσι
1216 5065 1310 5118 καὶ
1361 5066 1429 5135 τῇ
1474 5062 1698 5118 Μακεδο·

1917 5066 2165 5128 mpetum
2235 5072 2301 5111 ae
2365 5056 2760 5127 grassationem
2840 5056 3013 5126 magis
3083 5054 3475 5110 formidabant.

129 5156 724 5227 καταλυμαίνονται.
766 5160 831 5212 Οἱ
863 5158 920 5211 δέ
948 5156 1253 5228 Βούλγαροι
1292 5156 1393 5228 τὴν
1429 5155 1564 5227 πρὸς
1588 5156 1693 5210 αὐτη

1913 5151 2107 5207 ’(Ιοὶτοο
2158 5150 2236 5205 illi
2290 5165 2512 5220 quoque
2553 5148 2927 5204 Macedoniam
2966 5147 3239 5218 populari.
3278 5146 3477 5201 Audita

122 5250 483 5318 ἐξέλευσιν
526 5249 623 5305 τοῦ
684 5250 948 5321 βασιλέως
999 5250 1334 5312 ἀκούσαντες
1384 5247 1511 5317 περὶ
1565 5249 1685 5319 είρὴ

1917 5254 2077 5301 mtem
2145 5243 2494 5314 imperatoris
2545 5243 2600 5296 in
2657 5256 2754 5297 eos
2806 5241 3159 5310 expeditione
3220 5239 3289 5294 de
3346 5254 3481 5308 pace

117 5345 576 5416 φροντίζουσι,
601 5345 698 5400 καὶ
742 5344 1139 5400 ἀποστέλλουσι
1180 5342 1415 5414 μοναχόν
1445 5360 1568 5397 τινα
1608 5343 1681 5394 Ka

1912 5338 2134 5402 ;olliciti,
2167 5337 2501 5392 monachum
2551 5333 2847 5405 quemdam
2880 5332 3073 5402 patria
3128 5332 3476 5395 Armenium,

113 5436 341 5507 κῦριν
451 5437 880 5509 ὀνομαζόμενον,
969 5436 1333 5508 Ἀρμενιακὸν
1358 5435 1437 5505 τῷ
1490 5435 1673 5504 γένει’

1915 5429 2192 5501 lalosyrim
2242 5428 2486 5491 nomine,
2535 5427 2785 5481 mittunt.
2839 5422 3143 5494 Susceptus
3183 5424 3250 5477 ab
3301 5422 3479 5492 impe-

109 5529 327 5600 παρὰ
367 5529 487 5583 τοῦ
519 5528 787 5601 βασιλέως
833 5531 1214 5602 ἀσμενέστατα
1244 5529 1458 5602 δεχθεὶς
1505 5527 1604 5599 τὴν
1634 5527 1673 5580 εἰ

1912 5533 2078 5578 'atore
2143 5522 2520 5592 placidissime
2592 5520 2842 5591 legatus,
2920 5533 3053 5588 pace
3120 5517 3476 5583 confirmata,

1518 5622 1748 5681 VARI/l5
1791 5619 2178 5676 LECTIONES

206 5720 265 5755 ⁸⁸
320 5718 421 5795 γ’]
494 5719 562 5790 ιγ’
591 5736 781 5794 margo
814 5720 875 5779 Ρ.
954 5725 996 5758 ¹¹
1026 5720 1367 5795 πατριάρχου
1398 5719 1457 5775 Ρ.
1541 5718 1582 5750 ’³
1612 5715 1987 5789 καταποθῆναι
2032 5732 2084 5786 p.
2119 5714 2223 5769 58?.
2248 5728 2301 5771 c.
