3962 6200
233 231 322 294 8θ9

618 229 985 290 ANNALES.
1044 253 1110 264 -ε-
1150 227 1561 291 CONSTANT.
1600 230 1985 293 PORPHYR.
2023 233 2118 294 ET
2159 235 2528 297 ROMANUS
2561 236 3005 299 LACAPENUS

3273 266 3277 270 '
3343 245 3449 311 810

226 341 401 400 τούτοις
428 338 670 402 ἐπέθετο,
706 341 797 391 καὶ
823 340 888 391 τὰ
922 339 1019 409 μὲν
1048 340 1276 392 πλεῖστα
1309 341 1466 392 πλοῖα
1498 340 1760 409 κατέφλε·

1879 341 2013 409 quod
2052 343 2383 414 Argonautae
2413 348 2536 403 illac
2575 359 2921 406 transeuntes
2940 366 3007 407 eo
3028 359 3151 410 loco
3184 358 3445 425 templum

226 432 317 496 ξεν,
343 430 404 482 τὰ
449 431 505 483 δὲ
539 430 701 482 λοιπά
746 430 827 493 εἰς
883 428 1062 499 φυγὴν
1097 430 1437 499 ἐτράπησαν.
1481 430 1643 483 Ὅθεν
1674 430 1767 483 καὶ

222 522 401 586 τελείας
428 523 635 593 τροπῆς
663 523 961 592 γενομένης
992 524 1062 576 τα
1089 524 1185 593 μὲν
1214 522 1321 575 τῶν
1352 524 1553 576 πλοίων
1588 522 1767 577 αὐτῶν

220 616 468 687 αὔτανδρα
528 619 847 682 κατέδυσαν,
884 618 1172 680 πλείστους
1210 619 1267 672 δὲ
1298 618 1505 682 ζῶντας
1546 616 1767 670 συνέλα-

222 710 317 761 ϐον.
354 710 410 763 Οἱ
443 709 499 763 δὲ
522 711 963 779 περιλειφθέντες
998 711 1079 773 είς
1110 710 1173 763 τὸ
1210 709 1311 780 τῆς
1347 710 1631 779 Ἀνατολῆς
1669 709 1765 777 μέ-

221 817 318 870 ρος,
352 802 425 861 είς
459 801 556 863 τὰς
612 799 806 869 Ῥογὰς
851 802 1175 872 λεγομένας,
1229 800 1624 855 κατέπλευσαν.
1660 799 1766 851 Kal.

220 893 325 945 ἐπεὶ
347 892 625 961 σύνταγμα
657 892 791 963 πρὸς
819 892 887 945 τὰ
913 894 1011 962 τῆς
1046 891 1301 954 Βιθυνίας
1337 893 1477 962 μέρη
1512 893 1767 944 ἀπέστει-

218 987 302 1040 λαν
330 985 519 1055 χρειῶν
547 985 731 1050 ἕνεκα,
765 987 1083 1056 ἐντυγχάνει
1107 987 1315 1049 τούτοις
1349 985 1558 1054 Βάρδας
1590 987 1617 1038 6
1649 986 1766 1036 Φω-

217 1081 306 1143 κᾶς
328 1094 340 1108 ·
370 1078 457 1131 καὶ
483 1078 591 1150 γὰρ
624 1077 952 1141 ἀποσταλεὶς
967 1073 1034 1148 ἦν
1062 1078 1155 1131 ἐπ)⁸
1178 1076 1352 1146 τούτῳ
1382 1076 1519 1146 μετὰ
1553 1076 1766 1129 ἱππέων

216 1174 480 1245 ἐκκρίτων,
537 1171 899 1243 παρατρέχων
961 1173 1194 1234 αὐτοὺς,
1256 1173 1351 1224 καὶ
1426 1168 1765 1237 κατέσφαξεν

214 1264 455 1327 ἅπαντας.
505 1262 660 1317 Ἀλλὰ
696 1266 788 1315 καὶ
844 1265 871 1315 6
907 1262 1224 1332 Κουρκούας
1264 1260 1403 1332 μετὰ
1443 1258 1640 1322 παντὸς
1670 1257 1765 1311 τοῦ

213 1356 303 1429 τῆς
339 1356 620 1426 Ἀνατολῆς
656 1354 1066 1425 στρατεύματος
1095 1354 1373 1407 κατελθὼν
1401 1354 1525 1415 τοὺς
1550 1352 1765 1403 ὑπολει-

212 1449 425 1520 φθέντας
451 1446 721 1517 εὑρίσκων
749 1447 1088 1500 ἀπέκτεινεν.
1115 1444 1347 1507 Πολλοὺς
1368 1445 1423 1496 δέ
1448 1445 1645 1504 τόπους
1675 1442 1766 1495 καὶ

212 1540 354 1602 ναοὺς
384 1539 709 1609 ἐνέπρησαν,
759 1537 1008 1602 καὶτοὺς
1046 1536 1591 1606 συλλαμϐανομένους
1629 1535 1766 1587 Ῥω-

212 1632 386 1703 μαίους
421 1634 545 1695 τοὺς
590 1631 689 1700 μὲν
714 1628 1109 1701 ἀνεσταύρουν,
1136 1628 1263 1691 τοὺς
1296 1628 1352 1681 δὲ
1384 1630 1449 1697 τῇ
1482 1630 1551 1697 γῇ
1594 1644 1765 1697 προσ-

1876 432 2303 508 condiderunt),
2344 439 2503 512 747
2543 442 2661 512 ipse
2701 454 2927 513 repente
2964 444 3017 499 in
3050 446 3173 501 illos
3226 465 3448 505 irruens

1876 524 2092 595 navigia
2139 528 2245 583 alia
2296 530 2418 602 igne
2467 534 2790 602 combussit,
2825 536 2929 590 alia
2982 538 3037 593 in
3087 538 3266 610 fugam
3315 543 3445 612 egit.

1874 613 2165 684 Quocirca,
2188 620 2325 675 fusis
2361 624 2588 678 omnino
2641 625 2947 696 fugatisque
2997 629 3270 696 hostibus,
3322 648 3448 701 par-

1875 707 1972 761 tim
2016 724 2208 764 eorum
2253 729 2422 767 naves
2464 731 2589 769 cum
2646 718 2964 774 vectoribus
3004 722 3193 791 pelago
3240 738 3448 777 merse-

1876 809 2043 863 runt,
2108 804 2306 871 partim
2369 806 2639 874 plurimos
2707 809 3026 880 ingentique
3085 815 3242 868 turba
3294 816 3449 869 vivos

1875 902 2161 961 ceperunt.
2194 894 2296 961 Qui
2327 897 2533 951 residui
2565 899 2804 964 fuerant,
2844 902 2911 955 ad
2950 902 3286 959 Orientalem
3332 906 3449 975 pla--

1878 999 2022 1053 gam,
2053 985 2119 1039 ad
2139 986 2318 1041 locum
2342 994 2505 1057 Quem
2535 989 2754 1060 Rhogas
2784 1002 3001 1057 vocant,
3028 997 3446 1066 navigaverunt.

1874 1074 2141 1146 Quodque
2170 1078 2509 1149 manipulum
2552 1082 2849 1135 necessarii
2900 1085 3084 1152 pabuli
3115 1096 3170 1139 et
3198 1103 3447 1143 annona-

1876 1184 1996 1221 rum
2031 1184 2195 1223 causa
2230 1170 2286 1223 in
2313 1171 2626 1243 Bithyniam
2664 1174 2949 1241 miserant,
2988 1177 3190 1232 Bardas
3236 1180 3447 1235 Phocas

1876 1259 1932 1314 in
1958 1276 2078 1314 eam
2109 1277 2224 1316 rem
2262 1278 2387 1318 cum
2420 1264 2691 1319 lectorum
2737 1252 2986 1336 equitum
3030 1284 3193 1323 manu
3224 1271 3443 1337 missus,

1875 1360 2230 1410 antevertens
2287 1355 2509 1410 illorum
2564 1358 2670 1413 iter
2715 1358 2933 1428 illisque
2980 1360 3196 1415 obviam
3248 1361 3446 1427 factus,

1875 1455 2103 1499 cunctos
2127 1445 2511 1501 internecione
2544 1447 2769 1503 delevit.
2801 1449 2908 1504 Sed
2940 1461 2997 1506 et
3025 1450 3296 1518 Curcuas,
3322 1444 3457 1508 cum

1875 1534 2128 1589 Asiaticis
2154 1540 2371 1591 cunctis
2412 1538 2587 1608 copiis
2624 1539 2987 1606 descendens,
3031 1542 3249 1613 fusique
3290 1559 3449 1599 exer-

1876 1624 2019 1678 citus
2052 1626 2314 1696 reliquias
2345 1629 2653 1698 odendens,
2689 1632 2909 1688 illorum
2934 1644 3172 1706 stragem
3201 1637 3372 1691 dedit.
3407 1636 3449 1691 li

209 1696 482 1793 ἐπήγνυον,
534 1696 658 1783 τοῦς
691 1721 747 1773 δὲ
793 1720 887 1774 τοῦ
946 1696 1174 1790 κλήρου,
1207 1696 1557 1783 ὄπισθενῗτὰς
1582 1696 1769 1789 χεῖρας

1879 1730 2041 1784 porro
2079 1718 2250 1773 multa
2273 1718 2392 1775 loca
2424 1735 2489 1775 ac
2528 1696 2727 1792 templa
2771 1696 3148 1790 incenderant,
3200 1741 3449 1796 quosque

207 1814 534 1885 δεσμοῦντες,
558 1814 721 1884 ἥλους
748 1812 999 1884 σιδηροῦς
1027 1814 1167 1865 κατὰ
1198 1812 1370 1882 μέσης
1396 1812 1496 1879 τῆς
1525 1812 1766 1880 κεφαλῆς

208 1906 374 1965 αύτὼν
402 1908 732 1977 ἐπήγνυσαν.
759 1905 1043 1975 Χειμῶνος
1078 1904 1136 1957 δὲ
1177 1906 1277 1975 ἤδη
1316 1904 1765 1973 καταλαμϐάνονε

205 2017 311 2063 τος,
330 1996 420 2051 καὶ
445 1999 523 2059 εἰς
549 1997 616 2049 τὰ
636 1999 811 2048 οἰκεῖα
832 1994 1142 2064 βουλόμενοι
1169 1989 1444 2054 ἀπελθεῖν,
1472 1992 1566 2042 τὸν
1585 1989 1766 2041 στόλον

206 2086 373 2141 λαθεῖν
403 2085 755 2150 ἐσπούδαζον.
806 2083 1019 2143 Νυκτὸς
1053 2079 1148 2134 οὖν
1175 2080 1585 2142 ἐκπλεύσαντας
1613 2081 1640 2132 6
1663 2096 1768 2132 πα-

205 2175 397 2247 τρίκιος
440 2174 720 2243 Θεοφάνης
769 2171 992 2233 τούτους
1027 2170 1327 2240 ὑπήντησε.
1382 2167 1465 2240 [Ρ.
1496 2167 1624 2241 691]
1663 2169 1769 2221 Καὶ

204 2268 357 2330 εὐθὺς
418 2266 646 2337 δευτέρα
696 2264 973 2333 ναυμαχία
1031 2263 1361 2314 συνάπτεται
1414 2263 1507 2314 καὶ
1543 2263 1768 2314 πλεῖστα

205 2363 353 2417 πλοῖα
374 2358 703 2430 βυθίζονται.
753 2356 977 2424 Ὀλίγων
1003 2356 1058 2410 δέ
1091 2357 1228 2425 μετὰ
1280 2352 1478 2406 πλοίων
1535 2370 1770 2421 περισω-

205 2456 394 2509 θέντων
433 2453 529 2506 καὶ
572 2453 629 2505 ὲν
681 2453 748 2521 τῇ
777 2450 877 2520 τῆς
931 2448 1133 2516 Κοίλης
1164 2445 1574 2516 περιπεσόντων
1605 2445 1765 2513 ἀκτῇ,

203 2545 388 2608 νυκτὸς
450 2543 782 2612 ἐπελθούσης
841 2542 1115 2608 διέφυγον.
1176 2537 1458 2607 Θεοφάνης
1514 2536 1569 2587 δὲ
1633 2536 1771 2603 μετὰ

202 2641 351 2711 νίκης
388 2637 627 2709 μεγάλης
650 2633 999 2705 ὑποστρέψας
1034 2632 1269 2700 ἐντίμως
1305 2629 1394 2681 καὶ
1432 2627 1773 2697 μεγαλοπρε-

200 2728 319 2790 πῶς
343 2726 488 2796 παρὰ
516 2722 611 2778 τοῦ
639 2722 902 2794 βασιλέως
923 2718 1193 2790 ὑπεδέχθη
1216 2720 1310 2775 καὶ
1336 2714 1771 2787 παρακοιμώμε-

198 2836 289 2884 νος
317 2818 562 2889 ἐτιμήθη.

274 3093 378 3167 με’.
415 3094 505 3166 Τῷ
534 3093 592 3147 δὲ
654 3092 948 3163 Ἀπριλλίῳ
1000 3091 1149 3163 μηνὶ,
1192 3090 1290 3161 τῆς
1342 3087 1388 3142 α’
1418 3086 1767 3151 ίνδικτιῶνος,

195 3192 361 3245 πάλιν
386 3185 548 3261 ἦλθον
580 3190 628 3240 οἱ
659 3186 891 3257 Τοῦρκοι
932 3184 1070 3254 μετὰ
1102 3183 1362 3253 πλείστης
1395 3180 1677 3250 δυνάμεως
1700 3196 1713 3209 °
1745 3181 1773 3232 6

193 3284 254 3338 δέ
290 3279 782 3354 παρακοιμώμενος
811 3276 1044 3344 ἐξελθὼν
1073 3275 1304 3337 σπονδὰς
1336 3274 1620 3345 είρηνικὰς
1656 3270 1772 3342 μετ’

193 3374 374 3427 αὐτῶν
407 3373 720 3442 ἐποιήσατο,
769 3370 890 3423 ὅθεν
929 3368 1022 3422 καὶ
1045 3369 1145 3421 ἐπὶ
1183 3366 1409 3436 χρόνους
1443 3370 1482 3417 ε’
1514 3365 1547 3434 ὴ
1580 3363 1769 3433 εἰρήνη

191 3465 554 3535 διεφυλάχθη.

271 3555 385 3628 μη’.
422 3557 501 3627 Τῇ
540 3554 596 3608 δὲ
627 3553 669 3625 β’
699 3551 1011 3616 ίνδικτιῶνι,
1040 3549 1348 3620 Πασχάλιος
1377 3545 1774 3620 πρωτοσπαθά-

194 3666 313 3723 pro;
336 3649 433 3702 καὶ
453 3648 757 3719 στρατηγὸς
785 3642 1198 3715 Λαγουϐαρδίας
1222 3640 1615 3697 ἀποστέλλεται
1639 3638 1775 3708 πρὸς

193 3747 348 3816 ρῆγα
383 3741 494 3795 τῶν
528 3739 815 3811 Φράγγων,
880 3738 1106 3805 ἀγαγεῖν
1142 3735 1242 3805 τὴν
1294 3733 1459 3787 αὐτοῦ
1503 3731 1776 3799 θυγατέρα

206 3832 482 3902 Ῥωμανῷ
506 3828 581 3900 τῷ
605 3827 1018 3883 Κωνσταντίνου
1047 3825 1142 3879 τοῦ
1189 3824 1443 3897 γαμϐροῦ
1474 3822 1638 3877 αὑτοῦ
1675 3820 1776 3891 υίῷ

187 3928 275 3989 είς
314 3923 560 3995 νύμφην.
595 3922 696 3973 Ἦν
727 3922 819 3972 καὶ
848 3917 987 3990 μετὰ
1011 3917 1244 3970 πλούτου
1276 3914 1471 3968 πολλοῦ
1493 3917 1520 3967 6
1556 3914 1776 3982 Πασχά-

184 4020 308 4081 λιος
356 4015 668 4086 ἀνήγαγεν*
725 4012 820 4066 καὶ
865 4011 1088 4080 γέγονεν
1136 4011 1163 4061 ὁ
1216 4010 1392 4077 γάμος
1419 4005 1778 4076 Σεπτεμϐρίῳ

186 4110 355 4180 μηνὶ,
410 4105 740 4167 ίνδικτιῶνος
788 4111 858 4173 γ’.
892 4103 1051 4167 Ἦτις
1086 4102 1178 4155 καὶ
1203 4100 1363 4169 ἔζησε
1389 4097 1528 4171 μετὰ
1560 4097 1653 4150 τοῦ
1685 4098 1777 4150 ἀν-

179 4199 322 4272 δρὸς
345 4198 518 4268 αὐτῆς
546 4197 641 4268 ἐτη
666 4194 728 4262 ε’,
775 4194 870 4250 καὶ
906 4194 1259 4263 ἐτελεύτησεν
1287 4193 1344 4244 ἐν
1384 4192 1503 4253 ταῖς
1546 4187 1778 4260 ἡμέραις

179 4295 291 4362 τῆς
328 4288 760 4362 αὐτοκρατορίας
794 4285 1202 4341 Κωνσταντίνου
1253 4282 1348 4337 τοῦ
1375 4282 1542 4353 αὐτῆς
1584 4279 1779 4334 πενθε-

1870 1822 1935 1861 ex
1989 1808 2254 1863 Romanis
2317 1813 2878 1881 comprehenderant,
2928 1816 3066 1870 alios
3122 1818 3177 1869 in
3227 1831 3447 1872 crucem

1870 1899 2124 1968 agebant,
2177 1902 2317 1957 alios
2359 1915 2518 1960 terra:
2552 1905 2952 1976 configebant;
2988 1908 3223 1963 clericos
3275 1910 3449 1964 sacri-

1872 2006 1978 2059 que
2027 1993 2239 2049 ordinis
2286 1996 2455 2060 viros,
2490 1998 2748 2052 manibus
2798 2008 2923 2068 post
2970 2009 3118 2071 terga
3164 2000 3448 2065 revinctis,

1873 2080 2054 2135 medio
2088 2084 2319 2138 cerebro
2354 2084 2538 2139 inﬁxis
2565 2085 2736 2141 clavis
2771 2084 2890 2140 dire
2921 2085 3296 2155 perimebant.
3327 2085 3447 2141 Jatn

1872 2188 2001 2226 vero
2038 2181 2331 2243 appetente
2359 2176 2539 2231 hieme
2571 2191 2695 2230 cum
2714 2176 2936 2231 domum
2961 2177 3140 2231 redire
3166 2186 3447 2246 pararent,

1873 2263 2173 2319 Romanam
2201 2266 2434 2320 classeni
2478 2267 2647 2322 latere
2707 2269 3020 2323 studebant.
3072 2268 3210 2324 Cum
3267 2268 3451 2341 itaque

1873 2365 2039 2410 noctu
2097 2357 2414 2421 solvissent,
2458 2358 2604 2413 facto
2632 2360 2713 2413 eis
2742 2360 2961 2413 obviam
2992 2360 3333 2429 Theophane
3358 2375 3455 2431 pa-

1875 2446 2035 2501 tricio
2080 2447 2250 2502 altera
2278 2450 2463 2503 statim
2495 2451 2704 2505 navalis
2735 2450 3028 2505 commissa
3066 2466 3268 2521 pugna,
3313 2451 3453 2504 mul-

1876 2545 2036 2607 taque
2067 2538 2340 2607 profundo
2372 2556 2550 2595 mersa
2578 2541 2794 2611 navigia
2827 2559 2841 2596 :
2872 2542 3031 2612 pauci
3066 2557 3190 2596 cum
3219 2542 3454 2613 navigiis

1875 2628 1943 2683 ad
1972 2630 2152 2686 Cocles
2175 2646 2433 2701 asperum
2458 2631 2615 2687 littus
2643 2632 2820 2688 evecti
2863 2633 3173 2689 incolumes
3211 2649 3310 2703 per
3350 2647 3454 2687 no-

1876 2722 1978 2776 ctis
2007 2722 2479 2791 opportunitatem
2505 2732 2823 2780 evaserunt.
2859 2725 3226 2795 Theophanes
3269 2734 3453 2779 autem

1876 2813 2081 2885 ingenti
2115 2824 2268 2884 parta
2292 2815 2522 2870 victoria
2549 2831 2824 2879 reversus,
2882 2816 3184 2872 honoriﬁce
3231 2832 3296 2871 ac
3342 2833 3458 2873 ma<

1875 2906 2070 2977 gniﬁce
2101 2907 2171 2961 ab
2207 2907 2542 2977 imperatore
2574 2917 2883 2979 susceptus,
2904 2908 3240 2964 accubitoris
3277 2908 3457 2980 digni-

1877 3007 1988 3054 tate
2024 3007 2318 3069 provectus
2343 3007 2447 3054 est.

1948 3092 2113 3164 748
2142 3092 2230 3148 47.
2268 3091 2454 3147 Mense
2475 3092 2673 3161 Aprili,
2702 3092 3005 3148 indictione
3034 3092 3230 3163 prima,
3259 3108 3452 3150 rursus

1876 3186 2045 3242 Turci
2094 3184 2412 3256 ingentibus
2452 3184 2627 3254 c0piis
2679 3184 3048 3255 irruptionem
3107 3185 3307 3240 fecere.
3368 3185 3450 3239 Ad

1876 3292 2015 3347 quos
2084 3289 2338 3346 egressus
2402 3273 2689 3328 accubitor
2762 3276 2915 3344 pacis
2968 3289 3093 3328 cum
3149 3275 3229 3329 eis
3274 3273 3456 3330 fmdus

1877 3368 2146 3439 percussit
2178 3384 2193 3433 ;
2245 3366 2392 3421 unde
2427 3366 2591 3421 etiam
2617 3366 2684 3425 ad
2719 3382 2893 3422 annos
2924 3366 3171 3438 quinque
3198 3382 3300 3436 pax
3334 3374 3457 3421 rata

1878 3460 2005 3515 fuit.

1949 3550 2039 3605 48.
2074 3549 2257 3604 Altera
2306 3549 2492 3604 statim
2562 3548 2889 3611 indictione.
2947 3548 3229 3604 Paschalis
3271 3555 3459 3619 proto-

1878 3643 2195 3714 spatharius
2218 3656 2283 3696 ac
2329 3639 2726 3713 Longobardiae
2753 3648 2953 3710 praetor
3005 3656 3035 3695 a
3086 3640 3333 3696 Romano
3386 3640 3458 3699 ad

1878 3738 2212 3792 Francorum
2235 3750 2441 3806 regem,
2478 3735 2573 3804 qui
2611 3735 2733 3804 ejus
2757 3734 2923 3787 ﬁliam
2949 3733 3186 3789 adducat
3207 3732 3458 3801 Romano

1878 3814 2224 3886 Constantini
2250 3830 2369 3898 ejus
2401 3826 2589 3897 generi
2622 3824 2735 3879 ﬁlio
2769 3825 3153 3895 copulandam,
3194 3825 3456 3881 mittitur.

1878 3924 2051 3989 Quam
2082 3929 2137 3976 et
2170 3920 2357 3973 multis
2377 3919 2632 3973 donatam
2655 3916 2855 3986 opibus
2874 3916 3124 3971 adduxit.
3155 3915 3460 3972 Celebrata

1880 4016 2087 4085 nuptiae
2132 4027 2323 4066 mense
2355 4009 2689 4080 Septembri,
2732 4008 3036 4064 indictione
3069 4009 3251 4065 tertia.
3279 4008 3458 4062 Vixit-

1881 4122 1990 4178 que
2051 4120 2176 4159 cum
2205 4102 2324 4158 viro
2375 4117 2476 4157 suo
2508 4115 2684 4156 annos
2716 4098 2981 4169 quinque,
3014 4108 3071 4153 et
3100 4107 3317 4152 mortua
3345 4105 3455 4162 est,

1882 4202 2001 4273 ejus
2034 4212 2227 4254 socero
2252 4195 2614 4252 Constantino
2631 4192 2957 4262 iterumjam
2982 4205 3164 4246 rerum
3189 4204 3471 4246 summam,

1883 4292 2106 4363 adepto.

185 4402 388 4547 90:02
427 4473 518 4544 Τῷ
576 4471 895 4542 Δεκεμϐρίῳ
944 4469 1075 4542 μηνὶ
1099 4508 1115 4534 ,
1174 4468 1271 4540 τῆς
1316 4465 1359 4521 δ’
1428 4465 1769 4528 ίνδικτιῶνος⁴

1959 4472 2048 4528 49.
2086 4469 2270 4527 Mense
2295 4466 2609 4530 Decembri,
2661 4463 2961 4519 indictione
2986 4469 3199 4532 quarta,
3233 4456 3461 4513 validis-

179 4570 413 4640 ἀνέμου
447 4567 619 4639 βιαίου
648 4568 742 4619 καὶ
765 4563 994 4635 σφοδροῦ
1041 4561 1370 4624 πνεύσαντος
1417 4562 1466 4613 οί
1498 4561 1769 4630 λεγόμενοι

1887 4566 2028 4621 simo
2055 4580 2117 4620 ac
2163 4559 2477 4617 vehementi
2509 4556 2774 4629 perﬂante
2814 4564 3000 4618 vento,
3045 4567 3183 4622 quos
3211 4552 3267 4605 in
3299 4549 3463 4606 Circo

172 4665 244 4717 ὲν
269 4661 361 4731 τῷ
394 4659 607 4728 ἱππικῴ
640 4657 701 4723 ἐξ
731 4657 981 4718 ἐναντίας
1011 4652 1103 4707 τοῦ
1137 4650 1419 4722 βασιλικοῦ
1466 4650 1658 4721 θρόνου
1682 4650 1769 4717 Δῆ-

1884 4657 2077 4712 demos
2110 4661 2331 4718 vocant,
2363 4667 2429 4706 ex
2454 4649 2686 4706 adverso
2708 4645 3061 4717 imperatoris
3089 4641 3213 4699 solii
3244 4642 3467 4698 cecide-

171 4772 284 4826 μοι
331 4753 660 4815 κατέπεσον,
699 4751 792 4802 καὶ
837 4746 1163 4817 συνέτριψαν
1188 4744 1257 4798 τὰ
1309 4742 1569 4797 ὑποκάτω
1602 4741 1769 4795 αύτῶι

1890 4756 2046 4812 runt,
2078 4747 2468 4817 subjectosque
2511 4740 2715 4813 gradus
2760 4754 2836 4819 ac.
2868 4735 3291 4794 intercolumnia
3324 4750 3458 4791 con-

167 4825 384 4919 βάθρα
426 4845 521 4896 καὶ
584 4840 807 4912 στήθεα.
870 4840 1079 4909 Χρόνου
1110 4837 1168 4891 δὲ
1200 4825 1499 4899 διελθόντος
1523 4834 1601 4906 τῷ
1632 4833 1769 4903 αύτᾷ

1893 4842 2190 4896 triverunt.
2224 4837 2523 4891 Transacto
2567 4840 2753 4887 autem
2783 4844 2948 4895 anno,
3004 4828 3201 4884 eodem
3246 4840 3459 4892 mense,

170 4938 332 5009 μηνί⁵
367 4933 706 5005 τὸνβασιλέα
747 4932 1025 5002 Ῥωμανὸν
1055 4932 1103 4983 οἱ
1140 4930 1244 4983 υἱοὶ
1273 4929 1438 4983 αὐτοῦ
1473 4927 1567 4983 τοῦ
1602 4928 1644 4958 ¹¹¹
1676 4944 1769 4980 πα-

1890 4933 2199 4987 Romanum
2237 4928 2627 4998 imperatorem
2658 4923 2755 4979 ﬁlii
2786 4923 2911 4978 aula
2941 4922 3317 4977 detruserunt.

164 5027 290 5082 λατ
298 5028 394 5081 {ou
426 5026 766 5097 κατήγαγον.

252 5127 333 5177 v'.
370 5120 487 5191 Τῆς
532 5119 589 5173 δὲ
640 5117 847 5183 πόλεως
886 5116 1129 5188 Ἐδέσης,
1161 5121 1219 5169 ἐν
1336 5115 1395 5168 τὸ
1422 5114 1517 5167 τοῦ
1547 5113 1769 5183 Χριστοί

1965 5112 2052 5167 50.
2082 5110 2335 5167 Edesena
2364 5116 2546 5163 autem
2586 5105 2831 5168 civitate,
2856 5103 2913 5157 in
2941 5117 3049 5172 qua
3074 5114 3225 5155 sacra
3256 5097 3465 5155 Christi

159 5214 358 5281 ἆγιον
391 5213 690 5282 ἐκμαγεῖον
719 5210 1000 5273 ἀπέκειτο,
1035 5208 1186 5277 παρὰ
1213 5208 1307 5261 τοῦ
1352 5206 1666 5277 Ῥωμαϊκοῦ
1691 5222 1769 5259 πο

1893 5207 2098 5281 efﬁgies
2127 5207 2298 5261 linteo
2340 5217 2619 5273 expressa,
2670 5198 3045 5254 Romanorum
3106 5193 3279 5264 copiis
3320 5192 3467 5247 obsi—

156 5305 605 5381 λιορκουμένης
655 5302 1084 5375 στρατεύματος,
1132 5302 1184 5353 οἱ
1243 5301 1527 5371 οἰκήτορες
1578 5298 1769 5368 ταύτης

1896 5301 2064 5357 dione
2098 5298 2277 5354 cincta
2308 5295 2588 5365 armisque
2613 5306 2827 5365 pressa,
2857 5289 3020 5344 missa
3056 5285 3124 5341 ad
3159 5286 3465 5341 Romanum

160 5373 335 5473 πρός
371 5373 468 5452 τὸν
514 5373 744 5469 βασιλέα
796 5393 1252 5465 διαπρεσϐεύουσι
1310 5392 1592 5463 Ῥωμανὸν
1627 5391 1769 5446 τοῦτι

1895 5390 2170 5464 legatione
2195 5387 2346 5443 illius
2379 5385 2529 5442 cives
2564 5383 2712 5438 illam
2761 5395 2820 5437 se
2864 5377 3193 5448 praebituros
3238 5373 3468 5445 polliciti

155 5468 491 5565 παρέχειν,
518 5468 579 5543 εί
608 5489 709 5561 τὴν
743 5485 1060 5559 πολιορκίαν
1090 5485 1323 5539 λύσειεν.
1360 5485 1540 5556 Ὅπερ
1565 5486 1659 5540 καὶ
1689 5485 1769 5554 γέ-

1894 5491 2045 5549 sunt,
2070 5498 2134 5539 ea
2156 5481 2424 5537 duntaxat
2456 5475 2774 5534 conditione
2809 5480 2870 5528 ut
2888 5469 3107 5528 obsidio
3139 5468 3467 5525 solveretur.

1540 5578 1779 5636 VARIA'J
1815 5573 2222 5636 LECTIONES.

237 5681 291 5715 ⁸⁷
326 5676 439 5733 τοῦ
471 5690 582 5730 om.
613 5672 674 5728 P.

456 5771 725 5830 Ρηκοι.
760 5768 876 5831 Ca.
912 5731 1071 5825 οηί.
2914 5814 2917 5819 _
3000 5736 3083 5804 26
