3996 6208
515 215 614 285 811

1717 217 2121 279 'SYMEONIS
2163 213 2529 275 MAGISTRI
3591 218 3677 282 812

519 332 673 401 Quod
702 340 760 387 et
806 331 880 387 ita
929 330 1181 401 contigit.
1232 331 1364 385 Data
1394 328 1539 383 enim
1577 329 1725 383 bulla
1770 342 1935 384 aurea
1975 342 2105 383 cau-

2214 341 2360 394 γονε·
2425 325 2521 380 καὶ
2573 319 2968 396 χρυσόὸουλλον
3037 318 3190 390 ἐδόθη
3252 321 3425 392 μηκέτι
3457 325 3543 380 ὑπὸ
3572 330 3678 383 Ῥω.

520 439 635 482 tum
669 433 755 480 est
793 439 862 478 ne
894 423 1115 478 illorum
1155 422 1420 493 deinceps
1472 438 1603 491 ager
1643 436 1707 477 ac
1746 419 2037 492 provincia
2065 433 2097 473 a

518 516 683 589 74,9
712 516 975 570 Romanis
1003 513 1360 583 diriperetur.
1393 511 1554 567 Missa
1582 512 1766 583 itaque
1789 524 1946 566 sacra
1980 508 2097 564 eili-

515 608 623 676 gie,
655 605 874 662 obviam
901 604 1081 659 factus
1111 604 1397 659 accubitor
1423 604 1788 675 Theophanes
1821 619 1944 659 cum
1987 617 2095 657 ma-

517 696 718 767 gniﬁco
748 710 1037 750 cereorum
1064 695 1449 765 luminumque
1496 704 1762 765 apparatu
1792 702 1849 749 et
1880 692 2099 749 decenti

520 790 670 844 cultu
702 802 767 842 ac
792 786 1091 858 hymnodia
1125 787 1192 840 ad
1221 786 1492 858 Saugarin
1522 785 1750 840 ﬂuvium
1778 802 1899 841 eam
1935 801 2099 841 exce-

518 879 619 950 pit,
668 880 982 949 mensisque
1026 879 1271 950 ejusdem
1326 878 1415 932 die
1464 878 1678 933 decimo
1729 894 1876 932 nono
1927 878 2099 947 ipsam

440 992 451 1003 ε
520 972 801 1026 deducens
844 972 900 1025 in
941 971 1133 1025 urbem
1186 972 1437 1026 intravit.
1506 971 1833 1041 Imperator,
1888 970 1983 1040 qui
2044 969 2098 1024 in

523 1064 842 1119 Blachernis
869 1072 1032 1121 esset.
1067 1064 1145 1118 ibi
1166 1078 1285 1117 eam
1313 1063 1402 1132 pic
1434 1072 1731 1117 veneratus
1764 1070 1868 1117 est.
1895 1058 2103 1116 Postri-

523 1156 613 1211 die
635 1170 768 1209 vero
790 1154 857 1208 ad
886 1158 1127 1208 Auream
1162 1161 1374 1223 portam
1422 1154 1627 1223 egressi
1658 1162 1773 1207 tum
1808 1154 2104 1222 imperato-

525 1248 601 1301 ris
629 1247 793 1301 ambo
830 1246 948 1311 ﬁlii,
985 1245 1299 1316 Stephanus
1320 1254 1374 1300 et
1393 1244 1814 1309 Constantinus,
1845 1255 1958 1299 tum
1984 1246 2104 1315 ejus

523 1354 691 1409 gener
712 1337 1110 1393 Constantinus
1140 1352 1267 1391 cum
1324 1336 1738 1408 Theophylacto
1790 1336 2104 1406 patriarcha

522 1432 790 1501 omnique
841 1440 1057 1495 senatu,
1108 1428 1312 1500 populo
1368 1444 1586 1499 quoque
1640 1436 1924 1499 praeeunte
1977 1442 2102 1483 cum

526 1524 875 1594 lampadibus
912 1538 976 1578 ac
1011 1522 1248 1588 facibus,
1296 1521 1368 1577 ad
1422 1537 1599 1592 usque
1636 1520 1849 1577 Sancta:
1874 1520 1972 1576 Dei
2008 1519 2107 1574 Sa-

527 1616 751 1688 pientia:
789 1616 1077 1671 delubrum
1117 1615 1355 1686 pedibus
1379 1630 1500 1671 eam
1549 1614 1860 1681 deduxere;
1904 1613 2105 1685 pieque

528 1711 601 1765 ibi
642 1724 859 1765 sacrum
887 1708 1021 1763 illud
1049 1708 1250 1779 pignus
1275 1707 1523 1763 venerati
1554 1708 1612 1762 in
1636 1707 1901 1779 palatium
1952 1704 2107 1763 detu-

527 1806 729 1859 lerunt.

599 1893 688 1947 51.
717 1892 878 1947 Hisce
914 1890 1114 1945 diebus
1149 1898 1466 1960 portentum
1506 1889 1785 1959 quoddam
1817 1905 1885 1944 ex
1909 1889 2106 1944 Arme-

528 1984 622 2037 nia
650 1984 705 2037 in
730 1982 935 2036 urbem
966 1988 1222 2046 venerat,
1255 1980 1414 2050 pueri
1448 1978 1558 2033 duo
1592 1996 1660 2034 ex
1686 1996 1798 2035 uno
1826 1983 2107 2052 progressi

530 2084 711 2139 utero,
749 2069 1016 2127 membris
1037 2071 1296 2127 omnibus
1325 2072 1576 2141 corporis
1608 2072 1843 2143 integri;
1884 2073 1953 2127 ab
1989 2090 2110 2128 utn-

532 2164 700 2221 bilico
725 2174 910 2221 autem
934 2165 1002 2219 ad
1023 2164 1224 2235 pubem
1243 2164 1381 2219 alter
1393 2165 1551 2219 alteri
1567 2165 1907 2221 cohazrentes
1928 2176 2106 2230 erant,

530 2257 782 2313 obversis
812 2257 960 2312 inter
988 2272 1048 2311 se
1101 2255 1369 2311 vultibus.
1412 2256 1475 2310 lli
1506 2257 1601 2311 diu
1658 2257 2006 2327 multumque
2053 2259 2107 2312 in

534 2349 670 2403 urbe
696 2348 919 2414 morati,
968 2346 1124 2401 velut
1160 2347 1352 2416 ingens
1385 2347 1660 2417 quoddam
1716 2364 1780 2404 ac
1832 2350 2111 2420 singulare

533 2447 894 2510 portentum,
976 2447 1306 2494 cunctorum
1395 2436 1815 2495 admirationem
1866 2441 2108 2496 ciebant.

532 2530 899 2601 Quamobrem
919 2531 1084 2586 etiam
1110 2531 1263 2585 velut
1293 2544 1381 2585 res
1407 2531 1534 2585 mali
1557 2530 1778 2595 ominis,
1798 2542 2109 2587 monstrum

535 2624 673 2679 urbe
707 2627 1038 2693 expulsum;
1079 2622 1132 2675 in
1162 2637 1282 2676 eam
1318 2632 1501 2678 tamen
1527 2639 1723 2679 rursus
1762 2625 1953 2689 subiit,
1983 2642 2110 2681 cum

534 2714 686 2769 solus
721 2711 1122 2769 Constantinus
1172 2727 1356 2765 rerum
1386 2726 1655 2767 Summam
1687 2715 1917 2786 adeptus
1944 2724 2108 2771 esset.

534 2804 743 2859 Horum
769 2813 952 2859 autem
987 2803 1347 2873 gemellorum
1384 2804 1560 2859 altero
1603 2815 1842 2872 mortuo,
1896 2815 2110 2876 partem

535 2898 1000 2952 cohaerescentem
1034 2894 1195 2964 periti
1247 2896 1472 2964 quidam
1513 2897 1711 2952 medici
1757 2899 1944 2953 subtili
1993 2909 2109 2955 arte

2207 419 2383 489 μαίων
2436 416 2537 487 τὴν
2587 418 2771 487 χώραν
2822 411 3005 469 αὐτῶν
3037 411 3322 483 ληῖζεσθαι.
3365 414 3457 469 Τοῦ
3491 418 3539 472 δὲ
3560 422 3680 489 ἁγίου

2203 507 2503 581 ἐκμαγείου
2532 506 2951 573 ἀποσταλέντος,
2977 507 3281 576 ἀπήντησεν
3302 505 3432 577 αὐτῷ
3463 507 3685 580 Θεοφάνης

2203 598 2751 671 δπαρακοιμὼμενος
2793 596 2930 668 μετὰ
2975 597 3230 667 λαμπρᾶς
3283 599 3593 667 φωταγωγίας
3616 607 3685 656 καὶ

2203 692 2304 763 τῆς
2333 691 2559 762 δεούσης
2587 693 2752 761 τιμῆς
2773 688 2867 743 καὶ
2890 686 3163 759 ὑμνῳδίας
3207 689 3337 742 κατὰ
3362 691 3443 744 τὸν
3470 691 3690 760 Σάγγαριν

2206 784 2469 856 ποταμόν.
2506 784 2585 855 Τῇ
2617 782 2673 837 δὲ
2699 781 2763 835 ιϐ’
2797 781 2890 835 τοῦ
2921 780 3086 834 αὐτοῦ
3128 780 3287 851 μηνὸς
3312 782 3397 834 σὺν
3424 784 3546 853 αὐτῷ
3571 786 3615 835 ἐν
3637 789 3689 854 τῇ

2205 879 2358 932 πόλει
2380 876 2613 949 εἰσῆλθε.
2649 875 2754 929 Τοῦ
2784 874 2839 928 δὲ
2869 873 3136 946 βασιλέως
3182 872 3323 938 ὄντος
3352 876 3402 925 ἐν
3427 876 3695 947 Βλαχέρνεις

2205 968 2461 1024 κάκεῖθεν
2481 969 2613 1022 αὐτὸ
2638 967 3138 1039 προσκυνήσαντος,
3165 968 3229 1036 τῇ
3259 966 3492 1037 ἐπαύριον
3519 970 3694 1039 ἐξῆλθον

2206 1065 2263 1118 ἐν
2285 1067 2348 1134 τῇ
2379 1065 2421 1116 Χ
2430 1065 2565 1133 ρυσῇ
2604 1062 2781 1132 πόρτῃ
2809 1059 2862 1113 οἶ
2888 1077 2948 1113 τε
3001 1057 3259 1129 βασιλέως
3304 1057 3388 1111 δύο
3410 1060 3518 1125 υἱοὶ,
3544 1061 3702 1129 Στέφα.

2205 1175 2293 1219 νος
2324 1157 2420 1210 καὶ
2471 1155 2903 1216 Κωνσταντῖνος,
2937 1152 3033 1204 καὶ
3056 1152 3083 1204 ὁ
3137 1150 3373 1220 γαμὸρὸς
3418 1150 3559 1204 αὐτοῦ
3583 1154 3699 1205 Κίον-

2207 1250 2488 1310 σταντῖνος
2521 1248 2619 1300 σὺν
2677 1245 2755 1317 τῷ
2806 1244 3121 1316 πατριάρχῃ
3168 1241 3501 1311 Θεοφυλὰκτῳ
3541 1244 3619 1295 καὶ
3651 1244 3704 1315 τῇ

2209 1338 2499 1410 συγκλήτῳ
2531 1338 2705 1408 πάσῃ,
2737 1337 2832 1390 καὶ
2862 1334 2956 1389 τοῦ
2982 1333 3115 1387 λαοῦ
3143 1334 3580 1404 προπορευομένου
3602 1335 3703 1403 μετὰ

2208 1431 2574 1500 φωταγωγίας
2611 1431 2773 1501 μέχρι
2832 1427 2925 1482 τοῦ
2961 1426 3090 1482 ναοῦ
3129 1427 3227 1495 τῆς
3278 1426 3367 1478 τοῦ
3408 1424 3527 1479 Θεοῦ
3561 1425 3707 1494 Ἀγίας

2208 1523 2409 1593 Σοφιας
2461 1521 2617 1588 πεζοὶ
2672 1521 2832 1579 τοῦυτο
2881 1520 3236 1588 διεκόμισαν,
3271 1519 3360 1572 καὶ
3405 1518 3708 1590 προσκυνηθὲν

2211 1615 2388 1669 ἐκεῖσε
2417 1616 2475 1668 ἐν
2504 1613 2580 1685 τῷ
2606 1613 2854 1683 παλατίῳ
2880 1612 3037 1666 τοῦτο
3061 1612 3359 1682 ἀνήγαγον.

2283 1882 2368 1955 [Ρ.
2408 1880 2537 1953 492]
2568 1880 2668 1937 να’.
2713 1881 2800 1933 Ἐν
2821 1878 3047 1942 ταύταις
3072 1882 3194 1942 ταῖς
3226 1877 3453 1951 ἡμέραις
3494 1876 3719 1948 ’Λρμένιόν

2210 1994 2263 2028 τι
2294 1973 2460 2046 τέρας
2521 1976 2586 2045 τῇ
2622 1972 2773 2025 πόλει
2835 1971 3215 2042 ἐπεφοιτήκει,
3278 1970 3455 2033 παῖδες
3508 1971 3720 2038 συμφυεῖς

2210 2068 2458 2140 ἄρρενες,
2492 2070 2557 2121 ἐκ
2605 2067 2734 2137 μιᾶς
2778 2064 3136 2136 προελθόντες
3184 2062 3434 2133 γαστρὸς,
3466 2062 3619 2132 ἄρτιοι
3650 2060 3725 2130 μὲν

2211 2160 2389 2214 πάντα
2410 2158 2478 2212 τὰ
2511 2158 2647 2229 μέλη
2702 2156 2797 2212 τοῦ
2846 2155 3096 2227 σώματος
3125 2173 3139 2187 ·
3173 2156 3282 2209 ἀπὸ
3301 2156 3354 2208 δὲ
3387 2153 3472 2208 τοῦ
3511 2151 3725 2222 στόματος

2210 2253 2308 2321 τῆς
2333 2251 2568 2321 γαστρὸς
2598 2249 2693 2304 καὶ
2726 2250 2889 2320 μέχρι
2929 2248 3039 2303 τῶν
3068 2248 3179 2302 ὑπὸ
3237 2248 3473 2318 γαστέρα
3500 2260 3729 2315 συμπεφν·

2210 2345 2365 2408 κότες
2397 2342 2646 2414 ἀλλήλοις
2670 2343 2937 2413 ὑπῆρχον,
2967 2340 3401 2409 ἀντιπρόσωποι.
3435 2337 3493 2390 (li
3518 2332 3730 2389 ἐπιπλεῖ-

2212 2455 2335 2490 στον
2376 2437 2434 2489 ἐν
2476 2439 2542 2507 τῇ
2599 2435 2753 2488 πόλει
2804 2432 3255 2503 ἐνδιατρίψαντες
3298 2433 3402 2486 ὑπὸ
3448 2430 3639 2483 πάντων
3677 2425 3733 2488 ὡς

2212 2528 2449 2593 ἐξαίσιόν
2479 2545 2529 2580 τι
2566 2527 2732 2598 τέρας
2752 2524 3129 2595 ἐθαυμάζοντο
3155 2542 3169 2556 ·
3197 2523 3322 2578 ὅθεν
3351 2527 3440 2575 καὶ
3459 2521 3528 2583 ὡς
3548 2515 3733 2587 πονηράς

2210 2638 2295 2683 τις
2333 2621 2520 2680 οἰωνὸς
2571 2621 2670 2688 τῆς
2697 2617 2905 2679 πόλεως
2952 2615 3219 2688 ἐξηλάθη.
3271 2613 3441 2668 Πάλιν
3471 2612 3524 2665 δὲ
3550 2610 3625 2664 ἐπὶ
3664 2607 3737 2676 τῆς

2215 2710 2646 2781 μονοκρατορίας
2690 2708 2793 2779 τῆς
2830 2707 3108 2779 βασιλείας
3144 2708 3189 2740 ¹⁸
3242 2702 3630 2759 Κωνσταντίνου
3653 2701 3737 2753 εξο-

2210 2798 2358 2869 ἦλθε.
2391 2796 2502 2851 Καὶ
2546 2796 2733 2866 ἐπειδὴ
2763 2798 2791 2850 ὁ
2842 2796 3028 2867 ἕτερος
3062 2795 3255 2849 αὐτῶν
3295 2793 3585 2862 ἐτεθνήκει,
3609 2784 3742 2857 ἰατροί

2211 2907 2353 2952 τινες
2383 2890 2634 2959 ἔμπειροι
2685 2889 2743 2942 τὸ
2794 2888 3309 2958 συγκεκολλημένον
3346 2886 3503 2956 μέρος
3547 2883 3741 2948 διέτεμον

535 2996 820 3060 putavere,
848 3003 971 3043 cum
998 2989 1231 3042 alterum
1263 2988 1449 3042 vivum
1480 2997 1864 3045 conservatum
1890 2990 1956 3044 iri
1988 3008 2108 3061 spc-

2217 2982 2430 3050 εύφυῶς
2458 2981 2634 3033 ἐλπίδι
2688 2979 2782 3034 τοῦ
2832 2980 2925 3033 τὸν
2969 2981 3165 3052 ἕτερον
3200 2978 3482 3050 ζήσεσθαι.
3517 2972 3660 3027 Ἀλλὰ
3677 2968 3745 3024 καὶ

537 3089 743 3136 rarent.
786 3078 890 3147 Qui
938 3089 1118 3134 tamen
1149 3078 1265 3150 ipse
1306 3094 1431 3134 cum
1467 3088 1582 3136 tres
1612 3080 1731 3138 dies
1779 3085 2111 3152 supervixis-

535 3183 639 3240 act,
663 3172 966 3228 exstinctus
995 3180 1100 3227 est.

606 3260 770 3334 750
792 3262 880 3317 52.
914 3261 1243 3319 Immensam
1283 3263 1606 3333 imperator,
1640 3266 1723 3321 uti
1752 3283 1783 3322 a
1824 3282 1909 3323 me
1941 3284 2109 3339 supe-

535 3354 655 3411 rius
694 3353 904 3411 dictum
953 3363 1057 3420 est,
1118 3370 1249 3424 erga
1299 3371 1492 3412 omnes
1540 3359 1861 3424 monachos,
1913 3360 2113 3416 eximie

537 3457 720 3503 tamen
742 3462 870 3517 erga
899 3446 1152 3516 Sergium
1205 3447 1352 3501 inter
1392 3449 1691 3504 monachos
1746 3450 1870 3505 vita:
1910 3452 2114 3506 sancti-

537 3539 721 3593 monia
750 3537 1114 3608 prmcipuum,
1145 3536 1385 3592 habebat
1414 3538 1601 3604 ﬁdem,
1632 3556 1871 3612 eumque
1899 3541 2114 3598 colebat

535 3644 601 3684 ac
635 3642 800 3697 supra
825 3627 1050 3681 modum
1080 3627 1470 3685 venerabatur.
1506 3630 1635 3686 Erat
1669 3632 1714 3687 is
1742 3631 1914 3689 frater
1946 3635 2115 3707 magi-

537 3718 640 3775 stri
670 3717 917 3783 Thomae,
953 3716 1136 3773 Photii
1164 3718 1494 3789 patriarcha:
1522 3738 1715 3794 nepos,
1749 3740 1913 3795 quem
1943 3726 2113 3783 animi

539 3808 854 3881 ingenuitas
904 3823 1067 3879 quam
1130 3812 1381 3881 corporis
1445 3813 1707 3871 nobilitas
1757 3817 2113 3875 illustriorem

539 3901 850 3968 reddebat;
916 3900 1274 3957 discretionis
1325 3905 1619 3971 rectitude,
1680 3910 1866 3964 vultus
1917 3913 2110 3981 gratia,

540 3990 811 4046 modestia
842 3991 1012 4045 animi
1061 4006 1386 4063 morumque
1416 3998 1745 4066 compositio
1788 4000 1927 4054 mire
1960 4016 2113 4054 com-

540 4083 855 4138 mendabat.
889 4082 1083 4140 Sermo
1113 4083 1191 4139 illi
1216 4087 1379 4142 melle
1411 4088 1626 4144 dulcior
1661 4091 1905 4159 ﬂuebat;
1956 4092 2113 4148 ﬁrma

538 4190 695 4229 mens
715 4191 780 4231 ac
804 4175 1055 4239 robusta,
1090 4178 1261 4233 animi
1306 4195 1507 4235 sensus
1534 4181 1694 4253 longe
1723 4184 1995 4240 humanus
2027 4195 2109 4240 at-

538 4282 648 4337 que
692 4267 994 4323 modestus.
1057 4268 1216 4325 Ilunc
1278 4270 1579 4341 imperator
1629 4275 1812 4329 virum
1859 4276 2111 4331 inclitum

2213 3070 2366 3137 οὗτος
2401 3075 2547 3144 τρεῖς
2574 3073 2786 3144 ἡμέρας
2819 3072 3065 3135 ἐπιϐιοὺς
3098 3073 3483 3142 ἐτελεύτησεν.

2283 3252 2381 3323 νβ’.
2430 3254 2519 3307 Ἐν
2540 3254 2673 3306 πᾶσι
2714 3252 2812 3321 μὲν
2845 3247 2957 3317 οὖν,
2980 3251 3055 3317 ὡς
3086 3252 3363 3322 ἀνωτέρω
3417 3249 3631 3319 εἴρηται,
3668 3243 3754 3303 τοῖς

2214 3348 2469 3417 μοναχοῖς
2492 3348 2518 3400 ὁ
2549 3344 2802 3415 βασιλεὺς
2823 3345 3006 3397 πίστιν
3030 3346 3313 3413 ἐκέκτητο
3336 3343 3580 3412 ἄμετρον,
3605 3337 3752 3401 διαφε·

2219 3440 2416 3510 ρόντως
2441 3439 2495 3492 δὲ
2535 3439 2696 3509 ἐτίμα
2726 3440 2819 3491 καὶ
2855 3437 3167 3507 ὑπερέσεόε
3224 3437 3452 3508 Σέργιον
3480 3433 3564 3485 τὴν
3604 3431 3653 3480 ἐν
3685 3442 3758 3496 μο-

2213 3535 2394 3601 ναχοῖς
2443 3530 2837 3601 διαλάμποντα,
2874 3528 2931 3593 ὃς
2957 3527 3198 3599 ἀδελφὸς
3231 3529 3335 3598 μὲν
3382 3525 3473 3579 τοῦ
3508 3520 3755 3594 μαγίστρου

2215 3621 2477 3688 ἐπεφύκει
2509 3620 2702 3691 Θωμᾶ,
2733 3620 2953 3690 ἀνεψιὸς
2982 3620 3036 3672 δὲ
3062 3620 3166 3673 τοῦ
3204 3618 3549 3690 πατριάρχου
3578 3609 3757 3665 Φωτίου·

2213 3715 2271 3767 ὃν
2328 3713 2486 3766 πλέον
2523 3713 2623 3783 τῆς
2681 3713 2949 3783 σαρκικῆς
3000 3710 3302 3780 εὐγενείας
3357 3712 3389 3780 ἡ
3445 3704 3579 3760 κατὰ
3624 3697 3758 3769 ψυχὴν

2213 3806 2377 3874 ἐτίμα
2402 3804 2649 3872 εὐγένεια
2683 3806 2741 3857 τό
2766 3822 2825 3857 τε
2852 3804 2950 3872 τῆς
2978 3803 3331 3875 διακρίσεως
3362 3801 3496 3855 εὐθὺ
3524 3799 3607 3850 καὶ
3628 3794 3675 3847 τδ
3694 3787 3761 3844 τοῦ

2215 3898 2512 3968 προσώπου
2543 3898 2735 3968 χαρίεν
2770 3895 2829 3949 τὸ
2860 3894 3083 3966 μέτριόν
3112 3912 3178 3947 τε
3217 3893 3318 3947 τοῦ
3352 3890 3674 3964 φρονήματος
3696 3879 3761 3968 ul

2214 3966 2307 4042 τοῦ
2339 3988 2501 4059 ήθους
2520 3966 2662 4039 Ἠτὸν
2700 3987 2797 4055 μὲν
2827 3985 2935 4055 γὰρ
2975 3983 3145 4052 λόγον
3204 3978 3329 4053 εἷχε
3358 3978 3668 4047 γλυκύτερον
3696 3966 3767 4038 μέν

2213 4080 2359 4143 λιτος
2407 4075 2801 4141 ἁποστάζοντα,
2869 4074 2929 4127 τὸ
2973 4070 3111 4145 ἦθος
3146 4075 3363 4141 πάγιον
3404 4069 3497 4125 καὶ
3528 4061 3763 4130 σταθηρόνν

2214 4172 2273 4226 τὸ
2306 4172 2361 4225 δέ
2409 4172 2662 4243 φρόνημα
2707 4167 2842 4222 πολὺ
2886 4166 3121 4237 φυσικὸν
3174 4167 3277 4220 καὶ
3310 4164 3587 4219 ταπεινόν.
3616 4154 3767 4243 Τοῧςον

2215 4261 2280 4334 δὴ
2322 4260 2413 4314 τὸν
2442 4259 2686 4329 ἀοίδιμον
2710 4258 3074 4320 ἀδιαλείπτως
3102 4257 3237 4328 μεθ’
3267 4254 3471 4309 ἐαυτοῦ
3500 4248 3634 4319 εἶχεν
3657 4242 3768 4334 <5ng

542 4358 696 4413 velut
730 4359 972 4430 regulam
1008 4374 1071 4414 ac
1125 4362 1409 4427 amussim,
1468 4372 1529 4418 ut
1558 4364 1636 4418 sic
1665 4364 1877 4434 loquar.
1933 4367 2108 4421 omnis

2220 4354 2423 4417 σιλεὺς,
2455 4352 2678 4417 κανόνα,
2703 4350 2778 4415 ὡς
2809 4351 2874 4404 ἄν
2903 4366 2989 4413 τις
3038 4349 3223 4413 εἴποι,
3270 4348 3372 4401 τὸν
3401 4342 3565 4399 αὑτοῦ
3594 4339 3687 4411 βίον
3711 4328 3771 4434 ἁξὶ

541 4450 747 4521 ubique
777 4452 1175 4520 componenda:
1202 4455 1329 4508 vitae
1356 4470 1470 4509 suae
1506 4456 1715 4527 jugiter
1749 4457 1895 4527 apud
1926 4474 1984 4513 se
2015 4459 2114 4512 ha-

538 4542 724 4600 bebat.
760 4543 922 4614 Isque
961 4544 1099 4599 adeo
1124 4544 1513 4623 imperatorem
1548 4548 1715 4603 etiam
1737 4560 1903 4619 atque
1945 4550 2113 4604 etiam

490 4672 501 4686 .
540 4634 779 4690 ﬁliorum
809 4651 998 4691 curam
1027 4652 1213 4709 agere,
1250 4653 1352 4694 nec
1379 4640 1823 4711 indisciplinatos
1854 4642 2114 4713 nullaque

538 4727 894 4799 castigatione
925 4728 993 4784 ad
1025 4731 1328 4801 nequitiam
1361 4731 1639 4790 declinare
1684 4734 1886 4800 sinere,
1921 4735 2114 4790 admo-

499 4820 510 4895 ί
539 4819 727 4881 nebat,
774 4834 843 4873 ne
880 4828 935 4874 et
979 4818 1057 4874 illi
1082 4820 1227 4877 idem
1256 4832 1420 4895 atque
1457 4824 1576 4880 Heli
1610 4827 1958 4898 contingeret
1981 4838 2017 4893 ',
2052 4843 2115 4883 ac

538 4927 639 4981 pro
680 4910 919 4966 ﬁliorum
971 4913 1177 4969 scelere
1228 4914 1347 4986 ipse
1405 4932 1625 4988 quoque
1678 4936 1871 4990 poenas
1924 4920 2113 4987 daret;

539 5006 684 5073 quod
715 5014 771 5059 et
801 5006 1010 5061 evenit.
1047 5009 1189 5063 Ante
1211 5008 1360 5062 enim
1394 5026 1601 5080 paucos
1646 5011 1747 5068 hos
1791 5013 1929 5076 dies.
1989 5030 2114 5069 cum

541 5110 734 5149 omnes
764 5095 1149 5151 intemeratam
1198 5096 1322 5153 Filii
1365 5099 1462 5155 Dei
1504 5102 1559 5155 in
1582 5102 1756 5158 linteo
1799 5118 2113 5174 expreSSam

540 5187 769 5258 eﬂigiem
796 5189 1115 5256 lustrareut,
1142 5190 1401 5246 dixerunt
1432 5189 1664 5249 Romani
1698 5195 1793 5250 ﬁlii
1826 5211 1885 5251 se
1918 5204 2117 5266 praeter

542 5283 753 5336 vultum
785 5282 921 5337 nihil
945 5281 1155 5351 videre,
1190 5283 1310 5357 ejus
1345 5291 1530 5341 autem
1579 5301 1750 5358 gener
1796 5287 2115 5344 Constanti-

616 5474 642 5503 ι
671 5461 687 5514 l
713 5460 848 5534 Reg.
884 5478 969 5528 ιιι,
998 5462 1086 5517 12.

2217 4445 2573 4520 ῥυθμίζοντα.
2618 4438 2787 4507 Οὗτος
2826 4442 2996 4495 πολλὰ
3028 4440 3290 4513 παρῄνει
3351 4439 3433 4509 τῷ
3480 4432 3671 4507 βασιλεῖ
3694 4423 3771 4520 tiri

2215 4515 2423 4595 παίδων
2452 4537 2830 4607 ἐπιμελεῖσθαι
2884 4536 2979 4588 καὶ
3043 4534 3126 4605 μὴ
3182 4533 3560 4592 ἀπαιδεύτους
3612 4515 3773 4607 esset;

2215 4633 2479 4703 πονηρίαν
2505 4604 2875 4693 ἐκκλίνοντας,
2919 4627 2991 4698 μή
3029 4604 3171 4678 ποτε
3222 4627 3326 4679 καὶ
3362 4623 3530 4684 αὐτὸς
3562 4615 3699 4670 πάθοι
3732 4604 3773 4656 τὸ

2214 4726 2307 4780 τοῦ
2337 4725 2489 4789 Ἠλὶ,
2546 4722 2817 4795 τιμωρίαν
2873 4719 3098 4782 ἐκτίσας
3132 4719 3291 4787 ὑπὲρ
3342 4717 3451 4787 τ’ἧς
3493 4712 3596 4768 τῶν
3622 4703 3774 4760 παίδων

2219 4819 2587 4891 παρανομίαςο
2647 4818 2711 4870 Ὃ
2752 4814 2846 4868 καὶ
2896 4813 3116 4881 γέγονε.
3176 4812 3301 4865 Καὶ
3334 4811 3453 4880 γὰρ
3501 4805 3602 4877 apt
3631 4796 3775 4864 ὀλίγωί

2219 4911 2444 4984 ἡμερῶν
2474 4908 2697 4973 τούτων,
2727 4906 2943 4959 πάντων
2972 4901 3217 4956 καθιστο
3229 4902 3484 4973 ρούντων
3513 4897 3601 4950 τδν
3624 4891 3775 4979 ἄχρως

2217 4982 2309 5058 τίον
2332 5001 2657 5075 χαρακτῆρα
2702 4999 2760 5052 ἐν
2794 4996 2872 5068 τῷ
2902 4996 3039 5064 ἁγίῳ
3070 4994 3394 5064 ἐκμαγείῳ
3452 4989 3547 5045 τοῦ
3582 4982 3690 5039 rio-3

2218 5097 2377 5160 Θεοῦ,
2414 5094 2598 5163 ἔλεγον
2650 5093 2698 5146 οἱ
2732 5089 2838 5144 υἱοὶ
2870 5088 2963 5142 τοῦ
2999 5086 3288 5157 βασιλέως
3332 5085 3414 5158 μὴ
3459 5081 3662 5155 βλέπειν
3686 5080 3777 5132 nl“.

2223 5190 2514 5261 πρόσωπον
2547 5185 2729 5257 μόνον,
2756 5185 2784 5237 ὁ
2810 5182 2867 5235 δέ
2896 5178 3161 5251 γαμϐρὸς
3186 5178 3619 5233 Κωνσταντῖνος
3644 5167 3781 5261 ξὶ-εῖεξ

2227 5244 2443 5353 βλέπειν
2496 5244 2806 5348 ὁιρθαλμοὺς
2841 5244 2935 5327 καλ⁵
2976 5244 3137 5326 νῶτα.
3186 5270 3350 5341 Πρὸς
3374 5266 3476 5333 οὓς
3502 5264 3592 5320 καὶ
3622 5244 3781 5312 εἶπενό

1820 5547 2051 5609 VABUE
2098 5547 2506 5606 LECTIONES.

617 5646 662 5681 “
693 5641 788 5696 τοῦ
826 5643 1088 5712 βασιλέως
1117 5647 1140 5699 ἲ
