3996 6208
238 294 331 355 513
627 290 993 352 ANNAIES.
1038 316 1106 325 --
1141 289 1554 350 CONSTANT.
1600 291 1976 351 PORPHYR.
2011 290 2106 351 ET
2150 287 2516 349 ROMANUS
2557 285 3015 347 LACAPENUS.

3378 281 3484 345 8M

236 406 463 474 ἀοίδιμος
490 404 717 475 Σέργιος
742 421 757 434 ⁸
802 404 1016 472 Καλῶς
1049 408 1369 478 ἀμφότεροι
1401 411 1609 464 εἴδετε.
1655 412 1718 463 (li
1746 412 1796 464 δὲ

1906 426 2011 466 nus
2040 411 2232 466 videre
2260 424 2319 464 se
2346 408 2539 464 oculos
2568 415 2624 462 et
2670 423 2833 461 aures
2863 402 3173 459 afﬁrmavit.
3208 403 3286 456 Ad
3340 418 3484 473 quos

235 497 531 565 ἀντέφησαν
556 513 571 527 ο
609 497 718 550 Καὶ
775 498 833 550 τί
876 500 1158 564 σημαίνει
1194 500 1459 555 ἑκάστου
1514 502 1730 556 τούτου
1760 503 1796 570 ἡ

1901 502 1987 555 vir
2017 501 2241 556 inclitus
2286 500 2534 571 Sergius,
2563 499 2724 561 Bene,
2761 498 2963 568 inquit,
3000 497 3210 567 utrique
3260 497 3486 549 vidistis.

232 589 504 658 diayopa';
542 590 864 660 Ἀπεκρίθηο
891 593 1016 644 Οὐκ
1045 591 1181 659 ἐγὼ.
1211 594 1371 647 ἀλλὰ
1398 594 1573 648 Δαῦὶδ
1607 599 1637 648 ό
1661 610 1803 662 προ-

232 682 410 751 φήτης
434 680 629 750 λέγει·
678 701 695 733 ι
741 682 1066 751 Ὀςσθαλμοὶ
1123 686 1345 752 Κυρίου
1376 686 1472 738 ἐπὶ
1511 687 1799 752 δικαίους,

230 775 319 829 καὶ
342 771 461 830 ὦτα
484 776 672 829 αὑτοῦ
707 779 795 841 εἰς
844 777 1063 845 δέησιν
1111 780 1332 845 αὐτῶν,
1369 785 1697 849 πρόσωπον
1734 781 1803 835 δὲ

233 866 436 932 Κυρίου
465 866 567 919 ἐπὶ
616 867 936 934 ποιοῦντας
965 868 1048 941 [Ρ.
1098 870 1228 944 493]
1271 873 1424 927 κακὰ
1455 872 1561 926 τοῦ
1599 873 1802 937 ἐξολο-

233 960 461 1026 Ορεῦσαι
491 960 562 1014 ἐκ
613 960 727 1029 γῆς
778 962 845 1015 τὸ
892 966 1294 1032 μνημόσυνον
1340 963 1556 1019 αὐτῶν.
1594 984 1612 1016 ι
1669 967 1801 1018 Τότε

233 1053 551 1115 ἀκούσαντες
573 1054 770 1107 ἐκεῖνοι
797 1055 970 1126 θυμοῦ
993 1056 1343 1128 ἐπλήσθησαν
1370 1060 1462 1112 καὶ
1486 1059 1607 1112 κατ’
1635 1059 1801 1113 αὑτοῦ

233 1142 588 1196 ἐϐουλεύοντο.
618 1144 782 1197 Ὅθεν
810 1146 874 1216 δὴ
910 1148 1006 1201 καὶ
1054 1146 1149 1201 τοῦ
1185 1148 1451 1202 παλατίου
1501 1150 1801 1217 κατάγουσι

232 1235 317 1287 τὸν
341 1234 547 1303 πατέρα.
574 1236 756 1289 αὐτῶν
781 1239 874 1292 καὶ
904 1241 963 1292 ἐν
991 1242 1057 1309 τῇ
1087 1241 1236 1310 νήσῳ
1266 1239 1803 1311 ὲξορίζουσιν.Ἀλλά

228 1327 289 1395 δὴ
320 1328 404 1380 καὶ
451 1328 616 1381 πάλιν
648 1330 810 1383 αὐτὸν
859 1328 1003 1401 εἶχεν
1042 1332 1159 1386 ἐκεῖ
1190 1332 1470 1402 Ῥωμανὺς
1494 1334 1522 1386 6
1550 1333 1801 1403 βασιλεὺς

227 1419 329 1485 τῶν
356 1420 650 1493 σδμφορῶν
687 1425 1036 1494 παραμύθιον
1069 1425 1164 1479 καὶ
1186 1425 1296 1477 τῶν
1327 1424 1565 1495 θλίψεων
1588 1426 1801 1479 ἁκεσὼ-

230 1512 373 1567 δυνον
400 1516 712 1584 φάρμακον.
746 1517 919 1587 Συνῆν
953 1517 1128 1589 τούτῳ
1158 1516 1253 1571 καὶ
1276 1516 1615 1579 Πολύευκτος
1653 1517 1681 1569 6
1712 1518 1802 1571 εὖ·

229 1605 548 1669 λαεέστατος
572 1608 827 1678 μοναχὸς,
859 1610 928 1663 τὰ
976 1610 1164 1663 εἰκότα
1192 1609 1714 1681 παραμυθούμενος,
1743 1610 1802 1674 ὃς

227 1696 317 1748 τοῦ
347 1698 681 1770 πατριάρχου
733 1699 1115 1769 Θεοφυλάκτου
1177 1702 1601 1773 τελευτήσαντος
1635 1702 1798 1765 αὐτὸς

1903 595 2044 649 Tum
2076 594 2193 648 illi:
2232 592 2501 658 Quidnam
2543 609 2664 646 vero
2684 592 2782 646 sibi
2808 591 2919 644 vult
2966 591 3244 659 utriusque
3295 590 3485 643 discri-

1904 688 2063 742 men?
2122 687 2460 757 rCSpondit:
2512 686 2630 740 Non
2694 702 2807 755 ego,
2873 686 2962 738 sed
3004 684 3173 737 David
3232 684 3489 752 propheta

1904 783 1981 835 ait
2005 782 2033 822 ι)
2066 798 2080 834 :
2110 801 2127 833 ι
2165 780 2316 837 Oculi
2361 781 2575 835 Domini
2600 797 2759 851 super
2788 780 2984 848 justos,
3011 785 3060 830 et
3084 793 3239 831 aures
3274 778 3387 846 ejus
3434 777 3488 827 in

1904 890 2079 944 preces
2111 890 2330 937 eorum;
2378 873 2551 927 vultus
2585 881 2764 926 autent
2800 870 3010 925 Domini
3032 887 3193 941 super
3238 870 3489 939 facientes

1905 966 2074 1028 mala,
2100 975 2157 1020 ut
2183 967 2372 1047 perdat
2412 968 2476 1019 de
2529 976 2672 1019 terra
2701 967 3011 1018 memoriam
3039 963 3195 1035 751
3227 979 3426 1017 eorum.
3466 968 3483 1011 ι

1904 1060 2022 1127 Quo
2043 1060 2233 1115 audito
2264 1060 2346 1115 ira
2385 1060 2598 1129 impleti
2657 1068 2805 1123 sunt,
2844 1059 3169 1128 inibantque
3221 1059 3490 1113 adversus

1904 1168 2030 1207 eum
2078 1153 2395 1207 consilium.
2449 1151 2819 1218 Quamobrem
2872 1152 3036 1204 etiam
3092 1159 3306 1220 patrem
3364 1150 3488 1204 aula

1908 1248 2229 1319 dejecerunt
2272 1247 2439 1317 inque
2490 1246 2729 1301 insulam
2785 1261 2910 1299 eum
2963 1244 3322 1313 relegarunt;
3377 1257 3489 1313 quo

1906 1338 2024 1408 ipso
2056 1338 2179 1392 loco
2229 1335 2510 1392 Romanus
2542 1336 2844 1405 imperator
2868 1350 2936 1389 eo
2994 1350 3188 1388 rursus
3233 1333 3489 1404 tristium

1905 1445 2091 1484 rerum
2126 1443 2613 1496 aerumnarumque
2648 1427 2846 1484 solatio
2867 1426 3131 1481 utebatur
3163 1441 3226 1480 ac
3246 1424 3489 1480 leniente

1905 1521 2174 1577 remedio.
2228 1521 2347 1578 Una
2387 1535 2610 1591 quoque
2666 1519 2991 1575 versabatur
3043 1517 3492 1588 religiosissimus

1904 1612 2214 1667 monachus
2277 1613 2631 1685 Polyeuctus,
2696 1614 2812 1684 ipse
2870 1612 3079 1683 pariter
3133 1610 3487 1665 convenienti

1903 1721 2071 1776 opera
2097 1707 2303 1763 solans.
2350 1708 2452 1763 llic
2484 1708 2774 1773 nimirum,
2806 1707 3220 1777 Theopbylacto
3252 1701 3491 1773 patriar-

228 1789 563 1860 πατριάρχης
594 1793 1217 1857 Κωνσταντινουπόλεως
1244 1795 1348 1848 ὑπὸ
1393 1796 1796 1848 Κωνσταντὶνου

1906 1799 2010 1855 cha
2040 1800 2183 1855 vivis
2223 1811 2500 1871 exempto,
2543 1800 2858 1871 patriarcha
2914 1800 3241 1870 Cpolitanus
3275 1813 3304 1850 a
3332 1794 3487 1850 Con-

227 1879 318 1933 τοῦ
374 1878 637 1950 βασιλέως
690 1884 1124 1955 προχειρίζεται.
1174 1885 1542 1952 Εἰσοικίξεται
1592 1887 1649 1940 δὲ
1704 1887 1801 1941 καὶ

226 1967 374 2036 οὗτος
393 1973 541 2043 παρὰ
567 1974 794 2044 Σεργίου
824 1975 916 2029 τοῦ
948 1978 1243 2048 εἰρημένου
1275 1977 1674 2032 εὐλαϐεστάτου
1700 1996 1801 2050 μο-

225 2063 382 2134 νοιχοῦ
428 2064 695 2137 Ῥωμανῷ
721 2067 798 2137 τῷ
831 2067 1043 2138 βασιλεῖ
1066 2069 1256 2138 τρόπῳ
1306 2069 1516 2139 τοιῷόε⁶
1553 2070 1660 2123 Τοῦ
1697 2088 1803 2123 πα-

224 2157 478 2227 τριάρχου
535 2157 920 2228 Θεοφυλάκτου
957 2160 1051 2214 τοῦ
1084 2162 1200 2215 υἱοῦ
1256 2163 1421 2215 αὐτοῦ
1464 2162 1800 2233 συχνοτέρως

224 2249 519 2313 νοσοῦντος,
540 2251 843 2320 παρεκάλει
878 2251 1160 2323 Ῥωμανὸς
1186 2255 1276 2306 τὸν
1301 2253 1524 2324 Σέργιον
1547 2252 1799 2322 γενέσθαι

222 2343 580 2412 πατριάρχην.
620 2343 679 2396 '0
721 2344 777 2398 δὲ
818 2345 928 2399 ἀπὸ
952 2344 1133 2416 ψυχῆς
1186 2328 1345 2399 τούτο
1387 2348 1800 2418 ἀπαρνούμενος

222 2433 316 2483 ἐπὶ
345 2432 542 2497 πολλὰς
598 2433 812 2505 ἡμέρας
846 2437 1208 2506 ἠναγκάζετο.
1256 2438 1365 2490 Καί
1412 2440 1542 2491 ποτέ
1591 2452 1796 2508 φησιν·

227 2527 393 2593 Ἥκω,
442 2525 728 2589 δέσποτα,
791 2530 842 2581 εὶ
891 2528 1109 2595 θέλεις,
1167 2530 1559 2599 πατριάρχην.
1612 2530 1802 2597 ἄνδρα

222 2615 443 2685 εὐλαϐῆ
473 2617 571 2670 καὶ
617 2619 1084 2686 χρησιμεύοντα,
1118 2617 1279 2672 ἀλλὰ
1307 2619 1435 2687 μὴν
1464 2620 1563 2672 καὶ
1602 2620 1801 2688 σοφὸν

221 2710 308 2773 εἰς
357 2707 471 2777 τὴν
527 2711 810 2778 τοιαύτην
855 2710 1056 2773 ἀξίαν.
1102 2710 1161 2764 '0
1212 2710 1291 2776 δὲ,
1319 2712 1410 2776 "Ac
1441 2710 1546 2763 ἴδω
1589 2709 1797 2764 αὐτόν.

226 2802 482 2872 Ἔρχεται
513 2804 651 2872 μετὰ
699 2802 791 2856 τοῦ
845 2803 1074 2874 Σεργιου
1116 2803 1212 2857 καὶ
1237 2805 1264 2857 6
1297 2803 1636 2867 Πολύευκτος
1657 2820 1670 2834 ·
1707 2805 1799 2856 καὶ

218 2893 293 2957 ὡς
319 2894 564 2962 εἰσῆλθον
594 2896 893 2966 ἀμφότεροι
924 2898 1006 2959 εἰς
1042 2896 1132 2949 τὸν
1168 2896 1413 2967 βασιλέα,
1444 2896 1604 2959 αὐτὸς
1639 2898 1739 2967 μὲν
1771 2899 1800 2949 ὀ

220 2985 470 3053 βασιλεὺς
494 2984 785 3050 καθέζεται
820 2988 913 3040 ἐπὶ
947 2989 1044 3057 τῆς
1078 2987 1290 3057 κλίνης,
1324 2988 1717 3055 συγκαθέζεται
1741 2988 1798 3042 δὲ

217 3078 366 3147 αὐτῷ
398 3080 491 3132 καὶ
524 3081 552 3131 ὀ
585 3080 810 3150 Σέργιος
830 3096 843 3109 ’
872 3079 963 3134 τὸν
983 3081 1038 3133 δὲ
1067 3081 1410 3135 Πολύευκτον
1449 3081 1530 3144 εἰς
1556 3080 1796 3149 σκάμνον

217 3169 495 3226 ἐκάθισαν.
539 3172 751 3244 Ἐρωτᾷ.
772 3174 799 3225 6
829 3171 1083 3242 βασιλεὺς
1132 3176 1403 3247 χρήσιμόν
1432 3194 1484 3230 τι
1516 3177 1793 3246 Γραφικὸν

214 3264 295 3335 τῷ
327 3264 667 3335 Πολυεύκτῳ,
724 3266 943 3320 σκοπῶν
971 3267 1066 3320 ἐπὶ
1097 3267 1159 3320 τὸ
1198 3267 1431 3321 ἀκοῦσαι
1466 3269 1648 3332 ποτῶς
1693 3269 1792 3337 τὴν

213 3357 409 3429 λαλιὰν
440 3358 629 3422 αὐτοῦ,
663 3359 739 3423 ὠς
764 3360 884 3425 ἔθος
915 3364 1027 3424 τοῖς
1051 3360 1384 3432 ἀνθρώποις.
1421 3362 1479 3416 ’0
1501 3363 1574 3429 ζδὲ
1601 3362 1791 3429 ὀξύθυ-

216 3468 319 3521 μος
349 3451 428 3505 ῶν
477 3452 770 3524 αὐστηρῶς
819 3470 938 3517 πως
983 3457 1078 3507 καὶ
1104 3456 1489 3524 ἀποφαντικῶς
1518 3456 1789 3526 ἀπεκρίθη

209 3543 444 3615 τραχείᾳ
476 3549 541 3616 τῇ
574 3550 726 3617 φωνῇ
753 3563 766 3576 ·
831 3550 884 3601 '0
914 3544 1304 3615 καθεζόμενος
1350 3547 1502 3615 μετὰ
1539 3545 1650 3613 τῆς
1674 3547 1792 3611 ,ϐα-

208 3634 449 3701 σιλείας
469 3653 585 3690 σου
608 3638 680 3690 ἐν
705 3636 783 3705 τῇ
799 3639 981 3706 κλίνῃ
1007 3653 1125 3693 σου
1142 3639 1570 3709 ἑρμηνευσάτω
1584 3639 1788 3705 αὐτός.

211 3727 324 3781 Καὶ
348 3729 376 3780 6
403 3728 503 3798 μὲν
531 3729 781 3797 βασιλεὺς
807 3730 966 3794 εὐθὺς
1000 3732 1090 3784 τὸν
1118 3731 1277 3799 λόγον
1306 3732 1381 3796 ὼς
1411 3732 1608 3800 φθόνου
1638 3732 1793 3801 βέλος

206 3820 270 3875 ἐν
284 3823 352 3892 τῇ
381 3822 579 3893 καρδίᾳ.
599 3823 889 3895 δεξάμενος
908 3841 922 3854 ·
953 3825 984 3878 6
1016 3826 1075 3878 δὲ
1118 3824 1430 3895 μακαρίτης
1454 3826 1679 3896 Σέργιος
1710 3824 1792 3896 τῷ

204 3914 428 3983 φυσικῷ
481 3918 789 3985 φρονήματι
841 3918 933 3970 τον
986 3918 1143 3985 λόγον
1197 3918 1551 3987 ύπαμϐλῦναι
1621 3917 1791 3971 θέλων

204 4008 395 4077 ῥίπτει
426 4008 618 4061 ἑαυτὸν
642 4011 719 4071 εἰς
756 4012 881 4069 τοὺς
910 4011 1077 4074 πόδας
1110 4010 1471 4075 Πολυεύκτου,
1507 4010 1637 4072 καὶ,
1675 4006 1791 4064 Εὗ-

203 4100 306 4161 ξαι
344 4099 496 4165 ὑπὲρ
549 4101 719 4169 ἐμοῦ.
773 4102 959 4170 πάτερ
990 4102 1141 4171 ἅγιε,
1170 4103 1338 4169 λέγει,
1376 4102 1465 4155 ὅτι
1497 4102 1795 4168 τοσαύτας

205 4191 441 4261 ἡμέρας
468 4192 742 4247 ἀτακτῶν
763 4197 876 4248 οὐκ
898 4195 1274 4264 ᾐσθανόμην.
1306 4194 1409 4247 Τοῦ
1442 4194 1498 4249 δὲ
1530 4194 1793 4265 βασιλέως

205 4285 549 4355 πυθομένου-
567 4287 669 4340 Διὰ
687 4288 745 4340 τί
768 4288 956 4353 οὕτως
971 4289 1267 4355 ἐποίησας
1289 4305 1307 4353 ;
1327 4289 1451 4358 ἔφη,
1472 4289 1591 4342 Ὅτι
1609 4290 1795 4355 οὕτως

202 4376 443 4445 osseus:
461 4379 656 4432 ποιεῖν
692 4383 725 4433 ὁ
753 4379 1213 4448 προϊστάμενος,
1239 4382 1337 4435 καὶ
1366 4381 1636 4450 μάλιστα
1672 4384 1795 4435 Ἑκο

1902 1893 2150 1948 stantino
2201 1892 2537 1963 imperatore
2586 1892 2909 1962 praeﬁcitur.
2968 1891 3111 1957 Quin
3143 1889 3235 1943 hic
3266 1901 3487 1958 quoque

1903 1999 1932 2038 a
1960 1985 2176 2055 Sergio,
2207 2000 2372 2055 quem
2417 1985 2691 2048 dicebam,
2739 1982 3155 2054 religiosissima
3190 1979 3487 2041 monacho.

1901 2092 2002 2146 per
2036 2077 2184 2131 hunc
2212 2077 2436 2132 modum
2466 2076 2716 2131 Romano
2773 2074 3097 2145 imperatori
3151 2071 3485 2126 insinuatur.

1902 2167 2311 2239 Theophylacto
2338 2168 2570 2222 Romani
2598 2167 2709 2221 lilio
2729 2166 2982 2222 crebrius
3000 2164 3285 2219 laborante
3313 2176 3488 2232 :egra-

1902 2275 2011 2330 que
2064 2260 2235 2315 nimis
2284 2260 2623 2323 valetudine,
2683 2257 2911 2328 rogabat
2972 2256 3063 2309 ille
3117 2253 3368 2323 Sergium
3429 2263 3489 2307 ut

1902 2352 2232 2423 patriarcha:
2263 2367 2466 2406 munus
2488 2351 2674 2404 iniret.
2710 2350 2811 2403 lllo
2839 2358 3025 2402 tamen
3054 2354 3280 2400 strenue
3308 2359 3486 2412 exque

1902 2444 2089 2497 animo
2119 2450 2435 2506 recusante,
2465 2441 2533 2496 ad
2555 2440 2763 2494 multos
2796 2440 2918 2493 dies
2964 2438 3084 2507 ejus
3112 2443 3319 2489 tentata
3355 2449 3488 2488 con-

1903 2536 2104 2589 stantia
2150 2540 2256 2589 est.
2292 2534 2491 2604 Aitque
2528 2532 2748 2587 tandem
2798 2548 2812 2585 :
2855 2530 2913 2586 Si
2951 2529 3144 2600 placet,
3171 2528 3484 2597 imperator,

1903 2628 2263 2697 patriarcham
2287 2627 2469 2691 habeo,
2503 2627 2675 2680 uirum
2699 2624 3001 2695 religiosum
3028 2622 3483 2691 commodumque,

1900 2719 1993 2773 sed
2040 2728 2089 2772 ct
2123 2720 2387 2790 sapientia
2419 2717 2728 2788 pollentem,
2782 2723 2988 2787 quanta
3030 2730 3095 2767 ea:
3140 2712 3278 2768 sedis
3327 2712 3486 2778 huius

1903 2813 2197 2865 rationibus
2238 2819 2333 2865 est.
2386 2810 2485 2865 Cui
2518 2811 2803 2865 Romanus
2840 2826 2852 2862 :
2888 2806 3079 2873 Quaeso
3110 2814 3179 2866 te,
3220 2804 3486 2859 hominem

1901 2903 2125 2958 videam.
2156 2903 2318 2958 Venit
2363 2905 2548 2972 itaque
2600 2917 2727 2957 cum
2783 2900 2974 2972 Sergio
3021 2907 3078 2954 et
3130 2898 3483 2969 Polyeuctus;

1901 3010 2139 3066 cumque
2190 2996 2353 3051 ambo
2409 2994 2477 3049 ad
2537 2995 2928 3064 imperatorem
2990 2989 3222 3064 ingressi
3273 2996 3483 3049 essent,

1902 3088 2019 3158 ipse
2053 3087 2277 3158 quidem
2300 3089 2608 3159 imperator
2633 3089 2686 3141 in
2718 3086 2922 3142 lectulo
2948 3086 3113 3149 sedit,
3147 3084 3487 3154 Sergiusque

1900 3195 2007 3234 una
2040 3195 2165 3234 eum
2196 3180 2289 3234 illo
2320 3179 2592 3235 consedit.
2627 3179 2962 3250 Polyeuctus
2988 3178 3041 3230 in
3064 3176 3306 3232 scabello
3328 3190 3485 3229 seor-

1894 3284 2017 3323 sum
2048 3269 2244 3324 sedere
2278 3270 2487 3340 jussus.
2518 3267 2660 3324 Tum
2696 3276 2851 3339 rogat
2895 3268 3199 3336 imperator
3232 3280 3485 3320 commo~

1894 3359 2025 3415 dum
2058 3360 2268 3430 aliquid
2298 3376 2365 3414 ex
2400 3359 2706 3429 Scriptura,
2748 3374 2815 3414 eo
2864 3365 3118 3428 spectans
3171 3366 3229 3411 ut
3276 3363 3483 3426 quanta

1892 3455 2015 3525 ejus
2077 3453 2301 3508 dicendi
2349 3452 2584 3507 facultas
2637 3456 2726 3506 vel
2750 3466 2940 3521 parum
2973 3449 3163 3504 auditu
3197 3450 3480 3519 experire;

1894 3556 2007 3613 tur,
2042 3546 2124 3602 uti
2154 3545 2273 3601 fere
2305 3546 2591 3602 hominum
2626 3544 2877 3599 moribus
2937 3552 3319 3613 comparatum
3370 3551 3478 3597 est.

1894 3642 2032 3696 Tum
2057 3641 2149 3696 ille
2184 3640 2265 3695 ira
2294 3640 2453 3695 velox
2487 3647 2710 3694 austere
2764 3634 3177 3706 quodammodo
3224 3650 3288 3689 ac
3320 3649 3478 3689 reso-

1892 3736 2007 3790 lute
2040 3750 2178 3790 voce
2204 3749 2399 3803 aspera
2427 3749 2442 3787 :
2477 3732 2576 3796 Qui
2606 3739 2773 3784 tecum
2808 3729 2863 3782 in
2898 3726 3089 3782 lectulo
3118 3728 3283 3793 sedet,
3311 3728 3480 3797 impe-

1894 3838 2065 3893 rator,
2100 3828 2145 3880 is
2175 3828 2574 3896 interpretetur.
2610 3822 2774 3892 752
2800 3820 2876 3875 Ac
2903 3821 3126 3889 quidem
3179 3819 3483 3890 imperator

1895 3937 1995 3976 ceu
2037 3919 2546 3989 invidiiejaculum,
2596 3915 2744 3984 quod
2773 3915 2854 3967 sic
2889 3913 2979 3967 ille
3005 3914 3226 3967 locutus
3249 3919 3389 3973 erat,
3424 3911 3482 3965 in

1895 4011 2062 4067 corde
2090 4009 2323 4079 accepit.
2359 4009 2539 4062 Beata:
2564 4020 2696 4061 vero
2738 4005 3014 4059 memoria:
3045 4003 3291 4073 Sergius,
3318 4010 3485 4056 natu-

1896 4105 1994 4158 rali
2026 4103 2253 4158 solertia
2281 4099 2760 4169 humanitatisque
2791 4113 2954 4153 sensu
2982 4097 3197 4151 mollire
3226 4106 3480 4164 satagens

1896 4196 2042 4267 quod
2074 4197 2147 4251 ita
2171 4194 2473 4258 exciderat,
2499 4192 2566 4247 ad
2617 4191 2897 4263 Polyeucti
2951 4205 3008 4244 se
3052 4187 3222 4259 pedes
3265 4186 3479 4257 abjicit,

1896 4290 2080 4360 aitque
2128 4308 2141 4343 :
2179 4287 2286 4342 Ora
2316 4302 2410 4357 pro
2472 4301 2576 4349 me,
2634 4283 2810 4338 Pater
2848 4290 3049 4346 sancte,
3096 4279 3235 4351 quod
3294 4278 3482 4331 tandiu

1896 4384 2252 4454 incompositis
2282 4381 2512 4436 moribus
2544 4394 2624 4433 me
2647 4379 2756 4448 ipse
2785 4394 2887 4430 non
2916 4375 3153 4445 cognovi.
3182 4374 3481 4428 Perconta-

196 4471 495 4537 κλησιάς,
530 4472 629 4523 καὶ
654 4472 739 4540 μὴ
770 4473 920 4527 κατὰ
948 4475 1471 4542 προσωποληψίαν
1504 4492 1556 4527 τι
1574 4472 1791 4529 ποιεῖν.

1901 4484 1990 4529 tur
2016 4477 2315 4545 imperator
2341 4490 2440 4529 cur
2484 4473 2555 4526 ita
2588 4486 2647 4526 se
2687 4470 2943 4541 gesserit.
2998 4469 3077 4523 Ad
3131 4481 3296 4536 quem
3334 4464 3425 4518 ille
3462 4481 3476 4518 :

202 4562 446 4625 Ἔκτοτε
489 4561 582 4614 οὖν
613 4564 713 4616 οὐκ
752 4562 977 4633 ἐπείσθη
1031 4567 1089 4617 ὲν
1118 4566 1184 4635 τῇ
1217 4563 1374 4633 κλίνῃ
1401 4561 1493 4615 τοῦ
1526 4561 1789 4632 βασιλέως

192 4656 259 4706 τὸ
297 4654 528 4707 σύνολον
559 4656 913 4725 καθεσθῆναι.

1900 4567 2053 4632 Quod
2087 4570 2130 4621 is
2156 4569 2246 4637 qui
2295 4576 2503 4637 praeest,
2545 4582 2600 4619 se
2632 4566 2709 4618 ita
2747 4580 2927 4634 gerere
2952 4562 3117 4625 debet,
3167 4577 3230 4613 ac
3257 4573 3453 4630 preser

1898 4661 1993 4714 tim
2037 4661 2127 4730 qui
2180 4658 2429 4713 Ecclesia:
2475 4658 2786 4729 prmpositus
2841 4666 2956 4719 est;
3008 4671 3111 4707 non
3176 4652 3479 4723 acceptione

188 4764 560 4818 personarum
585 4747 786 4819 aliquid
809 4766 987 4821 agere.
1015 4749 1204 4819 Exque
1243 4764 1311 4804 eo
1344 4757 1593 4819 tempore
1643 4763 1926 4819 nunquam
1954 4752 2180 4822 Sergius
2238 4749 2439 4805 adduci
2506 4750 2688 4819 potuit
2756 4756 2819 4803 ut
2889 4748 2943 4800 in
2996 4744 3345 4816 imperatoris
3395 4742 3479 4797 le-

186 4841 361 4898 ctulo
391 4840 634 4896 sederet.

269 4931 383 5002 νγ’.
416 4934 689 5003 Στέφανος
720 4935 898 4992 τοίνυν
924 4935 950 4987 ὁ
980 4934 1094 4998 υἱὸς
1153 4932 1435 5003 Ῥωμανοῦ
1476 4933 1791 4995 ἐπαναστὰς

184 5024 276 5094 τῷ
315 5026 515 5092 πατρὶ,
540 5022 865 5093 συμϐούλοις
894 5040 952 5075 τε
985 5023 1330 5093 χρησάμενος
1360 5022 1437 5092 τῷ
1469 5041 1529 5076 τε
1552 5023 1661 5076 ἀπὸ
1696 5040 1791 5093 μο-

179 5118 392 5188 ναχῶν
422 5117 692 5188 Μαριανῷ
726 5116 821 5170 καὶ
848 5116 1111 5184 Βασιλείῳ
1130 5114 1212 5188 [Ρ.
1249 5116 1376 5189 494]
1407 5116 1486 5187 τῷ
1512 5116 1791 5185 λεγομένῳ

181 5208 455 5278 Πετεινῷ
479 5210 572 5261 καὶ
594 5208 851 5276 Μανουὴλ
869 5206 947 5276 τῷ
969 5208 1272 5278 Κούρτικῃ,
1299 5207 1616 5259 συνειδότων
1642 5203 1791 5274 αὐτῷ

176 5302 295 5355 καὶ
352 5300 463 5352 τῶν
513 5299 719 5352 λοιπῶν
766 5297 1049 5369 βασιλέων,
1091 5298 1215 5352 ἐπεὶ
1270 5298 1464 5367 μακρῷ
1509 5298 1654 5369 γήρᾳ
1694 5297 1790 5351 καὶ

176 5391 350 5461 νόσῳ
403 5390 740 5461 τρυχόμενον
793 5387 955 5453 εἶδεν,
983 5390 1077 5444 καὶ
1122 5388 1189 5443 τὰ
1216 5391 1315 5459 τῆς
1350 5388 1628 5460 βασιλείας
1651 5388 1791 5442 κατὰ

173 5481 480 5551 διαθήκας
516 5480 1050 5553 ἀπακριόωσάμενον
1080 5480 1198 5551 (καὶ
1220 5480 1430 5535 ἄνακτα
1452 5480 1668 5551 πρῶτον
1695 5480 1788 5532 τὸν

179 5573 730 5649 Πορφυρογέννητον
769 5576 1178 5630 Κωνσταντῖνον
1232 5574 1664 5644 προσδιωρίσατο
1690 5575 1786 5627 καὶ

270 5754 307 5797 δ
352 5753 509 5811 Psal.
538 5768 734 5818 tum,
762 5752 851 5807 16.

1969 4929 2057 4983 55.
2113 4928 2427 4998 Stephanus
2465 4926 2632 4996 igitur
2683 4923 2913 4980 Romani
2970 4923 3112 4977 illius
3168 4924 3223 4977 in
3263 4932 3475 4993 patrem

1899 5022 2220 5089 insurgens.
2253 5018 2632 5088 adhibitisque
2665 5018 2722 5072 in
2774 5017 3069 5072 consilium
3106 5016 3349 5069 Mariano
3384 5031 3479 5070 ex-

1901 5112 2173 5166 monacbo
2202 5120 2259 5166 et
2307 5110 2512 5165 Basilio
2568 5116 2933 5180 cognomento
2984 5105 3200 5169 Petino,
3260 5121 3479 5161 necnon

1900 5202 2148 5257 Manuele
2184 5202 2428 5268 Curtice,
2455 5201 2696 5257 consciis
2726 5199 2893 5254 etiam
2930 5198 3162 5268 reliquis
3191 5197 3480 5267 Augustis.

1899 5295 2045 5365 quod
2086 5296 2237 5366 gravi
2268 5294 2461 5349 morbo
2494 5309 2558 5349 ac
2587 5294 2742 5348 senio
2779 5291 3043 5347 detritum
3078 5306 3202 5345 cum
3240 5280 3483 5344 videret.

1903 5403 1967 5444 ac
1994 5390 2086 5457 qui
2124 5387 2440 5443 testamenti
2498 5386 2704 5441 tabulis
2735 5399 2825 5439 res
2868 5381 3087 5453 imperii
3142 5366 3480 5441 ordinasse}.

1900 5481 2250 5552 primumque
2281 5480 2671 5549 imperatorem
2705 5475 3131 5532 Constantinum
3161 5474 3481 5546 Porphyro-

1899 5583 2197 5646 gcnnetum
2231 5573 2537 5640 statuisset,
2567 5583 2793 5645 tumque
2836 5573 3098 5643 deinceps
3153 5570 3295 5627 ﬁlios
3343 5584 3471 5629 suos
