3996 6208
296 326 403 389 821

1040 326 1413 387 ANNALES.
1431 350 1501 363 τ·-
1534 326 1903 388 ROMANUS

2008 325 2357 395 )NSTANT.
2399 332 2775 394 PORPHYR.
2816 334 2883 393 F.

3457 330 3563 393 822

306 438 529 506 ραν-λίϐα
543 437 637 493 καὶ
661 438 848 493 στάσιν
860 434 951 489 τοῦ
980 437 1246 507 ἁντάρτου
1279 438 1609 509 Μωροθωμᾶ
1624 438 1709 510 [Ρ.
1744 436 1869 509 498]
1901 490 1903 496 λ

2009 441 2283 496 xstiterat.
2330 443 2630 497 Fluxerant
2674 442 2804 496 anni
2854 456 2919 495 ex
2959 457 3072 511 quo
3103 443 3223 512 ejus
3273 443 3351 495 illi
3400 443 3565 510 potiti

304 528 398 581 τοῦ
437 528 738 597 συντρόφου
781 529 1019 599 Μιχαὴλ,
1069 528 1147 592 ὡς
1203 529 1455 597 γενέσθαι
1518 530 1620 601 τήν
1681 531 1883 599 ταύτης

324 620 490 687 νήσου
521 619 809 687 κράτησιν,
836 619 939 683 ἕως
980 620 1307 690 τῆςήμέρας
1329 615 1395 691 ἧς
1426 621 1585 675 πάλιν
1608 620 1879 691 ὲπορθήθη

306 709 459 777 παρὰ
486 710 796 780 Νικηφόρου
849 709 1149 781 μαγίστρου
1188 712 1281 765 καὶ
1320 711 1638 778 δομεστίκου
1660 712 1881 766 Φωκᾶη

305 800 401 870 ἔτη
460 806 596 869 ρνη’.
658 801 933 870 ’Υπῆρχον
985 801 1041 854 δὲ
1073 802 1323 872 χελάνδια
1389 803 1528 871 μετὰ
1564 802 1658 855 τοῦ
1714 801 1884 873 ὑγροῦ

312 894 488 963 πυρὸς
552 891 619 961 ,β,
683 893 957 964 δρόμωνες
1008 912 1076 961 .α,
1136 894 1380 966 καράβια
1448 896 1745 969 καματηρὰ
1802 913 1886 949 σι-

308 988 469 1055 τὰριν
500 986 697 1055 ἔχοντα
729 987 821 1039 καὶ
851 988 992 1039 ὅπλα
1016 987 1284 1057 πολεμικὰ
1344 986 1441 1051 τε.
1509 988 1750 1057 Ἀπάρας
1796 982 1888 1040 οὖν

309 1077 411 1145 τῆς
441 1076 709 1146 βασιλίδος
732 1079 1087 1149 Νικηφόροςό
1113 1080 1448 1147 δομέστικος,
1482 1079 1577 1131 καὶ
1595 1076 1889 1145 ταΦύγελα

309 1169 659 1234 καταλαὸὼν,
696 1170 1007 1239 ἐφρόντιζεν
1054 1172 1198 1234 ὅπως
1224 1173 1254 1225 ό
1283 1170 1504 1240 σύμπας
1534 1170 1718 1232 στόλος
1744 1168 1890 1239 αύτῷ

310 1262 409 1315 ἐπὶ
432 1262 493 1315 τὸ
521 1262 654 1315 αὐτὸ
675 1262 761 1332 εἴη
787 1264 883 1315 καὶ
906 1262 1349 1337 προσορμίξοιτο.
1384 1262 1598 1333 Σπουδῇ
1649 1256 1743 1315 οὖν
1791 1260 1891 1330 τὴν

312 1353 481 1423 νῆσον
508 1354 1021 1424 καταλαμϐάνουσιν
1045 1373 1059 1386 ·
1108 1358 1203 1409 καὶ
1252 1355 1571 1409 ἀποϐάντων
1602 1355 1710 1408 τῶν
1752 1354 1889 1407 νεῶν

313 1442 541 1513 χάρακα
574 1444 668 1497 καὶ
702 1445 910 1516 τάφρον
938 1445 1158 1513 βαθεῖαν
1209 1444 1640 1498 κατεσκεύασαν.
1677 1443 1892 1496 Τούτων

312 1534 489 1597 οὔτως
519 1535 1128 1607 παρακαθεζομένωντῇ
1161 1537 1330 1611 νήσῳ,
1364 1536 1456 1589 καὶ
1510 1535 1739 1604 ἀπείρου
1789 1549 1894 1604 χει-

318 1626 501 1696 μῶνος
536 1628 626 1679 καὶ
649 1626 806 1679 ὑετοῦ
831 1627 923 1680 καὶ
952 1626 1152 1697 κρύους
1186 1628 1503 1696 γενομένου,
1546 1628 1639 1679 καὶ
1672 1625 1780 1677 τῶν
1809 1642 1894 1676 σι-

312 1717 450 1771 τίων
472 1717 909 1787 δαπανηθέντων,
944 1718 1458 1789 καταναρκήσαντες
1505 1718 1555 1769 οί
1594 1716 1699 1770 τοῦ
1728 1733 1893 1785 στρα-

315 1805 415 1860 τοῦ
444 1807 627 1859 οἴκαδε
657 1806 1037 1877 ἠϐουλήθησαν
1083 1807 1441 1877 ἀναστρέψαι.
1473 1808 1531 1859 Ὀ
1566 1806 1622 1860 δὲ
1667 1804 1895 1859 συνετώ-

314 1916 483 1962 τατος
510 1900 825 1970 Νικηφόρος
870 1902 963 1954 καὶ
1004 1901 1131 1966 δοὺξ
1178 1904 1245 1971 τῇ
1288 1900 1403 1954 τῶν
1451 1899 1624 1967 λόγων
1673 1898 1895 1968 ἡδύτητι

317 1989 548 2052 τούτους
580 1989 862 2061 κατέσχεν.
878 1990 1084 2045 Μαθὼν
1109 1987 1203 2045 οὖν
1231 1993 1259 2043 ὁ
1285 1990 1536 2060 βασιλεὺς
1556 1990 1654 2059 τὴν
1691 1988 1897 2041 ἔνδειαν

316 2080 419 2133 τοῦ
451 2081 683 2148 στρατοῦ
716 2083 1063 2153 ἐπισιτισμὸν
1120 2083 1387 2137 παντοίων
1450 2082 1667 2153 τροφῶν
1717 2081 1898 2144 αὐτοῖς

315 2170 664 2228 ἀπέστειλεν.
693 2173 846 2226 Κατὰ
877 2173 933 2226 δὲ
990 2173 1082 2226 τὸν
1138 2174 1379 2244 Μάρτιον
1439 2173 1585 2242 μῆνα
1649 2171 1888 2240 πολέμου

320 2261 683 2332 κροτηθέντος
716 2264 947 2333 σφοδροῦ
980 2266 1071 2318 καὶ
1126 2267 1398 2336 καρτερᾶς
1456 2264 1639 2335 μάχης
1672 2263 1902 2334 γενομέ-

320 2370 430 2423 νης
470 2353 773 2424 παρέλαϐον
794 2356 845 2408 οἱ
894 2356 1145 2427 Ῥωμαῖοι
1174 2355 1233 2409 τὸ
1261 2357 1517 2426 κάστρον.

402 2444 470 2511 τ’.
512 2444 781 2516 Ἐνδὲτῷ
819 2447 1135 2519 ὀκτωδρίφ
1164 2447 1295 2517 μηνὶ
1347 2447 1442 2500 τοῦ
1499 2445 1542 2518 β’
1596 2444 1750 2509 ἔτους
1805 2446 1907 2515 τῆς

324 2535 608 2608 βασιλείας
651 2538 935 2608 Ῥωμανοῦ
964 2538 1181 2607 ἐγένετο
1204 2539 1381 2608 σπάνη
1442 2538 1592 2591 σίτου
1639 2538 1733 2590 καὶ
1782 2554 1905 2606 κρι-

323 2630 432 2697 θῆς
454 2629 512 2682 ἰν
533 2632 600 2698 τῇ
638 2630 790 2683 πόλει
810 2647 825 2660 ’
855 2631 1070 2701 ἐπράθη
1099 2631 1209 2700 γὰρ
1239 2632 1267 2683 ὁ
1296 2632 1438 2693 σῖτος
1498 2628 1576 2698 τῷ
1614 2628 1906 2697 νομίσματι

326 2720 504 2791 μόδιοι
534 2721 597 2787 δ’,
628 2723 661 2792 ἡ
687 2722 742 2775 δὲ
766 2722 927 2792 κριθὴ
984 2721 1154 2791 μόδιοι
1175 2720 1250 2786 ς’.
1285 2723 1358 2774 Οὐ
1409 2721 1573 2784 πολὺς
1595 2719 1691 2773 οὖν
1720 2719 1907 2790 χρόνος

326 2812 601 2884 παρῆλθε,
629 2813 723 2869 καὶ
751 2815 909 2879 εὐθὺς
936 2814 1169 2883 γέγονεν
1217 2815 1246 2867 ό
1297 2815 1443 2877 σῖτος
1493 2813 1666 2883 μόδιοι
1687 2809 1759 2881 η’,
1792 2812 1827 2879 ή
1852 2811 1908 2863 δὲ

326 2903 495 2975 κριθὴ
529 2905 703 2975 μόδιοι
735 2906 821 2975 ιβ’.

404 2992 465 3048 δ’.
504 2993 593 3065 Τῷ
621 2995 681 3047 δὲ
729 2994 963 3065 Μαρτίῳ
1003 2994 1137 3065 μηνὶ
1168 2994 1519 3066 κατηγορήθη
1560 2993 1835 3058 Βασίλειος
1881 2994 1919 3045 ό.

1986 539 2170 595 erant,
2201 548 2374 602 usque
2412 533 2541 587 dum
2572 533 2772 587 iterum
2801 547 2831 585 a
2866 531 3177 601 Nicephoro
3214 532 3475 602 magistro
3505 547 3569 585 ac

1987 620 2290 679 domestico
2307 634 2614 694 expugnata
2629 636 2733 687 est,
2756 631 2978 679 centum
3001 624 3395 695 quinquaginta
3420 634 3566 678 octo.

1989 713 2160 767 Erant
2188 714 2479 769 chelandia
2502 716 2523 786 (
2548 717 2630 771 sic
2670 716 2816 770 dicta
2849 714 3053 771 Graecis
3088 716 3344 786 navigia)
3379 717 3569 770 Graeco

1990 802 2115 871 igne
2152 802 2423 858 instructa
2454 804 2565 858 duo
2612 805 2803 870 millia,
2848 804 3065 860 celoces
3092 806 3264 869 mille,
3299 804 3571 859 oneraria:

1989 908 2264 949 annonam
2321 895 2697 950 convehentes
2742 903 2800 949 et
2848 912 3001 950 arma
3058 895 3256 951 bellica
3312 903 3571 950 trecenta:

1991 983 2293 1053 sexaginta.
2320 984 2551 1039 Solvens
2592 984 2779 1054 itaque
2816 985 3076 1055 Byzantio
3106 986 3450 1054 Nicephorus
3474 986 3573 1040 do-

1990 1077 2257 1132 mesticus
2295 1086 2351 1132 ct
2384 1078 2618 1149 Phygela
2666 1077 2896 1133 veniens
2940 1079 3044 1132 hoc
3082 1080 3316 1133 maxime
3358 1078 3575 1133 studuit

1991 1168 2251 1237 omnique
2283 1185 2416 1224 cura
2442 1170 2638 1223 enixus
2664 1178 2775 1233 est,
2809 1179 2869 1224 ut
2907 1170 3087 1223 omnis
3110 1169 3274 1239 759
3302 1170 3353 1225 ei
3382 1171 3573 1225 classis

1993 1272 2104 1313 uno
2127 1258 2344 1329 agmine
2376 1268 2632 1315 conserta
2664 1268 2809 1314 esset
2847 1275 2911 1314 ac
2938 1260 3261 1329 appelleret.
3293 1260 3573 1315 Festinato

1995 1349 2177 1419 itaque
2205 1350 2413 1420 impetu
2441 1350 2708 1406 invadunt
2736 1351 2990 1415 insulam,
3029 1351 3371 1420 navibusque
3410 1350 3572 1404 eﬂusi

1994 1441 2197 1496 vallum
2250 1451 2502 1499 statuunt
2544 1444 2825 1514 altumque
2868 1459 3151 1514 aggerem.
3194 1443 3444 1512 Cumque
3493 1442 3573 1510 sic

1995 1532 2188 1588 insula:
2231 1534 2565 1603 assiderent,
2624 1535 3001 1606 immensaque
3051 1535 3248 1591 hiemis
3295 1535 3378 1589 vis
3410 1543 3573 1607 atque

1995 1625 2195 1694 pluvia:
2222 1627 2457 1697 geluque
2486 1628 2879 1698 ingrueret,ac
2916 1627 3022 1682 cibi
3059 1626 3333 1696 absumpti
3367 1636 3572 1689 essent,

1996 1717 2352 1786 obtorpentes
2373 1719 2578 1774 milites
2591 1719 2814 1773 domum
2832 1718 3015 1775 redire
3037 1718 3368 1788 cogitabant.
3384 1718 3573 1772 Enim-

1999 1822 2129 1861 vero
2168 1808 2573 1863 solertissimus
2605 1810 2690 1862 vir
2727 1809 3079 1877 Nicephorus
3115 1819 3279 1878 atque
3308 1808 3419 1862 dux
3450 1825 3573 1862 ver—

1997 1897 2193 1951 borum
2224 1899 2503 1953 lenocinio
2538 1899 2593 1954 in
2626 1898 2827 1953 castris
2855 1898 3113 1953 detinuit.
3141 1900 3314 1952 Porro
3343 1898 3579 1966 impera—

1998 1992 2105 2055 tor,
2135 1991 2357 2061 cognita
2381 2006 2487 2060 qua
2519 1990 2793 2044 laboraret
2817 1989 3095 2044 exercitus
3124 1988 3374 2058 penuria,
3399 1987 3579 2045 Omnis

1997 2080 2214 2150 generis
2241 2080 2519 2151 cepiosam
2548 2095 2823 2135 annonam
2854 2078 3120 2147 cibosque
3142 2078 3224 2133 eis
3256 2077 3576 2133 destinavit.

1999 2172 2182 2227 Mense
2225 2182 2410 2227 autem
2446 2172 2660 2237 Martio,
2692 2171 2804 2227 acri
2848 2179 3099 2231 coiiserta
3133 2186 3311 2241 pugna
3338 2169 3579 2238 bellique

2002 2264 2286 2329 instantia,
2309 2274 2468 2335 capta
2499 2281 2529 2318 a
2571 2263 2834 2319 Romanis
2863 2263 3097 2317 munitio
3122 2270 3227 2318 est.

2074 2466 2127 2517 '5.
2162 2462 2345 2517 Mense
2391 2461 2615 2517 Octobri
2658 2460 3002 2529 insequentis
3038 2459 3166 2514 anni
3202 2456 3430 2512 secundi
3478 2456 3579 2509 im-

2005 2555 2144 2623 perii
2165 2553 2396 2608 Romani
2423 2553 2654 2623 penuria
2677 2552 2847 2607 tritici
2877 2562 3042 2621 atque
3060 2550 3253 2605 hordei
3286 2550 3341 2603 in
3361 2547 3585 2604 civitate

2006 2645 2129 2708 fuit,
2186 2644 2323 2699 adeo
2366 2654 2429 2699 ut
2472 2644 2689 2699 veniret
2733 2642 2979 2698 triticum
3033 2641 3364 2695 numismate
3412 2636 3582 2691 modii

2006 2744 2262 2804 quatuor,
2295 2734 2565 2790 hordeum
2602 2749 2729 2789 vero
2759 2732 2930 2787 modii
2971 2746 3087 2787 sex.
3117 2730 3273 2785 Haud
3301 2744 3432 2784 vero
3460 2729 3584 2783 lon-

2008 2841 2136 2896 gum
2166 2826 2477 2883 intercessit
2506 2834 2742 2895 tempus,
2779 2838 2908 2879 curn
2939 2822 3124 2878 statim
3157 2821 3381 2876 minute-7
3406 2819 3585 2890 pretio

2012 2916 2255 2973 triticum
2278 2916 2448 2971 modii
2479 2924 2631 2981 octo,
2662 2914 2931 2969 hordeum
2962 2912 3257 2967 duodecim
3281 2911 3477 2966 veniit.

2079 3010 2133 3063 4.
2176 3008 2357 3064 Mense
2389 3009 2581 3063 Martio
2613 3007 2828 3063 delatus
2862 3015 2949 3061 est
2987 3004 3223 3059 Basilius
3252 3004 3483 3058 Petinus
3524 3008 3587 3055 ut

330 3090 587 3151 Πετεινδς
644 3088 927 3143 ύπότινων
970 3090 1045 3151 ὡς
1097 3089 1195 3160 τῆς
1247 3088 1523 3158 βασιλείας
1575 3087 1860 3156 ἐφιέμενος
1890 3103 1903 3117 ·

2008 3099 2101 3168 qui
2130 3099 2419 3167 imperium
2452 3098 2688 3152 ambiret
2723 3114 2740 3162 ;
2787 3096 3098 3164 missusque
3130 3095 3187 3149 in
3220 3093 3477 3149 exsilium
3509 3090 3593 3145 ibi-

331 3182 487 3244 ὅστις
510 3184 569 3235 ἐν
593 3181 777 3252 saepe;
827 3180 1220 3253 παρεπέμφθη,
1238 3182 1296 3233 ἑν
1425 3180 1521 3232 καὶ
1564 3178 1811 3247 τελευτᾷ.
1854 3177 1923 3229 '0-

328 3274 393 3328 δὲ
420 3275 673 3345 βασιλεὺς
706 3272 893 3344 μαθὼν
913 3273 1012 3343 τὴν
1056 3275 1156 3342 τῆς
1193 3271 1417 3344 Κρήτης
1466 3270 1666 3325 ἅλωσιν
1700 3270 1913 3336 ὲδόξασε

330 3369 429 3421 τὸν
456 3368 613 3422 Θεὸν.
634 3366 768 3422 Μετ’
799 3366 861 3419 ού
893 3364 1027 3419 πολὺ
1065 3365 1123 3419 δὲ
1149 3365 1244 3419 καὶ
1264 3365 1294 3417 ό
1320 3364 1640 3435 δομέστικος
1660 3363 1770 3415 τῶν
1795 3378 1915 3430 σχοσ

331 3459 445 3513 λῶν
473 3458 783 3529 Νικηφόρος
800 3456 1046 3511 κελεύσει
1066 3455 1157 3510 τοῦ
1182 3454 1443 3525 βασιλέως
1476 3456 1610 3525 πρὸς
1626 3454 1726 3523 τὴν
1753 3454 1922 3507 πόλιν

334 3549 610 3622 εἰσῆλθεν,
631 3549 728 3603 καὶ⁹
746 3547 886 3619 μετὰ
902 3549 1011 3603 τῶν
1040 3546 1297 3618 λαφύρων
1316 3547 1521 3615 καὶτῆς
1539 3544 1915 3616 αἰχμαλωσίας

334 3639 470 3712 ἦλθε
500 3641 641 3712 πεζῇ
665 3640 773 3696 ἀπὸ
819 3639 915 3694 τοῦ
976 3640 1128 3694 οἴκου
1173 3640 1338 3694 αὑτοῦ
1382 3641 1460 3704 είς
1515 3638 1575 3692 τὸ
1656 3637 1913 3708 ἱπποδρό-

340 3752 491 3804 μιον,
516 3732 633 3803 ἅμα
655 3732 730 3803 τῷ
771 3733 967 3803 ἀμηρᾷ
991 3732 1213 3804 Κρήτης
1247 3731 1342 3785 τοῦ
1391 3730 1680 3801 λεγομένου
1729 3746 1916 3799 κουρο-

341 3827 582 3881 παλάτου
610 3825 705 3880 καὶ
755 3824 972 3877 πάντων
1007 3822 1119 3876 τῶν
1160 3823 1439 3891 συγγενῶν
1491 3821 1676 3884 αὑτοῦ,
1724 3821 1914 3881 στολὰς

339 3919 539 3981 λευκὰς
593 3913 1070 3987 περιϐεϐλημένων
1148 3912 1368 3965 πάντων
1407 3912 1513 3963 τῶν
1564 3910 1913 3980 Σαρακηνῶν.

342 4010 511 4065 Καὶὸ
556 4007 656 4077 μὲν
698 4005 997 4076 μάγιστρος
1045 4004 1222 4073 τιμῶν
1268 4002 1361 4054 καὶ
1429 4000 1609 4071 γερῶν
1668 3999 1923 4068 μεγάλων

340 4098 552 4171 ἠξιώθη
580 4098 733 4169 παρὰ
781 4094 876 4148 τοῦ
904 4093 1330 4165 αὐτοκράτορος,
1354 4093 1383 4145 ὁ
1410 4091 1630 4162 ἀμηρᾶς
1678 4090 1735 4142 δὲ
1769 4090 1830 4141 π)
1843 4091 1918 4142 εἴ·

345 4209 447 4245 στα
480 4191 628 4260 δῶρα
656 4189 749 4242 καὶ
784 4188 984 4258 χρυσὸν
1015 4186 1110 4239 καὶ
1140 4187 1378 4256 ἄργυρον
1441 4182 1594 4253 παρὰ
1624 4180 1715 4235 τοῦ
1763 4179 1917 4252 βασι-

343 4280 483 4351 λέως
512 4280 688 4334 λαεὼν
726 4281 822 4333 σὺν
854 4281 965 4341 τοῖς
993 4279 1203 4339 τέκνοις
1230 4276 1394 4330 αὑτοῦ
1430 4276 1508 4338 είς
1543 4275 1722 4346 χωρία
1748 4274 1919 4326 οἰκεῖν

2012 3190 2126 3244 fato
2160 3188 2383 3243 functus
2426 3197 2531 3242 est.
2571 3188 2878 3256 Imperator
2932 3187 3027 3240 ubi
3058 3195 3273 3253 captam
3302 3200 3424 3240 esse
3455 3183 3586 3239 Cre-

2014 3288 2123 3336 tam
2181 3281 2456 3352 cognovit,
2520 3280 2631 3335 Deo
2690 3279 2883 3334 laudes
2922 3278 3237 3348 gratiasque
3301 3276 3583 3346 persolvit.

2013 3373 2152 3430 Tum
2174 3373 2323 3429 brevi
2345 3373 2511 3427 etiam
2524 3371 2869 3441 Nieepborus
2888 3371 3204 3425 scholarum
3221 3368 3579 3433 domesticus,

2015 3463 2362 3534 imperatoris
2409 3465 2565 3533 jussu
2610 3462 2813 3517 urbem
2862 3462 3163 3530 ingressus,
3216 3475 3342 3515 cum
3401 3458 3595 3514 multis

2014 3556 2202 3624 spoliis
2228 3564 2391 3624 atque
2412 3553 2645 3624 captivis
2664 3568 2693 3606 a
2717 3552 2833 3606 suis
2851 3551 3064 3606 aedibus
3081 3551 3149 3605 ad
3173 3550 3393 3605 Circum
3422 3549 3590 3619 pedes

2015 3646 2184 3711 venit,
2224 3662 2337 3700 una
2362 3662 2487 3702 eum
2513 3646 2689 3701 Cretae
2716 3646 2916 3698 Amera
2945 3635 3164 3711 Curope
3196 3643 3417 3696 nomine
3437 3642 3589 3713 ejus-

2015 3753 2122 3807 que
2144 3736 2467 3807 propinquis
2487 3736 2765 3798 omnibus,
2786 3748 2910 3789 cum
2928 3732 3090 3803 760
3116 3730 3374 3786 Saraceni
3400 3744 3590 3785 omnes

2016 3826 2156 3879 albis
2192 3824 2440 3880 vestibus
2483 3823 2660 3878 induti
2703 3830 2910 3877 essent.
2947 3820 3026 3874 Ac
3063 3821 3287 3890 quidem
3329 3819 3591 3888 magister

2018 3917 2257 3969 honores
2278 3928 2583 3983 magnaque
2616 3911 2838 3981 pnemia
2872 3911 3221 3979 imperatoris
3260 3910 3592 3964 liberalitate

2018 4014 2347 4061 consecutus
2385 4012 2490 4059 est.
2526 4002 2754 4057 Ameras
2778 4017 2910 4056 vero
2945 4000 3106 4056 donis
3148 4001 3403 4071 plurimis
3431 4015 3594 4054 auro-

2018 4112 2126 4166 que
2175 4105 2340 4164 atque
2390 4102 2619 4164 argento
2648 4093 2719 4147 ab
2764 4094 3094 4162 imperatore
3124 4092 3363 4146 donatus
3387 4089 3590 4159 praedia

2020 4190 2134 4243 ruri
2159 4187 2339 4242 colere
2362 4202 2427 4241 ac
2457 4185 2702 4240 habitare
2730 4184 3033 4254 perndssus
3056 4192 3140 4238 est
3172 4201 3186 4235 :
3236 4181 3381 4250 quod
3416 4189 3594 4233 tamen

2020 4280 2289 4349 baptismo
2316 4277 2519 4333 initiari
2538 4278 2735 4342 noluit,
2766 4276 2818 4330 in
2842 4284 3091 4331 senatum
3124 4273 3349 4328 minime
3374 4281 3596 4339 coopta-

342 4372 727 4443 συνεχωρήθη.
760 4372 850 4433 Εἰς
877 4370 933 4423 δὲ
963 4368 1061 4439 τὴν
1090 4367 1389 4437 σύγκλητον
1438 4367 1536 4421 οὐκ
1590 4365 1903 4420 ἀνεϐιϐάσθτ

2027 4381 2119 4425 tus
2142 4378 2246 4424 cst.
2287 4370 2455 4424 Porro
2490 4370 2770 4422 Romanus
2817 4367 3113 4434 imperator
3147 4363 3467 4432 magistrum
3497 4358 3594 4413 Ni-

346 4462 436 4522 Ξιὰ
456 4464 519 4517 τὸ
541 4463 616 4535 μὴ
651 4460 936 4533 βούλεσθαι
961 4460 1156 4521 αὐτοὺς
1184 4458 1566 4529 βαπτισθῆναι.
1605 4457 1663 4509 Ὀ
1681 4458 1737 4510 δὲ
1765 4457 1918 4527 βασι-

336 4554 476 4621 λεὺς
511 4554 790 4625 Ῥωμανὸς
817 4550 1128 4623 Νικηφόρον
1152 4551 1241 4603 τὸν
1270 4550 1568 4619 μάγιστρον
1596 4546 1749 4610 αὖθις
1781 4548 1922 4602 κατὰ

340 4650 451 4722 am
497 4647 671 4719 Ἐᾠαν
701 4644 1079 4711 ἐξαπέστειλεν
1108 4640 1249 4696 κατά
1270 4640 1364 4694 τοῦ
1390 4640 1645 4703 ἀλαζόνος
1670 4641 1921 4710 Χαμῦὃᾶ.

433 4740 496 4794 Ὀ
521 4740 575 4792 δὲ
598 4737 847 4790 ἀπελθὼν
879 4735 1096 4803 πρῶτον
1149 4734 1248 4803 μὲν
1305 4732 1363 4786 τὸ
1424 4733 1631 4785 Χέλεπε
1693 4732 1923 4802 κάπρον

345 4831 653 4903 παρέλαϐε,
686 4830 745 4896 ἐξ
773 4820 833 4881 οὗ
867 4828 961 4881 καὶ
1000 4825 1253 4896 λαφύρων
1307 4825 1472 4893 πολλὴ
1528 4823 1734 4891 γῖνεται
1798 4841 1922 4876 συν-

345 4941 572 4993 avom.

2027 4463 2329 4532 cephornm
2361 4462 2559 4515 iterum
2597 4460 2652 4513 in
2681 4459 2963 4514 Orientem
3003 4456 3171 4520 misit,
3214 4463 3273 4509 ut
3302 4449 3596 4507 Cbambda:

2028 4553 2397 4624 arrogantiam
2462 4552 2765 4622 frangeret.
2810 4550 3187 4619 Susceptaque
3245 4544 3595 4614 expeditionc

2031 4647 2267 4717 primum
2287 4645 2516 4714 Alepum
2544 4642 2737 4699 urbem
2770 4641 3036 4696 munitam
3063 4638 3228 4709 cepit,
3260 4636 3403 4691 unde
3434 4634 3595 4690 etiam

2030 4739 2332 4809 spoliorum
2362 4736 2474 4792 vim
2505 4750 2760 4806 magnam
2790 4732 3029 4803 collegit.

1662 5026 1892 5083 νλιιῌς
1933 5026 2337 5083 LECTIONES.

428 5157 472 5186 η
493 5153 816 5224 δομεστίκου
844 5153 934 5205 τοῦ
974 5152 1136 5206 Φωκᾶ
1162 5150 1185 5201 ?
