3996 6208
373 276 479 341 825

1476 282 1671 342 VlTr‘E
1690 280 2275 343 JBECENTIORUM
2303 285 2515 347 IMPP.

3536 286 3654 353 826

370 390 634 445 δεικνύων
650 392 749 463 τὴν
778 393 905 462 περὶ
926 392 1088 448 αὐτὸν
1115 393 1371 462 δύναμιν.
1412 395 1766 458 Ἐπιτελέσας
1798 397 1894 449 καὶ
1914 397 1944 425 “

2068 406 2239 466 portae
2280 413 2503 453 amomo
2544 398 2668 454 loco
2706 409 2762 454 et
2804 400 3011 470 irriguo
3053 400 3286 470 impuris
3340 402 3651 469 sacriﬁciis,

374 483 581 553 μιαράς
638 484 831 547 θυσίας
866 487 922 537 ἐν
945 484 1024 554 τῷ
1055 485 1280 557 λιὸαδίῳ
1314 487 1418 555 τῆς
1470 488 1698 557 Χρυσῆς
1755 489 1944 559 πόρτηε

2069 488 2235 543 etiam
2288 506 2480 558 pacem
2530 491 2600 544 ab
2652 491 2985 561 imperatore
3009 493 3257 561 expetiit,
3301 493 3462 563 765
3492 496 3655 549 modo

367 578 613 647 ᾐτήσατο
644 577 734 629 καὶ
765 577 857 630 τὸν
884 577 1112 646 βασιλέα
1140 578 1365 648 εἰρήνην
1393 580 1637 649 ποιῆσαι,
1676 582 1723 633 εξ
1752 581 1813 632 τὸ
1835 581 1944 648 δόρι

2068 592 2167 647 per
2210 579 2391 647 ipsum
2429 580 2485 633 in
2526 580 2763 636 Auream
2799 590 3012 651 portam
3056 584 3298 652 iaculum
3338 585 3389 639 ei
3425 585 3654 655 inﬁgere

367 670 536 723 αὑτοῦ
566 669 729 739 πήξει
752 671 811 721 ἐν
849 673 914 741 τῇ
948 671 1139 742 Χρυσῇ
1199 672 1396 742 πόρτῃ.
1434 670 1541 724 Τοῦ
1586 672 1642 724 δὲ
1700 671 1963 742 βασιλέως

370 761 447 830 μὴ
468 760 915 831 καταδεξαμένω
947 762 1293 832 ὑπέστρεψεν
1328 765 1409 827 εἰς
1440 765 1541 834 τὴν
1563 765 1701 817 ἰδίαν
1730 767 1959 836 σκηνὴν,

371 854 809 924 ὑπερθαυμάσας
834 855 903 908 τὰ
941 855 1042 924 τῆς
1072 856 1285 919 πόλεως
1322 856 1477 926 τείχη
1514 858 1609 910 καὶ
1644 858 1744 929 τὴν
1796 858 1958 912 εὔτα-

378 964 506 1002 κτον
552 947 647 1001 τοῦ
704 948 970 1018 βασιλέως
1016 950 1345 1020 παράταξιν.
1388 951 1511 1003 Ἐπὶ
1564 951 1836 1020 σύμϐασιν
1864 947 1959 1004 οὖν

370 1041 599 1110 εἰρήνης
631 1041 919 1111 τρέπεται,
964 1045 1351 1111 πειραστικοὺς
1383 1042 1577 1112 λόγους
1611 1044 1953 1115 ποιούμενος.

444 1130 509 1186 δ’.
550 1133 610 1186 '0
640 1132 696 1186 δέ
748 1150 811 1201 γε
848 1132 1100 1203 βασιλεὺς
1152 1136 1408 1207 ἀφορμῆς
1445 1134 1782 1206 δραξάμενος
1808 1139 1958 1190 ἐπει-

372 1224 512 1293 ράθη
544 1223 736 1278 τοῦτον
793 1224 1061 1296 λογχῆσαι
1098 1227 1140 1259 ³⁸
1164 1240 1181 1258 ⁸
1228 1227 1348 1280 ἀλλ’
1377 1229 1457 1292 εἰς
1514 1230 1688 1301 πέρας
1725 1232 1956 1298 ἀγαγεῖν

369 1313 530 1366 τοῦτο
556 1313 805 1386 ἐκωλύθη
840 1320 907 1386 τῇ
937 1316 1049 1369 τῶν
1084 1318 1554 1388 ὑπουργησάντων
1587 1320 1783 1391 ἁφυῒᾳ,
1824 1322 1956 1392 πλη-

369 1406 578 1471 ξάντων
608 1408 708 1477 μὲν
735 1408 945 1472 τοῦτον,
974 1409 1192 1479 καιρίαν
1215 1410 1271 1463 δέ
1294 1412 1369 1480 μὴ
1397 1413 1787 1480 ἐπαγαγόντων
1814 1413 1956 1485 πλη-

367 1500 485 1569 γήν.
536 1499 658 1552 Ἐπὶ
689 1500 868 1571 τούτῳ
907 1502 1097 1570 μανεὶς
1128 1505 1158 1556 δ
1180 1502 1457 1575 ἀλάστωρ,
1509 1506 1835 1569 ἀποστείλας
1860 1508 1954 1560 ιπ-

368 1590 490 1654 πεῐς
521 1590 581 1642 ἐν
607 1590 687 1660 τῷ
726 1590 891 1660 ’Δγίῳ
922 1591 1205 1660 Μάμαντι,
1264 1596 1442 1648 ἐκεῖσε
1473 1594 1534 1649 δν
1564 1597 1828 1652 παλάτιον
1857 1600 1951 1651 ἐν-

366 1681 628 1751 έπρησεν,
662 1682 759 1735 καὶ
795 1683 888 1737 τὸν
918 1683 1158 1753 χαλκοῦν
1191 1685 1380 1741 λέοντα
1428 1686 1523 1740 τοῦ
1572 1687 1800 1742 ἱππικοῦ
1854 1692 1950 1746 σὺν

362 1776 427 1843 τῇ
458 1776 649 1845 ἄρκτῳ
673 1775 767 1828 καὶ
792 1774 871 1844 τῷ
902 1776 1157 1843 δράκοντι
1183 1776 1277 1830 τοῦ
1301 1778 1487 1849 ὐδρίου
1517 1780 1611 1832 καὶ
1642 1782 1949 1851 μαρμάρων

366 1866 670 1920 καλλίστων
699 1868 759 1918 ἐν
789 1867 1031 1936 ἁμάξαις
1059 1868 1347 1939 φορτὼσας
1377 1870 1738 1941 ὑπέστρεψεν,
1769 1891 1948 1944 παρα-

370 1960 602 2023 καθίσας
649 1961 748 2031 τὴν
775 1961 1201 2029 Αδριανούπολιν
1242 1964 1335 2015 καὶ
1391 1964 1597 2033 ταύτην
1651 1966 1821 2019 ἐλὼν·
1857 1969 1950 2019 καὶ

365 2054 504 2123 μετὰ
530 2052 662 2106 λαοῦ
692 2054 947 2107 πλείστου
974 2055 1314 2125 διαπεράσας
1339 2057 1450 2108 τῶν
1473 2075 1531 2109 τε
1558 2059 1800 2126 εὐγενῶν
1826 2060 1948 2112 Μα-

362 2144 620 2209 κεδόνων,
648 2147 1066 2215 κατεσκήνωσεν
1093 2148 1150 2200 ἐν
1180 2147 1257 2216 τῷ
1294 2148 1569 2221 Δανουὸξῳ
1604 2149 1852 2218 ποταμῷ.
1891 2150 1947 2202 '0

366 2235 427 2287 δέ
462 2236 613 2288 Λέων
646 2236 710 2288 τά
739 2237 838 2306 τῆς
896 2237 1152 2299 ἀσεϐείας
1184 2238 1320 2309 ἔργα
1372 2240 1727 2309 διεπράττετο
1772 2242 1830 2292 ἐν
1879 2244 1943 2311 τῇ

364 2331 543 2385 πόλει.

432 2421 493 2475 ε’.
545 2417 745 2492 Ἐςρ⁹οὖ
774 2424 948 2494 ἐφάνη
1006 2425 1186 2496 ἀστὴρ
1235 2429 1484 2496 κομήτης
1524 2429 1567 2460 ¹⁹
1600 2430 1656 2480 ἐν
1706 2431 1944 2499 σχήματι

358 2514 455 2567 δύο
478 2514 744 2585 λαμπρῶν
778 2516 1017 2585 σεληνῶν
1075 2518 1379 2587 ἐνουμένων
1410 2520 1455 2550 ³⁸
1481 2520 1575 2571 καὶ
1604 2523 1765 2573 πάλιν
1799 2523 1942 2573 διαι-

363 2607 643 2676 ρουμένων
674 2608 714 2636 ’⁸
750 2610 830 2669 εἰς
856 2606 1089 2675 διάφορα
1133 2609 1410 2675 σχήματα,
1457 2607 1534 2665 ὡς
1563 2609 1655 2659 καὶ
1684 2611 1762 2671 εἰς
1810 2610 1944 2661 ἀκε-

361 2697 532 2765 φάλου
557 2698 846 2751 διάπλασιν
881 2700 1073 2768 ἀνδρδς
1104 2698 1453 2768 τυπωθῆναι·
1502 2701 1639 2770 ὅπερ
1687 2702 1783 2771 τὴν
1819 2703 1945 2754 ἀκέ-

359 2788 530 2847 φαλον
560 2789 837 2859 ·κεφαλὴν
882 2793 925 2842 ".
957 2791 1066 2842 τῶν
1124 2790 1263 2859 μετὰ
1317 2789 1491 2843 ταῦτα
1533 2792 1945 2844 στασιασάντων

359 2877 448 2952 [Ρ.
488 2879 612 2952 501]
647 2881 790 2934 κατὰ
846 2882 953 2934 τῶν
984 2883 1032 2913 ’³
1060 2882 1411 2952 Χριστιανῶν
1441 2881 1536 2936 καὶ
1593 2883 1683 2935 τὸν
1716 2884 1943 2952 μάταιον

356 2972 561 3041 Θωμᾶν
590 2975 833 3044 κεφαλὴν
863 2975 957 3025 καὶ
987 2975 1229 3043 ἀρχηγὸν
1260 2974 1361 3042 τῆς
1390 2975 1454 3027 ἐκ
1476 2975 1584 3026 τῶν
1610 2975 1786 3028 άλλων
1810 2976 1943 3043 Χρι-

2066 670 2281 723 liceret.
2313 670 2434 736 Quo
2464 671 2743 728 abnuente
2774 674 2829 727 in
2859 675 3158 728 tentorium
3189 692 3349 729 suum
3394 693 3655 731 reversus

2062 770 2168 826 est,
2228 763 2493 833 majorem
2539 764 2595 819 in
2650 765 2873 818 modum
2929 766 3235 822 admiratus
3276 768 3428 822 urbis
3465 785 3653 825 muros

2063 854 2540 925 compositamque
2584 856 2935 926 imperatoris
2983 859 3156 912 aciem
3194 870 3358 929 atque
3403 860 3647 915 ordines.

2060 947 2141 1002 Ad
2174 948 2325 1017 pacis
2358 947 2544 1017 itaque
2571 948 2780 1004 hedera
2814 950 3064 1020 vertitur,
3095 952 3370 1007 tentanda:
3408 953 3487 1009 rei
3519 968 3651 1007 cau-

2060 1056 2119 1096 sa
2151 1055 2437 1097 sermones
2458 1042 2770 1096 conferens.

2128 1133 2184 1187 4.
2216 1134 2389 1188 Porro
2413 1133 2718 1203 imperator
2738 1141 2966 1203 arrepta
2990 1138 3282 1193 occasione
3302 1137 3490 1191 lancea
3516 1151 3646 1193 eum

2059 1226 2379 1295 transﬁgere
2402 1234 2633 1279 conatus
2674 1235 2792 1286 est;
2829 1240 2900 1278 ne
2930 1241 3046 1280 rem
3077 1236 3260 1282 tamen
3297 1245 3468 1297 opere
3497 1243 3649 1283 com-

2057 1316 2252 1385 pleret,
2284 1316 2500 1370 obstitit
2538 1332 2733 1371 eorum
2787 1317 3002 1387 ignavia
3055 1334 3195 1387 quos
3240 1319 3294 1373 in
3336 1320 3510 1388 ipsam
3541 1319 3649 1373 mi-

2055 1409 2264 1463 nistros
2324 1409 2636 1478 delegerat;
2684 1412 2777 1479 qui
2842 1419 3237 1479 percusserunt
3298 1411 3546 1480 quidem,
3592 1416 3650 1464 at

2054 1501 2214 1557 letale
2237 1503 2437 1557 vulnus
2464 1503 2692 1557 minime
2722 1505 3047 1557 intulerunt.
3079 1503 3197 1570 Qua
3221 1519 3280 1556 re
3316 1503 3369 1557 in
3403 1502 3647 1557 furorem

2053 1603 2210 1648 actus
2262 1594 2753 1663 pestilentissimus
2802 1596 2989 1659 homo,
3043 1596 3226 1650 missis
3266 1595 3548 1664 equitibus
3578 1593 3645 1647 ad

2055 1682 2111 1737 S.
2146 1682 2494 1750 Mamantem,
2524 1685 2673 1753 quod
2721 1686 2834 1739 illic
2879 1686 3145 1755 palatium
3194 1694 3280 1739 est
3316 1684 3643 1749 succendit»;

2052 1773 2308 1844 Circique
2370 1791 2589 1830 aeneum
2655 1778 2873 1832 leonem
2932 1791 3056 1830 cum
3124 1792 3251 1830 ursa
3316 1786 3372 1830 et
3433 1774 3647 1844 aqualis

2051 1866 2320 1929 dracone,
2358 1883 2462 1921 nec
2492 1883 2601 1921 non
2630 1869 3000 1937 pulcherrima
3030 1884 3328 1931 marmora,
3356 1868 3410 1920 in
3446 1881 3645 1921 currus

2051 1968 2311 2028 congesta
2384 1961 2722 2029 aspertavit;
2776 1961 3169 2029 obsessamque
3227 1960 3643 2029 Adrianopolim

2047 2060 2104 2105 et
2134 2053 2305 2120 ipsam
2336 2054 2521 2122 cepit;
2563 2055 2796 2124 trajectu
2836 2055 3075 2124 denique
3104 2068 3226 2107 eum
3264 2053 3471 2122 ingenti
3504 2054 3645 2106 inui-

2050 2134 2286 2199 titudine
2344 2159 2409 2197 ac
2459 2144 2818 2199 Macedonum
2859 2146 3095 2215 ingenua
3128 2145 3273 2213 pube
3318 2144 3544 2199 ﬂumine
3586 2143 3643 2198 in

2050 2236 2301 2291 Danubio
2338 2239 2611 2301 consedit,
2641 2255 2767 2292 cum
2809 2240 3030 2293 interim
3080 2239 3379 2308 impietatis
3407 2239 3460 2293 in
3509 2238 3643 2293 urbe

2046 2344 2214 2397 opera
2261 2328 2371 2382 Leo
2418 2345 2632 2397 pronus
2675 2339 3095 2398 exsequeretur.

2117 2418 2169 2470 5.
2204 2418 2283 2470 Eo
2339 2426 2585 2486 tempore
2630 2426 2846 2472 cometa
2908 2428 3242 2487 conspectus
3291 2428 3399 2485 est,
3454 2419 3642 2488 splen--

2047 2508 2231 2561 dentis
2286 2508 2431 2561 luna:
2489 2507 2729 2577 duplicis
2780 2510 2974 2578 ﬁgura,
3016 2525 3139 2578 quae
3184 2526 3292 2563 una
3332 2510 3550 2564 coirent
3580 2524 3646 2567 ac

2047 2600 2103 2653 in
2148 2598 2397 2652 diversas
2431 2614 2652 2653 rursum
2685 2600 2889 2669 ﬁguras
2919 2600 3108 2654 divisae
3137 2601 3374 2665 abirent,
3413 2608 3475 2655 ut
3498 2609 3553 2655 et
3584 2600 3642 2656 in

2046 2690 2152 2745 viri
2204 2690 2447 2759 speciem
2500 2691 2682 2760 capite
2745 2691 2925 2745 mutili
2980 2692 3445 2758 elformarentur;
3492 2693 3641 2763 quod

2046 2783 2236 2853 utique
2270 2783 2479 2839 indicio
2501 2785 2607 2838 fuit
2639 2785 2887 2854 acephali
2922 2799 3116 2839 eorum
3140 2785 3339 2855 capitis
3363 2786 3456 2856 qui
3488 2795 3642 2855 post-

2043 2893 2110 2932 ea
2138 2877 2407 2932 adversus
2450 2877 2797 2932 Christianos
2852 2878 3175 2931 tumultuati
3241 2889 3393 2939 sunt,
3418 2894 3482 2932 ac
3510 2878 3640 2948 qui-

2046 2969 2151 3024 bus
2178 2986 2353 3025 vanus
2394 2972 2559 3025 homo
2586 2986 2651 3024 ac
2685 2970 2923 3025 demens
2968 2971 3210 3026 Thomas
3240 2980 3402 3039 caput
3438 2986 3503 3026 ac
3533 2972 3640 3025 du-

359 3066 599 3119 στιανῶν
622 3067 940 3131 διαιρέσεως
975 3066 1285 3135 ἐσχηκότων
1311 3068 1691 3136 προεμήνυσεν
1727 3068 1796 3121 ³⁸.
1832 3069 1942 3121 Καὶ

2053 3070 2187 3128 ctor,
2237 3072 2365 3117 uta
2422 3063 2657 3131 reliquis
2696 3063 3029 3117 Christianis
3079 3078 3201 3118 sese
3251 3064 3638 3132 abjungerent,

357 3157 545 3229 μέντοι
571 3160 665 3210 καὶ
693 3159 904 3226 σεισμοὶ
932 3158 1151 3228 φοϐεροί
1182 3175 1241 3209 τε
1286 3159 1381 3209 καὶ
1416 3157 1709 3226 ἐπάλληλοι
1736 3158 1830 3211 καὶ
1859 3158 1940 3211 λι-

356 3253 449 3322 μοὶ
485 3250 580 3302 καὶ
609 3250 812 3319 αὐχμοὶ
844 3252 934 3301 καὶ
983 3250 1147 3321 ἀέρος
1199 3249 1502 3319 φλογώσεις
1558 3252 1821 3317 γεγόνασι
1850 3253 1942 3303 καὶ⁵

353 3345 579 3403 στάσεις
612 3342 865 3411 ἐμφύλιοι
886 3345 929 3373 ’⁵
958 3343 1098 3395 κατὰ
1130 3345 1313 3395 πᾶσαν
1348 3342 1503 3395 πόλιν
1530 3345 1623 3395 καὶ
1652 3341 1854 3414 χώραν,
1879 3346 1941 3397 ἐκ

350 3435 463 3488 τῶν
489 3435 716 3503 ἡμερῶν
741 3434 1047 3505 ἀρξάμεναι
1084 3435 1135 3466 ³⁸
1170 3434 1267 3487 τοῦ
1312 3434 1640 3503 θεοπυγοῦς
1676 3436 1771 3489 καὶ
1814 3436 1945 3489 ἀλά-

354 3541 547 3595 στορος
570 3539 586 3556 ο
615 3526 709 3577 καὶ
736 3527 780 3557 ⁸⁷
815 3524 977 3594 μέχρι
1012 3525 1208 3579 πολλοῦ
1249 3525 1311 3578 τὸ
1357 3526 1529 3579 δεινὸν
1562 3526 1614 3559 ’⁸
1637 3526 1736 3597 τῆς
1769 3528 1942 3597 ἐμφυ-

351 3620 473 3682 λίας
502 3619 785 3688 συμςρορᾶς
811 3621 1180 3689 ἐπικρατῆσαι
1214 3619 1587 3691 συμϐέϐηκεν.

425 3803 503 3869 ς’.
545 3804 983 3873 Ἐκμιμοῦμενος
1016 3804 1196 3857 τοίνυν
1240 3804 1332 3856 τὸν
1367 3785 1465 3872 τῆς
1506 3806 1760 3874 μυσαρᾶς
1803 3803 1936 3856 ταύ-

347 3917 450 3967 της
479 3897 745 3967 αἱρέσεως
776 3898 1020 3967 ἀρχηγὸν
1049 3897 1340 3965 ὁμώνυμον
1388 3897 1549 3949 αὑτοῦ
1581 3898 1674 3948 καὶ
1701 3896 1934 3965 ὁμότρο-

350 4008 454 4043 πον
495 3988 698 4059 ἤρξατο
720 3990 817 4057 τῆς
836 3974 1121 4057 αἱρέσεως.
1162 3986 1294 4039 Εἶτα
1327 3986 1651 4056 συμμάχους
1677 3989 1770 4039 καὶ
1801 4005 1938 4055 συμ-

351 4083 567 4152 μὺστας
604 4080 910 4149 ἐκζητήσας
964 4072 1122 4149 εὗρεν
1188 4079 1445 4148 Ἰωάννην
1498 4079 1592 4130 τὸν
1648 4079 1939 4145 λεγόμενον

348 4173 763 4243 γραμματικὸν,
817 4171 1019 4240 μᾶλλον
1065 4171 1121 4223 δὲ
1189 4170 1398 4240 Ἰαννὴν
1424 4169 1584 4224 ἄλλον
1628 4169 1935 4240 ἢΣίμωνα,

347 4265 442 4317 ἐπί
500 4282 556 4317 τε
607 4262 1089 4334 λεκανομαντείαις
1145 4266 1239 4315 καὶ
1295 4261 1668 4333 φαρμακείαις
1717 4261 1811 4315 καὶ
1850 4263 1937 4313 atl—

348 4357 707 4425 σχρουργίαις
736 4356 1083 4425 βεδοημένον,
1113 4355 1204 4407 καὶ
1235 4355 1454 4424 ἐτέρους
1469 4355 1617 4417 τινὰς
1634 4353 1940 4423 ὁμόφρονας

2047 3154 2280 3208 exstitit.
2334 3154 2476 3220 Quin
2539 3156 2813 3209 tremendi
2859 3170 3079 3224 quoque
3129 3156 3292 3224 766
3344 3156 3639 3224 crebrique

2043 3245 2198 3298 fuere
2245 3255 2406 3300 terra:
2460 3257 2666 3309 motus,
2705 3246 2987 3314 famesque
3038 3255 3093 3301 et
3144 3249 3425 3300 siccitates
3468 3253 3638 3313 atque

2043 3336 2190 3391 acris
2228 3337 2724 3404 inﬂammationes;
2757 3338 3060 3393 seditiones
3098 3340 3319 3408 quoque
3345 3335 3411 3393 ac
3448 3338 3641 3393 civiles

2046 3428 2321 3483 tumultus
2377 3444 2475 3497 per
2528 3443 2722 3483 omnes
2767 3428 2936 3483 urbes
2983 3437 3148 3497 atque
3176 3428 3396 3498 oppida,
3428 3442 3540 3497 quo
3568 3443 3639 3481 ex

2044 3530 2292 3591 tempore
2320 3522 2404 3575 vir
2434 3522 2544 3575 Deo
2572 3536 2772 3576 exosus
2801 3521 3055 3591 furiaque
3088 3519 3520 3590 imperiuminiit
3542 3535 3555 3581 ;
3575 3534 3641 3573 ac

2045 3614 2136 3669 diu
2166 3615 2513 3684 multumque
2538 3614 2773 3683 publica
2799 3614 3126 3668 calamitatis
3153 3613 3353 3667 malum
3380 3612 3640 3681 tabesque

2041 3706 2299 3761 invaluit.

2114 3796 2169 3851 6.
2204 3797 2438 3865 lmpurae
2470 3796 2656 3864 itaque
2697 3796 2848 3849 illius
2892 3794 3118 3849 hmresis
3148 3806 3428 3851 auctorem
3462 3794 3639 3851 imita-

2044 3898 2152 3951 tus,
2180 3904 2421 3957 quocum
2452 3888 2530 3940 illi
2561 3887 2793 3941 nomine
2816 3896 2982 3955 atque
3006 3888 3258 3941 moribus
3291 3889 3636 3951 conveniret,

2042 3981 2294 4035 haeresim
2347 3981 2679 4048 occeptavit.
2712 3978 2926 4033 Exinde
2971 3980 3155 4047 operis
3190 3980 3370 4033 socios
3401 3987 3457 4033 et
3484 3979 3641 4047 adju-

2041 4077 2193 4123 tores
2240 4078 2683 4141 symmystasque
2733 4068 3054 4138 quteritans,
3089 4067 3356 4121 Joannem
3403 4067 3636 4131 invenit,

2044 4176 2209 4230 quem
2262 4161 2686 4231 grammaticum
2736 4168 2957 4226 vocant,
3024 4160 3201 4229 magis
3246 4174 3379 4213 vero
3407 4158 3638 4213 Jannem

2042 4254 2277 4308 alterum
2329 4262 2425 4308 aut
2491 4252 2797 4320 Simonem,
2854 4253 3135 4308 hominem
3201 4249 3640 4305 divinationibus

2040 4362 2109 4401 ex
2169 4346 2314 4416 pelvi
2359 4355 2416 4401 et
2452 4346 2749 4418 praestigiis
2800 4345 3168 4416 turpibusque
3207 4342 3425 4399 actibus
3477 4341 3638 4411 longe

350 4446 521 4503 αὐτοῦ
564 4448 825 4509 Ἰαννίτας
862 4448 957 4500 καὶ
1000 4446 1314 4517 Ἰαμόρίτας
1349 4448 1441 4500 καὶ
1474 4445 1812 4516 Σιμωνίταςο
1841 4445 1935 4507 οὓς

2053 4438 2566 4503 celebratissimum,
2604 4440 2854 4509 aliosque
2886 4438 3185 4492 nonnullos
3216 4435 3411 4491 eodem
3444 4448 3509 4488 ac
3545 4432 3637 4487 ille

344 4542 413 4611 δὴ
449 4540 545 4593 καὶ
579 4540 709 4611 παρ’
764 4540 941 4609 ἐαυτῴ
974 4538 1224 4608 κατέχων
1256 4539 1315 4590 ἐν
1365 4538 1443 4608 τῷ
1485 4538 1737 4608 παλατίῳ
1764 4556 1933 4608 προσ-

344 4634 599 4688 καλεῖται
634 4632 951 4701 Νικηφόρον
981 4631 1072 4683 τὸν
1136 4630 1381 4699 ἀοίδιμον
1431 4630 1785 4701 πατριάρχην
1838 4632 1932 4683 καὶ

344 4726 477 4789 τοὺς
506 4727 602 4778 σὺν
636 4725 784 4796 αὐτῷ
811 4724 1150 4795 προῦχοντας
1179 4723 1515 4785 ἐπισκόπους
1553 4739 1612 4774 τε
1639 4723 1736 4777 καὶ
1766 4725 1932 4794 ἱερεῖς

342 4817 581 4870 ἐνώπιον
612 4817 709 4886 τῆς
746 4816 1074 4886 συγκλήτου,
1106 4816 1199 4869 καί
1252 4830 1450 4887 φησιν’
1516 4816 1672 4868 Ἵστε
1723 4815 1934 4884 σαφῶς

338 4913 426 4977 ὡς
453 4908 808 4973 ἀνέστησάν
836 4926 996 4973 τινες
1023 4909 1304 4976 λέγοντες
1339 4906 1426 4974 μὴ
1484 4904 1614 4959 δεῖν
1667 4920 1931 4973 προσκυ-

338 5006 580 5061 νεῖσθαι
598 5002 704 5069 τὰς
728 5004 990 5067 εἰκόνας,
1024 5000 1131 5065 οὓς
1154 5000 1521 5064 ειβούλεσθε
1548 4996 1929 5067 παραστῆναι

2042 4547 2230 4595 sensu,
2260 4531 2509 4585 Jannitas
2537 4541 2596 4585 et
2626 4530 2926 4585 Jambritas
2952 4545 3014 4585 ac
3035 4528 3365 4591 Simonitas;
3396 4539 3632 4596 quorum

2041 4622 2234 4688 utique
2283 4623 2518 4691 stipatus
2565 4632 2805 4685 caterva,
2848 4637 3056 4691 eosque
3096 4620 3149 4674 in
3194 4618 3399 4689 palatio
3446 4630 3632 4671 secum

2038 4714 2316 4779 detinens,
2366 4714 2740 4783 Nicephorum
2774 4713 3024 4767 inclitum
3061 4711 3432 4782 patriarcham
3473 4706 3635 4761 soda-

2036 4806 2226 4875 lesque
2281 4805 2591 4875 pracipuos
2637 4805 2926 4874 episcopos
2973 4819 3037 4858 ac
3088 4803 3405 4858 sacerdotes
3446 4816 3630 4855 coram

2038 4908 2233 4953 senatu
2275 4908 2453 4963 vocat,
2494 4900 2719 4967 aitque:
2758 4897 2913 4952 Scitis
2940 4897 3121 4967 palam
3152 4898 3446 4951 surrexisse
3476 4909 3633 4963 quos—

2037 4991 2184 5055 dam,
2217 4993 2307 5062 qui
2342 5008 2447 5046 non
2490 4992 2799 5046 adorandus
2830 5008 2940 5045 esse
2972 4993 3233 5061 imagines
3258 4990 3474 5051 dicunt;
3502 5002 3629 5058 quos

342 5100 442 5153 καί
473 5095 861 5167 διαλεχθῆναι
914 5094 1049 5163 περὶ
1095 5092 1347 5159 τούτου,’
1374 5092 1471 5148 καί
1529 5092 1928 5171 ὲκὸηλότεροξ·

2053 5083 2079 5136 πί
2113 5083 2272 5139 vultis
2304 5084 2505 5151 adesse,
2557 5087 2725 5155 deque
2759 5101 2822 5139 ea
2863 5101 2919 5137 re
2953 5084 3249 5154 disputare,
3291 5081 3485 5135 veritas
3518 5078 3630 5132 cla—

339 5190 408 5245 τὸ
437 5188 663 5256 ἀληθὲς
698 5188 1052 5258 φανήσεται.

415 5279 485 5345 ζ’.
522 5281 664 5349 Πρὸς
691 5280 751 5332 ὃν
801 5282 829 5333 ὁ
859 5280 998 5340 θεῖος
1028 5276 1341 5346 Νικηφόρος
1381 5275 1531 5330 οὐδὲν
1563 5273 1919 5344 ἀπεκρίνατο.

2033 5172 2146 5225 rius
2189 5174 2459 5231 eluceseet.

2103 5265 2158 5319 7.
2201 5266 2284 5321 Ad
2327 5284 2489 5338 quem
2529 5270 2618 5323 vir
2668 5268 2892 5323 divinus
2940 5265 3286 5335 Nicephorus
3346 5262 3487 5318 nihil
3544 5276 3631 5315 re-

1638 5435 1873 5492 VARIIE
1910 5430 2202 5491 LECTION
2212 5434 2313 5488 ES.

413 5610 458 5643 ¹¹⁷
483 5605 604 5677 καὶ]
630 5607 685 5660 δὲ
711 5608 735 5660 ?
809 5608 851 5638 ⁸⁸
879 5606 1147 5677 λοχῆσαιῖ
1221 5606 1262 5677 ξ’
1304 5606 1397 5655 καὶ
1454 5600 1583 5677 γοξν
1624 5597 2104 5677 ᾣςρθηῄτηνικαῦτα
2126 5596 2379 5677 κομήτης
2402 5594 2475 5677 CL
2502 5592 2546 5623 ¹⁰
2585 5590 2893 5677 ἐνωθέντωχ
2921 5588 3002 5677 (3..ΙΙ

336 5683 384 5710 ’²
412 5676 650 5746 κεφάλου
680 5678 870 5747 ἀνδρὸς
902 5676 1189 5747 διάπλασιν
1222 5676 1257 5726 1⁵
1290 5692 1299 5726 :

1337 5652 1480 5727 curri
1499 5652 1575 5726 VC.
1634 5652 1698 5701 7‘5
1858 5652 1983 5738 'post
2009 5665 2151 5738 κατὰ
2181 5652 2408 5738 ίιῖιίιί.-Ϊξἒ
2435 5662 2487 5738 ’⁵.
2514 5665 2823 5738 προεμήνυε
2851 5660 2921 5738 C‘.‘
2956 5658 3002 5738 ξ’
3021 5658 3221 5738 ’στάσις
3245 5652 3507 5737 μφύλιος
3543 5652 3587 5707 (3

349 5753 387 5781 ⁸³
1168 5744 1225 5798 Ρ.
1287 5746 1327 5774 ’⁷
1352 5726 1448 5798 21‘-
1483 5760 1590 5797 υιιι.
1626 5740 1684 5797 C.
1767 5741 1810 5771 ³⁸
1837 5726 1894 5793 τὶ
1926 5736 2095 5793 δεινὸν
2122 5768 2173 5777 —
2222 5752 2271 5804 p.
2309 5735 2415 5789 768
2441 5726 2725 5795 εὐσεϐείας
2748 5746 2859 5786 om.
2883 5730 2923 5784 Ο
2962 5730 3090 5784 lolio
3121 5726 3393 5783 abscisso.
