3996 6208
331 256 430 320 841

1407 260 1603 321 ΧἸΤιΕ
1658 260 2209 321 RECENTIORUM
2279 260 2477 319 IMPP.

3465 258 3569 322 8&2

331 373 464 427 Θεοῦ
487 371 580 426 καί
602 372 706 425 τῶν
731 371 899 440 ἁγίων
929 372 1083 444 ὕϐρις
1103 373 1194 427 καὶ
1217 374 1313 442 τῆς
1349 374 1681 447 Ἐκκλησίας
1709 378 1736 430 ὁ
1767 379 1896 429 διω-

2012 373 2172 429 siouis
2225 373 2493 430 sollicitus
2552 373 2770 426 animus
2821 385 2882 424 ac
2925 371 3171 426 ambitio.
3246 371 3386 428 Hinc
3453 391 3574 443 qua:

329 466 490 536 γμός.
528 463 803 517 Ἐντεῦθεν
829 466 1361 536 κατακυριευόμενον
1392 467 1425 538 ἢ
1466 468 1899 538 τυραννούμενον

329 557 387 607 τὸ
417 556 656 624 ὑπήκοον
685 556 797 617 τοῖς
847 555 1069 607 ἐκείνων
1115 552 1160 586 ⁸⁸
1193 555 1425 623 δόγμασι
1453 557 1547 609 καὶ
1599 556 1899 628 θελήμασιν

329 644 664 698 ὑποκύπτειν
693 644 1036 709 ἐκϐιάζεται*
1071 645 1158 718 [Ρ.
1187 645 1312 718 509]
1333 642 1406 700 ὧν
1431 648 1616 702 ἕνεκεν
1641 648 1701 702 τὸ
1728 648 1901 718 ἔμψυ-

329 752 421 805 χον
445 734 801 804 κεχάλκευται
827 736 921 788 καὶ
955 737 1294 806 ἐσχεδίασται
1321 739 1504 802 ὅπλον,
1539 739 1778 808 σχήματι
1804 739 1901 807 μὲν

329 829 419 883 τοῦ
478 829 962 899 σωματοφυλακεῖν
1020 828 1382 899 ἠθροισμένον
1414 831 1480 894 δ’,
1531 833 1650 900 ταῖς
1677 831 1733 884 δὲ
1765 831 1899 898 ἀλη-

331 918 502 980 θείαις
529 919 620 971 τοῦ
648 919 934 988 ἐκπορθεῖν
969 921 1068 989 τὴν
1111 921 1436 992 Ἐκκλησίαν
1473 922 1709 994 Χριστοῦ
1735 923 1780 954 θ’
1807 923 1902 975 καὶ

330 1011 532 1081 ληίζειν
560 1012 1001 1081 ἐπινενοημένον,
1073 1013 1343 1083 προφάσει
1375 1013 1467 1066 τοῦ
1524 1015 1902 1085 συμπεριγρά-

331 1105 522 1173 φεσθσι
555 1103 654 1173 τὴν
690 1104 926 1175 Χριστοῦ
971 1105 1200 1177 θεότητα
1232 1107 1289 1159 ὲν
1320 1110 1386 1177 τῇ
1419 1107 1611 1171 εἰκόνι,
1650 1107 1902 1177 παραλη-

331 1195 548 1267 ροῦντες
578 1196 624 1228 ⁸³
645 1211 660 1226 ο
688 1196 763 1260 ὡς
810 1196 864 1248 εἴ
890 1213 975 1260 τις
1001 1198 1091 1249 καὶ
1114 1198 1173 1250 τὺ
1197 1197 1419 1268 ἡλιακὸν
1451 1198 1515 1270 δὴ
1549 1198 1704 1251 τοῦτο
1733 1199 1828 1252 καὶ
1855 1197 1904 1230 ⁸⁸

325 1289 619 1352 δισκοειδὲς
665 1289 822 1358 σῶμα
847 1290 1234 1359 γεγραμμένον
1266 1291 1325 1343 ἔν
1353 1308 1461 1343 τινι
1511 1290 1680 1361 τόπῳ,
1721 1289 1903 1354 καθὼς

326 1379 381 1430 ἕν
411 1396 554 1432 τισιν
608 1379 803 1448 ὁρᾶται
839 1381 1179 1450 γιγνόμενον,
1219 1381 1566 1446 ὑποδείξειεν,
1616 1381 1904 1450 ἐδογμάτι-

329 1486 422 1521 σαν
447 1470 492 1500 ⁸⁵
524 1470 588 1522 ἂν
619 1471 712 1522 καὶ
740 1470 839 1540 τὴν
872 1470 965 1524 τοῦ
1003 1472 1181 1542 φωτὸς
1207 1473 1398 1526 οὐσίαν
1431 1475 1524 1527 καὶ
1551 1473 1731 1543 αὐγὴν
1777 1491 1906 1543 συγ-

324 1560 632 1630 γράφεσθαι
653 1563 749 1614 καὶ
779 1563 1222 1634 περιγράφεσθαι
1247 1564 1280 1634 ἦ
1306 1563 1525 1627 πάντως
1553 1566 1618 1618 ἐκ
1642 1563 1735 1618 τοῦ
1756 1564 1903 1633 ἡλίου

324 1652 382 1704 τὸ
420 1653 535 1722 φῶς
559 1634 995 1724 ⁷ἀποτέμνεσθαι,
1043 1656 1076 1725 ἢ
1121 1655 1282 1708 πάλιν
1319 1657 1518 1709 ἀκτῖνα
1545 1655 1696 1726 ἡλίου
1727 1657 1780 1710 εί
1802 1673 1902 1709 που

2002 466 2265 520 adversus
2307 465 2479 519 Deum
2529 474 2859 534 sanctosque
2912 465 3249 518 contumelia
3309 467 3573 536 jactatur,

2001 570 2066 609 ac
2111 555 2370 610 Ecclesia:
2443 554 2779 625 persecutio.
2827 553 2965 609 Hine
3013 553 3298 609 dominatu
3343 572 3438 611 seu
3491 565 3577 630 ty-

2003 645 2230 700 rannide
2259 647 2506 716 oppressi
2556 646 2762 701 subditi
2816 646 3033 700 illorum
3069 645 3340 702 doctrinis
3378 664 3441 704 ac
3476 665 3574 703 vo-

2002 738 2305 793 luntatibus
2339 739 2581 794 animum
2614 740 2939 795 submittere
2969 750 3275 812 coguntur;
3311 744 3467 811 cujus
3497 745 3576 800 rei

2002 827 2173 897 gratia
2200 829 2367 882 telum
2411 827 2635 882 cudilur
2663 844 2728 882 ac
2770 828 3080 898 expeditur,
3122 845 3186 883 eo
3223 831 3444 900 quidem
3478 849 3576 887 co-

2003 919 2118 973 lore
2152 928 2316 990 atque
2356 926 2644 988 prmtextu,
2695 929 2755 974 ut
2806 933 3132 991 congregata
3184 937 3247 976 ac
3277 931 3429 990 parta
3459 939 3578 978 ser-

2003 1018 2220 1076 ventur,
2267 1025 2461 1065 revera
2491 1020 2675 1065 autem
2725 1010 2793 1065 ad
2830 1011 3243 1081 expugnandam
3276 1013 3574 1069 Ecclesium

2004 1117 2234 1172 eamque
2268 1102 2633 1172 populandam
2663 1102 3035 1168 adinventum,
3062 1105 3239 1173 quasi,
3276 1115 3338 1160 ut
3371 1106 3447 1159 illi
3479 1106 3576 1162 de-

2004 1193 2189 1260 lirant,
2217 1193 2424 1249 Christi
2469 1194 2646 1249 deitas
2685 1194 2744 1248 in
2796 1194 3029 1264 imagine
3060 1195 3576 1263 circumscribatur;

2002 1299 2090 1347 ac,
2124 1284 2168 1338 si
2199 1284 2323 1355 quis
2366 1284 2545 1339 solare
2593 1284 2698 1338 hoc
2732 1300 2931 1355 corpus
2977 1300 3041 1339 ac
3081 1284 3376 1340 orbiculari
3404 1287 3579 1357 ﬁgura

2008 1373 2062 1427 in
2098 1374 2284 1443 aliquo
2336 1373 2611 1444 depictum
2646 1374 2768 1428 loco
2823 1373 3138 1439 ostendens,
3197 1389 3305 1428 una
3358 1391 3581 1446 quoque

2006 1461 2228 1533 depingi
2274 1477 2338 1516 ac
2379 1462 2760 1518 circumscribi
2801 1464 2942 1518 lucis
2989 1464 3350 1519 substantiam
3378 1481 3441 1520 ac
3472 1465 3582 1520 ful-

2006 1570 2192 1624 gorem
2226 1570 2324 1609 seu
2350 1555 2578 1610 omnino
2601 1554 2850 1609 abscindi
2869 1571 2899 1609 a
2925 1555 3036 1610 sole
3058 1556 3244 1610 lumen
3275 1559 3577 1626 putaverit;

2007 1643 2093 1696 vel
2140 1658 2336 1700 rursus
2382 1644 2477 1713 qui
2517 1643 2652 1699 solis
2679 1645 2895 1699 radium
2923 1645 3109 1700 arbori
3139 1645 3468 1702 insidentem
3494 1648 3582 1702 vi-

323 1720 521 1814 δένδριρ
549 1745 597 1777 ⁸⁸
643 1720 1089 1816 προσϐάλλουσαν
1140 1747 1262 1811 ἴδοι,
1329 1720 1624 1820 ὲντμηθείη
1655 1747 1712 1800 δὲ
1751 1748 1796 1780 ⁸⁷
1845 1747 1905 1802 τδ

2012 1734 2145 1790 dens
2179 1749 2317 1789 caesa
2342 1735 2538 1791 arbore
2572 1736 2787 1790 radium
2811 1752 3029 1807 quoque
3061 1738 3308 1793 exscindi
3338 1738 3583 1794 dementi

321 1835 558 1906 δένδρον,
597 1838 1103 1909 συνεγκοπήσεσθαι
1133 1839 1179 1871 ⁸³
1231 1840 1324 1892 καὶ
1353 1839 1452 1910 τὴν
1487 1841 1684 1894 ἀκτῖνα
1715 1857 1902 1912 παρα-

327 1928 534 1998 φρόνως
589 1928 872 1999 ἐνομίσθη.
935 1930 1048 1983 Καὶ
1079 1929 1264 2001 μέντοι
1315 1930 1411 1982 καὶ
1456 1929 1549 1982 ἐπὶ
1605 1930 1777 2002 πυρὸς
1812 1930 1904 1982 καὶ

326 2021 496 2074 ἄλλων
526 2020 685 2074 τινῶν
712 2021 1178 2092 διανοηθήσονται,
1227 2021 1316 2076 ἵνα
1341 2021 1563 2086 ἐνδίκως
1596 2022 1745 2092 παρὰ
1774 2021 1904 2074 παί-

324 2113 429 2166 δων
457 2113 766 2176 παιζόντων
824 2115 1234 2186 παιχθήσωνται
1269 2114 1588 2185 φρονοῦντες
1636 2115 1905 2168 ἀσυνετώ-

323 2217 479 2272 τερα.
514 2201 575 2254 Εἰ
616 2201 722 2272 γὰρ
755 2201 848 2255 ἐπὶ
876 2203 982 2255 τῶν
1018 2203 1325 2274 εἰρημένων
1357 2202 1484 2256 οὔτε
1511 2203 1754 2272 γίνεσθαι
1780 2203 1904 2256 οὗτε

324 2293 557 2363 ὁρᾶσθαι
611 2294 848 2362 πέφυκεν
892 2293 1015 2347 οὕτε
1059 2296 1164 2366 μὴν
1214 2294 1466 2363 λέγεσθαι
1492 2295 1676 2366 χώραν
1702 2295 1901 2362 tam”,

329 2384 480 2453 πόσῳ
503 2383 698 2451 μᾶλλον
728 2386 821 2438 ἐπὶ
852 2384 952 2453 τῆς
987 2385 1306 2458 ἀπορρήτου
1343 2384 1595 2450 καὶθείας
1627 2387 1840 2456 φύσεως
1869 2388 1901 2458 ἢ

325 2475 417 2527 ἐπὶ
452 2477 550 2546 τῆς
579 2477 856 2548 ἀφράστου
888 2479 980 2532 καὶ
1006 2479 1406 2550 ἀνερμηνεύτου
1435 2479 1670 2550 Χριστοῦ
1701 2483 1905 2534 οἰκονο-

325 2569 456 2640 μίας
469 2569 640 2624 ταῦτα
655 2571 835 2640 λέγειν
849 2572 882 2642 ἢ
903 2571 1097 2624 ἐννοεῖν
1115 2571 1352 2626 ἀδύνατα
1368 2571 1462 2624 καὶ
1478 2572 1867 2642 ἀνεπιχείρητα
1885 2574 1899 2626 l

325 2659 458 2712 Οῦδὲ
487 2659 594 2731 γάρ
627 2661 670 2695 ⁸⁸
707 2660 1086 2731 σαρκούμενος
1117 2660 1150 2732 ἦ
1186 2661 1411 2731 πάσχων
1465 2661 1604 2732 ὑπὲρ
1640 2661 1797 2731 ἡμῶν
1827 2661 1905 2733 τῷ

321 2749 538 2821 σώματι
554 2751 713 2804 τοῦτο
731 2751 775 2784 ’⁸
806 2752 1091 2815 πέπονθεν,
1114 2753 1237 2805 Errat
1259 2751 1402 2806 οὕτω
1425 2770 1488 2822 γε
1508 2754 1598 2806 καὶ
1624 2753 1672 2805 εί
1696 2751 1906 2824 ἀνθρω-

323 2859 423 2907 πος
453 2841 562 2896 τῶν
586 2843 632 2874 ⁹¹
665 2843 785 2898 καθ’
813 2845 960 2916 ἡμᾶς
989 2843 1310 2909 είκονίζοιτο
1337 2846 1575 2914 σώματι,
1608 2845 1821 2916 ἀνάγκη
1856 2845 1903 2878 ’³

326 2935 418 2989 καὶ
437 2935 738 3008 τὴνψυχὴν
800 2937 1278 3003 συνεικονίςεσθαι,
1310 2937 1342 3008 ἢ
1378 2937 1597 3001 πάντως
1647 2936 1903 3010 τεθνήξε-

2007 1841 2171 1882 sensu
2194 1827 2608 1884 existimaverit.
2645 1829 2848 1883 Eadem
2868 1838 2924 1884 et
2949 1830 3003 1884 in
3021 1829 3146 1895 igne
3167 1829 3396 1902 aliisque
3419 1832 3578 1902 781

2007 1920 2289 1975 nonnullis
2330 1921 2472 1978 ratio
2505 1921 2970 1986 considerabitur,
3011 1929 3071 1976 ut
3110 1937 3140 1975 a
3165 1923 3362 1992 pueris
3391 1923 3583 1978 illuso-

2007 2013 2161 2070 ribus
2200 2015 2267 2071 iis
2295 2016 2494 2071 merito
2528 2017 2810 2082 illudatur,
2839 2018 2933 2087 qui
2965 2019 3180 2088 majore
3205 2020 3422 2074 cunctis
3447 2021 3586 2076 stul-

2011 2105 2126 2160 titia
2161 2106 2546 2177 dementiaque
2579 2100 2873 2164 insaniant.
2906 2109 2961 2164 Si
2979 2110 3128 2164 enim
3149 2126 3252 2166 nec
3284 2111 3339 2166 in
3370 2111 3438 2167 iis
3463 2129 3586 2182 qua:

2006 2196 2154 2252 dicta
2204 2207 2333 2253 sunt
2373 2200 2461 2254 vel
2513 2200 2632 2254 ﬁeri
2662 2201 2747 2255 vel
2776 2201 2952 2256 videri
2989 2211 3364 2272 comparatum
3398 2214 3504 2268 est.
3528 2213 3586 2260 at

2007 2301 2186 2356 neque
2221 2286 2330 2341 dici
2380 2287 2559 2342 locum
2615 2287 2802 2352 habet,
2841 2299 3049 2358 quanto
3086 2291 3257 2362 magis
3300 2291 3354 2346 in
3383 2307 3587 2355 arcana

2007 2375 2301 2446 divinaque
2337 2389 2552 2440 natura,
2586 2380 2701 2433 sive
2736 2380 2791 2433 in
2821 2379 3024 2436 Christi
3073 2383 3240 2438 nullis
3267 2385 3452 2440 verbis
3487 2402 3586 2442 ex-

2007 2468 2250 2537 plicabili
2303 2467 2812 2539 intcrpretabilique
2861 2470 3291 2542 dispensatione,
3326 2475 3584 2546 impossi-

2008 2562 2137 2616 bilia
2170 2563 2287 2618 ha'c
2326 2562 2475 2618 dictu
2539 2573 2634 2619 aut
2679 2565 2920 2634 cogitatu
2965 2581 3033 2621 ac
3067 2568 3430 2624 inconcessa?
3457 2588 3582 2626 nam

2007 2671 2186 2726 neque
2234 2672 2454 2710 carnem
2505 2658 2741 2712 sumeuti
2791 2669 2888 2714 aut
2927 2661 3100 2714 nostri
3132 2663 3307 2732 gratia
3353 2678 3583 2734 corpore

2006 2747 2265 2804 morienti
2300 2749 2356 2804 id
2407 2749 2457 2804 ci
2501 2750 2707 2806 evenit.
2738 2749 2957 2821 Alioqui
2998 2769 3062 2808 ea
3105 2755 3339 2820 ratione,
3376 2773 3502 2812 cum
3526 2767 3586 2814 et

2004 2840 2108 2909 ipsi
2153 2855 2384 2910 corpore
2425 2842 2723 2912 pingimur,
2763 2857 2870 2896 una
2911 2858 3131 2913 quoque
3162 2845 3399 2900 animam
3435 2847 3585 2918 pingi

2005 2949 2234 2988 necesse
2289 2943 2455 2998 esset,
2501 2945 2595 2989 aut
2637 2952 2831 2991 eorum
2879 2953 3106 3007 prorsus
3154 2938 3391 2996 divortio
3423 2942 3585 2996 mori.

325 3027 452 3082 σθαι
492 3028 909 3101 χωριζομένωνο
945 3027 998 3079 τί
1027 3029 1134 3098 γὰρ
1163 3027 1352 3098 ἕτερον
1385 3027 1616 3093 θάνατος
1647 3029 1680 3098 ἦ
1727 3046 1898 3100 χωρι-

2012 3024 2149 3090 Quid
2175 3041 2411 3096 namque
2441 3027 2589 3082 aliud
2633 3045 2782 3084 mors
2807 3045 2968 3099 quam
3001 3031 3199 3086 anima:
3227 3034 3590 3102 corporisque

324 3121 462 3191 σμὸς
483 3121 660 3200 ψυχῆς
686 3121 777 3171 καὶ
806 3118 853 3151 ’⁸
909 3117 1194 3188 σώματοςς
1231 3117 1394 3171 Ὅθεν
1431 3119 1488 3171 ὲν
1519 3119 1729 3183 τούτοις
1755 3119 1894 3190 φαί-

323 3230 510 3266 νονται
544 3209 825 3279 πριδὴλως
861 3203 1014 3261 οὐδὲν
1043 3205 1204 3279 ἦττον
1244 3207 1569 3271 ἀσεϐοῦντες
1604 3208 1637 3279 ἢ
1671 3210 1906 3278 ἀμαθαί-

321 3319 507 3364 νοντες
526 3317 541 3331 ·
562 3299 621 3353 οὐ
653 3298 762 3368 γὰρ
785 3300 963 3351 ῐσασιν
985 3297 1107 3350 ὅσον
1127 3296 1370 3365 γραπτοῦ
1401 3298 1495 3350 καὶ
1528 3314 1594 3349 πε
1605 3297 1904 3367 ριγραπτοῦ

321 3392 412 3447 τοῦ
441 3409 504 3444 τε
533 3389 771 3463 γράφειν
801 3389 897 3443 καὶ
933 3389 1296 3460 περιγράφειν
1328 3387 1389 3441 τὸ
1418 3387 1617 3453 ἰδιάζον
1635 3389 1728 3441 καὶ
1755 3388 1906 3458 διηλ-

320 3480 619 3552 λαγμένον,
684 3480 780 3533 καὶ
831 3478 920 3531 διὰ
974 3476 1132 3530 τοῦτο
1168 3477 1585 3548 φενακιζόμενοι
1617 3477 1908 3548 ματαιολο-

321 3575 503 3644 γοῦσι.
550 3572 661 3626 Ποῦ
718 3572 773 3626 δὲ
812 3571 949 3636 ὅλως
982 3569 1138 3642 σῶμα
1170 3570 1419 3642 ἄγραφον
1457 3571 1488 3641 ἢ
1525 3569 1906 3641 ἀπερίγραφον

321 3670 388 3721 ὲκ
418 3664 514 3719 τοῦ
551 3664 751 3728 παντὸς
777 3664 970 3726 αἰῶνος
1001 3664 1303 3735 ἤκουσταις
1334 3665 1365 3731 ἣ
1401 3661 1516 3724 πῶς
1539 3664 1567 3714 ὸ
1596 3661 1688 3714 τοῦ
1717 3660 1905 3730 σώμα-

320 3778 413 3822 τος
443 3761 568 3831 ὅρος
591 3759 685 3812 καὶ
709 3757 865 3824 λόγος
896 3755 1223 3826 σωθήσεται,
1253 3753 1396 3825 εἰμὴ
1424 3753 1600 3806 ταῦτα
1647 3743 1794 3822 ἔχοις
1850 3753 1908 3804 '0

321 3853 508 3907 τοίνυν
559 3851 633 3922 μὴ
658 3850 896 3917 δοξάζων
928 3847 1238 3919 γράφεσθαι
1270 3846 1302 3918 ἢ
1351 3845 1788 3917 περιγράφεσθαι
1820 3844 1909 3896 τὸν

321 3942 566 4014 Χριστὸν
597 3942 832 4010 σώματι,
863 3939 897 4011 ἢ
925 3940 952 3992 ὃ
992 3939 1043 3990 τί
1079 3939 1193 3989 ἐστι
1227 3935 1388 4005 σῶμα
1418 3935 1518 3987 οὐκ
1548 3935 1708 4003 ἔγνω,
1751 3931 1808 3998 ἐξ
1846 3926 1908 3991 οὗ

325 4037 468 4106 μηδὲ
494 4033 651 4098 δόξαν
672 4033 838 4104 ὀρθὴν
864 4032 1153 4100 κέκτηται,
1190 4027 1222 4098 ἦ
1249 4029 1408 4096 γνοὺς
1433 4027 1591 4095 σῶμα
1617 4027 1710 4078 καὶ
1733 4024 1910 4095 ψυχὴν

323 4127 602 4192 σώζεσθαι
638 4125 988 4198 παραιτεῖται
1012 4123 1078 4178 ³⁵.
1141 4120 1199 4177 '0
1255 4119 1386 4188 γοῦν
1416 4118 1692 4189 ὁμολογῶν
1753 4115 1912 4186 σῶμα

319 4225 418 4278 τὸν
448 4221 680 4293 Χριστὸν
711 4218 1060 4288 ἀνειληφέναι
1099 4215 1282 4268 ὁποῖον
1329 4211 1390 4264 τὸ
1422 4210 1713 4281 ἡμέτερον,
1754 4209 1914 4262 τοῦτο

317 4317 382 4371 δὲ
433 4313 681 4386 γραπτὸν
713 4311 807 4364 καὶ
835 4307 1233 4380 περιγραπτὸν,
1285 4303 1344 4368 ἐξ
1371 4303 1620 4372 ἀνάγκης
1651 4301 1698 4333 ’⁸
1725 4301 1821 4355 καί¹
1852 4301 1912 4355 τὸ

2010 3116 2311 3171 divortium
2332 3133 2396 3174 ac
2416 3118 2724 3188 sejunctiofz‘
2743 3120 3108 3186 Quamobrem
3136 3123 3484 3180 manifestum
3506 3134 3592 3180 est

2012 3209 2068 3263 in
2101 3210 2218 3263 istis
2252 3226 2362 3263 non
2391 3211 2563 3280 magis
2589 3227 2684 3266 eos
2716 3212 3157 3282 impietatilitare
3187 3231 3350 3284 quam
3387 3217 3592 3274 deliros

2012 3315 2075 3354 ac
2102 3300 2340 3354 insulsos
2359 3299 2634 3356 esse.Non
2657 3302 2802 3356 enim
2839 3313 3044 3358 norunt
3068 3314 3332 3374 quantum
3368 3307 3591 3362 intersit

2015 3392 2159 3446 inter
2191 3393 2395 3462 pictum
2437 3402 2493 3448 et
2534 3395 3036 3465 circumscriptum,
3069 3413 3345 3468 quamque
3372 3399 3590 3455 diversa

2014 3484 2132 3540 haec
2159 3486 2274 3540 suis
2307 3501 2536 3556 quaeque
2574 3487 2879 3542 rationibus
2906 3489 3190 3543 exsistant.
3223 3488 3589 3555 Quamobrem

2014 3573 2183 3628 haece
2242 3575 2673 3630 hallucinatione
2725 3593 2863 3631 vana
2921 3577 3244 3647 loquuntur.
3309 3580 3412 3635 Ubi
3458 3597 3592 3636 vero

2014 3685 2242 3738 prorsus
2284 3684 2484 3740 corpus
2526 3671 2594 3724 ab
2625 3671 2775 3724 omni
2820 3687 2957 3735 azvo,
2987 3672 3134 3740 quod
3178 3688 3287 3726 non
3332 3673 3590 3744 pingatur

2015 3769 2107 3813 aut
2147 3761 2652 3824 circumscribatur,
2695 3762 2942 3815 auditum
2982 3763 3110 3816 est?
3161 3762 3269 3818 Aut
3311 3765 3592 3834 quomodo

2016 3849 2264 3918 corporis
2309 3849 2557 3904 deﬁnitio
2596 3850 2870 3904 constabit
2901 3861 3066 3920 atque
3117 3856 3278 3918 ratio,
3321 3855 3426 3909 nisi
3477 3856 3594 3910 lucc

2019 3938 2313 3991 imbuerit?
2351 3938 2453 4003 Qui
2505 3953 2634 4008 ergo
2665 3954 2773 3993 non
2823 3939 3100 3994 existimat
3129 3942 3278 4012 pingi
3311 3942 3591 3997 Christum

2020 4043 2249 4097 corpore
2289 4038 2385 4082 aut
2424 4029 2823 4096 circumscribi,
2853 4043 2946 4085 aut
2988 4034 3163 4087 nescit
3197 4049 3397 4102 corpus
3439 4050 3592 4094 esse.

2019 4135 2086 4172 cx
2120 4135 2229 4189 quo
2289 4120 2467 4190 ipsum
2512 4137 2617 4176 nec
2672 4131 2818 4176 recte
2869 4123 3072 4178 sentire
3123 4123 3333 4193 liquet;
3378 4125 3463 4178 vel
3498 4125 3593 4194 qui

2020 4225 2219 4279 corpus
2241 4210 2587 4281 animamque
2617 4211 2946 4266 incolumem
2976 4213 3131 4277 sciat,
3153 4221 3369 4267 recusat
3390 4213 3590 4269 dicere.

2019 4299 2122 4368 Qui
2155 4301 2338 4371 itaque
2360 4302 2638 4357 Christum
2667 4303 2803 4358 dicit
2823 4304 3186 4374 assumpsisse
3209 4319 3410 4374 corpus
3433 4306 3595 4375 quale

319 4405 420 4460 τοῦ
448 4382 691 4475 ριστοῦ
717 4404 875 4472 σῶμα
903 4402 949 4433 ⁸⁷
980 4399 1225 4472 γραπτὸν
1253 4398 1346 4449 καὶ
1374 4395 1748 4468 περιγραπτὸν
1774 4390 1905 4447 εἶναι

2019 4407 2266 4460 nostrum
2308 4382 2414 4452 est.
2437 4413 2501 4452 ac
2535 4397 2858 4460 humanum,
2893 4413 3016 4452 cum
3051 4397 3353 4452 humanum
3395 4413 3598 4467 corpus

319 4496 842 4568 συνομολογήσειεν.
875 4491 934 4546 Εἰ
963 4492 1022 4544 δὲ
1060 4491 1118 4542 τὸ
1137 4488 1388 4559 δεύτερον
1431 4489 1493 4540 οὐ
1516 4485 1695 4551 δώσει,
1721 4485 1766 4518 ’⁸
1795 4485 1913 4539 οὐδὲ

315 4591 386 4644 τὸ
437 4589 657 4660 πρῶτον
716 4588 856 4660 ἀρα,
918 4586 946 4637 ὃ
997 4583 1171 4652 πάντη
1223 4581 1416 4649 ἄλογον
1467 4580 1561 4633 καὶ
1603 4579 1911 4647 καταγέλα-

319 4699 475 4736 στον.

396 4859 504 4930 ης.
522 4859 598 4911 Οὐ
619 4857 1032 4928 τ’..εριγράφομεν
1047 4849 1138 4906 οὖν
1153 4853 1334 4922 ἡμεῖς,
1350 4849 1485 4903 ἁλλά
1497 4841 1929 4920 γράφομενΚεέ

311 4951 616 5019 νολογοῦσι
643 4950 700 5004 δὲ
732 4949 777 4983 ⁹⁹
829 4949 878 5001 οἱ
909 4948 1082 5003 ἄθλιοι
1136 4951 1228 4998 καὶ
1259 4945 1389 4998 ἄλλο
1435 4940 1780 5012 ἀτοπώτερον
1803 4958 1816 4971 ⁸
1855 4941 1914 4993 ὃν

314 5045 438 5113 γάρ
459 5058 626 5111 φασιν
653 5041 1097 5112 ἀπερίγραπτον,
1125 5038 1226 5090 οὐκ
1253 5037 1337 5109 [Ρ.
1365 5034 1492 5107 510]
1518 5031 1617 5088 οἶδ’
1643 5035 1789 5096 ὅπως
1821 5033 1912 5086 ὑπ’

309 5135 584 5209 εὐηθείας
620 5131 1172 5206 συμπεριγράφεσθαι
1201 5133 1267 5202 τῇ
1304 5129 1471 5182 εἰκόνι
1497 5127 1904 5198 τερατεῦονται.

2022 4489 2168 4560 pingi
2208 4499 2373 4559 queat
2421 4489 2583 4560 782
2630 4505 2693 4544 ac
2741 4489 3146 4554 circumscribi,
3182 4490 3348 4544 etiam
3397 4506 3598 4559 corpus

2019 4582 2221 4637 Christi
2248 4582 2555 4637 istiusmodi
2575 4583 2778 4652 pariter
2803 4581 3038 4636 fateatur
3061 4597 3282 4636 necesse
3316 4581 3407 4636 sit.
3439 4581 3593 4647 Quod

2022 4671 2066 4724 si
2100 4672 2336 4726 alterum
2390 4687 2500 4726 non
2529 4671 2793 4734 admittit,
2834 4686 2964 4740 ergo
2998 4684 3102 4724 nec
3140 4669 3416 4739 primum;
3447 4670 3596 4740 quod

2026 4777 2056 4816 a
2091 4762 2303 4816 ratione
2338 4777 2565 4832 prorsus
2591 4762 2877 4826 abhorret,
2905 4771 3098 4830 estque
3140 4761 3459 4816 ridiculum.

2093 4854 2182 4908 2T.
2207 4854 2324 4909 Non
2344 4870 2474 4925 ergo
2497 4869 2598 4909 nos
2617 4855 3149 4920 circumscribimus,
3175 4854 3269 4910 sed
3298 4855 3595 4925 pingimus.

2025 4947 2132 5002 Sed
2176 4957 2233 5002 et
2280 4947 2429 5001 aliud
2461 4947 2648 5002 miseri
2703 4947 2999 5003 absurdius
3041 4947 3280 5002 inaniter
3307 4948 3513 5019 iactant
3539 4962 3602 5001 ac

2022 5038 2304 5094 eﬂ'utiunt.
2354 5039 2527 5104 Quem
2587 5039 2732 5093 enim
2793 5038 3334 5108 incircumscriptum
3388 5037 3602 5101 dicunt,

2014 5145 2121 5198 qua
2146 5131 2396 5184 fatuitate
2423 5130 2634 5196 nescio,
2656 5147 2763 5186 una
2791 5147 2918 5187 cum
2953 5131 3189 5202 imagine
3217 5129 3600 5186 circumscribi

1631 5287 1868 5346 VARIJE
1898 5288 2306 5347 LECTIONES.

427 5426 478 5459 ”
492 5422 704 5478 ἐκεῖθεν
747 5419 810 5476 C.

323 5499 376 5534 ”
402 5497 505 5552 atat
540 5502 666 5564 post
689 5492 847 5564 τοῦτο
904 5502 1013 5564 om.
1073 5491 1133 5564 υ.

317 5553 907 5632 “avehensaan
960 5558 1045 5632 Ρε-
1124 5553 1458 5632 "EF-5W?-

317 5657 442 5693 nm.
475 5635 541 5690 C.
651 5626 845 5702 “391]
866 5627 986 5702 #7:?)
1005 5626 1064 5681 C-

1249 5483 1295 5515 ”
1325 5480 1682 5553 ἐδογμάτισεν
1700 5480 1765 5553 Ρ.

936 5417 978 5449 ⁸⁸
1033 5411 1530 5485 σχηματοφυλακὴν
1592 5409 1925 5481 ἡθροισμένα
1981 5407 2042 5462 Ρ.
2152 5411 2197 5442 ⁸³
2237 5410 2474 5480 Χριστοῦ
2527 5410 2652 5465 add.
2706 5408 2767 5464 C.
2905 5409 2950 5440 "
3000 5407 3488 5477 παραπληροῦντες
3539 5407 3600 5458 C.

940 5503 1013 5540 m.
1073 5489 1133 5540 υ.
1249 5483 1295 5515 ⁸⁸
1325 5483 1682 5553 ἐδογμάτισεν
1706 5480 1765 5536 Ρ.
1855 5479 1904 5512 ⁸⁸
1939 5478 2094 5549 ἡλίου
2147 5481 2280 5547 πρδς
2345 5480 2561 5551 δένδρον
2602 5479 2664 5537 Ρ.
2748 5480 2793 5511 ⁸⁷
2828 5478 2966 5550 ᾔδει,
3013 5481 3062 5531 εἰ
3120 5475 3420 5558 ἐκτμηθείη
3451 5475 3511 5527 τὸ
3545 5476 3606 5530 Ρ.

963 5558 1022 5604 Ρ-
1124 5555 1169 5586 ⁸⁸
1207 5553 1351 5604 ἕξειν
1397 5553 1458 5604 Ρ.
1581 5551 1628 5583 ⁹⁰
1650 5551 1759 5604 γὰο
1820 5549 1945 5604 add.
2003 5547 2065 5602 C.
2178 5552 2221 5582 ⁹¹
2247 5550 2452 5603 τούτων
2503 5569 2555 5602 τι
2604 5551 2664 5604 C.
2784 5550 2829 5581 °‘
2853 5547 2982 5604 τῶν]
3041 5551 3100 5602 τὸ
3138 5549 3197 5602 Ρ.
3325 5546 3606 5604 ⁹²ανάγκη

1581 5551 1759 5623 ⁹⁰γγὰρ
1820 5549 1945 5604 add.
1976 5549 2065 5623 AC.
2178 5552 2221 5582 "
2247 5549 2579 5623 ro_titwv:frt_
2604 5551 2664 5605 C.
2701 5619 2711 5623 _
2784 5549 2916 5602 ’⁸⁷τᾶ

1169 5625 1217 5656 ⁸⁵
1247 5625 1562 5694 παρήτηταξ
1620 5622 1701 5694 C,
1729 5619 2036 5694 παραπαίει
2075 5635 2264 5694 margo

2152 5411 2197 5442 ⁸³
2237 5410 2474 5480 Χριστοῦ
2527 5410 2652 5480 add.
2706 5408 2767 5464 C.
2839 5409 2950 5480 in"
3000 5404 3496 5480 napanlnpoﬁyts;

2178 5552 2221 5582 "
2247 5547 2567 5621 roti'rwv'ct
2604 5551 2664 5605 C.
2703 5619 2710 5621 ξ
2784 5547 2982 5621 ⁹¹’τῶν]
3041 5551 3100 5621 το
3138 5549 3197 5602 Ρ.

2459 5620 2582 5686 "si
2615 5619 2861 5691 ἀνάγκης
2898 5619 3022 5674 add.
3047 5619 3110 5674 C.

3325 5547 3370 5578 ”
3393 5546 3610 5614 ἀνάγκη

3211 5619 3256 5650 ⁸⁷
3288 5619 3383 5670 καὶ
3418 5617 3478 5669 τὸ
3513 5618 3605 5669 τοῦ

600 5699 786 5772 σῶμα]
818 5687 1040 5753 κάκεῖνο
1068 5695 1131 5751 C.
1208 5695 1254 5726 ’⁸
1283 5687 1496 5748 δίδωσίν
1527 5692 1586 5748 Ρ.
1664 5693 1709 5724 ⁹⁹
1742 5687 1917 5743 κενολ.
1950 5687 2143 5759 δὲ]καὶ
2176 5687 2353 5744 κένολ.
2388 5689 2450 5745 C.

669 5801 940 5860 ΡΑτιιοι..
984 5794 1099 5854 Gn.
1144 5790 1294 5854 CIX.

3151 5779 3230 5846 2'1
