3996 6208
553 361 653 427 851
1815 361 2133 425 GEORGII

2176 362 2515 423 nomen!
3637 374 3721 437 853

554 474 703 529 mine
738 473 939 539 lcasia,
988 474 1148 541 longe
1184 470 1605 527 formosissima.
1659 472 1777 539 Qua
1804 474 1919 529 visa
1950 474 2132 529 Theo-

2246 475 2495 538 Είκασὶα,
2548 475 2859 545 ὡραιοτάτη
2916 474 3057 527 πάνυ
3093 491 3104 503 ·
3158 474 3225 542 ἣν
3273 474 3385 529 ίδὼν
3425 478 3636 549 Θεόφιλος
3658 490 3730 539 καὶ

554 568 760 637 philus,
798 567 1028 636 ejusque
1052 565 1287 619 nimium
1328 576 1596 635 quantum
1637 566 1867 638 gratiam
1907 578 2136 639 stupens

554 676 619 715 ac
656 659 923 729 speciem.
974 657 1019 712 Α
1055 656 1295 724 muliere,
1343 659 1544 728 inquit,
1588 668 1911 715 emanarunt
1967 661 2133 718 mala.

554 752 789 819 Reponit
833 750 924 803 illa
956 749 1377 804 subverecunde
1397 761 1449 804 et
1482 766 1609 805 cum
1650 752 1862 821 pudore
1894 770 1906 804 :
1955 751 2059 808 Sed
2088 762 2137 805 et

554 859 634 897 res
660 843 904 897 meliores
961 861 995 896 a
1039 844 1262 897 muliere
1314 846 1626 898 exuberant.
1668 846 1718 899 ls
1751 847 1937 901 animo
1970 846 2139 902 otIen-

553 951 647 991 sus
678 936 952 991 sermonis
981 936 1229 1003 licentia,
1255 953 1318 992 ea
1354 938 1566 1002 relicta,
1601 938 1803 991 malum
1834 937 2139 993 Theodore;

554 1027 727 1092 dedit,
760 1044 829 1083 ex
862 1029 1272 1099 Paphlagonum
1300 1039 1484 1099 gente.
1527 1029 1769 1084 Coronat
1798 1030 2140 1099 Theophilus

554 1120 902 1175 Theodoram
936 1124 991 1176 in
1023 1123 1267 1178 oratorio
1299 1123 1355 1177 S.
1393 1122 1679 1192 Stephani,
1726 1123 1840 1191 ipse
1873 1138 1980 1177 una
2012 1137 2137 1177 cum

553 1211 675 1281 ipsa
716 1213 1299 1282 nuptialibuscorollis
1336 1214 1573 1268 donatus
1597 1214 1666 1267 ab
1696 1214 1937 1267 Antonio
1970 1216 2141 1283 patri-

554 1303 745 1365 archa,
781 1302 1059 1372 donatque
1083 1302 1365 1372 Augustali
1394 1317 1607 1357 corona
1640 1303 1695 1356 in
1720 1312 1907 1357 sancta
1935 1303 2137 1358 Pente-

555 1399 727 1445 coste.
782 1390 1037 1459 Tumque
1063 1391 1119 1443 in
1150 1390 1397 1461 Magnam
1432 1390 1719 1445 ecclesiam
1747 1406 2007 1460 processu
2039 1392 2138 1445 ha-

556 1481 673 1535 bito
702 1480 893 1535 multis
922 1481 1211 1552 magnifice
1241 1482 1613 1551 patriarcham
1652 1492 1707 1536 et
1739 1483 1953 1537 clerum
1977 1498 2141 1537 sena-

558 1583 786 1641 tumque
830 1573 1051 1642 accipit.
1088 1573 1261 1627 lcasia
1310 1588 1443 1627 vero
1478 1572 1695 1641 imperii
1735 1588 1831 1642 spe
1879 1573 2141 1627 frustrata

557 1665 956 1720 monasterium
987 1666 1278 1730 exstruxit,
1321 1666 1376 1719 in
1408 1681 1518 1735 quo
1551 1666 1717 1720 etiam
1750 1681 1907 1720 coma
1938 1665 2138 1736 posita,

557 1758 922 1827 religiosaque
957 1758 1209 1828 paliestra
1242 1773 1459 1811 merens
1484 1772 1549 1811 ac
1578 1756 1995 1826 philosopharis,
2030 1756 2139 1810 Deo

557 1851 660 1904 soli
688 1849 880 1904 vivens
918 1850 972 1903 in
996 1850 1159 1904 linem
1196 1864 1370 1918 usque
1396 1848 1521 1903 vitae
1550 1848 1941 1918 perseveravit.
2009 1847 2140 1913 Qua:

556 1951 614 1996 et
650 1941 856 2010 ingenii
880 1941 965 1996 sui
993 1942 1225 2009 plurima
1257 1942 1479 2009 reliquit
1512 1949 1885 2003 monumenta,
1928 1940 1982 1994 in
2017 1940 2140 2010 qui-

558 2034 661 2089 bus
688 2035 821 2088 illud
845 2044 957 2099 est,
974 2035 1211 2099 Domine,
1232 2036 1285 2087 in
1314 2034 1490 2087 multis
1509 2035 1768 2103 peccatis;
1798 2034 1977 2103 magni
2007 2033 2137 2086 item

558 2126 781 2183 Sabbati
815 2126 1155 2181 tetraodium
1181 2126 1313 2180 illud
1345 2143 1358 2178 :
1388 2126 1649 2193 [nsipiens
1690 2124 1881 2188 vetule,
1924 2125 2139 2194 aliaque

557 2220 853 2275 nonnulla.
921 2218 1274 2289 Imperatoris
1328 2233 1463 2272 vero
1516 2227 1691 2272 mater
1756 2217 2137 2287 Euphrosyna,

559 2319 757 2381 sponte
786 2310 979 2366 relicta
1012 2311 1157 2372 aula,
1194 2309 1249 2363 in
1283 2324 1384 2364 suo
1406 2309 1763 2373 monasterio,
1793 2309 1880 2362 cui
1914 2308 2141 2363 Gastriaz

561 2419 786 2467 nomen,
826 2402 1089 2457 sanctiori
1118 2401 1224 2455 ritu
1249 2401 1519 2471 privatam
1545 2401 1713 2455 vitam
1749 2400 1882 2470 egit.

632 2496 791 2566 791
843 2495 898 2550 Ξ.
959 2494 1189 2549 Indictis
1234 2493 1576 2549 circensibus
1608 2493 1950 2562 TheOphiIus
1985 2493 2147 2563 jubet

563 2588 736 2643 Leoni
779 2586 1228 2643 Chamaedraconi
1283 2587 1707 2655 prolovestiario
1762 2600 1896 2651 suo,
1953 2586 2143 2639 multi-

565 2680 733 2733 fidum
775 2686 836 2732 ut
876 2677 1272 2733 candelabrum
1354 2676 1580 2742 afferat,
1642 2676 1790 2746 quod
1836 2677 1891 2730 in
1942 2675 2145 2730 Leonis

562 2769 808 2825 Armenii
836 2769 984 2824 caede
1020 2758 1202 2822 fuerat
1236 2766 1417 2837 gladio
1446 2768 1809 2823 conscissum.
1845 2768 1998 2824 Actis
2034 2768 2143 2821 cir-

562 2861 824 2918 censibus
865 2869 1117 2915 senatum
1153 2874 1372 2914 omnem
1402 2859 1467 2913 ad
1501 2874 1559 2913 se
1588 2868 1854 2913 convocat
1878 2860 1933 2913 in
1961 2860 2143 2913 locum

562 2969 729 3024 quem
767 2953 990 3007 Sessum
1031 2960 1252 3006 vocant.
1298 2951 1683 3021 Productoqnc
1718 2952 2055 3006 candelabro
2082 2967 2145 3005 ac

562 3046 675 3102 illis
702 3053 944 3111 ostenso,
977 3046 1212 3115 quaerit:
1271 3044 1373 3110 Qui
1419 3046 1471 3097 in
1523 3043 1772 3115 templum
1804 3044 2016 3098 Domini
2064 3046 2145 3097 in-

563 3157 771 3211 gressus
817 3140 1079 3193 christum
1112 3137 1324 3191 Domini
1353 3138 1592 3207 peremit,
1633 3154 1737 3207 qua
1769 3136 1958 3206 dignus
1991 3153 2143 3207 pwna

2238 565 2644 636 ὑπεραγασθεὶς
2702 566 2872 635 αὐτὴν
2932 564 3025 619 τοῦ
3051 565 3276 629 κάλλους
3300 567 3394 637 ἔφη
3418 569 3483 634 ὡς
3509 573 3625 641 Ἀρα
3654 575 3729 630 διὰ

2237 656 2525 726 γυναικὸς
2564 656 2745 724 ἐρῤὐη
2786 654 2857 707 τὰ
2886 654 3109 723 φαῦλα.
3157 653 3217 706 Ἡ
3248 653 3301 706 δὲ
3331 657 3437 723 μετ’
3462 659 3611 721 αἰδοῦς
3643 680 3730 723 πως

2240 749 2572 818 ἀντέφησεν·
2618 747 2799 800 Ἀλλὰ
2846 747 2943 802 καὶ
2998 745 3096 798 διὰ
3129 745 3401 813 γυναικὸς
3447 749 3648 817 simul,“
3683 754 3735 805 τὰ

2240 843 2571 910 κρείττονα.
2601 842 2660 893 ’0
2687 840 2745 893 δὲ
2766 839 2843 909 τῷ
2876 840 3022 911 λόγῳ
3048 839 3144 909 τὴν
3166 839 3385 909 καρδίαν
3418 841 3613 910 πληγεὶς
3634 845 3736 897 ταύ-

2239 952 2339 1005 την
2382 933 2480 1004 μὲν
2515 934 2715 998 εἴασεν,
2782 931 3037 1002 Θεοδώρᾳ
3084 931 3141 983 δὲ
3193 930 3253 984 τὸ
3299 932 3452 1001 μῆλον
3495 935 3735 999 ἐπέδωκεν,

2240 1025 2374 1096 οὔσῃ
2407 1027 2471 1077 ἐκ
2500 1023 2888 1092 Παφλαγόνων.
2909 1023 3105 1091 Στέφει
3126 1020 3398 1091 Θεοδὼραν
3421 1025 3470 1075 ὲν
3492 1024 3555 1090 τῷ
3575 1027 3735 1094 εὐκτη-

2243 1119 2342 1187 ρίῳ
2370 1117 2462 1170 τοῦ
2508 1116 2689 1183 ’Λγίου
2732 1116 3033 1184 Στεφάνου,
3067 1114 3317 1182 στεφθεὶς
3349 1116 3435 1168 καὶ
3476 1117 3609 1180 αὐτὸς
3649 1119 3741 1187 bna

2241 1212 2380 1281 αὐτῇ
2415 1210 2519 1263 ὑπὸ
2555 1209 2841 1263 Ἀντωνίου
2897 1207 3243 1277 πατριάρχου
3280 1208 3368 1260 καὶ
3397 1209 3466 1278 τῷ
3490 1210 3570 1262 τοῦ
3598 1210 3740 1279 γάμου

2243 1306 2337 1357 καὶ
2368 1304 2444 1372 τῷ
2468 1305 2566 1373 τῆς
2606 1301 2882 1372 βασιλείας
2924 1301 3131 1369 στέφει.
3173 1304 3242 1371 τῇ
3272 1302 3396 1371 ἁγίᾳ
3438 1303 3740 1371 Πεντηκοστῇ.

2244 1396 2519 1450 Κάκεῖθεν
2596 1394 2867 1467 προῆλθεν
2966 1396 3025 1446 ἐν
3092 1397 3158 1463 τῇ
3226 1394 3441 1465 Μεγάλῃ
3504 1394 3740 1463 ἐκκλησία,

2246 1490 2746 1561 φιλοτιμησάμενος
2808 1488 3022 1550 πολλοῖς
3077 1486 3169 1539 τὸν
3223 1488 3543 1557 πατριάρχην
3579 1488 3668 1555 ἆμα
3688 1487 3744 1553 τῷ

2246 1583 2432 1653 κλήρῳ
2464 1583 2559 1635 καὶ
2616 1582 2713 1651 τῆς
2764 1580 3073 1651 συγκλήτου
3125 1582 3221 1633 ’⁹’.
3265 1577 3325 1632 Ἦ
3352 1581 3403 1633 δὲ
3452 1580 3647 1633 Είκασία
3674 1578 3744 1647 τῆς

2248 1673 2522 1743 βασιλείας
2580 1671 2928 1742 ἀποτυχοῦσα
2978 1672 3144 1743 μονὴν
3180 1672 3581 1738 κατεσκεύασεν,
3612 1672 3672 1733 είς
3698 1671 3746 1740 ἢν

2247 1767 2341 1819 καὶ
2368 1765 2805 1835 ἀποκειραμένη,
2820 1764 3068 1817 ἀσκοῦσα
3086 1764 3178 1817 καὶ
3213 1761 3574 1834 φιλοσοφοῦσα,
3594 1760 3749 1831 τῴθεῷ

2248 1857 2394 1927 μόνῳ
2452 1854 2603 1919 ζῶσα
2650 1853 2923 1907 διετέλεσε
2956 1854 3334 1925 μέχριτέλους
3368 1854 3502 1921 ζωῆς
3526 1850 3747 1919 αὑτῆς.ἠ

2243 1949 2339 2003 καὶ
2368 1946 2778 2016 συγγράμματα
2812 1944 2981 2014 αὐτῆς
3037 1944 3269 1997 πλεῖστα
3290 1944 3635 1997 καταλέλοιπεν
3653 1983 3664 2004 ,
3693 1940 3751 2003 τό,

2245 2041 2442 2107 Κύριε,
2475 2038 2512 2105 ἡ
2547 2037 2616 2090 ἐν
2653 2035 2913 2101 πολλαῖς
2940 2036 3260 2104 ἁμαρτίαις
3285 2051 3300 2065 ·
3326 2036 3415 2088 καὶ
3456 2033 3539 2086 τοῦ
3570 2030 3751 2101 μεγάλου

2244 2124 2525 2177 Σαῦδάτου
2584 2123 2644 2175 τὸ
2705 2122 3061 2192 τετραῴδιον·
3100 2124 3346 2191 ’Ἄφρων
3392 2121 3635 2193 γηραλέε,
3688 2120 3754 2170 καί

2246 2216 2380 2272 ἄλλα
2429 2216 2572 2269 τινά.
2617 2215 2682 2267 ’11
2730 2214 2786 2267 δὲ
2842 2213 2936 2266 τοῦ
2972 2214 3241 2284 βασιλέως
3289 2215 3463 2285 μήτηρ
3501 2209 3755 2280 Εὑφροσύνη

2245 2310 2507 2371 ἑκουσίως
2523 2306 2865 2362 κατελθοῦσα
2886 2308 2981 2361 τοῦ
3015 2309 3287 2363 παλατίου
3316 2312 3370 2361 ὲν
3391 2310 3453 2379 τῇ
3474 2308 3592 2377 μονῇ
3614 2303 3754 2370 αὐτῆς,

2246 2397 2280 2475 ᾖ
2310 2404 2354 2433 ⁸ο
2384 2401 2670 2470 ἐπώνυμον
2698 2401 2767 2454 τὰ
2798 2402 3058 2473 Γάστρια,
3083 2401 3381 2471 ἡσύχασεν.

2321 2494 2388 2564 β’.
2428 2494 2686 2564 Ἐποίησε
2707 2493 2763 2547 δὲ
2797 2492 3019 2547 ἱππικὸν
3068 2493 3356 2562 Θεόφιλος,
3397 2494 3483 2545 κα)⁵
3520 2488 3758 2560 προσέταξε

2248 2588 2325 2658 τῷ
2361 2587 2808 2657 Χαμαιδράκοντι
2838 2587 3027 2640 Λέοντι
3052 2586 3130 2657 τῷ
3148 2583 3611 2657 πρωτοόεστιαρίῳ
3639 2577 3759 2632 αὐτώ

2250 2683 2477 2750 ἀγαγεῖν
2506 2680 2565 2734 τὸ
2595 2680 2999 2750 πολυκάνδηλον
3030 2681 3090 2731 τὸ
3124 2680 3187 2731 ὲν
3230 2683 3296 2751 τῇ
3340 2680 3513 2747 σφαγῇ
3560 2674 3642 2727 τοῦ
3676 2672 3763 2739 ’Δρ-

2254 2773 2438 2844 μενίου
2501 2773 2729 2837 Λέοντος
2792 2772 2935 2841 ξίφει
2994 2772 3287 2828 διακοπέν.
3360 2771 3461 2824 Τοῦ
3506 2762 3763 2822 ίππικοῦᾶ

2250 2866 2597 2930 τελεσθέντος
2658 2865 3104 2937 προσεκαλέσατο
3157 2867 3348 2919 πᾶσαν
3394 2866 3488 2933 τὴν
3528 2858 3763 2926 σύγκλητον

2251 2964 2308 3015 ἐν
2350 2960 2425 3029 τῷ
2486 2956 2766 3027 λεγομένῳ
2816 2956 3153 3026 Καθίσματι,
3199 2957 3292 3009 καὶ
3331 2954 3389 3007 τὸ
3439 2945 3764 3014 πολυκάνδηλω

2252 3052 2537 3122 ἐξαγαγὼν
2572 3051 2665 3104 καὶ
2693 3050 2983 3117 ὑποδείξας
3038 3051 3231 3114 αὐτοῖς
3276 3051 3379 3120 ἔφη
3401 3066 3414 3079 ·
3448 3048 3506 3101 '0
3541 3047 3615 3109 είς
3657 3038 3767 3095 ναὸν

2254 3148 2476 3215 Κυρίου
2532 3144 2953 3212 εἰσερχόμενος
3015 3145 3111 3196 καί
3173 3143 3431 3214 χριστὸν
3481 3138 3767 3207 Κυρίου

2175 1820 2217 1875 Β

563 3232 685 3285 est?
731 3229 1038 3300 Respondit
1080 3239 1343 3283 senatus:
1382 3228 1625 3292 Domine,
1675 3244 1794 3282 reus
1835 3228 2018 3281 mortis
2047 3238 2141 3283 est.

2250 3204 2447 3293 νεῦων
2488 3204 2867 3301 τινος-
2922 3204 3125 3300 έῖξιοω
3172 3204 3239 3288 εὖ
3291 3236 3345 3288 δὲ
3379 3204 3650 3301 σύγκλητος
3674 3226 3769 3279 asc-

563 3327 796 3395 Moxque
845 3324 1103 3394 praefecto
1145 3322 1297 3381 iubet
1333 3330 1395 3375 ut
1435 3337 1553 3381 eos.
1588 3322 1681 3391 qui
1726 3338 1851 3377 cum
1886 3323 2146 3378 Michaelc

563 3429 719 3489 patre
746 3433 847 3473 suo
868 3416 1107 3471 Leonem
1138 3415 1341 3469 sustnlc
1354 3424 1496 3479 rant,
1528 3422 1708 3470 tentos
1730 3416 1783 3469 in
1805 3415 1950 3471 Circi
1980 3415 2147 3469 funda

564 3512 745 3581 capite
787 3510 1027 3580 plectat,
1080 3508 1251 3560 multa
1299 3507 1431 3559 licet
1478 3506 1849 3576 objectantes,
1896 3507 2147 3562 dicentes

566 3602 824 3672 injustam
852 3615 975 3655 esse
1003 3598 1353 3653 sententiam.
1388 3597 1505 3650 Non
1544 3600 1705 3663 enim,
1752 3599 2003 3662 aiebant,
2043 3600 2144 3652 im-

566 3700 799 3761 perator,
834 3691 933 3743 nisi
971 3689 1115 3760 patri
1140 3697 1224 3741 tuo
1250 3704 1477 3742 essemus
1504 3688 1773 3753 auxiliati,
1800 3698 1854 3742 tu
1888 3690 1942 3743 in
1960 3691 2145 3743 tlirono

563 3784 803 3837 sedisses.
838 3782 1009 3852 Inque
1037 3796 1163 3835 eum
1186 3782 1412 3836 modum
1440 3781 1541 3836 sub
1573 3781 1821 3836 omnium
1846 3783 2024 3837 oculis
2049 3799 2142 3837 ca-

564 3875 675 3947 pite
705 3875 849 3945 plexi
877 3884 1024 3939 sunt,
1043 3890 1110 3930 eo
1131 3874 1355 3945 quidem
1380 3884 1647 3944 praetextu
1675 3876 1820 3944 quod
1852 3875 1906 3929 in
1940 3876 2143 3945 templo

564 3968 783 4023 Domini
805 3968 924 4023 ausi
959 3976 1144 4023 essent
1173 3967 1379 4023 caedem
1421 3976 1663 4037 patrare,
1703 3984 1905 4025 revera
1958 3980 2141 4024 autem

565 4060 773 4116 idcirco
819 4059 951 4130 quia
984 4060 1255 4115 hatretica-
1290 4059 1564 4128 pravitate
1606 4058 1875 4124 sodalem,
1914 4060 2141 4129 parique

563 4154 633 4210 ad
654 4153 994 4225 impietatem
1018 4168 1209 4217 sensu,
1246 4168 1381 4208 nece
1404 4151 1779 4207 sustulissent.
1811 4150 2144 4207 Adhairebat

562 4245 713 4301 enim
749 4247 1024 4301 scelestus
1054 4245 1221 4299 homo
1254 4244 1366 4299 Deo
1402 4243 1725 4299 exsecrabili
1772 4243 1921 4299 illius
1946 4245 2141 4299 haeresi

562 4345 619 4391 ct
646 4352 676 4390 a
716 4336 920 4407 pietate
965 4335 1339 4400 abhorrebat;
1394 4334 1490 4404 qui
1530 4333 1795 4388 nimirum
1843 4334 2141 4405 imaginum

562 4428 697 4483 alias
727 4428 1012 4491 evelleret,
1037 4427 1171 4480 alias
1200 4425 1489 4488 ell‘oderet,
1504 4424 1915 4493 monachosque
1937 4425 2142 4493 pietate

2251 3331 2501 3402 κριθεῖσα
2529 3329 2635 3398 ἔφη
2659 3343 2672 3357 ⁸
2705 3327 2909 3394 ’Λξιος
2948 3327 3219 3383 θανάτου
3250 3329 3441 3388 ἐστὶν,
3470 3320 3512 3379 ὦ
3538 3323 3765 3376 δέσποτα.

2252 3423 2363 3475 Καὶ
2393 3422 2554 3483 εὐθὺς
2585 3420 2841 3473 ἐκέλευσε
2873 3421 2999 3483 τοὺς
3036 3421 3132 3473 σὺν
3183 3420 3263 3489 τῷ
3316 3420 3481 3489 πατρῖ.
3512 3412 3653 3470 αὐτοῦ
3692 3408 3768 3462 Μι-

2252 3512 2391 3583 χαὴλ
2424 3512 2514 3565 τὸν
2548 3513 2751 3565 Λέοντα
2806 3511 3092 3574 ἀνελόντας
3139 3514 3241 3565 τὸν
3278 3512 3515 3584 ὕπαρχον
3540 3504 3771 3569 κατασχεῖν

2251 3605 2344 3656 καὶ
2379 3604 2477 3667 τὰς
2512 3604 2750 3672 κεφαλάς
2776 3605 2958 3659 αὐτῶν
3010 3607 3068 3658 ὲν
3098 3608 3168 3675 τῇ
3208 3605 3480 3675 Σφενδόνῃ
3519 3595 3769 3665 ἀποτεμεῖν,

2250 3692 2421 3744 πολλὰ
2481 3691 2958 3763 προϐαλλομένους
3027 3695 3120 3746 καὶ
3176 3694 3437 3765 λέγοντας
3484 3691 3645 3745 ἄδικον
3672 3680 3771 3736 εἶναι

2249 3783 2333 3855 [Ρ.
2371 3782 2505 3852 515]
2527 3783 2626 3854 τὴν
2653 3783 2836 3855 κρίσιν
2862 3783 2991 3837 ’Καὶ
3036 3786 3143 3853 γὰρ
3191 3786 3242 3838 εί
3279 3784 3366 3854 μὴ
3400 3782 3474 3847 τῷ
3515 3776 3770 3845 πατρίσίυ

2247 3875 2807 3945 συνηγωνισάμεθα,
2838 3870 2886 3929 ὦ
2906 3876 3202 3942 βασιλεῦ,
3239 3879 3353 3930 οὐκ
3397 3874 3473 3931 ἄν
3515 3870 3672 3931 αὐτὸς
3701 3861 3772 3931 ἦρ’

2249 3970 2380 4035 ξας.
2410 3971 2522 4023 Καὶ
2577 3967 2642 4038 δὴ
2691 3968 2864 4032 οὕτως
2890 3970 2979 4021 ἐπ’
3011 3969 3173 4038 ὂψεσι
3208 3972 3429 4025 πάντων
3454 3967 3545 4031 τὰς
3587 3957 3770 4028 nesciit;

2248 4063 2669 4135 ἀπετμήθησαν,
2695 4062 3048 4134 προσχήματι
3087 4063 3194 4133 μὲν
3245 4063 3324 4127 ὡς
3368 4064 3448 4126 είς
3476 4061 3593 4112 ναὸν
3623 4052 3771 4121 κυρία

2248 4156 2660 4226 τετολμηκότων
2686 4155 3020 4224 ποιήσασθαι
3051 4155 3154 4226 τὴν
3178 4156 3486 4227 ἀναίρεσιν,
3516 4154 3576 4221 τῇ
3602 4142 3771 4213 ἀληθείᾳ

2246 4247 2303 4300 δὲ
2333 4246 2408 4309 ὡς
2446 4248 2539 4299 τὸν
2580 4245 3012 4317 συναιρεσιώτην
3075 4247 3253 4300 αὑτοῦ
3292 4248 3387 4301 καὶ
3443 4244 3687 4312 ὁμόφρονα
3719 4234 3774 4290 εἷς

2247 4338 2501 4392 ἀσέϐειαν
2534 4338 2984 4401 ἀποκτείναντες.
3014 4337 3213 4409 Εἴχετο
3240 4339 3352 4409 γάρ
3388 4340 3416 4391 ὁ
3442 4333 3687 4401 ἁλιτήριος
3706 4324 3771 4388 τῆς

2246 4430 2458 4483 ἐκείνου
2518 4429 2848 4497 θεοστυγοῦς
2901 4430 3207 4501 αἱρέσεως,
3266 4434 3366 4487 καὶ
3415 4430 3513 4498 τῆς
3559 4417 3774 4477 εὐσεϐείας

562 4521 741 4576 claros
781 4520 976 4575 exsilio
1008 4519 1267 4573 multaret
1306 4532 1370 4573 ac
1399 4517 1724 4573 verberibus
1749 4517 1981 4587 aliisque
2016 4533 2139 4572 cru-

2246 4524 2520 4593 ἀπείχετο,
2565 4523 2674 4576 τῶν
2704 4523 2760 4576 δὲ
2790 4524 3016 4578 εἰκόνων
3050 4526 3091 4556 ⁸¹
3123 4525 3231 4588 τὰς
3255 4525 3360 4595 μὲν
3392 4516 3679 4577 κατασπῶνν
3706 4505 3773 4559 τά(

561 4612 800 4670 ciatibus
820 4612 1237 4669 dehonestaret.

631 4795 685 4852 '5.
719 4794 819 4850 lllo
858 4795 1212 4864 imperatore,
1248 4794 1313 4848 in.
1344 4794 1718 4851 scelestissimi
1741 4794 1865 4864 ejus
1894 4797 2143 4866 tyranni-

563 4906 670 4961 que
697 4887 932 4960 patriam
966 4887 1161 4943 urbem
1198 4888 1509 4957 irruptione
1537 4888 1697 4954 facta,
1725 4888 1985 4944 Saraceni
2016 4906 2142 4945 cum

562 4981 884 5053 iungentibus
907 4979 1105 5049 copiis,
1130 4979 1353 5034 inventa
1388 4980 1479 5033 illa
1501 4980 1715 5035 fortiter
1741 4981 1915 5051 792
1932 4983 2153 5037 munita-

561 5090 625 5129 ac
674 5073 832 5127 valde
888 5070 1321 5142 propugnaculis
1367 5078 1520 5135 tnta,
1564 5070 1808 5142 bellique
1844 5072 2051 5129 ducum
2078 5090 2144 5129 ac

563 5168 912 5223 tribunorum
936 5164 1335 5235 quinquaginta
1359 5164 1615 5233 prmsidio
1642 5165 1801 5231 fulta,
1833 5183 1958 5221 cum
1991 5168 2144 5223 lecta:

563 5259 773 5315 militia:
816 5258 953 5314 viris
982 5258 1296 5328 horumque
1328 5256 1645 5323 ordinibus,
1678 5257 1798 5313 dies
1823 5259 2141 5329 quindecim

563 5353 786 5408 obsessa
820 5367 1005 5408 mense
1030 5353 1276 5423 Augusto
1305 5365 1368 5406 ac
1392 5362 1698 5423 expugnata
1722 5352 1885 5422 vique
1917 5355 2140 5409 subacta

566 5458 627 5499 ac
664 5445 936 5517 eaptivata
990 5443 1216 5501 inﬁnita:
1264 5444 1641 5500 multitudinis
1685 5444 1953 5501 militares
1996 5445 2145 5501 viros

2241 4614 2297 4668 δὲ
2351 4614 2679 4685 ἀνορύττων,
2716 4615 2962 4679 καὶτοὺς
3006 4616 3093 4671 ἐπ’
3126 4617 3396 4687 εὐλαϐείᾳ
3435 4610 3675 4685 μοναχῶς
3716 4598 3774 4661 ἐξ

2245 4707 2443 4778 ορίζων
2470 4707 2564 4760 καὶ
2598 4706 2965 4777 αἰκιζόμενος.

2316 4807 2385 4867 Υὀ
2434 4798 2548 4867 Ἐφ’
2584 4791 2646 4851 οῦ
2678 4799 2771 4852 καὶ
2800 4799 2937 4868 πρὸς
2987 4802 3086 4871 τὴν
3147 4800 3400 4870 πατρίδα
3436 4798 3527 4853 καὶ
3556 4790 3685 4847 πόλιν
3706 4782 3773 4836 αἱ*

2243 4890 2339 4943 τοῦ
2389 4890 2437 4922 ⁸³
2486 4889 2581 4943 τοῦ
2634 4889 2915 4961 ἀλιτηρίου
2966 4891 3061 4943 καὶ
3109 4895 3394 4961 τυράννου
3449 4886 3579 4959 μετὰ
3628 4872 3771 4935 πολλῆἔ

2244 4982 2526 5051 δυνάμεως
2581 4982 2631 5034 oi.
2678 4981 2725 5012 ⁸³
2771 4982 3079 5053 Σαρακηνοὶ
3130 4982 3599 5055 παραγενόμενοι,
3633 4979 3774 5037 καρτε·

2253 5075 2359 5146 ρῶς
2396 5075 2441 5106 ⁸⁸
2461 5074 2832 5145 ὠχυρωμένην
2862 5075 3115 5145 εὑρόντες
3169 5076 3275 5128 καὶ
3319 5060 3775 5140 κατησφαλισμένην

2250 5167 2391 5223 πάνυ
2422 5168 2515 5221 καὶ
2543 5167 2648 5219 ὑπὸ
2703 5167 3031 5241 στρατηγῶν
3080 5168 3444 5239 πεντήκοντα
3482 5165 3527 5197 ⁸⁵
3567 5164 3779 5241 φρουροτξς

2251 5262 2420 5332 μένην
2450 5262 2590 5331 μετὰ
2608 5262 2717 5313 τῶν
2743 5239 2983 5329 λογάδων
3003 5262 3098 5314 καὶ
3124 5259 3245 5313 τῶν
3282 5253 3689 5330 στρατευμάτων
3712 5239 3773 5337 αὖς

2246 5351 2375 5416 τῶν,
2410 5353 2503 5402 καὶ
2531 5350 2735 5419 ταύτην
2792 5350 2859 5403 δι’
2909 5349 3129 5421 ἡμερῶν
3182 5347 3247 5401 ιε’
3310 5345 3601 5415 Αὐγούστῳ
3622 5338 3659 5368 ⁸⁸
3687 5342 3776 5403 μηνί

2254 5442 2695 5514 ὲκπορθήσαντες
2741 5442 2833 5497 καὶ
2867 5443 3207 5512 δορυάλωτον
3265 5441 3552 5510 εἰληφότες
3579 5424 3777 5505 ﬁxum"

1878 5622 2113 5680 VARle
2151 5622 2556 5678 LECTIONES.

640 5741 702 5774 ³³⁸
728 5742 792 5809 τῇ
821 5738 1135 5819 συγκλητιρῖ
1157 5758 1229 5819 _:\_n
1247 5745 1356 5802 τοῖς
1384 5744 1481 5809 τῆς
1502 5742 1805 5819 συγκλήτου
1830 5743 1851 5793 ?
1925 5741 1971 5772 ⁸⁰
1998 5735 2155 5812 ᾖοιιι.

565 5812 610 5847 ’δ
643 5808 992 5886 καρτερικῶς
1022 5808 1090 5865 Ρ(
1156 5812 1201 5843 ⁸⁸
1229 5812 1587 5882 πεντήκοντα]
1621 5818 1667 5881 η’
1710 5812 1769 5864 C.

2184 5738 2247 5792 Ρ.
2324 5716 2697 5807 1θ’·ί5ὲείκλγτε
2719 5742 2860 5795 air“?
2930 5740 2974 5772 θ’
3004 5738 3167 5795 αὑτοῦ
3193 5755 3311 5794 om.
3338 5739 3402 5793 C.
3479 5736 3522 5767 "
3548 5735 3590 5787 οἱ
3620 5720 3783 5785 δοιώ»

1853 5815 1897 5844 κθ
1927 5807 2028 5865 τοῦ
2057 5811 2361 5879 Αὐγούστου
2407 5812 2573 5882 μηνδς
2598 5807 2662 5865 C.
