3996 6208
266 315 368 377 85.3

1351 331 1545 393 VIT/E
1582 334 2132 395 RECENTIORUM
2173 337 2372 396 IMPP.

3390 346 3491 407 Sil

263 441 457 478 τευσαν
494 425 536 456 ⁸⁷
565 426 660 479 καὶ
711 427 1039 484 ἀπέκτειναν
1074 434 1200 487 λαὸν
1250 435 1496 508 ἄπειρον.
1538 441 1827 511 Ἀλλά.μὴν

1947 442 2259 511 plebemque
2298 443 2574 497 occidere.
2617 445 2859 500 Navibus
2886 447 3087 518 egressi
3123 447 3384 518 Cyclades
3416 469 3498 504 in-

264 516 355 568 καὶ
379 516 557 587 πλήθη
590 517 791 572 πλοίων
823 522 1004 574 αὐτῶν
1032 524 1314 588 ἐξελθόντα
1344 529 1442 593 τὰς
1474 531 1759 594 Κυκλάδας
1785 534 1828 564 ⁸⁸

264 608 460 677 νήσους
487 609 793 678 ἡρήμωσαν
826 615 918 665 καὶ
948 615 1042 684 τὴν
1073 618 1298 688 Κρήτην
1331 621 1424 673 καὶ
1447 621 1545 690 τὴν
1583 622 1831 677 Σικελίαν

263 698 590 768 παρέλαϐον.
654 702 762 754 Καὶ
811 702 979 774 ψῦχος
1027 707 1162 759 πολὺ
1215 709 1428 776 γέγονε,
1491 712 1585 765 καὶ
1626 713 1832 783 χειμὼν

261 787 600 857 ἀγριώτατος
632 791 726 842 καὶ
770 791 1099 862 δριμύτατος
1148 798 1218 859 ³,
1268 798 1363 851 καὶ
1398 799 1554 868 λιμὸς
1591 800 1828 870 ἰσχυρὸς,

264 879 357 932 καὶ⁸
387 879 550 950 ἀέρος
579 882 781 951 αὐχμοὶ
831 884 926 936 καὶ
977 885 1304 956 δυσκρασίαι
1350 891 1444 943 καὶ
1503 892 1829 962 ἀνωμαλίαι,

264 968 356 1020 καὶ
416 971 636 1039 σεισμοὶ
683 972 903 1043 φοϐεροὶ
957 977 1050 1029 καὶ
1098 978 1409 1049 ἐπάλληλοι,
1467 983 1563 1052 τὴν
1595 983 1832 1054 ἄμετρον

264 1059 662 1130 ἀπελέγχουσαι
719 1065 814 1116 τοῦ
871 1067 1200 1137 κρατοῦντος
1256 1072 1557 1142 μοχθηρίαν
1601 1075 1695 1126 καὶ
1745 1092 1835 1126 κα-

266 1152 547 1222 κουργίαν.
571 1155 664 1217 El;
699 1157 967 1226 τοσαύτην
993 1161 1101 1231 γὰρ
1131 1164 1444 1230 ἀφιλοθεϊαν
1462 1168 1554 1219 καὶ
1579 1167 1833 1220 ἀπόνοιαν

264 1241 551 1307 ἐξώκειλεν
598 1245 626 1297 ὁ
676 1245 852 1309 ἄθεος,
890 1249 965 1312 ὠς
1003 1252 1048 1283 ⁹⁰
1077 1255 1170 1305 καὶ
1196 1254 1293 1324 τὴν
1315 1255 1409 1308 τοῦ
1453 1255 1832 1326 Κοπρωνύμου

265 1335 358 1387 καὶ
389 1333 500 1386 τῶν
537 1335 901 1407 θηριωνύμων
948 1341 992 1374 ’ί
1023 1343 1266 1414 χαλεπὴν
1305 1346 1403 1398 καὶ
1435 1348 1836 1417 μυσαρωτάτην

265 1427 474 1496 αἵρεσιν
503 1427 881 1500 διαδεξάμενος
916 1431 960 1464 θ’
995 1435 1089 1486 καὶ
1119 1436 1496 1501 ἀνακαινίσας,
1538 1439 1614 1502 ὡς
1671 1441 1836 1509 μηδὲν

264 1512 426 1588 ἦττον
446 1519 492 1550 ’³
512 1519 744 1590 ὀφθῆναι
761 1523 858 1592 τῆς
879 1524 1103 1578 ἐκείνων
1119 1527 1163 1557 ’⁸
1187 1526 1504 1592 δυσσεϐείας
1529 1531 1624 1584 καὶ
1639 1547 1836 1601 παροι-

267 1610 384 1673 νίας
409 1611 723 1680 τυραννίδος
767 1631 823 1666 τε
863 1616 956 1668 καὶ
974 1617 1370 1686 ἐμϐροντησίας
1388 1622 1416 1672 ό
1434 1624 1838 1688 πεφενακισμέ-

268 1715 356 1761 νος
385 1700 480 1752 καὶ
536 1701 905 1774 ματαιόφρων.
948 1705 1101 1758 Ἐπεὶ
1147 1703 1240 1760 οὖν
1274 1711 1341 1778 τῇ
1389 1710 1524 1781 αύτῇ
1561 1712 1839 1782 συσχεθεὶς

1936 531 2083 586 sulas
2117 531 2492 594 devastavere,
2542 531 2868 603 Cretamque
2905 551 2968 589 ac
3001 535 3240 590 Siciliam
3273 529 3382 592 suae
3410 539 3493 591 di-

1936 621 2100 674 tionis
2141 620 2340 676 fecere.
2388 622 2514 675 Fuit
2554 630 2608 675 et
2644 623 2836 693 ingens
2868 623 3062 694 frigus,
3088 625 3500 694 hiemsque'sar-

1933 712 2158 765 vissitna
2213 728 2276 767 ac
2341 713 2675 782 asperrima,
2742 714 3019 784 famesque
3087 717 3299 781 valida;
3355 719 3500 772 aeris

1935 817 2152 872 quoque
2181 803 2436 858 lenitates
2460 812 2515 858 et
2545 814 2709 859 :estus
2729 820 2791 858 ac
2811 805 3161 874 intemperies
3183 815 3236 861 et
3263 808 3501 876 inaequa-

1934 895 2134 959 litates,
2161 894 2428 949 tremendi
2451 895 2580 949 item
2606 904 2762 949 terra:
2792 906 2973 951 motus
2994 913 3057 950 ac
3076 913 3214 966 pene
3227 900 3497 960 continui;

1936 1003 2056 1058 quae
2085 988 2268 1042 omnia
2319 988 2372 1042 in
2420 988 2748 1041 immensum
2804 997 3115 1056 provectam
3156 989 3501 1059 imperatoris

1937 1078 2261 1146 pravitatem
2312 1085 2366 1131 et
2403 1077 2705 1146 nequitiam
2746 1077 3124 1147 redarguendo
3158 1089 3362 1134 essent.
3426 1081 3501 1133 Eo

1936 1169 2082 1222 enim
2126 1168 2212 1220 vir
2257 1167 2798 1236 impiusimpietatis
2828 1159 3503 1238 projectmque'demeutia:

1937 1260 2195 1330 delapsus
2226 1269 2331 1324 est,
2365 1267 2422 1313 ut
2450 1268 2506 1314 et
2549 1258 2880 1329 Copronymi
2901 1268 2956 1312 ct
2986 1259 3184 1313 Leonis
3223 1259 3321 1325 (sic
3347 1260 3501 1328 quasi

1936 1367 2000 1404 ex
2039 1351 2212 1404 bestia
2241 1351 2405 1404 ducto
2434 1352 2675 1418 nomine)
2699 1365 2918 1420 gravem
2967 1349 3501 1418 impurissimamquc

1937 1443 2217 1512 exceperit
2245 1443 2497 1497 hzeresim
2529 1458 2590 1497 ac
2621 1442 3047 1506 instauraverit;
3088 1449 3139 1495 ut
3185 1441 3322 1494 nihil
3359 1441 3505 1494 illius

1939 1535 2206 1603 impietati
2231 1550 2295 1589 ac
2315 1534 2658 1589 bacchationi
2691 1534 3074 1605 tyrannidique
3102 1549 3164 1588 ac
3189 1532 3398 1602 stupori
3424 1548 3476 1585 se
3493 1566 3508 1571 -

1938 1623 2140 1678 ductus
2183 1624 2348 1677 homo
2396 1624 2776 1693 dementisque
2807 1623 2975 1676 animi
3007 1622 3203 1677 cedere
3230 1623 3377 1675 visus
3413 1621 3501 1673 sit.

1941 1715 2398 1785 Quandoquidem
2426 1716 2574 1770 enim
2604 1715 2797 1770 eodem
2821 1716 2939 1785 ipso
2966 1715 3262 1784 impiormu
3287 1713 3504 1766 illorum

268 1788 377 1841 τῶν
427 1791 642 1844 ἀσεϐῶν
705 1793 930 1849 ἐκείνων
979 1797 1074 1850 καὶ
1117 1800 1478 1870 παλαμναίων
1527 1806 1710 1876 ἀπάτῃ
1741 1805 1833 1858 καὶ

1947 1808 2562 1878 scelestissimorumque
2605 1823 2796 1862 errore
2842 1817 2896 1861 et
2950 1815 3173 1875 stupore
3229 1814 3507 1874 oestroque

270 1881 624 1952 παραπληξία
650 1899 708 1935 τε
738 1885 832 1938 καὶ
862 1889 1240 1961 οίστρηλασίᾳ,
1267 1892 1378 1947 τῶν
1399 1894 1466 1947 ἐκ
1488 1895 1835 1965 Μανιχαῖκῆς

273 1970 469 2037 μανίας
516 1974 608 2025 καὶ
674 1973 1018 2048 Ἀρειανικῆς
1075 1980 1276 2050 λύσσης
1317 1983 1684 2055 ὡρμημένων,
1735 1989 1838 2040 πά-

268 2059 348 2113 λιν
375 2062 422 2094 ”
445 2062 681 2134 διωγμὸν
713 2067 808 2119 καὶ¹
833 2069 993 2134 αὐτὸς
1019 2073 1157 2125 κατά
1176 2073 1277 2142 τῆς
1319 2073 1642 2146 Ἐκκλησίας
1658 2077 1834 2131 dicati-

269 2170 374 2218 τως
396 2157 787 2213 ἐπανετείνετο.

247 2303 250 2305 _
343 2241 405 2300 δ’.
436 2245 617 2319 Τούτῳ
645 2249 690 2280 ⁸⁸
721 2250 798 2320 τῷ
824 2252 1058 2324 μισοθέῳ
1088 2255 1287 2324 μᾶλλον
1322 2260 1496 2312 εἰπεῖν
1525 2259 1563 2330 ἢ
1592 2259 1837 2331 Θεοφίλῳ

275 2337 584 2408 προσέφυγε
621 2340 890 2410 Θεόφοεος
924 2344 954 2395 ό
987 2345 1203 2416 Πέρσης
1237 2347 1354 2418 ἃμα
1390 2348 1469 2418 τῷ
1522 2351 1692 2418 πατρὶ
1735 2352 1836 2403 αύ-

272 2427 387 2491 τοῦ,
426 2431 565 2496 μετά
612 2431 838 2500 Περσῶν
884 2434 1118 2502 χιλιάδες
1166 2437 1585 2510 δεκατέσσαρες,
1632 2441 1724 2502 οὒς
1756 2444 1836 2495 δι-

273 2521 484 2589 ένειμεν
511 2525 569 2574 ἐν
605 2526 719 2587 τοῖς
751 2523 947 2594 θέμασι
984 2529 1414 2598 κατασκηνὼσας
1452 2532 1546 2584 καὶ
1579 2533 1659 2594 είς
1684 2533 1839 2602 τούρ-

275 2627 380 2679 μας
431 2613 922 2686 ἀποκαταστήσας,
970 2618 1026 2669 αἳ
1083 2618 1244 2688 μέχρι
1301 2622 1394 2672 τοῦ
1446 2620 1542 2674 νῦν
1595 2621 1839 2689 λέγονται

271 2700 506 2770 τοῦρμαι
550 2704 810 2776 Περσῶν·
856 2707 1016 2760 αὑτὸν
1049 2708 1106 2759 δὲ
1164 2709 1254 2762 τὸν
1286 2710 1554 2780 Θεόφοϐον
1583 2711 1670 2783 [Ρ.
1714 2713 1840 2785 516]

273 2791 353 2854 είς
399 2793 630 2865 ἀδελφὴν
682 2796 963 2870 Θεοδὼρας
999 2799 1318 2871 Αύγούστης
1357 2802 1605 2873 γαμϐρὸν
1656 2805 1844 2874 ἐποιή-

276 2896 424 2940 cato.

350 3150 414 3206 ε’.
451 3153 785 3224 Φιλόκοσμος
802 3156 857 3210 δὲ
880 3157 953 3210 ὢν
970 3160 998 3211 ό
1018 3160 1177 3224 αὐτὸς
1197 3160 1453 3230 Θεόφιλος
1477 3161 1843 3219 κατεσκεύασε
1871 3133 1913 3190 c

271 3243 363 3296 διὰ
411 3244 506 3297 τοῦ
545 3247 802 3316 ἄρχοντος
841 3249 935 3302 τοῦ
1009 3253 1303 3321 χρυσοχόου
1348 3254 1676 3320 λογιωτάτου
1704 3257 1843 3310 πάνυ

270 3336 426 3398 am;
465 3337 558 3388 καὶ
616 3339 907 3406 συγγενοῦς
958 3342 1241 3396 Ἀντωνίου
1293 3347 1630 3417 πατριάρχου
1680 3349 1742 3400 τό
1788 3365 1844 3402 τε

271 3426 691 3498 Πενταπύργιον
735 3431 826 3482 καὶ
859 3431 924 3485 τὰ
948 3432 1040 3486 δύο
1072 3436 1303 3503 μέγιστα
1324 3435 1531 3506 ὄργανα
1556 3437 1840 3508 ὁλόχρυσα,

187 3593 192 3598 ⁷
271 3518 554 3588 διαφόροις
601 3519 770 3584 λίθοις
803 3524 896 3574 καὶ
947 3524 1110 3585 ἐλίοις
1142 3525 1408 3590 καλλύνας
1438 3528 1596 3593 αὐτὰ,
1633 3529 1844 3600 δένδρον

271 3612 327 3664 δὲ
357 3611 613 3680 χρυσοῦν,
659 3614 717 3666 ἐν
753 3607 796 3682 ᾧ
843 3617 1092 3686 στρουθοὶ
1125 3619 1442 3689 ἐφεζόμενοι
1481 3619 1568 3672 διὰ
1599 3621 1845 3692 μηχανῆς

273 3719 420 3766 τινος
453 3705 726 3772 μουσικῶς
755 3706 1060 3762 ἐκελάδουν.
1095 3708 1514 3780 Ἐκαινούργησε
1548 3711 1717 3764 δὲκαὶ
1747 3713 1844 3774 τὰς

276 3794 564 3864 βασιλικὰς
605 3797 795 3860 στολάς
825 3798 852 3849 ό
901 3798 1179 3867 βασιλεὺς,
1222 3801 1533 3864 ἀνανεώσας
1579 3803 1670 3856 καὶ
1707 3820 1844 3874 χρυ-

277 3887 610 3954 σοῦφάντους
643 3890 1055 3954 κατασκευάσας
1094 3893 1220 3955 τοὺς
1271 3894 1597 3963 λεγομένους
1638 3894 1843 3964 λώρους

277 3980 376 4033 καὶ
402 3979 471 4033 τὰ
503 3980 666 4034 λοιπὰ
697 3983 895 4038 πάντα.

351 4154 428 4220 ς’.
480 4157 839 4226 Δικαιοσύνην
885 4175 942 4210 τε
994 4156 1262 4227 κοσμικὴν
1312 4157 1776 4228 προσποιούμενος
1819 4160 1846 4212 ὁ

271 4251 380 4315 τὴν
408 4248 588 4303 πίστιν
615 4249 709 4302 καὶ⁵
728 4249 825 4321 τὴν
850 4249 1130 4304 εὐσέϐειαν
1155 4249 1317 4303 πλέον
1345 4250 1486 4321 ὑπὲρ
1511 4249 1635 4313 τοὺς
1659 4249 1848 4322 πρώην

1941 1901 2251 1964 tenebatur,
2291 1914 2357 1953 ex
2391 1899 2728 1954 Manichaico
2753 1899 2889 1953 ortis
2918 1897 3102 1952 lurore
3146 1882 3507 1964 Arianieaque

1939 1992 2110 2058 rabie,
2156 1991 2601 2060 persecutionem
2649 1991 2765 2060 ipse
2793 2003 3011 2058 quoque
3053 1986 3172 2056 pari
3210 1988 3422 2041 ratione
3453 1987 3505 2040 iu
3608 1987 3614 2022 ξ

1939 2083 2236 2138 Ecclesiam
2254 2082 2509 2138 intendit.

2012 2259 2172 2330 793
2214 2261 2264 2313 4.
2321 2259 2460 2313 lluic
2507 2259 2868 2330 (Misotheum
2917 2259 3100 2324 potius
3149 2257 3362 2319 dicam,
3411 2256 3516 2308 Dei

1940 2368 2188 2414 osorem,
2235 2367 2396 2420 quam
2441 2351 2586 2419 quod
2622 2352 2958 2406 contrarium
3009 2359 3193 2411 sonat,
3231 2346 3505 2413 TheOphi-

1941 2447 2086 2512 lum)
2117 2441 2492 2510 Theophobus
2537 2441 2701 2495 Persa
2737 2457 2842 2494 una
2892 2455 3014 2494 cum
3063 2447 3213 2508 patre
3251 2435 3512 2505 profugus

1942 2533 2192 2597 accessit,
2245 2547 2367 2586 cum
2425 2530 2840 2600 quatuordecim
2898 2531 3186 2584 Persarum
3246 2525 3507 2580 millibus.

1944 2624 2239 2692 Susceptos
2298 2622 2386 2676 ille
2427 2621 2744 2685 distribuit,
2794 2621 3059 2690 sedesque
3123 2633 3220 2689 per
3273 2617 3510 2671 themata

1945 2712 2376 2785 provincialibus
2428 2712 2686 2782 adlegens
2749 2712 3044 2783 assignavit
3097 2727 3158 2763 ac
3224 2707 3516 2763 ordinibus

1947 2804 2282 2869 contribuit;
2334 2804 2710 2873 hactenusque
2755 2819 2951 2857 nomen
2999 2803 3257 2866 retinent,
3290 2818 3353 2856 ac
3387 2804 3514 2857 Per-

1946 2911 2129 2952 sarum
2169 2905 2360 2951 turmm
2409 2894 2660 2949 audiunt.
2698 2897 2878 2964 Ipsum
2927 2912 3058 2949 vero
3091 2894 3510 2963 Theophobum,

1947 2983 2071 3038 data
2133 2982 2319 3037 uxoris
2375 2999 2564 3038 sorore
2628 2984 2682 3036 in
2745 2986 3063 3054 eonjugem,
3123 2983 3227 3036 sibi
3298 2982 3516 3036 afﬁnem

1950 3077 2098 3130 fecit.

2106 3169 2243 3224 Cum
2273 3177 2499 3222 ornatus
2548 3168 2936 3237 elegantimque
2964 3183 3151 3222 amans
3187 3177 3331 3222 esset
3373 3168 3515 3221 idem

1950 3259 2309 3328 TheOphilus,
2338 3274 2436 3327 per
2473 3257 2770 3311 aurilicinae
2802 3259 3128 3327 principem,
3155 3259 3334 3312 virum
3370 3272 3518 3312 sum-

1950 3368 2035 3405 me
2065 3350 2344 3404 eruditum
2371 3357 2534 3418 atque
2552 3349 2807 3404 solertem
2837 3349 3168 3418 Antoniique
3191 3348 3516 3418 patriarchae

1948 3437 2338 3506 propinquum,
2364 3437 2786 3507 Pentapyrgium
2819 3438 2964 3506 quod
2992 3447 3185 3492 vocant
3221 3436 3517 3491 fabricatus

1948 3536 2051 3588 est,
2082 3525 2317 3594 duoque
2349 3525 2582 3579 maxima
2623 3539 2822 3593 organa
2873 3540 3007 3579 auro
3045 3526 3238 3590 solida,
3282 3524 3517 3579 diversis

1949 3618 2148 3687 lapillis
2193 3617 2460 3686 tortisque
2490 3624 2704 3670 ornata.
2729 3617 2964 3671 Auream
2997 3616 3125 3670 item
3152 3617 3422 3679 arborem,
3461 3616 3513 3669 in

1948 3725 2055 3779 qua
2078 3708 2381 3763 insidentes
2418 3707 2644 3763 aviculm
2666 3724 2733 3762 ex
2753 3708 2987 3776 quadam
3024 3707 3274 3762 machina
3310 3709 3518 3762 musice

1949 3799 2322 3853 cantillabant.
2364 3797 2470 3852 Sed
2522 3806 2579 3850 et
2629 3798 2939 3866 imperiales
2976 3806 3155 3853 vestes
3191 3807 3246 3852 et
3290 3798 3517 3868 paluda-

1949 3895 2133 3942 menta
2191 3887 2520 3942 instauravit
2566 3888 2883 3956 imperator,
2947 3904 3218 3943 renovans
3271 3905 3516 3958 auroque

1949 3987 2092 4032 texta
2137 3977 2413 4031 fabricans
2461 3993 2582 4046 qua:
2625 3985 2820 4032 vocant
2867 3979 2982 4032 lora
3031 3995 3096 4033 ac
3144 3979 3350 4052 reliqua
3394 3995 3514 4033 om-

1947 4069 2063 4122 nia.

2018 4161 2068 4214 6.
2102 4160 2398 4225 Justitiam,
2427 4176 2548 4230 qtue
2577 4161 2759 4216 saeculi
2794 4177 2891 4214 usu
2935 4170 3038 4222 est,
3079 4171 3400 4230 praetexens,
3433 4161 3520 4213 vir

1950 4251 2160 4305 scilicet
2180 4251 2273 4319 qui
2301 4249 2460 4304 ﬁdem
2487 4266 2552 4304 ac
2581 4251 2838 4320 pietatem
2866 4266 3032 4320 supra
3057 4267 3154 4306 eos
3181 4252 3274 4320 qui
3307 4251 3517 4321 pridem

273 4327 702 4412 βασιλεύσαντας
750 4342 1034 4412 ἀδικήσας,
1096 4341 1496 4412 προσελθούσης
1541 4341 1689 4412 αὐτῷ
1745 4359 1841 4409 γυο·

1951 4340 2240 4411 imperiutn
2278 4352 2568 4397 tenuerant
2610 4342 2802 4412 majori
2849 4343 3044 4412 injuria
3091 4342 3308 4407 hcserit,
3363 4358 3519 4398 acce-

273 4435 464 4498 ναικὺς
509 4436 684 4506 χήρας
730 4436 788 4486 ἐν
845 4434 1176 4504 Βλαχέρναις
1233 4434 1389 4502 (ἔθος
1417 4435 1526 4504 γὰρ
1571 4429 1639 4504 ἦν
1697 4434 1846 4505 αὐτῷ

273 4531 458 4582 ἐκεῖσε
495 4528 856 4601 ἀπέρχεσθαι)
893 4529 986 4582 καὶ
1026 4528 1300 4597 βοησάσης
1326 4528 1399 4590 ὡς
1424 4528 1659 4581 ἀδικοῖτο
1700 4528 1849 4597 παρὰ

274 4620 378 4674 τοῦ
414 4620 509 4688 τῆς
554 4621 871 4691 Αὑγούστης
918 4618 1146 4688 ἀδελφοῦ
1185 4620 1448 4688 Πετρωνᾶ
1487 4619 1846 4688 δρουγγαρίου

273 4712 380 4783 τῆς
415 4711 605 4783 βίγλης
631 4711 780 4777 ὄντος
803 4729 817 4744 ο
863 4710 1044 4780 ’Υψοῖ
1066 4710 1178 4780 γὰρ
1204 4709 1273 4763 τὰ
1311 4709 1527 4763 ἑαυτοῦ
1561 4708 1850 4777 οἰκήματα

272 4805 406 4870 τοῖς
439 4806 764 4874 κτίσμασιν
791 4799 879 4870 οἷς
909 4803 1271 4872 καινουργεῖ,
1303 4801 1403 4855 καὶ
1448 4801 1520 4854 τὰ
1553 4800 1666 4870 ἐμὰ
1701 4815 1848 4853 σκο-

271 4894 419 4959 τίζει
468 4899 564 4954 καὶ
621 4900 707 4964 εἰς
757 4897 1061 4965 τὸ.μηδὲν
1103 4892 1256 4950 εἶναι
1298 4895 1473 4958 ποιεῖ,
1512 4894 1616 4950 ἅτε
1663 4892 1850 4962 χήρας

271 4995 476 5059 οὔσης
510 4995 1137 5064 καταπεφρονημένης.
1167 4993 1278 5048 Καὶ
1312 4992 1557 5063 παρευθὺ
1591 4991 1849 5046 ἀπέστει-

272 5089 375 5141 λεν
417 5087 714 5142 Εὐστάθιον
753 5088 1050 5158 κυαίστορα
1098 5087 1330 5153 ἐπίκλην
1368 5084 1646 5154 Μοναχὺν,
1695 5085 1753 5136 ἐν
1783 5086 1846 5154 τῇ

289 5177 481 5250 Ὀζείᾳ
508 5177 782 5246 οἰκοῦντα,
830 5180 928 5232 σὺν
963 5179 1150 5233 Λέοντι
1183 5178 1261 5232 τῶ
1303 5177 1594 5246 Συμϐατίῳ
1624 5175 1719 5230 καὶ
1747 5178 1851 5245 Δη-

1952 4434 2113 4488 dente
2151 4433 2217 4486 ad
2249 4449 2374 4486 eum
2409 4433 2640 4487 muliere
2669 4433 2831 4487 vidua
2870 4434 2924 4486 in
2976 4433 3292 4489 Blachernis
3327 4433 3518 4504 (moris

1951 4525 2096 4580 enim
2133 4525 2210 4579 illi
2235 4535 2356 4579 erat
2396 4540 2463 4578 eo
2501 4523 2798 4594 proﬁcisci)
2826 4540 2891 4578 ac
2924 4525 3193 4579 clamante
3227 4526 3423 4595 injuria
3459 4541 3519 4581 se

1951 4617 2089 4672 allici
2124 4633 2154 4669 a
2185 4617 2416 4669 Petrona
2456 4616 2710 4685 Augusta:
2746 4614 2933 4680 fratre,
2962 4615 3315 4667 cxcubiarum
3344 4613 3516 4668 drun~

1952 4713 2142 4783 gario:
2186 4710 2410 4764 Exultat
2446 4712 2584 4762 enim
2619 4710 2752 4763 mdes
2792 4725 2918 4761 suas
2951 4709 3094 4760 nov-is
3123 4706 3376 4772 adiﬁciis,
3403 4723 3519 4775 quae

1952 4803 2194 4866 molitur,
2227 4801 2456 4870 meisque
2495 4798 2734 4852 tenebras
2775 4799 3001 4864 obducit,
3031 4805 3088 4850 ut
3103 4798 3220 4868 jam
3259 4798 3384 4851 mihi
3402 4799 3520 4850 inu-

1954 4895 2068 4948 tiles
2101 4893 2265 4963 794
2295 4893 2478 4962 faciat,
2512 4891 2701 4960 quippe
2729 4905 2846 4960 qua:
2875 4898 3169 4960 contempla
3212 4889 3367 4942 vidua
3395 4889 3514 4941 sim.

1952 4987 2323 5053 Actutumque
2381 4982 2730 5038 Eustathium
2775 4989 3100 5051 quaestorem
3159 4991 3520 5050 cognomento

1953 5077 2302 5141 Monachum,
2327 5075 2383 5130 in
2403 5075 2528 5132 Osia
2548 5074 2858 5146 degentem,
2884 5089 3009 5128 cum
3034 5074 3214 5128 Leone
3239 5073 3520 5143 Symbatio

1955 5177 2011 5223 et
2031 5169 2307 5224 Demetrio
2328 5167 2648 5223 Camuliano
2667 5166 2835 5222 mittit
2861 5166 3202 5236 inspecturos
3221 5179 3353 5218 num
3380 5180 3518 5218 nova

1549 5349 1780 5406 VARUE
1819 5348 2226 5406 LECTIONES.

352 5531 399 5564 ιτ
434 5533 821 5604 ᾐχμαλωτίσθη
845 5603 850 5604 7
876 5533 969 5604 xc}
997 5509 1626 5604 _&vneéon_xetgttava)y
1676 5527 1900 5604 πλῆθος⁸
1926 5528 2186 5604 ἄπειρον,Δ
2227 5526 2318 5604 καὶ
2435 5523 2589 5586 πόλις
2651 5522 2859 5604 ἐκλαύθη
2898 5524 2991 5577 καὶ
3037 5523 3420 5604 κατηρειπῴθη
3453 5524 3515 5604 C_.

273 5605 326 5638 ⁸³
365 5593 609 5655 am—
645 5593 954 5670 Κυκλάδας]
990 5593 1197 5654 ἑαυτῶν
1225 5593 1532 5670 ἐξελθόντες
1556 5600 1650 5662 τὰς
1688 5593 1982 5670 Κυκλάδων
2005 5593 2092 5670 Ρέᾈ
2142 5598 2199 5670 ⁸³,
2221 5593 2555 5670 ἀγριῷτατον
2585 5594 2680 5670 καὶ
2700 5593 3119 5670 δριμύτατονΔΟ,
3156 5593 3380 5650 omissis
3421 5597 3519 5670 καὶ

279 5675 580 5798 ἕξίέῗέίζῖᾷου
685 5674 712 5725 ὁ
733 5671 1359 5814 i9a§§£§§iﬁ~fta§

1316 5669 1359 5701 ⁹¹
1390 5669 1482 5722 καὶ
1507 5668 1851 5737 θηριωνύμου
1884 5669 1945 5722 Ρ.

1549 5734 1592 5771 έδ
1625 5734 1808 5808 Τούτῳ
1845 5768 1908 5779 --
1932 5737 2301 5806 ἐπιφοιτήσεις
2324 5777 2336 5797 ,
2369 5750 2517 5789 num.
2558 5735 2617 5787 lti
2650 5734 2767 5798 lin.,
2821 5735 2923 5789 col.
2956 5735 3081 5798 860,
3110 5751 3220 5792 oni.
3277 5737 3338 5789 (Σ.

2051 5667 2095 5698 9³
2119 5667 2212 5718 καὶ
2257 5662 2672 5735 ἀναδεξάμενόςί
2689 5679 2746 5714 τε
2769 5664 2829 5718 C.
2947 5665 2993 5697 ”
3016 5662 3194 5732 ἥττων
3241 5681 3432 5735 margo
3460 5664 3516 5717 Ρ.
