3996 6208
513 275 622 340 855

1769 288 2086 353 GEORGII
2127 227 2468 361 ΜΟΝᾹΕΗΙ

3639 311 3736 376 856

508 390 742 448 aedilicia
773 392 952 450 viduae
979 393 1189 450 aedibus
1220 401 1418 464 prreter
1443 392 1534 464 jus
1563 392 1749 464 fasque
1778 396 2058 454 oliicerent

2183 407 2400 478 μητρίῳ
2425 406 2504 478 τῷ
2535 409 2923 483 Καμουλιανῷ,
2953 413 3078 468 ίδεῖν
3105 413 3156 467 εί
3183 413 3281 486 τήν
3310 418 3544 484 γυναῖκα
3573 419 3736 476 ἀδικεῖ

511 482 794 541 Abeuntes
828 486 1034 556 itaque,
1067 487 1291 556 visaque
1332 486 1643 542 istiusmodi
1677 488 1894 559 injuria,
1926 505 2076 544 com-

511 585 782 647 pertoque
809 593 939 632 vera
959 592 1080 632 esse
1101 594 1222 647 quae
1245 593 1276 632 a
1306 578 1536 634 muliere
1563 578 1708 635 dicta
1735 588 1892 634 erant
1911 591 2076 652 atque

511 670 748 740 objecta,
781 686 904 724 cum
942 671 1150 726 reversi
1201 682 1407 737 essent,
1438 673 1754 744 imperatori
1789 676 2074 730 renuntia-

509 770 678 826 runt;
708 760 1102 830 convictusque
1148 763 1217 816 ab
1249 763 1331 818 eis
1367 765 1633 820 Petronas
1663 765 1719 818 in
1751 766 1925 820 oculis
1970 766 2074 820 im-

507 852 798 920 peratoris,
832 853 1094 910 detractis
1122 856 1386 920 vestibus,
1410 857 1612 911 acriter
1638 856 1800 912 dorso
1824 857 2070 912 caeditur.

508 942 782 998 Statutum
810 961 943 999 vero
976 955 1062 1000 est
1118 956 1178 1002 ut
1216 957 1457 1020 qpmstor
1499 956 1917 1019 receptoresque
1948 965 2075 1020 par-

508 1031 765 1088 ticulares
803 1049 901 1089 seu
949 1036 1226 1102 custodes,
1260 1038 1547 1101 abeuntes,
1592 1039 1710 1094 solo
1739 1048 1901 1095 tenus
1925 1039 2073 1111 ejus-

504 1121 718 1175 cemodi
745 1123 1175 1182 atdescruerent
1210 1136 1268 1182 et
1291 1127 1507 1181 mulieri
1537 1127 1831 1183 traderent.

570 1301 624 1353 7.
655 1301 903 1356 Alcxium
950 1304 1268 1359 Armenium
1313 1317 1671 1375 cognomento
1713 1306 1938 1370 Musele,
1988 1308 2068 1360 vi-

500 1407 622 1445 rum
647 1391 776 1447 forti
805 1395 1002 1449 robore
1032 1411 1095 1449 ac
1120 1405 1428 1462 strenuum,
1454 1398 1630 1452 locata
1659 1396 1712 1453 ei
1740 1398 1908 1453 Maria
1930 1415 2068 1467 prae-

501 1486 698 1542 dilecta
732 1488 842 1542 lilia
878 1489 931 1544 in
967 1506 1227 1560 generum
1257 1493 1510 1557 ascitum,
1544 1493 1836 1562 patricium
1863 1494 2070 1548 creavit

499 1592 563 1631 ac
585 1577 738 1632 brevi
780 1587 907 1647 post
935 1581 1101 1634 etiam
1146 1583 1485 1652 magistrum.
1533 1585 1885 1639 Postmodum
1912 1600 2064 1652 vero,

498 1672 646 1742 quod
688 1672 742 1726 in
791 1673 1162 1742 suspicionem
1194 1684 1418 1729 venerat
1456 1675 1692 1733 affectati
1739 1677 1977 1750 imperii,
2011 1687 2071 1732 et‘

501 1762 659 1833 quasi
698 1763 755 1816 in
789 1763 966 1833 ipsum
1021 1765 1231 1835 aliquid
1263 1767 1576 1833 moliretur,
1605 1767 1927 1839 magistrum
1965 1768 2066 1822 mi-
2092 1757 2142 1815 Β

497 1854 628 1910 litim
665 1853 968 1924 ducemque
999 1854 1199 1910 Sicilia:
1230 1855 1547 1926 praefectum
1579 1871 1610 1911 a
1636 1873 1693 1912 se
1733 1857 2064 1912 amandavit.

495 1947 689 2013 Qualia
732 1961 866 2001 vero
909 1946 1053 2017 parit
1103 1948 1338 2002 invidia!
1391 1947 1561 2004 Siculi
1614 1948 1836 2018 quidam
1875 1965 2067 2005 ascen-

496 2037 692 2092 dentes
740 2039 884 2107 apud
944 2038 1336 2108 imperatorem
1381 2040 1714 2095 calumniam
1759 2041 2064 2107 instruunt,

495 2129 647 2198 quasi
670 2143 749 2180 res
767 2126 1193 2181 Christianorum
1221 2126 1499 2182 Saracenis
1529 2129 1720 2199 prodat
1739 2139 1786 2183 et
1815 2130 2063 2186 adversus

492 2217 868 2289 imperatorem
922 2235 1002 2272 res
1051 2235 1212 2272 novas
1250 2217 1521 2272 moliatur.
1563 2219 1711 2274 Inter
1759 2219 1877 2274 haec
1922 2219 2066 2274 vivis

492 2319 744 2381 exempta
767 2311 934 2365 Maria
964 2310 1436 2366 desideratissima
1464 2311 1754 2380 TheOphili
1783 2311 1918 2378 lilia,
1945 2313 2064 2383 ejus

492 2419 688 2458 urnam
713 2413 939 2474 argento
969 2404 1276 2468 exornavit,
1310 2410 1632 2472 tomumque
1653 2402 1924 2457 libertatis
1961 2419 2061 2472 po-

491 2494 602 2550 suit
628 2510 692 2549 ac
746 2495 1134 2561 immunitatis,
1172 2496 1266 2565 qui
1308 2493 1376 2548 ad
1423 2510 1544 2549 eam
1587 2494 1784 2563 quovis
1831 2495 2060 2550 crimine

491 2587 626 2642 conf
626 2597 872 2658 agerent.
901 2587 1202 2659 Argentum
1236 2596 1421 2656 postea
1460 2585 1571 2640 Lco
1600 2585 1896 2655 imperator
1924 2601 1954 2640 e
1977 2600 2062 2640 se-

491 2678 685 2748 pulcro
723 2679 980 2734 abstulit..

560 2770 616 2824 8.
661 2768 829 2823 Porro
877 2768 1216 2837 TheOpbilus
1243 2768 1404 2838 795
1445 2767 1793 2823 Theodorum
1845 2768 2059 2837 episco-

486 2875 640 2931 pum,
667 2859 978 2916 Crithinum
1033 2858 1260 2924 dictum,
1312 2868 1426 2913 tum
1477 2859 1532 2912 in
1569 2858 1705 2913 urbe
1745 2866 2056 2913 versantem

487 2967 616 3006 cum
663 2950 887 3006 Alexius
941 2949 1215 3004 calumnia
1265 2948 1542 3018 appetitus
1591 2955 1695 3012 est,
1744 2962 2052 3013 accersens,

487 3042 804 3112 traditaque
848 3056 1010 3096 cruce
1062 3041 1346 3110 pectorali,
1387 3041 1442 3096 in
1474 3040 1716 3096 Siciliam
1746 3041 1916 3106 misit,
1959 3041 2049 3110 qui

480 3135 719 3206 juratam
755 3131 1118 3187 immunitatis
1151 3131 1310 3186 (idem
1355 3132 1546 3187 Alexio
1573 3132 1843 3202 praeberet
1885 3141 1941 3186 et
1985 3132 2052 3186 ad

484 3228 873 3298 imperatorem
927 3225 981 3279 in
1010 3225 1204 3280 urbem
1256 3224 1564 3279 reduceret.
1616 3223 1903 3279 Profectus
1937 3224 2052 3288 ille,

483 3333 550 3375 ac
573 3333 683 3388 qua
730 3317 997 3389 prmditus
1040 3324 1160 3372 erat
1204 3316 1496 3385 prudentia
1530 3316 1846 3388 ingeniique
1897 3332 2054 3387 saga-

482 3410 646 3466 citate
671 3424 934 3480 persuaso
958 3408 1168 3471 Alexio,
1195 3407 1453 3478 dictoque
1487 3408 1537 3462 ei
1569 3408 1848 3473 audiente,
1872 3408 2051 3478 ipsum

482 3501 550 3556 ad
575 3501 966 3570 imperatorem
988 3498 1235 3552 adduxit.
1260 3498 1564 3568 Imperator
1591 3514 1718 3552 mox
1747 3514 2050 3560 reversum.

482 3588 640 3659 quasi
668 3589 918 3642 molitum
955 3584 1300 3656 tyrannidem
1330 3601 1394 3640 ac
1415 3587 1695 3652 rebellem,
1729 3587 2054 3643 verberibus

482 3677 740 3732 alIcctum
798 3677 1196 3745 vinctumque,
1231 3676 1379 3730 omni
1426 3676 1548 3747 ejus
1595 3677 1868 3746 publicata
1917 3678 2050 3732 sub-

481 3768 708 3832 stantia,
762 3767 817 3822 in
875 3783 1152 3824 carcerem
1187 3768 1478 3838 compegit.
1527 3768 1667 3823 Tum
1726 3769 2052 3824 Theodorus

478 3860 672 3916 Alexio
701 3877 714 3914 :
742 3860 802 3914 In
827 3877 986 3916 causa
1011 3877 1129 3914 sum
1153 3860 1297 3930 quod
1319 3861 1438 3914 dira
1466 3861 1573 3916 hate
1592 3863 1772 3915 omnia
1802 3862 2048 3931 patiaris.

478 3950 845 4020 Profectoque
896 3965 965 4005 ex
1013 3967 1165 4007 more
1206 3952 1273 4006 ad
1322 3951 1652 4007 Blaehernas
1698 3953 2047 4022 imperatore,

2182 497 2245 550 τὸ
2285 501 2678 572 καινουργηθέν
2726 503 2960 574 οἴκημα·
3007 505 3059 559 οἶ
3120 507 3214 560 καὶ
3249 507 3599 575 ἀπελθόντες.
3653 516 3733 567 καὶ

2184 587 2512 660 θεασάμενοι
2535 593 2634 664 τὴν
2665 594 2920 665 τοιαύτην
2965 597 3200 662 ἀδικίαν,
3235 600 3328 652 καὶ
3361 600 3735 670 βεϐαιωθέντες

2181 680 2258 744 ὡς
2295 681 2466 753 ἀληθῆ
2494 684 2602 737 είσι
2635 685 2704 739 τὰ
2738 689 2886 758 παρὰ
2923 689 3024 758 τῆς
3051 692 3306 758 γυναικὸς
3336 693 3593 763 ρηθέντα,
3621 696 3734 750 ὑπο-

2184 774 2517 844 στρέψαντες
2555 779 2887 850 ἀνήγγειλαν
2923 781 3002 852 τῷ
3049 783 3274 853 βασιλεῖ.
3331 784 3440 838 Καὶ
3470 787 3559 840 ἐπ’
3595 788 3732 858 ὕψεσι

2180 864 2273 918 τοῦ
2298 865 2564 936 βασιλέως
2593 870 2867 941 ἐλεγχθεὶς
2903 874 3034 944 παρ’
3063 874 3242 927 αὐτῶν
3273 876 3300 928 6
3333 876 3494 940 αὐτὸς
3527 879 3746 952 Πετρωο⁸

2179 959 2296 1022 νᾶς,
2333 959 2578 1023 ἐκδοθεὶς
2600 962 2658 1015 ἐν
2685 962 2765 1033 τῷ
2788 963 2936 1033 μέσῳ
2964 965 3065 1034 τῆς
3093 964 3212 1018 ὀδοῦ
3236 965 3492 1021 τύπτεται
3515 972 3581 1023 τὰ
3600 971 3732 1027 νῶτα

2180 1049 2442 1119 σφοδρῶς.
2479 1051 2700 1123 Ὠρίσθη
2731 1054 2786 1107 δέ
2822 1055 2850 1108 ὃ
2887 1071 2946 1106 τε
2981 1056 3259 1126 κυαίστωρ
3288 1057 3382 1110 καὶ
3408 1060 3455 1110 oi
3486 1061 3733 1131 ἀντιγρα-

2178 1145 2297 1210 ipsi;
2323 1143 2580 1197 ἀπελθεῖν
2603 1145 2698 1198 καὶ
2726 1147 2790 1198 ἐκ
2816 1146 3080 1216 θεμελίων
3107 1148 3396 1218 ἐκδαφίσαι
3423 1152 3488 1204 τὰ
3519 1155 3734 1208 τοιαῦτα

2175 1234 2429 1303 οἰκοδομή
2440 1252 2585 1304 ματα
2615 1237 2707 1289 καὶ
2737 1240 2802 1306 τῇ
2826 1238 3049 1304 γυναικὶ
3077 1240 3433 1310 παραδοῦναι.

2245 1328 2309 1391 ς’.
2342 1321 2510 1388 Οὗτος
2541 1327 2780 1392 Ἀλέξων
2812 1330 2904 1383 τὸν
2936 1330 3243 1402 ’Δρμένιον,
3278 1326 3322 1401 ᾧ
3355 1334 3590 1406 ἐπίκλην
3619 1339 3734 1391 Μω-

2177 1416 2344 1486 σηλέ,
2389 1417 2636 1488 ἀνδρεῖον
2691 1418 2820 1472 ὄντα
2883 1419 2979 1472 καὶ
3029 1421 3311 1490 ῥωμαλέον
3364 1424 3732 1494 εἰσεποιήσατο

2175 1507 2424 1578 γαμϐρὸν
2449 1511 2530 1571 εἰς
2579 1510 2796 1580 Μαρίαν
2833 1509 2930 1581 τὴν
2975 1513 3340 1584 ἠγαπημένην
3378 1512 3531 1584 αὐτῷ
3572 1514 3728 1582 θυγα-

2171 1597 2325 1666 τέρα,
2370 1598 2602 1668 ποιήσας
2640 1599 2802 1653 αὐτὺν
2831 1601 3140 1672 πατρίκιον,
3173 1605 3286 1672 μετ’
3330 1603 3514 1672 ὀλίγον
3555 1604 3609 1659 δέ
3645 1607 3730 1658 καὶ

2176 1687 2498 1757 μάγιστρον.
2526 1685 2658 1742 Εἶτα
2699 1689 2996 1761 ὑπολήψεις
3020 1693 3170 1756 τινὰς
3198 1694 3282 1746 ἐπ’
3312 1693 3459 1764 αὺτῷ
3493 1695 3636 1765 σχὼν
3662 1697 3730 1759 ὡς

2167 1774 2474 1846 ὀρεγομένῳ
2499 1777 2598 1845 τῆς
2643 1777 2938 1847 βασιλείας,
2985 1782 3362 1852 στρατηλάτην
3399 1785 3495 1838 καὶ
3541 1785 3732 1840 δοῦκαν

2166 1869 2275 1937 τῆς
2296 1869 2548 1933 Σικελίας
2593 1871 2922 1942 ἐξέπεμψεν.
2971 1868 3157 1926 Οἷαδὲ
3202 1875 3398 1943 φθόνου
3432 1877 3725 1941 ὠδίνοντος,

2167 1954 2374 2008 Σικελοί
2426 1973 2570 2021 τινες
2605 1959 2915 2022 ἀνελθόντες
2946 1960 3222 2014 διέϐαλλον
3269 1964 3457 2018 τοῦτον
3503 1966 3725 2035 βασιλεῖ,

2165 2044 2240 2108 ὡς
2269 2047 2346 2099 Τὰ
2388 2048 2507 2115 μὲν
2548 2047 2667 2102 τῶν
2697 2049 3068 2116 Χριστιανῶν
3110 2056 3481 2123 Σαρακηνοῖς
3526 2059 3724 2126 apodi-

2163 2135 2333 2204 δωσι,
2372 2139 2524 2193 κατὰ
2547 2140 2615 2192 δὲ
2651 2141 2761 2211 τῆς
2787 2144 3113 2211 ,βασιλείας
3138 2162 3256 2201 σου
3283 2148 3524 2218 μελετᾷ.
3567 2151 3655 2204 Ἐν
3675 2152 3725 2204 δέ

2161 2226 2239 2298 τῷ
2261 2228 2467 2299 μεταξὺ
2504 2231 2832 2302 τεθνηκυίας
2857 2235 3076 2306 Μαρίας
3111 2237 3209 2307 τῆς
3245 2240 3634 2311 πεποθημένης
3656 2242 3730 2313 τῷ

2165 2318 2376 2390 βασιλεῖ
2404 2320 2700 2393 θυγατρὸς,
2723 2324 2822 2395 τὴν
2850 2325 2950 2396 μὲν
2981 2327 3224 2398 λάρνακα
3259 2328 3341 2402 [Ρ.
3366 2331 3496 2405 517]
3529 2334 3723 2406 ταύτης

2161 2411 2220 2478 ἐξ
2262 2412 2505 2486 ἀργύρου
2541 2417 2841 2491 ἐκόσμησε,
2885 2421 2978 2474 καὶ
3033 2423 3198 2493 τόμον
3251 2425 3568 2498 ἐλευθερίας
3619 2430 3722 2491 τοῖς

2162 2507 2595 2577 προσφεύγουσιν
2635 2511 2720 2563 ἐπ’
2754 2512 3061 2584 ἐγκλήματί
3103 2533 3209 2570 τινι
3250 2517 3530 2571 τέθεικεν
3564 2521 3725 2592 ’όνπερ

2159 2597 2400 2669 ἄργυρον
2448 2601 2585 2670 μετὰ
2612 2603 2785 2656 ταῦτα
2834 2605 2986 2660 Λέων
3015 2609 3043 2660 ὀ
3090 2607 3339 2676 βασιλεὺς
3372 2610 3615 2665 ἀνείλετο
3664 2613 3722 2665 ἐκ

2158 2690 2252 2742 τοῦ
2281 2692 2475 2759 τάφου.

2223 2787 2298 2851 η’.
2371 2783 2430 2837 Ὀ
2485 2783 2542 2837 δὲ
2606 2785 2864 2855 Θεόφιλος
2935 2789 3209 2862 Θεόδωρον
3283 2795 3373 2846 τὸν
3435 2796 3721 2848 ἐπίσκοπον

2155 2871 2246 2922 τὸν
2292 2871 2580 2942 λεγόμενον
2628 2876 2885 2945 Κρίθινον
2935 2881 2992 2933 ἐν
3023 2881 3100 2952 τῷ
3155 2884 3335 2955 καιρῷ
3383 2885 3484 2956 τῆς
3537 2886 3720 2941 διασο-

2155 2959 2253 3031 λῆς
2318 2962 2554 3029 ’Δλεξίου
2619 2967 2677 3019 ἐν
2728 2971 2791 3038 τῇ
2845 2970 2995 3024 πόλει
3055 2975 3286 3044 τυχόντα
3353 2979 3722 3047 προσκαλεσά-

2158 3070 2357 3119 μενος,
2409 3059 2502 3109 καὶ
2541 3057 2666 3121 δοὺς
2702 3062 2760 3112 τ’)
2799 3062 2930 3116 ἴδιον
2985 3065 3274 3132 φυλακτδν,
3305 3069 3626 3124 ἀπέστειλεν
3649 3074 3722 3135 είς

2155 3143 2410 3198 Σικελίαν
2471 3147 2655 3202 δοῦναι
2695 3150 2853 3220 λόγον
2907 3155 3175 3222 ἀπαθείας
3222 3160 3299 3229 τῷ
3361 3162 3586 3233 Ἀλεξίῳ
3633 3163 3724 3217 καὶ

2157 3235 2389 3307 ἀγαγεῖν
2417 3238 2475 3292 ἐν
2501 3243 2565 3312 τῇ
2609 3243 2759 3296 πόλει
2793 3247 2930 3315 πρὸς
2962 3249 3145 3304 αὐτόν.
3186 3252 3246 3305 Ὀ
3277 3251 3336 3306 δέ
3360 3255 3608 3308 ἀπελθὼν
3633 3258 3723 3309 καὶ

2154 3330 2222 3400 τῇ
2259 3332 2537 3406 προσούσῃ
2569 3334 2715 3406 αὐτῷ
2773 3340 2984 3394 συνέσει
3019 3343 3215 3409 πείσας
3267 3345 3506 3414 Ἀλέξιον
3550 3349 3722 3420 ἤγαγε

2155 3421 2292 3492 πρὸς
2313 3425 2406 3476 τὸν
2447 3425 2690 3494 βασιλέα.
2725 3430 2823 3484 ’ον
2857 3431 2886 3483 ὀ
2917 3431 3169 3502 βασιλεὺς
3201 3436 3277 3500 ὡς
3317 3439 3590 3509 ἀντὰρτην
3633 3440 3720 3494 τύ-

2152 3512 2259 3583 ψας
2285 3515 2438 3570 ἔθετο
2472 3519 2530 3572 ἐν
2559 3519 2636 3591 τῷ
2677 3520 3058 3597 δεσμωτηρίῳ,
3106 3528 3384 3599 δημεύσας
3420 3534 3598 3586 πᾶσαν
3628 3533 3722 3604 τὴν

2155 3607 2494 3676 περιουσίαν.
2517 3649 2534 3664 .
2555 3649 2570 3664 .
2596 3648 2611 3663 .
2634 3652 2647 3668 .
2694 3612 2959 3684 ἀνέθηκεν
3032 3616 3253 3689 Ἀλεξίῳ
3285 3621 3476 3685 είπὼν,
3525 3623 3607 3676 ὅτι
3647 3623 3722 3676 Δι’

2152 3697 2300 3764 ἐμοῦ
2335 3699 2532 3754 πάντα
2550 3701 2858 3771 πέπονθας
2893 3707 2966 3760 τὰ
2991 3706 3178 3763 δεινά.
3213 3712 3324 3764 Καὶ
3343 3713 3435 3765 τοῦ
3463 3714 3724 3784 βασιλέως

2155 3790 2292 3841 κατὰ
2323 3788 2380 3841 τὸ
2429 3790 2549 3854 ἔθος
2597 3793 2677 3857 είς
2709 3795 3021 3866 Βλαχέρνας
3063 3799 3392 3867 ἀπελθόντος
3437 3805 3733 3876 προλαϐὼν

2153 3879 2281 3951 ἔστη
2313 3881 2526 3936 ἔνδοθεν
2581 3886 2674 3940 τοῦ
2733 3888 3117 3961 θυσιαστηρίου
3173 3894 3202 3947 ὀ
3259 3896 3723 3966 ἀρχιεπίσκοπος,

2154 3972 2434 4043 ἱερατικὴν
2479 3977 2670 4047 στολὴν
2716 3979 3122 4050 ἠμφιεσμένοςο
3169 3984 3264 4038 καὶ
3307 3986 3401 4039 τοῦ
3459 3987 3723 4057 βασιλέως

479 4039 585 4095 iter
605 4039 720 4110 ipse
743 4054 1038 4108 occupans,
1059 4039 1204 4094 intra
1227 4039 1680 4095 sacritribuualis
1703 4042 1881 4096 locum
1911 4043 2050 4097 stola

2160 4039 2218 4133 τῇ
2263 4039 2439 4136 σωλέᾳ
2494 4039 2896 4138 πλησιάσαντος
2932 4039 3086 4143 Iane-
3114 4078 3178 4146 τῇ
3227 4039 3722 4150 συγκλήέιεᾷᾲῷξῇ

478 4132 805 4189 sacerdotali
834 4132 1060 4187 indutus
1083 4133 1254 4198 stetit,
1273 4134 1384 4204 jam
1408 4149 1578 4204 prope
1618 4134 1944 4204 imperatore
1979 4136 2046 4190 ad

2160 4132 2366 4227 μεγάλῃ
2413 4132 2694 4226 ἐφώνησεν
2743 4162 2771 4212 ὀ
2816 4132 3276 4233 ἀρχιεπίσκοποςθ
3305 4132 3597 4226 ιἜιίτέινει

476 4225 683 4282 soleam
709 4224 944 4296 stipante
965 4233 1159 4280 senatu
1193 4225 1488 4281 accedente
1506 4227 1828 4282 exclamavit
1854 4243 2047 4298 magna

2160 4248 2479 4302 κατευοδοῦ
2516 4249 2614 4302 καὶ
2648 4251 2951 4315 ,ϐασίλευε
2989 4256 3195 4312 ἕνεκεν
3239 4262 3427 4328 τίνος,
3465 4259 3513 4318 ὦ
3539 4265 3724 4329 βασι-

477 4330 612 4370 vocc
652 4315 1148 4386 archiepiscopus:
1187 4316 1430 4381 Intende,
1458 4334 1704 4388 prospere
1743 4319 1962 4388 procede
1997 4329 2046 4373 et

2160 4340 2297 4408 1817:;
2339 4341 2616 4405 Λίδεσθεὶς
2651 4343 2746 4396 οὖν
2777 4347 2804 4397 ὀ
2842 4345 3095 4414 βασιλεὺς
3134 4355 3198 4422 τῇ
3244 4315 3720 4428 °

475 4422 641 4478 regna
665 4416 730 4473 P;
783 4423 1054 4478 quorsum,
1098 4408 1427 4479 imperator?
1462 4407 1555 4462 Ille
1594 4416 1845 4463 senatum
1887 4426 2046 4464 reve-

2160 4407 2405 4485 Ἕνεκεν
2452 4434 2739 4502 ἀληθείας
2785 4407 2883 4492 «at
2946 4407 3281 4510 πραότητος
3321 4407 3723 4503 ’καλινδηέιῖισο

475 4498 618 4553 ritus
646 4515 660 4552 :
697 4497 922 4569 PrOpter
947 4499 1243 4565 veritatem,
1290 4499 1488 4570 inquit,
1519 4509 1566 4554 et
1596 4502 2050 4556 mansuetudinem

2160 4524 2369 4592 γύνης.
2414 4523 2473 4576 '0
2507 4497 2567 4580 δέ
2589 4543 2604 4559 ⁸
2641 4497 2748 4582 Καὶ
2795 4532 2942 4584 ποία
2971 4497 3327 4606 δίκαιοισύπη

474 4599 527 4645 et
553 4591 844 4663 justitiam.
874 4591 976 4647 Cui
1007 4592 1331 4649 Theodorus
1360 4611 1374 4647 :
1414 4593 1737 4665 Ecquwnam
1783 4611 1903 4650 vero
1957 4605 2048 4650 tua

466 4685 702 4756 justitia,
736 4686 971 4755 quicum
1020 4684 1203 4740 Alexio
1231 4686 1474 4758 juratam
1517 4687 1676 4753 ﬁdem
1711 4703 1805 4758 per
1836 4703 1919 4742 me
1957 4688 2047 4741 de-

472 4774 632 4840 deris,
675 4773 808 4828 nihil
834 4784 1012 4829 tamen
1044 4777 1370 4831 servaveris?
1408 4778 1709 4847 Imperator
1743 4779 2041 4848 reprehen-

471 4867 684 4920 sionem
715 4880 827 4920 non
853 4865 1055 4932 ferens,
1084 4883 1257 4937 eaque
1287 4869 1365 4923 ira
1385 4884 1669 4934 accensus,
1715 4870 1894 4940 ipsum
1921 4871 2041 4925 vio-

469 4955 650 5012 lenter
681 4972 713 5010 e
744 4972 901 5013 sacro
933 4957 1122 5013 altaris
1145 4958 1266 5015 loco
1293 4961 1519 5029 expulit,
1545 4977 1648 5016 nec
1673 4962 2051 5018 mediocribus-

469 5049 645 5120 plagis
678 5049 952 5120 impositis
991 5051 1184 5106 exsilio
1218 5052 1514 5123 relegavit;
1546 5070 1649 5110 nec
1687 5071 1750 5110 ea
1781 5055 2046 5111 duntaxat

471 5142 685 5197 ratione
746 5143 894 5213 quod
928 5144 998 5199 ab
1038 5158 1106 5199 eo
1139 5146 1508 5215 reprehensus
1545 5158 1710 5214 esset,
1767 5150 1862 5205 sed
1897 5151 2042 5220 quod

467 5233 634 5288 etiam
665 5235 848 5291 colere
870 5253 995 5292 eum
1025 5252 1089 5292 ac
1108 5239 1359 5293 venerari
1391 5254 1574 5294 sacras
1602 5241 1865 5312 imagines
1891 5243 2040 5312 ejus-

468 5337 574 5390 que
600 5325 938 5395 impietatem
974 5329 1263 5386 traducere
1304 5331 1634 5388 inaudierat.
1675 5333 1828 5389 Haud
1868 5337 2040 5390 multo

466 5425 590 5480 post
623 5433 774 5485 vero,
827 5436 952 5476 cum
1007 5423 1307 5495 imperator
1357 5426 1410 5481 in
1441 5426 1686 5498 Magnam
1740 5430 2032 5486 ecclesiam

466 5505 710 5564 venisset
743 5527 807 5567 ac
856 5515 1169 5584 patriarcha
1222 5535 1344 5576 rem.
1371 5520 1420 5575 ei
1473 5521 1672 5589 probro
1723 5523 2034 5594 objecisset,

535 5689 562 5727 ν
592 5680 731 5736 Psal.
750 5697 895 5749 κων,

2144 4612 2292 4681 δοὺς
2349 4617 2703 4687 ὑπόγραερον
2742 4622 2932 4690 λόγον
2986 4624 3232 4691 Ἀλεξίῳ
3282 4627 3359 4680 δι’
3395 4628 3548 4698 ἐμοῦ
3614 4633 3724 4686 οὐκ

2141 4703 2455 4772 ἐφύλαξας
2488 4707 2702 4773 τοῦτο;
2745 4707 2803 4761 ὐ
2831 4709 2886 4762 δὲ
2915 4710 3174 4779 βασιλεὺς
3201 4713 3276 4777 ὡς
3299 4715 3581 4785 ἐλεγχθεὶς
3612 4718 3721 4771 τοῦ.

2141 4811 2233 4848 τον
2261 4797 2356 4849 τοῦ
2391 4796 2778 4870 θυσιαστηρίου
2811 4800 3000 4870 βιαίως
3043 4803 3332 4875 ἐξήγαγεν,
3370 4809 3467 4860 καὶ
3504 4808 3719 4877 πληγὰς

2146 4886 2296 4957 αὐτῷ
2330 4889 2388 4940 οὐ
2423 4890 2650 4960 μετρίας
2679 4892 2887 4956 ἐπιθεὶς
2932 4893 3211 4965 ἐξώρισεν,
3239 4898 3300 4949 ού
3340 4898 3429 4952 διὰ
3458 4901 3520 4952 τό
3562 4902 3716 4965 ἐλεγε-

2144 4973 2340 5044 χθῆναι
2393 4975 2485 5028 ὑπ’
2543 4978 2708 5031 αὐτοῦ
2759 4981 2942 5050 μόνον,
2976 4983 3113 5038 ἀλλὰ
3153 4987 3246 5038 καὶ
3282 4987 3372 5040 διὰ
3420 4991 3482 5042 τὺ
3529 4991 3720 5059 μαθεῖν

2143 5065 2304 5118 αὐτὸν
2331 5065 2430 5130 τὰς
2455 5067 2616 5135 ἁγίας
2649 5070 2863 5134 εἰκόνας
2887 5076 3052 5145 τιμᾷν
3083 5077 3174 5128 καὶ
3201 5077 3480 5144 σέϐεσθαι,
3513 5083 3606 5134 καὶ
3622 5081 3716 5152 τὴν

2143 5158 2306 5211 αὑτοῦ
2335 5159 2654 5217 δυσσέϐειαν
2681 5163 3008 5220 διαϐάλλειν.
3041 5167 3177 5221 Μετ’
3208 5169 3268 5222 ού
3293 5171 3430 5223 πολὺ
3464 5172 3522 5225 δὲ
3565 5176 3623 5225 ἐν
3651 5176 3714 5242 τῇ

2149 5250 2374 5322 Μεγάλῃ
2429 5252 2702 5325 ἐκκλησίᾳ
2723 5259 3179 5328 παραγινομένου,
3205 5260 3300 5314 καὶ
3331 5261 3426 5314 τοῦ
3450 5264 3718 5335 πατριάρ-

2149 5358 2241 5410 χου
2283 5341 2444 5395 αὐτὸν
2489 5343 2850 5409 ὀνειδίσαντος
2875 5388 2889 5412 ,
2926 5347 3089 5402 αὐτὸν
3137 5350 3230 5404 τὸν
3285 5352 3716 5423 ἀρχιεπίσκοπον

2149 5434 2324 5502 ἤγαγε
2360 5435 2497 5505 μετὰ
2547 5439 2966 5510 παρακλήσεως.
2998 5441 3104 5494 Τοῦ
3154 5443 3212 5495 δέ
3261 5444 3480 5512 ἀνάξιον
3528 5446 3713 5500 ἑαυτὸν

2147 5530 2244 5596 τῆς
2281 5527 2578 5600 ἱερωσύνης
2609 5531 2890 5602 κρίναντος
2917 5533 2984 5587 δι’
3012 5535 3048 5588 ἃ
3086 5534 3372 5603 πέπονθεν,
3397 5541 3424 5594 6
3464 5538 3712 5612 βασιλεὺς
