3996 6208
506 321 610 387 359

1762 321 2079 381 GEORGII
2118 321 2463 382 MONACHI

3633 328 3738 392 860

503 457 718 495 manam
748 439 1012 494 ditionem
1033 453 1089 494 se
1120 437 1410 506 reciperet,
1438 445 1560 506 post
1577 437 1824 506 elapsum
1851 435 2070 506 aliquod

2187 409 2489 508 Ῥωμανίᾳ,
2518 438 2654 506 μετὰ
2677 438 2870 509 καιρόν
2885 453 3005 491 τινα
3027 435 3145 490 εἷπε
3164 439 3306 508 πρὸς
3322 437 3447 500 τοὺς
3474 438 3737 507 δυνάστας

503 543 716 602 tempus
744 533 820 586 ait
845 531 909 585 ad
932 532 1280 585 Amerumuae
1324 544 1612 599 proceres:
1657 528 1716 584 Si
1749 530 1875 582 mihi
1909 528 2068 583 Ame-

501 640 708 678 rumnar
731 622 906 690 ﬁlium
935 637 998 674 ac
1027 621 1204 689 copias
1235 620 1923 691 prmbueritis,expeditione
1950 637 2069 674 sus-

502 720 651 782 cepta
681 710 977 764 Romanam
1025 711 1166 762 vobis
1199 707 1479 778 subjiciam
1520 709 1788 766 ditionem.
1829 707 1948 774 Quo
1989 709 2067 763 illi

501 818 624 856 cum
660 801 825 870 798
841 799 1174 852 Amcrumne
1203 798 1605 854 communicato
1631 797 1862 852 consilio
1892 797 2068 866 ipsum

500 893 849 946 dimiserunt.
887 891 1096 945 Manuel
1121 905 1253 944 vero
1282 906 1450 961 prope
1482 890 1750 945 accedens
1776 890 1842 944 ad
1871 890 2073 944 Anato-

501 985 664 1037 licum
689 983 891 1045 thema,
915 983 1228 1037 convocatis
1249 982 1488 1036 subditis
1511 982 1624 1036 suis
1651 997 1715 1035 ac
1729 980 2072 1036 Amerumna:

501 1075 636 1139 filio,
669 1074 826 1144 quasi
869 1073 1133 1127 nimirum
1186 1081 1366 1127 castra
1396 1082 1645 1127 moturus
1672 1083 1727 1126 et
1748 1081 2070 1136 venaturus,

498 1183 624 1222 cum
659 1167 728 1220 ab
759 1166 1014 1220 hostibus
1043 1166 1152 1236 jam
1186 1166 1377 1234 procul
1425 1165 1605 1219 factus
1627 1173 1792 1229 esset,
1833 1165 2071 1220 circum-

501 1257 654 1310 fusus
673 1256 1022 1311 Amerumnae
1063 1254 1176 1308 ﬁlio
1196 1269 1260 1308 ac
1279 1269 1404 1308 eum
1433 1255 1784 1308 exosculatus
1809 1254 1887 1307 ait
1915 1273 1926 1307 :
1958 1253 2072 1324 Ego

500 1350 706 1419 quidem
747 1349 816 1402 ad
856 1364 1025 1400 meum
1058 1348 1429 1416 imperatorem
1470 1353 1519 1399 et
1569 1345 1638 1398 ad
1671 1347 1886 1415 propria
1925 1347 2070 1410 abeo,

500 1446 693 1512 quippe
747 1443 832 1496 cui
866 1439 1000 1496 nihil
1051 1442 1106 1494 in
1156 1440 1262 1493 vita
1301 1440 1473 1492 carius
1523 1439 1590 1490 sit
1636 1439 1811 1507 patria
1846 1451 2075 1506 metaque

405 1549 412 1552 '
500 1536 666 1604 gentis
693 1534 1005 1588 hominibus.
1056 1532 1129 1586 Tu
1179 1547 1297 1585 vero
1324 1547 1438 1583 cum
1484 1531 1604 1597 tuis,
1647 1532 1814 1584 omnis
1864 1530 1991 1583 mali
2039 1548 2071 1583 a

503 1629 647 1680 nobis
684 1642 920 1691 securus,
960 1626 1029 1680 ad
1064 1633 1180 1678 tuos
1207 1625 1440 1679 abscede.
1467 1624 1540 1678 Ac
1569 1623 1788 1692 quidem
1824 1622 1915 1676 ille
1943 1637 2069 1677 eum

501 1720 555 1772 in
609 1720 829 1773 modum
865 1734 988 1774 cum
1033 1719 1288 1789 lacrymis
1322 1733 1386 1771 ac
1413 1717 1623 1785 pudore
1665 1731 1916 1770 reversus
1942 1727 2024 1772 est
2053 1735 2066 1770 :

502 1811 713 1866 Manuel
761 1827 888 1866 vero
925 1811 992 1865 ad
1033 1812 1416 1880 imperatorem
1449 1811 1617 1876 venit,
1661 1813 1941 1880 prtemisso
1973 1812 2065 1881 qui

499 1903 618 1971 ejus
657 1903 955 1958 adventum
990 1903 1365 1957 annuntiaret.

573 2083 658 2134 15.
693 2082 994 2152 Imperator
1025 2098 1150 2137 eum
1176 2082 1270 2152 qui
1303 2083 1482 2137 fuerat
1518 2082 1845 2147 destinatus,
1883 2093 1943 2138 ut
1975 2085 2070 2152 qui

500 2190 821 2243 inagnorum
869 2175 943 2228 illi
986 2175 1254 2228 bonorum
1291 2175 1517 2230 nuntius
1561 2186 1729 2238 esset,
1756 2184 2071 2244 susceptum

501 2265 755 2334 pecuniis
801 2281 867 2320 ac
917 2265 1280 2336 dignitatibus
1342 2266 1645 2320 liberaliter
1682 2266 1913 2336 accepit.
1962 2267 2072 2320 Ma-

505 2358 723 2412 nuelem
777 2358 930 2423 item,
966 2359 1046 2412 uti
1093 2358 1316 2428 dignum
1347 2365 1485 2423 erat,
1523 2357 1849 2428 suscipiens,
1907 2358 2074 2428 magi-

506 2457 681 2504 strum
711 2449 896 2503 statim
926 2464 990 2504 ac
1039 2449 1350 2504 scholarum
1399 2450 1756 2507 domesticum
1808 2449 2071 2519 praefecit,

503 2546 666 2608 atque
725 2539 846 2609 ejus
894 2537 1099 2594 liberos
1163 2554 1230 2593 ex
1295 2554 1450 2594 sacro
1501 2540 1828 2609 baptismate
1884 2555 2074 2596 susce-

502 2630 602 2700 pit.
960 2679 977 2692 ,

575 2723 661 2774 14.
698 2722 776 2775 Eo
803 2735 1059 2778 successu
1085 2722 1263 2778 elatus
1304 2723 1620 2794 imperator,
1665 2740 1788 2779 cum
1829 2725 2074 2781 Manuele

501 2823 557 2868 ct
610 2821 805 2867 senatu
851 2814 1113 2882 omnique
1167 2816 1410 2870 exercitu
1469 2819 1732 2871 adversus
1775 2818 2074 2873 Saracenos

503 2901 787 2970 profectus
815 2910 929 2966 est;
966 2901 1226 2971 facilique
1256 2903 1478 2972 negotio
1530 2906 1703 2972 captis
1750 2907 1984 2974 Zapetro
2019 2915 2073 2960 et

504 2990 809 3054 Samosato,
847 2990 994 3058 quod
1028 2992 1290 3060 oppidum
1321 3002 1436 3046 tum
1475 2993 1682 3050 divitiis
1721 3011 1783 3049 ac
1829 2998 2071 3066 potentia

2172 528 2268 582 τοῦ
2299 527 2381 600 [Ρ.
2429 525 2942 598 519]Ἀμερουμνῆ,
2999 528 3083 580 ὅτι
3145 527 3286 582 Ἐάν
3338 547 3439 595 μοι
3475 531 3585 584 τὸν
3609 533 3737 587 υἱὸν

2172 621 2278 673 τοῦ
2294 619 2654 689 Ἄμερουμνῆ
2678 619 2776 674 καὶ
2796 621 2952 672 λαὸν
2971 618 3280 688 παρέξετε,
3302 621 3570 684 ἐξελθὼν
3592 625 3739 677 ὐπο-

2170 709 2328 774 τὰξω
2352 710 2831 779 τὴνῬωμανίιιν.
2857 711 2918 763 Οἱ
2945 711 3000 762 δὲ
3024 711 3100 782 τῷ
3117 710 3466 782 Ἀμερουμνῇ
3495 713 3738 776 εἰπόντες

2173 801 2333 855 αὑτὸν
2354 802 2695 855 ἀπέστειλαν.
2735 801 2795 855 Ὀ
2823 801 2878 854 δὲ
2905 801 3073 854 ἐλθὼν
3121 803 3349 873 πλησίον
3379 804 3474 856 τοῦ
3511 803 3738 875 θέματος

2173 894 2270 961 τῆς
2315 893 2627 964 ’Δνατολῆς,
2665 893 3182 963 προσκαλεσάμενος
3225 896 3354 958 τοὺς
3395 896 3737 967 ὑποχειρίους

2173 983 2340 1035 αὑτοῦ
2367 983 2460 1036 καὶ
2483 983 2575 1035 τὸν
2604 983 2720 1036 υίὸν
2747 982 2838 1036 τοῦ
2857 983 3204 1054 ’Λμερουμνῆ
3238 986 3315 1047 ὡς
3365 984 3521 1055 δῆθεν
3563 988 3737 1040 διακι-

2174 1076 2352 1143 νήσων
2379 1075 2474 1126 καὶ
2497 1076 2846 1146 κυνηγήσων,
2890 1076 3176 1147 πόρρωθεν
3207 1078 3318 1130 τῶν
3349 1078 3619 1149 πολεμίων
3646 1095 3739 1147 γε-

2175 1166 2417 1233 νόμενος,
2459 1166 2818 1236 περιπλακεὶς
2873 1166 2952 1236 τῷ
2997 1166 3099 1236 υίῷ
3137 1169 3232 1221 τοῦ
3248 1168 3594 1238 ’Ᾱμερουμνῆ
3647 1168 3738 1223 καὶ

2173 1256 2549 1326 καταφιλήσας
2579 1257 2740 1310 αὑτὸν
2769 1254 2943 1324 εἶπεν,
2983 1259 3065 1311 ὅτι
3127 1258 3271 1328 Ἐγὼ
3329 1259 3448 1327 μὲν
3481 1260 3737 1328 ἀπέρχο-

2169 1361 2272 1413 μαι
2305 1348 2452 1412 πρὸς
2496 1345 2604 1399 τὸν
2635 1348 2901 1411 ,βασιλέα
2942 1367 3062 1417 μου
3117 1350 3215 1402 καί
3253 1351 3324 1402 τὰ
3368 1351 3508 1415 ιδια,
3551 1353 3738 1419 μηδὲν

2173 1435 2291 1488 τῶν
2313 1437 2384 1489 ἐν
2428 1435 2509 1501 τῷ
2549 1439 2668 1502 βίῳ
2712 1439 3091 1508 προτιμήσας
3122 1441 3406 1510 πατρίδος
3443 1444 3543 1496 καὶ
3591 1460 3738 1512 συμ-

2173 1529 2451 1596 φυλετῶν
2470 1545 2484 1557 ·
2522 1530 2606 1582 σὺ
2631 1529 2700 1582 δὲ
2724 1530 2872 1598 μετὰ
2905 1531 3020 1584 τῶν
3041 1532 3189 1597 σῶν,
3213 1534 3294 1599 ὡς
3319 1533 3516 1602 μηδὲν
3542 1533 3739 1588 δεινὸν

2174 1619 2463 1674 πείσεσθε
2501 1621 2943 1687 ὑποπτεύοντες
2986 1625 3123 1690 παρ’
3161 1622 3349 1691 ἡμῶν,
3385 1625 3550 1678 ἄπιθι
3597 1625 3740 1692 πρὸς

2173 1711 2318 1778 τοὺς
2364 1713 2538 1778 σούς.
2581 1712 2691 1765 Καὶ
2738 1704 2892 1776 οὗτος
2951 1713 3050 1782 μὲν
3102 1713 3244 1767 οὕτω
3297 1715 3433 1784 μετὰ
3491 1715 3737 1786 δακρύων

2177 1804 2271 1858 καὶ
2323 1802 2584 1873 αἰσχύνης
2638 1803 2979 1873 ὑπέστρεψεν
3016 1820 3030 1834 ·
3077 1806 3105 1858 ὁ
3143 1805 3197 1857 δὲ
3239 1805 3497 1876 Μανουὴλ
3544 1804 3738 1876 ἐχώρει

2170 1895 2308 1966 πρὸς
2344 1895 2436 1948 τὸν
2469 1894 2712 1965 βασιλέα,
2760 1895 3195 1966 προαποστείλας
3245 1897 3400 1967 αὐτῷ
3437 1897 3531 1950 τὸν
3572 1899 3741 1967 μηνύ-

2174 2003 2358 2041 σοντα.

2246 2084 2333 2144 ιγ’.
2379 2077 2436 2132 Ὁ
2466 2078 2524 2132 δὲ
2555 2078 2810 2149 βασιλεὺς
2846 2080 2942 2131 καὶ
2980 2079 3071 2132 τὸν
3115 2079 3352 2149 μηνυτὴν
3385 2079 3462 2141 ὡς
3496 2077 3740 2148 μεγάλων

2173 2166 2396 2235 ἀγαθῶν
2418 2167 2650 2236 ἄγγελον
2676 2167 3074 2237 ἀποδεξάμενος
3105 2168 3350 2237 χρήμασί
3378 2185 3438 2221 τε
3464 2170 3563 2221 καὶ
3588 2167 3742 2234 ἀξιώ-

2176 2274 2341 2328 μασιν
2388 2259 2833 2330 ἐφιλοτιμήσατο,
2869 2261 2964 2312 καὶ
3009 2259 3100 2312 τὸν
3147 2260 3423 2329 Μανουὴλ,
3471 2259 3548 2323 ὡς
3599 2261 3743 2326 ἄξιον

2171 2346 2259 2422 ἦν,
2291 2350 2603 2416 ὑπεδέξατο,
2643 2351 2944 2424 μάγιστρον
2969 2352 3131 2414 εὐθὺς
3158 2352 3252 2405 καὶ
3284 2353 3609 2422 δομέστικον
3638 2355 3742 2408 τῶν

2176 2442 2382 2512 σχολῶν
2413 2445 2804 2515 ποιησάμενος,
2840 2445 2933 2499 καὶ
2961 2445 3090 2507 τοὺς
3129 2445 3296 2499 αὑτοῦ
3333 2445 3532 2509 παίδας
3557 2449 3624 2500 ὲκ
3648 2447 3744 2500 τοῦ

2175 2535 2332 2604 ἁγίου
2369 2533 2744 2604 βαπτίσματος
2777 2535 3195 2605 ἀναδεξάμενος.

2245 2718 2330 2772 ιδ’.
2370 2717 2594 2780 Τούτοις
2623 2717 2883 2788 ἐπαρθεὶς
2907 2720 2936 2771 ὁ
2961 2719 3212 2788 βασιλεὺς
3246 2717 3435 2787 ἐξῆλθε
3464 2717 3601 2786 μετὰ
3627 2717 3738 2772 Mm

2175 2809 2334 2876 νουὴλ
2372 2810 2465 2862 καὶ
2513 2810 2613 2875 τῆς
2665 2810 2970 2880 συγκλήτου
3001 2811 3099 2864 καὶ
3137 2810 3232 2864 τοῦ
3267 2810 3502 2882 στρατοῦ
3545 2811 3738 2872 παντὸς

2173 2902 2314 2955 κατὰ
2337 2902 2446 2954 τῶν
2491 2901 2832 2971 ’Λγαρηνῶν,
2864 2902 2958 2955 καὶ
2979 2902 3222 2966 εὐπετῶς
3249 2903 3348 2972 τήν
3377 2919 3436 2954 τε
3465 2904 3742 2972 Ζάπετρον

2174 2994 2267 3046 καὶ
2294 2993 2356 3046 τὸ
2385 2993 2721 3062 Σαμόσατον,
2767 2993 2984 3064 πλούτῳ
3033 2993 3220 3062 κομῶν
3250 2995 3344 3046 καὶ
3370 2994 3599 3064 δυνάμει
3624 2995 3741 3046 τότε

502 3080 755 3145 florebat,
786 3082 989 3151 quippe
1008 3083 1356 3138 Amerumnzc
1385 3085 1580 3153 patria,
1611 3086 1839 3140 victoria
1861 3103 1923 3142 ac
1952 3104 2068 3142 ma-

2174 3085 2259 3138 διὰ
2301 3085 2360 3137 τὸ
2416 3084 2506 3138 τὸν
2532 3085 2910 3155 Ἀμερουμνῆν
2966 3085 3177 3139 ἐκεῖθεν
3226 3082 3366 3139 εἶναι
3411 3086 3746 3156 παραλαϐὼν

502 3172 690 3226 nubiis
715 3187 773 3227 se
796 3172 1084 3242 magnifice
1115 3174 1326 3244 jactans
1345 3189 1408 3229 ac
1441 3176 1784 3244 superbiens,
1817 3192 2071 3233 reversus

501 3275 604 3319 est.
651 3263 994 3334 Veniensque
1047 3265 1338 3337 Bryantem
1369 3281 1564 3335 usque,
1617 3267 1874 3323 atdificari
1922 3269 2072 3340 pala-

502 3358 660 3422 tium,
694 3357 996 3427 hortosque
1021 3358 1276 3428 plantari,
1306 3367 1470 3427 atque
1495 3375 1664 3428 aquas
1685 3360 1903 3427 deduci,
1931 3377 2069 3431 prte-

502 3449 685 3517 ccpit:
723 3449 868 3518 quod
901 3457 958 3503 et
1001 3448 1205 3503 factum
1232 3459 1335 3505 est.
1376 3451 1506 3504 Inde
1534 3451 1727 3506 urbem
1762 3461 1974 3521 petens,
2006 3469 2072 3509 ac

502 3541 675 3610 spolia
714 3540 996 3610 triumpho
1028 3541 1341 3604 traducens,
1367 3543 1736 3612 exhibitisque
1763 3543 1928 3613 799
1965 3545 2070 3600 cir-

2171 3176 2418 3230 ὲπάνεισι
2461 3179 2526 3247 τῇ
2574 3177 2699 3248 νίκῃ
2742 3178 2834 3230 καὶ
2885 3179 2998 3240 τοῖς
3038 3177 3299 3248 λαφύροις
3336 3179 3742 3248 γαυρούμενος,

2173 3270 2266 3322 καὶ
2298 3267 2469 3322 ἐλθὼν
2502 3268 2664 3338 μέχρι
2709 3269 2805 3322 τοῦ
2844 3267 3121 3340 Βρύαντος
3159 3268 3498 3337 προσέταξεν
3539 3271 3744 3323 οἰκοδο-

2175 3361 2348 3430 μῆσαι
2379 3359 2638 3412 παλάτιον
2661 3360 2754 3412 καὶ
2783 3359 3146 3429 παραδείσους
3172 3359 3434 3429 φυτεῦσαι
3457 3360 3552 3412 καὶ
3579 3359 3743 3414 ὕδατα

2171 3454 2399 3521 ἀγαγεῖν
2421 3469 2434 3483 ·
2461 3452 2498 3506 ἃ
2539 3453 2634 3505 καὶ
2668 3452 2911 3520 γέγονεν.
2944 3451 3183 3506 Ἐκεῖθεν
3207 3453 3264 3506 δὲ
3285 3437 3628 3522 ’ἀφικόμενος
3663 3454 3746 3514 εἰς

2171 3545 2268 3613 τὴν
2297 3544 2456 3597 πόλιν
2476 3544 2544 3598 τὰ
2571 3543 2788 3614 λάφυρα
2817 3544 3233 3615 ἐθριάμϐευσεν,
3261 3545 3487 3598 ίππικδν
3514 3547 3743 3614 ποιήσας

503 3632 782 3696 censibus,
816 3647 882 3686 ac
924 3633 1041 3702 ipse
1084 3634 1260 3702 primo
1291 3649 1517 3688 munere
1563 3634 1780 3700 ludens,
1809 3637 1948 3690 albis
1983 3637 2070 3691 in—

502 3733 692 3778 vectus
741 3724 918 3793 equis,
952 3733 1116 3794 atque
1163 3734 1363 3781 veneto
1414 3726 1643 3781 indutus
1692 3728 1896 3792 colore,
1943 3745 2066 3785 cum

502 3815 678 3868 victor
712 3815 934 3881 exisset,
965 3826 1262 3872 coronatus
1291 3826 1394 3882 est,
1421 3817 1851 3874 acclamantibus
1878 3819 2070 3875 factio-

2170 3636 2264 3689 καὶ
2293 3635 2355 3688 τὸ
2391 3635 2607 3706 πρῶτον
2640 3635 2792 3704 βαῖον
2821 3634 3040 3700 παίξας,
3061 3635 3273 3713 ᾇρματι
3303 3636 3488 3705 λευκῷ
3525 3637 3623 3704 μὲν
3646 3637 3743 3688 ἔπ-

2169 3727 2532 3798 οχησάμενος,
2559 3727 2814 3796 χρώματι
2853 3728 2910 3780 δὲ
2941 3728 3018 3798 τῷ
3057 3727 3258 3798 βενέτῳ
3299 3728 3740 3797 ἀμφιασάμενος,

2170 3821 2264 3872 καὶ
2301 3819 2532 3890 νικήσας
2580 3818 2952 3888 ἐστεφανώθη,
2985 3821 3091 3874 τῶν
3123 3819 3314 3890 δήμων
3356 3819 3712 3875 ἐπιϐοώντων

501 3905 702 3960 nibus:
755 3906 895 3960 Bene
929 3908 1202 3979 fausteque
1231 3909 1435 3974 venisti,
1476 3911 1619 3963 onmi
1658 3911 1831 3981 major
1859 3928 2070 3983 compa-

2174 3907 2384 3975 Καλῶς
2417 3905 2621 3977 ἦλθες,
2652 3908 2978 3979 iiabnpth
3006 3909 3371 3979 φακτονάρη.

501 4000 726 4062 ratione,
756 4000 1089 4070 factionarie.

571 4091 659 4145 15.
692 4091 932 4147 Antonio
961 4103 1142 4149 autem
1168 4093 1479 4162 patriarcha
1501 4093 1639 4150 vivis
1660 4103 1933 4165 exempto,
1951 4097 2070 4166 ejus

497 4181 620 4236 loco
651 4181 937 4237 ordinatur
965 4184 1208 4239 Joannes
1254 4185 1550 4255 synccllus,
1577 4193 1638 4240 ut
1681 4187 1858 4242 dicam
1893 4203 2068 4243 novus

2243 4089 2324 4144 ιε’.
2365 4089 2474 4143 Τοῦ
2517 4089 2577 4143 δὲ
2627 4089 2970 4163 πατριάρχου
2998 4090 3286 4144 ’Δντωνίου
3315 4089 3747 4162 τελευτήσαντος

2168 4183 2283 4236 ἀντ’
2325 4181 2496 4236 αὐτοῦ
2545 4185 2932 4252 χειροτονεῖται
2974 4182 3225 4252 Ἰωάννης
3259 4184 3288 4235 ὁ
3327 4181 3655 4249 σύγκελλος,
3677 4184 3748 4234 ἵν’
3825 4210 3834 4218 ~

496 4273 700 4328 Jaunes
746 4281 803 4329 et
848 4275 1132 4339 Zambres,
1163 4275 1368 4330 celebri
1415 4277 1583 4330 homo
1633 4276 1793 4341 fama,
1845 4278 2069 4348 magicis

2174 4274 2306 4326 εἴπω
2331 4275 2359 4326 ὁ
2399 4271 2517 4336 νέος
2571 4272 2777 4342 Ἰαννὴς
2823 4273 2920 4326 καὶ
2964 4272 3249 4344 Ζαμϐρὴς,
3287 4273 3626 4344 βεϐοημένος
3655 4275 3750 4326 ἐπί

496 4367 712 4421 artibus
748 4377 804 4422 et
833 4369 1272 4425 divinationibus
1298 4386 1363 4424 ex
1401 4371 1543 4439 pclvi
1581 4371 1839 4439 omnique
1875 4371 2067 4441 impie-

2174 4381 2226 4417 τε
2257 4364 2512 4433 μαγείαις
2541 4363 2637 4417 καὶ
2667 4363 3156 4434 λεκανομαντείαις
3183 4367 3279 4418 καὶ
3307 4365 3461 4437 πάσῃ
3483 4365 3745 4436 άσεϐείᾳ’

499 4467 624 4512 tate.
653 4459 702 4512 Is
744 4460 1004 4513 nimirum
1037 4476 1300 4531 organum
1343 4461 1602 4515 idoneum
1647 4462 1788 4531 ejus,
1823 4477 1933 4531 quo
1961 4463 2054 4516 im-

2174 4456 2228 4519 ὃς
2259 4431 2514 4527 *ὄργανον
2570 4431 2882 4526 ἐπιτήδειον*
2920 4456 3142 4527 εὑρεθὲν
3192 4457 3291 4524 τῆς
3328 4431 3753 4528 τοῦ-’βασιλέῶς

498 4560 716 4617 ιετσιοι·
743 4552 1050 4618 laborabat,
1097 4553 1414 4623 impietatis,
1458 4554 1623 4622 inque
1656 4569 1769 4608 rem
1804 4554 2062 4624 impetus,

2174 4549 2423 4611 ἀσεϐείας
2463 4566 2524 4601 τε
2559 4549 2652 4602 καὶ
2696 4547 2870 4618 ῥοπῆς
2899 4547 3049 4618 αὐτῷ
3079 4547 3259 4603 πάντα
3295 4550 3432 4617 πρὸς
3466 4551 3755 4605 ἀπώλειαν

495 4641 677 4695 omnia
707 4641 785 4696 illi
813 4643 882 4697 ad
909 4654 1122 4698 certum
1154 4644 1437 4700 interitum
1470 4644 1759 4700 efficiebat.
1791 4645 1869 4700 Ac
1898 4661 2062 4716 quem

2174 4639 2469 4709 εἰργάζετο.
2505 4640 2613 4692 Καὶ
2639 4639 2699 4693 ὃν
2729 4637 2884 4692 ῶδινε
2925 4639 3045 4708 μὲν,
3077 4641 3295 4710 κατεῖχε
3325 4641 3382 4693 δὲ
3429 4641 3752 4711 βασιλίσκω.

497 4733 837 4800 parturiebat
870 4734 1116 4804 quidem,
1169 4735 1488 4790 continebat
1539 4744 1720 4790 tamen
1766 4735 2066 4804 impietatis

2174 4730 2268 4800 τῆς
2297 4731 2570 4796 ἀσεϐείας,
2595 4732 2624 4784 ὁ
2644 4730 2897 4800 βασιλεὺς
2924 4729 3184 4804 ἐξέρρηξε
3217 4733 3311 4784 καὶ
3352 4733 3616 4795 ὰπέτεκε,
3646 4736 3754 4796 τὰς

497 4825 766 4893 regulum,
784 4824 1082 4894 imperator
1102 4825 1278 4880 edidit
1304 4827 1644 4897 peperitque,
1665 4827 1865 4898 jubens
1883 4843 2064 4883 sacras

2174 4823 2334 4890 ἁγίας
2376 4823 2591 4887 εἰκόνας
2633 4823 2992 4895 άναχρίεσθαι
3023 4821 3108 4895 [Ρ.
3162 4823 3291 4896 520]
3341 4827 3661 4896 προστάξας
3719 4826 3752 4896 ἦ

497 4917 765 4986 imagines
800 4917 996 4982 oblini,
1026 4933 1120 4972 seu
1153 4918 1383 4973 aboleri.

2174 4911 2589 4979 ἁπαλείφεσθαι.

571 5011 656 5063 16.
689 5011 788 5066 llic
815 5011 1021 5067 Jannes
1039 5020 1319 5067 exstructa
1349 5013 1402 5066 in
1436 5012 1586 5068 urbis
1605 5011 1804 5068 vicinia
1831 5027 1899 5067 ex
1927 5029 2062 5082 qua-

2245 5007 2340 5065 ις’.
2371 4995 2540 5064 Οὗτος
2577 5002 2606 5054 ὁ
2647 5000 2850 5070 Ἰαννὴς
2898 5003 3004 5072 πρὸ
3051 5003 3145 5056 τοῦ
3187 5005 3382 5070 ἄστεος
3425 5009 3639 5078 οἴκημα
3691 5011 3759 5062 ἐκ

496 5101 652 5158 drato
682 5103 862 5174 lapide
913 5104 1144 5159 aedicula
1182 5105 1428 5174 (Trullus
1480 5105 1753 5175 hodieque
1792 5107 2062 5175 vocatur),

2174 5093 2332 5147 λίθων
2355 5091 2626 5156 λαξευτῶν
2657 5094 3096 5161 κατασκευάσας,
3124 5096 3152 5147 ὃ
3186 5097 3426 5167 Τροῦλος
3459 5100 3630 5170 μέχρι
3658 5102 3762 5152 νῦν

497 5194 779 5250 sacrificiis
808 5213 933 5252 cum
967 5196 1311 5251 daemonibus
1352 5212 1719 5252 consuesccns
1750 5197 2066 5266 imperatori

2174 5184 2515 5255 ὀνομάζεται,
2557 5185 2644 5238 διά
2677 5202 2839 5238 τινων
2875 5186 3076 5240 θυσιῶν
3118 5188 3318 5257 ὡμίλει
3379 5192 3494 5252 τοῖς
3523 5191 3760 5260 δαίμοσι

499 5301 618 5355 "(nte
669 5288 852 5344 futura
898 5299 1082 5345 essent
1132 5288 1512 5344 denuntiabat.
1566 5289 1881 5343 Manserunt
1923 5287 2068 5343 :1:ch

2174 5277 2265 5328 καὶ
2296 5275 2372 5344 τῷ
2400 5275 2610 5345 βασι·λεί
2640 5274 2710 5328 τὰ
2738 5276 2998 5345 μέλλοντα
3041 5278 3414 5349 διεσήμαινεν.
3455 5284 3520 5334 ’Ὀ
3553 5282 3628 5353 δὴ
3663 5286 3761 5336 καὶ

499 5377 604 5434 illae
651 5379 943 5451 inhospita:
981 5382 1052 5436 ob
1086 5380 1393 5436 daemonum
1417 5396 1515 5449 per
1558 5379 1672 5434 haec
1721 5387 1966 5449 tempora
2011 5379 2065 5432 in

2175 5367 2458 5436 ἀνοίκητον
2491 5367 2709 5438 ἔμεινεν
2739 5369 2828 5423 διὰ
2857 5369 2955 5432 τὰς
3005 5371 3061 5423 ἐν
3097 5370 3250 5442 αύτῴ
3278 5375 3577 5445 γενομένας
3632 5378 3766 5430 τότε

501 5467 613 5524 illis
651 5472 1043 5540 frequentiam.

2174 5457 2280 5510 τῶν
2307 5459 2576 5528 δαιμόνων
2603 5461 2995 5531 ὲπιφοιτήσεις.

572 5560 657 5614 l7.
699 5561 997 5632 Propterea
1027 5564 1335 5634 adjutorem
1367 5565 1516 5620 illum
1557 5573 1612 5617 et
1645 5563 1925 5618 conscium
1953 5575 2066 5617 sua:

2247 5572 2335 5622 ιη.
2392 5555 2490 5606 Διὰ
2542 5553 2700 5606 τοῦτο
2750 5555 3038 5625 σύμμαχον
3082 5555 3270 5608 τοῦτον
3312 5559 3407 5609 καὶ
3454 5557 3768 5628 συνίστορα

499 5648 774 5707 haereseos
807 5653 1014 5707 habens
1045 5654 1402 5724 Theophilus,
1440 5657 1578 5710 alter
1608 5655 1698 5710 illc
1728 5655 2060 5717 Nectanebo,

2174 5645 2307 5715 ἔχων
2333 5645 2589 5712 Θεόφιλος
2637 5647 2732 5715 τῆς
2774 5647 2939 5699 αὑτοῦ
2983 5647 3265 5718 αἱρέσεως,
3299 5650 3326 5700 ὁ
3359 5649 3620 5720 δεύτερος
3656 5654 3771 5709 Na-

497 5760 623 5803 eum
670 5758 835 5814 quem
880 5744 1133 5801 dicebant
1166 5746 1449 5814 Joannem,
1507 5745 1753 5817 quiuimo
1811 5747 2061 5813 Janncm,

2174 5744 2414 5799 κτεναϐῶ
2460 5744 2547 5797 τὸν
2584 5741 2815 5813 ρηθέντα
2839 5741 3140 5812 ’⁸1ωάννην,
3187 5742 3381 5812 μᾶλλον
3414 5744 3469 5797 δὲ
3504 5743 3771 5821 Ἰαννὴν,
