3996 6208
474 354 581 417 863

1736 347 2058 409 GEORGII
2114 350 2459 411 MUNACHI

3616 356 3719 418 8M

478 468 572 523 Ubi
596 470 717 519 sunt
747 462 1012 533 sacriﬁcia
1051 470 1098 515 et
1128 462 1540 515 consecrationes
1571 471 1619 514 et
1653 464 1940 532 mysteria?
1966 463 2049 516 ubi
2079 514 2084 525 ,

2192 452 2432 537 egra-oc,
2470 464 2772 534 Ἰεροϐοὰμ
2801 463 2916 532 τὴν
2938 466 3344 532 ἀποστασίαν,
3377 467 3605 535 Ἀχαὰδ
3626 470 3737 539 τὴν

475 561 721 623 victimae,
770 564 879 611 tum
924 556 1219 625 manifesta:
1249 563 1359 608 tum
1390 570 1507 624 qua:
1546 556 1600 609 in
1642 556 1864 609 tenebris
1902 566 2059 626 atque

438 688 447 695 -
475 652 711 705 obscura:
730 650 756 703 7
783 650 869 702 ubi
886 649 1227 718 praescientia:
1252 656 1496 718 portenta
1518 657 1564 701 et
1589 649 2060 717 gastrimytharum

476 742 675 813 signa?
701 741 785 794 ubi
807 740 1057 793 adversus
1096 730 1431 793 Christianos
1464 742 1714 795 vaticinia
1754 750 1804 795 et
1848 743 2062 796 commi-

480 832 764 885 nationes?
798 832 1055 887 Abierant
1097 832 1260 901 802
1310 833 1511 895 omnia,
1560 831 1698 900 falsa
1740 833 2062 900 deprehensa

478 933 623 985 sunt,
666 924 1018 994 deﬂuxerunt.
1074 922 1405 976 Insomnium
1444 924 1563 976 visa:
1608 932 1731 976 sunt
1780 924 2063 993 impiorum

480 1016 825 1086 gloriationes
863 1022 912 1067 et
956 1015 1257 1086 jactantite.
1293 1013 1488 1068 Cecidit
1532 1014 1647 1076 Bel,
1685 1015 1941 1067 contritus
1990 1020 2065 1067 est

481 1108 690 1177 Dagon.
724 1107 838 1160 Non
860 1107 981 1175 jam
1008 1106 1235 1175 amplius
1258 1104 1419 1158 stulto
1442 1104 1633 1159 dictari
1664 1115 1783 1157 sunt
1804 1114 1857 1157 ut
1887 1106 2065 1171 pressit

480 1197 720 1266 imperio.
745 1195 811 1257 Et
837 1212 973 1248 nunc
999 1213 1164 1265 parva
1188 1197 1295 1250 Itarc
1322 1196 1523 1249 miseris
1552 1194 1683 1263 forte
1709 1211 1725 1247 :
1762 1196 1859 1246 erit
1889 1204 2065 1247 autent

485 1298 708 1357 tempus,
738 1306 853 1341 cum
880 1288 1006 1340 mihi
1025 1287 1422 1341 contumeliosos
1448 1304 1508 1341 ac
1532 1288 1755 1355 injurias
1778 1289 2068 1355 horumque

491 1396 744 1449 magnum
789 1380 1079 1432 antistitem
1129 1396 1191 1432 ac
1234 1379 1416 1432 ducem
1468 1381 1675 1432 visurus
1727 1396 1848 1432 sum
1888 1376 2070 1447 deplo-

498 1481 704 1525 rantem
733 1489 886 1525 suam
916 1471 1077 1542 ipsius
1107 1473 1424 1542 pravitatem
1457 1480 1505 1524 et
1536 1471 1822 1526 malitiam.

2160 556 2536 624 μιαιφονίαν,
2577 554 2790 623 Φαραὼ
2836 554 2952 623 τὴν
2987 556 3391 623 σκληρότητα,
3437 560 3737 629 Ναϐουχο-

2166 646 2426 712 δονόσορ
2472 644 2587 711 τὴν
2631 647 3000 713 ἱεροσυλίαν,
3054 646 3298 699 πάντων
3344 648 3495 717 ὁμοῦ
3543 652 3585 682 ⁸³
3632 652 3740 719 τὴν

2166 735 2469 790 ἀσέϐειαν.
2499 736 2623 790 Ποῦ
2651 740 2811 790 εἰσιν
2831 740 2892 790 at
2927 738 3132 792 θυσίαι
3157 739 3254 791 καὶ
3281 741 3515 793 τελεταὶ
3551 746 3643 794 καὶ
3675 746 3741 797 τὰ

2166 827 2507 897 nveniam;
2564 827 2683 881 ποῦ
2719 827 2945 896 σφάγια
2991 831 3224 896 φανερά
3258 846 3323 881 τε
3368 830 3467 882 καὶ
3499 831 3743 899 decurri;

2169 920 2288 973 ποῦ
2322 919 2604 988 τεράστια
2628 919 3023 989 προγνώσεως
3056 922 3151 973 καὶ
3185 920 3405 989 σημεῖα
3434 924 3744 991 ἐγγαστρι-

2155 1014 2402 1082 μύθων;
2448 1012 2566 1065 ποῦ
2600 1016 2660 1066 αἱ
2706 1012 2857 1066 κατὰ
2916 1012 3295 1080 Χριστιανῶν
3325 1016 3593 1081 μαντεῖαι
3645 1017 3743 1068 καὶ

2165 1103 2409 1157 ἀπειλαί
2427 1120 2446 1166 ;
2481 1104 2717 1173 Οίχεται
2755 1103 2971 1165 πάντα,
3003 1102 3376 1171 διέψευσται,
3416 1104 3656 1175 διερρύη
3684 1109 3745 1157 “.

2171 1196 2356 1262 Ὀναρ
2378 1196 2570 1265 ἐφάνη
2596 1194 2714 1248 τῶν
2735 1196 2971 1250 ἀσεϐῶν
2992 1197 3063 1250 τὰ
3084 1198 3503 1266 κομπάσματα.
3527 1199 3747 1253 Ἐπεσε

2170 1290 2296 1342 BIL!
2316 1289 2379 1353 ’⁸,
2402 1290 2725 1355 συνετρίϐη
2756 1288 2977 1357 Δαγὼν.
3016 1290 3227 1342 Οὐκέτι
3259 1292 3332 1343 οὐ
3360 1292 3401 1321 ¹⁶
3427 1292 3517 1359 μὴ
3542 1292 3749 1345 ειπωσι

2172 1379 2252 1442 τῷ
2269 1377 2442 1446 μωρῷ
2463 1378 2685 1446 ἄρχειν.
2717 1379 2819 1431 Καὶ
2843 1378 2959 1432 νῦν
2980 1378 3163 1432 ταῦτα
3178 1379 3359 1445 μικρὰ
3379 1378 3502 1444 τοῖς
3526 1380 3750 1447 ἀθλίοις

2176 1468 2344 1531 ἴσως.
2377 1467 2581 1519 Ἔσται
2610 1466 2678 1518 δὲ
2714 1468 2916 1533 καιρὸς
2943 1467 3124 1533 ἡνίκα
3156 1468 3376 1537 ὄψομαι
3411 1470 3557 1535 τοὺς
3576 1472 3751 1538 ἐμοί-ς

489 1563 777 1631 ὑϐριστὰς
803 1565 900 1616 καὶ
945 1564 1050 1617 τὸν
1074 1564 1265 1633 μέγαν
1295 1567 1522 1618 τούτων
1552 1563 1901 1632 καθηγητὴν
1921 1560 2438 1629 ἀποκλαιομένους
2468 1560 2583 1627 τὴν
2611 1558 2843 1613 ἑαυτῶν
2876 1561 3093 1612 κακίαν
3129 1562 3195 1624 ιτ,
3249 1561 3353 1614 ὅτε
3402 1560 3576 1617 πᾶσα
3631 1580 3757 1630 χρ.-

490 1676 654 1715 νεται
681 1661 775 1713 καὶ
808 1660 1197 1723 ,βασανίζεται
1234 1662 1414 1713 κακία
1439 1660 1480 1691 ¹³
1509 1660 1608 1714 καὶ
1645 1660 1926 1727 πονηρία.

563 1750 755 1803 18-19.
787 1748 1011 1803 Interim
1036 1749 1167 1802 dum
1198 1749 1314 1803 htec
1347 1749 1423 1802 ita
1458 1748 1525 1802 ab
1565 1750 1898 1818 imperatore
1924 1748 2072 1819 ejus-
2098 1748 2147 1807 B

495 1856 603 1910 que
634 1849 929 1911 symmysta
967 1840 1277 1908 patriarcha
1312 1850 1597 1910 geruntur,
1630 1841 1903 1896 Arabibus
1947 1856 2071 1895 cum

496 1932 813 2002 ingentibus
865 1933 1039 2001 copiis
1090 1933 1145 1986 in
1194 1936 1493 1988 Romanam
1540 1934 1731 1988 effusis
1780 1934 2071 1998 ditionem,

497 2023 799 2092 imperator
830 2040 938 2077 una
968 2040 1092 2077 eum
1128 2025 1310 2078 Persis
1337 2025 1579 2094 perfugis
1604 2034 1661 2079 et
1692 2026 1983 2081 ordinibus
2011 2042 2074 2081 ac

496 2113 745 2168 Manuele
776 2114 1077 2171 domestico
1099 2116 1361 2170 adversus
1390 2131 1484 2171 eos
1513 2118 1777 2186 procedit.
1807 2118 2074 2173 Conserta

497 2219 679 2272 pugna
744 2203 924 2257 vietus
981 2213 1063 2258 est
1106 2203 1444 2272 imperator;
1500 2203 1832 2273 mediosque
1878 2206 2071 2259 Persas

499 2294 668 2357 subit,
704 2311 803 2363 per
823 2311 918 2349 eos
936 2297 1298 2365 prtestandam
1320 2295 1423 2350 sibi
1456 2297 1685 2351 salutem
1706 2297 2071 2353 exsistimans.

499 2384 714 2438 Manuel
746 2386 875 2439 dum
919 2386 1348 2456 circumquaque
1378 2387 1615 2441 lustrans
1650 2388 1706 2440 in
1738 2389 1916 2441 medio
1941 2390 2076 2443 Per-

501 2492 685 2530 sarum
714 2478 1100 2546 imperatorem
1138 2480 1500 2533 constitutum
1528 2478 1801 2549 cognovit,
1828 2481 2077 2550 vellech

503 2585 599 2624 eos
623 2570 800 2639 ipsum
825 2569 1097 2623 Arabibus
1126 2569 1382 2639 prodere,
1408 2586 1581 2641 eaque
1612 2573 1824 2627 ratione
1856 2588 1951 2627 eos
1973 2573 2079 2628 sibi

500 2663 817 2727 conciliare,
880 2664 1160 2732 perruptis
1210 2663 1278 2718 iis
1334 2664 1572 2728 mediis,
1625 2665 2080 2735 apprehensoque

448 2736 469 2751 ’
502 2754 628 2823 equi
673 2755 1020 2824 imperatoris
1067 2754 1245 2818 freno,
1294 2770 1360 2808 ex
1409 2770 1601 2809 eorum
1629 2771 1805 2809 cuneo
1846 2755 2080 2810 invitum

504 2844 734 2913 expulit,
787 2858 986 2913 nempe
1030 2844 1166 2896 nihil
1208 2844 1495 2899 ferendum
1530 2845 1794 2900 Romanis
1840 2847 2080 2902 dedecus

504 2932 844 2996 existimans,
880 2934 925 2987 si
972 2934 1343 2987 Romanorum
1374 2935 1670 3004 imperator
1703 2938 1772 2990 ab
1811 2938 2083 2994 Arabibus

507 3032 702 3092 captus
736 3023 835 3077 sub
877 3024 1008 3095 jugo
1038 3024 1372 3078 mitteretur.
1411 3026 1607 3081 Verum
1642 3028 1937 3097 imperator
1969 3046 2082 3100 pra:

2248 1737 2438 1810 ιη’-ιθ’.
2464 1738 2680 1791 Τούτων
2712 1740 2753 1770 ¹⁹
2786 1739 2841 1792 δὲ
2867 1739 3039 1803 οὕτως
3081 1742 3473 1811 πραττομένων
3520 1743 3674 1814 παρά
3700 1761 3755 1797 τε

2172 1835 2267 1889 τοῦ
2305 1833 2572 1903 βασιλέως
2612 1833 2708 1887 καὶ
2750 1833 2843 1885 τοῦ
2894 1835 3217 1903 συμμύστου
3248 1836 3419 1889 αὐτοῦ
3472 1839 3757 1909 πατριάρ-

2174 1941 2294 1995 χου,
2337 1922 2573 1989 Ἀραὸες
2611 1923 2749 1991 μετὰ
2778 1921 3060 1990 δυνάμεως
3112 1922 3315 1992 πολλῆς
3346 1923 3489 1975 κατὰ
3537 1924 3758 1993 Ῥωμα-

2176 2017 2294 2075 νίας
2327 2016 2586 2085 ἐξῄεσαν,
2620 2016 2647 2066 ὁ
2701 2014 2758 2067 δὲ
2819 2014 3074 2083 βασιλεὺς
3133 2015 3249 2084 ἅμα
3310 2018 3428 2077 τοῖς
3485 2016 3763 2085 πρόσφυξι

2178 2110 2415 2173 Πέρσαις
2454 2109 2552 2159 καὶ
2597 2108 2709 2170 τοῖς
2753 2107 2994 2177 τάγμασι
3038 2110 3131 2160 καὶ
3162 2109 3419 2179 Μανουὴλ
3450 2109 3763 2180 δομεστὶκῳ

2178 2203 2300 2254 κατ’
2333 2200 2515 2253 αὐτῶν
2545 2199 2762 2270 ἐχώρει.
2812 2200 2923 2252 Καὶ
2953 2200 3228 2272 συμϐολῆς
3262 2203 3568 2270 γενομένης
3593 2203 3761 2271 ἡττή-

2180 2294 2244 2363 θη
2266 2294 2292 2345 ὁ
2325 2292 2599 2362 βασιλεὺς,
2636 2291 2730 2345 καὶ
2767 2292 2931 2362 μέσον
2963 2292 3181 2363 εἰσῆλθε
3226 2293 3334 2345 τῶν
3382 2295 3640 2364 Περσῶν,
3674 2295 3765 2347 ὑπ’

2179 2383 2359 2437 αὐτῶν
2394 2383 2770 2452 περισωθῆναι
2794 2382 3100 2438 ὑπολαϐών.
3143 2386 3403 2456 Μανουὴλ
3428 2387 3486 2438 δὲ
3516 2387 3595 2449 ὠς
3625 2388 3764 2454 ἔγνω

2181 2474 2533 2545 περισκοπῶν
2567 2475 2729 2543 μέσον
2780 2475 2887 2526 τῶν
2944 2476 3169 2543 Περσῶν
3225 2478 3315 2529 τὸν
3351 2478 3581 2547 βασιλέα
3612 2478 3765 2543 ὄντα,

2182 2567 2378 2627 αὐτοὺς
2398 2565 2455 2618 δὲ
2484 2565 2836 2635 βουλομένους
2866 2569 2976 2628 τοῖς
3015 2567 3221 2638 Ἄραψι
3248 2568 3437 2621 τοῦτον
3469 2569 3765 2639 προδοῦναι

2184 2663 2278 2717 καὶ
2304 2662 2372 2715 δι’
2409 2663 2569 2715 αὑτὸν
2599 2663 3006 2730 καταλλαγῆναι
3036 2663 3251 2726 αὐτοῖς,
3282 2660 3573 2729 διασχίσας
3604 2662 3767 2730 μέσον

2184 2755 2365 2809 αὐτῶν
2393 2756 2487 2808 καὶ
2523 2756 2616 2808 τοῦ
2650 2754 2868 2826 χαλινοῦ
2904 2755 2997 2807 τοῦ
3035 2756 3201 2807 ἵππου
3238 2754 3331 2806 τοῦ
3376 2753 3648 2822 βασιλέως
3674 2753 3769 2805 λα-

2186 2844 2410 2913 ϐόμενος
2440 2844 2701 2916 ἐξήλασεν
2752 2845 2953 2898 ἄκοντα
2987 2843 3180 2895 τοῦτον
3222 2842 3453 2909 ἐξάγων,
3503 2840 3767 2911 αἰσχύνην

2184 2936 2489 3006 ἡγούμενος
2540 2936 2601 2989 οὐ
2660 2937 2931 3003 καθεκτὴν
2976 2934 3290 3003 Ῥωμαίοις,
3325 2935 3375 2986 εἰ
3419 2933 3767 3002 τὸνβασιλέα

2197 3028 2482 3098 Ῥωμαίων
2521 3028 2760 3099 Ἀραὸες
2794 3026 3140 3097 αἰχμάλωτον
3182 3025 3442 3080 λάϐωσιν.
3495 3024 3554 3078 ’0
3578 3025 3635 3078 δὲ
3670 3023 3768 3095 βα-

510 3113 707 3168 timore
756 3116 905 3170 sanis
942 3116 1112 3170 animi
1154 3116 1461 3171 rationibus
1504 3118 1752 3189 dejectus
1782 3120 1850 3175 ad
1894 3123 2084 3180 Persas

2192 3122 2375 3188 σιλεὺς
2402 3121 2483 3192 τῷ
2501 3121 2611 3174 δέει
2647 3123 2741 3174 τοῦ
2764 3119 3163 3189 καθεστηκότος
3202 3118 3399 3180 ἐκστὰς
3424 3118 3771 3188 προσρυῆναι

510 3221 705 3261 rursus
737 3207 879 3261 elabi
923 3208 1223 3262 nitebatur.
1278 3209 1337 3263 In
1397 3226 1561 3279 quem
1603 3212 1816 3269 Manuel
1867 3226 2086 3272 arrecto

510 3296 691 3366 gla‘lio
714 3297 868 3368 quasi
895 3313 1262 3367 percussurus
1288 3300 1618 3355 minabatur.
1647 3303 1951 3374 Imperator
1975 3317 2087 3362 ter-

513 3401 636 3442 rore
671 3397 825 3443 actus
876 3389 1187 3459 invitusque
1227 3391 1390 3461 803
1437 3403 1661 3448 secutus
1696 3395 1784 3448 vix
1828 3396 2087 3453 incolumi

516 3478 622 3532 vita
652 3479 848 3533 evasit.
883 3479 1014 3533 Inde
1050 3479 1254 3548 probro
1301 3482 1623 3553 ingentique
1668 3485 1897 3541 affectus
1934 3489 2088 3545 clade

515 3570 818 3640 Dor-ylzeum
852 3571 1171 3625 revertitur.
1199 3572 1410 3627 Manuel
1446 3591 1513 3629 ex
1538 3578 1779 3646 acceptis
1813 3579 1867 3635 in
1900 3582 2091 3649 preelio

516 3660 689 3729 plagis
710 3670 983 3729 :egrotans
1012 3662 1133 3716 latis
1154 3663 1375 3719 functus
1397 3676 1501 3727 est,
1531 3683 1654 3721 cum
1683 3672 1899 3741 egregia
1922 3672 2091 3728 multa

516 3750 649 3804 belli
677 3751 920 3805 facinora
957 3753 1222 3810 adversus
1246 3756 1524 3827 Agarenos
1559 3760 1918 3831 designasset.
1965 3764 2092 3833 Ejus

519 3842 749 3902 relatum
805 3860 1005 3915 corpus
1054 3846 1107 3900 in
1160 3851 1492 3903 monasterio
1542 3849 1610 3904 ab
1667 3852 1786 3922 ipso
1844 3852 2091 3910 Manuele

520 3938 742 3993 condito
771 3939 1081 4011 depositum
1109 3953 1213 4009 est,
1249 3944 1398 4013 iuxta
1432 3946 1728 4002 cisternam
1757 3949 2005 4019 Asparis.

588 4113 674 4167 20.
719 4114 1017 4171 Confestim
1054 4119 1239 4175 Persis
1282 4120 1493 4193 objecta
1537 4123 1767 4180 crimina
1809 4128 1953 4198 apud
1993 4128 2094 4182 im-

520 4214 861 4272 peratorem,
923 4210 1193 4279 minaeque
1254 4210 1535 4267 intentatae
1594 4216 1858 4272 adversus
1911 4218 2093 4273 Theo-

520 4297 764 4367 phobum
800 4309 1057 4373 tanquam
1099 4304 1362 4359 rebellem
1399 4322 1462 4360 ac
1494 4307 1852 4377 perduellem.
1884 4309 2095 4375 Quibus

522 4389 895 4462 Theophohus
935 4396 1196 4465 cognitis,
1236 4402 1533 4470 assumptis
1578 4403 1789 4467 Persis,
1834 4404 2090 4470 SinOpem

524 4496 698 4552 usque
737 4483 1042 4552 descendit,
1074 4497 1397 4562 captamque
1425 4466 1647 4564 tyranni
1701 4466 1982 4564 potestate
2012 4507 2093 4552 te-
2125 4466 2168 4520 Β

520 4574 663 4629 nuit.
699 4575 1004 4646 Imperator
1048 4581 1142 4636 ubi
1186 4584 1427 4651 rescivit,
1464 4586 1669 4656 ingenti
1712 4589 1839 4643 inde
1868 4590 2097 4647 affectus

523 4681 782 4735 mterore,
820 4672 1029 4726 veritus
1058 4674 1269 4730 scilicet
1309 4692 1378 4731 ne
1424 4677 1461 4731 ii
1499 4678 1565 4732 ad
1609 4680 1816 4735 Arabes
1856 4682 2096 4737 conflue-

526 4768 671 4823 rent,
714 4760 768 4813 in
814 4760 1239 4833 Paphlagoniam
1270 4783 1443 4837 usque
1486 4768 1603 4839 ipse
1633 4772 1817 4836 venit;
1860 4771 2097 4842 dataque

521 4850 604 4906 eis
658 4853 972 4909 securitatis
1014 4856 1116 4911 fide
1171 4868 1560 4930 assumptoque
1602 4861 1939 4932 Theophobo
1989 4882 2095 4919 una

524 4961 648 4999 cum
700 4946 792 5001 illo
842 4946 894 5001 in
931 4948 1126 5003 urbem
1173 4968 1427 5007 reversus
1474 4963 1587 5018 est,
1642 4955 1824 5010 Persis
1873 4957 2098 5026 reliquis

525 5051 593 5090 eo
626 5036 1048 5103 divertentibus,
1083 5040 1175 5095 ubi
1214 5057 1242 5094 a
1286 5044 1557 5113 principio
1602 5045 1760 5100 sedes
1811 5045 1919 5099 illis
1965 5047 2100 5100 assi-

525 5138 702 5196 gnatas
753 5141 930 5185 erant.
970 5131 1311 5201 Diligebatur
1353 5144 1536 5189 autem
1577 5136 1946 5206 Theophobus
1988 5153 2095 5191 non

528 5219 711 5274 minus
748 5235 777 5274 ιι
810 5222 1024 5278 civibus
1058 5240 1221 5293 quam
1258 5241 1288 5279 a
1330 5225 1529 5291 Persis,
1574 5227 1774 5297 quippe
1815 5228 1907 5299 qui
1954 5238 2099 5284 esset

528 5313 888 5372 orthodoxus.

597 5405 687 5460 2|.
733 5408 946 5466 Accidit
993 5428 1092 5482 per
1130 5412 1183 5469 id
1223 5422 1438 5484 tempus
1479 5424 1537 5469 ut
1588 5415 1969 5486 imperatorem
2030 5414 2095 5468 ad

2189 3216 2350 3269 πάλιν
2398 3218 2514 3279 τοῖς
2555 3214 2791 3284 Πέρσαις
2835 3212 3117 3283 ὴὸούλετο.
3174 3211 3231 3264 Ὀ
3302 3211 3357 3264 δὲ
3409 3211 3671 3281 Μανουὴλ
3709 3212 3775 3263 τῖ)

2191 3307 2343 3378 ξίφος
2376 3307 2647 3361 ἀνέτεινεν
2681 3304 2757 3366 ὼς
2787 3301 3045 3366 πατάξων
3084 3300 3270 3354 αὐτόν.
3324 3299 3379 3351 Ὁ
3409 3299 3465 3350 δὲ
3508 3298 3772 3368 φοϐηθεὶς

2189 3400 2282 3454 καὶ
2314 3399 2462 3453 ἄκων
2481 3397 2783 3461 συνείπετο,
2821 3394 2970 3465 μόλις
2998 3392 3304 3455 διασωθείς.
3339 3393 3613 3445 Κάκεῖθεν
3640 3392 3773 3443 ὑπο-

2196 3492 2421 3561 στρέφει
2468 3493 2527 3544 ὲν
2558 3488 2637 3559 τῷ
2672 3486 2953 3558 Δορυλαῐῳ
2986 3485 3106 3557 μετ’
3152 3485 3412 3553 αἰσχύνης
3455 3485 3552 3537 καὶ
3598 3484 3771 3552 ἥττης

2190 3584 2410 3653 πολλῆς.
2462 3582 2521 3635 '0
2551 3582 2608 3634 δὲ
2638 3580 2899 3649 Μανουὴλ
2942 3580 3000 3632 ὲν
3034 3579 3112 3647 τῷ
3161 3579 3383 3646 πολέμῳ
3406 3576 3640 3647 τρωθεὶς
3672 3576 3769 3626 καὶ

2190 3676 2420 3743 νοσήσας
2450 3671 2789 3741 ἐτελεύτησε,
2822 3670 2908 3743 [Ρ.
2962 3668 3088 3741 529.]
3134 3667 3336 3730 πολλὰς
3397 3666 3771 3737 ἀνδραγαθίας

2192 3764 2332 3818 κατὰ
2375 3763 2483 3817 τῶν
2538 3762 2854 3834 ’Δγαρηνῶν
2912 3761 3332 3831 ἐνστησάμενος.
3368 3759 3442 3812 Τὸ
3489 3760 3550 3811 δὲ
3608 3758 3773 3827 σῶμα

2191 3855 2355 3909 αὐτοῦ
2391 3852 2760 3923 ἀιποκομισθὲν
2788 3851 2947 3921 ἐτέθη
2975 3853 3032 3903 ὲν
3062 3853 3126 3920 τῇ
3152 3851 3242 3902 ὑπ’
3271 3847 3439 3901 αὑτοῦ
3473 3846 3766 3915 κτισθείσῃ

2197 3950 2332 4020 μονῇ
2365 3946 2458 4000 τοῦ
2479 3944 2757 4015 Μανουὴλ,
2790 3944 3053 4013 σύνεγγυς
3074 3943 3175 4012 τῆς
3201 3941 3525 4012 κινστέρνης
3558 3942 3773 3992 Ἀσπα-

2199 4058 2309 4112 ρος.

2268 4140 2336 4189 κ’.
2371 4133 2479 4185 Καὶ
2529 4131 2689 4194 εὐθὺς
2741 4130 2989 4184 διαϐολαὶ
3044 4128 3186 4183 κατὰ
3225 4127 3453 4199 Περσῶν
3506 4126 3649 4197 πρὸς
3679 4128 3777 4179 τὸν

2198 4222 2441 4293 βασιλέα,
2474 4223 2569 4276 καὶ
2621 4221 2844 4275 ἀπειλαὶ
2884 4221 3027 4275 κατὰ
3065 4219 3336 4288 Θεοφόὁου
3387 4218 3462 4280 ὡς
3503 4219 3773 4288 ἁντάρτου

2197 4315 2292 4368 καὶ
2338 4312 2597 4383 προδότου
2650 4311 2744 4364 καὶ
2800 4309 3122 4379 δυσμενοῦς.
3157 4310 3223 4362 Ἀ
3275 4306 3465 4377 μαθὼν
3504 4306 3778 4375 Θεὸφοδος

2196 4408 2320 4468 τοὺς
2357 4407 2569 4476 Πέρσας
2615 4401 2906 4457 ἀναλαϐὼν
2942 4401 3207 4471 κατῆλθεν
3233 4400 3333 4462 ἕως
3371 4398 3652 4469 Σινώπης,
3684 4400 3778 4452 καὶ

2198 4495 2400 4565 ταύτην
2430 4493 2767 4565 παραλαϐὼν
2788 4494 3006 4563 κατεῖχε
3034 4489 3394 4561 τυραννικῶς.
3414 4490 3599 4560 Ὅπερ
3620 4490 3780 4557 γνοὺς

2199 4586 2505 4656 senatus;
2546 4587 2639 4640 καὶ
2671 4587 2729 4638 ὲν
2780 4585 2991 4655 μεγάλῃ
3025 4583 3168 4653 λύπῃ
3216 4582 3509 4651 γενόμενος
3564 4579 3775 4650 (ἐδεδίει

2200 4679 2310 4747 γὰρ
2370 4677 2443 4748 μή
2499 4693 2614 4738 πως
2653 4674 3016 4746 παραρρυῶσι
3054 4676 3164 4735 τοῖς
3201 4671 3431 4742 Ἄραψι)
3482 4669 3581 4723 καὶ
3618 4671 3777 4740 μέχρι

2205 4769 2583 4838 ιιαφὶαγονίας
2614 4768 2775 4831 αὐτὸς
2807 4766 2993 4837 ἀπῄει·
3033 4766 3127 4817 καὶ
3156 4764 3316 4833 λόγον
3350 4764 3539 4825 αὐτοῖς
3572 4762 3650 4824 ὡς
3681 4762 3776 4811 οὺ-

2197 4861 2285 4913 δὲν
2312 4862 2481 4913 δεινὸν
2510 4860 2783 4913 πείσονται
2811 4856 3080 4919 δεδωκὼς,
3113 4855 3315 4909 καὶτὸν
3343 4854 3619 4922 Θεόφοϐον
3648 4854 3781 4905 ἁνα-

2205 4952 2522 5021 λαὸόμενος,
2550 4949 2854 5022 ὑπέστρεψε
2886 4948 3004 5020 μεθ’
3038 4948 3229 5001 ἑαυτοῦ
3262 4948 3318 4999 ὲν
3359 4949 3426 5016 τῇ
3464 4946 3642 5004 πόλει,
3672 4944 3783 4996 τῶν

2203 5045 2378 5100 ἄλλων
2430 5044 2654 5116 Περσῶν
2689 5041 3153 5114 παραγενομένων
3199 5032 3375 5109 οὗπερ
3422 5037 3785 5105 κατεσκηνώο

2205 5138 2377 5205 θησαν
2428 5137 2487 5201 ἐξ
2525 5137 2719 5207 ἀρχῆς.
2769 5136 3048 5202 Ἠγαπᾶτο
3094 5132 3150 5184 δὲ
3190 5131 3461 5200 Θεὸφοϐος
3494 5130 3648 5200 παρὰ
3671 5128 3785 5179 τῶν

2205 5229 2435 5282 πολιτῶν
2464 5230 2562 5300 οὐχ
2598 5223 2759 5300 ἦττον
2788 5227 2821 5297 ἦ
2864 5227 2973 5279 τῶν
3006 5224 3229 5297 Περσῶν
3262 5225 3337 5286 ὡς
3364 5220 3667 5295 ὀρθόδ>ξος.

2277 5416 2383 5463 καί.
2420 5409 2553 5463 Τότε
2600 5407 2666 5478 δὴ
2708 5407 2978 5477 γινομένῳ
3014 5406 3060 5436 ¹⁰
3104 5404 3183 5474 τῷ
3233 5403 3445 5474 βασιλεί
3476 5403 3613 5473 πρὸς
3639 5400 3782 5453 Bla-

1807 5570 2037 5625 VAIll/E
2081 5563 2483 5624 LECTIONES.

612 5701 655 5732 "
678 5701 793 5768 ἅμα
813 5701 871 5752 Ρ.

542 5770 657 5842 ρίαν
700 5773 759 5826 l'.

952 5703 992 5733 ”
1021 5704 1342 5777 διερῤύηκεν
1379 5708 1437 5759 (Σ.
1516 5710 1557 5739 ¹⁵
1590 5708 1681 5759 ἐπὶ
1711 5705 1976 5777 Βεσελεὴλ
2009 5706 2070 5758 C.

840 5772 881 5801 "
911 5774 995 5824 ὅτε
1029 5772 1281 5828 -ίκακία
1312 5778 1431 5831 add.
1461 5778 1521 5833 C.

1410 5982 1420 6007 Ι

2147 5706 2186 5737 ⁸⁸
2213 5707 2272 5758 οὐ
2301 5722 2407 5759 om.
2442 5705 2504 5760 ϐ.

1603 5780 1643 5808 ⁸³
1672 5778 1874 5831 τούτων
1906 5774 1969 5817 -ὲ
1998 5793 2048 5845 p.
2085 5776 2186 5830 8l0
2220 5778 2527 5846 κατέθηκαν
2592 5791 2697 5829 om.
2743 5774 2803 5829 C.

2586 5704 2626 5735 ¹⁷
2661 5704 2951 5757 κακίαν-
2976 5701 3237 5773 πονηρία]
3269 5703 3577 5759 κακίανκαὶ
3598 5716 3781 5772 πον-η-

2592 5791 2697 5829 om.
2743 5774 2803 5829 C.
2884 5776 3153 5829 ³⁸·ίίνετπιι
3183 5774 3245 5829 Ρ.

2884 5776 2925 5807 ²⁹
2948 5776 3153 5843 γίνεται
3183 5776 3245 5830 Ρ.
