3996 6208
279 187 366 256 865
1331 194 1528 255 va
1570 192 1809 285 RECEN

1916 192 2120 256 )RUM
2163 199 2365 260 IMPP.

3387 207 3498 270 806

284 305 478 373 κέρναις.
502 297 656 352 καθὰ
699 297 924 361 εἴθιστο,
962 299 1273 372 ὗπάντησεν
1309 302 1459 374 αὐτῷ
1481 321 1564 367 τις
1596 298 1809 374 προσελ-

1930 303 2262 362 Blachernas
2295 324 2614 378 processum
2653 311 2945 369 habentem
2978 313 3249 386 quispiam
3289 317 3508 372 obviam

289 393 373 445 θὼν
398 392 476 444 xui.
493 391 670 458 λέγων
696 390 858 443 ὃτιὊ
885 392 1071 456 ἵππος
1095 387 1143 460 ᾧ
1164 393 1462 462 ἐποχεῖται
1481 393 1816 460 ἡβιισιλειά

287 481 712 551 σουέμὸςὲστιν.
749 483 858 536 Τοῦ
905 484 963 537 δὲ
1020 485 1186 538 ἵππου
1239 486 1570 558 σκιρτῶν-τος
1614 487 1704 541 διὰ
1755 487 1816 540 τὸ

286 575 518 644 αἰφνιδίως
545 573 853 643 προσιέναι,
886 577 982 629 καὶ
1009 576 1103 629 τοῦ
1133 578 1395 647 βασιλέως
1423 578 1614 632 τοῦτον
1646 596 1816 633 κατα-

286 667 487 734 σχόντος,
509 664 599 718 τὸν
631 667 848 735 κόμητα
874 667 970 720 τοῦ
1001 668 1236 722 στάὁλου
1269 669 1628 741 ἐπηρώτησεν
1657 674 1684 724 6
1713 671 1818 742 βα-

283 756 452 819 σιλεὺς,
487 757 650 823 Τίνος
687 759 860 813 ἐστὶν
891 763 925 813 ὁ
954 760 1174 827 Istaec;
1209 759 1272 815 Ὀ
1300 761 1359 814 δὲ
1385 761 1511 834 ἔφη’
1542 760 1595 814 Ὀ
1625 764 1816 832 κόμης

281 850 368 904 τοῦ
430 851 659 918 ὀψικίου
719 853 1079 909 ἀπέστειλεν
1139 856 1330 910 αὐτόν
1401 856 1476 925 τῇ
1527 857 1815 924 βασιλείᾳ

276 960 392 998 σου.
419 942 611 998 Τούτου
637 945 694 998 δὲ
718 947 776 998 ὲν
801 949 868 1018 τῇ
897 947 1050 1001 πόλει
1081 947 1420 1019 εὑρεθέντος,
1451 953 1517 1020 τῇ
1550 948 1816 1021 ἐπαύριον

274 1033 462 1102 ἀγαγὼν
491 1035 651 1088 αὐτὸν
678 1038 706 1087 ὁ
747 1037 1000 1107 βασιλεὺς
1029 1040 1124 1093 καὶ
1152 1042 1243 1093 τὸν
1269 1042 1638 1112 προσελθόντα
1666 1043 1814 1114 αὐτῷ

270 1127 376 1197 ἔφη·
405 1128 543 1181 Εἰπὲ
571 1131 638 1182 τὸ
665 1129 912 1198 ἀληθὲς,
943 1133 1110 1198 τινος
1133 1133 1308 1187 ἐστὶν
1352 1136 1385 1188 ὁ
1417 1135 1643 1202 laxae;
1680 1136 1744 1190 '0
1769 1136 1813 1189 δ’

267 1219 554 1287 ἀποκριθεὶς
581 1215 754 1287 εἶπεν,
788 1223 870 1275 ὃτι
917 1224 1082 1292 Ἐμὸς
1115 1221 1214 1295 ἦν,
1245 1225 1344 1279 καὶ
1371 1225 1741 1295 ἀποστείλας
1781 1231 1815 1282 ὁ

267 1311 576 1379 στρατηγὸς
626 1312 954 1368 ἀνελάϐετο
1020 1317 1212 1371 αὐτὸν
1242 1319 1458 1386 ,βιαίως
1513 1321 1614 1374 ἀπ’
1642 1321 1810 1390 ἐμοῦ,

259 1401 388 1470 μήτε
416 1403 633 1473 τίμημά
671 1423 766 1472 μοι
800 1405 950 1474 δοὺς
972 1407 1127 1476 μήτε
1151 1409 1398 1480 ἀξίωμα.
1437 1407 1568 1466 Eine
1592 1413 1646 1466 δὲ
1680 1414 1815 1485 πρδς

256 1495 335 1546 τὸν
359 1496 568 1566 κόμητα
592 1498 620 1549 6
652 1496 929 1566 βασιλεὺς,
959 1500 1106 1554 Εἰπὲ
1128 1503 1181 1555 εὶ
1212 1502 1397 1566 οὕτως
1421 1505 1567 1573 ἔχει,
1596 1507 1690 1559 καὶ
1717 1505 1814 1561 διὰ

256 1586 398 1657 τιμὴ
427 1588 742 1656 ἀποκόψας
767 1591 809 1622 ³⁸
854 1593 989 1659 περὶ
1046 1591 1157 1646 τοῦ
1207 1594 1399 1649 ἵππου
1446 1596 1813 1664 ἀπέστειλάς

1923 395 2108 452 factus
2147 401 2467 469 accederet,
2510 411 2674 474 atque
2704 405 2914 462 diceret
2943 425 2956 461 :
2990 407 3173 479 Equus
3204 409 3288 462 cui
3319 409 3508 463 insidet

1919 493 2174 564 majestas
2221 503 2342 561 tua,
2395 515 2542 552 meus
2589 508 2685 553 est.
2741 499 3042 557 Exsiliente
3094 517 3258 572 equo,
3297 502 3377 556 sic
3421 519 3510 556 rc-

1918 587 2146 656 pentino
2177 605 2438 657 occursu,
2475 592 2779 665 volensque
2810 594 3105 664 imperator
3145 594 3324 665 ipsum
3371 593 3512 648 dcti-

1917 690 2051 729 nere
2079 717 2093 742 ,
2135 677 2333 746 quaerit
2382 696 2450 734 ex
2503 683 2706 737 comite
2772 684 2974 738 stabuli
3009 677 3293 756 cujusnam
3335 701 3511 754 equus

1917 775 2084 822 esset.
2128 769 2434 838 Respondit
2463 772 2553 827 ille
2587 792 2600 827 :
2640 772 2834 844 Opsicii
2863 793 3032 830 comes
3069 777 3206 830 misit
3239 777 3511 846 majestati

1920 867 2044 912 tum.
2090 860 2257 932 804
2294 863 2556 917 Inventus
2602 865 2691 920 ille
2735 866 2791 920 in
2827 867 2961 922 urbe
2996 869 3048 922 in
3093 870 3394 922 crastinum
3441 869 3509 922 ad

1917 943 2304 1016 imperatorem
2354 950 2668 1016 adducitur,
2708 967 2832 1006 cum
2868 970 2934 1008 eo
2963 955 3055 1024 qui
3091 956 3268 1024 ipsum
3309 969 3510 1009 conve-

1916 1046 2095 1103 nerat,
2142 1047 2308 1108 atque
2345 1040 2646 1110 imperator
2677 1060 2690 1096 :
2727 1043 2915 1098 Verum
2947 1044 3196 1114 loquere:
3231 1049 3509 1114 cujnsnam

1917 1140 2080 1196 equus
2137 1127 2256 1180 est?
2317 1129 2622 1198 Respondit
2665 1130 2795 1184 ille:
2843 1131 2986 1185 Meus
3035 1143 3149 1196 est;
3200 1137 3508 1202 millensqtte

1917 1227 2113 1285 praetor
2170 1235 2263 1288 per
2316 1221 2418 1273 vim
2479 1236 2510 1273 a
2576 1237 2658 1274 me
2697 1221 2948 1288 abstulit,
3021 1239 3184 1293 neque
3240 1225 3506 1293 persoluto

1918 1311 2086 1380 pretio
2135 1327 2300 1382 neque
2338 1313 2596 1382 dignitate
2635 1331 2901 1368 concessa.
2957 1315 3094 1369 Tum
3129 1315 3195 1369 ad
3248 1317 3504 1369 comitem

1917 1401 2258 1470 imperator:
2307 1403 2495 1469 Dicito,
2531 1421 2658 1458 num
2690 1423 2746 1458 se
2791 1408 2865 1460 ita
2908 1423 2989 1460 res
3035 1407 3245 1470 habent,
3296 1426 3355 1461 ac
3384 1409 3508 1479 quid

1916 1511 2090 1550 causa:
2127 1498 2194 1549 sit
2232 1514 2325 1550 cur
2376 1514 2481 1550 non
2525 1497 2794 1568 persoluto
2833 1500 2950 1566 equi
2989 1501 3154 1569 pretio
3185 1516 3300 1552 eum
3336 1500 3404 1552 ad
3429 1517 3509 1553 me

1922 1590 2146 1643 miseris.
2189 1591 2491 1660 Respondit
2539 1590 2672 1645 ille:
2716 1590 2994 1656 anrebat
3040 1601 3094 1644 ut
3130 1592 3385 1646 scholaris
3413 1593 3510 1662 ﬁe-

249 1694 337 1746 μοι
384 1681 588 1734 αὐτόν.
634 1679 693 1732 '0
742 1680 799 1733 δὲ
841 1681 948 1753 ἔφη
1000 1682 1103 1736 ὅτι·
1168 1684 1467 1752 Ἐπεζήτει
1529 1691 1809 1756 γενέσθαι

1916 1688 2028 1742 ret;
2075 1696 2166 1749 ego
2201 1697 2342 1745 vero,
2385 1698 2501 1734 eum
2548 1682 2676 1735 mihi
2719 1699 2824 1734 non
2872 1681 3091 1750 liqueret
3132 1698 3200 1734 an
3246 1684 3326 1735 vir
3356 1684 3507 1751 fortis

252 1772 582 1840 σχολὰριοςο
620 1773 735 1843 ἐγὼ
773 1773 843 1826 δὲ
870 1774 956 1844 μὴ
990 1774 1163 1842 εἰδὼς
1192 1776 1281 1830 ὅτι
1311 1778 1585 1848 ἀνδρεῖός
1615 1781 1806 1847 ἐστιν,

247 1865 518 1935 παρεῖχον
543 1866 738 1920 αὐτὸν
765 1869 1106 1937 νομίσματα
1125 1870 1362 1924 ἑκατόνο
1388 1875 1421 1925 ό
1445 1871 1512 1925 δὲ
1538 1875 1650 1926 οὐκ
1671 1873 1811 1928 ἔλα-

247 1957 341 2009 ϐεν
374 1957 544 2011 αὐτά.
583 1956 642 2010 '0
671 1955 727 2010 δὲ
758 1958 1012 2027 βασιλεὺς
1045 1959 1171 2030 ἔφη’
1207 1961 1317 2014 Καὶ
1342 1961 1439 2016 διὰ
1461 1963 1521 2016 τι
1545 1962 1632 2033 μὴ
1665 1965 1810 2018 ἁπο-

241 2049 430 2115 κοπὴν
473 2050 710 2103 τελείαν
761 2050 891 2118 μετ’
942 2052 1130 2104 αὑτοῦ
1189 2053 1602 2123 ποιησάμενος
1689 2057 1807 2111 ἀπ-

237 2140 513 2206 ἐστειλάς
534 2158 634 2210 μοι
661 2141 767 2194 τὸν
793 2141 1011 2208 fautor;
1045 2143 1152 2198 Καὶ
1169 2144 1559 2218 ὲρευνήσαντος
1585 2146 1680 2202 τοῦ
1714 2149 1809 2219 βα-

241 2230 449 2295 σιλέως,
473 2233 569 2286 καὶ
606 2231 1112 2304 πληροφορηθέντος
1148 2235 1225 2298 ὡς
1254 2236 1444 2307 βιαίως
1470 2238 1631 2292 αὑτὸν
1655 2239 1808 2309 ἀφεί-

235 2321 384 2386 λατο,
429 2323 520 2377 τὸν
574 2323 672 2395 μὲν
721 2325 1100 2397 στρατηλάτην
1130 2329 1244 2392 τοῖς
1293 2331 1629 2401 προσήκουσι
1667 2348 1808 2401 μαγ-

232 2417 477 2484 γλαόίοις
509 2419 864 2489 ἐσωφρόνισε,
901 2418 981 2489 τῷ
1021 2419 1080 2473 δὲ
1115 2420 1468 2490 προσελθόντι
1509 2421 1658 2492 αὐτῷ
1701 2424 1808 2476 ἀπ-

227 2507 458 2578 έστρεψε
517 2511 610 2563 τὸν
663 2511 849 2564 ἵππον.
894 2509 953 2563 '0
983 2509 1040 2562 δὲ
1060 2509 1248 2563 τοῦτον
1276 2510 1376 2563 οὐκ
1404 2510 1681 2582 ἠϐουλήθη
1713 2511 1808 2563 λαο

228 2598 362 2665 δεῖν,
413 2600 577 2654 ἔλασε
628 2602 685 2655 δὲ
726 2602 868 2672 ὑπὲρ
911 2601 1079 2654 αὑτοῦ
1122 2600 1316 2670 λίτρας
1349 2601 1462 2666 δύο,
1497 2601 1810 2670 ὁρισθέντος

224 2690 439 2744 καὶτοῦ
477 2693 792 2764 στρατηγοῦ
816 2691 1113 2763 δοκιμάσαι
1145 2691 1328 2756 αὐτὸν,
1362 2690 1458 2743 καὶ
1487 2693 1534 2744 εἰ
1566 2692 1812 2761 ἀνῖρεϊός

223 2783 360 2848 ἐστι,
392 2787 626 2856 ποιῆσαι
673 2787 834 2839 αὐτὸν
879 2785 1182 2857 σχολάριον.
1211 2783 1317 2837 Τοῦ
1347 2782 1433 2856 [Ρ.
1479 2783 1604 2856 523]
1637 2785 1693 2838 δὲ
1734 2786 1811 2849 εἰς

215 2873 462 2946 πόλεμον
512 2877 881 2942 ἀπελθόντος,
935 2879 995 2932 ἐν
1045 2881 1110 2949 τῇ
1159 2876 1404 2947 συμϐολῇ
1435 2877 1510 2940 ὡς
1545 2876 1720 2940 δειλὸς
1754 2877 1811 2930 ὲν

213 2971 325 3032 τοῖς
377 2970 685 3039 φεύγουσιν
731 2971 977 3041 εὑρεθεὶς
1011 2971 1339 3041 κατεσφάγη
1372 2972 1476 3024 ὑπὸ
1503 2970 1612 3024 τῶν
1646 2970 1807 3024 πολε-

210 3061 375 3127 μίων.

275 3155 391 3225 κβ’.
444 3154 745 3221 Γεγονότος
774 3153 831 3206 δὲ
862 3151 955 3206 τοῦ
986 3153 1252 3224 βασιλέως
1297 3155 1377 3218 εἰς
1424 3154 1722 3225 πρόκενσον
1749 3156 1806 3207 ἐν

201 3247 278 3319 τῷ
314 3247 598 3317 Βρύαντι,
632 3241 796 3317 ἦλθεν
847 3245 997 3314 αὐτῷ
1042 3246 1266 3317 μήνυμα
1296 3247 1448 3318 παρὰ
1498 3247 1591 3299 τοῦ
1638 3264 1805 3318 στρα-

199 3341 380 3410 τηγοῦ
422 3338 546 3392 τῶν
593 3337 930 3392 ἀνατολικῶν
977 3339 1052 3402 ὡς
1101 3340 1183 3391 ὅτι
1223 3341 1251 3391 6
1311 3340 1806 3411 πρωτοσύμϐουλος

197 3431 453 3498 ἐξελθὼν
496 3430 643 3499 μετὰ
700 3429 935 3502 πλήθους
989 3430 1346 3504 ὲκπορθήσων
1395 3431 1698 3502 ἀπέρχεται
1747 3435 1806 3486 τὸ

205 3522 511 3591 Ἀγώριον.
576 3520 634 3573 ’0
687 3521 744 3574 δὲ
801 3523 870 3574 τὰ
928 3523 1292 3592 νενομισμένα
1331 3521 1408 3592 τῷ
1466 3523 1683 3595 στρατῷ
1714 3526 1806 3577 καὶ

196 3615 310 3676 τοῖς
363 3613 614 3682 ἄρχουσι
645 3611 868 3681 ποιῆσαι
895 3613 938 3643 ⁸³
964 3613 1246 3682 συντόμως
1297 3614 1462 3683 μέχρι
1505 3616 1802 3669 Καππαδο-

191 3705 318 3766 κίας
347 3703 620 3772 ἐξῆλθεν.
661 3700 721 3754 ⁸0
754 3702 812 3755 δὲ
863 3703 1250 3774 ’Δμερουμνῆς
1278 3705 1629 3776 ἀποχωρίσας
1684 3725 1808 3760 πεν-

192 3796 450 3865 τήκοντα
510 3794 762 3864 χιλιάδας
801 3793 953 3861 λαοῦ,
990 3795 1086 3848 καὶ
1132 3796 1223 3848 τὸν
1256 3797 1482 3867 Σουδαῆ,
1511 3799 1804 3868 ὀνομαστό-

185 3904 356 3942 τατον
413 3890 485 3941 ἐν
540 3888 658 3949 τοῖς
701 3887 1026 3956 Ἀγαρηνοῐς
1072 3887 1203 3940 ὄντα
1245 3887 1337 3940 ἐπί
1373 3905 1433 3940 τε
1477 3889 1666 3962 ἀνδρίᾳ
1711 3893 1806 3946 καὶ

183 3980 495 4050 φρονήσει,
529 3977 665 4040 δοὺς
695 3977 880 4039 αὐτοῖς
911 3977 1176 4047 κεφαλὴν,
1205 3979 1495 4033 ἀπέστειλε
1540 3981 1680 4034 κατά
1710 3982 1804 4034 τοῦ

175 4072 488 4141 βασιλέως.
523 4071 915 4141 Συμσαλόντες
941 4071 998 4124 δὲ
1025 4071 1154 4124 πολε
1164 4088 1282 4142 μον,
1314 4071 1568 4143 ἡττηθεὶς
1595 4075 1624 4126 ὁ
1656 4073 1807 4145 βασι-

174 4163 306 4228 λεὺς
363 4165 605 4234 ἔφυγεν
655 4162 749 4215 καὶ
802 4163 920 4233 μετ’
951 4163 1213 4234 αἰσχύνης
1260 4163 1598 4234 ὑπέστρεψεν
1656 4165 1809 4234 μόλις

167 4257 513 4321 διασωθείς.
587 4255 645 4308 '0
699 4255 756 4308 δὲ
808 4256 1162 4327 ἀμερουμνῆς
1200 4255 1452 4310 ἀπελθὼν
1481 4256 1618 4327 μετά
1647 4257 1808 4312 δυνά-

1917 1781 2068 1837 esset,
2101 1781 2311 1826 centum
2351 1789 2595 1827 nummos
2644 1774 2691 1826 ei
2722 1774 3018 1834 tradebant,
3065 1773 3336 1844 noluitque
3365 1776 3507 1827 acci-

1917 1880 2056 1933 pere.
2108 1863 2198 1918 Ait
2240 1865 2578 1934 imperator:
2616 1862 2813 1928 Quidni
2847 1880 2966 1917 vero
3010 1881 3066 1917 re
3097 1881 3216 1918 cum
3254 1881 3313 1917 eo
3355 1865 3508 1936 plene

1915 1959 2240 2028 composita,
2285 1974 2346 2010 ac
2385 1957 2557 2010 soluto
2589 1959 2729 2027 quod
2773 1967 3084 2010 conventum
3127 1966 3258 2011 esset
3303 1961 3507 2029 pretio,

1915 2064 2103 2119 equum
2153 2050 2222 2104 ad
2264 2066 2344 2103 me
2384 2049 2623 2104 misisti?
2673 2049 2870 2104 Habita
2915 2050 3086 2120 igitur
3123 2051 3504 2128 inquisitione,

1915 2155 1979 2195 ac
2022 2150 2306 2211 comperto
2339 2155 2538 2210 equum
2573 2156 2671 2210 per
2697 2140 2806 2194 vim
2843 2141 3088 2196 ablatum
3125 2157 3268 2206 esse,
3297 2142 3508 2197 militize

1915 2232 2196 2303 magister,
2248 2231 2449 2301 quibus
2495 2231 2728 2286 decebat
2770 2231 3097 2286 verberibus
3141 2241 3305 2302 atque
3343 2232 3505 2287 fusti-

1915 2324 2019 2378 bus
2059 2323 2359 2392 castigatus
2405 2329 2528 2386 est,
2589 2337 2766 2391 equus
2820 2322 2872 2377 ei
2925 2322 3020 2384 qui
3083 2333 3392 2378 accesserat
3435 2326 3506 2379 ab

1917 2414 2252 2484 imperatore
2303 2412 2573 2466 redditus.
2630 2412 2819 2466 Noluit
2876 2419 3059 2467 tamen
3120 2415 3167 2468 is
3230 2413 3502 2483 accipere,

1917 2506 2013 2560 sed
2050 2507 2170 2576 ejus
2220 2504 2401 2576 pretio
2442 2505 2578 2558 duas
2627 2504 2799 2560 libras
2845 2509 3075 2577 accepit.
3128 2508 3266 2562 Item
3318 2508 3506 2578 jussus

1918 2593 2118 2648 ductor
2164 2592 2440 2647 exercitus
2488 2591 2768 2645 hominem
2812 2592 3074 2662 probare,
3125 2603 3184 2647 ut
3231 2594 3502 2663 siquidem

1917 2683 2004 2737 vir
2042 2683 2202 2736 fortis
2233 2689 2411 2747 esset,
2469 2697 2595 2736 cum
2647 2681 2955 2735 scholarem
3016 2680 3242 2738 faceret.
3284 2683 3378 2738 llle
3434 2685 3504 2738 ad

1922 2777 2128 2831 bellum
2166 2775 2478 2846 profectus,
2517 2775 2570 2830 in
2605 2775 2781 2846 praelii
2819 2775 3207 2846 congressione
3242 2783 3504 2846 tauquam

1921 2870 2150 2941 ignavus
2173 2869 2316 2924 inter
2344 2869 2617 2941 fugientes
2649 2878 2918 2939 repertus,
2949 2868 3018 2924 ab
3045 2869 3300 2925 hostibus
3333 2871 3506 2926 inter-

1922 2957 2097 3013 iectus
2125 2965 2227 3013 est.

1981 3163 2073 3216 9:2.
2115 3161 2450 3231 lmperatore
2497 3165 2679 3211 autem
2726 3156 2792 3210 ad
2835 3156 3135 3227 Bryantem
3179 3173 3502 3227 processum

1913 3257 2151 3312 habente
2197 3255 2348 3308 venit
2389 3252 2618 3306 nuntius
2655 3251 2723 3305 ab
2764 3251 3129 3305 Asiaticorum
3165 3251 3326 3317 duce,
3369 3269 3503 3323 [ιι-οη

1912 3347 2286 3421 tosy-mbulum
2342 3359 2467 3399 cum
2528 3342 2704 3412 copiis
2765 3356 3048 3411 egressum
3123 3351 3180 3397 et
3237 3342 3503 3400 adversus

1912 3439 2201 3496 Amorium
2265 3437 2530 3508 impetum
2592 3433 2854 3503 dirigere.
2917 3431 3220 3502 Imperator
3277 3437 3344 3490 ad
3402 3446 3502 3492 stt-

1909 3531 2112 3604 pendia
2147 3531 2446 3585 constituta
2495 3529 2656 3583 militi
2690 3523 2855 3599 805
2913 3532 3078 3595 atque
3127 3527 3364 3582 tribunis
3422 3529 3503 3582 fa-

1859 3659 1868 3674 .
1909 3624 2107 3681 cienda
2167 3622 2452 3678 confestim
2496 3620 2550 3674 in
2598 3619 3000 3690 Cappadociam
3046 3637 3221 3692 usque
3265 3623 3500 3678 descen-

1910 3717 2012 3772 dit.
2064 3715 2426 3770 Amerumnes
2458 3712 2858 3783 quinquaginta
2907 3728 3133 3767 suorum
3182 3715 3429 3770 millibus
3466 3731 3498 3770 α

1911 3810 2128 3878 reliquo
2173 3805 2421 3860 exercitu
2461 3803 2685 3866 avulsis,
2731 3802 2923 3872 eisque
2971 3804 3026 3857 in
3070 3805 3265 3859 ducem
3309 3822 3372 3861 ac
3413 3822 3501 3860 ca-

1911 3909 2011 3968 put
2055 3896 2357 3952 constituto
2396 3893 2599 3956 Sudaé,
2635 3893 2756 3947 viro
2790 3893 2932 3946 inter
2965 3896 3245 3965 Agarcuos
3271 3896 3497 3951 fortitu-

1911 3986 2060 4042 dinis
2087 3985 2250 4040 laude
2286 3999 2349 4039 ac
2385 3981 2693 4054 prudentia:
2731 3981 3190 4050 nominatiSsimo,
3232 3985 3500 4042 adversus

1912 4077 2300 4146 imperatorem
2345 4072 2514 4127 misit.
2547 4071 2854 4127 Commisso
2885 4073 3074 4142 przelio
3107 4075 3289 4128 victus
3323 4076 3497 4144 impe-

1911 4175 2066 4221 rator
2098 4164 2260 4234 fugit,
2295 4173 2459 4233 atque
2492 4162 2698 4234 probro
2733 4178 2796 4217 ac
2830 4161 3102 4218 dedecore
3144 4163 3306 4218 rediit
3345 4165 3493 4218 inco-

1909 4256 2099 4313 lumis.
2137 4255 2420 4312 Profectus
2451 4269 2582 4309 vero
2618 4255 2981 4309 Amerumnes
3015 4270 3141 4309 cum
3183 4255 3499 4326 ingentibus

174 4367 326 4418 μεως
365 4349 608 4417 πολλῆς
643 4348 1093 4419 περιεχαράκωσε
1149 4349 1211 4402 τὴ
1268 4349 1542 4421 Ἀμύριον,
1584 4351 1679 4404 καὶ
1711 4368 1809 4403 πο-

1916 4353 2089 4426 copiis
2141 4352 2424 4407 Amorium
2473 4351 2615 4405 vallo
2669 4349 2859 4421 cingit.
2912 4350 3025 4404 Nec
3081 4358 3258 4404 tamen
3309 4351 3502 4407 multis

165 4444 386 4516 λέμους
439 4441 704 4505 πολλοὺς
744 4443 977 4513 ποιήσας
1019 4443 1120 4496 οὐκ
1180 4443 1400 4514 ἴσχυσεν
1430 4445 1564 4498 αὐτὸ
1606 4445 1808 4517 ἐκπορ-

167 4534 372 4602 θῆσαι,
411 4531 719 4604 γενναίως
763 4533 860 4584 καὶ
906 4531 1193 4603 σταθερῶς
1244 4533 1666 4604 ἀγωνιζομένων
1698 4538 1808 4590 τῶν

159 4626 426 4682 ἔνδοθεν.
487 4623 776 4695 ΙνΙαθητὴς
832 4625 889 4678 δέ
918 4642 1004 4689 τις
1037 4627 1268 4689 Λέοντος
1296 4627 1391 4680 τοῦ
1422 4628 1712 4698 φιλοσόφου
1740 4626 1808 4700 ἦν

163 4717 225 4768 ἑν
257 4718 344 4788 τῷ
380 4718 555 4772 κάστ
571 4731 670 4785 ρῳ,
701 4715 797 4769 καὶ
847 4715 1202 4785 βουληθέντος
1229 4711 1290 4771 οὗ
1319 4719 1710 4791 προσχωρῆσαι
1731 4721 1809 4792 τῷ

179 4808 614 4882 Ἀμερουμνῇ,
643 4806 731 4860 διά
768 4825 912 4871 τινος
956 4809 1228 4880 ἐμήνυσεν
1245 4811 1394 4884 αὐτῷ
1416 4812 1445 4864 6
1476 4812 1809 4884 ἀστρονόμος

162 4903 256 4956 ὅτι
290 4905 365 4956 Εἰ
404 4901 934 4975 προσκαρτερήσῃς
965 4901 1058 4956 δύο
1085 4903 1298 4975 ἡμέρας
1323 4905 1401 4976 τῷ
1433 4906 1678 4979 κάστρῳ,
1713 4908 1810 4961 ἐγκ-

157 4996 423 5066 πορθεῖς
465 4996 663 5067 ἡμᾶς.
695 4995 760 5046 Ὃ
795 4995 888 5048 καὶ
909 4995 1155 5065 γέγονεν·
1189 4998 1454 5068 προεδόθη
1477 4999 1586 5071 γὰρ
1609 5001 1715 5053 ὑπό
1749 5019 1808 5054 τε

151 5087 261 5140 τοῦ
285 5089 642 5158 λεγομένου
685 5085 932 5158 Βοῖδὰζῃ
965 5086 1060 5141 καὶ
1089 5087 1184 5141 τοῦ
1212 5089 1626 5160 Μανικοφάγου.
1659 5092 1812 5146 Κατ-

152 5177 526 5247 εσχέθησαν
559 5173 671 5227 τῶν
699 5174 1016 5245 ὀνομαστῶν
1051 5174 1242 5246 ἄνδρες
1268 5177 1369 5231 οὐκ
1399 5180 1613 5248 ἀγενεῖς
1644 5182 1811 5234 ἀπελ-

146 5266 372 5333 θόντες
435 5271 512 5322 ὲν
572 5265 745 5338 Συρίᾳ
769 5268 1134 5338 αἰχμάλωτοι,
1168 5268 1426 5340 Θεόφιλος
1457 5273 1486 5324 6
1521 5272 1811 5344 πατρίκιος

147 5362 256 5412 καὶ
325 5359 706 5431 στρατηγὸς,
753 5361 782 5414 ὅ
834 5377 895 5414 τε
931 5361 1291 5430 Μελισσηνὺς,
1336 5364 1430 5418 καὶ
1466 5363 1812 5431 ’Δέτιος,καὶ

138 5452 487 5525 Θεόδωρος
516 5451 1036 5526 πρωτοσπαθάριος,
1057 5452 1311 5525 εὐνοῦχος
1333 5456 1362 5509 6
1387 5455 1690 5528 Κρατερὸς,
1717 5460 1811 5512 καὶ

1914 4443 2226 4501 commissis
2270 4441 2475 4512 prmliis
2513 4441 2706 4495 urbem
2748 4454 3062 4509 expugnare
3107 4439 3298 4504 valuit,
3336 4442 3497 4509 oppi-

1915 4533 2077 4588 danis
2129 4548 2193 4587 ac
2243 4527 2600 4601 praesidiariis
2652 4527 2780 4582 forti
2840 4527 3040 4582 robore
3072 4542 3136 4581 ac
3185 4528 3496 4581 constantia

1917 4623 2352 4681 decertantibus.
2420 4622 2549 4676 Erat
2608 4631 2790 4675 autem
2855 4618 2910 4674 in
2975 4619 3232 4690 praesidio
3293 4619 3501 4675 Leonis

1917 4716 2228 4791 philosophi
2265 4714 2488 4784 quidam
2521 4714 2844 4784 discipulus,
2881 4712 2972 4782 qui
3009 4729 3134 4768 cum
3171 4712 3238 4766 ad
3269 4713 3499 4766 Amcru-

1918 4826 2102 4866 mnem
2154 4808 2322 4863 vellet
2372 4807 2712 4872 desciscere,
2763 4807 3091 4876 signiﬁcavit
3140 4815 3494 4861 astronomus

1919 4903 2107 4974 oppidi
2160 4910 2470 4971 compotem
2522 4899 2638 4955 fore
2687 4914 2752 4954 ac
2806 4908 3276 4970 expugnaturum,
3331 4898 3494 4953 dumo

1920 4996 2084 5052 modo
2127 4997 2182 5049 in
2225 4992 2517 5048 obsidione
2581 4994 2720 5047 duos
2773 4991 2892 5046 dies
2958 4991 3202 5057 faceret;
3248 4990 3395 5060 quod
3438 5000 3496 5045 et

1920 5089 2126 5145 factum
2167 5095 2273 5141 est.
2335 5083 2620 5140 Proditum
2682 5100 2920 5155 namque
2976 5093 3061 5139 est
3116 5099 3147 5138 a
3211 5082 3494 5146 Boiditze,

1923 5197 2087 5253 quem
2120 5186 2340 5244 vocant,
2383 5188 2441 5234 et
2483 5194 2514 5233 a
2551 5178 2963 5249 Manicophago.
2996 5177 3153 5232 Tenti
3196 5191 3330 5230 vero
3368 5184 3497 5230 sunt

1920 5291 1983 5331 ac
2017 5274 2163 5345 capti
2205 5272 2308 5327 viri
2342 5272 2608 5327 nominati
2649 5287 2752 5327 nec
2788 5270 3074 5343 ignobiles,
3105 5279 3161 5326 et
3191 5271 3245 5326 in
3283 5269 3494 5342 Syriam

1921 5369 2119 5439 captivi
2183 5366 2413 5437 abiecti,
2469 5365 2806 5436 TheOphilus
2862 5363 3162 5435 patricius,
3218 5363 3499 5435 ducesque

1925 5471 2040 5518 tum
2100 5461 2423 5515 Melissenus
2473 5469 2589 5515 tum
2621 5458 2848 5525 Aetius,
2891 5465 2948 5512 et
2988 5457 3311 5515 Theodorus
3362 5472 3493 5528 pro-

1554 5550 1795 5609 VARl/E
1834 5553 2237 5611 LEC'I'IONES.

244 5642 300 5673 ¹¹
329 5639 678 5710 ἁπέκοῷας
712 5640 772 5695 Ρ.
850 5643 892 5674 ¹¹
925 5642 1159 5712 ποιήσας
1182 5642 1205 5695 ‘i
