3996 6208
452 141 554 204 867

1707 121 2039 182 GEORGII
2081 117 2428 179 MONACHI

3608 106 3714 171 868

451 247 848 324 tospatharius,
885 247 1147 302 Craterus
1172 244 1485 306 eunuchus,
1531 237 1792 294 Callistus
1825 248 2044 324 quoque

2159 230 2447 292 Κάλλιστος
2477 224 2854 298 τουρμάρχης,
2889 222 2980 279 καὶ
3022 222 3431 285 Κωνσταντῖνος
3459 220 3730 292 δρουγγά·

447 323 726 403 tribunus,
777 350 833 393 et
874 334 1267 392 Constantinus
1322 328 1673 399 drungarius,
1734 334 1788 380 et
1846 323 2045 376 Basoes

449 451 682 500 cursor,
737 432 942 500 aliique
985 426 1182 492 multi,
1244 431 1410 494 atque
1462 420 1721 476 ordinum
1777 414 2039 488 pricfecti.

455 527 520 580 lli
558 541 682 580 cum
729 530 1057 593 cogerentur
1087 534 1117 571 a
1151 513 1570 587 protosymbulo
1602 518 1664 565 ut
1703 509 1864 563 ﬁdem
1888 521 2042 561 suam

449 625 736 686 negarent,
769 627 871 666 nec
894 612 948 664 in
970 612 1092 682 ejus
1119 606 1451 663 sententiam
1477 603 1677 659 adduci
1705 599 2040 672 potuissent,

447 709 628 781 gladio
667 714 793 760 sunt
837 702 1231 768 animadversi,
1271 716 1336 755 ac
1372 715 1473 770 pro
1503 698 1668 768 hujus
1710 692 1899 750 saeculi
1930 691 2042 745 vita

447 799 630 870 adepti
657 809 941 853 aeternam.

514 893 680 964 806
729 891 820 946 εδ.
851 888 953 956 Qui
994 899 1175 943 autem
1207 883 1357 955 turpi
1406 884 1582 938 salute
1613 877 2041 951 pulcherrimam

444 983 830 1047 commutavit,
881 980 1084 1036 Leonis
1125 974 1440 1049 philosophi
1492 972 1820 1041 discipulus,
1871 979 1928 1024 et
1973 965 2040 1020 ad

444 1078 839 1130 Amerumnem
891 1069 1124 1135 defecit,
1172 1067 1546 1136 interrogatus
1594 1063 1662 1114 ab
1711 1076 1778 1116 eo
1830 1059 1897 1112 de
1943 1070 2064 1111 sua

444 1167 676 1220 scicntia
733 1163 1063 1233 discipulum
1147 1175 1205 1213 se
1257 1156 1399 1212 dixit
1454 1153 1654 1208 Leonis
1703 1147 2038 1221 phiIOSOphi.

445 1258 680 1329 Cognito
714 1273 845 1311 vero
879 1254 1006 1325 quis
1049 1262 1103 1306 et
1138 1249 1318 1321 qualis
1347 1256 1493 1302 esset
1525 1247 1657 1305 Leo,
1705 1260 1832 1298 eum
1861 1243 2040 1313 ipsum

446 1352 639 1405 videre
692 1347 942 1418 cupivit;
985 1343 1238 1410 datisque
1287 1339 1506 1394 cuidam
1552 1335 1898 1406 captivorum
1949 1334 2041 1388 lit-

448 1442 580 1495 teris
629 1439 798 1493 Leoni
850 1435 1181 1506 p‘tilosopho
1229 1431 1442 1501 Cpolim
1487 1427 1712 1492 scribit,
1761 1425 2040 1496 pollicitus

446 1535 500 1584 in
555 1531 765 1584 honore
814 1525 958 1596 apud
1006 1540 1063 1578 se
1103 1522 1459 1584 habiturum,
1508 1519 1552 1572 si
1601 1517 1762 1570 modo
1801 1515 1868 1570 ad
1912 1530 2039 1569 eum

2145 335 2284 393 ριος,
2325 321 2421 375 καὶ
2450 319 2710 389 Βασάηςὸ
2739 317 2995 388 δρομεὺς,
3054 315 3150 371 καὶ
3206 314 3355 368 ἄλλοι
3403 314 3589 367 πολλοὶ
3641 314 3730 367 καὶ

2147 415 2406 485 ἄρχοντες
2436 412 2547 466 τῶν
2572 411 2890 481 ταγμάτωνο
2919 407 2968 462 οἳ
2998 407 3151 478 παρά
3175 405 3270 460 τοῦ
3300 405 3734 477 πρωτοσυμὸούη

2097 519 2103 528 “
2147 508 2241 559 λου
2288 503 2727 574 ἀναγκασθέντες
2775 502 3122 572 ἀρνήσασθαι
3162 500 3263 571 τὴν
3295 498 3482 554 αὐτῶν
3530 499 3730 565 πίστιν,

2149 597 2242 650 καὶ
2291 596 2449 650 τοῦτο
2500 595 2578 667 μὴ
2623 595 2958 659 πεισθέντες,
3005 594 3152 663 ξίφει
3186 594 3287 655 τὰς
3322 591 3573 660 κεφαλὰς
3630 593 3734 645 ἀπ-

2156 689 2502 760 ετμήθησαν,
2550 689 2673 742 ἀντὶ
2725 689 2828 759 τῆς
2855 688 3138 760 παρούσης
3187 685 3336 756 ζωῆς
3386 685 3487 757 τὴν
3521 683 3735 739 αἰώνιον

2145 782 2638 854 ἀνταλλαξάμενοι.

2218 881 2323 943 κγ’.
2369 875 2428 929 '0
2460 875 2518 928 δὲ
2552 875 2652 947 τήν
2704 874 2940 946 αἰσχρὰν
2983 871 3262 945 σωτηρίαν
3302 873 3405 945 τῆς
3438 872 3735 943 καλλίστης

2145 965 2647 1038 ἀνταλλαξάμενος,
2693 968 2722 1020 6
2753 966 2848 1020 τοῦ
2895 966 3188 1036 φιλοσόφου
3218 965 3449 1029 Λέοντος
3482 964 3737 1037 μαθητὴς

2145 1059 2444 1129 προσφυεὶς
2470 1059 2549 1130 τῷ
2573 1058 2920 1130 Ἀμερουμνῇ
2953 1058 3212 1129 ἠρωτήθη
3243 1059 3374 1128 παρ’
3403 1057 3571 1112 αὑτοῦ
3603 1055 3737 1128 περὶ

2144 1151 2240 1220 τῆς
2294 1151 2610 1220 ἐπιστήμης
2663 1151 2854 1205 αὐτοῦ.
2914 1150 2972 1204 ὐ
3016 1150 3073 1204 δὲ
3125 1148 3248 1203 εἷπε
3303 1149 3552 1222 μαθητὴς
3595 1146 3735 1203 εἶναι

2143 1238 2236 1292 τοῦ
2268 1239 2560 1308 φιλοσόφου
2597 1239 2847 1303 Λέοντος.
2877 1233 3048 1302 Οὗτός
3071 1256 3152 1302 τε,
3185 1240 3337 1301 ὅστις
3367 1240 3396 1290 6
3428 1239 3585 1292 Λέων
3619 1240 3734 1291 ἐστὶ

2143 1329 2238 1382 καὶ
2279 1322 2386 1392 οἷος
2421 1327 2628 1396 μαθὼν,
2659 1329 2821 1383 αὐτὸν
2855 1329 3120 1400 ἐπεθύμει
3165 1329 3377 1382 ἐκεῖνον
3425 1329 3578 1384 ἰδεῖν.
3627 1330 3736 1382 Καὶ

2141 1420 2204 1490 δή
2236 1438 2343 1473 τινι
2380 1421 2490 1474 τῶν
2519 1420 2883 1491 αἰχμαλώτων
2905 1421 3029 1485 δοὺς
3054 1421 3362 1493 γράμματα
3393 1422 3534 1492 πρὸς
3567 1423 3730 1475 Λέονο

2142 1531 2210 1566 τα
2229 1513 2320 1566 τὸν
2352 1513 2643 1583 φιλόσοφον
2683 1514 3004 1568 ἀπέστειλεν
3036 1517 3094 1569 ἐν
3124 1517 3732 1580 Κωνσταντινουπόλει,

450 1619 721 1691 proﬁcisci
772 1617 880 1672 Leo
940 1616 994 1669 in
1044 1614 1290 1668 animum
1341 1609 1642 1666 induxerit.
1675 1608 1787 1662 Leo
1835 1616 2041 1669 autem,

2159 1606 2522 1678 bnoaxéptsvo;
2581 1608 2752 1679 αὐτῷ,
2803 1611 2853 1663 εί
2900 1607 3097 1682 ἐξέλθῃ
3141 1610 3171 1662 6
3214 1610 3381 1672 αὐτὸς
3425 1610 3613 1676 Λέων,
3643 1610 3734 1662 ἀπ’

449 1712 694 1782 acceptis
745 1708 976 1772 litteris,
1023 1707 1347 1774 veritusque
1393 1719 1463 1758 ne
1507 1702 1647 1756 forte
1695 1701 1749 1755 in
1802 1700 2039 1769 impera—

453 1807 587 1860 toris
640 1804 893 1858 notitiam
936 1801 1176 1861 veniret,
1225 1798 1294 1851 ad
1336 1797 1725 1866 imperatorem
1769 1791 2046 1862 Theophi—

453 1901 566 1953 lum
615 1895 821 1952 retulit.
871 1895 942 1960 Is,
984 1895 1102 1962 ejus
1141 1889 1387 1945 scientia:
1437 1887 1753 1958 praestantia
1804 1885 2042 1954 cognita,

457 2000 729 2056 tantasque
779 1986 1065 2054 sapientia:
1118 1983 1302 2036 virum
1356 1995 1413 2033 se
1471 1980 1525 2032 in
1561 1978 1783 2033 civitate
1817 1976 2045 2041 habere,

455 2089 797 2148 assumptum
843 2091 971 2130 eum
1026 2073 1082 2127 in
1143 2072 1452 2142 Magnaurze
1510 2067 1716 2138 palatio
1774 2065 2045 2128 habebat,

455 2169 675 2224 traditis
709 2176 764 2222 et
796 2163 1110 2235 discipulis,
1155 2177 1296 2231 quos
1331 2159 1577 2222 doceret,
1611 2171 1733 2226 qua:
1777 2155 1844 2210 ad
1888 2169 2048 2210 usum

454 2271 641 2319 essent
661 2277 724 2316 ac
753 2257 1107 2328 obsequium,
1139 2253 1325 2309 omnia
1360 2251 1632 2305 tribuens.
1663 2248 1760 2304 llic
1787 2257 1843 2302 et
1874 2247 2048 2301 Thes-

457 2355 710 2410 salonica:
737 2350 1091 2421 metropolita
1117 2347 1240 2402 fuit.

526 2529 788 2585 Eiidem
826 2529 1131 2598 imperator
1173 2525 1552 2580 Triconchum
1583 2521 1821 2577 aediﬁcat
1865 2522 1918 2575 in
1951 2536 2052 2590 pa-

463 2622 616 2686 latio,
654 2629 709 2675 et
747 2620 896 2690 quod
931 2618 1116 2689 Sigma
1151 2624 1393 2682 vocant;
1443 2614 1647 2686 gradus
1682 2628 1923 2684 quoque,
1959 2613 2053 2667 ubi

460 2714 634 2768 erecti
680 2722 810 2768 sunt
845 2712 940 2782 qui
966 2710 1114 2766 demi
1147 2709 1514 2778 appellantur,
1543 2717 1790 2762 statuens
1819 2714 1874 2761 et
1897 2705 2054 2775 phia-

463 2808 609 2872 lam,
673 2807 728 2860 in
779 2820 891 2875 qua
945 2805 1007 2858 ﬁt
1056 2802 1205 2873 quod
1265 2808 1463 2856 vocant
1528 2799 2052 2864 Saximodeximum,

462 2897 888 2952 transeuntibus
968 2895 1271 2950 factionum
1334 2893 1494 2962 equis
1557 2891 1810 2946 instratis
1870 2891 2055 2947 aureis

465 2990 743 3059 stragulis.
809 2988 924 3042 Sub
976 2986 1286 3040 Triconcho
1346 3001 1479 3039 vero
1541 2983 1732 3038 subter
1798 2983 2055 3038 machina

465 3081 699 3152 gradum
764 3079 898 3135 fecit
973 3078 1338 3150 mysterium,
1427 3077 1486 3131 in
1555 3076 1715 3146 cujus
1791 3090 1901 3129 uno
1961 3090 2062 3129 an-

469 3175 596 3246 gulo
663 3173 937 3244 quidquid
1005 3172 1211 3243 aliquis
1281 3169 1502 3234 dixerit,
1565 3169 1708 3224 clare
1777 3167 1833 3222 in
1891 3167 2062 3222 altero

467 3267 711 3322 auditur.

537 3359 627 3413 25.
703 3359 878 3414 Porro
950 3372 1075 3411 cum
1147 3355 1435 3411 didicisset
1509 3354 1654 3409 idem
1724 3351 2064 3422 Theophilus

467 3449 864 3520 Theophanem
888 3449 1119 3518 ejusque
1144 3461 1468 3517 germanum
1495 3443 1873 3508 Theodorum,
1916 3444 2064 3519 ipsos

470 3559 658 3598 secum
695 3548 943 3608 agentes,
985 3539 1134 3602 illius
1183 3538 1526 3607 impietatem
1574 3535 1864 3591 traducere
1898 3535 2061 3604 807

468 3648 532 3686 ac
589 3646 924 3700 coarguere,
972 3629 1201 3684 mittens
1255 3645 1385 3684 cum
1444 3628 1522 3682 ira
1586 3627 1654 3681 ad
1711 3642 1772 3681 se
1823 3641 1920 3681 eos
1963 3626 2061 3679 ad-

469 3725 658 3789 duxit,
705 3722 937 3778 dicens:
978 3722 1255 3778 Undenam
1303 3723 1466 3776 estis?
1511 3722 1779 3776 Dixerunt
1828 3721 1938 3773 illi:
1979 3718 2064 3772 Ex

473 3815 783 3871 Palazstina.
837 3814 1051 3881 Quibus
1081 3815 1507 3870 scelestissimus
1556 3814 1699 3869 ille:
1751 3813 1887 3878 Quid
1943 3830 2062 3868 vero

469 3927 641 3964 causa:
672 3920 747 3963 est
779 3926 874 3963 cur
907 3910 1089 3964 relicta
1121 3911 1320 3981 patria,
1364 3910 1434 3963 ad
1463 3917 1702 3962 nostram
1727 3911 1862 3963 hanc
1900 3907 2065 3961 delati

470 4003 746 4067 ditionem,
787 4019 889 4055 non
934 4018 1132 4055 morem
1160 4001 1340 4072 geritis
1382 4018 1512 4056 mea:
1581 4001 1899 4070 majestati?
1928 3999 2063 4066 Qui-

475 4096 576 4148 bus
643 4094 780 4148 nihil
839 4093 1338 4164 respondentibus,
1393 4093 1559 4164 jussit
1617 4093 1812 4146 durius
1870 4106 2063 4146 eorum

472 4186 642 4240 facies
694 4184 871 4251 caedi;
936 4185 1255 4254 taureisque
1306 4184 1374 4238 ad
1427 4193 1662 4237 mortem
1707 4198 1878 4252 usque
1927 4198 2061 4237 con-

2145 1699 2356 1752 ἐκείνου
2389 1701 2552 1754 αὐτὸν
2603 1697 2742 1755 εἶναι
2776 1703 2835 1758 ἐν
2873 1703 3031 1773 τιμῇ.
3092 1701 3148 1753 Ὁ
3181 1701 3338 1755 Λέων
3364 1700 3420 1754 δὲ
3462 1702 3531 1755 τά
3561 1701 3741 1772 γράμ-

2150 1810 2296 1861 ματα
2342 1793 2654 1858 ἀπολαϐὼν,
2709 1795 2804 1846 καὶ
2871 1793 3132 1864 φοϐηθεὶς
3186 1794 3355 1865 μήπω
3407 1793 3740 1863 διαγνωσθῇ,

2147 1888 2393 1957 ἀνήγαγε
2425 1887 2602 1942 ταῦτα
2631 1887 2879 1958 Θεοφίλῳ
2910 1888 2988 1958 τῷ
3009 1887 3242 1958 βασιλεῖ.
3280 1888 3340 1940 '0
3387 1886 3444 1939 δὲ
3484 1887 3648 1954 γνοὺς
3675 1887 3741 1939 τὰ

2147 1977 2250 2046 τῆς
2297 1979 2611 2050 ἐπιστήμης
2657 1978 2847 2043 αὑτοῦ,
2882 1978 2972 2050 [Ρ.
3026 1977 3155 2050 524]
3214 1978 3313 2032 καὶ
3363 1979 3449 2031 ὅτι
3503 1978 3745 2031 τοιοῦτον

2153 2069 2314 2139 σοφὸν
2346 2070 2514 2140 ἄνδρα
2554 2073 2612 2125 ἐν
2662 2073 2729 2142 τῇ
2774 2070 3025 2142 πολιτείᾳ
3052 2068 3220 2124 αὐτοῦ
3249 2069 3384 2141 ἔχει,
3435 2069 3745 2140 προσλαϐό-

2156 2179 2316 2232 μενος
2345 2164 2508 2218 αιὶτὸν
2538 2159 2686 2243 εἶχεν
2737 2166 2795 2218 ἐν
2848 2163 2927 2235 τῷ
2972 2163 3219 2234 παλατίῳ
3254 2162 3332 2233 τῷ
3360 2162 3733 2233 Μαγναύρας,

2153 2253 2428 2323 παραδοὺς
2469 2253 2620 2324 αὑτῷ
2676 2254 2953 2308 διδάσκειν
3019 2254 3113 2308 καὶ
3162 2253 3437 2325 μαθητὰς,
3486 2254 3747 2325 παρέχων

2156 2346 2304 2417 αὐτῷ
2331 2347 2399 2399 τὰ
2444 2348 2581 2418 πρὶς
2612 2349 2921 2420 ὑπηρεσίαν
2952 2349 3190 2402 ἃπαντα’
3234 2347 3294 2412 ὃς
3327 2348 3420 2401 καὶ
3465 2364 3748 2419 μητροπο-

2154 2439 2308 2508 λίτης
2339 2441 2396 2492 ἐν
2425 2438 2800 2513 Θεσσαλονίκῃ
2824 2442 3070 2509 γέγονεν.

2226 2529 2328 2587 κδ’.
2373 2532 2433 2586 Ὀ
2486 2532 2531 2585 δ’
2559 2532 2722 2597 αὐτὸς
2770 2533 2946 2597 κτίζει
3000 2532 3060 2587 τὸ
3091 2533 3398 2604 Τρίκογχον
3431 2533 3494 2585 ἐν
3524 2530 3608 2602 τῷ
3644 2547 3750 2583 πα-

2157 2625 2326 2696 λατίῳ
2355 2626 2448 2680 καὶ
2477 2625 2538 2679 τὸ
2586 2625 2881 2697 λεγόμενον
2913 2625 3117 2697 Σίγμα,
3157 2626 3253 2680 καὶ
3285 2625 3386 2688 τὰς
3425 2623 3750 2693 ἀναὸἀθρας

2159 2713 2289 2768 ἔνθα
2319 2715 2369 2767 oi
2409 2713 2572 2784 δῆμοι
2601 2715 2868 2780 ἵστανται,
2911 2717 3118 2786 στήσας
3149 2713 3246 2768 καὶ
3275 2713 3482 2784 φιάλην
3511 2707 3631 2784 ἐνῇ
3663 2712 3750 2780 τί·

2158 2825 2307 2862 νεται
2333 2807 2394 2882 τὸ
2426 2807 2840 2880 σαξιμοδέξιμον
2876 2809 3193 2879 λεγόμενον,
3209 2807 3320 2860 τῶν
3345 2808 3538 2860 ἵππων
3567 2807 3754 2876 ἀμφοδ-

2081 2939 2124 2996 C
2158 2900 2330 2972 τέρων
2380 2899 2489 2953 τῶν
2542 2901 2728 2971 μερῶν
2759 2901 3126 2971 διερχομένων
3164 2902 3303 2972 μετά
3342 2899 3568 2970 χρυσῶν
3598 2913 3756 2964 σαγι-

2167 2995 2408 3064 σμάτων.
2449 2994 2586 3046 Ὑπὸ
2630 2993 2689 3047 δὲ
2733 2994 2793 3047 τὺ
2841 2995 3147 3065 Τρίκογχον
3183 2993 3430 3047 κάτωθεν
3451 2992 3545 3045 διὰ
3571 3008 3758 3063 μηχα-

2164 3085 2260 3154 νῆς
2291 3086 2514 3155 ἐποίησε
2562 3085 2624 3138 τὸ
2657 3087 2978 3158 Μυστήριον
3000 3125 3014 3148 ,
3044 3087 3102 3138 ἐν
3130 3081 3176 3154 ᾧ
3204 3089 3275 3156 τῇ
3313 3087 3412 3155 μιᾷ
3445 3084 3623 3154 γωνίᾳ
3658 3082 3756 3135 ἐὰν

2166 3174 2312 3228 εἴποι
2337 3191 2442 3240 τις,
2471 3172 2794 3239 ἐξακούεται
2830 3176 2888 3228 ἐν
2932 3179 2998 3247 τῇ
3032 3175 3218 3247 ἑτέρᾳ.

2237 3365 2336 3413 κε’.
2371 3357 2579 3412 Μαθὼν
2609 3357 2858 3421 δὲαύτὸς
2892 3359 2920 3411 6
2957 3356 3218 3426 Θεόφιλος
3261 3357 3345 3409 ὅτι
3373 3354 3667 3425 Θεοφάνης
3693 3371 3754 3406 τε

2166 3451 2260 3502 καὶ
2305 3448 2578 3520 Θεόδωρος
2633 3452 2662 3503 ὀ
2716 3449 3051 3519 αὐτάδελφος
3113 3449 3302 3514 αὐτοῦ,
3351 3449 3476 3502 καθ’
3522 3449 3757 3510 ἑαυτοὺς

2165 3541 2386 3607 ζῶντες,
2413 3542 2512 3613 τὴν
2549 3541 2806 3596 ἀσέϐειαν
2839 3544 3004 3597 αὑτοῦ
3035 3542 3364 3614 κωμῳδοῦσι
3415 3544 3512 3596 καὶ
3541 3542 3755 3610 διελέγ-

2165 3652 2372 3704 χουσιν,
2425 3637 2754 3700 ἀποστείλας
2781 3637 2900 3707 μετ’
2942 3637 3111 3708 ὀργῆς
3141 3638 3346 3707 ἢγαγεν
3375 3637 3581 3700 αὐτοὺς
3612 3636 3755 3706 πρὸς

2167 3727 2378 3791 ἑαυτὸν,
2409 3726 2579 3781 εἰπὼν
2611 3729 2737 3782 τάδε
2757 3745 2771 3758 ο
2807 3729 2999 3794 Πηὸθεν
3041 3729 3226 3794 ὲστέ;
3259 3731 3320 3783 Ol
3340 3729 3398 3782 δέ
3437 3725 3612 3782 εἷπον·
3659 3730 3755 3781 Ἐκ

2167 3821 2603 3888 Παλαιστίνης.
2641 3821 2704 3898 Ὀ.
2723 3821 2779 3874 δέ
2803 3822 3105 3894 ἀλιτήριος⁸
3136 3825 3249 3878 Καὶ
3281 3822 3378 3876 διὰ
3410 3823 3468 3875 τί
3491 3823 3608 3889 τὴν
3636 3820 3755 3889 γῆν

2164 3909 2332 3980 ὑμῶν
2354 3910 2612 3980 ἀφέντες
2646 3912 2744 3965 καί
2786 3915 2874 3978 είς
2900 3912 3015 3980 τὴν
3044 3914 3342 3982 ἡμετέραν
3365 3913 3656 3978 ἐλθόντες
3681 3914 3752 3965 οὐ

2165 4003 2536 4074 πειθαρχεῖτε
2583 4003 2659 4073 τῇ
2703 4005 2995 4072 ,βασιλεία
3047 4004 3255 4074 ἡμῶν;
3303 4005 3428 4059 Τῶν
3469 4006 3530 4058 δὲ
3581 4004 3750 4075 μηδὲν

2166 4097 2626 4167 ἀποκριναμένων
2657 4095 2927 4166 ἐπέτρεψε
2959 4096 3218 4150 παίεσθαι
3249 4097 3346 4160 τὰς
3381 4095 3538 4165 bal/su:
3569 4095 3750 4149 αὐτῶν

2168 4188 2436 4259 σφοδρῶς.
2465 4185 2599 4240 Εἶτα
2625 4188 2762 4256 μετά
2783 4188 2941 4240 τοῦτο
2963 4188 3336 4260 βουνευρήσας
3361 4189 3564 4252 αὐτοὺς
3587 4189 3750 4257 μέχρι

472 4276 680 4338 scissis,
722 4290 847 4331 cvm
896 4276 1084 4330 furore
1119 4291 1423 4345 asperaque
1473 4291 1605 4330 voce
1644 4275 1711 4329 ad
1750 4274 2051 4346 praefectum

2169 4279 2424 4346 θανάτου,
2454 4279 2593 4348 μετά
2633 4279 2811 4350 θυμοῦ
2843 4280 2938 4333 καὶ
2969 4281 3232 4351 τραχείας
3271 4281 3464 4350 φωνῆς
3490 4281 3629 4350 πρὸς
3661 4281 3749 4331 τὸν

472 4370 588 4422 ait:
630 4368 768 4422 Tolle
813 4386 896 4422 eos
935 4371 989 4422 in
1037 4366 1365 4438 primarium,
1411 4377 1455 4420 et
1499 4369 1664 4422 scribe
1718 4385 1898 4421 eorum
1939 4367 2056 4420 vul-

475 4472 577 4528 tus,
622 4467 770 4516 hosce
813 4462 919 4516 illis
977 4461 1274 4532 insculpens
1306 4477 1526 4514 versus:

616 4637 827 4691 Cunctis
856 4653 971 4690 eam
1001 4636 1181 4689 urbem
1210 4637 1372 4690 visere
1396 4635 1761 4705 exoptantibus

618 4793 900 4848 Purissimi
933 4809 1093 4862 quam
1127 4791 1322 4847 Christi
1356 4800 1656 4860 presserunt
1691 4791 1862 4862 pedes,

617 4865 793 4919 Totius
823 4864 961 4918 orbis
993 4864 1133 4916 unde
1160 4866 1395 4916 manavit
1428 4862 1598 4926 salus,

616 4934 782 4990 Sacro
815 4934 925 4987 loco
948 4935 1037 4987 isti
1067 4950 1194 4986 vasa
1215 4934 1474 5002 conspecti
1507 4934 1768 5002 improba,

620 5005 1018 5077 Superstitionis
1045 5019 1224 5077 errore
1246 5018 1310 5077 ea:
1343 5003 1634 5077 incredula,

618 5073 900 5147 Multisque
931 5075 1084 5147 factis
1108 5073 1379 5147 inquinati
1402 5074 1667 5147 turpibus,

619 5143 891 5219 Apostatie
911 5143 1050 5200 uelut
1083 5143 1262 5219 relicto
1287 5145 1409 5219 inde
1432 5145 1637 5219 procul,

437 5227 446 5284 ι
620 5213 687 5272 δὲ
708 5218 996 5280 contulere,
1029 5231 1147 5270 mox
1172 5215 1226 5268 in
1254 5213 1436 5267 urbem
1466 5214 1674 5284 fugiunt
1698 5233 1713 5269 :

621 5288 818 5358 Tamen
851 5287 1083 5358 nefanda
1103 5302 1207 5338 non
1234 5284 1418 5338 relicta
1455 5288 1712 5358 amentia,

622 5357 773 5430 Notis
805 5357 1025 5430 perusta
1059 5357 1251 5426 fronte,
1284 5371 1428 5408 ntere
1451 5357 1707 5430 sontium,

624 5426 1075 5497 Condemnatique
1105 5444 1288 5481 rursus
1316 5436 1522 5480 vertunt
1551 5426 1745 5481 solum.

486 5585 742 5646 Addens:
787 5587 930 5642 Nihil
973 5589 1066 5642 tibi
1109 5603 1250 5642 cum
1293 5591 1380 5652 sit,
1428 5589 1638 5642 tametsi
1679 5605 1781 5643 non
1818 5587 1922 5642 sint
1957 5586 2063 5641 ele-

2168 4372 2414 4442 ὒπαρχον
2472 4372 2597 4442 ἔφη’
2650 4369 2829 4440 Ἀρον
2877 4373 3101 4438 αὐτοὺς
3149 4376 3237 4440 είς
3271 4371 3338 4426 τὸ
3373 4373 3745 4441 πραιτώριον.

2167 4466 2266 4519 καὶ
2295 4464 2529 4534 γράψον
2551 4465 2622 4519 τὰ
2648 4465 2942 4533 πρόσωπα
2967 4465 3186 4533 αὐτῶν,
3206 4465 3561 4534 ἐγκολάψας
3581 4465 3749 4518 τούσ-

2165 4554 2232 4608 δε
2261 4556 2403 4624 τοὺς
2433 4555 2684 4624 στίχους
2705 4570 2723 4587 ⁸

2307 4646 2558 4703 Πάντων
2597 4646 2948 4702 ποθούντων
2983 4648 3383 4718 προστρέχειν
3437 4648 3587 4715 πρὸς
3637 4648 3747 4712 τὴν

3515 4723 3688 4772 πόλιν

2310 4787 2504 4842 Ὅπου
2543 4791 2837 4860 πάγαγνοι
2857 4789 2964 4844 τοῦ
2997 4791 3146 4844 Θεοῦ
3166 4791 3366 4860 Λόγου
3398 4787 3579 4856 πόδες

2311 4860 2627 4926 Ἕστησαν
2658 4859 2745 4926 εὶς
2776 4863 3086 4915 σύστασιν
3113 4859 3220 4928 τῆς
3262 4859 3637 4931 οἰκουμένης,

2314 4931 2632 4998 Ὠφθησαν
2661 4932 2826 4991 οὗτοι
2856 4932 2936 4996 τῷ
2971 4933 3284 5000 σεϐασμίῳ
3320 4934 3480 4998 τόπῳ

2313 5000 2510 5080 {uad-71
2559 5007 2790 5080 πονηρᾴ
2820 5002 2997 5080 [ﬂigi
3017 5003 3464 5080 ὃειςιιξαίμονος
3493 5005 3738 5063 πλάνης-

2322 5072 2556 5124 Ἐκεῖσε
2583 5072 2786 5128 πολλὰ
2823 5072 3046 5128 uomet»
3075 5072 3145 5136 ἐξ
3181 5074 3438 5138 ἀτοπίας

2312 5140 2905 5221 ῌρὰξαντεςιαίσχρὰ
2928 5143 3096 5221 δεινὰ
3125 5143 3641 5221 θυσσεθοφρώυς.

2325 5213 2589 5267 Ἐκεῖθεν
2635 5215 2964 5281 ἠλάθησαν
2995 5215 3077 5280 ὡς
3112 5213 3470 5269 ἀποστάται.

2311 5283 2622 5355 Πρὸςτὴν
2649 5289 2830 5340 πόλιν
2855 5284 2922 5338 δὲ
2954 5286 3058 5338 τοῦ
3093 5285 3352 5354 κράτους
3389 5284 3734 5355 πεφευγότες

2318 5355 2438 5405 Οὐκ
2473 5353 2790 5424 ἐξαφῆκαν
2814 5359 2918 5421 τὰς
2950 5357 3270 5424 ἀθεμίτους
3298 5353 3541 5425 μωρίας.

2317 5425 2498 5476 ’Ὅθεν
2527 5427 2855 5495 τραφέντες
2889 5429 2970 5493 ὡς
3015 5428 3339 5496 κακουργοί
3371 5431 3485 5493 τὴν
3507 5427 3637 5480 θέαν

2318 5497 2786 5565 Κατακρίνονται
2826 5499 2925 5552 καὶ
2964 5497 3278 5551 διώκονται
3308 5497 3514 5552 πάλιν.

2176 5587 2440 5659 Προσθεὶς
2482 5589 2562 5642 ὅτι
2601 5589 2726 5644 Κᾶν
2747 5591 2832 5661 μὴ
2874 5585 2986 5647 ὦσι
3025 5591 3222 5658 καλοί,
3249 5591 3336 5661 μή
3375 5607 3470 5646 σοι
3499 5591 3737 5660 μελέτω.
