3996 6208
308 228 414 293 ὶθθ

1400 235 1594 293 VlT/E
1622 234 2182 293 RECEN'I‘lORUM
2228 234 2426 295 ιΜΡΡ.

3450 243 3555 306 8το

306 345 477 398 Τοῦτο
531 342 585 395 δὲ
646 338 797 394 εἶπεν
858 342 1011 404 εἰδὼς
1061 343 1257 407 αὖτοὺς
1294 344 1368 407 ὡς
1402 347 1745 414 σοφωτάτους
1779 349 1852 399 κα⁴

1976 358 2178 416 gtmtes.
2236 348 2347 401 Hoc
2392 362 2524 401 vero
2574 346 2733 408 dixit,
2778 349 2903 417 quia
2947 349 3115 403 sciret
3161 350 3308 406 viros
3338 355 3555 422 sapien-

302 440 502 507 ἄριστα
551 437 900 506 ἠσκημένους
944 437 1052 488 τῶν
1093 440 1394 508 ποιητικῶν
1440 445 1732 511 σχημάτων
1776 444 1873 512 τὴν

300 531 611 599 ἀκρίϐειαν,
644 529 889 591 εἰπόντος
923 530 1086 590 τινός
1126 530 1278 583 Οὐδὲ
1311 531 1469 595 ἄξιοί
1497 536 1655 587 siam
1683 530 1870 596 οὗτοι,

303 621 402 670 ἵνα
441 620 613 671 καλοὶ
663 613 814 671 ὦσιν
866 622 920 673 οἱ
957 620 1169 689 ίαμϐοι.
1223 623 1285 675 Οἱ
1330 621 1385 675 δὲ
1442 618 1616 676 εἷπον·
1645 623 1869 693 Γράφε,

299 712 508 779 ardye,
530 710 814 774 βασιλεῦ,
842 710 907 763 τὸ
938 710 1162 766 δοκοῦν
1190 730 1309 779 σοι,
1334 714 1415 781 ὡς
1439 715 1674 784 μέλλον
1698 717 1873 770 τοῦτο

299 800 761 868 ἀναγνωσθῆναι
794 801 1051 855 ἐνώπιον
1088 803 1193 857 τοῦ
1224 803 1457 859 δικαίου
1489 807 1584 859 καὶ
1617 808 1870 876 φοϐεροῦ

298 893 533 959 Κριτοῦ.
577 892 633 944 '0
663 892 717 945 δέ
747 891 990 963 ὕπαρχος
1014 895 1233 959 τούτους
1260 897 1483 965 ἀγαγὼν
1511 899 1590 961 είς
1618 900 1677 951 τὸ
1704 917 1871 969 πραι-

298 983 519 1055 τώριον,
549 985 687 1054 μετά
724 984 817 1037 δύο
849 986 1058 1056 ἡμέρας
1098 987 1357 1051 άπλώσας
1379 990 1437 1042 ἐν
1477 990 1739 1060 σκάμνοις
1777 992 1870 1044 καὶ

296 1073 461 1145 δήσας
492 1073 670 1126 αὐτῶν
696 1076 885 1144 χεῖρας
918 1077 1011 1128 καὶ
1042 1076 1229 1139 πόδας,
1254 1080 1667 1148 κατακεντήσας
1699 1097 1755 1132 τε
1780 1084 1870 1134 καὶ

298 1166 609 1236 ἐγκολάψας
650 1165 745 1237 ῙΡ.
778 1166 906 1239 525]
935 1167 1062 1231 τοὺς
1097 1168 1311 1238 στίχους
1353 1171 1432 1233 είς
1465 1170 1562 1231 τὰς
1592 1170 1742 1241 ὄψεις
1772 1174 1868 1225 αύο

292 1256 403 1309 τῶν
433 1254 717 1326 ἐξώρισεν.
769 1257 879 1309 Καὶ
928 1258 986 1310 ἐν
1024 1258 1122 1327 μὲν
1151 1262 1218 1330 τῇ
1254 1259 1439 1330 ἐξορίᾳ
1467 1260 1694 1333 τελευτᾷ
1740 1265 1768 1315 6
1809 1264 1867 1316 ἐν

295 1348 471 1417 ἁγίοις
500 1348 797 1419 Θεόδωρος,
834 1351 861 1402 6
894 1350 950 1402 δὲ
1000 1350 1242 1419 ἀοίδιμος
1266 1351 1546 1425 Θεοφάνης
1576 1357 1604 1407 6
1638 1356 1868 1426 ποιητὴς

292 1442 542 1512 διήρκεσε
568 1442 731 1512 μέχρι
757 1441 975 1513 Μιχαὴλ
1005 1443 1098 1497 καὶ
1128 1444 1430 1515 Θεοδώρας,
1458 1446 1866 1517 ἀγωνισάμενος

290 1535 518 1589 πλεῖστα
570 1536 628 1587 ἐν
672 1537 737 1606 τῇ
770 1536 1038 1607 γενομένῃ
1074 1537 1374 1610 ὀρθοδοξίᾳ·
1428 1539 1485 1603 ὃς
1529 1540 1624 1594 καὶ
1659 1530 1866 1611 μητρο-

292 1628 518 1698 πολίτης
557 1628 637 1691 είς
665 1627 902 1682 Νίκαιαν
952 1629 1167 1697 γέγονε,
1215 1632 1322 1685 τῶν
1369 1634 1709 1703 πραγμάτων
1761 1636 1859 1707 ἤδη
1890 1682 1938 1741 Β

292 1719 424 1789 πρὸς
457 1719 522 1771 τὸ
557 1718 1019 1790 εὐσεϐέστερον...

354 1899 468 1967 κς⁹.
515 1900 635 1953 Ἐπὶ
659 1901 759 1969 τῆς
791 1900 1064 1971 βασιλείας
1095 1903 1351 1973 Θεοφίλου
1377 1900 1445 1977 ἦν
1475 1907 1568 1961 καὶ
1610 1906 1804 1978 Ἰωσὴφ
1834 1909 1862 1959 6

287 1993 653 2063 ὐμνογράφος,
695 1993 753 2056 ὃς
808 1993 1076 2066 ἐξωρίσθη
1120 1996 1224 2048 ὑπὸ
1252 1997 1537 2068 Θεοδώρας
1567 1999 1665 2068 τῆς
1701 1999 1854 2069 βασι-

283 2085 495 2154 λίσσης.
532 2085 825 2155 Παρέτεινε
865 2086 921 2138 δὲ
951 2088 985 2156 ἡ
1030 2086 1145 2158 ζωὴ
1195 2088 1362 2141 αὑτοῦ
1411 2090 1517 2153 ἕως
1566 2091 1665 2161 τῆς
1699 2091 1857 2162 βασι-

282 2170 434 2235 λείας
464 2172 686 2236 Λέοντος
715 2173 806 2227 τοῦ
837 2175 1025 2245 σοφοῦ.

356 2353 463 2419 κζ’.
503 2356 620 2409 Ἐπ’
648 2355 811 2411 αὐτοῦ
867 2355 1065 2415 ἔπεσεν
1120 2363 1152 2432 ἡ
1211 2365 1385 2435 χρυσῆ
1411 2366 1585 2435 τοῦφα
1634 2367 1853 2421 Ίουστι-

284 2446 467 2498 νιανοῦ
499 2445 594 2501 τοῦ
639 2447 932 2519 λεγομένου
980 2452 1355 2520 Λύγουστέως.
1399 2457 1854 2527 Ἀμηχανούντων

282 2538 338 2593 δέ
361 2539 599 2605 πάντων,
624 2541 720 2594 καὶ
745 2540 865 2605 πῶς
889 2542 1162 2596 ἀνέλθοιεν
1184 2545 1661 2618 διαλογιζομένων,
1690 2551 1850 2620 εὑρέ.-

284 2629 351 2699 θη
385 2648 469 2694 τις
500 2632 785 2703 σκαλωτὴς
812 2634 1083 2705 τεχνίτης,
1116 2635 1209 2688 καὶ
1239 2636 1477 2689 ἀνελθὼν
1508 2640 1566 2691 ἐν
1610 2642 1722 2703 τοῖς
1762 2657 1854 2693 κε·-

286 2723 500 2794 ραμίοις
530 2723 629 2794 τῆς
676 2723 931 2795 Μεγάλης
968 2725 1264 2796 ἐκκλησίας
1305 2727 1457 2798 βέλος
1488 2730 1665 2800 ἀφῆκε
1714 2732 1853 2801 μετὰ

282 2814 514 2883 σχοινίου
544 2817 625 2879 είς
649 2816 738 2868 τὸν
765 2818 996 2888 ἱππότην
1031 2819 1407 2873 ’ῐουστινιανοῦ
1442 2822 1532 2875 τὸν
1557 2824 1620 2876 ἐκ
1648 2824 1849 2895 χαλκοῦ

282 2908 689 2977 συνιστάμενον,
723 2909 817 2961 καὶ
842 2909 934 2962 τοῦ
967 2910 1153 2980 βέλους
1187 2913 1454 2980 παγέντος
1487 2916 1664 2969 ἐκεῖσε
1688 2918 1851 2982 αὐτὸς

276 2997 363 3049 διὰ
402 2998 486 3050 τοῦ
524 2998 757 3067 σχοινίου
808 2998 1118 3069 διαδραμὼν
1151 3002 1358 3072 θάμϐος
1392 3005 1489 3074 μὲν
1519 3008 1632 3070 τοῖς

278 3089 587 3161 παρέσχετο
620 3090 715 3142 καὶ
746 3090 845 3161 τὴν
880 3092 1087 3161 τοῦιραν
1119 3096 1470 3165 προσήρμοσε
1506 3099 1598 3151 καὶ
1626 3100 1725 3172 τὴν
1749 3101 1843 3154 τοῦ

276 3179 548 3250 βασιλέως
577 3181 926 3234 ἐπεσπάσατο
966 3181 1181 3236 εὔνοιαν
1225 3187 1319 3237 καὶ
1360 3187 1617 3261 τῇτέχνῃ
1667 3192 1761 3243 καὶ
1783 3195 1847 3260 τῇ

274 3272 442 3340 φύσει
493 3271 636 3339 μέγα
686 3273 1023 3343 προσέθηκεν
1072 3272 1260 3339 ὄνομα,
1288 3276 1657 3348 φιλοτιμηθεὶς
1699 3285 1849 3353 παρὰ

268 3363 374 3417 τοῦ
412 3362 677 3433 βασιλέως
704 3364 1011 3435 νομίσματα
1040 3366 1253 3421 ἑκατόν.

346 3542 455 3614 κη’.
490 3544 681 3610 Στέφει
712 3543 767 3596 δέ
790 3543 1046 3613 Θεόφιλος
1070 3545 1286 3615 Μιχαὴλ
1308 3546 1399 3599 τὸν
1426 3546 1539 3600 υἱὸν
1590 3551 1754 3604 αὐτοῦ
1790 3554 1850 3604 ἐν

267 3641 337 3709 τῇ
389 3636 614 3706 Μεγάλη
646 3637 928 3707 ἐκκλησίᾳ,
969 3636 1459 3708 φιλοτιμησάμενος
1515 3639 1589 3693 ῶν
1635 3643 1846 3707 πάντας

270 3732 329 3782 ἐν
360 3731 474 3793 τοῖς
504 3727 803 3798 στεψίμοις.
847 3729 1232 3783 Κατεσκεύασε
1269 3730 1324 3784 δὲ
1372 3733 1465 3785 καὶ
1494 3731 1719 3798 ξενῶνα,
1753 3735 1844 3787 τὶν

268 3819 368 3872 νῦν
403 3818 501 3889 μέν
548 3818 614 3870 τὰ
643 3817 899 3885 Θεοφίλου
925 3818 1235 3889 λεγόμενον,
1268 3815 1414 3874 οἶκον
1454 3823 1553 3892 μὲν
1582 3827 1843 3892 γεγονότα

281 3910 556 3981 Ἱσιδὼρου
609 3909 895 3979 πατρικίου
954 3909 1269 3973 ἀνελθόντος
1300 3912 1409 3965 ἀπὸ
1450 3912 1671 3984 Ῥώμης
1704 3917 1841 3986 μετὰ

282 4004 570 4074 ὐλυόρίου
600 4004 689 4056 ἐπὶ
718 4002 1129 4056 Κωνσταντίνου
1161 4001 1253 4055 τοῦ
1299 4004 1573 4071 Μεγάλου,
1614 4009 1749 4077 μετὰ
1786 4011 1841 4062 δὲ

263 4099 465 4169 χρόνον
520 4095 829 4158 ἐκδοθέντος
887 4097 1194 4168 κουράτορα
1242 4097 1324 4162 ’³,
1379 4097 1516 4151 ὥστε
1571 4106 1841 4155 κατοικεῖν

264 4191 450 4242 ἐκεῖσε
474 4190 738 4256 γυναῖκας
773 4186 879 4239 τῶν
909 4187 1146 4254 εὐγενῶν
1183 4188 1256 4259 μὴ
1287 4190 1489 4254 είόυίας
1520 4197 1837 4263 σωφρονεῖν,

277 4280 409 4333 Ἐπὶ
441 4278 499 4332 δὲ
540 4277 766 4339 Λέοντος
828 4275 1070 4347 Ἰσαύρου
1103 4275 1167 4330 ἔκ
1218 4280 1466 4349 πορνείου
1516 4280 1841 4352 ξενοδοχεῖον

1976 440 2213 493 tissimos
2261 454 2402 502 esse,
2456 447 2511 493 et
2570 438 2663 507 qui
2713 455 2969 494 versuum
3024 450 3189 510 atque
3246 445 3554 499 carminum

1973 530 2140 599 808
2194 530 2597 583 exactissimam
2661 531 2927 585 rationem
2982 533 3188 601 Optime
3246 535 3549 600 callerem;

1974 636 2096 674 cum
2140 620 2363 689 quidam
2415 621 2683 683 dixisset:
2716 622 2794 676 Ne
2834 624 2874 676 ii
2910 624 3119 692 quidem
3163 626 3308 694 digni
3344 635 3553 681 suntut

1974 710 2136 763 iambi
2157 711 2263 763 sint
2292 710 2574 781 elegantes.
2614 712 2682 766 At
2719 712 2795 765 illi
2826 712 3016 767 dixere
3060 731 3074 767 :
3121 712 3316 780 Scribe,
3363 717 3549 783 scribe,

1972 801 2279 871 imperator,
2326 802 2467 871 quod
2510 805 2676 857 visum
2715 806 2895 873 fuerit,
2922 821 3039 857 cum
3063 806 3170 859 hare
3208 804 3425 876 legenda
3446 809 3553 861 sint

1971 891 2025 944 in
2063 900 2339 961 conspectu
2381 894 2517 962 justi
2559 912 2620 947 ac
2673 896 2930 948 tremendi
2981 896 3203 950 Judicis.
3253 897 3552 954 Prazfeclus

1971 983 2156 1053 itaque
2210 984 2263 1037 in
2307 985 2623 1053 praetorium
2685 986 2953 1041 adductos
3008 997 3203 1043 exacto
3266 989 3439 1043 biduo
3492 990 3549 1044 in

1970 1091 2196 1130 scamno
2227 1076 2549 1141 extendens,
2592 1077 2882 1147 ligatisque
2918 1080 3171 1133 manibus
3200 1096 3263 1134 ac
3291 1081 3546 1149 pedibus,

1969 1174 2275 1220 atramento
2317 1180 2728 1236 compungens,
2777 1164 3021 1235 ipsorum
3069 1169 3311 1223 vultibus
3355 1186 3549 1225 versus

1968 1256 2222 1312 exaravit
2271 1266 2435 1327 atque
2494 1257 2803 1328 insculpsit.
2865 1258 2943 1311 Ac
2994 1257 3218 1326 quidem
3263 1259 3319 1314 S.
3365 1260 3548 1315 Theo-

1969 1349 2139 1404 dorus
2188 1350 2243 1403 in
2282 1350 2477 1405 exsilio
2516 1350 2660 1405 diem
2704 1350 2863 1405 obit:
2916 1351 3150 1421 inclytus
3199 1366 3331 1405 vero
3365 1352 3549 1407 Theo-

1968 1440 2180 1510 phanes
2224 1450 2414 1496 cantor
2463 1442 2529 1496 ad
2594 1442 2912 1497 Michaelem
2972 1458 3145 1511 usque
3191 1452 3247 1498 et
3288 1443 3547 1499 Theodo-

1969 1546 2083 1584 ram
2128 1532 2537 1600 perseveravit,
2596 1532 2832 1602 plurima
2864 1533 3061 1587 collata
3111 1549 3277 1602 opera
3330 1534 3383 1587 in
3423 1550 3543 1589 eam

1970 1638 2092 1694 qua:
2156 1623 2298 1678 facta
2352 1634 2437 1679 est
2491 1626 2786 1695 imaginum
2830 1626 3282 1691 restitutionem;
3352 1627 3553 1681 rebus~

1964 1730 2073 1783 quc
2110 1714 2221 1783 jam
2252 1713 2319 1768 ad
2354 1716 2614 1785 pietatem
2652 1715 2921 1770 revocatis
2949 1715 3141 1770 Nicaeae
3199 1716 3542 1786 metropohta

1964 1804 2088 1858 fuit.

2044 1897 2132 1951 26.
2202 1898 2317 1952 Sub
2381 1900 2712 1968 imperatore
2775 1899 3081 1969 Theophilo
3146 1908 3265 1953 erat
3338 1898 3541 1968 Joseph

1961 1990 2443 2061 hymnographus,
2527 1992 2620 2061 qui
2710 1991 2998 2046 Theodora
3083 1992 3376 2061 imperium
3458 2000 3544 2045 te-

1959 2090 2125 2138 nente
2186 2084 2239 2137 in
2297 2084 2551 2138 exsilium
2609 2084 2813 2139 missus
2866 2093 2951 2141 est
2997 2100 3010 2137 :
3060 2093 3335 2155 protracta
3407 2099 3541 2138 vero

1958 2175 2036 2229 illi
2088 2175 2201 2230 vita
2246 2186 2368 2242 est,
2422 2177 2733 2247 usquedum
2778 2176 2889 2232 Leo
2941 2178 3159 2247 sapiens
3209 2191 3395 2231 rerum
3444 2192 3544 2247 po-

1958 2268 2090 2324 titus
2120 2278 2224 2323 est.

2028 2387 2124 2439 ‘27.
2171 2385 2377 2439 Eodem
2425 2374 2755 2453 imperatore
2795 2384 2996 2439 cecidit
3036 2385 3334 2438 Justiniani
3372 2382 3539 2453 tupha

1955 2495 2143 2541 aurea,
2179 2479 2299 2547 ejus
2344 2493 2507 2546 quem
2556 2478 2891 2547 Augusteum
2927 2485 3145 2530 vocant.
3198 2476 3369 2530 Porro
3417 2492 3539 2530 om-

1956 2572 2121 2624 nibus
2173 2568 2377 2622 animis
2426 2568 2626 2631 anxiis,
2698 2584 2763 2622 ac
2816 2582 3053 2636 quonam
3111 2567 3277 2621 modo
3336 2566 3537 2621 tentari

1955 2673 2215 2716 ascensus
2266 2666 2454 2726 posset
2501 2658 2895 2727 cogitantibus,
2953 2658 3212 2713 inventus
3261 2667 3346 2712 est
3402 2658 3539 2711 arti-

1955 2754 2044 2808 fex
2114 2733 2366 2823 quidam-
2394 2750 2816 2816 scandularius,
2866 2749 3292 2819 conscensisque
3334 2748 3539 2821 Magna:

1953 2850 2201 2904 ecclesia:
2251 2850 2467 2921 tegulis,
2506 2846 2748 2919 jaculum
2785 2860 2910 2900 cum
2953 2842 3085 2899 fune
3126 2842 3183 2896 in
3221 2852 3534 2911 equestrem

1952 2956 2156 2994 amcam
2205 2940 2498 2996 Justiniani
2542 2947 2779 2993 statuam
2830 2935 3001 2998 misit,
3054 2951 3231 3005 eoque
3284 2936 3397 2989 illic
3430 2935 3535 2987 im-

1675 3008 1912 3103 έρῶσξο
1947 3041 2108 3102 pacto
2163 3032 2279 3103 ipse
2336 3048 2434 3102 per
2477 3031 2664 3085 funem
2711 3043 3048 3093 excurrens,
3101 3028 3323 3097 globum
3382 3035 3534 3096 apta-

1952 3125 2067 3188 vit;
2117 3139 2285 3193 quare
2331 3122 2582 3177 videntes
2648 3121 2705 3173 in
2756 3129 3036 3187 stuporem
3094 3118 3243 3187 egit,
3298 3132 3363 3171 ac
3426 3115 3527 3169 sibi

1952 3213 2303 3283 imperatoris
2348 3212 2593 3265 animum
2633 3210 2967 3273 conciliavit,
3010 3224 3378 3279 magnumque
3435 3226 3532 3263 no-

1950 3320 2078 3359 men
2121 3314 2203 3358 uet
2272 3302 2408 3358 artis
2485 3302 2707 3372 ingenio
2768 3300 2933 3369 809
3004 3299 3245 3367 adjecit,
3310 3310 3532 3354 centum

1949 3409 2303 3448 nummorum
2359 3391 2621 3447 donativo
2685 3391 2755 3446 ab
2825 3391 3157 3461 imperatore
3227 3391 3533 3447 liberaliter

2121 3494 2231 3539 tus.

2121 3502 2139 3538 ι
2218 3526 2231 3539 .

1949 3502 2115 3628 ἓξὲξ)
2146 3502 2327 3628 ιξονι-ο
2364 3581 2592 3627 coronat
2627 3571 2967 3641 Theophilus
3000 3571 3319 3626 Michaelem
3356 3570 3528 3625 filium

1947 3667 2001 3720 in
2070 3665 2259 3736 Magna
2320 3664 2589 3726 ecclesia,
2666 3672 2893 3718 cunctos
2962 3661 3249 3732 magnifice
3317 3660 3531 3716 donans

1946 3771 2045 3825 per
2085 3770 2150 3809 ea
2201 3753 2639 3823 inaugurationis
2691 3752 2979 3806 solemnia.
3026 3750 3347 3805 Construxit
3392 3767 3525 3805 vero

1944 3848 2110 3901 etiam
2158 3845 2382 3899 domum
2428 3842 2785 3912 hospitalem,
2834 3856 2998 3909 quam
3048 3856 3196 3895 nunc
3235 3841 3525 3909 Theophili

1945 3939 2160 3993 dicunt.
2218 3938 2293 3991 Ac
2349 3937 2573 4006 quidem
2634 3935 2779 3989 azdes
2834 3933 2988 4011 fuere
3047 3932 3240 3987 lsidori
3308 3934 3526 4001 patricii

1943 4032 2064 4101 ejus
2118 4030 2205 4085 cui
2276 4045 2398 4084 cum
2461 4027 2684 4099 Olybrio
2754 4027 2924 4080 Bonna
2994 4024 3206 4094 Cpolim
3281 4024 3526 4078 ascend‘t

1942 4120 2302 4177 Constantino
2348 4120 2544 4188 Magno
2592 4117 2955 4186 imperatore,
3010 4115 3286 4182 cessitque
3339 4122 3527 4181 postea

1944 4212 1999 4266 in
2056 4211 2386 4267 curatoriam
2456 4208 2840 4278 imperatoris,
2908 4214 2970 4261 ut
3034 4205 3147 4260 illic
3213 4203 3526 4258 habitarent

1942 4305 2158 4361 nobiles
2182 4303 2420 4367 feminae;
2456 4317 2577 4371 qua}
2607 4308 2755 4355 caste
2790 4299 2977 4354 vivere
3008 4298 3310 4352 nescirent.
3340 4296 3527 4353 Leone

261 4369 640 4441 ἐχρημάτισεν
684 4370 775 4421 ἐπὶ
829 4369 1014 4422 αὑτοῦ.
1052 4369 1316 4440 ’Ὕστερον
1360 4372 1414 4425 δέ
1445 4374 1667 4441 γέγονεν
1694 4370 1840 4439 οἶκος

1955 4412 2078 4453 vero
2140 4396 2329 4451 Isauro
2386 4396 2717 4465 imperatore
2790 4408 2858 4447 ex
2923 4390 3174 4461 lupanari
3235 4390 3379 4445 facta
3441 4399 3526 4444 est

262 4463 683 4516 Κωνσταντίνου
737 4462 829 4514 τοῦ
873 4462 971 4531 τῆς
1002 4462 1249 4537 Εἰρήνης
1279 4462 1417 4532 μετὰ
1465 4465 1562 4534 τὴν
1611 4468 1715 4519 ὑπὸ
1744 4467 1843 4536 τῆς

264 4554 478 4625 μητρὸς
510 4555 795 4620 γεγονυῖαν
826 4550 1165 4620 ἐκτύιρλωσιν
1218 4552 1297 4613 είς
1344 4550 1523 4607 αὐτόν.
1574 4553 1842 4621 Τελευτή-

260 4662 465 4709 σαντος
509 4645 565 4697 δὲ
604 4644 767 4697 αὑτοῦ
804 4645 838 4714 ἡ
877 4646 1013 4715 γυνὴ
1043 4644 1207 4697 αὐτοῦ
1249 4644 1308 4697 τὸ
1338 4645 1622 4714 μοναδικὸν
1653 4648 1841 4717 σχῆμα

258 4734 675 4807 περιϐαλομένη
709 4735 1070 4806 μοναστήριον
1096 4734 1464 4787 κατεσκεύασε
1493 4736 1585 4788 καὶ
1612 4739 1838 4792 ἐκάλεσε

251 4831 330 4883 τὲ
360 4827 685 4889 Μετανοίας.
724 4825 830 4879 Τοῦ
862 4826 918 4879 δὲ
946 4827 1109 4880 αὐτοῦ
1133 4826 1283 4880 οἴκου
1318 4828 1573 4897 μεγίστου
1598 4847 1656 4883 τε
1687 4831 1839 4895 ὄντος

253 4922 359 4976 καὶ
409 4919 742 4989 θαυμαστοῦ,
774 4918 930 4984 ξύλου
962 4920 1018 4971 ἐν
1055 4919 1133 4990 τῷ
1168 4920 1430 4992 τρικλίνῳ
1461 4922 1837 4978 ἁποκλασθέν-

249 5031 353 5076 τος
382 5012 597 5081 ἠπείλει
636 5011 864 5065 πτῶσιν.
913 5011 978 5063 Αἱ
1010 5011 1066 5063 δέ
1099 5012 1426 5081 μονάζουσαι
1457 5016 1836 5087 ἀπερχομένου

251 5105 361 5158 τοῦ
400 5103 665 5174 βασιλέως
695 5105 752 5157 ἐν
782 5105 1111 5175 Βλαχέρναις
1140 5105 1439 5177 ἐδεήθησαν
1468 5110 1594 5179 περὶ
1626 5112 1837 5168 τούτου.

259 5198 327 5253 Ὅ
368 5198 427 5250 δέ
475 5197 735 5259 ἐκνεύσας
766 5200 859 5249 καὶ⁵
895 5198 1228 5265 θεασάμενος
1253 5200 1343 5253 τὸν
1383 5182 1549 5265 οἷκον,
1581 5204 1831 5273 ἀρεσθεὶς

245 5294 336 5355 είς
368 5290 534 5345 αὑτὸν
566 5290 864 5359 μετοικίζει
889 5291 984 5352 τὰς
1011 5292 1176 5355 αὑτὰς
1214 5294 1550 5364 μοναζούσας
1580 5298 1637 5350 ἐν
1669 5298 1831 5369 ἑτέρᾳ

249 5386 422 5455 μονῇ,
452 5384 613 5436 αὑτὸν
661 5384 718 5437 δὲ
766 5384 855 5436 τὸν
883 5379 1029 5437 οἷκον
1064 5384 1254 5454 κόσμῳ
1285 5387 1521 5455 παντοίῳ
1552 5389 1830 5443 καλλωπε-

243 5492 357 5539 σας
395 5476 600 5542 ξενῶνα
631 5477 951 5547 πεποίηκεν,
984 5476 1197 5540 ἐπιδοὺς
1228 5480 1374 5548 αύτῴ
1400 5482 1658 5550 χρήματα
1680 5486 1830 5553 πάμ-

1943 4490 2230 4560 hospitalis
2274 4488 2490 4544 domus.
2547 4488 2765 4542 Secutis
2804 4483 3144 4554 temporibus
3186 4483 3384 4538 domus
3422 4481 3527 4536 fuit

1942 4583 2286 4639 Constantini
2320 4582 2505 4637 lrencs
2537 4580 2656 4643 filii,
2689 4596 2815 4635 cum
2844 4593 2970 4633 eum
3009 4585 3183 4635 mater
3220 4576 3526 4631 luminibus

1940 4675 2207 4729 orbasset.
2254 4672 2376 4738 Quo
2416 4672 2704 4735 exstincto,
2741 4670 2857 4739 ejus
2892 4683 3048 4731 uxor,
3092 4664 3395 4721 monastico
3436 4681 3523 4719 as-

1941 4772 2158 4833 sumpto
2190 4763 2404 4827 habitu,
2452 4761 2847 4815 monasterium
2881 4758 3210 4821 construxit,
3250 4773 3315 4812 ac
3344 4758 3525 4812 Paeni-

1945 4855 2127 4910 tentite
2185 4868 2386 4908 nomen
2449 4852 2667 4907 indidit.
2729 4851 2856 4906 llzec
2920 4865 3085 4919 porro
3137 4849 3336 4903 domus
3395 4863 3520 4901 cum

1943 4943 2179 4997 maxima
2224 4951 2371 4997 esset
2411 4957 2475 4995 ac
2518 4940 2809 5004 mirabilis,
2851 4940 3133 4995 confracta
3185 4939 3241 4991 in
3278 4938 3523 4992 triclinio

1944 5034 2098 5088 trabe
2150 5034 2364 5088 ruinam
2422 5033 2752 5087 minabatur.
2820 5032 3079 5086 Moniales
3137 5030 3521 5099 imperatorem

1942 5126 2009 5179 ad
2059 5126 2391 5180 Blachcrnas
2427 5134 2649 5179 euntem
2690 5124 2810 5193 ejus
2865 5124 2940 5176 rei
2990 5122 3212 5175 nomine
3258 5120 3520 5189 interpel-

1944 5216 2079 5270 lant.
2138 5217 2500 5285 Prospcctans
2560 5215 2686 5279 ille,
2737 5220 3029 5281 conspecta
3085 5210 3282 5271 domo,
3347 5225 3521 5279 eaque

1938 5306 2264 5370 delectatus,
2321 5304 2539 5360 easdem
2600 5303 2867 5357 moniales
2925 5300 2990 5353 ad
3054 5299 3203 5353 aliud
3262 5300 3520 5354 transfert

1939 5398 2365 5460 monasterium,
2402 5396 2626 5451 domum
2675 5410 2806 5449 vero
2840 5392 3019 5447 omnis
3060 5391 3277 5461 generis
3321 5401 3513 5446 ornatu

1941 5488 2226 5559 magniﬁce
2294 5489 2565 5543 excultam
2641 5487 2865 5541 domum
2949 5483 3271 5552 hospitalem
3346 5482 3510 5548 fecit,

1530 5574 1761 5632 VAlllAi
1793 5579 2196 5637 LECTIONES.

328 5662 685 5719 ηεκδοθέντα
715 5665 1061 5738 κουρατὼρια
1093 5681 1143 5737 [ια
1182 5667 1305 5720 6'55-
