3996 6208
257 265 346 331 θοι

1350 273 1544 335 ΥΙΤιἘ
1575 273 2130 334 RECENTIORUM
2165 274 2368 336 IMPP.

3400 279 3506 343 Ε)θὲ

249 383 392 439 νυκτὶ
420 382 697 456 ἀνῃρέθη·
732 383 825 448 οὓς
855 385 884 438 6
935 386 1187 456 βασιλεὺς
1216 389 1498 460 κρατήσας
1531 389 1626 442 καὶ
1654 390 1824 460 μελη-

1949 391 2131 460 imque
2163 388 2472 448 conscissos
2503 392 2571 448 ad
2594 393 2922 450 Amastriani
2961 394 3283 452 combussit.
3315 397 3510 465 Apela-

248 477 328 530 δὺν
377 476 697 546 κατακύψας
763 478 1100 532 κατέκαυσεν
1149 482 1208 532 ἐν
1236 485 1351 544 τοῖς
1393 483 1816 555 ’Δμαστριανοῦ.

262 572 309 624 ’0
344 569 402 623 δὲ
431 567 711 639 ἀπελάτης
742 571 770 622 6
802 570 898 623 τοῦ
929 571 1141 642 Πέρσου
1170 573 1633 646 σκωληκόϐρωτος
1666 575 1822 642 γενό-

252 677 404 731 μενος
434 658 530 712 τοῦ
554 659 654 732 ζῇν
681 659 994 733 ἀπηλλάγη.
1027 664 1443 728 Κωνσταντῐνος
1491 665 1549 719 δὲ
1580 669 1608 719 6
1650 666 1822 732 Τοξα-

250 755 341 825 ρᾶς
375 753 455 817 είς
485 751 908 826 Κισυρραιὼτας
932 755 1379 824 σπαθοκοπηθεὶς
1419 757 1664 831 τελευτᾷ.
1713 760 1822 812 Καὶ

248 847 518 918 Μαριανὸς
543 847 575 900 6
604 846 833 918 ἀδελφὸς
881 847 978 903 τοῦ
1005 848 1274 920 βασιλέως
1294 853 1387 905 τὸν
1436 853 1574 906 πόδα
1605 870 1824 926 συντρι-

247 939 355 1002 ϐεὶς
383 939 482 994 καὶ
511 939 617 994 ὑπὸ
646 940 946 1012 σκωλήκων
977 942 1354 1014 καταδρωθεὶς
1373 945 1619 1017 τελευτᾷ.

314 1030 400 1103 [Ρ.
427 1029 556 1103 544]
573 1038 644 1100 γ’.
691 1031 749 1086 '0
772 1032 830 1086 δὲ
857 1033 1113 1104 βασιλεὺς
1157 1034 1440 1104 προελθὼν
1472 1038 1531 1089 ἐν
1553 1041 1617 1108 τῇ
1642 1037 1825 1110 ήμέρᾳ

249 1124 350 1178 τῶν
377 1124 618 1197 Χριστοῦ
640 1127 934 1195 γενεθλίων
957 1131 1016 1182 ὲν
1033 1134 1100 1201 τῇ
1125 1131 1446 1203 προελεύσει
1469 1133 1552 1197 είς
1575 1133 1676 1204 τὴν
1707 1134 1824 1188 Με-

248 1216 414 1289 γάλην
442 1205 768 1289 Ἐκκλησίαν
785 1219 1046 1275 ἐϐάπτισε
1073 1217 1348 1292 ἓτέφανον
1373 1223 1466 1277 τὸν
1495 1225 1610 1278 υίὸν
1635 1223 1821 1280 αὐτοῦ.

260 1307 505 1376 ’Δγαγὼν
531 1307 589 1362 δὲ
622 1309 821 1374 ἵππους
847 1311 1074 1376 λευκοὺς
1117 1315 1260 1384 μετὰ
1284 1315 1548 1385 ἁρμάτων
1571 1315 1825 1370 ἐκάθισεν

249 1397 360 1468 ἅμα
411 1400 480 1470 τῇ
513 1399 821 1470 Αύγούστῃ.
853 1401 961 1455 Καὶ
1007 1404 1036 1456 6
1085 1404 1444 1474 πραιπόσιτος
1473 1404 1689 1476 Βαάνης
1727 1404 1827 1458 σὺν

247 1491 430 1554 αὐτοῖς
454 1489 742 1561 βαστάζων
763 1493 824 1546 τὺ
851 1493 1062 1548 παιδίον
1097 1495 1262 1567 μέχρι
1290 1495 1384 1550 τοῦ
1415 1498 1702 1565 παλατίου,
1730 1497 1825 1552 τοῦ

253 1583 515 1655 βασιλέως
535 1586 820 1656 ρίπτοντος
845 1587 1114 1643 ὑπατείαν
1146 1591 1204 1644 ὲν
1236 1591 1304 1663 τῇ
1330 1589 1459 1662 ὁδῷι

313 1676 376 1732 6'.
415 1677 664 1746 Ἐγένετο
693 1677 750 1732 δὲ
785 1680 1011 1751 σεισμὸς
1043 1685 1108 1752 τῇ
1142 1683 1302 1756 ἑορτῇ
1333 1685 1429 1738 τοῦ
1466 1683 1622 1753 ἁγίου
1653 1680 1828 1739 Πολύ·
1863 1753 1870 1756 _

1933 491 2015 536 tes
2047 483 2212 538 Persa
2246 485 2529 541 vermibus
2577 501 2775 542 exesus
2825 486 2951 541 vitae
2981 487 3142 541 linem
3185 487 3333 541 fecit.
3360 486 3509 541 Con-

1929 576 2204 632 Stantinus
2222 578 2465 636 Toxaras
2487 579 2630 650 apud
2648 579 3003 652 Cibyrrhotas
3041 580 3240 652 gladiis
3269 581 3513 635 conscis—

1930 683 2026 723 sus
2048 670 2232 739 periit.
2267 671 2336 726 Et
2364 671 2675 727 Marcianus
2697 673 3049 744 imperatoris
3067 673 3236 730 frater
3268 675 3508 729 contrito

1929 761 2068 834 pede
2089 777 2118 817 a
2141 763 2428 820 vermibus
2453 767 2715 821 cori-osus
2756 766 2986 822 interiit.

1999 1029 2386 1105 3.1mperator
2431 1033 2640 1092 Christi
2679 1035 3066 1094 Natalitio'rum
3121 1037 3354 1095 solemni
3423 1039 3513 1094 die

1930 1144 2252 1202 processum
2303 1131 2536 1195 habens.
2567 1134 2623 1188 in
2655 1148 2918 1204 processu
2957 1133 3012 1187 in
3058 1125 3304 1203 Magnam
3331 1131 3511 1187 eccle-

1930 1222 2090 1290 siam,
2121 1222 2462 1295 Stephanum
2504 1225 2676 1280 illium
2705 1241 2864 1281 suum
2905 1240 3061 1280 sacro
3089 1224 3236 1280 fonte
3266 1225 3509 1278 intinxit.

1930 1315 2254 1387 Junctisque
2285 1319 2447 1388 equis
2465 1318 2606 1374 albis
2629 1333 2750 1374 cum
2777 1322 2946 1376 ‘eurru
2971 1323 3077 1373 una
3107 1332 3230 1372 cum
3264 1317 3509 1386 Augusta

1931 1407 2094 1463 sedit.
2146 1407 2300 1465 Sedit
2347 1425 2568 1481 quoque
2619 1421 2743 1466 eum
2795 1411 2878 1466 eis
2919 1393 3129 1465 iiaanes
3160 1409 3510 1479 praepositus,

1932 1500 2198 1557 infantem
2223 1508 2442 1574 gestans
2472 1517 2645 1574 usque
2677 1503 2742 1559 ad
2797 1503 3082 1573 palatium,
3111 1502 3239 1556 dum
3272 1500 3511 1571 impera-

1932 1589 2022 1646 tor
2044 1593 2355 1648 consularia
2379 1608 2610 1649 munera
2635 1609 2737 1665 per
2768 1595 2911 1648 viam
2934 1592 3158 1663 spargit.

2004 1685 2060 1740 ι.
2089 1677 2333 1758 Contigit
2382 1703 2483 1758 per
2522 1686 2666 1742 diem
2706 1677 2765 1743 Β.
2806 1687 3086 1758 Polyeucti
3129 1693 3291 1740 terra:
3331 1692 3516 1739 motus

249 1769 440 1824 ιύκτου
473 1771 750 1841 μέγιστος,
781 1772 924 1826 ὥστε
960 1772 1060 1846 τὴν
1079 1778 1182 1846 γῆν
1209 1776 1450 1831 σείεσθαι
1476 1778 1568 1831 ἐπὶ
1612 1779 1826 1851 ἡμέρας

1948 1777 2222 1844 naximus,
2251 1779 2390 1858 adeo
2417 1789 2482 1834 ut
2514 1777 2874 1849 quadraginta
2911 1777 3126 1858 dierum
3160 1773 3336 1844 spatio
3368 1781 3515 1828 terra

250 1864 674 1934 τεσσαράκοντα.
735 1867 944 1920 Ἔπεσε
975 1857 1033 1921 δὲ
1091 1868 1216 1922 τότε
1255 1871 1351 1924 καὶ
1396 1873 1430 1942 ή
1484 1875 1690 1944 σφαῖρα
1730 1871 1826 1926 τοῦ

251 1955 418 2020 ζώδου
446 1955 542 2010 τοῦ
569 1957 758 2026 φόρον,
791 1959 1008 2030 καὶτῆς
1033 1958 1342 2031 ὐπεραγίας
1377 1960 1644 2017 Θεοτόκου
1672 1965 1704 2036 ή
1737 1966 1828 2018 ἐκ·

251 2049 450 2120 κλησία
482 2049 518 2121 ἢ
547 2049 768 2119 λέγεται
799 2051 861 2104 τὸ
893 2040 1094 2123 Σίγμα,
1132 2053 1275 2109 ὥστε
1301 2055 1510 2120 πάντας
1541 2056 1670 2121 τοὺς
1695 2057 1829 2126 ψάλ-

250 2141 441 2204 λοντας
468 2143 646 2196 ὲκεῐσε
667 2143 1009 2214 τελευτῆσαι.
1039 2147 1197 2202 Λέων
1219 2148 1274 2202 δὲ
1293 2151 1320 2203 6
1337 2149 1628 2219 φιλόσοφος
1647 2149 1829 2221 τυχὼν

257 2235 437 2287 ἐκεῖσε
461 2233 615 2303 ελεγε
648 2238 760 2299 τοῖς
780 2236 1042 2306 ψάλλουσι
1065 2235 1162 2293 καὶ
1180 2243 1315 2295 πᾶσι
1338 2247 1453 2306 τοῖς
1470 2239 1620 2298 οὖσιν
1648 2245 1829 2298 ἐκεῖσε

257 2324 496 2390 ἐξελθεῖν
516 2326 616 2395 τῆς
655 2325 954 2397 ἐκκλησίας
977 2346 992 2361 ο
1032 2332 1080 2384 oi
1124 2332 1181 2385 δὲ
1232 2333 1307 2404 μὴ
1343 2334 1656 2398 πεισθέντες
1703 2342 1831 2389 συν-

253 2419 608 2492 ετελέσθησαν
661 2420 922 2488 ἅπαντες.
964 2424 1139 2488 Δύτδς
1186 2425 1244 2479 δὲ
1304 2429 1332 2480 6
1395 2427 1684 2496 φιλόσοφος
1751 2427 1832 2489 είς

254 2513 406 2566 κίονα
457 2514 559 2567 ὑπὸ
610 2516 977 2586 συστημάτων
1039 2517 1256 2580 σταθεὶς
1301 2518 1438 2585 μετὰ
1486 2519 1690 2589 ἐτέρων
1741 2517 1833 2571 δύο

251 2603 452 2674 ὲσῶθη,
485 2606 578 2660 καὶ
605 2607 785 2679 ἕτεροι
835 2608 1002 2661 πέντε
1038 2608 1190 2678 μόνοι
1222 2607 1480 2661 ὑποκάτω
1506 2608 1600 2663 τοῦ
1648 2610 1832 2679 ἇμὸω-

253 2714 361 2760 νος.

323 2787 382 2845 ε’.
407 2791 612 2856 Φώτιος
637 2791 694 2846 δὲ
735 2794 764 2846 6
792 2793 1142 2862 πατριάρχης
1171 2792 1422 2858 ἐλθόντος
1450 2794 1543 2848 τοῦ
1573 2793 1836 2866 βασιλέως

253 2882 310 2935 ιν
331 2885 394 2954 τῇ
425 2883 692 2954 ἐκκλησίᾳ
712 2883 808 2937 καὶ
844 2884 1133 2954 μέλλοντος
1163 2883 1331 2938 αὑτοῦ
1363 2891 1662 2954 κοινωνεῖν,
1709 2888 1836 2942 τοῦ-

250 2989 345 3026 τον
374 2974 576 3045 λῃστὴν
633 2976 731 3029 καὶ
760 2974 930 3044 φονέα
972 2975 1127 3044 ἔλεγε
1176 2976 1272 3031 καί⁵
1297 2977 1518 3044 ἀνάξιον
1556 2979 1658 3050 τῆς
1686 2973 1839 3044 θείας

1928 1877 2275 1939 (ιυοιοι-οιυτ.
2303 1856 2519 1926 Cecidit
2549 1885 2681 1926 vero
2715 1879 2847 1924 tunc
2895 1856 3016 1940 ejus
3050 1883 3171 1938 qua:
3198 1867 3253 1920 in
3278 1865 3397 1919 foro
3430 1872 3516 1917 est

1929 1962 2123 2014 statua
2141 1958 2366 2029 globos:
2392 1959 2740 2015 sanctissima
2761 1973 2981 2028 quoque
3005 1956 3096 2010 Dei
3119 1953 3519 2010 Genitricisec-

1929 2053 2116 2115 clesia,
2141 2052 2230 2107 cui
2250 2051 2430 2124 Sigma
2445 2066 2668 2117 nomen,
2691 2052 2763 2106 ita
2783 2059 2841 2105 ut
2861 2053 3054 2104 omnes
3081 2048 3153 2103 ibi
3179 2047 3395 2101 divinas
3416 2045 3516 2098 dei-

1931 2143 2686 2199 cantanteslaudesexstincti
2707 2143 2840 2205 sint,
2865 2157 2988 2196 eum
3005 2137 3117 2195 Leo
3132 2137 3516 2210 pbil050phus,

1929 2236 2024 2305 qui
2057 2235 2132 2290 ibi
2161 2245 2599 2300 esset,cantores
2617 2245 2672 2290 et
2703 2235 2797 2304 qui
2828 2233 2904 2289 ibi
2926 2235 3088 2287 erant
3120 2246 3313 2285 omnes
3341 2229 3521 2284 eccle-

1930 2325 2011 2379 Bia
2042 2322 2195 2377 eitire
2226 2328 2496 2377 moneret.
2515 2323 2619 2388 Qui
2642 2323 2780 2376 nihil
2802 2319 3172 2391 obsequentes
3188 2319 3304 2389 pari
3327 2333 3521 2374 omnes

1931 2413 2096 2467 ruina
2134 2413 2385 2483 oppressi
2413 2413 2698 2469 interiere.
2731 2414 2854 2484 ipse
2889 2423 3024 2468 vero
3053 2411 3414 2483 philosophus
3451 2410 3520 2464 ad

1933 2505 2244 2560 columnam
2263 2503 2369 2559 sub
2393 2504 2971 2575 tignissttstinentibus
2991 2514 3143 2559 stans
3164 2519 3287 2558 cum
3306 2503 3524 2558 duobus

1933 2595 2055 2651 aliis
2071 2597 2256 2652 salvus
2276 2596 2472 2664 evasit,
2492 2596 2697 2668 aliique
2723 2597 2966 2668 quinque
2985 2582 3249 2652 duntaxat
3280 2597 3381 2651 sub
3403 2611 3523 2650 am~

1934 2688 2080 2744 bone
2105 2689 2290 2760 positi;

2007 2781 2168 2852 84],
2208 2782 2260 2836 5.
2288 2783 2461 2837 Porro
2491 2765 2722 2838 t’botius
2752 2781 3088 2853 patriarcha,
3126 2796 3251 2837 cum
3288 2782 3524 2851 impera-

1938 2876 2025 2930 tor
2056 2875 2110 2929 in
2165 2876 2456 2931 ecclesiam
2502 2869 2745 2930 venisset
2774 2884 2830 2930 et
2860 2885 3207 2945 exspectaret
3259 2885 3320 2929 ut
3369 2885 3522 2929 sacra

1937 2965 2198 3036 mysteria
2249 2973 2515 3031 sumeret-,-
2570 2965 2842 3021 latronem
2900 2981 3027 3020 eum
3086 2973 3141 3022 et
3193 2965 3522 3035 parricidam

251 3067 555 3130 κοινωνίας.
618 3066 677 3120 Ὀ
730 3066 787 3120 δὲ
834 3057 1111 3138 θυμωθεὶς
1166 3067 1488 3123 ἀπέστειλεν
1533 3070 1591 3123 ὲν
1629 3069 1835 3142 Ῥώμῄ,

1948 3055 2179 3121 deebat,
2213 3071 2449 3126 eumque
2482 3057 2551 3111 iis
2604 3057 2915 3127 indignum.
2939 3058 3214 3132 Arreptus
3239 3057 3318 3110 ira
3354 3055 3526 3125 impeé

253 3158 354 3212 καὶ
411 3158 588 3227 ἧγαγε
620 3159 788 3228 τόμον
834 3158 972 3228 μετὰ
1018 3153 1307 3230 Ῥωμαίων
1359 3161 1692 3227 ἐπισκόπων,
1741 3164 1836 3216 καὶ

245 3249 446 3303 τοῦτον
509 3249 604 3304 τοῦ
671 3251 862 3322 θρόνου
931 3249 1187 3318 ἐξέωσεν,
1250 3255 1347 3308 καὶ
1413 3257 1838 3326 προεχειρίσατο

260 3341 531 3409 Ἰγνάτιον
582 3340 676 3396 τὸν
725 3344 784 3394 ἐν
817 3343 997 3412 ἁγίοις
1039 3345 1390 3418 πατριάρχην
1449 3347 1511 3401 τὸ
1560 3347 1834 3420 δεύτερονι

258 3433 562 3504 Ἐγεννήθη
611 3433 666 3487 δὲ
715 3433 1063 3504 Ἀλέξανδρος
1116 3439 1143 3489 6
1189 3437 1442 3507 βασιλεὺς
1486 3441 1551 3492 ὲκ
1591 3439 1692 3510 τῆς
1740 3424 1833 3493 τοῦ

250 3524 830 3596 Ἰγγηρος-Εύδοκίας,
888 3519 1044 3590 οὗτος
1072 3529 1203 3592 παῖς
1255 3529 1478 3598 γνήσιος
1542 3529 1619 3584 ὢν
1671 3531 1836 3586 Βασι-

247 3618 421 3674 λείου.

326 3710 405 3776 ς’.
444 3709 804 3780 Ἐστρᾶτευσε
837 3711 894 3764 δὲ
923 3711 951 3764 ὁ
987 3709 1243 3781 βασιλεὺς
1277 3711 1420 3766 κατὰ
1448 3712 1559 3767 τῶν
1599 3713 1836 3786 Ἀγαρηο

249 3805 366 3860 νῶν
388 3805 497 3858 τῶν
528 3806 607 3868 είς
640 3804 920 3874 Τειρρικὴν
940 3798 1013 3867 ⁸⁷,
1039 3803 1135 3858 καὶ
1162 3802 1437 3874 πολέμους
1473 3805 1716 3874 συνάψας
1745 3808 1838 3875 ἡτ-

246 3898 417 3968 τήθη,
452 3895 546 3950 καὶ
593 3896 854 3959 πολλάκις
887 3894 1184 3965 συμϐαλὼν
1244 3895 1568 3966 Ἀγαρηνοίς
1612 3896 1839 3960 πολλοὺς

245 3991 368 4042 τῶν
403 3988 689 4058 Ῥωμαίων
719 3987 1045 4045 ἀπεσάλετο.
1089 3988 1181 4041 Ἐν
1216 3986 1274 4040 δὲ
1321 3989 1388 4057 τῇ
1436 3987 1662 4056 τοιαύτῃ
1693 3989 1837 4058 φυγῇ

243 4080 355 4136 τοῦ
383 4080 648 4152 βασιλέως
675 4080 1058 4151 Θεοφύλακτος
1109 4082 1138 4134 6
1177 4079 1569 4143 Ἀσάστακτος,
1607 4081 1636 4132 ὁ
1659 4078 1840 4150 πατὴρ

263 4173 556 4244 Ῥωμανοῦ
586 4172 684 4228 τοῦ
722 4175 864 4245 μετὰ
919 4172 1090 4228 ταῦτα
1131 4171 1573 4244 βασιλεύσαντος,
1614 4169 1843 4225 διέσωσε

241 4265 595 4337 τὸνβασιλέα
624 4265 775 4337 παρὰ
821 4266 1016 4337 μικρὸν
1062 4265 1167 4318 ὑπὸ
1199 4264 1310 4318 τῶν
1363 4263 1680 4335 Ἀγαρηνῶν
1709 4281 1845 4335 κρα-

241 4358 545 4429 τούμενον.
567 4360 664 4414 Ὃν
681 4358 1020 4430 ἐπιζητήσας
1050 4359 1078 4411 ὀ
1105 4356 1360 4427 βασιλεὺς
1394 4356 1534 4427 μετὰ
1551 4356 1728 4412 ταῦτα
1747 4358 1842 4410 καὶ

1943 3158 2166 3216 perator
2209 3149 2437 3202 Romam
2494 3147 2662 3213 misit,
2725 3156 3047 3217 tentumque
3082 3163 3205 3201 cum
3248 3147 3527 3218 episcopis

1945 3237 2155 3291 Latinis
2214 3236 2455 3302 advexit,
2503 3253 2566 3292 ac
2616 3238 2873 3293 Pbotiu’m
2911 3238 3111 3292 throno
3145 3239 3376 3306 expulit,
3403 3251 3528 3292 san;

1945 3336 2204 3395 clumque
2261 3327 2532 3397 lgnatium
2600 3345 2818 3384 rursum
2889 3328 3201 3384 sacerdotio
3255 3327 3525 3398 provexit.-

1944 3416 2114 3471 thus
2141 3426 2222 3471 est
2252 3417 2376 3471 Alei
2427 3419 2562 3473 nder
2593 3419 2893 3489 imperator
2926 3435 2993 3474 ex
3027 3418 3272 3474 Eudocia
3305 3419 3412 3472 filia
3451 3419 3532 3472 lu.

1943 3510 2096 3581 gius.
2131 3510 2230 3565 Hic
2261 3511 2366 3565 fuit
2396 3511 2540 3566 filius
2568 3511 2844 3581 legitimus
2872 3494 3078 3566 Basilii.

2015 3717 2068 3772 6.
2110 3717 2375 3786 Suscepta
2406 3716 2701 3787 imperator
2723 3717 3075 3787 expeditione
3094 3719 3366 3773 adversus
3386 3720 3526 3789 Aga-

1947 3810 2108 3864 i‘enbs
2135 3809 2561 3878 Tephricenscs,
2592 3823 2883 3878 pugnaque
2919 3825 3045 3863 eum
3067 3809 3151 3866 eis
3175 3825 3526 3880 congressus.

1946 3900 2127 3954 victus
2150 3907 2264 3964 est;
2322 3913 2426 3954 nec
2481 3914 2605 3953 raro
2637 3898 2852 3953 collatis
2885 3897 3056 3969 signis
3093 3915 3218 3954 cum
3268 3901 3531 3968 Agarenis

1948 3987 2096 4042 baud
2128 3987 2326 4058 exigua
2344 3987 2719 4042 Remanorum
2745 3987 2872 4040 data
2897 3997 3106 4056 strages
3134 3999 3236 4044 est.
3267 3989 3324 4043 in
3347 3989 3533 4042 istius-

1949 4079 2097 4134 modi
2146 4094 2279 4133 vero
2335 4078 2686 4149 imperatoris
2732 4078 2859 4148 fuga
2905 4077 3350 4148 Theopbylactus
3388 4079 3532 4133 Aba-

1950 4179 2180 4238 stactus,
2236 4169 2469 4226 Romani
2497 4179 2652 4242 pater
2687 4171 2807 4241 ejus
2829 4171 2920 4242 qui
2961 4179 3151 4240 postea
3176 4185 3358 4225 rerum
3383 4170 3531 4240 poti-

1953 4271 2038 4318 tus
2069 4271 2173 4327 est,
2206 4263 2332 4318 cu‘m
2383 4263 2473 4318 vi:
2522 4269 2633 4316 no‘u
2683 4272 2876 4332 captus
2905 4261 3101 4317 fuisset
3139 4277 3202 4317 ac
3243 4260 3532 4316 Saracenis

1952 4355 2129 4412 factus
2161 4356 2457 4422 obnoxitls,
2513 4354 2769 4412 cuindem
2821 4355 3097 4411 liberavit.
3130 4355 3302 4422 Quem
3340 4366 3530 4426 postea

247 4454 441 4527 εὑρὼν
465 4456 568 4508 καὶ
591 4453 868 4525 γνωρίσας
897 4451 1106 4522 (πολλοὶ
1138 4450 1246 4520 γὰρ
1275 4448 1470 4519 ελεγον
1502 4451 1580 4522 τῷ
1610 4449 1835 4521 βασιλεῖ,

1952 4447 2252 4518 imperator
2295 4447 2602 4519 inquirens,
2643 4447 3038 4520 inventumque
3097 4463 3226 4502 eum
3273 4463 3398 4502 cum
3433 4463 3532 4502 eo-

245 4549 344 4602 ὅτι
383 4566 401 4598 ι
424 4546 567 4616 Ἐγὼ
593 4549 710 4615 εἰμι
753 4543 906 4617 »)...ὀ
926 4543 982 4597 δὲ
998 4541 1096 4614 τὴν
1121 4540 1285 4614 τιμὴν
1302 4541 1460 4612 ἀφεὶς
1473 4541 1635 4596 τόπον
1647 4542 1850 4614 βασιλι-

249 4641 360 4694 κὸν
394 4642 654 4712 ᾐτήσατο,
697 4632 760 4693 οὗ
812 4637 905 4692 καὶ
944 4636 1264 4708 τετύχηκεν.
1330 4634 1712 4706 Ὑποστρέψας
1740 4635 1794 4689 δὲ
1819 4637 1848 4690 6

251 4730 522 4802 βασιλεὺς
563 4731 621 4783 ἐν
645 4731 713 4800 τῇ
768 4729 920 4782 πόλει
951 4725 1240 4782 ἀπέστειλε
1278 4727 1651 4798 Χριστοφόρον
1702 4743 1849 4797 γαμ-

247 4821 402 4894 ϐρὸν
451 4821 616 4876 αὐτοῦ
681 4823 739 4875 ὲν
761 4821 1033 4892 Τεφρικῇ,
1087 4819 1182 4874 καὶ
1220 4818 1376 4890 νίκην
1427 4819 1656 4888 ἐποίησε
1691 4818 1848 4890 μεγί-

244 4931 422 4986 στην,
474 4917 570 4969 καὶ
611 4913 884 4986 ἐπόρθησε
917 4911 1123 4984 ταύτην
1172 4911 1555 4984 καταστρέψας
1585 4913 1691 4977 ἕως
1725 4911 1847 4966 ἐδά-

244 5024 420 5079 (ρους.

330 5190 404 5256 ξ’.
445 5188 704 5258 Ἰγνάτιος
749 5186 804 5240 δὲ
827 5185 856 5239 6
887 5165 1234 5255 πατριάρχης
1267 5165 1618 5252 ᾠκοδόμησεν
1642 5181 1845 5252 tua“;

243 5284 392 5340 οἷαν
420 5282 499 5344 εἰς
527 5283 590 5334 τὸ
619 5279 885 5351 ἐμπόριον
915 5275 1159 5348 Σατύρου
1217 5273 1302 5346 [ι’.
1333 5273 1464 5346 545]
1518 5274 1846 5344 περικαλλῆ,

244 5377 348 5430 ἐπ’
389 5374 615 5444 ὀνόματι
662 5372 756 5426 τοῦ
787 5369 1228 5443 ἀρχιστρατήγου
1284 5365 1379 5420 τοῦ
1418 5365 1847 5433 Ἀνατέλλοντος,

243 5468 358 5523 καὶ
395 5467 564 5537 μονήν
597 5465 902 5536 πεποίηκεν
933 5459 1186 5533 ἀνδρείαν
1209 5499 1224 5524 ,
1283 5456 1413 5512 ἔνθα
1445 5459 1540 5512 καὶ
1589 5458 1649 5512 τὸ
1690 5458 1851 5531 σῶμα

244 5558 432 5617 αὐτοῦ
459 5559 768 5616 ἀπόκειται.

1953 4541 2234 4614 gitovisset
2270 4541 2452 4614 (multi
2489 4542 2656 4597 etiam
2699 4541 2958 4597 dicebant
2992 4558 3051 4597 se
3079 4557 3201 4599 esse
3229 4542 3322 4613 qui
3357 4543 3533 4610 inne-

1955 4644 2197 4691 ratorem
2225 4635 2536 4706 liberasset)
2559 4677 2574 4702 ,
2612 4636 2917 4692 honeribus
2960 4636 3134 4690 voluit
3167 4636 3459 4691 demereri.
3484 4636 3535 4692 is

1953 4736 2136 4782 autem
2189 4726 2416 4781 missum
2475 4726 2684 4783 faciens
2737 4727 3029 4793 lianorem,
3081 4728 3372 4798 imperiale
3425 4727 3532 4782 sibi

1948 4819 2216 4890 praedium
2242 4818 2598 4890 depoposcit;
2654 4819 2801 4889 quod
2847 4824 2903 4875 et
2951 4820 3212 4876 obtinuit.
3261 4820 3536 4876 Reversus

1948 4927 2081 4967 vero
2114 4911 2170 4967 in
2199 4911 2390 4966 urbem
2424 4911 2721 4982 imperator
2750 4911 3210 4983 Cliristopborum
3243 4926 3404 4965 suum
3437 4919 3534 4982 ge:

1945 5017 2141 5060 uerum
2198 5003 2254 5059 in
2311 5003 2641 5074 Tepbricam
2707 5005 2895 5072 misit;
2973 5013 3239 5074 partaque
3303 5003 3536 5058 victoria

1956 5097 2194 5154 maxima
2228 5098 2346 5153 solo
2402 5103 2562 5152 tenus
2605 5107 2861 5152 evertens
2907 5097 3156 5152 eamdem
3181 5095 3535 5166 expugnavit;

2028 5181 2082 5244 7.
2119 5187 2361 5263 ignatius
2396 5205 2560 5260 porro
2583 5189 2898 5260 patriarcha
2932 5187 3538 5244 eeclesiammdiﬁeavit

1957 5267 2014 5338 in
2040 5283 2221 5356 Satyri
2249 5283 2498 5354 emporio
2521 5282 2685 5355 842
2716 5278 3146 5354 perelegantém,
3182 5281 3286 5337 sub
3316 5281 3536 5336 nomine

1955 5375 2197 5431 caelestis
2227 5376 2437 5431 militiae
2466 5376 2733 5445 principis
2785 5374 3050 5442 Orientis,
3115 5374 3357 5445 fecitque
3394 5372 3538 5428 vird-

1957 5482 2080 5521 rum
2117 5467 2534 5535 monasterium,
2567 5466 2659 5523 ubi
2683 5477 2741 5523 et
2772 5467 3022 5541 sepultus
3055 5475 3162 5524 est;

1541 5650 1780 5709 VARUE
1815 5653 2215 5713 LECTIONES;

335 5750 388 5786 ⁸⁷
428 5748 708 5824 Τεφρικὴν
736 5764 923 5821 margo
953 5748 1014 5818 Ρ,
1040 5746 1361 5822 τηρήτηνῐνι
