3996 6208
497 218 614 289 ets
1800 225 2124 305 GEORGII
2164 226 2510 305 MONACHI
2642 256 2651 267 ο
3659 229 3758 301 sit

504 333 773 389 adversus
829 332 1155 404 Symeonem
1215 341 1521 389 moverent.
1580 332 1747 407 855.
1797 334 2073 391 Profectus

2186 337 2325 395 κατὰ
2369 337 2616 408 Συμεών.
2656 335 2790 391 Ὀδὲ
2844 334 3099 392 ἀπελθὼν
3164 335 3259 391 καί
3318 336 3615 409 συντυχὼν-
3642 344 3759 408 ταῖς

504 440 639 481 vero
670 423 782 488 ille,
814 424 1335 494 communicatoquc
1366 440 1491 479 cum
1533 426 1781 495 ipsorum
1806 427 2073 497 capitibus

2188 430 2453 499 κεφαλαῖς
2499 429 2679 483 αὐτῶν
2737 427 2987 498 Ἀρπάδη
3033 427 3129 482 καὶ
3170 428 3488 498 Κουρσάνη,
3516 428 3760 484 καὶσυν-

501 516 719 587 Arpade
753 532 818 570 ac
844 515 1090 571 Cursane
1138 516 1392 581 consilio,
1422 518 1706 587 pactisque
1743 518 1812 574 iis
1857 517 2085 590 Symeo-

504 626 632 665 nem
668 626 726 665 sc
756 609 901 663 bello
935 608 1274 673 incessnros,
1311 624 1375 663 ac
1397 608 1541 664 datis
1575 609 1866 665 obsidibus
1890 610 1956 664 ad
1984 611 2087 664 im-

502 710 811 773 peratorem
888 715 1146 757 reversus
1208 709 1316 759 cst.
1383 702 1711 772 Rursusque
1778 702 2085 772 imperator

500 790 852 847 Eustathium
932 791 1227 862 patricium
1310 793 1701 864 navaliumque
1790 793 2077 864 copiarum

501 883 861 956 drungarium
906 884 1045 941 mari
1094 885 1284 951 misit;
1319 886 1695 958 Nicephorum
1740 901 1873 942 vero
1908 887 2083 956 patri-

499 975 646 1031 cium
679 976 917 1047 Phocam
972 977 1341 1033 domesticum
1391 994 1518 1036 cum
1568 979 1883 1050 legionibus
1931 988 2084 1037 terra

500 1067 821 1135 destinavit,
843 1070 1233 1142 ingressusque
1260 1071 1327 1125 ad
1360 1070 1739 1145 ipsampsque
1768 1071 2083 1143 Bulgariam

499 1162 761 1231 pervasit.
788 1162 961 1217 Porro
988 1162 1308 1231 imperator,
1338 1162 1430 1233 qui
1475 1164 1596 1233 paci
1645 1163 1895 1219 studeret
1930 1173 2081 1229 tanto

499 1249 631 1307 belli
660 1262 951 1324 apparatu,
980 1252 1485 1310 Constantiniacem
1517 1264 1848 1325 quaestorem
1878 1253 1947 1310 ad
1975 1254 2083 1327 Sy-

497 1358 750 1399 meonem
782 1345 951 1412 misit,
984 1346 1079 1416 qui
1113 1362 1175 1401 ea
1201 1362 1323 1416 quae
1353 1346 1505 1417 pacis
1532 1356 1719 1403 essent
1741 1347 2077 1402 consuleret.

500 1434 741 1509 Symeon
779 1454 912 1494 vero
958 1438 1107 1497 omni
1157 1440 1249 1494 illa
1298 1440 1355 1494 in
1406 1439 1586 1510 ipsum
1634 1448 1781 1495 terra
1831 1440 2080 1512 marique

484 1527 746 1606 'motione
776 1537 1083 1600 comperta,
1116 1538 1470 1601 quaestorem,
1500 1531 1652 1584 velut
1681 1530 1777 1600 qui
1817 1530 1944 1586 dolo
1984 1547 2081 1585 ve-

496 1620 689 1687 nisset,
718 1621 1023 1692 compingit
1065 1620 1119 1676 in
1164 1636 1465 1677 carcerem.
1502 1623 1853 1677 Transmisso
1913 1622 2080 1695 igitur

495 1710 663 1768 Turci
689 1729 870 1779 amne,
904 1714 1128 1769 interim
1160 1714 1293 1768 dum
1329 1712 1569 1785 Symeon
1606 1714 1659 1768 in
1701 1712 1894 1769 Phocae
1926 1730 2083 1769 exer-
2116 1697 2157 1753 Β

496 1804 610 1860 citu
635 1815 959 1877 occupatur,
990 1807 1299 1877 Bulgariam
1329 1823 1551 1863 omnem
1601 1807 1707 1862 sub
1751 1807 1943 1878 jugum
1978 1807 2081 1863 mi-

495 1906 691 1955 serunt
739 1916 803 1954 ac
855 1901 1229 1969 captivarum.
1276 1901 1402 1956 Hazc
1456 1911 1515 1954 ut
1546 1900 1780 1973 Symeon
1842 1902 2077 1971 accepit,

494 1990 765 2051 adversus
793 1991 1005 2048 Turcas
1039 1991 1433 2062 proﬁciscitur.
1469 1993 1535 2047 Hi
1576 2002 1764 2049 contra
1802 1992 2081 2065 trajicien-

487 2076 578 2138 tes
607 2096 845 2152 pugnam
880 2096 1007 2136 cum
1052 2082 1300 2154 Bulgaris
1334 2094 1658 2139 conserunt.
1701 2084 1761 2137 In
1799 2083 1886 2138 bis
1924 2083 2080 2139 fusus

489 2167 825 2243 fugatusque
858 2170 1119 2245 Symeon,
1155 2182 1216 2227 ut
1255 2173 1347 2227 vix
1390 2172 1507 2243 ipse
1553 2173 1611 2229 in
1644 2173 1825 2228 Distra
1860 2172 2080 2228 incolu-

488 2256 599 2318 mis
644 2264 940 2334 salvusque
987 2264 1246 2324 evaserit.
1298 2265 1462 2319 Turci
1504 2280 1636 2320 vero
1688 2266 2078 2337 imperatorem

490 2366 756 2428 rogarunt
782 2364 845 2411 ut
870 2356 1115 2412 mitteret
1163 2357 1258 2427 qui
1296 2356 1658 2428 Bulgarorum
1703 2359 1951 2430 captivos
1985 2354 2077 2415 re-

2186 520 2428 591 θεμένων
2476 521 2806 590 πολεμῆσαι,
2863 517 3043 573 λαϐὼν
3095 519 3286 591 δψιδας
3333 515 3468 591 ἦλθε
3502 522 3639 591 πρὸς
3675 524 3761 579 τὸν

2189 613 2437 684 βασιλέα.
2482 614 2539 667 '0
2572 613 2628 667 δὲ
2657 612 2913 683 βασιλεὺς
2954 612 3118 667 πάλιν
3175 613 3264 666 διὰ
3322 614 3421 683 τῆς
3486 614 3761 687 θαλάσσης

2182 706 2509 761 ἀπέστειλεν
2562 704 2860 760 Εὐστάθιον
2912 705 3205 775 πατρίκιον
3258 704 3358 757 καὶ
3404 704 3761 778 δρουγγάριον

2184 800 2278 853 τοῦ
2337 799 2607 870 πλωΐμου.
2660 798 2975 871 Νικηφόρον
3001 798 3057 852 δὲ
3093 797 3385 869 πατρίκιον
3440 799 3533 852 τὸν
3568 800 3761 857 Φωκᾶν

2186 893 2281 947 καὶ
2330 891 2650 963 δομέστικον
2716 890 2857 962 μετά
2889 890 3000 943 τῶν
3036 888 3291 959 Θεμάτων
3337 889 3762 946 ἀπέστειλενδή

2184 986 2312 1056 γῆς,
2354 985 2448 1039 καὶ
2504 982 2721 1056 εἰσῆλθε
2773 982 2936 1056 μέχρι
2997 982 3349 1052 Βουλγάρων.
3395 981 3451 1037 Ὀ
3504 982 3560 1035 δὲ
3599 983 3762 1054 βασι-

2184 1078 2307 1142 λεὺς
2330 1077 2430 1148 τὴν
2447 1060 2672 1148 εἰρήνην
2694 1076 3082 1145 ἀσπαζόμενος
3114 1077 3256 1145 μετὰ
3285 1074 3447 1129 τοῦτο
3472 1077 3761 1132 ἀπέστειλα

2185 1151 2732 1240 Κωνσταντινιάκήν.
2764 1168 3091 1238 κυαίστωρα
3159 1167 3298 1237 πρὸς
3366 1166 3635 1236 Συμεὼν,
3693 1169 3762 1224 τὰ

2185 1262 2313 1333 περὶ
2368 1262 2597 1333 εἰρήνης
2643 1259 3111 1331 συμϐουλεύοντα.
3170 1258 3396 1330 Συμεὼν
3428 1259 3485 1312 δὲ
3513 1260 3615 1329 τὴν
3644 1261 3759 1319 κατ’

2183 1355 2349 1411 αὑτοῦ
2408 1356 2626 1426 κίνησιν
2682 1356 2774 1410 διά
2798 1372 2858 1408 τε
2887 1353 2990 1425 γῆς
3029 1352 3127 1407 καὶ
3165 1352 3449 1424 θαλάσσης
3482 1352 3675 1423 μαθὼν
3706 1354 3761 1408 ἐν

2182 1450 2399 1521 φρουρᾷ
2458 1446 2773 1502 κατακλείει
2835 1446 2929 1501 τὸν
2986 1445 3310 1515 κυαίστωρα
3355 1444 3434 1509 ὡς
3482 1446 3579 1499 ἐπὶ
3629 1445 3760 1515 δόλῳ

2180 1542 2426 1603 ἐλθόντα.
2491 1540 2837 1611 Περάσαντες
2889 1538 2982 1592 οὖν
3012 1540 3059 1592 οἰ
3091 1538 3350 1609 Τοῦρκοι,
3400 1537 3500 1591 τοῦ
3541 1534 3759 1607 Συμεὼν

2184 1634 2275 1688 ἐπὶ
2316 1634 2379 1687 τὸ
2432 1634 2752 1704 στράτευμα
2804 1632 2967 1685 Φωκᾶ
3024 1629 3478 1702 ἀσχολουμένου,ς
3506 1628 3739 1701 ᾑχμαλώ

2182 1741 2383 1779 τευσαν
2444 1726 2624 1779 πᾶσαν
2681 1723 2782 1794 τὴν
2854 1722 3220 1794 Βουλγαρίαν.
3304 1720 3493 1775 Ταῦτα
3576 1719 3761 1791 μαθὼν

2184 1814 2408 1887 Συμεὼν
2439 1817 2672 1869 κινεῖται
2702 1813 2843 1869 κατὰ
2866 1812 3147 1885 Τούρκων.
3176 1813 3317 1867 Οἱδὲ
3354 1812 3759 1884 ἁντιπεράσανο

2180 1923 2273 1972 τες
2330 1905 2697 1976 συμόάλλουσι
2753 1904 2992 1975 πόλεμον
3053 1903 3192 1974 μετὰ
3260 1900 3623 1973 Βουλγάρων,
3675 1902 3764 1956 καὶ

2172 2002 2442 2073 τρέπεται
2499 1997 2747 2071 Συμεὼν,
2793 1998 2946 2069 μόλις
3003 1995 3292 2059 διασωθεὶς
3332 1996 3393 2049 ὲν
3422 1998 3485 2066 τῇ
3533 1997 3763 2065 Δίστρᾳ.

2182 2096 2246 2149 Oi
2278 2095 2335 2150 δὲ
2366 2092 2602 2164 Τοῦρκοι
2642 2092 2915 2164 ᾐτήσαντο
2946 2089 3282 2160 τὸνβασιλέα
3310 2087 3633 2142 ἀποστεῖλαι
3665 2085 3764 2149 καὶ

2182 2188 2453 2258 ἀγοράσαι
2503 2186 2605 2257 τὴν
2663 2184 3044 2255 αἰχμαλωσίαν
3090 2182 3201 2237 τῶν
3246 2179 3617 2249 Βουλγάρωνο
3648 2174 3767 2248 ὃδὴ

2180 2280 2278 2335 καὶ
2331 2276 2636 2345 πεποίηκεν
2666 2276 2695 2330 ὁ
2726 2276 3003 2347 βασιλεὺς,
3059 2275 3190 2339 τοὺς
3230 2272 3460 2335 πολίτας
3494 2267 3759 2324 ἀποστεί-

2180 2373 2280 2437 λας
2311 2374 2657 2444 ὲπαγοράσαι
2689 2368 2910 2435 αὐτούς.

491 2444 789 2501 dimcrent.
836 2445 994 2514 Quod
1040 2456 1095 2503 et
1124 2446 1257 2503 fecit
1288 2449 1613 2520 imperator,
1646 2449 1830 2505 missis
1867 2450 1923 2505 in
1957 2466 2076 2507 eam
2166 2520 2173 2525 _

491 2553 606 2594 rem
646 2539 884 2608 civibus,
920 2550 976 2596 et
1010 2540 1300 2614 utlytrum
1335 2557 1435 2612 pro
1465 2542 1546 2597 cis
1576 2542 1796 2597 darent.

563 2632 653 2687 15.
689 2632 861 2688 Porro
891 2631 1127 2704 Symeon
1154 2634 1433 2689 Eustatliii
1480 2632 1768 2707 drungarii
1804 2651 1971 2705 opera
2007 2635 2077 2699 de

490 2738 625 2793 pace
648 2724 882 2795 rogavit.
911 2725 973 2780 ln
1018 2739 1139 2779 eam
1197 2726 1497 2795 imperator
1550 2728 1795 2782 animum
1847 2727 2078 2789 inﬂexit.

489 2813 843 2887 Leonemque
864 2815 1353 2885 Choerosphaetem
1374 2818 1440 2874 ad
1465 2835 1588 2874 eam
1630 2820 2077 2877 consciscendam

489 2906 661 2963 misit.
685 2907 817 2962 Data
839 2907 1096 2963 mandata
1128 2908 1438 2977 Nicephoro
1465 2919 1526 2963 ut
1552 2910 1736 2981 copias
1764 2911 2075 2979 reduceret;

489 2997 747 3054 similiter
796 2998 960 3054 etiam
998 2998 1288 3055 Eustathio
1333 2999 1693 3056 excubiarum
1752 3000 2073 3071 drungario.
2106 3047 2146 3105 ϐ

491 3092 734 3165 Symeon
793 3106 899 3149 nec
936 3107 1193 3149 sermone
1254 3092 1498 3150 Leonem
1550 3094 1807 3167 dignatus
1833 3104 1940 3162 est,
1978 3096 2074 3151 sed

485 3186 550 3241 in
632 3200 915 3241 carcerem
984 3186 1280 3256 compegit.
1357 3183 1733 3256 Susceptaque
1810 3186 2076 3251 adversus

486 3276 653 3353 855
693 3277 907 3333 Turcos
949 3275 1326 3347 expeditione,
1355 3292 1482 3333 cum
1518 3277 1556 3331 ii
1615 3277 1829 3333 nullum
1882 3294 1912 3333 a
1960 3279 2074 3333 Ro-

480 3369 671 3445 manis
743 3369 935 3425 auxilii
1006 3368 1327 3440 pra'sidium
1398 3369 1715 3438 baberent,
1772 3370 1869 3427 sed
1925 3372 2073 3427 nulla

490 3464 741 3535 ipsorum
768 3477 904 3519 cura
944 3462 1126 3518 relicti
1160 3471 1367 3528 essent,
1393 3471 1558 3518 aucta
1591 3477 1688 3518 sua
1722 3462 1849 3518 inde
1881 3478 2076 3533 super-

480 3556 581 3629 bia
631 3570 825 3612 omnes
887 3553 1315 3613 contrucidavit.
1378 3555 1766 3625 Reversusque
1830 3555 2072 3611 Leonem

486 3646 701 3703 invenit
729 3647 785 3701 in
816 3646 1097 3717 Mudagrn,
1123 3645 1371 3717 dixitque
1398 3645 1468 3702 ad
1495 3660 1623 3701 eum
1654 3662 1765 3702 non
1795 3645 2069 3707 facturum

485 3754 546 3796 se
569 3754 784 3810 pacem,
816 3738 923 3793 nisi
953 3738 1201 3808 captivos
1226 3753 1418 3794 omnes
1447 3738 1739 3809 reciperet.
1768 3736 2070 3794 Constituit

487 3833 673 3903 itaque
729 3833 1031 3903 imperator
1078 3847 1176 3887 eos
1222 3831 1535 3887 reddendos
1602 3846 1766 3899 esse;
1807 3831 2068 3901 venitque

484 3940 614 3981 cum
642 3924 826 3980 Leone
851 3923 1118 3995 Bulgarus
1158 3922 1448 3994 Symeonis
1478 3922 1645 3981 homo
1693 3939 1758 3979 ac
1806 3922 2071 3980 domesti-

481 4033 605 4084 cus,
634 4020 729 4089 qui
762 4033 860 4075 eos
888 4017 1119 4088 recepit.

478 4162 484 4173 ,
556 4112 645 4177 Η.
688 4110 1000 4180 Nicephoro
1050 4109 1233 4165 Pboca
1279 4110 1424 4167 vivis
1476 4119 1770 4181 exempto,
1827 4108 2067 4183 Symeon

482 4200 635 4270 pacis
664 4199 1029 4255 dissolvendae
1051 4199 1377 4256 occasiones
1404 4200 1708 4271 quaerebat.
1746 4199 1886 4255 Dum
1916 4200 2081 4285 enim.

481 4291 652 4350 etiam
713 4293 852 4351 alios
914 4292 1163 4364 captivos
1215 4292 1435 4363 quaerit,
1478 4293 1784 4349 Romanam
1841 4294 2068 4350 incessit

2254 2647 2344 2708 ιγ’.
2409 2636 2466 2691 Ὀ
2510 2636 2565 2690 δὲ
2612 2633 2839 2706 Συμεὼν
2899 2633 2968 2687 δι’
3024 2628 3324 2686 Εὑσταθίου
3391 2627 3769 2699 δρουγγαρίου

2170 2718 2375 2801 ἰδεήθη
2428 2728 2559 2802 περί
2592 2729 2834 2799 εἰρήνης.
2883 2724 3025 2797 [ιρδς
3065 2723 3133 2794 ἢν
3179 2720 3402 2784 ὑπεῖξεν
3430 2722 3459 2773 ὁ
3484 2718 3771 2790 βασιλεὺς,

2180 2824 2279 2881 καλ⁵
2323 2821 2611 2878 ἀπέστειλε
2664 2820 2873 2876 Λέοντα
2923 2819 3014 2872 τὸν
3062 2813 3495 2885 Χοιροσφάκτην
3539 2811 3691 2879 πρὸς
3716 2810 3775 2865 τὸ

2179 2914 2435 2988 γενέσθαι
2483 2915 2729 2985 εἰρήνην.
2755 2910 3010 2975 Ἐδὲξατο
3030 2907 3086 2963 δὲ
3118 2908 3434 2979 Νικηφόρος
3489 2902 3773 2974 ὑποστρρ

2178 3013 2277 3084 ψαι
2333 3008 2473 3082 μετὰ
2528 3007 2681 3073 λαοῦ,
2733 3006 2828 3060 καὶ
2883 3006 2911 3059 ὁ
2968 3001 3331 3075 δρουγγάριος
3404 2999 3508 3068 τῆς
3560 2998 3773 3069 Βίγλης

2180 3102 2479 3166 Εὑστάθιος
2545 3097 2769 3170 ὁμοίως.
2816 3094 2925 3169 [Ρ.
2959 3093 3121 3166 5531
3168 3094 3377 3149 Λὲοντα
3422 3092 3549 3146 οὐδὲ
3606 3092 3777 3162 λόγον

2178 3194 2378 3265 ἠξίωσε
2409 3188 2657 3262 Συμεὼν,
2686 3188 2803 3242 ἀλλ’
2848 3184 3191 3258 ἠσφαλίσατο
3228 3185 3443 3255 εἱρκτῇ.
3486 3184 3775 3255 Ἐκστριο

2177 3282 2376 3345 τεύσας
2397 3280 2454 3334 δὲ
2488 3277 2628 3335 κατὰ
2678 3276 2793 3331 τῶν
2851 3273 3135 3347 Τούρκων,
3196 3273 3423 3327 ἐκείνων
3492 3273 3779 3344 ὀχύρωμα

2179 3368 2432 3446 βοηθείας
2460 3373 2539 3444 μὴ
2562 3371 2796 3442 ἐχόντων
2835 3370 2991 3442 παρὰ
3058 3364 3371 3437 Ῥωμαίων,
3416 3364 3534 3418 ἀλλ’
3586 3369 3779 3439 ἀπρο-

2176 3468 2381 3539 νοήτως
2403 3465 2692 3531 ἑαθέντων,
2724 3462 2935 3526 πάντας
2965 3458 3335 3529 κατέσφαξεν,
3370 3456 3629 3529 αὐξήσας
3680 3459 3779 3529 τήν

2179 3556 2553 3628 μεγαλαυχίαν
2614 3554 2806 3609 αὐτοῦ.
2855 3553 2968 3608 Καὶ
3024 3552 3373 3626 ὑποστρέψας
3402 3545 3531 3622 εὗρε
3550 3550 3781 3604 Λέοντα

2173 3651 2231 3703 ἐν
2260 3651 2325 3721 τῇ
2353 3648 2665 3720 Μουδάγρα,
2718 3646 2811 3701 καί
2856 3644 3009 3700 εἶπεν
3040 3646 3173 3719 πρὸς
3226 3645 3387 3701 αὐτόν
3418 3660 3433 3675 ⁸
3480 3643 3557 3698 Οὐ
3637 3642 3779 3698 ποιῶ

2172 3743 2430 3815 εἰρήνην,
2488 3741 2585 3795 ἐὰν
2635 3740 2713 3812 μὴ
2744 3739 2925 3793 πᾶσαν
2982 3740 3083 3809 τὴν
3140 3737 3524 3809 αἰχμαλωσίαν
3588 3736 3777 3793 λάϐω.

2171 3834 2472 3906 Διωρίσατο
2521 3830 2950 3905 οὖνόβασιλεὺς
3005 3830 3211 3902 ταύτην
3265 3829 3615 3896 ἀποδοῦναι,
3683 3832 3778 3885 καὶ

2170 3921 2301 3999 ἦλθε
2353 3925 2491 3997 μετὰ
2532 3925 2760 3989 Λέοντος
2809 3922 3116 3991 Βούλγαρος
3146 3925 3343 3989 οἰκεῖος
3378 3923 3476 3981 τοῦ
3505 3924 3778 3996 Συμεὼν,

2172 4020 2265 4072 καί
2297 4017 2606 4091 παρέλαϐεν
2632 4019 2794 4072 αὑτοῦ
2803 4034 2849 4080 ς.

2246 4111 2323 4165 ιδ’.
2362 4110 2682 4183 Νικηφόρου
2706 4111 2761 4163 δὲ
2796 4110 2890 4165 τοῦ
2920 4111 3085 4164 Φωκᾶ
3102 4109 3557 4192 τελευτήσαντος,
3594 4111 3777 4181 ἀφορ-

2175 4205 2283 4277 μὰς
2309 4204 2492 4276 ἐζήτει
2524 4202 2750 4275 Συμεὼν
2776 4204 2875 4275 τὴν
2914 4204 3137 4279 εἰρήνην
3169 4201 3449 4255 διαλῦσαιο
3478 4200 3778 4272 ἐπιζητῶν

2172 4297 2281 4368 γὰρ
2329 4297 2424 4350 καὶ
2453 4295 2645 4358 ἄλλους
2678 4294 3059 4366 αἰχμαλώτους
3086 4294 3391 4365 εἰσέρχεται
3436 4295 3591 4347 κατὰ
3635 4296 3777 4349 Ῥω-

478 4385 771 4443 ditionem.
808 4385 919 4441 Leo
979 4392 1165 4440 autem
1201 4385 1502 4456 imperator
1539 4384 1819 4457 legionum
1875 4387 2068 4444 dome-

2182 4388 2377 4459 μαίων.
2413 4388 2568 4441 Λέων
2600 4386 2655 4440 δὲ
2684 4387 2712 4439 ὁ
2745 4384 3001 4457 βασιλεὺς
3029 4386 3351 4459 δομὲστικον
3400 4386 3514 4439 τῶν
3548 4386 3777 4458 σχολῶν

472 4480 681 4541 sticum
720 4480 1037 4537 Catacalum
1069 4479 1319 4551 praeﬁcit,
1360 4480 1521 4552 cujus
1564 4480 1620 4535 in
1660 4480 1854 4538 Rabdo
1891 4481 2069 4539 domi-

474 4575 669 4633 cilium
714 4574 837 4631 iuit.
886 4574 1083 4633 Missus
1129 4589 1256 4629 cum
1297 4588 1366 4629 eo
1412 4573 1760 4632 Theodosius
1802 4576 2068 4647 patricius

476 4675 537 4725 et
574 4666 1070 4739 protovestiarius;
1112 4665 1467 4738 traiectisque
1494 4666 1812 4739 legionibus
1840 4667 2069 4739 integris

473 4769 536 4821 et
582 4759 880 4816 ordinibus
921 4774 989 4815 ac
1030 4758 1363 4830 agminibus,
1412 4768 1668 4816 conserta
1707 4775 1891 4832 pugna
1942 4775 2066 4817 cum

470 4852 750 4928 Symeone
792 4852 862 4909 ad
922 4852 1429 4925 Bulgaropbygum,
1479 4854 1658 4909 locum
1698 4852 1780 4908 sic
1832 4852 2064 4918 dictum,

474 4948 621 5004 facta
662 4955 750 5007 est
777 4946 1090 5004 communis
1136 4946 1265 5019 fuga
1293 4962 1596 5019 omnesque
1625 4947 1861 5018 periere,
1890 4947 2069 5003 Theo.

472 5039 669 5097 donius
696 5054 919 5111 quoque
962 5040 1443 5109 protovestiarius.
1477 5040 1637 5111 cujus
1672 5039 1869 5096 mortis
1900 5055 2065 5097 causa

472 5132 622 5191 haud
676 5132 1035 5190 mediocriter
1073 5132 1423 5204 imperatoris
1458 5132 1693 5189 indoluit
1734 5132 1972 5188 animus.

544 5226 635 5286 15.
669 5225 846 5285 Etiam
892 5225 1199 5283 Chersonis
1247 5225 1509 5296 oppidani
1560 5234 1850 5297 praetorem
1900 5241 2061 5282 suum

472 5332 540 5376 ac
570 5318 772 5379 ducem
823 5319 1178 5393 Symeonem,
1208 5319 1438 5379 Joannis
1478 5317 1674 5384 lilium,
1713 5319 2065 5376 contrucida-

473 5421 627 5467 runt.
680 5411 915 5485 Captum
957 5411 1154 5470 itidem
1188 5410 1416 5478 Corum,
1438 5411 1714 5471 munitum
1744 5409 2062 5482 praesidium

471 5501 537 5560 in
570 5502 937 5575 Cappadocia,
978 5506 1052 5569 ab
1092 5505 1382 5579 Agerenis.

551 5593 637 5647 t6.
668 5594 833 5651 Facto
871 5596 1173 5667 imperator
1214 5613 1480 5670 processu
1512 5597 1581 5654 ad
1612 5598 1865 5657 Damiani
1891 5598 2061 5661 ades.

475 5682 678 5741 lautza
724 5701 947 5758 quoque
986 5699 1143 5758 patre
1174 5689 1524 5759 imperatoris
1570 5688 1647 5744 illi
1700 5690 1919 5755 comite,
1952 5704 2061 5745 una

2170 4479 2536 4550 προϐάλλεται
2569 4480 2775 4537 Λέοντα
2802 4478 3146 4544 Κατακαλδν,
3194 4480 3253 4533 ἐν
3284 4480 3353 4549 τῇ
3399 4477 3625 4551 Ῥάὸδιψ
3677 4478 3777 4551 τὴν

2168 4575 2379 4645 οἴκησιν
2405 4574 2620 4644 ἔχοντα,
2652 4572 2748 4626 καὶ
2780 4570 2899 4641 μετ’
2921 4571 3088 4626 αὑτοῦ
3116 4570 3439 4626 ἀποστέλλει
3470 4570 3775 4627 Θεοδόσιον

2169 4666 2457 4737 πατρίκιον
2487 4665 2582 4720 καὶ
2612 4663 3126 4736 πρωτοδεστιάριον.
3158 4662 3268 4718 Καὶ
3296 4662 3554 4733 περάσας
3568 4665 3681 4718 ὅλα
3706 4662 3774 4717 τὰ

2169 4761 2383 4831 Θέματα
2417 4760 2511 4812 καὶ
2544 4757 2613 4811 τά
2639 4757 2916 4827 τάγματα,
2968 4756 3063 4813 καί
3115 4755 3417 4828 γενομένης
3474 4758 3772 4830 συμβολῆς

2172 4853 2311 4923 μετὰ
2346 4850 2566 4923 Συμεὼν
2596 4850 2675 4914 είς
2698 4849 2760 4904 τὸ
2798 4848 3267 4922 Βουλγαρόφυγον,
3304 4850 3533 4919 ἐγένετο
3579 4850 3769 4923 τροπὴ

2166 4947 2400 5020 δημοσία
2428 4944 2523 5000 κα)⁵
2553 4944 2752 5007 πάντες
2779 4941 3060 4997 ἀπώλοντο
3077 4942 3171 4996 καὶ
3192 4942 3220 4995 ὀ
3248 4941 3771 5013 πρωτοϐεστιάριος

2167 5041 2466 5103 Θεοδόσιος,
2497 5038 2564 5099 δι’
2593 5036 2653 5092 ὃν
2682 5038 2711 5090 ὁ
2759 5020 3012 5107 βασιλεὺς
3040 5035 3100 5091 οὐ
3134 5034 3375 5105 μετρίως
3404 5035 3616 5106 ἠνιάθη
3666 5034 3767 5088 ἐπὶ

2166 5133 2377 5190 τούτου.

2240 5233 2321 5282 ιε’.
2351 5224 2634 5295 Ἐσφαξαν
2662 5222 2758 5277 καὶ
2803 5225 2862 5275 ὲν
2888 5219 3136 5293 Χερσῶνι
3167 5220 3216 5276 οἰ
3253 5218 3351 5275 τοῦ
3380 5221 3632 5292 κάστρου
3674 5221 3766 5273 τὸν

2170 5317 2476 5390 στρατηγὸν
2524 5314 2705 5376 αὐτῶν
2734 5310 2958 5382 Συμεὼν
3014 5311 3108 5365 τὸν
3164 5311 3280 5366 υἰδν
3320 5311 3601 5368 Ἰωάννου.
3653 5310 3768 5366 Καὶ

2169 5405 2495 5478 παρελήφθη
2525 5403 2587 5457 τὸ
2621 5402 2855 5475 κάστρον
2878 5400 2938 5455 τὸ
2957 5400 3135 5472 Κόρον
3163 5401 3630 5475 ὲννΚαππαδοκίᾳ
3652 5402 3766 5454 ὑπὸ

2166 5501 2275 5555 τῶν
2328 5497 2669 5570 Ἀγαργ,νῶν.

2241 5591 2337 5656 ις’.
2387 5593 2446 5646 ’0
2478 5591 2534 5644 δὲ
2566 5591 2815 5662 βασιλεὺς
2858 5592 3158 5663 πρόκενσον
3187 5588 3365 5644 ἐποίει
3419 5590 3501 5651 εἰς
3531 5586 3607 5641 τὰ
3651 5590 3766 5639 Δα-

2171 5682 2383 5756 μιανοῦ,
2420 5682 2667 5747 συνόντος
2706 5684 2798 5738 καί
2850 5668 3105 5749 Ζαούτζα
3146 5682 3238 5740 τοῦ
3286 5678 3769 5754 βασιλιοπάτορος
