3996 6208
481 238 587 302 919

1768 231 2088 297 GEORGII
2117 235 2460 299 MONACHI

3651 232 3753 296 εδει

484 355 544 409 In
589 351 811 427 palatio,
845 351 1070 420 ejusque
1105 365 1202 418 per
1233 346 1598 402 Bucoleonem
1630 345 1891 401 eductum
1919 346 2082 404 funus

2188 350 2314 414 τζας
2345 353 2402 404 ἐν
2436 352 2511 420 τῷ
2545 348 2805 418 παλατίῳ,
2854 349 2945 401 καὶ
2975 347 3160 400 τοίτον
3194 344 3280 399 διὰ
3309 344 3402 398 τοῦ
3428 341 3754 396 Βονκολέον-

489 445 547 502 in
593 444 808 501 Caulea:
863 441 1198 496 monasterio
1239 439 1624 494 condiderunt.

564 628 653 681 20.
691 626 819 680 Post
853 623 1068 676 Zautzze
1103 632 1285 675 autem
1330 636 1585 675 occasum
1639 620 1869 676 Basilius
1907 623 2077 692 impc-

491 719 692 774 ratoris
744 731 974 785 operum
1019 712 1188 783 858
1236 714 1564 782 praepositus
1621 728 1686 768 ac
1736 715 2073 784 compulsor,

489 810 694 866 Nicolai
721 808 1118 863 fcederatorum
1152 806 1401 862 cohortis
1434 806 1654 860 comitis
1684 807 1852 870 ﬁlius,
1883 807 2075 864 amici-

489 907 563 957 tia
602 902 831 972 junctus
886 908 972 954 est
1022 899 1272 953 Samonze
1305 898 1670 966 cubiculario,
1700 899 2076 970 Agarenorum

486 991 657 1061 stirpe
682 999 822 1055 sato,
851 989 1065 1059 imperii
1120 989 1379 1044 culminis
1441 989 1699 1060 cupidine
1748 990 2082 1046 actus.Cre—

486 1085 673 1153 ditque
709 1083 958 1139 Samona:
1015 1092 1326 1138 secretum:
1355 1081 1627 1136 Exstincto
1657 1084 1775 1152 jam
1801 1082 1904 1137 Zoe
1941 1086 2080 1138 ami-

485 1191 540 1231 ta
575 1187 776 1242 nostra,
813 1178 1102 1246 imperator
1131 1175 1298 1230 aliam
1329 1178 1609 1247 conjugem
1637 1185 1948 1245 accepturus
1981 1186 2078 1257 est.

486 1284 682 1338 nosque
706 1285 884 1322 omnes
926 1267 1320 1321 eliminaturus.
1357 1267 1548 1321 Verum
1575 1269 1700 1321 mihi
1731 1268 1855 1322 dato
1896 1268 2080 1336 ﬁdem,

485 1375 542 1417 ut
575 1365 667 1417 tibi
701 1380 853 1417 omne
877 1362 1156 1416 consilium
1189 1363 1423 1426 credam,
1448 1372 1496 1415 et
1530 1363 1669 1433 quod
1702 1364 2084 1433 conjurationis

487 1457 707 1512 exsistit.
736 1457 873 1511 Data
898 1471 1030 1512 vero
1057 1456 1258 1510 Basilio
1285 1455 1415 1519 ﬁde,
1444 1455 1741 1510 edisseruit
1771 1456 1852 1510 illi
1876 1456 2081 1515 omnia.

487 1550 756 1604 Samonas
784 1564 918 1603 vero
946 1548 1013 1603 ad
1049 1548 1443 1618 imperatorem
1496 1550 1780 1619 ingressus
1823 1548 1934 1602 ait:
1983 1547 2086 1601 Do-

487 1642 629 1695 mine
661 1642 755 1706 mi,
787 1640 904 1695 volo
936 1641 1027 1694 tibi
1063 1640 1268 1711 aliquid
1296 1641 1544 1711 privatim
1578 1641 1770 1705 dicere,
1801 1641 1938 1711 quod
1967 1641 2085 1710 qui-

485 1735 602 1788 dem
647 1735 692 1788 si
722 1735 926 1800 dixero,
962 1750 1100 1788 mors
1130 1735 1255 1788 mihi
1279 1744 1398 1788 est:
1440 1735 1485 1788 si
1529 1742 1706 1788 autem
1745 1751 1849 1788 non
1877 1734 2080 1806 dixero,

484 1829 598 1897 ipse
645 1835 701 1880 tu
742 1829 1007 1882 morieris.
1048 1827 1391 1896 Omnemque
1419 1826 1471 1882 ei
1521 1826 1706 1881 Basilii
1751 1824 2087 1896 conjuratio-

485 1933 613 1973 nem
668 1917 1200 1987 narravit.Cumque
1240 1919 1362 1988 ejus
1412 1917 1578 1973 dictis
1619 1916 1782 1972 (idem
1832 1934 1942 1973 non
1989 1918 2085 1973 ha-

488 2010 664 2073 beret,
701 2024 764 2064 ac
814 2009 1055 2063 diceret:
1095 2007 1348 2078 Nunquid
1393 2009 1587 2079 aliquis
1641 2010 1970 2076 subornavit,
2025 2020 2084 2064 ut

488 2101 615 2156 mihi
644 2102 753 2156 haec
783 2100 1094 2171 loquereris,
1129 2102 1398 2172 fecistique
1422 2102 1517 2155 hoc
1546 2110 1602 2154 ut
1651 2103 1886 2156 muneris
1927 2102 2081 2172 quid-

487 2193 634 2263 piam
687 2193 989 2263 emungas?
1026 2192 1102 2247 ait
1137 2192 1262 2248 ille:
1303 2192 1452 2246 Mitte
1503 2209 1630 2262 quos
1668 2190 1911 2257 libuerit,
1948 2193 2083 2246 viros

487 2281 668 2353 ﬁdeles
715 2285 770 2337 in
819 2299 993 2337 meum
1033 2282 1350 2347 cubiculum,
1383 2282 1593 2337 domine
1659 2284 1753 2347 mi,
1788 2291 1837 2335 et
1884 2284 1930 2337 si
1959 2282 2085 2352 quid

487 2391 552 2428 ea:
590 2373 793 2430 Basilio
833 2383 881 2427 et
932 2389 994 2426 ex
1040 2389 1120 2427 me
1151 2374 1437 2437 audierint,
1483 2373 1836 2427 conscribant.
1887 2371 2084 2427 Confe-

489 2467 615 2522 stim
666 2481 802 2522 vero
837 2466 1143 2537 imperator
1197 2464 1666 2536 Cbristophorum
1717 2465 2084 2535 protovestia-

489 2560 633 2617 rium
663 2561 836 2616 mittit
864 2576 972 2616 una
1023 2576 1151 2616 cum
1193 2559 1460 2631 Calocyro
1485 2559 1858 2625 cubiculario;
1896 2575 2086 2615 ascen-

489 2654 796 2724 dentesque
830 2653 889 2707 in
920 2654 1040 2724 ejus
1063 2653 1339 2708 delituere
1370 2652 1648 2707 cubiculo.
1686 2651 1851 2707 Velut
1897 2652 2083 2721 itaque

487 2758 616 2800 esca
646 2752 841 2813 captus
873 2743 1134 2807 Basilius,
1162 2743 1459 2814 iurataque
1512 2742 1622 2798 ﬁde
1667 2758 1696 2797 a
1731 2742 1967 2798 Samona
1991 2758 2082 2797 ac-

488 2837 688 2900 cepta,
731 2829 788 2883 in
841 2829 1146 2885 domestico
1194 2831 1370 2900 ipsius
1419 2831 1667 2886 oratorio
1728 2847 1948 2887 omnem
2006 2831 2084 2887 illi

488 2921 788 2976 edisseruit
818 2922 1275 2992 conjurationem,
1320 2938 1385 2976 ac
1430 2923 1526 2992 qui
1559 2924 1830 2993 conjurati
1877 2930 2082 2979 essent.

2176 460 2266 504 τος
2308 441 2714 510 καταγαγόντες
2743 439 3032 511 ἀπήγαγον
3060 440 3116 490 ὲν
3145 440 3212 509 τῇ
3234 437 3368 507 μονῇ
3389 433 3484 488 τοῦ
3517 433 3754 496 Κανλέα,

2178 538 2354 587 ἐκεῖσε
2388 534 2549 588 αὑτὸν
2589 533 2880 602 θάψαντες.

2252 630 2319 678 κ’.
2345 623 2502 678 Μετὰ
2527 623 2582 676 δὲ
2621 621 2721 691 τὴν
2755 621 3011 690 τελευτὴν
3043 616 3288 681 Ζαούτζα
3321 615 3599 677 Βασίλειος
3633 615 3758 666 Ἐπ-

2182 717 2390 786 είκτης,
2452 714 2566 777 υίὸς
2625 713 2896 766 Νικολάου
2942 710 3342 783 ἑταιρειάρχου,
3401 705 3759 775 συνεφιλιὼθη

2183 809 2418 879 Σαμωνᾷ
2441 806 2874 878 κουόικουλαρίῳ
2904 804 2983 875 τῷ
3026 803 3084 866 ἑξ
3122 799 3467 870 ’Δγαρηνῶν,
3499 797 3760 869 ὀρεγόμε-

2182 917 2271 962 νος
2318 900 2414 953 τοῦ
2444 900 2548 968 τῆς
2576 898 2853 969 βασιλείας
2897 895 3227 962 ἀξιώματος.
3270 890 3570 962 Ἐθάῤῥησε
3602 889 3656 941 δὲ
3685 886 3762 957 τῷ

2186 991 2417 1062 Σαμωνᾷ
2435 1034 2449 1056 ,
2478 991 2559 1044 ὅτι
2596 988 2708 1058 Τῆς
2732 989 2897 1054 θείας
2928 984 3100 1056 ἡμῶν
3119 983 3288 1052 Ζωῆς
3309 980 3764 1049 τελευτησάσης

2183 1087 2216 1138 ὁ
2243 1082 2547 1149 βασιλεὺς
2577 1080 2662 1154 [Ρ.
2691 1080 2818 1152 555]
2841 1078 3050 1133 λαϐεῖν
3099 1078 3223 1146 ἔχει
3249 1075 3454 1143 ἑτέραν·
3486 1074 3762 1145 γυναῖκα,

2184 1177 2280 1232 καί
2308 1175 2465 1246 ἡμᾶς
2501 1174 2736 1240 πάντας
2771 1174 2894 1242 ἔχει
2941 1172 3254 1241 ἀραγίσαι.
3297 1168 3485 1223 Ἀλλὰ
3527 1165 3634 1232 δός
3661 1181 3766 1233 μοι

2184 1270 2503 1340 λόγον,ῑνιι
2529 1286 2627 1322 σοι
2668 1266 2946 1336 θαρῤήσω
2978 1264 3176 1319 πάντα
3213 1264 3284 1316 τὰ
3321 1261 3746 1327 ,ϐουλευόμενα

2185 1365 2295 1418 Καὶ
2315 1365 2496 1426 δόντος
2529 1360 2694 1416 αὑτοῦ
2735 1360 2893 1429 λόγον
2917 1359 2994 1428 τῷ
3016 1357 3305 1427 Βασιλείῳ,
3339 1354 3647 1424 ἐθάρρησεν
3669 1351 3762 1403 αὖ-

2185 1456 2265 1527 τῷ
2301 1456 2494 1508 πάντα.
2536 1454 2594 1507 '0
2637 1453 2692 1506 δὲ
2721 1452 2986 1522 Σαμωνᾶς
3015 1447 3272 1502 είσελθὼν
3302 1449 3384 1508 εἰς
3425 1445 3516 1498 τὸν
3545 1443 3764 1514 βασιλέα

2187 1543 2341 1602 εἶπεν
2363 1545 2532 1617 αὐτῷ,
2563 1546 2645 1599 ὅτι
2690 1543 2963 1600 Δέσποτά
2983 1560 3121 1614 μου,
3149 1541 3303 1595 Θέλω
3325 1554 3425 1592 σοι
3474 1536 3666 1592 εἰπεῖν
3715 1551 3766 1588 τι

2189 1641 2368 1706 ἰδίως,
2409 1639 2554 1707 ὅπερ
2588 1637 2700 1692 ἐὰν
2718 1636 2834 1708 μὲν
2871 1637 3038 1701 εἴπω,
3079 1632 3470 1702 ἀποθνήσκω,
3499 1632 3550 1684 ει
3575 1629 3641 1681 δὲ
3684 1629 3764 1697 μὴ

2187 1734 2356 1798 elate,
2385 1730 2794 1797 ἀποθνήσκεις
2826 1730 2930 1784 σύ.
2972 1730 3081 1781 Καὶ
3102 1725 3346 1795 διεξῆλθε
3376 1723 3515 1795 πρὸς
3555 1724 3648 1775 τὸν
3679 1721 3768 1790 βα-

2189 1825 2342 1880 σιλέα
2366 1825 2546 1878 πᾶσαν
2570 1823 2670 1892 τὴν
2694 1819 2987 1890 ὲπιὸουλὴν
3025 1819 3121 1872 τοῦ
3153 1817 3464 1872 Βασιλείου.
3505 1814 3765 1881 Ἀπιστὴ-

2187 1935 2377 1981 σαντος
2404 1916 2462 1969 δὲ
2490 1915 2586 1970 τοῦ
2615 1913 2880 1986 βασιλέως
2909 1916 3022 1976 τοῖς
3066 1910 3354 1982 λαληθεῖσι
3404 1907 3536 1976 παρ’
3577 1906 3768 1970 αὑτοῦ,

2188 2012 2283 2067 καὶ
2317 2011 2600 2082 εἰρηκότος
2623 2027 2635 2041 ·
2673 2009 2770 2078 Μή
2798 2009 2886 2073 τίς
2918 2025 3016 2062 σοι
3049 2006 3313 2062 ὑπέϐαλε
3343 2003 3526 2058 ταῦτά
3543 2021 3647 2072 μοι
3680 2004 3766 2056 εί-

2185 2105 2342 2170 πεῒν,
2374 2103 2472 2159 καί
2500 2103 2570 2157 ἐκ
2612 2101 2974 2171 δωροδοκίας
3013 2099 3189 2154 τοῦτο
3225 2099 3555 2164 ἐποίησας-ς
3593 2094 3657 2150 '0
3711 2096 3770 2148 δὲ

2184 2196 2338 2252 εἶπεν
2362 2213 2376 2227 ο
2433 2196 2826 2250 Ἀπόστειλον
2890 2192 3148 2258 πιστοὺς
3207 2190 3563 2259 ἀνθρώπους
3582 2228 3599 2251 ,
3665 2187 3773 2252 οὓς

2184 2289 2472 2353 κελεύεις,
2505 2286 2576 2340 ἐν
2611 2285 2692 2350 τῷ
2726 2283 2846 2354 ἐμῷ
2875 2285 3118 2347 κελλίῳ,
3169 2279 3440 2336 δέσποτά
3474 2297 3618 2348 μου,
3675 2279 3774 2332 καί

2185 2381 2285 2434 ἵνα
2306 2377 2467 2432 εἰσὶν
2494 2377 2538 2408 ⁸ο
2563 2373 3051 2446 ἐγκεκρυμμένοι,
3093 2373 3191 2428 καί
3215 2372 3269 2426 εἴ
3293 2389 3343 2424 τι
3369 2369 3448 2425 ἂν
3475 2370 3772 2424 ἀκούουσι

2185 2471 2344 2540 παρὰ
2374 2469 2700 2525 Βασιλείου
2735 2467 2833 2521 καὶ
2876 2466 3013 2534 παρ’
3047 2465 3215 2535 ἐμοῦ,
3248 2463 3523 2534 γράφωσι
3563 2461 3770 2516 ταῦτα.

2185 2564 2439 2635 Παρευθὺ
2470 2563 2526 2616 δὲ
2549 2564 2576 2616 ό
2601 2559 2851 2631 βασιλεὺς
2873 2559 3190 2613 ἀποστέλλει
3218 2556 3596 2627 Χριστοφόρον
3622 2572 3774 2626 πρωο

2187 2653 2559 2724 τοϐεστιάριον
2591 2651 2707 2722 ἅμα
2735 2647 3039 2720 Καλοκύρῳ
3055 2646 3364 2717 κοιτωνίτῃ,
3399 2645 3491 2699 καὶ
3521 2644 3774 2698 ἀνελθόνο

2185 2765 2275 2811 τες
2298 2745 2607 2819 ὲκρύϐησαν
2647 2747 2704 2799 ὲν
2733 2741 2812 2812 τῷ
2855 2741 3054 2812 κελλίῳ
3100 2738 3290 2793 αὑτοῦ.
3338 2737 3628 2800 Basilina;
3689 2735 3778 2790 οὖν

2185 2839 2494 2901 δελεασθεὶς
2525 2837 2621 2891 καὶ
2667 2834 2850 2889 λαϐὼν
2878 2834 3036 2903 λόγον
3067 2833 3289 2903 ἔνορκον
3322 2831 3476 2902 παρὰ
3535 2831 3780 2900 Σσμωνᾱ

2187 2937 2265 2997 εἰς
2297 2933 2359 2986 τὸ
2413 2930 2806 3002 προσευχαιῖιον
2839 2927 3006 2984 αὐτοῦ
3048 2928 3263 2994 ἐξεῖπεν
3297 2925 3451 2994 αὐτῷ
3492 2925 3682 2978 πάντα
3715 2924 3781 2976 τὰ

491 3012 900 3068 Prandentibus
931 3027 1064 3067 vero
1092 3012 1204 3068 illis
1223 3012 1626 3068 descendentes
1653 3012 2083 3084 Christopli‘orus

2190 3027 2287 3094 τῆς
2304 3022 2496 3094 βουλῆς
2524 3023 2620 3076 καὶ
2651 3021 2778 3085 τοὺς
2811 3018 3373 3091 σνμδουλευομένονς.
3391 3016 3782 3088 Ἀριστώντων

491 3114 550 3161 et
591 3105 892 3177 Calocyrus
917 3105 1124 3171 omnia,
1155 3107 1229 3162 ita
1284 3115 1346 3161 ut
1372 3107 1557 3162 audita
1599 3107 1956 3177 scripserant,
1985 3109 2088 3162 im-

493 3195 742 3268 peratori
778 3195 1052 3267 legerunt.
1107 3195 1524 3267 Confestimque
1553 3197 1744 3252 adesse
1795 3198 1950 3268 jusso
1990 3197 2088 3251 Ba-

491 3292 619 3351 silio
655 3293 808 3349 dedit
831 3292 1266 3348 milliarisierum
1297 3293 1716 3363 quatuordecim
1742 3292 1910 3363 359
1967 3292 2089 3346 mil-

490 3387 586 3450 lia,
619 3401 742 3456 quae
792 3385 849 3440 in
890 3386 1070 3440 amita
1099 3400 1210 3440 sua:
1240 3385 1380 3441 Zoes
1425 3385 1731 3441 remedium
1763 3388 1979 3451 anime,
2009 3384 2088 3440 sic

492 3479 562 3534 ab
590 3494 659 3534 ea
692 3477 986 3542 destinata,
1030 3478 1086 3533 in
1124 3478 1497 3533 Macedoniam
1549 3478 1813 3534 deferret.
1851 3478 1927 3533 Ac
1968 3478 2088 3548 qui—

492 3574 619 3627 dem
654 3571 919 3626 Basiliam
947 3570 1003 3626 in
1027 3585 1154 3631 eum
1187 3569 1413 3625 modum
1447 3569 1585 3625 urbe
1614 3570 1796 3641 ejecit.
1826 3569 2088 3639 Reliquos

493 3676 627 3717 vero
664 3662 786 3732 ejus
831 3661 1233 3732 conjurationis
1272 3661 1455 3718 socios
1490 3677 1554 3716 ac
1583 3661 1904 3732 participes,
1957 3662 2087 3715 Paro

493 3755 647 3816 dum,
681 3754 1039 3809 excubiarum
1091 3753 1477 3824 drungarium,
1513 3755 1579 3809 ad
1619 3753 1922 3826 Stypiotem
1960 3753 2086 3808 mit-

495 3848 586 3910 tit,
634 3845 793 3916 quasi
830 3846 1009 3915 ipsum
1051 3845 1395 3900 adducturus
1441 3855 1604 3903 esset.
1649 3861 1774 3900 cum
1821 3846 1936 3916 ipse
1987 3845 2087 3904 im-

495 3936 768 4006 peratoris
813 3935 1002 3991 libello
1037 3935 1397 4006 praemonitus
1432 3936 1486 3990 in
1530 3936 1802 3991 mandatis
1832 3937 2083 4006 accepis-

494 4035 580 4082 set
619 4037 682 4081 ut
721 4026 776 4080 in
805 4025 1024 4081 vincula
1057 4042 1182 4082 eum
1213 4027 1611 4097 compingeret.
1649 4029 1918 4084 Praatextu
1953 4045 2084 4085 vero

496 4117 738 4174 abeundi
773 4133 837 4174 ac
871 4119 1105 4175 cenandi
1157 4120 1222 4174 ad
1268 4119 1324 4175 S.
1370 4120 1662 4186 Lazarum,
1709 4122 1765 4176 in
1815 4121 2087 4178 descensu

495 4209 884 4281 spharisterii,
918 4210 1183 4266 Joannem
1209 4209 1468 4266 Garidam
1494 4210 1689 4266 statuit
1712 4228 1837 4267 cum
1861 4213 2088 4284 reliquis

497 4303 749 4360 cohortis
817 4304 1214 4360 fmderatorum
1274 4304 1327 4358 in
1400 4305 1696 4371 cubiculo;
1754 4307 2086 4378 interimque

2189 3120 2245 3173 δὲ
2269 3117 2447 3172 αὐτῶν
2476 3114 2832 3178 κατελθόντες
2890 3113 3262 3184 Χριστοφόρος
3308 3111 3404 3166 καὶ
3453 3109 3785 3180 Καλοσεῦρος

2188 3209 2275 3264 διὰ
2309 3208 2524 3280 γραφῆς
2551 3204 2864 3274 ἀνέγνωσαν
2885 3203 3064 3257 πάντα
3101 3202 3178 3273 τῷ
3224 3201 3454 3273 βασιλεῖ.
3494 3199 3612 3254 Καὶ
3639 3215 3787 3269 παρ-

2189 3302 2318 3356 ευθὺ
2350 3301 2448 3371 μὲν
2479 3299 2762 3354 Βασίλειον
2793 3295 3310 3368 προσκαλεσάμενος
3343 3293 3546 3347 δέδωκε
3589 3293 3788 3361 μιλιαο

2192 3379 2627 3465 ρήσιαχιλιάδας
2660 3389 3108 3459 εἰκοσιτέσσαρας
3142 3387 3217 3448 ὡς
3245 3385 3405 3456 δῆθεν
3434 3385 3655 3454 ψυχικὰ
3691 3389 3788 3454 τῆς

2189 3485 2355 3540 αὑτοῦ
2387 3485 2536 3548 Θείας
2564 3483 2738 3553 Ζωῆς,
2795 3483 2870 3545 ὡς
2895 3481 3180 3552 ὁρισθέντα
3204 3478 3334 3548 παρ’
3375 3476 3548 3546 αὐτῆς
3573 3475 3785 3540 οὕτως,

2189 3573 2297 3634 καῖ
2324 3575 2644 3633 ἀπέστειλεν
2674 3576 2733 3628 ἐν
2763 3572 3093 3643 Μακεδονίᾳ.
3114 3572 3224 3626 Kal.
3256 3571 3349 3624 τὸν
3373 3569 3472 3640 μὶν
3491 3568 3788 3623 Βασίλειον

2187 3669 2362 3730 οὕτως
2389 3667 2487 3736 τῆς
2511 3667 2715 3730 πόλεως
2736 3665 2998 3737 ἐξήγαγε,
3031 3665 3156 3728 τοὺς
3183 3663 3240 3718 δὲ
3273 3663 3495 3727 λοιποὺς
3527 3661 3666 3725 τοὺς
3691 3663 3786 3730 τῆς

2187 3761 2359 3830 αὐτῆς
2388 3758 2581 3830 βουλῆς
2603 3758 3008 3830 μετεσχηκότας
3028 3758 3121 3812 καὶ
3141 3756 3604 3827 κοινωνήσαντας,
3640 3756 3787 3822 Πάρ-

2187 3852 2273 3905 δον
2312 3851 2410 3921 μὲν
2433 3849 2790 3920 δρουγγάριον
2818 3848 2917 3918 τῆς
2942 3847 3134 3918 βίγλης
3165 3845 3489 3901 ἀποστέλλει
3524 3845 3676 3914 πρὸς
3699 3847 3788 3897 τὸν

2189 3941 2506 4012 Στυπιώτην
2530 3940 2686 4011 δῆθεν
2712 3941 2940 4008 ἀγαγεῖν
2967 3938 3145 4003 αὐτόν,
3168 3936 3615 4009 προμηνυθέντος
3632 3935 3786 3990 ὲκεί-

2189 4053 2281 4090 νου
2324 4036 2411 4089 διὲι
2462 4032 2742 4106 βασιλικοῦ
2781 4033 3068 4088 πιττακίου
3105 4031 3289 4085 τοῦτον
3317 4030 3616 4100 δεσμῆσαι.
3641 4032 3786 4100 [lpo-

2189 4129 2558 4200 φασισάμενος
2586 4129 2643 4182 δὲ
2673 4129 2702 4180 ό
2752 4127 3008 4198 βασιλεὺς
3045 4125 3302 4179 ἀπελθεῖν
3350 4126 3446 4178 καὶ
3478 4125 3788 4194 δειπνῆσαι

2188 4224 2267 4287 είς
2296 4225 2387 4277 τὸν
2419 4223 2572 4291 ἆγιον
2595 4221 2866 4291 Λάζαρον,
2891 4221 2971 4284 είς
3002 4221 3062 4274 τὸ
3086 4218 3421 4273 καταϐάσιον
3442 4218 3542 4270 τοῦ
3568 4219 3786 4282 τζυκαο

2189 4313 2488 4383 νιστηρίου,
2526 4311 2754 4382 ἔστησεν
2795 4310 3054 4380 Ἰωάννην
3077 4309 3115 4362 Γ
3119 4308 3309 4380 αριδᾶν
3346 4307 3486 4379 μετὰ
3523 4308 3622 4360 καὶ
3677 4307 3788 4359 τῶν

497 4396 870 4453 descendente
904 4396 1257 4467 imperatore,
1291 4405 1563 4461 tenentes,
1609 4397 1705 4468 qui
1741 4405 1901 4453 erant
1957 4414 2083 4455 eum

2189 4406 2392 4461 λοιπῶν
2417 4405 2518 4474 τῆς
2546 4404 2822 4474 ἑταιρείας
2869 4403 2927 4456 έν
2958 4403 3038 4473 τῷ
3074 4401 3443 4470 κουῦουκλίῳυ
3479 4401 3580 4453 καὶ
3616 4401 3684 4452 ὲν
3711 4399 3787 4467 τῷ

495 4486 709 4543 Joanne
749 4483 1032 4542 Nicolaum
1084 4485 1477 4542 lmderatorum
1521 4489 1769 4545 cohortis
1823 4490 2082 4546 comitem

2188 4497 2552 4570 κατέρχεσθαι
2573 4497 2667 4550 τὸν
2690 4496 2918 4567 βασιλέα
2949 4496 3326 4565 κρατήσαντες
3349 4494 3401 4546 el.
3430 4493 3572 4561 μετὰ
3596 4492 3786 4546 Ἰωάν-

500 4578 636 4634 urbe
661 4579 967 4649 eiecerunt.
997 4578 1252 4635 Adducto
1275 4594 1409 4635 vero
1442 4595 1473 4635 e
1499 4580 1819 4638 Macedonia
1851 4581 2081 4650 Basilio,

498 4673 731 4742 ejusque
765 4671 1075 4742 disceptata
1096 4686 1284 4735 causa,
1312 4672 1492 4743 ipsum
1525 4673 1851 4731 verberibus
1879 4675 2084 4741 aﬂ‘ecit,

500 4763 739 4834 pilisque
807 4763 928 4834 ejus
995 4763 1120 4835 igne
1195 4763 1498 4829 succensis,
1553 4780 1619 4820 ac
1685 4781 1783 4836 per
1849 4767 2084 4822 mediam

501 4870 698 4926 pompa
725 4854 918 4911 infami
954 4857 1249 4913 traducens
1287 4857 1588 4923 civitatem,
1624 4859 1867 4916 Athenas
1891 4861 2086 4918 exsilio

503 4946 808 5020 relegavit;
863 4947 959 5003 ubi
1023 4958 1080 5004 et
1142 4949 1286 5004 male
1334 4949 1502 5006 vitam
1563 4949 1759 5007 ﬁnivit.
1819 4951 2085 5010 Similiter

501 5041 666 5098 etiam
741 5041 1028 5096 Nicolaum
1103 5042 1514 5100 hetzeriarcham
1568 5052 1624 5099 et
1674 5045 1976 5117 Stylianum
2031 5057 2088 5105 et

501 5134 768 5189 Joannem
831 5148 1164 5204 omnemque
1221 5134 1438 5191 lautae
1484 5135 1774 5199 familiam.
1810 5139 1946 5195 alios
1991 5140 2087 5196 de-

505 5225 708 5290 tondit,
767 5226 906 5280 alios
947 5225 1143 5281 exsilio
1176 5225 1457 5297 relegavit,
1505 5243 1696 5284 eorum
1757 5232 2084 5287 substantiis

483 5317 761 5378 omnibus
799 5318 1113 5388 publicatis.
1150 5319 1327 5390 Atque
1361 5318 1433 5374 ita
1466 5334 1564 5390 per
1593 5319 1882 5378 Samonam
1923 5323 2083 5379 laut-

507 5423 578 5461 ιο
618 5410 801 5466 omnis
826 5412 1080 5482 cognatio
1115 5409 1294 5466 deleta
1341 5420 1441 5468 est.
1469 5410 1695 5467 Cunctis
1729 5431 1862 5470 vero
1910 5417 2080 5486 magi-

505 5498 630 5554 stris
658 5518 720 5560 ac
767 5501 1116 5560 senatoribus
1143 5503 1438 5574 imperator
1472 5504 1698 5568 vocatis,
1731 5506 1861 5578 legit
1896 5523 2078 5564 coram

2183 4612 2273 4650 νου
2323 4593 2587 4648 Νικόλαον
2639 4591 3020 4662 ἑταιρειάρχην
3058 4589 3328 4660 ἐξήγαγον
3387 4591 3493 4658 τῆς
3545 4586 3782 4648 πόλεως.

2195 4683 2444 4754 Ἀγαγὼν
2482 4683 2541 4736 δὲ
2571 4685 2636 4738 ὲκ
2662 4681 2994 4745 Μακεδονίας
3017 4680 3299 4735 Βασίλειον
3347 4678 3445 4732 καὶ
3471 4677 3783 4746 ἀνακρίνας

2185 4778 2280 4832 καὶ
2303 4777 2496 4847 τύψας,
2523 4776 2618 4830 καὶ
2647 4769 2744 4840 τὰς
2774 4774 2969 4846 τρίχας
3001 4773 3170 4829 αὑτοῦ
3199 4769 3698 4840 καταφλέξας,καὶ
3726 4771 3783 4821 έν

2189 4873 2258 4942 τῇ
2318 4869 2457 4942 μέσῃ
2513 4865 2904 4940 θριαμϐεύσας,
2943 4865 3201 4937 ἐξώρισεν
3249 4869 3307 4918 ἐν
3364 4865 3656 4936 Ἀθήναις·
3686 4863 3783 4916 καὶ

2193 4961 2378 5023 κακῶς
2412 4959 2530 5013 ἐκεῖ
2555 4956 2798 5027 τελευτᾷ.
2841 4957 3113 5021 Ὡσαύτως
3167 4957 3263 5010 καὶ
3306 4955 3580 5011 Νικόλαον
3626 4956 3776 5008 ttat-

2194 5050 2453 5125 ριιάρχην
2482 5050 2576 5104 καὶ
2598 5047 2886 5101 Στυλιανὸν
2913 5049 3006 5102 καὶ
3043 5047 3294 5119 Ἰωάννην
3325 5048 3418 5100 καὶ
3449 5047 3778 5115 συγγένειαν

2192 5144 2372 5197 πᾶσαν
2396 5140 2641 5206 Ζαούτζα
2657 5140 2781 5205 τοὺς
2811 5139 2909 5209 μὲν
2954 5140 3240 5209 ἀπέκειρε,
3273 5141 3400 5202 τοὺς
3431 5139 3490 5192 δὲ
3520 5136 3773 5208 ἐξώρισε,

2189 5234 2463 5306 δημεύσας
2489 5233 2588 5296 τὰς
2616 5233 2804 5297 οὐσίας
2830 5231 3009 5287 αὐτῶν
3043 5232 3243 5292 πάσας.
3282 5233 3394 5286 Καὶ
3423 5231 3599 5294 οὕτως
3620 5233 3775 5282 πᾶσα

2191 5327 2222 5396 ἡ
2255 5325 2540 5393 συγγένεια
2563 5322 2810 5388 Ζαούτζα
2839 5321 3209 5392 ἑξωλοθρεύθη
3243 5322 3330 5376 διὰ
3347 5322 3603 5393 Σαμωνᾶ.
3622 5321 3775 5374 Πάν·

2191 5435 2287 5480 τας
2320 5417 2525 5480 δὲτοὺς
2571 5416 2903 5488 μαγίστρους
2946 5417 3042 5470 καὶ
3069 5417 3198 5480 τοὺς
3227 5416 3286 5470 ὲν
3331 5416 3481 5469 τέλει
3520 5429 3761 5485 «pom

2192 5508 2486 5577 λεσάμενος
2515 5509 2542 5560 ό
2573 5507 2658 5580 [Ρ.
2702 5506 2827 5581 556]
2859 5507 3111 5578 βασιλεὺς
3159 5506 3372 5576 ἀνέγνω
3431 5505 3769 5561 κατενώπιον

1796 5597 2025 5654 νιιΒιίΕ
2077 5600 2476 5656 ιΡξίῖΤῚΟΝΕΒ.

613 5681 651 5711 ιθ
673 5677 800 5739 ᾧσιη
826 5685 843 5735 ῖ
