  <div class='ocr_page' id='page_1' title='image "/cluster/home/n/w/nwhite01/storage/ocr_20150623/109/hvd.32044073502312/484.png"; bbox 0 0 3996 6208; ppageno 0'>
   <div class='ocr_carea' id='block_1_1' title="bbox 307 234 400 301">
    <p class='ocr_par' dir='ltr' id='par_1_1' title="bbox 307 234 400 301">
     <span class='ocr_line' id='line_1_1' title="bbox 307 234 400 301; baseline -0.032 0"><span class='ocrx_word' id='word_1_1' title='bbox 307 234 400 301; x_wconf 63' lang='grc' dir='ltr'>ρει</span> 
     </span>
    </p>
   </div>
   <div class='ocr_carea' id='block_1_2' title="bbox 1389 243 2424 310">
    <p class='ocr_par' dir='ltr' id='par_1_2' title="bbox 1389 243 2424 310">
     <span class='ocr_line' id='line_1_2' title="bbox 1389 243 2424 310; baseline 0.008 -8"><span class='ocrx_word' id='word_1_2' title='bbox 1389 243 1584 303; x_wconf 70' lang='grc' dir='ltr'><strong>ΠΤιῖιῖ</strong></span> <span class='ocrx_word' id='word_1_3' title='bbox 1624 243 2178 308; x_wconf 76' lang='lat' dir='ltr'><strong>RECENTIORUM</strong></span> <span class='ocrx_word' id='word_1_4' title='bbox 2222 249 2424 310; x_wconf 78' lang='lat' dir='ltr'><strong>IMPP.</strong></span> 
     </span>
    </p>
   </div>
   <div class='ocr_carea' id='block_1_3' title="bbox 3455 247 3562 314">
    <p class='ocr_par' dir='ltr' id='par_1_3' title="bbox 3455 247 3562 314">
     <span class='ocr_line' id='line_1_3' title="bbox 3455 247 3562 314; baseline -0.056 0"><span class='ocrx_word' id='word_1_5' title='bbox 3455 247 3562 314; x_wconf 72' lang='lat'><strong>922</strong></span> 
     </span>
    </p>
   </div>
   <div class='ocr_carea' id='block_1_4' title="bbox 308 342 1877 427">
    <p class='ocr_par' dir='ltr' id='par_1_4' title="bbox 308 342 1876 423">
     <span class='ocr_line' id='line_1_4' title="bbox 308 342 1876 423; baseline 0.005 -25"><span class='ocrx_word' id='word_1_6' title='bbox 308 345 474 398; x_wconf 69' lang='grc' dir='ltr'>αὐτῶν</span> <span class='ocrx_word' id='word_1_7' title='bbox 500 342 568 396; x_wconf 61' lang='grc' dir='ltr'><strong>τὰ</strong></span> <span class='ocrx_word' id='word_1_8' title='bbox 603 344 910 416; x_wconf 71' lang='grc' dir='ltr'>μηνυθέντα</span> <span class='ocrx_word' id='word_1_9' title='bbox 946 346 1093 418; x_wconf 65' lang='grc' dir='ltr'>παρὰ</span> <span class='ocrx_word' id='word_1_10' title='bbox 1139 350 1401 419; x_wconf 69' lang='grc' dir='ltr'>Σαμωνᾶ·</span> <span class='ocrx_word' id='word_1_11' title='bbox 1461 352 1558 403; x_wconf 74' lang='grc' dir='ltr'>καὶ</span> <span class='ocrx_word' id='word_1_12' title='bbox 1588 353 1876 423; x_wconf 78' lang='grc' dir='ltr'><strong>εἰρήκασιν</strong></span> 
     </span>
    </p>
   </div>
   <div class='ocr_carea' id='block_1_5' title="bbox 1991 342 3564 427">
    <p class='ocr_par' dir='ltr' id='par_1_5' title="bbox 1991 354 3564 427">
     <span class='ocr_line' id='line_1_5' title="bbox 1991 354 3564 427; baseline 0.003 -19"><span class='ocrx_word' id='word_1_13' title='bbox 1991 354 2091 408; x_wconf 90' lang='lat' dir='ltr'><strong>illis</strong></span> <span class='ocrx_word' id='word_1_14' title='bbox 2133 371 2256 426; x_wconf 64' lang='lat' dir='ltr'><strong>quae</strong></span> <span class='ocrx_word' id='word_1_15' title='bbox 2285 371 2314 411; x_wconf 95' lang='lat' dir='ltr'><strong>a</strong></span> <span class='ocrx_word' id='word_1_16' title='bbox 2347 354 2579 412; x_wconf 83' lang='lat' dir='ltr'><strong>Samona</strong></span> <span class='ocrx_word' id='word_1_17' title='bbox 2609 355 2827 412; x_wconf 77' lang='lat' dir='ltr'><strong>fuerant</strong></span> <span class='ocrx_word' id='word_1_18' title='bbox 2883 356 3158 419; x_wconf 85' lang='lat' dir='ltr'><strong>nuntiata,</strong></span> <span class='ocrx_word' id='word_1_19' title='bbox 3197 356 3564 427; x_wconf 76' lang='lat' dir='ltr'><strong>dixeruntque</strong></span> 
     </span>
    </p>
   </div>
   <div class='ocr_carea' id='block_1_6' title="bbox 307 429 1870 514">
    <p class='ocr_par' dir='ltr' id='par_1_6' title="bbox 307 429 1870 514">
     <span class='ocr_line' id='line_1_6' title="bbox 307 429 1870 514; baseline 0.003 -23"><span class='ocrx_word' id='word_1_20' title='bbox 307 437 446 503; x_wconf 69' lang='grc' dir='ltr'>ἄξιον</span> <span class='ocrx_word' id='word_1_21' title='bbox 481 429 620 489; x_wconf 77' lang='grc' dir='ltr'>εἶναι</span> <span class='ocrx_word' id='word_1_22' title='bbox 651 435 813 507; x_wconf 80' lang='grc' dir='ltr'>τιμῆς</span> <span class='ocrx_word' id='word_1_23' title='bbox 848 439 1113 507; x_wconf 79' lang='grc' dir='ltr'>μεγάλης.</span> <span class='ocrx_word' id='word_1_24' title='bbox 1159 441 1214 494; x_wconf 85' lang='grc' dir='ltr'>Ὀ</span> <span class='ocrx_word' id='word_1_25' title='bbox 1238 440 1292 493; x_wconf 77' lang='grc' dir='ltr'>δὲ</span> <span class='ocrx_word' id='word_1_26' title='bbox 1320 442 1561 512; x_wconf 77' lang='grc' dir='ltr'>παρευθὺ</span> <span class='ocrx_word' id='word_1_27' title='bbox 1595 443 1781 498; x_wconf 74' lang='grc' dir='ltr'>τοῦτον</span> <span class='ocrx_word' id='word_1_28' title='bbox 1804 446 1870 514; x_wconf 77' lang='grc' dir='ltr'>τῇ</span> 
     </span>
    </p>
   </div>
   <div class='ocr_carea' id='block_1_7' title="bbox 302 529 1873 606">
    <p class='ocr_par' dir='ltr' id='par_1_7' title="bbox 302 529 1873 606">
     <span class='ocr_line' id='line_1_7' title="bbox 302 529 1873 606; baseline 0.001 -20"><span class='ocrx_word' id='word_1_29' title='bbox 302 530 391 586; x_wconf 69' lang='grc' dir='ltr'>τοῦ</span> <span class='ocrx_word' id='word_1_30' title='bbox 447 529 938 600; x_wconf 81' lang='grc' dir='ltr'>πρωτοσπαθαρίου</span> <span class='ocrx_word' id='word_1_31' title='bbox 991 529 1120 602; x_wconf 64' lang='grc' dir='ltr'>ἀξίᾳ</span> <span class='ocrx_word' id='word_1_32' title='bbox 1144 531 1464 603; x_wconf 75' lang='grc' dir='ltr'><strong>τετίμηκεν,</strong></span> <span class='ocrx_word' id='word_1_33' title='bbox 1517 534 1612 587; x_wconf 72' lang='grc' dir='ltr'>καὶ</span> <span class='ocrx_word' id='word_1_34' title='bbox 1657 551 1873 606; x_wconf 83' lang='grc' dir='ltr'>προσῳ-</span> 
     </span>
    </p>
   </div>
   <div class='ocr_carea' id='block_1_8' title="bbox 303 619 802 677">
    <p class='ocr_par' dir='ltr' id='par_1_8' title="bbox 303 619 802 677">
     <span class='ocr_line' id='line_1_8' title="bbox 303 619 802 677; baseline -0.006 0"><span class='ocrx_word' id='word_1_35' title='bbox 303 622 561 677; x_wconf 76' lang='grc' dir='ltr'>κειώσατο</span> <span class='ocrx_word' id='word_1_36' title='bbox 585 619 802 674; x_wconf 78' lang='grc' dir='ltr'>ἑαυτοῦ.</span> 
     </span>
    </p>
   </div>
   <div class='ocr_carea' id='block_1_9' title="bbox 367 713 1874 792">
    <p class='ocr_par' dir='ltr' id='par_1_9' title="bbox 367 713 1874 792">
     <span class='ocr_line' id='line_1_9' title="bbox 367 713 1874 792; baseline 0.011 -24"><span class='ocrx_word' id='word_1_37' title='bbox 367 713 584 785; x_wconf 84' lang='grc' dir='ltr'>κα’-κβ¹.</span> <span class='ocrx_word' id='word_1_38' title='bbox 623 715 971 786; x_wconf 77' lang='grc' dir='ltr'><strong>Ἐτελεύτησε</strong></span> <span class='ocrx_word' id='word_1_39' title='bbox 1025 717 1080 771; x_wconf 78' lang='grc' dir='ltr'>δὲ</span> <span class='ocrx_word' id='word_1_40' title='bbox 1137 717 1418 782; x_wconf 82' lang='grc' dir='ltr'>Ἀντώνιος</span> <span class='ocrx_word' id='word_1_41' title='bbox 1442 721 1471 772; x_wconf 83' lang='grc' dir='ltr'>ὀ</span> <span class='ocrx_word' id='word_1_42' title='bbox 1503 721 1874 792; x_wconf 67' lang='grc' dir='ltr'>πατριάρχης,</span> 
     </span>
    </p>
   </div>
   <div class='ocr_carea' id='block_1_10' title="bbox 303 807 1875 884">
    <p class='ocr_par' dir='ltr' id='par_1_10' title="bbox 303 807 1875 884">
     <span class='ocr_line' id='line_1_10' title="bbox 303 807 1875 884; baseline 0.002 -21"><span class='ocrx_word' id='word_1_43' title='bbox 303 809 388 863; x_wconf 72' lang='grc' dir='ltr'>καὶ</span> <span class='ocrx_word' id='word_1_44' title='bbox 418 809 534 861; x_wconf 81' lang='grc' dir='ltr'><strong>ἀντ’</strong></span> <span class='ocrx_word' id='word_1_45' title='bbox 565 807 732 861; x_wconf 77' lang='grc' dir='ltr'>αὑτοῦ</span> <span class='ocrx_word' id='word_1_46' title='bbox 774 811 1164 878; x_wconf 84' lang='grc' dir='ltr'>χειροτονεῖται</span> <span class='ocrx_word' id='word_1_47' title='bbox 1208 811 1474 874; x_wconf 83' lang='grc' dir='ltr'>Νικόλαος</span> <span class='ocrx_word' id='word_1_48' title='bbox 1517 814 1774 884; x_wconf 79' lang='grc' dir='ltr'><strong>μυστικὸς</strong></span> <span class='ocrx_word' id='word_1_49' title='bbox 1799 812 1875 866; x_wconf 86' lang='grc' dir='ltr'><strong>ῶν</strong></span> 
     </span>
    </p>
   </div>
   <div class='ocr_carea' id='block_1_11' title="bbox 300 898 1877 977">
    <p class='ocr_par' dir='ltr' id='par_1_11' title="bbox 300 898 1877 977">
     <span class='ocr_line' id='line_1_11' title="bbox 300 898 1877 977; baseline 0.003 -23"><span class='ocrx_word' id='word_1_50' title='bbox 300 901 389 955; x_wconf 80' lang='grc' dir='ltr'><strong>τοῦ</strong></span> <span class='ocrx_word' id='word_1_51' title='bbox 432 898 719 971; x_wconf 82' lang='grc' dir='ltr'>βασιλέως.</span> <span class='ocrx_word' id='word_1_52' title='bbox 777 901 1110 974; x_wconf 74' lang='grc' dir='ltr'>Παρελήιρθη</span> <span class='ocrx_word' id='word_1_53' title='bbox 1143 902 1199 956; x_wconf 81' lang='grc' dir='ltr'>δὲ</span> <span class='ocrx_word' id='word_1_54' title='bbox 1225 905 1320 957; x_wconf 75' lang='grc' dir='ltr'><strong>καὶ</strong></span> <span class='ocrx_word' id='word_1_55' title='bbox 1351 904 1413 957; x_wconf 80' lang='grc' dir='ltr'>τὸ</span> <span class='ocrx_word' id='word_1_56' title='bbox 1443 905 1676 976; x_wconf 81' lang='grc' dir='ltr'>κάστρον</span> <span class='ocrx_word' id='word_1_57' title='bbox 1704 907 1737 976; x_wconf 81' lang='grc' dir='ltr'>ὴ</span> <span class='ocrx_word' id='word_1_58' title='bbox 1767 908 1877 977; x_wconf 83' lang='grc' dir='ltr'><strong>Δη-</strong></span> 
     </span>
    </p>
   </div>
   <div class='ocr_carea' id='block_1_12' title="bbox 305 991 1876 1069">
    <p class='ocr_par' dir='ltr' id='par_1_12' title="bbox 305 991 1876 1069">
     <span class='ocr_line' id='line_1_12' title="bbox 305 991 1876 1069; baseline 0.004 -24"><span class='ocrx_word' id='word_1_59' title='bbox 305 992 536 1066; x_wconf 77' lang='grc' dir='ltr'>μητριάς</span> <span class='ocrx_word' id='word_1_60' title='bbox 565 992 624 1045; x_wconf 80' lang='grc' dir='ltr'>ὲν</span> <span class='ocrx_word' id='word_1_61' title='bbox 658 992 735 1063; x_wconf 84' lang='grc' dir='ltr'>τῷ</span> <span class='ocrx_word' id='word_1_62' title='bbox 766 991 960 1064; x_wconf 81' lang='grc' dir='ltr'>θέματι</span> <span class='ocrx_word' id='word_1_63' title='bbox 1014 995 1112 1066; x_wconf 78' lang='grc' dir='ltr'>τῆς</span> <span class='ocrx_word' id='word_1_64' title='bbox 1163 994 1414 1060; x_wconf 80' lang='grc' dir='ltr'><strong>Ἑλλάδος</strong></span> <span class='ocrx_word' id='word_1_65' title='bbox 1463 996 1568 1052; x_wconf 59' lang='lat' dir='ltr'><strong>{mh</strong></span> <span class='ocrx_word' id='word_1_66' title='bbox 1598 996 1876 1069; x_wconf 77' lang='grc' dir='ltr'>Δαμιανοΰ</span> 
     </span>
    </p>
   </div>
   <div class='ocr_carea' id='block_1_13' title="bbox 299 1085 757 1158">
    <p class='ocr_par' dir='ltr' id='par_1_13' title="bbox 299 1085 757 1158">
     <span class='ocr_line' id='line_1_13' title="bbox 299 1085 757 1158; baseline 0.004 -19"><span class='ocrx_word' id='word_1_67' title='bbox 299 1086 389 1139; x_wconf 78' lang='grc' dir='ltr'>τοῦ</span> <span class='ocrx_word' id='word_1_68' title='bbox 426 1087 488 1139; x_wconf 80' lang='grc' dir='ltr'><strong>Ἀ</strong></span> <span class='ocrx_word' id='word_1_69' title='bbox 501 1085 757 1158; x_wconf 82' lang='grc' dir='ltr'>γαρηνοῦ.</span> 
     </span>
    </p>
   </div>
   <div class='ocr_carea' id='block_1_14' title="bbox 367 1179 1881 1252">
    <p class='ocr_par' dir='ltr' id='par_1_14' title="bbox 367 1179 1881 1252">
     <span class='ocr_line' id='line_1_14' title="bbox 367 1179 1881 1252; baseline 0.001 -20"><span class='ocrx_word' id='word_1_70' title='bbox 367 1185 475 1248; x_wconf 84' lang='grc' dir='ltr'>κγ’.</span> <span class='ocrx_word' id='word_1_71' title='bbox 528 1180 680 1233; x_wconf 77' lang='grc' dir='ltr'>Λέων</span> <span class='ocrx_word' id='word_1_72' title='bbox 706 1180 762 1234; x_wconf 75' lang='grc' dir='ltr'>δὲ</span> <span class='ocrx_word' id='word_1_73' title='bbox 792 1182 820 1234; x_wconf 89' lang='grc' dir='ltr'><strong>ό</strong></span> <span class='ocrx_word' id='word_1_74' title='bbox 866 1179 1118 1251; x_wconf 77' lang='grc' dir='ltr'>βασιλεὺς</span> <span class='ocrx_word' id='word_1_75' title='bbox 1148 1183 1334 1250; x_wconf 79' lang='grc' dir='ltr'><strong>στέφει</strong></span> <span class='ocrx_word' id='word_1_76' title='bbox 1367 1183 1569 1236; x_wconf 71' lang='grc' dir='ltr'>’Ἅνναν</span> <span class='ocrx_word' id='word_1_77' title='bbox 1603 1182 1881 1252; x_wconf 77' lang='grc' dir='ltr'><strong>θυγατέρα</strong></span> 
     </span>
    </p>
   </div>
   <div class='ocr_carea' id='block_1_15' title="bbox 297 1270 1880 1346">
    <p class='ocr_par' dir='ltr' id='par_1_15' title="bbox 297 1270 1880 1346">
     <span class='ocr_line' id='line_1_15' title="bbox 297 1270 1880 1346; baseline 0.002 -21"><span class='ocrx_word' id='word_1_78' title='bbox 297 1270 448 1340; x_wconf 80' lang='grc' dir='ltr'><strong>Ζωῆς</strong></span> <span class='ocrx_word' id='word_1_79' title='bbox 504 1273 631 1341; x_wconf 74' lang='grc' dir='ltr'>τῆς.</span> <span class='ocrx_word' id='word_1_80' title='bbox 663 1272 773 1325; x_wconf 83' lang='grc' dir='ltr'><strong>ἀπὸ</strong></span> <span class='ocrx_word' id='word_1_81' title='bbox 810 1272 905 1326; x_wconf 81' lang='grc' dir='ltr'>τοῦ</span> <span class='ocrx_word' id='word_1_82' title='bbox 933 1271 1202 1338; x_wconf 74' lang='grc' dir='ltr'>Ζαούτζα,</span> <span class='ocrx_word' id='word_1_83' title='bbox 1242 1273 1332 1327; x_wconf 78' lang='grc' dir='ltr'><strong>διὰ</strong></span> <span class='ocrx_word' id='word_1_84' title='bbox 1377 1275 1437 1327; x_wconf 79' lang='grc' dir='ltr'>τὸ</span> <span class='ocrx_word' id='word_1_85' title='bbox 1482 1275 1558 1346; x_wconf 79' lang='grc' dir='ltr'><strong>μὴ</strong></span> <span class='ocrx_word' id='word_1_86' title='bbox 1619 1274 1880 1330; x_wconf 87' lang='grc' dir='ltr'>δύνασθαι</span> 
     </span>
    </p>
   </div>
   <div class='ocr_carea' id='block_1_16' title="bbox 296 1360 1843 1438">
    <p class='ocr_par' dir='ltr' id='par_1_16' title="bbox 296 1360 1843 1438">
     <span class='ocr_line' id='line_1_16' title="bbox 296 1360 1843 1438; baseline 0.006 -24"><span class='ocrx_word' id='word_1_87' title='bbox 296 1360 468 1416; x_wconf 66' lang='grc' dir='ltr'><strong>⁶ποιεῖν</strong></span> <span class='ocrx_word' id='word_1_88' title='bbox 497 1362 566 1416; x_wconf 72' lang='grc' dir='ltr'><strong>τὰ</strong></span> <span class='ocrx_word' id='word_1_89' title='bbox 597 1364 660 1416; x_wconf 76' lang='grc' dir='ltr'>ὲκ</span> <span class='ocrx_word' id='word_1_90' title='bbox 685 1363 857 1417; x_wconf 82' lang='grc' dir='ltr'><strong>τύπου</strong></span> <span class='ocrx_word' id='word_1_91' title='bbox 889 1364 1149 1436; x_wconf 85' lang='grc' dir='ltr'>κλητόρια</span> <span class='ocrx_word' id='word_1_92' title='bbox 1192 1366 1265 1436; x_wconf 80' lang='grc' dir='ltr'><strong>μὴ</strong></span> <span class='ocrx_word' id='word_1_93' title='bbox 1293 1365 1462 1435; x_wconf 73' lang='grc' dir='ltr'>οὔσης</span> <span class='ocrx_word' id='word_1_94' title='bbox 1506 1366 1843 1438; x_wconf 80' lang='grc' dir='ltr'>Αὑγούστης.</span> 
     </span>
    </p>
   </div>
   <div class='ocr_carea' id='block_1_17' title="bbox 365 1451 1883 1530">
    <p class='ocr_par' dir='ltr' id='par_1_17' title="bbox 365 1451 1883 1530">
     <span class='ocr_line' id='line_1_17' title="bbox 365 1451 1883 1530; baseline 0.004 -23"><span class='ocrx_word' id='word_1_95' title='bbox 365 1451 442 1508; x_wconf 88' lang='grc' dir='ltr'>κδ’</span> <span class='ocrx_word' id='word_1_96' title='bbox 450 1495 466 1510; x_wconf 94' lang='grc'>.</span> <span class='ocrx_word' id='word_1_97' title='bbox 512 1455 781 1524; x_wconf 81' lang='grc' dir='ltr'>Ἠγάγετο</span> <span class='ocrx_word' id='word_1_98' title='bbox 807 1456 861 1509; x_wconf 75' lang='grc' dir='ltr'>δὲ</span> <span class='ocrx_word' id='word_1_99' title='bbox 891 1459 918 1511; x_wconf 86' lang='grc' dir='ltr'>ὁ</span> <span class='ocrx_word' id='word_1_100' title='bbox 942 1457 1199 1529; x_wconf 76' lang='grc' dir='ltr'>βασιλεὺς</span> <span class='ocrx_word' id='word_1_101' title='bbox 1227 1457 1398 1530; x_wconf 89' lang='grc' dir='ltr'>κόρην</span> <span class='ocrx_word' id='word_1_102' title='bbox 1424 1459 1490 1511; x_wconf 64' lang='grc' dir='ltr'>ἐκ</span> <span class='ocrx_word' id='word_1_103' title='bbox 1517 1457 1611 1511; x_wconf 79' lang='grc' dir='ltr'>τοῦ</span> <span class='ocrx_word' id='word_1_104' title='bbox 1645 1458 1883 1529; x_wconf 78' lang='grc' dir='ltr'>θὲματος</span> 
     </span>
    </p>
   </div>
   <div class='ocr_carea' id='block_1_18' title="bbox 305 1546 1882 1619">
    <p class='ocr_par' dir='ltr' id='par_1_18' title="bbox 305 1546 1882 1619">
     <span class='ocr_line' id='line_1_18' title="bbox 305 1546 1882 1619; baseline 0.003 -20"><span class='ocrx_word' id='word_1_105' title='bbox 305 1546 575 1617; x_wconf 79' lang='grc' dir='ltr'>Ὀψικίου,</span> <span class='ocrx_word' id='word_1_106' title='bbox 597 1546 940 1617; x_wconf 73' lang='grc' dir='ltr'>ὡραιοτάτην</span> <span class='ocrx_word' id='word_1_107' title='bbox 984 1549 1149 1614; x_wconf 85' lang='grc' dir='ltr'>πάνυ,</span> <span class='ocrx_word' id='word_1_108' title='bbox 1178 1549 1404 1619; x_wconf 81' lang='grc' dir='ltr'>ὀνόματι</span> <span class='ocrx_word' id='word_1_109' title='bbox 1447 1549 1731 1615; x_wconf 80' lang='grc' dir='ltr'>Εὑδοκίαν,</span> <span class='ocrx_word' id='word_1_110' title='bbox 1759 1551 1882 1604; x_wconf 81' lang='grc' dir='ltr'>στέ-</span> 
     </span>
    </p>
   </div>
   <div class='ocr_carea' id='block_1_19' title="bbox 294 1637 1880 1714">
    <p class='ocr_par' dir='ltr' id='par_1_19' title="bbox 294 1637 1880 1714">
     <span class='ocr_line' id='line_1_19' title="bbox 294 1637 1880 1714; baseline 0.003 -21"><span class='ocrx_word' id='word_1_111' title='bbox 294 1638 404 1708; x_wconf 66' lang='grc' dir='ltr'><strong>ψας</strong></span> <span class='ocrx_word' id='word_1_112' title='bbox 427 1641 526 1694; x_wconf 68' lang='grc' dir='ltr'>καὶ</span> <span class='ocrx_word' id='word_1_113' title='bbox 554 1637 931 1711; x_wconf 77' lang='grc' dir='ltr'><strong>ἀναγορεύσας</strong></span> <span class='ocrx_word' id='word_1_114' title='bbox 961 1641 1055 1694; x_wconf 69' lang='grc' dir='ltr'>καὶ</span> <span class='ocrx_word' id='word_1_115' title='bbox 1091 1642 1276 1712; x_wconf 82' lang='grc' dir='ltr'>γήμας</span> <span class='ocrx_word' id='word_1_116' title='bbox 1312 1642 1482 1712; x_wconf 75' lang='grc' dir='ltr'>αὑτήν</span> <span class='ocrx_word' id='word_1_117' title='bbox 1502 1659 1516 1673; x_wconf 88' lang='grc'><strong>·</strong></span> <span class='ocrx_word' id='word_1_118' title='bbox 1551 1639 1610 1707; x_wconf 79' lang='grc' dir='ltr'><strong>ἐξ</strong></span> <span class='ocrx_word' id='word_1_119' title='bbox 1651 1637 1719 1714; x_wconf 81' lang='grc' dir='ltr'><strong>ἧς</strong></span> <span class='ocrx_word' id='word_1_120' title='bbox 1749 1659 1880 1699; x_wconf 80' lang='grc' dir='ltr'>παι-</span> 
     </span>
    </p>
   </div>
   <div class='ocr_carea' id='block_1_20' title="bbox 288 1723 1881 1806">
    <p class='ocr_par' dir='ltr' id='par_1_20' title="bbox 288 1723 1881 1806">
     <span class='ocr_line' id='line_1_20' title="bbox 288 1723 1881 1806; baseline 0.004 -23"><span class='ocrx_word' id='word_1_121' title='bbox 288 1728 398 1783; x_wconf 78' lang='grc' dir='ltr'>δίον</span> <span class='ocrx_word' id='word_1_122' title='bbox 427 1729 663 1800; x_wconf 77' lang='grc' dir='ltr'>ποιήσας</span> <span class='ocrx_word' id='word_1_123' title='bbox 686 1731 910 1802; x_wconf 74' lang='grc' dir='ltr'>ἄρρενα,</span> <span class='ocrx_word' id='word_1_124' title='bbox 945 1731 1028 1800; x_wconf 79' lang='grc' dir='ltr'><strong>ἐφ’</strong></span> <span class='ocrx_word' id='word_1_125' title='bbox 1117 1731 1472 1804; x_wconf 73' lang='grc' dir='ltr'><strong>τετελεύτηκε</strong></span> <span class='ocrx_word' id='word_1_126' title='bbox 1495 1733 1591 1787; x_wconf 74' lang='grc' dir='ltr'>καὶ</span> <span class='ocrx_word' id='word_1_127' title='bbox 1624 1735 1761 1806; x_wconf 78' lang='grc' dir='ltr'><strong>αὐτὴ</strong></span> <span class='ocrx_word' id='word_1_128' title='bbox 1785 1736 1881 1789; x_wconf 61' lang='grc' dir='ltr'><strong>καλ⁸</strong></span> 
     </span>
    </p>
   </div>
   <div class='ocr_carea' id='block_1_21' title="bbox 290 1822 664 1890">
    <p class='ocr_par' dir='ltr' id='par_1_21' title="bbox 290 1822 664 1890">
     <span class='ocr_line' id='line_1_21' title="bbox 290 1822 664 1890; baseline 0.005 -16"><span class='ocrx_word' id='word_1_129' title='bbox 290 1823 352 1874; x_wconf 73' lang='grc' dir='ltr'>τὸ</span> <span class='ocrx_word' id='word_1_130' title='bbox 379 1822 664 1890; x_wconf 70' lang='grc' dir='ltr'>γεννηθέν.</span> 
     </span>
    </p>
   </div>
   <div class='ocr_carea' id='block_1_22' title="bbox 361 1915 1881 1989">
    <p class='ocr_par' dir='ltr' id='par_1_22' title="bbox 361 1915 1881 1989">
     <span class='ocr_line' id='line_1_22' title="bbox 361 1915 1881 1989; baseline 0.005 -20"><span class='ocrx_word' id='word_1_131' title='bbox 361 1921 464 1969; x_wconf 85' lang='grc' dir='ltr'>κε’.</span> <span class='ocrx_word' id='word_1_132' title='bbox 511 1915 852 1985; x_wconf 79' lang='grc' dir='ltr'>Ἑξωνὴσατο</span> <span class='ocrx_word' id='word_1_133' title='bbox 882 1916 938 1970; x_wconf 75' lang='grc' dir='ltr'>δὲ</span> <span class='ocrx_word' id='word_1_134' title='bbox 995 1917 1276 1989; x_wconf 75' lang='grc' dir='ltr'>οἰκήματα</span> <span class='ocrx_word' id='word_1_135' title='bbox 1337 1920 1366 1974; x_wconf 83' lang='grc' dir='ltr'><strong>ὁ</strong></span> <span class='ocrx_word' id='word_1_136' title='bbox 1427 1920 1683 1989; x_wconf 77' lang='grc' dir='ltr'>βασιλεὺς</span> <span class='ocrx_word' id='word_1_137' title='bbox 1728 1922 1881 1977; x_wconf 78' lang='grc' dir='ltr'>Δίων</span> 
     </span>
    </p>
   </div>
   <div class='ocr_carea' id='block_1_23' title="bbox 287 2006 1878 2079">
    <p class='ocr_par' dir='ltr' id='par_1_23' title="bbox 287 2006 1878 2079">
     <span class='ocr_line' id='line_1_23' title="bbox 287 2006 1878 2079; baseline 0.004 -19"><span class='ocrx_word' id='word_1_138' title='bbox 287 2007 525 2079; x_wconf 76' lang='grc' dir='ltr'>πλησίον</span> <span class='ocrx_word' id='word_1_139' title='bbox 549 2007 658 2061; x_wconf 84' lang='grc' dir='ltr'><strong>τῶν</strong></span> <span class='ocrx_word' id='word_1_140' title='bbox 691 2006 890 2078; x_wconf 76' lang='grc' dir='ltr'>’Δγίων</span> <span class='ocrx_word' id='word_1_141' title='bbox 913 2009 1276 2078; x_wconf 77' lang='grc' dir='ltr'>’Δποστόλων,</span> <span class='ocrx_word' id='word_1_142' title='bbox 1296 2013 1392 2068; x_wconf 74' lang='grc' dir='ltr'>καὶ</span> <span class='ocrx_word' id='word_1_143' title='bbox 1413 2014 1627 2070; x_wconf 66' lang='grc' dir='ltr'>ἔκτισεν</span> <span class='ocrx_word' id='word_1_144' title='bbox 1654 2017 1771 2069; x_wconf 68' lang='grc' dir='ltr'>ἐκεῖ</span> <span class='ocrx_word' id='word_1_145' title='bbox 1785 2017 1847 2068; x_wconf 75' lang='grc' dir='ltr'>ὲκ</span> <span class='ocrx_word' id='word_1_146' title='bbox 1864 2044 1878 2056; x_wconf 80' lang='grc' dir='ltr'><strong><em>ο</em></strong></span> 
     </span>
    </p>
   </div>
   <div class='ocr_carea' id='block_1_24' title="bbox 285 2097 1877 2178">
    <p class='ocr_par' dir='ltr' id='par_1_24' title="bbox 285 2097 1877 2178">
     <span class='ocr_line' id='line_1_24' title="bbox 285 2097 1877 2178; baseline 0.007 -28"><span class='ocrx_word' id='word_1_147' title='bbox 285 2097 528 2168; x_wconf 85' lang='grc' dir='ltr'>κλησίαν</span> <span class='ocrx_word' id='word_1_148' title='bbox 562 2101 837 2172; x_wconf 77' lang='grc' dir='ltr'>περιφανῆ</span> <span class='ocrx_word' id='word_1_149' title='bbox 868 2102 956 2156; x_wconf 74' lang='grc' dir='ltr'><strong>ἐπ’</strong></span> <span class='ocrx_word' id='word_1_150' title='bbox 991 2104 1216 2176; x_wconf 83' lang='grc' dir='ltr'>ὀνόματι</span> <span class='ocrx_word' id='word_1_151' title='bbox 1273 2106 1372 2178; x_wconf 83' lang='grc' dir='ltr'>τῆς</span> <span class='ocrx_word' id='word_1_152' title='bbox 1407 2106 1682 2178; x_wconf 77' lang='grc' dir='ltr'>προτέρας</span> <span class='ocrx_word' id='word_1_153' title='bbox 1711 2107 1877 2163; x_wconf 80' lang='grc' dir='ltr'>αὑτοῦ</span> 
     </span>
    </p>
   </div>
   <div class='ocr_carea' id='block_1_25' title="bbox 287 2191 1185 2267">
    <p class='ocr_par' dir='ltr' id='par_1_25' title="bbox 287 2191 1185 2267">
     <span class='ocr_line' id='line_1_25' title="bbox 287 2191 1185 2267; baseline 0.011 -25"><span class='ocrx_word' id='word_1_154' title='bbox 287 2191 558 2260; x_wconf 79' lang='grc' dir='ltr'>γυναικὸς</span> <span class='ocrx_word' id='word_1_155' title='bbox 581 2193 678 2262; x_wconf 84' lang='grc' dir='ltr'>τῆς</span> <span class='ocrx_word' id='word_1_156' title='bbox 708 2193 869 2262; x_wconf 83' lang='grc' dir='ltr'>ἁγίας</span> <span class='ocrx_word' id='word_1_157' title='bbox 903 2196 1185 2267; x_wconf 79' lang='grc' dir='ltr'>Θεοφανῶ.</span> 
     </span>
    </p>
   </div>
   <div class='ocr_carea' id='block_1_26' title="bbox 368 2282 1881 2364">
    <p class='ocr_par' dir='ltr' id='par_1_26' title="bbox 368 2282 1881 2364">
     <span class='ocr_line' id='line_1_26' title="bbox 368 2282 1881 2364; baseline 0.009 -28"><span class='ocrx_word' id='word_1_158' title='bbox 368 2282 487 2349; x_wconf 79' lang='grc' dir='ltr'>κς’.</span> <span class='ocrx_word' id='word_1_159' title='bbox 533 2283 804 2348; x_wconf 82' lang='grc' dir='ltr'>Ὡσαύτως</span> <span class='ocrx_word' id='word_1_160' title='bbox 840 2287 1052 2342; x_wconf 73' lang='grc' dir='ltr'>ἔκτισεν</span> <span class='ocrx_word' id='word_1_161' title='bbox 1085 2290 1388 2361; x_wconf 75' lang='grc' dir='ltr'>ἐκκλησίαν</span> <span class='ocrx_word' id='word_1_162' title='bbox 1420 2294 1502 2359; x_wconf 88' lang='grc' dir='ltr'><strong>είς</strong></span> <span class='ocrx_word' id='word_1_163' title='bbox 1546 2296 1674 2359; x_wconf 77' lang='grc' dir='ltr'>τοὺς</span> <span class='ocrx_word' id='word_1_164' title='bbox 1725 2295 1881 2364; x_wconf 83' lang='grc' dir='ltr'>λεγο-</span> 
     </span>
    </p>
   </div>
   <div class='ocr_carea' id='block_1_27' title="bbox 289 2375 1881 2454">
    <p class='ocr_par' dir='ltr' id='par_1_27' title="bbox 289 2375 1881 2454">
     <span class='ocr_line' id='line_1_27' title="bbox 289 2375 1881 2454; baseline 0.009 -26"><span class='ocrx_word' id='word_1_165' title='bbox 289 2375 499 2446; x_wconf 68' lang='grc' dir='ltr'>μένους</span> <span class='ocrx_word' id='word_1_166' title='bbox 529 2377 757 2442; x_wconf 80' lang='grc' dir='ltr'>Τόπους,</span> <span class='ocrx_word' id='word_1_167' title='bbox 807 2379 902 2433; x_wconf 75' lang='grc' dir='ltr'><strong>τὸν</strong></span> <span class='ocrx_word' id='word_1_168' title='bbox 936 2379 1091 2450; x_wconf 74' lang='grc' dir='ltr'>ἅγιον</span> <span class='ocrx_word' id='word_1_169' title='bbox 1135 2382 1411 2454; x_wconf 83' lang='grc' dir='ltr'>Λάζαρον,</span> <span class='ocrx_word' id='word_1_170' title='bbox 1462 2376 1881 2451; x_wconf 68' lang='grc' dir='ltr'>ίατασκευάσας</span> 
     </span>
    </p>
   </div>
   <div class='ocr_carea' id='block_1_28' title="bbox 282 2469 1878 2546">
    <p class='ocr_par' dir='ltr' id='par_1_28' title="bbox 282 2469 1878 2546">
     <span class='ocr_line' id='line_1_28' title="bbox 282 2469 1878 2546; baseline 0.007 -23"><span class='ocrx_word' id='word_1_171' title='bbox 282 2469 466 2540; x_wconf 82' lang='grc' dir='ltr'>αὐτὴν</span> <span class='ocrx_word' id='word_1_172' title='bbox 502 2469 670 2541; x_wconf 75' lang='grc' dir='ltr'>μονὴν</span> <span class='ocrx_word' id='word_1_173' title='bbox 705 2471 959 2544; x_wconf 80' lang='grc' dir='ltr'>ἀνδρείαν</span> <span class='ocrx_word' id='word_1_174' title='bbox 1001 2473 1298 2546; x_wconf 76' lang='grc' dir='ltr'>εὐνούχων.</span> <span class='ocrx_word' id='word_1_175' title='bbox 1332 2479 1501 2532; x_wconf 84' lang='grc' dir='ltr'>Ἔνθα</span> <span class='ocrx_word' id='word_1_176' title='bbox 1533 2481 1630 2533; x_wconf 76' lang='grc' dir='ltr'>καὶ</span> <span class='ocrx_word' id='word_1_177' title='bbox 1675 2483 1737 2534; x_wconf 73' lang='grc' dir='ltr'>τὸ</span> <span class='ocrx_word' id='word_1_178' title='bbox 1783 2479 1878 2533; x_wconf 73' lang='grc' dir='ltr'><strong>τοῦ</strong></span> 
     </span>
    </p>
   </div>
   <div class='ocr_carea' id='block_1_29' title="bbox 278 2561 1881 2642">
    <p class='ocr_par' dir='ltr' id='par_1_29' title="bbox 278 2561 1881 2642">
     <span class='ocr_line' id='line_1_29' title="bbox 278 2561 1881 2642; baseline 0.007 -27"><span class='ocrx_word' id='word_1_179' title='bbox 278 2561 448 2631; x_wconf 71' lang='grc' dir='ltr'>ἁγίου</span> <span class='ocrx_word' id='word_1_180' title='bbox 495 2561 751 2636; x_wconf 84' lang='grc' dir='ltr'>Λαζάρου</span> <span class='ocrx_word' id='word_1_181' title='bbox 800 2564 961 2634; x_wconf 82' lang='grc' dir='ltr'>σῶμα</span> <span class='ocrx_word' id='word_1_182' title='bbox 1004 2567 1069 2620; x_wconf 66' lang='grc' dir='ltr'>ὲκ</span> <span class='ocrx_word' id='word_1_183' title='bbox 1102 2567 1330 2637; x_wconf 81' lang='grc' dir='ltr'>Κύπρου</span> <span class='ocrx_word' id='word_1_184' title='bbox 1377 2571 1472 2622; x_wconf 72' lang='grc' dir='ltr'>καὶ</span> <span class='ocrx_word' id='word_1_185' title='bbox 1523 2571 1742 2640; x_wconf 83' lang='grc' dir='ltr'>Μαρίας</span> <span class='ocrx_word' id='word_1_186' title='bbox 1781 2573 1881 2642; x_wconf 77' lang='grc' dir='ltr'>τῆς</span> 
     </span>
    </p>
   </div>
   <div class='ocr_carea' id='block_1_30' title="bbox 277 2652 1876 2735">
    <p class='ocr_par' dir='ltr' id='par_1_30' title="bbox 277 2652 1876 2735">
     <span class='ocr_line' id='line_1_30' title="bbox 277 2652 1876 2735; baseline 0.006 -27"><span class='ocrx_word' id='word_1_187' title='bbox 277 2652 661 2724; x_wconf 82' lang='grc' dir='ltr'>Μαγδαληνῆς</span> <span class='ocrx_word' id='word_1_188' title='bbox 684 2654 1038 2723; x_wconf 79' lang='grc' dir='ltr'>ἀπὺῈφὲσου</span> <span class='ocrx_word' id='word_1_189' title='bbox 1072 2658 1416 2727; x_wconf 77' lang='grc' dir='ltr'>ἀνακομίσας</span> <span class='ocrx_word' id='word_1_190' title='bbox 1444 2661 1703 2726; x_wconf 73' lang='grc' dir='ltr'>ἀπέθετο,</span> <span class='ocrx_word' id='word_1_191' title='bbox 1721 2665 1876 2735; x_wconf 73' lang='grc' dir='ltr'>ποιήο</span> 
     </span>
    </p>
   </div>
   <div class='ocr_carea' id='block_1_31' title="bbox 280 2746 1884 2826">
    <p class='ocr_par' dir='ltr' id='par_1_31' title="bbox 280 2746 1884 2826">
     <span class='ocr_line' id='line_1_31' title="bbox 280 2746 1884 2826; baseline 0.007 -28"><span class='ocrx_word' id='word_1_192' title='bbox 280 2761 386 2809; x_wconf 86' lang='grc' dir='ltr'><strong>σας</strong></span> <span class='ocrx_word' id='word_1_193' title='bbox 457 2746 554 2800; x_wconf 79' lang='grc' dir='ltr'>καὶ</span> <span class='ocrx_word' id='word_1_194' title='bbox 584 2746 655 2800; x_wconf 80' lang='grc' dir='ltr'>τὰ</span> <span class='ocrx_word' id='word_1_195' title='bbox 709 2747 966 2814; x_wconf 75' lang='grc' dir='ltr'>ὲγκαίνια</span> <span class='ocrx_word' id='word_1_196' title='bbox 998 2748 1099 2818; x_wconf 83' lang='grc' dir='ltr'>τῆς</span> <span class='ocrx_word' id='word_1_197' title='bbox 1131 2749 1303 2820; x_wconf 78' lang='grc' dir='ltr'>αὐτῆς</span> <span class='ocrx_word' id='word_1_198' title='bbox 1333 2751 1656 2822; x_wconf 68' lang='grc' dir='ltr'>ἐκκλησίας.</span> <span class='ocrx_word' id='word_1_199' title='bbox 1697 2754 1884 2826; x_wconf 78' lang='grc' dir='ltr'>’Δσχο-</span> 
     </span>
    </p>
   </div>
   <div class='ocr_carea' id='block_1_32' title="bbox 275 2835 1879 2914">
    <p class='ocr_par' dir='ltr' id='par_1_32' title="bbox 275 2835 1879 2914">
     <span class='ocr_line' id='line_1_32' title="bbox 275 2835 1879 2914; baseline 0.008 -25"><span class='ocrx_word' id='word_1_200' title='bbox 275 2835 557 2908; x_wconf 76' lang='grc' dir='ltr'>λουμένου</span> <span class='ocrx_word' id='word_1_201' title='bbox 587 2839 644 2892; x_wconf 66' lang='grc' dir='ltr'>δὲ</span> <span class='ocrx_word' id='word_1_202' title='bbox 672 2838 768 2891; x_wconf 80' lang='grc' dir='ltr'>τοῦ</span> <span class='ocrx_word' id='word_1_203' title='bbox 794 2840 982 2894; x_wconf 85' lang='grc' dir='ltr'>στόλου</span> <span class='ocrx_word' id='word_1_204' title='bbox 1014 2843 1094 2904; x_wconf 89' lang='grc' dir='ltr'><strong>είς</strong></span> <span class='ocrx_word' id='word_1_205' title='bbox 1131 2841 1202 2896; x_wconf 71' lang='grc' dir='ltr'><strong>τὰ</strong></span> <span class='ocrx_word' id='word_1_206' title='bbox 1249 2843 1526 2914; x_wconf 86' lang='grc' dir='ltr'>κτίσματα</span> <span class='ocrx_word' id='word_1_207' title='bbox 1563 2846 1672 2900; x_wconf 90' lang='grc' dir='ltr'><strong>τῶν</strong></span> <span class='ocrx_word' id='word_1_208' title='bbox 1701 2848 1879 2902; x_wconf 80' lang='grc' dir='ltr'><strong>τοιού⁶</strong></span> 
     </span>
    </p>
   </div>
   <div class='ocr_carea' id='block_1_33' title="bbox 272 2927 1881 3011">
    <p class='ocr_par' dir='ltr' id='par_1_33' title="bbox 272 2927 1881 3011">
     <span class='ocr_line' id='line_1_33' title="bbox 272 2927 1881 3011; baseline 0.009 -31"><span class='ocrx_word' id='word_1_209' title='bbox 272 2945 395 2982; x_wconf 88' lang='grc' dir='ltr'><strong>των</strong></span> <span class='ocrx_word' id='word_1_210' title='bbox 433 2927 746 2999; x_wconf 68' lang='grc' dir='ltr'>ἐκκλησιῶν</span> <span class='ocrx_word' id='word_1_211' title='bbox 791 2930 1118 3002; x_wconf 78' lang='grc' dir='ltr'>παρελήφθη</span> <span class='ocrx_word' id='word_1_212' title='bbox 1149 2933 1209 2985; x_wconf 80' lang='grc' dir='ltr'>ὲν</span> <span class='ocrx_word' id='word_1_213' title='bbox 1237 2931 1460 3006; x_wconf 65' lang='grc' dir='ltr'>Σικελίᾳ</span> <span class='ocrx_word' id='word_1_214' title='bbox 1489 2935 1550 2990; x_wconf 86' lang='grc' dir='ltr'>τὸ</span> <span class='ocrx_word' id='word_1_215' title='bbox 1585 2937 1881 3011; x_wconf 67' lang='grc' dir='ltr'>Ταυρομὲο</span> 
     </span>
    </p>
   </div>
   <div class='ocr_carea' id='block_1_34' title="bbox 1973 446 3560 518">
    <p class='ocr_par' dir='ltr' id='par_1_34' title="bbox 1973 446 3560 518">
     <span class='ocr_line' id='line_1_34' title="bbox 1973 446 3560 518; baseline 0.002 -17"><span class='ocrx_word' id='word_1_216' title='bbox 1973 446 2199 518; x_wconf 77' lang='lat' dir='ltr'><strong>dignum</strong></span> <span class='ocrx_word' id='word_1_217' title='bbox 2229 463 2350 504; x_wconf 82' lang='lat' dir='ltr'><strong>esse</strong></span> <span class='ocrx_word' id='word_1_218' title='bbox 2373 448 2466 518; x_wconf 87' lang='lat' dir='ltr'><strong>qui</strong></span> <span class='ocrx_word' id='word_1_219' title='bbox 2498 463 2753 518; x_wconf 75' lang='lat' dir='ltr'><strong>magnum</strong></span> <span class='ocrx_word' id='word_1_220' title='bbox 2797 449 3062 504; x_wconf 90' lang='lat' dir='ltr'><strong>honorem</strong></span> <span class='ocrx_word' id='word_1_221' title='bbox 3106 460 3560 518; x_wconf 82' lang='lat' dir='ltr'><strong>consequeretur.</strong></span> 
     </span>
    </p>
   </div>
   <div class='ocr_carea' id='block_1_35' title="bbox 1972 536 3562 612">
    <p class='ocr_par' dir='ltr' id='par_1_35' title="bbox 1972 536 3562 612">
     <span class='ocr_line' id='line_1_35' title="bbox 1972 536 3562 612; baseline -0.001 -20"><span class='ocrx_word' id='word_1_222' title='bbox 1972 536 2387 610; x_wconf 77' lang='lat' dir='ltr'><strong>Confestimque</strong></span> <span class='ocrx_word' id='word_1_223' title='bbox 2419 555 2545 594; x_wconf 86' lang='lat' dir='ltr'><strong>eum</strong></span> <span class='ocrx_word' id='word_1_224' title='bbox 2583 539 3007 609; x_wconf 74' lang='lat' dir='ltr'><strong>protospalharii</strong></span> <span class='ocrx_word' id='word_1_225' title='bbox 3042 540 3309 612; x_wconf 78' lang='lat' dir='ltr'><strong>dignitate</strong></span> <span class='ocrx_word' id='word_1_226' title='bbox 3344 541 3562 594; x_wconf 72' lang='lat' dir='ltr'><strong>ornavit</strong></span> 
     </span>
    </p>
   </div>
   <div class='ocr_carea' id='block_1_36' title="bbox 1975 628 3104 686">
    <p class='ocr_par' dir='ltr' id='par_1_36' title="bbox 1975 628 3104 686">
     <span class='ocr_line' id='line_1_36' title="bbox 1975 628 3104 686; baseline 0.004 -4"><span class='ocrx_word' id='word_1_227' title='bbox 1975 637 2032 682; x_wconf 89' lang='lat' dir='ltr'><strong>et</strong></span> <span class='ocrx_word' id='word_1_228' title='bbox 2065 628 2132 682; x_wconf 88' lang='lat' dir='ltr'><strong>ad</strong></span> <span class='ocrx_word' id='word_1_229' title='bbox 2175 645 2330 683; x_wconf 90' lang='lat' dir='ltr'><strong>suam</strong></span> <span class='ocrx_word' id='word_1_230' title='bbox 2380 631 2844 686; x_wconf 85' lang='lat' dir='ltr'><strong>necessitudinem</strong></span> <span class='ocrx_word' id='word_1_231' title='bbox 2888 633 3104 686; x_wconf 69' lang='lat' dir='ltr'><strong>ascivit.</strong></span> 
     </span>
    </p>
   </div>
   <div class='ocr_carea' id='block_1_37' title="bbox 1976 721 3560 794">
    <p class='ocr_par' dir='ltr' id='par_1_37' title="bbox 1976 721 3560 794">
     <span class='ocr_line' id='line_1_37' title="bbox 1976 721 3560 794; baseline -0.001 -16"><span class='ocrx_word' id='word_1_232' title='bbox 1976 723 2143 794; x_wconf 77' lang='lat'><strong>860</strong></span> <span class='ocrx_word' id='word_1_233' title='bbox 2170 723 2365 778; x_wconf 78' lang='lat' dir='ltr'><strong>2l-2‘2.</strong></span> <span class='ocrx_word' id='word_1_234' title='bbox 2402 725 2620 778; x_wconf 80' lang='lat' dir='ltr'><strong>Mortuo</strong></span> <span class='ocrx_word' id='word_1_235' title='bbox 2651 740 2784 778; x_wconf 79' lang='lat' dir='ltr'><strong>vero</strong></span> <span class='ocrx_word' id='word_1_236' title='bbox 2808 725 3047 778; x_wconf 87' lang='lat' dir='ltr'><strong>Antonio</strong></span> <span class='ocrx_word' id='word_1_237' title='bbox 3081 723 3412 793; x_wconf 85' lang='lat' dir='ltr'><strong>patriarcha.</strong></span> <span class='ocrx_word' id='word_1_238' title='bbox 3439 721 3560 792; x_wconf 84' lang='lat' dir='ltr'><strong>ejus</strong></span> 
     </span>
    </p>
   </div>
   <div class='ocr_carea' id='block_1_38' title="bbox 1975 816 3560 886">
    <p class='ocr_par' dir='ltr' id='par_1_38' title="bbox 1975 816 3560 886">
     <span class='ocr_line' id='line_1_38' title="bbox 1975 816 3560 886; baseline -0.003 -16"><span class='ocrx_word' id='word_1_239' title='bbox 1975 816 2100 871; x_wconf 89' lang='lat' dir='ltr'><strong>loco</strong></span> <span class='ocrx_word' id='word_1_240' title='bbox 2143 816 2433 872; x_wconf 80' lang='lat' dir='ltr'><strong>ordinatur</strong></span> <span class='ocrx_word' id='word_1_241' title='bbox 2474 817 2752 881; x_wconf 89' lang='lat' dir='ltr'><strong>Nicolaus,</strong></span> <span class='ocrx_word' id='word_1_242' title='bbox 2780 817 2875 886; x_wconf 86' lang='lat' dir='ltr'><strong>qui</strong></span> <span class='ocrx_word' id='word_1_243' title='bbox 2911 817 3258 886; x_wconf 83' lang='lat' dir='ltr'><strong>imperatoris</strong></span> <span class='ocrx_word' id='word_1_244' title='bbox 3286 824 3402 869; x_wconf 89' lang='lat' dir='ltr'><strong>erat</strong></span> <span class='ocrx_word' id='word_1_245' title='bbox 3443 829 3560 884; x_wconf 77' lang='lat' dir='ltr'><strong>my-</strong></span> 
     </span>
    </p>
   </div>
   <div class='ocr_carea' id='block_1_39' title="bbox 1978 909 3558 980">
    <p class='ocr_par' dir='ltr' id='par_1_39' title="bbox 1978 909 3558 980">
     <span class='ocr_line' id='line_1_39' title="bbox 1978 909 3558 980; baseline -0.001 -14"><span class='ocrx_word' id='word_1_246' title='bbox 1978 911 2171 966; x_wconf 80' lang='lat' dir='ltr'><strong>sticus.</strong></span> <span class='ocrx_word' id='word_1_247' title='bbox 2220 909 2392 980; x_wconf 88' lang='lat' dir='ltr'><strong>Capta</strong></span> <span class='ocrx_word' id='word_1_248' title='bbox 2427 924 2594 979; x_wconf 90' lang='lat' dir='ltr'><strong>porro</strong></span> <span class='ocrx_word' id='word_1_249' title='bbox 2632 917 2716 964; x_wconf 90' lang='lat' dir='ltr'><strong>est</strong></span> <span class='ocrx_word' id='word_1_250' title='bbox 2767 910 2961 964; x_wconf 77' lang='lat' dir='ltr'><strong>civitas</strong></span> <span class='ocrx_word' id='word_1_251' title='bbox 2998 909 3207 964; x_wconf 83' lang='lat' dir='ltr'><strong>munita</strong></span> <span class='ocrx_word' id='word_1_252' title='bbox 3250 909 3558 965; x_wconf 80' lang='lat' dir='ltr'><strong>Demetrias</strong></span> 
     </span>
    </p>
   </div>
   <div class='ocr_carea' id='block_1_40' title="bbox 1981 1002 3277 1072">
    <p class='ocr_par' dir='ltr' id='par_1_40' title="bbox 1981 1002 3277 1072">
     <span class='ocr_line' id='line_1_40' title="bbox 1981 1002 3277 1072; baseline 0.002 -18"><span class='ocrx_word' id='word_1_253' title='bbox 1981 1003 2037 1057; x_wconf 89' lang='lat' dir='ltr'><strong>in</strong></span> <span class='ocrx_word' id='word_1_254' title='bbox 2069 1002 2328 1058; x_wconf 83' lang='lat' dir='ltr'><strong>Hellados</strong></span> <span class='ocrx_word' id='word_1_255' title='bbox 2365 1003 2608 1057; x_wconf 85' lang='lat' dir='ltr'><strong>themate</strong></span> <span class='ocrx_word' id='word_1_256' title='bbox 2644 1018 2674 1057; x_wconf 91' lang='lat' dir='ltr'><strong>a</strong></span> <span class='ocrx_word' id='word_1_257' title='bbox 2709 1002 2974 1056; x_wconf 81' lang='lat' dir='ltr'><strong>Damiano</strong></span> <span class='ocrx_word' id='word_1_258' title='bbox 3007 1003 3277 1072; x_wconf 80' lang='lat' dir='ltr'><strong>Agareno.</strong></span> 
     </span>
    </p>
   </div>
   <div class='ocr_carea' id='block_1_41' title="bbox 2053 1180 3563 1252">
    <p class='ocr_par' dir='ltr' id='par_1_41' title="bbox 2053 1180 3563 1252">
     <span class='ocr_line' id='line_1_41' title="bbox 2053 1180 3563 1252; baseline -0.002 -14"><span class='ocrx_word' id='word_1_259' title='bbox 2053 1184 2146 1238; x_wconf 75' lang='lat'><strong>25.</strong></span> <span class='ocrx_word' id='word_1_260' title='bbox 2175 1182 2288 1238; x_wconf 85' lang='lat' dir='ltr'><strong>Leo</strong></span> <span class='ocrx_word' id='word_1_261' title='bbox 2315 1180 2616 1252; x_wconf 84' lang='lat' dir='ltr'><strong>imperator</strong></span> <span class='ocrx_word' id='word_1_262' title='bbox 2637 1181 2849 1236; x_wconf 85' lang='lat' dir='ltr'><strong>Annam</strong></span> <span class='ocrx_word' id='word_1_263' title='bbox 2887 1181 3052 1235; x_wconf 77' lang='lat' dir='ltr'><strong>tiliam</strong></span> <span class='ocrx_word' id='word_1_264' title='bbox 3071 1197 3224 1235; x_wconf 88' lang='lat' dir='ltr'><strong>suam</strong></span> <span class='ocrx_word' id='word_1_265' title='bbox 3242 1197 3308 1236; x_wconf 75' lang='lat' dir='ltr'><strong>ex</strong></span> <span class='ocrx_word' id='word_1_266' title='bbox 3327 1180 3434 1235; x_wconf 84' lang='lat' dir='ltr'><strong>Zoe</strong></span> <span class='ocrx_word' id='word_1_267' title='bbox 3452 1181 3563 1236; x_wconf 76' lang='lat' dir='ltr'><strong>lilia</strong></span> 
     </span>
    </p>
   </div>
   <div class='ocr_carea' id='block_1_42' title="bbox 1983 1273 3563 1344">
    <p class='ocr_par' dir='ltr' id='par_1_42' title="bbox 1983 1273 3563 1344">
     <span class='ocr_line' id='line_1_42' title="bbox 1983 1273 3563 1344; baseline -0.002 -13"><span class='ocrx_word' id='word_1_268' title='bbox 1983 1277 2199 1332; x_wconf 67' lang='lat' dir='ltr'><strong>Zautzzc</strong></span> <span class='ocrx_word' id='word_1_269' title='bbox 2212 1283 2462 1340; x_wconf 88' lang='lat' dir='ltr'><strong>coronat,</strong></span> <span class='ocrx_word' id='word_1_270' title='bbox 2481 1273 2628 1344; x_wconf 83' lang='lat' dir='ltr'><strong>quod</strong></span> <span class='ocrx_word' id='word_1_271' title='bbox 2645 1289 2754 1328; x_wconf 90' lang='lat' dir='ltr'><strong>non</strong></span> <span class='ocrx_word' id='word_1_272' title='bbox 2774 1280 2991 1343; x_wconf 81' lang='lat' dir='ltr'><strong>poterat</strong></span> <span class='ocrx_word' id='word_1_273' title='bbox 3010 1273 3306 1326; x_wconf 88' lang='lat' dir='ltr'><strong>constituta</strong></span> <span class='ocrx_word' id='word_1_274' title='bbox 3325 1288 3390 1327; x_wconf 79' lang='lat' dir='ltr'><strong>ex</strong></span> <span class='ocrx_word' id='word_1_275' title='bbox 3411 1287 3563 1328; x_wconf 87' lang='lat' dir='ltr'><strong>more</strong></span> 
     </span>
    </p>
   </div>
   <div class='ocr_carea' id='block_1_43' title="bbox 1983 1365 3560 1440">
    <p class='ocr_par' dir='ltr' id='par_1_43' title="bbox 1983 1365 3560 1440">
     <span class='ocr_line' id='line_1_43' title="bbox 1983 1365 3560 1440; baseline -0.004 -13"><span class='ocrx_word' id='word_1_276' title='bbox 1983 1371 2236 1427; x_wconf 83' lang='lat' dir='ltr'><strong>convivia</strong></span> <span class='ocrx_word' id='word_1_277' title='bbox 2268 1369 2487 1440; x_wconf 88' lang='lat' dir='ltr'><strong>publica</strong></span> <span class='ocrx_word' id='word_1_278' title='bbox 2513 1367 2800 1431; x_wconf 83' lang='lat' dir='ltr'><strong>exhibere,</strong></span> <span class='ocrx_word' id='word_1_279' title='bbox 2827 1367 2972 1437; x_wconf 87' lang='lat' dir='ltr'><strong>quod</strong></span> <span class='ocrx_word' id='word_1_280' title='bbox 2997 1381 3104 1422; x_wconf 91' lang='lat' dir='ltr'><strong>non</strong></span> <span class='ocrx_word' id='word_1_281' title='bbox 3128 1374 3274 1420; x_wconf 85' lang='lat' dir='ltr'><strong>esset</strong></span> <span class='ocrx_word' id='word_1_282' title='bbox 3293 1365 3560 1435; x_wconf 77' lang='lat' dir='ltr'><strong>Augusta.</strong></span> 
     </span>
    </p>
   </div>
   <div class='ocr_carea' id='block_1_44' title="bbox 2055 1455 3564 1528">
    <p class='ocr_par' dir='ltr' id='par_1_44' title="bbox 2055 1455 3564 1528">
     <span class='ocr_line' id='line_1_44' title="bbox 2055 1455 3564 1528; baseline -0.003 -12"><span class='ocrx_word' id='word_1_283' title='bbox 2055 1463 2148 1516; x_wconf 74' lang='lat' dir='ltr'><strong>2t.</strong></span> <span class='ocrx_word' id='word_1_284' title='bbox 2187 1462 2354 1516; x_wconf 79' lang='lat' dir='ltr'><strong>Duxit</strong></span> <span class='ocrx_word' id='word_1_285' title='bbox 2405 1469 2594 1516; x_wconf 88' lang='lat' dir='ltr'><strong>autem</strong></span> <span class='ocrx_word' id='word_1_286' title='bbox 2647 1461 2950 1528; x_wconf 87' lang='lat' dir='ltr'><strong>imperator</strong></span> <span class='ocrx_word' id='word_1_287' title='bbox 2983 1473 3211 1513; x_wconf 83' lang='lat' dir='ltr'><strong>uxorem</strong></span> <span class='ocrx_word' id='word_1_288' title='bbox 3257 1473 3325 1512; x_wconf 79' lang='lat' dir='ltr'><strong>ex</strong></span> <span class='ocrx_word' id='word_1_289' title='bbox 3357 1455 3564 1526; x_wconf 83' lang='lat' dir='ltr'><strong>Opsicii</strong></span> 
     </span>
    </p>
   </div>
   <div class='ocr_carea' id='block_1_45' title="bbox 1988 1550 3563 1619">
    <p class='ocr_par' dir='ltr' id='par_1_45' title="bbox 1988 1550 3563 1619">
     <span class='ocr_line' id='line_1_45' title="bbox 1988 1550 3563 1619; baseline -0.005 -7"><span class='ocrx_word' id='word_1_290' title='bbox 1988 1555 2251 1619; x_wconf 85' lang='lat' dir='ltr'><strong>themate,</strong></span> <span class='ocrx_word' id='word_1_291' title='bbox 2282 1553 2736 1610; x_wconf 79' lang='lat' dir='ltr'><strong>formosissimam</strong></span> <span class='ocrx_word' id='word_1_292' title='bbox 2765 1551 2946 1616; x_wconf 78' lang='lat' dir='ltr'><strong>valde,</strong></span> <span class='ocrx_word' id='word_1_293' title='bbox 2970 1550 3194 1606; x_wconf 84' lang='lat' dir='ltr'><strong>nomine</strong></span> <span class='ocrx_word' id='word_1_294' title='bbox 3239 1550 3563 1617; x_wconf 85' lang='lat' dir='ltr'><strong>Eudociam,</strong></span> 
     </span>
    </p>
   </div>
   <div class='ocr_carea' id='block_1_46' title="bbox 1988 1643 3564 1717">
    <p class='ocr_par' dir='ltr' id='par_1_46' title="bbox 1988 1643 3564 1717">
     <span class='ocr_line' id='line_1_46' title="bbox 1988 1643 3564 1717; baseline -0.004 -13"><span class='ocrx_word' id='word_1_295' title='bbox 1988 1663 2263 1704; x_wconf 88' lang='lat' dir='ltr'><strong>coronans</strong></span> <span class='ocrx_word' id='word_1_296' title='bbox 2299 1646 2712 1717; x_wconf 76' lang='lat' dir='ltr'><strong>Augustamque</strong></span> <span class='ocrx_word' id='word_1_297' title='bbox 2755 1643 3084 1700; x_wconf 87' lang='lat' dir='ltr'><strong>renuntians</strong></span> <span class='ocrx_word' id='word_1_298' title='bbox 3116 1659 3181 1698; x_wconf 89' lang='lat' dir='ltr'><strong>ac</strong></span> <span class='ocrx_word' id='word_1_299' title='bbox 3223 1643 3328 1698; x_wconf 87' lang='lat' dir='ltr'><strong>sibi</strong></span> <span class='ocrx_word' id='word_1_300' title='bbox 3367 1644 3564 1713; x_wconf 83' lang='lat' dir='ltr'><strong>conju-</strong></span> 
     </span>
    </p>
   </div>
   <div class='ocr_carea' id='block_1_47' title="bbox 1988 1735 3565 1812">
    <p class='ocr_par' dir='ltr' id='par_1_47' title="bbox 1988 1735 3565 1812">
     <span class='ocr_line' id='line_1_47' title="bbox 1988 1735 3565 1812; baseline -0.005 -16"><span class='ocrx_word' id='word_1_301' title='bbox 1988 1758 2110 1812; x_wconf 74' lang='lat' dir='ltr'><strong>gem</strong></span> <span class='ocrx_word' id='word_1_302' title='bbox 2139 1740 2432 1796; x_wconf 82' lang='lat' dir='ltr'><strong>adhibens.</strong></span> <span class='ocrx_word' id='word_1_303' title='bbox 2459 1740 2536 1794; x_wconf 81' lang='lat' dir='ltr'><strong>Ex</strong></span> <span class='ocrx_word' id='word_1_304' title='bbox 2571 1753 2635 1793; x_wconf 91' lang='lat' dir='ltr'><strong>ea</strong></span> <span class='ocrx_word' id='word_1_305' title='bbox 2660 1746 2917 1806; x_wconf 91' lang='lat' dir='ltr'><strong>suscepto</strong></span> <span class='ocrx_word' id='word_1_306' title='bbox 2955 1751 3129 1806; x_wconf 90' lang='lat' dir='ltr'><strong>puero</strong></span> <span class='ocrx_word' id='word_1_307' title='bbox 3167 1735 3412 1791; x_wconf 88' lang='lat' dir='ltr'><strong>masculo</strong></span> <span class='ocrx_word' id='word_1_308' title='bbox 3448 1744 3565 1789; x_wconf 89' lang='lat' dir='ltr'><strong>tum</strong></span> 
     </span>
    </p>
   </div>
   <div class='ocr_carea' id='block_1_48' title="bbox 1990 1830 3178 1907">
    <p class='ocr_par' dir='ltr' id='par_1_48' title="bbox 1990 1830 3178 1907">
     <span class='ocr_line' id='line_1_48' title="bbox 1990 1830 3178 1907; baseline -0.007 -16"><span class='ocrx_word' id='word_1_309' title='bbox 1990 1837 2107 1907; x_wconf 90' lang='lat' dir='ltr'><strong>ipsa</strong></span> <span class='ocrx_word' id='word_1_310' title='bbox 2132 1835 2403 1890; x_wconf 82' lang='lat' dir='ltr'><strong>exstincta</strong></span> <span class='ocrx_word' id='word_1_311' title='bbox 2428 1841 2513 1889; x_wconf 88' lang='lat' dir='ltr'><strong>est</strong></span> <span class='ocrx_word' id='word_1_312' title='bbox 2545 1841 2662 1887; x_wconf 91' lang='lat' dir='ltr'><strong>tum</strong></span> <span class='ocrx_word' id='word_1_313' title='bbox 2690 1840 2946 1901; x_wconf 88' lang='lat' dir='ltr'><strong>suscepta</strong></span> <span class='ocrx_word' id='word_1_314' title='bbox 2971 1830 3178 1900; x_wconf 86' lang='lat' dir='ltr'><strong>proles.</strong></span> 
     </span>
    </p>
   </div>
   <div class='ocr_carea' id='block_1_49' title="bbox 2057 1920 3569 1996">
    <p class='ocr_par' dir='ltr' id='par_1_49' title="bbox 2057 1920 3569 1996">
     <span class='ocr_line' id='line_1_49' title="bbox 2057 1920 3569 1996; baseline -0.006 -14"><span class='ocrx_word' id='word_1_315' title='bbox 2057 1928 2147 1982; x_wconf 87' lang='lat'><strong>25.</strong></span> <span class='ocrx_word' id='word_1_316' title='bbox 2185 1925 2470 1996; x_wconf 90' lang='lat' dir='ltr'><strong>Coemptis</strong></span> <span class='ocrx_word' id='word_1_317' title='bbox 2509 1923 2618 1978; x_wconf 86' lang='lat' dir='ltr'><strong>Leo</strong></span> <span class='ocrx_word' id='word_1_318' title='bbox 2653 1923 2955 1992; x_wconf 87' lang='lat' dir='ltr'><strong>imperator</strong></span> <span class='ocrx_word' id='word_1_319' title='bbox 2986 1921 3197 1976; x_wconf 72' lang='lat' dir='ltr'><strong>aedibus</strong></span> <span class='ocrx_word' id='word_1_320' title='bbox 3221 1935 3391 1990; x_wconf 88' lang='lat' dir='ltr'><strong>prope</strong></span> <span class='ocrx_word' id='word_1_321' title='bbox 3425 1920 3569 1974; x_wconf 62' lang='lat' dir='ltr'><strong>Sane</strong></span> 
     </span>
    </p>
   </div>
   <div class='ocr_carea' id='block_1_50' title="bbox 1987 2013 3569 2089">
    <p class='ocr_par' dir='ltr' id='par_1_50' title="bbox 1987 2013 3569 2089">
     <span class='ocr_line' id='line_1_50' title="bbox 1987 2013 3569 2089; baseline -0.006 -14"><span class='ocrx_word' id='word_1_322' title='bbox 1987 2031 2106 2076; x_wconf 88' lang='lat' dir='ltr'><strong>ctos</strong></span> <span class='ocrx_word' id='word_1_323' title='bbox 2126 2017 2436 2089; x_wconf 82' lang='lat' dir='ltr'><strong>Apostolos,</strong></span> <span class='ocrx_word' id='word_1_324' title='bbox 2455 2016 2530 2072; x_wconf 90' lang='lat' dir='ltr'><strong>ibi</strong></span> <span class='ocrx_word' id='word_1_325' title='bbox 2557 2013 3016 2085; x_wconf 67' lang='lat' dir='ltr'><strong>pmmagnitlcam</strong></span> <span class='ocrx_word' id='word_1_326' title='bbox 3037 2013 3324 2068; x_wconf 87' lang='lat' dir='ltr'><strong>ecclesiam</strong></span> <span class='ocrx_word' id='word_1_327' title='bbox 3349 2019 3569 2066; x_wconf 80' lang='lat' dir='ltr'><strong>exstru-</strong></span> 
     </span>
    </p>
   </div>
   <div class='ocr_carea' id='block_1_51' title="bbox 1988 2101 3567 2179">
    <p class='ocr_par' dir='ltr' id='par_1_51' title="bbox 1988 2101 3567 2179">
     <span class='ocr_line' id='line_1_51' title="bbox 1988 2101 3567 2179; baseline -0.005 -11"><span class='ocrx_word' id='word_1_328' title='bbox 1988 2112 2087 2177; x_wconf 75' lang='lat' dir='ltr'><strong>xit,</strong></span> <span class='ocrx_word' id='word_1_329' title='bbox 2122 2110 2360 2166; x_wconf 73' lang='lat' dir='ltr'><strong>nomina:</strong></span> <span class='ocrx_word' id='word_1_330' title='bbox 2389 2108 2581 2179; x_wconf 61' lang='lat' dir='ltr'><strong>prima;</strong></span> <span class='ocrx_word' id='word_1_331' title='bbox 2625 2121 2740 2162; x_wconf 76' lang='lat' dir='ltr'><strong>sua:</strong></span> <span class='ocrx_word' id='word_1_332' title='bbox 2786 2104 2974 2161; x_wconf 82' lang='lat' dir='ltr'><strong>uxoris</strong></span> <span class='ocrx_word' id='word_1_333' title='bbox 3014 2103 3072 2160; x_wconf 87' lang='lat' dir='ltr'><strong>S.</strong></span> <span class='ocrx_word' id='word_1_334' title='bbox 3114 2101 3567 2174; x_wconf 69' lang='lat' dir='ltr'><strong>TheOphanonis.</strong></span> 
     </span>
    </p>
   </div>
   <div class='ocr_carea' id='block_1_52' title="bbox 2055 2282 3568 2350">
    <p class='ocr_par' dir='ltr' id='par_1_52' title="bbox 2055 2282 3568 2350">
     <span class='ocr_line' id='line_1_52' title="bbox 2055 2282 3568 2350; baseline -0.01 0"><span class='ocrx_word' id='word_1_335' title='bbox 2055 2295 2146 2350; x_wconf 86' lang='lat'><strong>26.</strong></span> <span class='ocrx_word' id='word_1_336' title='bbox 2180 2292 2448 2350; x_wconf 87' lang='lat' dir='ltr'><strong>Similiter</strong></span> <span class='ocrx_word' id='word_1_337' title='bbox 2476 2291 2642 2346; x_wconf 89' lang='lat' dir='ltr'><strong>etiam</strong></span> <span class='ocrx_word' id='word_1_338' title='bbox 2693 2287 2987 2345; x_wconf 86' lang='lat' dir='ltr'><strong>ecclesiam</strong></span> <span class='ocrx_word' id='word_1_339' title='bbox 3027 2283 3321 2342; x_wconf 67' lang='lat' dir='ltr'><strong>aediﬁcavit</strong></span> <span class='ocrx_word' id='word_1_340' title='bbox 3355 2282 3421 2338; x_wconf 89' lang='lat' dir='ltr'><strong>ad</strong></span> <span class='ocrx_word' id='word_1_341' title='bbox 3457 2282 3568 2337; x_wconf 80' lang='lat' dir='ltr'><strong>To-</strong></span> 
     </span>
    </p>
   </div>
   <div class='ocr_carea' id='block_1_53' title="bbox 1988 2377 3568 2456">
    <p class='ocr_par' dir='ltr' id='par_1_53' title="bbox 1988 2377 3568 2456">
     <span class='ocr_line' id='line_1_53' title="bbox 1988 2377 3568 2456; baseline -0.006 -16"><span class='ocrx_word' id='word_1_342' title='bbox 1988 2402 2107 2456; x_wconf 87' lang='lat' dir='ltr'><strong>pos,</strong></span> <span class='ocrx_word' id='word_1_343' title='bbox 2150 2399 2288 2455; x_wconf 87' lang='lat' dir='ltr'><strong>quos</strong></span> <span class='ocrx_word' id='word_1_344' title='bbox 2316 2391 2539 2446; x_wconf 76' lang='lat' dir='ltr'><strong>vocant,</strong></span> <span class='ocrx_word' id='word_1_345' title='bbox 2577 2381 2635 2436; x_wconf 89' lang='lat' dir='ltr'><strong>S.</strong></span> <span class='ocrx_word' id='word_1_346' title='bbox 2664 2380 2956 2446; x_wconf 82' lang='lat' dir='ltr'><strong>Lazarum,</strong></span> <span class='ocrx_word' id='word_1_347' title='bbox 2993 2379 3242 2432; x_wconf 84' lang='lat' dir='ltr'><strong>virorum</strong></span> <span class='ocrx_word' id='word_1_348' title='bbox 3278 2377 3568 2432; x_wconf 89' lang='lat' dir='ltr'><strong>eunucho-</strong></span> 
     </span>
    </p>
   </div>
   <div class='ocr_carea' id='block_1_54' title="bbox 1990 2465 3569 2535">
    <p class='ocr_par' dir='ltr' id='par_1_54' title="bbox 1990 2465 3569 2535">
     <span class='ocr_line' id='line_1_54' title="bbox 1990 2465 3569 2535; baseline -0.003 -8"><span class='ocrx_word' id='word_1_349' title='bbox 1990 2489 2109 2528; x_wconf 91' lang='lat' dir='ltr'><strong>rum</strong></span> <span class='ocrx_word' id='word_1_350' title='bbox 2135 2472 2534 2526; x_wconf 87' lang='lat' dir='ltr'><strong>monasterium</strong></span> <span class='ocrx_word' id='word_1_351' title='bbox 2561 2467 2812 2535; x_wconf 78' lang='lat' dir='ltr'><strong>faciens;</strong></span> <span class='ocrx_word' id='word_1_352' title='bbox 2844 2467 2936 2522; x_wconf 93' lang='lat' dir='ltr'><strong>ubi</strong></span> <span class='ocrx_word' id='word_1_353' title='bbox 2961 2476 3018 2522; x_wconf 88' lang='lat' dir='ltr'><strong>et</strong></span> <span class='ocrx_word' id='word_1_354' title='bbox 3049 2467 3109 2523; x_wconf 90' lang='lat' dir='ltr'><strong>S.</strong></span> <span class='ocrx_word' id='word_1_355' title='bbox 3137 2465 3328 2520; x_wconf 81' lang='lat' dir='ltr'><strong>Lazari</strong></span> <span class='ocrx_word' id='word_1_356' title='bbox 3363 2479 3569 2535; x_wconf 74' lang='lat' dir='ltr'><strong>corpus</strong></span> 
     </span>
    </p>
   </div>
   <div class='ocr_carea' id='block_1_55' title="bbox 1987 2557 3569 2637">
    <p class='ocr_par' dir='ltr' id='par_1_55' title="bbox 1987 2557 3569 2637">
     <span class='ocr_line' id='line_1_55' title="bbox 1987 2557 3569 2637; baseline -0.005 -16"><span class='ocrx_word' id='word_1_357' title='bbox 1987 2581 2018 2622; x_wconf 91' lang='lat' dir='ltr'><strong>e</strong></span> <span class='ocrx_word' id='word_1_358' title='bbox 2047 2564 2228 2637; x_wconf 81' lang='lat' dir='ltr'><strong>Cypro</strong></span> <span class='ocrx_word' id='word_1_359' title='bbox 2270 2573 2328 2618; x_wconf 89' lang='lat' dir='ltr'><strong>et</strong></span> <span class='ocrx_word' id='word_1_360' title='bbox 2356 2562 2540 2618; x_wconf 68' lang='lat' dir='ltr'><strong>Maria:</strong></span> <span class='ocrx_word' id='word_1_361' title='bbox 2571 2560 2904 2632; x_wconf 70' lang='lat' dir='ltr'><strong>Magdalena:</strong></span> <span class='ocrx_word' id='word_1_362' title='bbox 2934 2559 3152 2629; x_wconf 81' lang='lat' dir='ltr'><strong>Epheso</strong></span> <span class='ocrx_word' id='word_1_363' title='bbox 3184 2559 3420 2613; x_wconf 90' lang='lat' dir='ltr'><strong>relatum</strong></span> <span class='ocrx_word' id='word_1_364' title='bbox 3468 2557 3569 2614; x_wconf 83' lang='lat' dir='ltr'><strong>de-</strong></span> 
     </span>
    </p>
   </div>
   <div class='ocr_carea' id='block_1_56' title="bbox 1988 2648 3566 2728">
    <p class='ocr_par' dir='ltr' id='par_1_56' title="bbox 1988 2648 3566 2728">
     <span class='ocr_line' id='line_1_56' title="bbox 1988 2648 3566 2728; baseline -0.004 -16"><span class='ocrx_word' id='word_1_365' title='bbox 1988 2657 2217 2728; x_wconf 87' lang='lat' dir='ltr'><strong>posuit:</strong></span> <span class='ocrx_word' id='word_1_366' title='bbox 2254 2654 2531 2711; x_wconf 85' lang='lat' dir='ltr'><strong>celebrata</strong></span> <span class='ocrx_word' id='word_1_367' title='bbox 2579 2652 2828 2723; x_wconf 88' lang='lat' dir='ltr'><strong>ejusdem</strong></span> <span class='ocrx_word' id='word_1_368' title='bbox 2876 2649 3131 2706; x_wconf 70' lang='lat' dir='ltr'><strong>ecclesiae</strong></span> <span class='ocrx_word' id='word_1_369' title='bbox 3175 2649 3255 2704; x_wconf 82' lang='lat' dir='ltr'><strong>illi</strong></span> <span class='ocrx_word' id='word_1_370' title='bbox 3299 2648 3566 2706; x_wconf 68' lang='lat' dir='ltr'><strong>encaenia.</strong></span> 
     </span>
    </p>
   </div>
   <div class='ocr_carea' id='block_1_57' title="bbox 1987 2739 3567 2818">
    <p class='ocr_par' dir='ltr' id='par_1_57' title="bbox 1987 2739 3567 2818">
     <span class='ocr_line' id='line_1_57' title="bbox 1987 2739 3567 2818; baseline -0.004 -13"><span class='ocrx_word' id='word_1_371' title='bbox 1987 2747 2283 2818; x_wconf 87' lang='lat' dir='ltr'><strong>Occupatis</strong></span> <span class='ocrx_word' id='word_1_372' title='bbox 2312 2753 2498 2801; x_wconf 88' lang='lat' dir='ltr'><strong>autem</strong></span> <span class='ocrx_word' id='word_1_373' title='bbox 2547 2743 2850 2800; x_wconf 79' lang='lat' dir='ltr'><strong>classiariis</strong></span> <span class='ocrx_word' id='word_1_374' title='bbox 2897 2741 3182 2798; x_wconf 84' lang='lat' dir='ltr'><strong>struendis</strong></span> <span class='ocrx_word' id='word_1_375' title='bbox 3231 2739 3567 2813; x_wconf 86' lang='lat' dir='ltr'><strong>ejuscemodi</strong></span> 
     </span>
    </p>
   </div>
   <div class='ocr_carea' id='block_1_58' title="bbox 1988 2832 3568 2909">
    <p class='ocr_par' dir='ltr' id='par_1_58' title="bbox 1988 2832 3568 2909">
     <span class='ocr_line' id='line_1_58' title="bbox 1988 2832 3568 2909; baseline -0.007 -9"><span class='ocrx_word' id='word_1_376' title='bbox 1988 2839 2260 2902; x_wconf 75' lang='lat' dir='ltr'><strong>ecclesiis,</strong></span> <span class='ocrx_word' id='word_1_377' title='bbox 2295 2847 2515 2909; x_wconf 85' lang='lat' dir='ltr'><strong>captum</strong></span> <span class='ocrx_word' id='word_1_378' title='bbox 2545 2839 2600 2893; x_wconf 91' lang='lat' dir='ltr'><strong>in</strong></span> <span class='ocrx_word' id='word_1_379' title='bbox 2635 2837 2825 2892; x_wconf 88' lang='lat' dir='ltr'><strong>Sicilia</strong></span> <span class='ocrx_word' id='word_1_380' title='bbox 2876 2843 2961 2891; x_wconf 90' lang='lat' dir='ltr'><strong>est</strong></span> <span class='ocrx_word' id='word_1_381' title='bbox 3008 2832 3446 2890; x_wconf 88' lang='lat' dir='ltr'><strong>Tauromenium</strong></span> <span class='ocrx_word' id='word_1_382' title='bbox 3495 2832 3568 2889; x_wconf 84' lang='lat' dir='ltr'><strong>ab</strong></span> 
     </span>
    </p>
   </div>
   <div class='ocr_carea' id='block_1_59' title="bbox 1987 2921 3566 3002">
    <p class='ocr_par' dir='ltr' id='par_1_59' title="bbox 1987 2921 3566 3002">
     <span class='ocr_line' id='line_1_59' title="bbox 1987 2921 3566 3002; baseline -0.008 -14"><span class='ocrx_word' id='word_1_383' title='bbox 1987 2932 2158 2995; x_wconf 80' lang='lat' dir='ltr'><strong>Afris,</strong></span> <span class='ocrx_word' id='word_1_384' title='bbox 2183 2928 2516 3002; x_wconf 76' lang='lat' dir='ltr'><strong>negligentia</strong></span> <span class='ocrx_word' id='word_1_385' title='bbox 2569 2942 2666 2982; x_wconf 89' lang='lat' dir='ltr'><strong>seu</strong></span> <span class='ocrx_word' id='word_1_386' title='bbox 2714 2926 2902 2996; x_wconf 85' lang='lat' dir='ltr'><strong>potius</strong></span> <span class='ocrx_word' id='word_1_387' title='bbox 2945 2923 3263 2994; x_wconf 88' lang='lat' dir='ltr'><strong>proditione</strong></span> <span class='ocrx_word' id='word_1_388' title='bbox 3289 2921 3566 2978; x_wconf 85' lang='lat' dir='ltr'><strong>Eustathii</strong></span> 
     </span>
    </p>
   </div>
   <div class='ocr_carea' id='block_1_60' title="bbox 269 3013 1877 3123">
    <p class='ocr_par' dir='ltr' id='par_1_60' title="bbox 269 3022 1876 3123">
     <span class='ocr_line' id='line_1_60' title="bbox 269 3022 1876 3123; baseline 0.004 -46"><span class='ocrx_word' id='word_1_389' title='bbox 269 3039 398 3123; x_wconf 65' lang='lat' dir='ltr'><strong>:tO‘J</strong></span> <span class='ocrx_word' id='word_1_390' title='bbox 431 3023 542 3076; x_wconf 75' lang='grc' dir='ltr'><strong>ὑπὸ</strong></span> <span class='ocrx_word' id='word_1_391' title='bbox 557 3022 915 3093; x_wconf 75' lang='grc' dir='ltr'>τῶνἋφρων,</span> <span class='ocrx_word' id='word_1_392' title='bbox 931 3026 996 3095; x_wconf 79' lang='grc' dir='ltr'>τῇ</span> <span class='ocrx_word' id='word_1_393' title='bbox 1023 3025 1274 3098; x_wconf 78' lang='grc' dir='ltr'><strong>ἀμελείᾳ,</strong></span> <span class='ocrx_word' id='word_1_394' title='bbox 1298 3028 1496 3098; x_wconf 79' lang='grc' dir='ltr'>μᾶλλον</span> <span class='ocrx_word' id='word_1_395' title='bbox 1519 3031 1574 3084; x_wconf 75' lang='grc' dir='ltr'>δὲ</span> <span class='ocrx_word' id='word_1_396' title='bbox 1594 3032 1876 3106; x_wconf 71' lang='grc' dir='ltr'>προδοσίᾳ,</span> 
     </span>
    </p>
   </div>
   <div class='ocr_carea' id='block_1_61' title="bbox 1991 3013 3570 3123">
    <p class='ocr_par' dir='ltr' id='par_1_61' title="bbox 1991 3013 3570 3091">
     <span class='ocr_line' id='line_1_61' title="bbox 1991 3013 3570 3091; baseline -0.006 -12"><span class='ocrx_word' id='word_1_397' title='bbox 1991 3023 2265 3080; x_wconf 83' lang='lat' dir='ltr'><strong>navalium</strong></span> <span class='ocrx_word' id='word_1_398' title='bbox 2297 3019 2586 3091; x_wconf 76' lang='lat' dir='ltr'><strong>drnngarii</strong></span> <span class='ocrx_word' id='word_1_399' title='bbox 2615 3027 2672 3073; x_wconf 91' lang='lat' dir='ltr'><strong>et</strong></span> <span class='ocrx_word' id='word_1_400' title='bbox 2694 3015 2966 3073; x_wconf 88' lang='lat' dir='ltr'><strong>Caramali</strong></span> <span class='ocrx_word' id='word_1_401' title='bbox 2997 3016 3074 3070; x_wconf 91' lang='lat' dir='ltr'><strong>ibi</strong></span> <span class='ocrx_word' id='word_1_402' title='bbox 3107 3024 3224 3070; x_wconf 92' lang='lat' dir='ltr'><strong>tum</strong></span> <span class='ocrx_word' id='word_1_403' title='bbox 3247 3013 3570 3070; x_wconf 80' lang='lat' dir='ltr'><strong>exsistentis</strong></span> 
     </span>
    </p>
   </div>
   <div class='ocr_carea' id='block_1_62' title="bbox 267 3115 1877 3196">
    <p class='ocr_par' dir='ltr' id='par_1_62' title="bbox 267 3115 1877 3196">
     <span class='ocr_line' id='line_1_62' title="bbox 267 3115 1877 3196; baseline 0.007 -27"><span class='ocrx_word' id='word_1_404' title='bbox 267 3115 594 3169; x_wconf 80' lang='grc' dir='ltr'>Εὑσταθίου</span> <span class='ocrx_word' id='word_1_405' title='bbox 630 3115 992 3186; x_wconf 86' lang='grc' dir='ltr'>δρουγγαρίου</span> <span class='ocrx_word' id='word_1_406' title='bbox 1020 3116 1128 3171; x_wconf 89' lang='grc' dir='ltr'><strong>τῶν</strong></span> <span class='ocrx_word' id='word_1_407' title='bbox 1159 3118 1442 3190; x_wconf 80' lang='grc' dir='ltr'>πλωῖμων,</span> <span class='ocrx_word' id='word_1_408' title='bbox 1484 3123 1577 3175; x_wconf 79' lang='grc' dir='ltr'>καὶ</span> <span class='ocrx_word' id='word_1_409' title='bbox 1604 3125 1877 3196; x_wconf 82' lang='grc' dir='ltr'>Καραμά-</span> 
     </span>
    </p>
   </div>
   <div class='ocr_carea' id='block_1_63' title="bbox 265 3205 1880 3286">
    <p class='ocr_par' dir='ltr' id='par_1_63' title="bbox 265 3205 1880 3286">
     <span class='ocr_line' id='line_1_63' title="bbox 265 3205 1880 3286; baseline 0.003 -27"><span class='ocrx_word' id='word_1_410' title='bbox 265 3207 372 3260; x_wconf 87' lang='grc' dir='ltr'><strong>λου</strong></span> <span class='ocrx_word' id='word_1_411' title='bbox 401 3207 590 3258; x_wconf 67' lang='grc' dir='ltr'>ἐκεῖσε</span> <span class='ocrx_word' id='word_1_412' title='bbox 620 3205 774 3270; x_wconf 77' lang='grc' dir='ltr'>ὄντος</span> <span class='ocrx_word' id='word_1_413' title='bbox 803 3207 896 3260; x_wconf 76' lang='grc' dir='ltr'>καὶ</span> <span class='ocrx_word' id='word_1_414' title='bbox 921 3207 1143 3278; x_wconf 80' lang='grc' dir='ltr'>Μιχαὴλ</span> <span class='ocrx_word' id='word_1_415' title='bbox 1177 3208 1269 3262; x_wconf 81' lang='grc' dir='ltr'><strong>τοῦ</strong></span> <span class='ocrx_word' id='word_1_416' title='bbox 1300 3211 1614 3282; x_wconf 79' lang='grc' dir='ltr'>Χαράκτου,</span> <span class='ocrx_word' id='word_1_417' title='bbox 1647 3217 1880 3286; x_wconf 77' lang='grc' dir='ltr'>γενομέ.</span> 
     </span>
    </p>
   </div>
   <div class='ocr_carea' id='block_1_64' title="bbox 265 3294 1877 3370">
    <p class='ocr_par' dir='ltr' id='par_1_64' title="bbox 265 3294 1877 3370">
     <span class='ocr_line' id='line_1_64' title="bbox 265 3294 1877 3370; baseline 0.008 -20"><span class='ocrx_word' id='word_1_418' title='bbox 265 3313 379 3368; x_wconf 84' lang='grc' dir='ltr'><strong>νης</strong></span> <span class='ocrx_word' id='word_1_419' title='bbox 403 3294 618 3365; x_wconf 82' lang='grc' dir='ltr'>πολλῆς</span> <span class='ocrx_word' id='word_1_420' title='bbox 652 3297 866 3366; x_wconf 78' lang='grc' dir='ltr'>σφαγῆς</span> <span class='ocrx_word' id='word_1_421' title='bbox 907 3297 1018 3351; x_wconf 88' lang='grc' dir='ltr'><strong>τῶν</strong></span> <span class='ocrx_word' id='word_1_422' title='bbox 1053 3298 1366 3370; x_wconf 81' lang='grc' dir='ltr'>Ῥωμαίων.</span> <span class='ocrx_word' id='word_1_423' title='bbox 1415 3303 1772 3361; x_wconf 77' lang='grc' dir='ltr'>’Λνελθὸντων</span> <span class='ocrx_word' id='word_1_424' title='bbox 1819 3310 1877 3362; x_wconf 76' lang='grc' dir='ltr'>δὲ</span> 
     </span>
    </p>
   </div>
   <div class='ocr_carea' id='block_1_65' title="bbox 264 3389 1876 3463">
    <p class='ocr_par' dir='ltr' id='par_1_65' title="bbox 264 3389 1876 3463">
     <span class='ocr_line' id='line_1_65' title="bbox 264 3389 1876 3463; baseline 0.006 -19"><span class='ocrx_word' id='word_1_425' title='bbox 264 3389 476 3444; x_wconf 81' lang='grc' dir='ltr'>αὐτῶν</span> <span class='ocrx_word' id='word_1_426' title='bbox 520 3389 578 3442; x_wconf 67' lang='grc' dir='ltr'>ἐν</span> <span class='ocrx_word' id='word_1_427' title='bbox 606 3391 670 3459; x_wconf 85' lang='grc' dir='ltr'>τῇ</span> <span class='ocrx_word' id='word_1_428' title='bbox 704 3390 856 3443; x_wconf 86' lang='grc' dir='ltr'>πόλει</span> <span class='ocrx_word' id='word_1_429' title='bbox 894 3391 1045 3462; x_wconf 88' lang='grc' dir='ltr'>παρά</span> <span class='ocrx_word' id='word_1_430' title='bbox 1096 3408 1156 3444; x_wconf 86' lang='grc' dir='ltr'><strong>τε</strong></span> <span class='ocrx_word' id='word_1_431' title='bbox 1185 3392 1306 3453; x_wconf 81' lang='grc' dir='ltr'><strong>,τοῦ</strong></span> <span class='ocrx_word' id='word_1_432' title='bbox 1338 3393 1608 3463; x_wconf 77' lang='grc' dir='ltr'>βασιλέως</span> <span class='ocrx_word' id='word_1_433' title='bbox 1654 3399 1747 3452; x_wconf 75' lang='grc' dir='ltr'>καὶ</span> <span class='ocrx_word' id='word_1_434' title='bbox 1781 3401 1876 3454; x_wconf 78' lang='grc' dir='ltr'>τοῦ</span> 
     </span>
    </p>
   </div>
   <div class='ocr_carea' id='block_1_66' title="bbox 1979 3108 3570 3180">
    <p class='ocr_par' dir='ltr' id='par_1_66' title="bbox 1979 3108 3570 3180">
     <span class='ocr_line' id='line_1_66' title="bbox 1979 3108 3570 3180; baseline -0.008 -5"><span class='ocrx_word' id='word_1_435' title='bbox 1979 3128 2036 3176; x_wconf 85' lang='lat' dir='ltr'><strong>ct</strong></span> <span class='ocrx_word' id='word_1_436' title='bbox 2062 3114 2341 3172; x_wconf 80' lang='lat' dir='ltr'><strong>Michaelis</strong></span> <span class='ocrx_word' id='word_1_437' title='bbox 2363 3111 2642 3178; x_wconf 88' lang='lat' dir='ltr'><strong>Characti,</strong></span> <span class='ocrx_word' id='word_1_438' title='bbox 2679 3109 2888 3178; x_wconf 78' lang='lat' dir='ltr'><strong>ingenti</strong></span> <span class='ocrx_word' id='word_1_439' title='bbox 2922 3109 3082 3180; x_wconf 74' lang='lat'><strong>861</strong></span> <span class='ocrx_word' id='word_1_440' title='bbox 3120 3108 3244 3164; x_wconf 90' lang='lat' dir='ltr'><strong>data</strong></span> <span class='ocrx_word' id='word_1_441' title='bbox 3277 3108 3570 3164; x_wconf 85' lang='lat' dir='ltr'><strong>Romano-</strong></span> 
     </span>
    </p>
   </div>
   <div class='ocr_carea' id='block_1_67' title="bbox 1984 3202 3570 3277">
    <p class='ocr_par' dir='ltr' id='par_1_67' title="bbox 1984 3202 3570 3277">
     <span class='ocr_line' id='line_1_67' title="bbox 1984 3202 3570 3277; baseline -0.006 -12"><span class='ocrx_word' id='word_1_442' title='bbox 1984 3227 2104 3265; x_wconf 92' lang='lat' dir='ltr'><strong>rum</strong></span> <span class='ocrx_word' id='word_1_443' title='bbox 2137 3218 2338 3277; x_wconf 77' lang='lat' dir='ltr'><strong>strage.</strong></span> <span class='ocrx_word' id='word_1_444' title='bbox 2381 3205 2442 3260; x_wconf 88' lang='lat' dir='ltr'><strong>In</strong></span> <span class='ocrx_word' id='word_1_445' title='bbox 2487 3205 2681 3259; x_wconf 89' lang='lat' dir='ltr'><strong>urbem</strong></span> <span class='ocrx_word' id='word_1_446' title='bbox 2720 3202 2988 3266; x_wconf 87' lang='lat' dir='ltr'><strong>reductis,</strong></span> <span class='ocrx_word' id='word_1_447' title='bbox 3037 3202 3106 3255; x_wconf 92' lang='lat' dir='ltr'><strong>ab</strong></span> <span class='ocrx_word' id='word_1_448' title='bbox 3139 3202 3479 3272; x_wconf 84' lang='lat' dir='ltr'><strong>imperatore</strong></span> <span class='ocrx_word' id='word_1_449' title='bbox 3511 3207 3570 3256; x_wconf 82' lang='lat' dir='ltr'><strong>et</strong></span> 
     </span>
    </p>
   </div>
   <div class='ocr_carea' id='block_1_68' title="bbox 1983 3290 3572 3373">
    <p class='ocr_par' dir='ltr' id='par_1_68' title="bbox 1983 3290 3572 3373">
     <span class='ocr_line' id='line_1_68' title="bbox 1983 3290 3572 3373; baseline -0.007 -17"><span class='ocrx_word' id='word_1_450' title='bbox 1983 3301 2296 3373; x_wconf 86' lang='lat' dir='ltr'><strong>patriarcha</strong></span> <span class='ocrx_word' id='word_1_451' title='bbox 2326 3295 2659 3366; x_wconf 75' lang='lat' dir='ltr'><strong>redargutis,</strong></span> <span class='ocrx_word' id='word_1_452' title='bbox 2683 3294 2959 3350; x_wconf 88' lang='lat' dir='ltr'><strong>Characto</strong></span> <span class='ocrx_word' id='word_1_453' title='bbox 2995 3292 3375 3358; x_wconf 89' lang='lat' dir='ltr'><strong>insimulante,</strong></span> <span class='ocrx_word' id='word_1_454' title='bbox 3407 3290 3572 3346; x_wconf 85' lang='lat' dir='ltr'><strong>indi-</strong></span> 
     </span>
    </p>
   </div>
   <div class='ocr_carea' id='block_1_69' title="bbox 1982 3383 3568 3453">
    <p class='ocr_par' dir='ltr' id='par_1_69' title="bbox 1982 3383 3568 3453">
     <span class='ocr_line' id='line_1_69' title="bbox 1982 3383 3568 3453; baseline -0.008 -3"><span class='ocrx_word' id='word_1_455' title='bbox 1982 3405 2070 3450; x_wconf 87' lang='lat' dir='ltr'><strong>cta</strong></span> <span class='ocrx_word' id='word_1_456' title='bbox 2129 3393 2327 3448; x_wconf 86' lang='lat' dir='ltr'><strong>mortis</strong></span> <span class='ocrx_word' id='word_1_457' title='bbox 2392 3388 2667 3446; x_wconf 87' lang='lat' dir='ltr'><strong>sententia</strong></span> <span class='ocrx_word' id='word_1_458' title='bbox 2721 3395 2827 3441; x_wconf 87' lang='lat' dir='ltr'><strong>est.</strong></span> <span class='ocrx_word' id='word_1_459' title='bbox 2879 3383 3206 3453; x_wconf 84' lang='lat' dir='ltr'><strong>Quanquam</strong></span> <span class='ocrx_word' id='word_1_460' title='bbox 3255 3392 3482 3438; x_wconf 80' lang='lat' dir='ltr'><strong>exorato</strong></span> <span class='ocrx_word' id='word_1_461' title='bbox 3535 3397 3568 3437; x_wconf 93' lang='lat' dir='ltr'><strong>a</strong></span> 
     </span>
    </p>
   </div>
   <div class='ocr_carea' id='block_1_70' title="bbox 138 4593 1879 4674">
    <p class='ocr_par' dir='ltr' id='par_1_70' title="bbox 138 4593 1879 4674">
     <span class='ocr_line' id='line_1_70' title="bbox 138 4593 1879 4674; baseline -0.002 -18"><span class='ocrx_word' id='word_1_462' title='bbox 138 4600 143 4604; x_wconf 73' lang='grc'><em>”</em></span> <span class='ocrx_word' id='word_1_463' title='bbox 253 4597 538 4674; x_wconf 77' lang='grc' dir='ltr'>παρευθὺ</span> <span class='ocrx_word' id='word_1_464' title='bbox 569 4596 638 4650; x_wconf 83' lang='grc' dir='ltr'>ἂν</span> <span class='ocrx_word' id='word_1_465' title='bbox 669 4594 857 4649; x_wconf 83' lang='grc' dir='ltr'>τοῦτον</span> <span class='ocrx_word' id='word_1_466' title='bbox 897 4593 1177 4665; x_wconf 81' lang='grc' dir='ltr'><strong>ἀπήλλαξε</strong></span> <span class='ocrx_word' id='word_1_467' title='bbox 1212 4595 1305 4648; x_wconf 84' lang='grc' dir='ltr'>τοῦ</span> <span class='ocrx_word' id='word_1_468' title='bbox 1339 4595 1460 4666; x_wconf 74' lang='grc' dir='ltr'><strong>ζῇν.</strong></span> <span class='ocrx_word' id='word_1_469' title='bbox 1491 4597 1599 4651; x_wconf 83' lang='grc' dir='ltr'><strong>Τοῦ</strong></span> <span class='ocrx_word' id='word_1_470' title='bbox 1628 4599 1684 4653; x_wconf 71' lang='grc' dir='ltr'>δὲ</span> <span class='ocrx_word' id='word_1_471' title='bbox 1707 4600 1879 4668; x_wconf 79' lang='grc' dir='ltr'>αἵμα-</span> 
     </span>
    </p>
   </div>
   <div class='ocr_carea' id='block_1_71' title="bbox 1981 3475 3569 3556">
    <p class='ocr_par' dir='ltr' id='par_1_71' title="bbox 1981 3475 3569 3556">
     <span class='ocr_line' id='line_1_71' title="bbox 1981 3475 3569 3556; baseline -0.009 -12"><span class='ocrx_word' id='word_1_472' title='bbox 1981 3487 2208 3544; x_wconf 81' lang='lat' dir='ltr'><strong>Nicolao</strong></span> <span class='ocrx_word' id='word_1_473' title='bbox 2253 3484 2568 3556; x_wconf 85' lang='lat' dir='ltr'><strong>patriarcha</strong></span> <span class='ocrx_word' id='word_1_474' title='bbox 2617 3482 2957 3552; x_wconf 84' lang='lat' dir='ltr'><strong>imperatore</strong></span> <span class='ocrx_word' id='word_1_475' title='bbox 2991 3477 3134 3532; x_wconf 78' lang='lat' dir='ltr'><strong>facta</strong></span> <span class='ocrx_word' id='word_1_476' title='bbox 3186 3476 3381 3532; x_wconf 86' lang='lat' dir='ltr'><strong>mortis</strong></span> <span class='ocrx_word' id='word_1_477' title='bbox 3407 3475 3569 3532; x_wconf 78' lang='lat' dir='ltr'><strong>venia</strong></span> 
     </span>
    </p>
   </div>
   <div class='ocr_carea' id='block_1_72' title="bbox 1980 3567 3570 3637">
    <p class='ocr_par' dir='ltr' id='par_1_72' title="bbox 1980 3567 3570 3637">
     <span class='ocr_line' id='line_1_72' title="bbox 1980 3567 3570 3637; baseline -0.009 0"><span class='ocrx_word' id='word_1_478' title='bbox 1980 3590 2084 3637; x_wconf 88' lang='lat' dir='ltr'><strong>est.</strong></span> <span class='ocrx_word' id='word_1_479' title='bbox 2115 3579 2442 3635; x_wconf 83' lang='lat' dir='ltr'><strong>Monachum</strong></span> <span class='ocrx_word' id='word_1_480' title='bbox 2478 3576 2620 3630; x_wconf 90' lang='lat' dir='ltr'><strong>inire</strong></span> <span class='ocrx_word' id='word_1_481' title='bbox 2650 3588 3005 3637; x_wconf 88' lang='lat' dir='ltr'><strong>concessum,</strong></span> <span class='ocrx_word' id='word_1_482' title='bbox 3035 3569 3347 3626; x_wconf 88' lang='lat' dir='ltr'><strong>Caramalin</strong></span> <span class='ocrx_word' id='word_1_483' title='bbox 3388 3567 3570 3624; x_wconf 86' lang='lat' dir='ltr'><strong>Pieri-</strong></span> 
     </span>
    </p>
   </div>
   <div class='ocr_carea' id='block_1_73' title="bbox 259 3480 1878 3563">
    <p class='ocr_par' dir='ltr' id='par_1_73' title="bbox 259 3480 1878 3563">
     <span class='ocr_line' id='line_1_73' title="bbox 259 3480 1878 3563; baseline 0.007 -27"><span class='ocrx_word' id='word_1_484' title='bbox 259 3480 636 3552; x_wconf 76' lang='grc' dir='ltr'>πατριάρχου</span> <span class='ocrx_word' id='word_1_485' title='bbox 670 3483 710 3514; x_wconf 77' lang='grc'><strong>’⁸</strong></span> <span class='ocrx_word' id='word_1_486' title='bbox 735 3481 1106 3552; x_wconf 71' lang='grc' dir='ltr'>ἐλεγχθέντων</span> <span class='ocrx_word' id='word_1_487' title='bbox 1144 3485 1298 3556; x_wconf 75' lang='grc' dir='ltr'>παρὰ</span> <span class='ocrx_word' id='word_1_488' title='bbox 1319 3487 1540 3558; x_wconf 82' lang='grc' dir='ltr'>Μιχαὴλ</span> <span class='ocrx_word' id='word_1_489' title='bbox 1561 3488 1657 3542; x_wconf 82' lang='grc' dir='ltr'>τοῦ</span> <span class='ocrx_word' id='word_1_490' title='bbox 1691 3493 1878 3563; x_wconf 81' lang='grc' dir='ltr'>Χαρά-</span> 
     </span>
    </p>
   </div>
   <div class='ocr_carea' id='block_1_74' title="bbox 261 3573 1881 3655">
    <p class='ocr_par' dir='ltr' id='par_1_74' title="bbox 261 3573 1881 3655">
     <span class='ocr_line' id='line_1_74' title="bbox 261 3573 1881 3655; baseline 0.005 -25"><span class='ocrx_word' id='word_1_491' title='bbox 261 3593 412 3630; x_wconf 87' lang='grc' dir='ltr'>κτου</span> <span class='ocrx_word' id='word_1_492' title='bbox 447 3573 530 3637; x_wconf 84' lang='grc' dir='ltr'><strong>ὡς</strong></span> <span class='ocrx_word' id='word_1_493' title='bbox 566 3574 864 3646; x_wconf 81' lang='grc' dir='ltr'>προδοτῶν,</span> <span class='ocrx_word' id='word_1_494' title='bbox 892 3575 1301 3648; x_wconf 86' lang='grc' dir='ltr'>κατεκρίθησαν</span> <span class='ocrx_word' id='word_1_495' title='bbox 1330 3577 1565 3650; x_wconf 82' lang='grc' dir='ltr'>θανάτῳ.</span> <span class='ocrx_word' id='word_1_496' title='bbox 1589 3582 1881 3655; x_wconf 70' lang='grc' dir='ltr'>Παρακληο</span> 
     </span>
    </p>
   </div>
   <div class='ocr_carea' id='block_1_75' title="bbox 260 3659 1877 3747">
    <p class='ocr_par' dir='ltr' id='par_1_75' title="bbox 260 3666 1877 3747">
     <span class='ocr_line' id='line_1_75' title="bbox 260 3666 1877 3747; baseline 0.005 -23"><span class='ocrx_word' id='word_1_497' title='bbox 260 3669 473 3732; x_wconf 75' lang='grc' dir='ltr'>θέντος</span> <span class='ocrx_word' id='word_1_498' title='bbox 507 3667 561 3720; x_wconf 82' lang='grc' dir='ltr'>δὲ</span> <span class='ocrx_word' id='word_1_499' title='bbox 591 3666 686 3720; x_wconf 82' lang='grc' dir='ltr'><strong>τοῦ</strong></span> <span class='ocrx_word' id='word_1_500' title='bbox 717 3666 982 3738; x_wconf 84' lang='grc' dir='ltr'>βασιλέως</span> <span class='ocrx_word' id='word_1_501' title='bbox 1011 3668 1160 3738; x_wconf 74' lang='grc' dir='ltr'>παρὰ</span> <span class='ocrx_word' id='word_1_502' title='bbox 1185 3669 1455 3724; x_wconf 82' lang='grc' dir='ltr'>Νικολάου</span> <span class='ocrx_word' id='word_1_503' title='bbox 1485 3672 1580 3726; x_wconf 86' lang='grc' dir='ltr'>τοῦ</span> <span class='ocrx_word' id='word_1_504' title='bbox 1611 3679 1877 3747; x_wconf 86' lang='grc' dir='ltr'>πατριάρ-</span> 
     </span>
    </p>
   </div>
   <div class='ocr_carea' id='block_1_76' title="bbox 1991 3659 3570 3747">
    <p class='ocr_par' dir='ltr' id='par_1_76' title="bbox 1991 3659 3570 3738">
     <span class='ocr_line' id='line_1_76' title="bbox 1991 3659 3570 3738; baseline -0.01 -8"><span class='ocrx_word' id='word_1_505' title='bbox 1991 3675 2082 3738; x_wconf 77' lang='lat' dir='ltr'><strong>dii,</strong></span> <span class='ocrx_word' id='word_1_506' title='bbox 2116 3671 2406 3729; x_wconf 83' lang='lat' dir='ltr'><strong>Eustathio</strong></span> <span class='ocrx_word' id='word_1_507' title='bbox 2432 3669 2488 3723; x_wconf 90' lang='lat' dir='ltr'><strong>in</strong></span> <span class='ocrx_word' id='word_1_508' title='bbox 2519 3666 2721 3723; x_wconf 88' lang='lat' dir='ltr'><strong>Studii.</strong></span> <span class='ocrx_word' id='word_1_509' title='bbox 2745 3666 2916 3735; x_wconf 90' lang='lat' dir='ltr'><strong>Capta</strong></span> <span class='ocrx_word' id='word_1_510' title='bbox 2938 3672 3024 3719; x_wconf 89' lang='lat' dir='ltr'><strong>est</strong></span> <span class='ocrx_word' id='word_1_511' title='bbox 3049 3672 3105 3719; x_wconf 91' lang='lat' dir='ltr'><strong>et</strong></span> <span class='ocrx_word' id='word_1_512' title='bbox 3129 3663 3368 3718; x_wconf 86' lang='lat' dir='ltr'><strong>Lemnus</strong></span> <span class='ocrx_word' id='word_1_513' title='bbox 3389 3659 3570 3716; x_wconf 80' lang='lat' dir='ltr'><strong>insula</strong></span> 
     </span>
    </p>
   </div>
   <div class='ocr_carea' id='block_1_77' title="bbox 259 3753 1877 3839">
    <p class='ocr_par' dir='ltr' id='par_1_77' title="bbox 259 3760 1877 3839">
     <span class='ocr_line' id='line_1_77' title="bbox 259 3760 1877 3839; baseline 0.002 -21"><span class='ocrx_word' id='word_1_514' title='bbox 259 3783 396 3836; x_wconf 84' lang='grc' dir='ltr'>χου.</span> <span class='ocrx_word' id='word_1_515' title='bbox 462 3760 560 3815; x_wconf 71' lang='grc' dir='ltr'><strong>τὸν</strong></span> <span class='ocrx_word' id='word_1_516' title='bbox 614 3761 844 3814; x_wconf 87' lang='grc' dir='ltr'>θάνατον</span> <span class='ocrx_word' id='word_1_517' title='bbox 891 3761 1370 3835; x_wconf 85' lang='grc' dir='ltr'>συνεχωρήθησαν,</span> <span class='ocrx_word' id='word_1_518' title='bbox 1427 3767 1654 3836; x_wconf 84' lang='grc' dir='ltr'>μοναχοὶ</span> <span class='ocrx_word' id='word_1_519' title='bbox 1701 3771 1729 3823; x_wconf 85' lang='grc' dir='ltr'><strong>ὀ</strong></span> <span class='ocrx_word' id='word_1_520' title='bbox 1779 3770 1877 3839; x_wconf 67' lang='grc' dir='ltr'><strong>μὲν</strong></span> 
     </span>
    </p>
   </div>
   <div class='ocr_carea' id='block_1_78' title="bbox 1991 3753 3567 3839">
    <p class='ocr_par' dir='ltr' id='par_1_78' title="bbox 1991 3753 3567 3838">
     <span class='ocr_line' id='line_1_78' title="bbox 1991 3753 3567 3838; baseline -0.013 -13"><span class='ocrx_word' id='word_1_521' title='bbox 1991 3771 2052 3825; x_wconf 73' lang='lat' dir='ltr'><strong>ab</strong></span> <span class='ocrx_word' id='word_1_522' title='bbox 2083 3765 2372 3838; x_wconf 72' lang='lat' dir='ltr'><strong>Agarenis,</strong></span> <span class='ocrx_word' id='word_1_523' title='bbox 2415 3762 2608 3817; x_wconf 88' lang='lat' dir='ltr'><strong>multis</strong></span> <span class='ocrx_word' id='word_1_524' title='bbox 2647 3759 2961 3814; x_wconf 88' lang='lat' dir='ltr'><strong>incolarum</strong></span> <span class='ocrx_word' id='word_1_525' title='bbox 3011 3756 3267 3812; x_wconf 89' lang='lat' dir='ltr'><strong>abductis</strong></span> <span class='ocrx_word' id='word_1_526' title='bbox 3313 3753 3567 3824; x_wconf 81' lang='lat' dir='ltr'><strong>captivis.</strong></span> 
     </span>
    </p>
   </div>
   <div class='ocr_carea' id='block_1_79' title="bbox 259 3843 3570 3928">
    <p class='ocr_par' dir='ltr' id='par_1_79' title="bbox 259 3843 3570 3928">
     <span class='ocr_line' id='line_1_79' title="bbox 259 3843 3570 3928; baseline 0.001 -22"><span class='ocrx_word' id='word_1_527' title='bbox 259 3853 628 3928; x_wconf 79' lang='grc' dir='ltr'>Καράμαλος</span> <span class='ocrx_word' id='word_1_528' title='bbox 653 3853 734 3918; x_wconf 85' lang='grc' dir='ltr'><strong>είς</strong></span> <span class='ocrx_word' id='word_1_529' title='bbox 762 3853 828 3907; x_wconf 82' lang='grc' dir='ltr'><strong>τά</strong></span> <span class='ocrx_word' id='word_1_530' title='bbox 852 3854 1158 3924; x_wconf 82' lang='grc' dir='ltr'>Πικριδίου,</span> <span class='ocrx_word' id='word_1_531' title='bbox 1196 3857 1224 3908; x_wconf 86' lang='grc' dir='ltr'><strong>ὁ</strong></span> <span class='ocrx_word' id='word_1_532' title='bbox 1249 3856 1306 3908; x_wconf 75' lang='grc' dir='ltr'>δὲ</span> <span class='ocrx_word' id='word_1_533' title='bbox 1330 3855 1627 3922; x_wconf 63' lang='lat' dir='ltr'><strong>Bonam;</strong></span> <span class='ocrx_word' id='word_1_534' title='bbox 1655 3862 1736 3924; x_wconf 86' lang='grc' dir='ltr'><strong>είς</strong></span> <span class='ocrx_word' id='word_1_535' title='bbox 1765 3863 1873 3919; x_wconf 86' lang='grc' dir='ltr'><strong>τῶν</strong></span> <span class='ocrx_word' id='word_1_536' title='bbox 1920 3862 2198 3920; x_wconf 82' lang='grc' dir='ltr'>Στουδίου.</span> <span class='ocrx_word' id='word_1_537' title='bbox 2251 3854 2585 3926; x_wconf 79' lang='grc' dir='ltr'>Παρελήφθη</span> <span class='ocrx_word' id='word_1_538' title='bbox 2634 3853 2691 3906; x_wconf 66' lang='grc' dir='ltr'>δὲ</span> <span class='ocrx_word' id='word_1_539' title='bbox 2738 3854 2836 3905; x_wconf 71' lang='grc' dir='ltr'>καὶ</span> <span class='ocrx_word' id='word_1_540' title='bbox 2901 3851 3124 3922; x_wconf 75' lang='grc' dir='ltr'>Λῆμνος</span> <span class='ocrx_word' id='word_1_541' title='bbox 3185 3850 3218 3920; x_wconf 76' lang='grc' dir='ltr'>ἡ</span> <span class='ocrx_word' id='word_1_542' title='bbox 3259 3850 3420 3918; x_wconf 75' lang='grc' dir='ltr'>νῆσος</span> <span class='ocrx_word' id='word_1_543' title='bbox 3462 3843 3570 3897; x_wconf 73' lang='grc' dir='ltr'><strong>ὗπδ</strong></span> 
     </span>
    </p>
   </div>
   <div class='ocr_carea' id='block_1_80' title="bbox 257 3944 1859 4020">
    <p class='ocr_par' dir='ltr' id='par_1_80' title="bbox 257 3944 1859 4020">
     <span class='ocr_line' id='line_1_80' title="bbox 257 3944 1859 4020; baseline 0.018 -41"><span class='ocrx_word' id='word_1_544' title='bbox 257 3947 381 4005; x_wconf 68' lang='grc' dir='ltr'><strong>τῶν</strong></span> <span class='ocrx_word' id='word_1_545' title='bbox 436 3944 787 4016; x_wconf 71' lang='grc' dir='ltr'>Ἀγαρηνῶν,</span> <span class='ocrx_word' id='word_1_546' title='bbox 828 3944 1207 4016; x_wconf 84' lang='grc' dir='ltr'>αίχμαλωσίαν</span> <span class='ocrx_word' id='word_1_547' title='bbox 1237 3947 1436 4018; x_wconf 82' lang='grc' dir='ltr'>πολλὴν</span> <span class='ocrx_word' id='word_1_548' title='bbox 1468 3951 1859 4020; x_wconf 83' lang='grc' dir='ltr'>πεποιηκότες.</span> 
     </span>
    </p>
   </div>
   <div class='ocr_carea' id='block_1_81' title="bbox 338 4039 1874 4117">
    <p class='ocr_par' dir='ltr' id='par_1_81' title="bbox 338 4039 1874 4117">
     <span class='ocr_line' id='line_1_81' title="bbox 338 4039 1874 4117; baseline 0.002 -20"><span class='ocrx_word' id='word_1_549' title='bbox 338 4041 455 4110; x_wconf 78' lang='grc' dir='ltr'>κζ’.</span> <span class='ocrx_word' id='word_1_550' title='bbox 508 4040 601 4095; x_wconf 82' lang='grc' dir='ltr'><strong>Ἐν</strong></span> <span class='ocrx_word' id='word_1_551' title='bbox 625 4043 691 4112; x_wconf 80' lang='grc' dir='ltr'>τῇ</span> <span class='ocrx_word' id='word_1_552' title='bbox 734 4039 1053 4112; x_wconf 83' lang='grc' dir='ltr'>προελεύσει</span> <span class='ocrx_word' id='word_1_553' title='bbox 1104 4041 1162 4094; x_wconf 69' lang='grc' dir='ltr'>δὲ</span> <span class='ocrx_word' id='word_1_554' title='bbox 1204 4042 1302 4112; x_wconf 81' lang='grc' dir='ltr'><strong>τῆς</strong></span> <span class='ocrx_word' id='word_1_555' title='bbox 1360 4048 1874 4117; x_wconf 82' lang='grc' dir='ltr'>μεσοπεντηκοστῆς</span> 
     </span>
    </p>
   </div>
   <div class='ocr_carea' id='block_1_82' title="bbox 255 4131 1878 4205">
    <p class='ocr_par' dir='ltr' id='par_1_82' title="bbox 255 4131 1878 4205">
     <span class='ocr_line' id='line_1_82' title="bbox 255 4131 1878 4205; baseline 0.001 -14"><span class='ocrx_word' id='word_1_556' title='bbox 255 4136 363 4191; x_wconf 80' lang='grc' dir='ltr'>τοῦ</span> <span class='ocrx_word' id='word_1_557' title='bbox 405 4133 687 4205; x_wconf 80' lang='grc' dir='ltr'>βασιλέως</span> <span class='ocrx_word' id='word_1_558' title='bbox 718 4131 944 4195; x_wconf 79' lang='grc' dir='ltr'>Λέοντος</span> <span class='ocrx_word' id='word_1_559' title='bbox 975 4131 1294 4195; x_wconf 79' lang='grc' dir='ltr'>ἀνελθόντος</span> <span class='ocrx_word' id='word_1_560' title='bbox 1327 4134 1410 4196; x_wconf 89' lang='grc' dir='ltr'><strong>είς</strong></span> <span class='ocrx_word' id='word_1_561' title='bbox 1443 4134 1536 4187; x_wconf 84' lang='grc' dir='ltr'>τὸν</span> <span class='ocrx_word' id='word_1_562' title='bbox 1565 4136 1720 4205; x_wconf 74' lang='grc' dir='ltr'>ἅγιον</span> <span class='ocrx_word' id='word_1_563' title='bbox 1747 4138 1878 4193; x_wconf 65' lang='lat' dir='ltr'><strong>Mih-</strong></span> 
     </span>
    </p>
   </div>
   <div class='ocr_carea' id='block_1_83' title="bbox 256 4220 1876 4299">
    <p class='ocr_par' dir='ltr' id='par_1_83' title="bbox 256 4220 1876 4299">
     <span class='ocr_line' id='line_1_83' title="bbox 256 4220 1876 4299; baseline 0.001 -16"><span class='ocrx_word' id='word_1_564' title='bbox 256 4244 390 4284; x_wconf 81' lang='grc' dir='ltr'>κιον</span> <span class='ocrx_word' id='word_1_565' title='bbox 421 4226 532 4280; x_wconf 73' lang='grc' dir='ltr'>καὶ</span> <span class='ocrx_word' id='word_1_566' title='bbox 590 4222 975 4288; x_wconf 85' lang='grc' dir='ltr'>είσοδεύοντος,</span> <span class='ocrx_word' id='word_1_567' title='bbox 1041 4225 1132 4278; x_wconf 82' lang='grc' dir='ltr'><strong>ὅτε</strong></span> <span class='ocrx_word' id='word_1_568' title='bbox 1182 4220 1313 4297; x_wconf 76' lang='grc' dir='ltr'>ἦλθε</span> <span class='ocrx_word' id='word_1_569' title='bbox 1375 4225 1602 4299; x_wconf 80' lang='grc' dir='ltr'>πλησίον</span> <span class='ocrx_word' id='word_1_570' title='bbox 1648 4231 1876 4297; x_wconf 74' lang='grc' dir='ltr'>σωλέας,</span> 
     </span>
    </p>
   </div>
   <div class='ocr_carea' id='block_1_84' title="bbox 252 4315 1878 4392">
    <p class='ocr_par' dir='ltr' id='par_1_84' title="bbox 252 4315 1878 4392">
     <span class='ocr_line' id='line_1_84' title="bbox 252 4315 1878 4392; baseline 0 -15"><span class='ocrx_word' id='word_1_571' title='bbox 252 4319 522 4389; x_wconf 67' lang='grc' dir='ltr'>ἐξελθών</span> <span class='ocrx_word' id='word_1_572' title='bbox 560 4334 642 4381; x_wconf 90' lang='grc' dir='ltr'><strong>τις</strong></span> <span class='ocrx_word' id='word_1_573' title='bbox 688 4317 751 4370; x_wconf 67' lang='lat' dir='ltr'><strong>lx</strong></span> <span class='ocrx_word' id='word_1_574' title='bbox 807 4315 903 4368; x_wconf 75' lang='grc' dir='ltr'>τοῦ</span> <span class='ocrx_word' id='word_1_575' title='bbox 959 4315 1214 4386; x_wconf 75' lang='grc' dir='ltr'>ἄμϐωνος</span> <span class='ocrx_word' id='word_1_576' title='bbox 1271 4317 1502 4372; x_wconf 78' lang='grc' dir='ltr'>δέδωκεν</span> <span class='ocrx_word' id='word_1_577' title='bbox 1550 4320 1700 4392; x_wconf 81' lang='grc' dir='ltr'>αὐτῷ</span> <span class='ocrx_word' id='word_1_578' title='bbox 1740 4324 1878 4392; x_wconf 82' lang='grc' dir='ltr'>μετὰ</span> 
     </span>
    </p>
   </div>
   <div class='ocr_carea' id='block_1_85' title="bbox 252 4408 1880 4488">
    <p class='ocr_par' dir='ltr' id='par_1_85' title="bbox 252 4408 1880 4488">
     <span class='ocr_line' id='line_1_85' title="bbox 252 4408 1880 4488; baseline 0.003 -23"><span class='ocrx_word' id='word_1_579' title='bbox 252 4415 480 4488; x_wconf 77' lang='grc' dir='ltr'>ῥάϐδου</span> <span class='ocrx_word' id='word_1_580' title='bbox 520 4410 752 4482; x_wconf 69' lang='grc' dir='ltr'>ἰσχυρᾶς</span> <span class='ocrx_word' id='word_1_581' title='bbox 777 4408 870 4463; x_wconf 73' lang='grc' dir='ltr'>καὶ</span> <span class='ocrx_word' id='word_1_582' title='bbox 896 4408 1130 4479; x_wconf 84' lang='grc' dir='ltr'>παχείας</span> <span class='ocrx_word' id='word_1_583' title='bbox 1151 4427 1163 4440; x_wconf 76' lang='grc' dir='ltr'><strong><em>ο</em></strong></span> <span class='ocrx_word' id='word_1_584' title='bbox 1193 4410 1284 4463; x_wconf 68' lang='grc' dir='ltr'>καὶ</span> <span class='ocrx_word' id='word_1_585' title='bbox 1311 4411 1359 4463; x_wconf 86' lang='grc' dir='ltr'><strong>εί</strong></span> <span class='ocrx_word' id='word_1_586' title='bbox 1391 4410 1517 4483; x_wconf 79' lang='grc' dir='ltr'><strong>μὴή</strong></span> <span class='ocrx_word' id='word_1_587' title='bbox 1547 4414 1589 4446; x_wconf 80' lang='grc'><strong>⁸³</strong></span> <span class='ocrx_word' id='word_1_588' title='bbox 1614 4416 1754 4486; x_wconf 80' lang='grc' dir='ltr'>φορὰ</span> <span class='ocrx_word' id='word_1_589' title='bbox 1779 4417 1880 4486; x_wconf 74' lang='grc' dir='ltr'>τῆς</span> 
     </span>
    </p>
   </div>
   <div class='ocr_carea' id='block_1_86' title="bbox 253 4501 1878 4581">
    <p class='ocr_par' dir='ltr' id='par_1_86' title="bbox 253 4501 1878 4581">
     <span class='ocr_line' id='line_1_86' title="bbox 253 4501 1878 4581; baseline 0.001 -20"><span class='ocrx_word' id='word_1_590' title='bbox 253 4507 480 4581; x_wconf 73' lang='grc' dir='ltr'>ῥάϐδου</span> <span class='ocrx_word' id='word_1_591' title='bbox 524 4504 608 4566; x_wconf 85' lang='grc' dir='ltr'><strong>είς</strong></span> <span class='ocrx_word' id='word_1_592' title='bbox 642 4501 1048 4572; x_wconf 85' lang='grc' dir='ltr'>πολυκάνδηλον</span> <span class='ocrx_word' id='word_1_593' title='bbox 1089 4503 1484 4570; x_wconf 68' lang='grc' dir='ltr'>ιμποδισθείσα</span> <span class='ocrx_word' id='word_1_594' title='bbox 1516 4505 1878 4579; x_wconf 85' lang='grc' dir='ltr'>διεχαυνώθη,</span> 
     </span>
    </p>
   </div>
   <div class='ocr_carea' id='block_1_87' title="bbox 2053 4038 3566 4115">
    <p class='ocr_par' dir='ltr' id='par_1_87' title="bbox 2053 4038 3566 4115">
     <span class='ocr_line' id='line_1_87' title="bbox 2053 4038 3566 4115; baseline -0.01 -13"><span class='ocrx_word' id='word_1_595' title='bbox 2053 4049 2144 4102; x_wconf 86' lang='lat'><strong>27.</strong></span> <span class='ocrx_word' id='word_1_596' title='bbox 2181 4046 2240 4102; x_wconf 89' lang='lat' dir='ltr'><strong>ln</strong></span> <span class='ocrx_word' id='word_1_597' title='bbox 2270 4058 2534 4115; x_wconf 88' lang='lat' dir='ltr'><strong>processu</strong></span> <span class='ocrx_word' id='word_1_598' title='bbox 2577 4050 2760 4095; x_wconf 89' lang='lat' dir='ltr'><strong>autem</strong></span> <span class='ocrx_word' id='word_1_599' title='bbox 2795 4038 2992 4094; x_wconf 65' lang='lat' dir='ltr'><strong>mediae</strong></span> <span class='ocrx_word' id='word_1_600' title='bbox 3033 4038 3407 4100; x_wconf 76' lang='lat' dir='ltr'><strong>Pcntecostes,</strong></span> <span class='ocrx_word' id='word_1_601' title='bbox 3439 4049 3566 4088; x_wconf 84' lang='lat' dir='ltr'><strong>cum</strong></span> 
     </span>
    </p>
   </div>
   <div class='ocr_carea' id='block_1_88' title="bbox 1984 4127 3566 4209">
    <p class='ocr_par' dir='ltr' id='par_1_88' title="bbox 1984 4127 3566 4209">
     <span class='ocr_line' id='line_1_88' title="bbox 1984 4127 3566 4209; baseline -0.01 -14"><span class='ocrx_word' id='word_1_602' title='bbox 1984 4141 2096 4196; x_wconf 86' lang='lat' dir='ltr'><strong>Leo</strong></span> <span class='ocrx_word' id='word_1_603' title='bbox 2133 4140 2433 4209; x_wconf 88' lang='lat' dir='ltr'><strong>imperator</strong></span> <span class='ocrx_word' id='word_1_604' title='bbox 2460 4134 2528 4190; x_wconf 89' lang='lat' dir='ltr'><strong>ad</strong></span> <span class='ocrx_word' id='word_1_605' title='bbox 2557 4134 2612 4190; x_wconf 92' lang='lat' dir='ltr'><strong>S.</strong></span> <span class='ocrx_word' id='word_1_606' title='bbox 2647 4132 2807 4188; x_wconf 80' lang='lat' dir='ltr'><strong>Mocii</strong></span> <span class='ocrx_word' id='word_1_607' title='bbox 2839 4130 3181 4186; x_wconf 87' lang='lat' dir='ltr'><strong>ascendisset</strong></span> <span class='ocrx_word' id='word_1_608' title='bbox 3206 4144 3270 4183; x_wconf 88' lang='lat' dir='ltr'><strong>ac</strong></span> <span class='ocrx_word' id='word_1_609' title='bbox 3304 4127 3566 4196; x_wconf 88' lang='lat' dir='ltr'><strong>templum</strong></span> 
     </span>
    </p>
   </div>
   <div class='ocr_carea' id='block_1_89' title="bbox 1987 4222 3567 4299">
    <p class='ocr_par' dir='ltr' id='par_1_89' title="bbox 1987 4222 3567 4299">
     <span class='ocr_line' id='line_1_89' title="bbox 1987 4222 3567 4299; baseline -0.011 -10"><span class='ocrx_word' id='word_1_610' title='bbox 1987 4234 2244 4296; x_wconf 89' lang='lat' dir='ltr'><strong>intraret,</strong></span> <span class='ocrx_word' id='word_1_611' title='bbox 2277 4230 2373 4284; x_wconf 88' lang='lat' dir='ltr'><strong>ubi</strong></span> <span class='ocrx_word' id='word_1_612' title='bbox 2407 4229 2519 4299; x_wconf 84' lang='lat' dir='ltr'><strong>jam</strong></span> <span class='ocrx_word' id='word_1_613' title='bbox 2549 4241 2721 4298; x_wconf 88' lang='lat' dir='ltr'><strong>prope</strong></span> <span class='ocrx_word' id='word_1_614' title='bbox 2755 4225 2964 4280; x_wconf 88' lang='lat' dir='ltr'><strong>soleam</strong></span> <span class='ocrx_word' id='word_1_615' title='bbox 3001 4222 3283 4292; x_wconf 72' lang='lat' dir='ltr'><strong>attigerat,</strong></span> <span class='ocrx_word' id='word_1_616' title='bbox 3311 4234 3567 4291; x_wconf 75' lang='lat' dir='ltr'><strong>egressus</strong></span> 
     </span>
    </p>
   </div>
   <div class='ocr_carea' id='block_1_90' title="bbox 1982 4310 3567 4396">
    <p class='ocr_par' dir='ltr' id='par_1_90' title="bbox 1982 4310 3567 4396">
     <span class='ocr_line' id='line_1_90' title="bbox 1982 4310 3567 4396; baseline -0.01 -16"><span class='ocrx_word' id='word_1_617' title='bbox 1982 4324 2212 4396; x_wconf 79' lang='lat' dir='ltr'><strong>quidam</strong></span> <span class='ocrx_word' id='word_1_618' title='bbox 2240 4337 2308 4377; x_wconf 83' lang='lat' dir='ltr'><strong>ex</strong></span> <span class='ocrx_word' id='word_1_619' title='bbox 2341 4319 2578 4374; x_wconf 88' lang='lat' dir='ltr'><strong>ambone</strong></span> <span class='ocrx_word' id='word_1_620' title='bbox 2606 4332 2732 4372; x_wconf 92' lang='lat' dir='ltr'><strong>cum</strong></span> <span class='ocrx_word' id='word_1_621' title='bbox 2764 4315 2994 4370; x_wconf 86' lang='lat' dir='ltr'><strong>robusto</strong></span> <span class='ocrx_word' id='word_1_622' title='bbox 3025 4313 3168 4368; x_wconf 82' lang='lat' dir='ltr'><strong>fuste</strong></span> <span class='ocrx_word' id='word_1_623' title='bbox 3199 4327 3262 4367; x_wconf 90' lang='lat' dir='ltr'><strong>ac</strong></span> <span class='ocrx_word' id='word_1_624' title='bbox 3285 4326 3470 4367; x_wconf 87' lang='lat' dir='ltr'><strong>crasso</strong></span> <span class='ocrx_word' id='word_1_625' title='bbox 3509 4310 3567 4364; x_wconf 91' lang='lat' dir='ltr'><strong>in</strong></span> 
     </span>
    </p>
   </div>
   <div class='ocr_carea' id='block_1_91' title="bbox 1983 4401 3565 4487">
    <p class='ocr_par' dir='ltr' id='par_1_91' title="bbox 1983 4401 3565 4487">
     <span class='ocr_line' id='line_1_91' title="bbox 1983 4401 3565 4487; baseline -0.011 -13"><span class='ocrx_word' id='word_1_626' title='bbox 1983 4425 2150 4487; x_wconf 87' lang='lat' dir='ltr'><strong>caput</strong></span> <span class='ocrx_word' id='word_1_627' title='bbox 2179 4413 2424 4485; x_wconf 73' lang='lat' dir='ltr'><strong>impegit.</strong></span> <span class='ocrx_word' id='word_1_628' title='bbox 2459 4411 2537 4466; x_wconf 84' lang='lat' dir='ltr'><strong>Ac</strong></span> <span class='ocrx_word' id='word_1_629' title='bbox 2565 4409 2672 4465; x_wconf 88' lang='lat' dir='ltr'><strong>nisi</strong></span> <span class='ocrx_word' id='word_1_630' title='bbox 2704 4408 2867 4464; x_wconf 78' lang='lat' dir='ltr'><strong>fustis</strong></span> <span class='ocrx_word' id='word_1_631' title='bbox 2893 4406 3006 4462; x_wconf 92' lang='lat' dir='ltr'><strong>ictu</strong></span> <span class='ocrx_word' id='word_1_632' title='bbox 3036 4405 3333 4476; x_wconf 90' lang='lat' dir='ltr'><strong>interjecto</strong></span> <span class='ocrx_word' id='word_1_633' title='bbox 3359 4401 3565 4458; x_wconf 89' lang='lat' dir='ltr'><strong>cande-</strong></span> 
     </span>
    </p>
   </div>
   <div class='ocr_carea' id='block_1_92' title="bbox 1983 4493 3564 4565">
    <p class='ocr_par' dir='ltr' id='par_1_92' title="bbox 1983 4493 3564 4565">
     <span class='ocr_line' id='line_1_92' title="bbox 1983 4493 3564 4565; baseline -0.01 0"><span class='ocrx_word' id='word_1_634' title='bbox 1983 4509 2129 4565; x_wconf 85' lang='lat' dir='ltr'><strong>labri</strong></span> <span class='ocrx_word' id='word_1_635' title='bbox 2163 4506 2428 4563; x_wconf 89' lang='lat' dir='ltr'><strong>remissus</strong></span> <span class='ocrx_word' id='word_1_636' title='bbox 2455 4503 2653 4558; x_wconf 81' lang='lat' dir='ltr'><strong>fuisset</strong></span> <span class='ocrx_word' id='word_1_637' title='bbox 2693 4516 2758 4556; x_wconf 90' lang='lat' dir='ltr'><strong>ac</strong></span> <span class='ocrx_word' id='word_1_638' title='bbox 2807 4498 3144 4564; x_wconf 82' lang='lat' dir='ltr'><strong>retardatus,</strong></span> <span class='ocrx_word' id='word_1_639' title='bbox 3174 4495 3466 4552; x_wconf 77' lang='lat' dir='ltr'><strong>confestim</strong></span> <span class='ocrx_word' id='word_1_640' title='bbox 3513 4493 3564 4550; x_wconf 77' lang='lat' dir='ltr'><strong>ei</strong></span> 
     </span>
    </p>
   </div>
   <div class='ocr_carea' id='block_1_93' title="bbox 1981 4588 3565 4660">
    <p class='ocr_par' dir='ltr' id='par_1_93' title="bbox 1981 4588 3565 4660">
     <span class='ocr_line' id='line_1_93' title="bbox 1981 4588 3565 4660; baseline -0.01 -4"><span class='ocrx_word' id='word_1_641' title='bbox 1981 4605 2152 4660; x_wconf 79' lang='lat' dir='ltr'><strong>vitam</strong></span> <span class='ocrx_word' id='word_1_642' title='bbox 2192 4599 2534 4655; x_wconf 86' lang='lat' dir='ltr'><strong>abstulisset.</strong></span> <span class='ocrx_word' id='word_1_643' title='bbox 2575 4593 2786 4650; x_wconf 88' lang='lat' dir='ltr'><strong>Cruore</strong></span> <span class='ocrx_word' id='word_1_644' title='bbox 2820 4599 3008 4646; x_wconf 91' lang='lat' dir='ltr'><strong>autem</strong></span> <span class='ocrx_word' id='word_1_645' title='bbox 3041 4605 3072 4644; x_wconf 94' lang='lat' dir='ltr'><strong>e</strong></span> <span class='ocrx_word' id='word_1_646' title='bbox 3105 4589 3288 4659; x_wconf 87' lang='lat' dir='ltr'><strong>capite</strong></span> <span class='ocrx_word' id='word_1_647' title='bbox 3324 4588 3565 4657; x_wconf 89' lang='lat' dir='ltr'><strong>impera-</strong></span> 
     </span>
    </p>
   </div>
   <div class='ocr_carea' id='block_1_94' title="bbox 1981 4676 3566 4757">
    <p class='ocr_par' dir='ltr' id='par_1_94' title="bbox 1981 4676 3566 4757">
     <span class='ocr_line' id='line_1_94' title="bbox 1981 4676 3566 4757; baseline -0.009 -13"><span class='ocrx_word' id='word_1_648' title='bbox 1981 4689 2118 4744; x_wconf 88' lang='lat' dir='ltr'><strong>toris</strong></span> <span class='ocrx_word' id='word_1_649' title='bbox 2150 4686 2377 4757; x_wconf 74' lang='lat' dir='ltr'><strong>largitcr</strong></span> <span class='ocrx_word' id='word_1_650' title='bbox 2417 4682 2704 4738; x_wconf 73' lang='lat' dir='ltr'><strong>ditﬂuente</strong></span> <span class='ocrx_word' id='word_1_651' title='bbox 2747 4680 2893 4736; x_wconf 75' lang='lat' dir='ltr'><strong>facta</strong></span> <span class='ocrx_word' id='word_1_652' title='bbox 2941 4678 3184 4734; x_wconf 90' lang='lat' dir='ltr'><strong>turbatio</strong></span> <span class='ocrx_word' id='word_1_653' title='bbox 3215 4685 3302 4733; x_wconf 87' lang='lat' dir='ltr'><strong>est</strong></span> <span class='ocrx_word' id='word_1_654' title='bbox 3345 4691 3408 4732; x_wconf 88' lang='lat' dir='ltr'><strong>ac</strong></span> <span class='ocrx_word' id='word_1_655' title='bbox 3439 4676 3566 4746; x_wconf 72' lang='lat' dir='ltr'><strong>fuga</strong></span> 
     </span>
    </p>
   </div>
   <div class='ocr_carea' id='block_1_95' title="bbox 1979 4770 3564 4852">
    <p class='ocr_par' dir='ltr' id='par_1_95' title="bbox 1979 4770 3564 4852">
     <span class='ocr_line' id='line_1_95' title="bbox 1979 4770 3564 4852; baseline -0.009 -16"><span class='ocrx_word' id='word_1_656' title='bbox 1979 4793 2295 4852; x_wconf 87' lang='lat' dir='ltr'><strong>procerum,</strong></span> <span class='ocrx_word' id='word_1_657' title='bbox 2323 4777 2594 4846; x_wconf 85' lang='lat' dir='ltr'><strong>multique</strong></span> <span class='ocrx_word' id='word_1_658' title='bbox 2627 4775 2682 4829; x_wconf 94' lang='lat' dir='ltr'><strong>in</strong></span> <span class='ocrx_word' id='word_1_659' title='bbox 2717 4789 2780 4828; x_wconf 86' lang='lat' dir='ltr'><strong>ea</strong></span> <span class='ocrx_word' id='word_1_660' title='bbox 2816 4771 3122 4842; x_wconf 89' lang='lat' dir='ltr'><strong>perierunt.</strong></span> <span class='ocrx_word' id='word_1_661' title='bbox 3150 4770 3342 4825; x_wconf 85' lang='lat' dir='ltr'><strong>Frater</strong></span> <span class='ocrx_word' id='word_1_662' title='bbox 3378 4777 3564 4824; x_wconf 85' lang='lat' dir='ltr'><strong>autem</strong></span> 
     </span>
    </p>
   </div>
   <div class='ocr_carea' id='block_1_96' title="bbox 1983 4861 3567 4935">
    <p class='ocr_par' dir='ltr' id='par_1_96' title="bbox 1983 4861 3567 4935">
     <span class='ocr_line' id='line_1_96' title="bbox 1983 4861 3567 4935; baseline -0.008 -7"><span class='ocrx_word' id='word_1_663' title='bbox 1983 4870 2186 4928; x_wconf 85' lang='lat' dir='ltr'><strong>Leonis</strong></span> <span class='ocrx_word' id='word_1_664' title='bbox 2213 4868 2524 4925; x_wconf 82' lang='lat' dir='ltr'><strong>Alexander</strong></span> <span class='ocrx_word' id='word_1_665' title='bbox 2553 4865 2808 4921; x_wconf 89' lang='lat' dir='ltr'><strong>morbum</strong></span> <span class='ocrx_word' id='word_1_666' title='bbox 2858 4872 3168 4935; x_wconf 61' lang='lat' dir='ltr'><strong>praetexens</strong></span> <span class='ocrx_word' id='word_1_667' title='bbox 3217 4861 3567 4918; x_wconf 81' lang='lat' dir='ltr'><strong>desideratus</strong></span> 
     </span>
    </p>
   </div>
   <div class='ocr_carea' id='block_1_97' title="bbox 1983 4952 3562 5034">
    <p class='ocr_par' dir='ltr' id='par_1_97' title="bbox 1983 4952 3562 5034">
     <span class='ocr_line' id='line_1_97' title="bbox 1983 4952 3562 5034; baseline -0.007 -15"><span class='ocrx_word' id='word_1_668' title='bbox 1983 4963 2040 5019; x_wconf 90' lang='lat' dir='ltr'><strong>in</strong></span> <span class='ocrx_word' id='word_1_669' title='bbox 2073 4964 2324 5034; x_wconf 75' lang='lat' dir='ltr'><strong>ingressu</strong></span> <span class='ocrx_word' id='word_1_670' title='bbox 2355 4968 2460 5025; x_wconf 88' lang='lat' dir='ltr'><strong>est,</strong></span> <span class='ocrx_word' id='word_1_671' title='bbox 2492 4967 2554 5014; x_wconf 85' lang='lat' dir='ltr'><strong>ut</strong></span> <span class='ocrx_word' id='word_1_672' title='bbox 2586 4957 2717 5013; x_wconf 89' lang='lat' dir='ltr'><strong>inde</strong></span> <span class='ocrx_word' id='word_1_673' title='bbox 2765 4956 3011 5028; x_wconf 87' lang='lat' dir='ltr'><strong>suspicio</strong></span> <span class='ocrx_word' id='word_1_674' title='bbox 3044 4955 3097 5011; x_wconf 91' lang='lat' dir='ltr'><strong>ei</strong></span> <span class='ocrx_word' id='word_1_675' title='bbox 3151 4953 3444 5009; x_wconf 74' lang='lat' dir='ltr'><strong>inoleverit</strong></span> <span class='ocrx_word' id='word_1_676' title='bbox 3485 4952 3562 5008; x_wconf 85' lang='lat' dir='ltr'><strong>is-</strong></span> 
     </span>
    </p>
   </div>
   <div class='ocr_carea' id='block_1_98' title="bbox 1985 5045 3562 5120">
    <p class='ocr_par' dir='ltr' id='par_1_98' title="bbox 1985 5045 3562 5120">
     <span class='ocr_line' id='line_1_98' title="bbox 1985 5045 3562 5120; baseline -0.006 -12"><span class='ocrx_word' id='word_1_677' title='bbox 1985 5055 2247 5111; x_wconf 88' lang='lat' dir='ltr'><strong>tiusmodi</strong></span> <span class='ocrx_word' id='word_1_678' title='bbox 2280 5052 2586 5110; x_wconf 91' lang='lat' dir='ltr'><strong>molitionis</strong></span> <span class='ocrx_word' id='word_1_679' title='bbox 2620 5061 2902 5106; x_wconf 90' lang='lat' dir='ltr'><strong>auctorem</strong></span> <span class='ocrx_word' id='word_1_680' title='bbox 2940 5049 3118 5120; x_wconf 87' lang='lat' dir='ltr'><strong>ipsum</strong></span> <span class='ocrx_word' id='word_1_681' title='bbox 3148 5048 3339 5103; x_wconf 81' lang='lat' dir='ltr'><strong>fuisse.</strong></span> <span class='ocrx_word' id='word_1_682' title='bbox 3369 5045 3562 5100; x_wconf 84' lang='lat' dir='ltr'><strong>Samo-</strong></span> 
     </span>
    </p>
   </div>
   <div class='ocr_carea' id='block_1_99' title="bbox 1985 5139 3562 5221">
    <p class='ocr_par' dir='ltr' id='par_1_99' title="bbox 1985 5139 3562 5221">
     <span class='ocr_line' id='line_1_99' title="bbox 1985 5139 3562 5221; baseline -0.008 -16"><span class='ocrx_word' id='word_1_683' title='bbox 1985 5165 2085 5205; x_wconf 89' lang='lat' dir='ltr'><strong>nas</strong></span> <span class='ocrx_word' id='word_1_684' title='bbox 2113 5165 2336 5221; x_wconf 85' lang='lat' dir='ltr'><strong>quoque</strong></span> <span class='ocrx_word' id='word_1_685' title='bbox 2367 5163 2478 5204; x_wconf 88' lang='lat' dir='ltr'><strong>non</strong></span> <span class='ocrx_word' id='word_1_686' title='bbox 2504 5156 2629 5204; x_wconf 89' lang='lat' dir='ltr'><strong>erat</strong></span> <span class='ocrx_word' id='word_1_687' title='bbox 2659 5145 2760 5210; x_wconf 88' lang='lat' dir='ltr'><strong>ibi,</strong></span> <span class='ocrx_word' id='word_1_688' title='bbox 2797 5143 2896 5201; x_wconf 83' lang='lat' dir='ltr'><strong>sed</strong></span> <span class='ocrx_word' id='word_1_689' title='bbox 2934 5142 3148 5198; x_wconf 88' lang='lat' dir='ltr'><strong>abierat</strong></span> <span class='ocrx_word' id='word_1_690' title='bbox 3180 5144 3348 5196; x_wconf 88' lang='lat' dir='ltr'><strong>Zoem</strong></span> <span class='ocrx_word' id='word_1_691' title='bbox 3385 5139 3562 5196; x_wconf 89' lang='lat' dir='ltr'><strong>addu-</strong></span> 
     </span>
    </p>
   </div>
   <div class='ocr_carea' id='block_1_100' title="bbox 1983 5235 3564 5314">
    <p class='ocr_par' dir='ltr' id='par_1_100' title="bbox 1983 5235 3564 5314">
     <span class='ocr_line' id='line_1_100' title="bbox 1983 5235 3564 5314; baseline -0.006 -16"><span class='ocrx_word' id='word_1_692' title='bbox 1983 5253 2176 5300; x_wconf 87' lang='lat' dir='ltr'><strong>cturus</strong></span> <span class='ocrx_word' id='word_1_693' title='bbox 2203 5244 2259 5299; x_wconf 90' lang='lat' dir='ltr'><strong>in</strong></span> <span class='ocrx_word' id='word_1_694' title='bbox 2289 5241 2578 5314; x_wconf 86' lang='lat' dir='ltr'><strong>palatium,</strong></span> <span class='ocrx_word' id='word_1_695' title='bbox 2613 5247 2674 5295; x_wconf 89' lang='lat' dir='ltr'><strong>ut</strong></span> <span class='ocrx_word' id='word_1_696' title='bbox 2706 5254 2831 5294; x_wconf 91' lang='lat' dir='ltr'><strong>cum</strong></span> <span class='ocrx_word' id='word_1_697' title='bbox 2859 5240 3192 5306; x_wconf 87' lang='lat' dir='ltr'><strong>imperatore</strong></span> <span class='ocrx_word' id='word_1_698' title='bbox 3211 5235 3564 5306; x_wconf 82' lang='lat' dir='ltr'><strong>esset.Capto</strong></span> 
     </span>
    </p>
   </div>
   <div class='ocr_carea' id='block_1_101' title="bbox 1983 5328 3561 5407">
    <p class='ocr_par' dir='ltr' id='par_1_101' title="bbox 1983 5328 3561 5407">
     <span class='ocr_line' id='line_1_101' title="bbox 1983 5328 3561 5407; baseline -0.005 -16"><span class='ocrx_word' id='word_1_699' title='bbox 1983 5337 2078 5391; x_wconf 91' lang='lat' dir='ltr'><strong>illo</strong></span> <span class='ocrx_word' id='word_1_700' title='bbox 2112 5337 2208 5407; x_wconf 84' lang='lat' dir='ltr'><strong>qui</strong></span> <span class='ocrx_word' id='word_1_701' title='bbox 2250 5337 2422 5392; x_wconf 88' lang='lat' dir='ltr'><strong>ictum</strong></span> <span class='ocrx_word' id='word_1_702' title='bbox 2450 5337 2778 5406; x_wconf 76' lang='lat' dir='ltr'><strong>impegerat,</strong></span> <span class='ocrx_word' id='word_1_703' title='bbox 2823 5330 3122 5400; x_wconf 85' lang='lat' dir='ltr'><strong>habitaque</strong></span> <span class='ocrx_word' id='word_1_704' title='bbox 3149 5328 3217 5384; x_wconf 90' lang='lat' dir='ltr'><strong>de</strong></span> <span class='ocrx_word' id='word_1_705' title='bbox 3251 5329 3348 5384; x_wconf 90' lang='lat' dir='ltr'><strong>illo</strong></span> <span class='ocrx_word' id='word_1_706' title='bbox 3408 5343 3561 5398; x_wconf 71' lang='lat' dir='ltr'><strong>quaa-</strong></span> 
     </span>
    </p>
   </div>
   <div class='ocr_carea' id='block_1_102' title="bbox 1983 5421 3562 5493">
    <p class='ocr_par' dir='ltr' id='par_1_102' title="bbox 1983 5421 3562 5493">
     <span class='ocr_line' id='line_1_102' title="bbox 1983 5421 3562 5493; baseline -0.004 -11"><span class='ocrx_word' id='word_1_707' title='bbox 1983 5427 2189 5492; x_wconf 88' lang='lat' dir='ltr'><strong>stione,</strong></span> <span class='ocrx_word' id='word_1_708' title='bbox 2221 5443 2286 5484; x_wconf 89' lang='lat' dir='ltr'><strong>ac</strong></span> <span class='ocrx_word' id='word_1_709' title='bbox 2317 5443 2442 5484; x_wconf 90' lang='lat' dir='ltr'><strong>cum</strong></span> <span class='ocrx_word' id='word_1_710' title='bbox 2471 5427 2678 5484; x_wconf 85' lang='lat' dir='ltr'><strong>multos</strong></span> <span class='ocrx_word' id='word_1_711' title='bbox 2703 5425 2824 5480; x_wconf 85' lang='lat' dir='ltr'><strong>dies</strong></span> <span class='ocrx_word' id='word_1_712' title='bbox 2871 5437 2982 5480; x_wconf 87' lang='lat' dir='ltr'><strong>non</strong></span> <span class='ocrx_word' id='word_1_713' title='bbox 3003 5437 3176 5493; x_wconf 89' lang='lat' dir='ltr'><strong>pauca</strong></span> <span class='ocrx_word' id='word_1_714' title='bbox 3205 5421 3562 5477; x_wconf 80' lang='lat' dir='ltr'><strong>sustinuisset</strong></span> 
     </span>
    </p>
   </div>
   <div class='ocr_carea' id='block_1_103' title="bbox 247 4685 1878 4763">
    <p class='ocr_par' dir='ltr' id='par_1_103' title="bbox 247 4685 1878 4763">
     <span class='ocr_line' id='line_1_103' title="bbox 247 4685 1878 4763; baseline -0.009 -15"><span class='ocrx_word' id='word_1_715' title='bbox 247 4711 352 4757; x_wconf 88' lang='grc' dir='ltr'><strong>τος</strong></span> <span class='ocrx_word' id='word_1_716' title='bbox 392 4687 663 4763; x_wconf 80' lang='grc' dir='ltr'>σφοδρῶς</span> <span class='ocrx_word' id='word_1_717' title='bbox 694 4686 780 4761; x_wconf 82' lang='grc' dir='ltr'><strong>[Ρ.</strong></span> <span class='ocrx_word' id='word_1_718' title='bbox 815 4685 944 4759; x_wconf 83' lang='lat'><strong>557]</strong></span> <span class='ocrx_word' id='word_1_719' title='bbox 972 4688 1370 4760; x_wconf 76' lang='grc' dir='ltr'>καταρρέοντος</span> <span class='ocrx_word' id='word_1_720' title='bbox 1403 4692 1466 4742; x_wconf 77' lang='grc' dir='ltr'>ἐκ</span> <span class='ocrx_word' id='word_1_721' title='bbox 1516 4689 1614 4759; x_wconf 82' lang='grc' dir='ltr'>τῆς</span> <span class='ocrx_word' id='word_1_722' title='bbox 1647 4690 1740 4744; x_wconf 79' lang='grc' dir='ltr'>τοῦ</span> <span class='ocrx_word' id='word_1_723' title='bbox 1779 4692 1878 4762; x_wconf 78' lang='grc' dir='ltr'><strong>βα-</strong></span> 
     </span>
    </p>
   </div>
   <div class='ocr_carea' id='block_1_104' title="bbox 250 4780 1880 4854">
    <p class='ocr_par' dir='ltr' id='par_1_104' title="bbox 250 4780 1880 4854">
     <span class='ocr_line' id='line_1_104' title="bbox 250 4780 1880 4854; baseline -0.002 -12"><span class='ocrx_word' id='word_1_724' title='bbox 250 4787 475 4848; x_wconf 74' lang='grc' dir='ltr'>σιλέως</span> <span class='ocrx_word' id='word_1_725' title='bbox 525 4780 800 4850; x_wconf 79' lang='grc' dir='ltr'>κεφαλῆς,</span> <span class='ocrx_word' id='word_1_726' title='bbox 837 4780 1052 4852; x_wconf 80' lang='grc' dir='ltr'>ταραχή</span> <span class='ocrx_word' id='word_1_727' title='bbox 1083 4798 1143 4833; x_wconf 89' lang='grc' dir='ltr'><strong>τε</strong></span> <span class='ocrx_word' id='word_1_728' title='bbox 1174 4782 1268 4834; x_wconf 76' lang='grc' dir='ltr'>καὶ</span> <span class='ocrx_word' id='word_1_729' title='bbox 1298 4782 1445 4852; x_wconf 78' lang='grc' dir='ltr'>φυγὴ</span> <span class='ocrx_word' id='word_1_730' title='bbox 1468 4782 1576 4835; x_wconf 85' lang='grc' dir='ltr'><strong>τῶν</strong></span> <span class='ocrx_word' id='word_1_731' title='bbox 1602 4783 1880 4854; x_wconf 82' lang='grc' dir='ltr'>ἀρχόντων</span> 
     </span>
    </p>
   </div>
   <div class='ocr_carea' id='block_1_105' title="bbox 247 4871 1878 4949">
    <p class='ocr_par' dir='ltr' id='par_1_105' title="bbox 247 4871 1878 4949">
     <span class='ocr_line' id='line_1_105' title="bbox 247 4871 1878 4949; baseline -0.001 -17"><span class='ocrx_word' id='word_1_732' title='bbox 247 4880 529 4949; x_wconf 77' lang='grc' dir='ltr'>γέγονεν,</span> <span class='ocrx_word' id='word_1_733' title='bbox 565 4875 659 4926; x_wconf 75' lang='grc' dir='ltr'>καὶ</span> <span class='ocrx_word' id='word_1_734' title='bbox 685 4872 872 4928; x_wconf 74' lang='grc' dir='ltr'>πολλοὶ</span> <span class='ocrx_word' id='word_1_735' title='bbox 901 4875 960 4926; x_wconf 73' lang='grc' dir='ltr'>ἑν</span> <span class='ocrx_word' id='word_1_736' title='bbox 990 4872 1164 4946; x_wconf 83' lang='grc' dir='ltr'>ταύτῃ</span> <span class='ocrx_word' id='word_1_737' title='bbox 1205 4871 1508 4930; x_wconf 78' lang='grc' dir='ltr'>ἀπώλοντο.</span> <span class='ocrx_word' id='word_1_738' title='bbox 1552 4875 1611 4929; x_wconf 87' lang='grc'><strong>’0</strong></span> <span class='ocrx_word' id='word_1_739' title='bbox 1640 4875 1696 4930; x_wconf 73' lang='grc' dir='ltr'>δὲ</span> <span class='ocrx_word' id='word_1_740' title='bbox 1725 4876 1878 4931; x_wconf 79' lang='grc' dir='ltr'>ἀδελ-</span> 
     </span>
    </p>
   </div>
   <div class='ocr_carea' id='block_1_106' title="bbox 249 4965 1884 5044">
    <p class='ocr_par' dir='ltr' id='par_1_106' title="bbox 249 4965 1884 5044">
     <span class='ocr_line' id='line_1_106' title="bbox 249 4965 1884 5044; baseline -0.001 -20"><span class='ocrx_word' id='word_1_741' title='bbox 249 4974 363 5044; x_wconf 71' lang='grc' dir='ltr'><strong>φὸς</strong></span> <span class='ocrx_word' id='word_1_742' title='bbox 386 4965 577 5024; x_wconf 74' lang='grc' dir='ltr'>αὐτοῦ</span> <span class='ocrx_word' id='word_1_743' title='bbox 612 4965 962 5037; x_wconf 78' lang='grc' dir='ltr'>Ἀλέξανδρος</span> <span class='ocrx_word' id='word_1_744' title='bbox 983 4965 1390 5036; x_wconf 77' lang='grc' dir='ltr'>προεφασίσατο</span> <span class='ocrx_word' id='word_1_745' title='bbox 1424 4967 1772 5039; x_wconf 68' lang='grc' dir='ltr'>νοσηλευθεὶς</span> <span class='ocrx_word' id='word_1_746' title='bbox 1788 4969 1884 5024; x_wconf 72' lang='grc' dir='ltr'>ναὶ</span> 
     </span>
    </p>
   </div>
   <div class='ocr_carea' id='block_1_107' title="bbox 247 5056 1885 5131">
    <p class='ocr_par' dir='ltr' id='par_1_107' title="bbox 247 5056 1885 5131">
     <span class='ocr_line' id='line_1_107' title="bbox 247 5056 1885 5131; baseline -0.004 -11"><span class='ocrx_word' id='word_1_747' title='bbox 247 5067 318 5122; x_wconf 76' lang='grc' dir='ltr'>οὐ</span> <span class='ocrx_word' id='word_1_748' title='bbox 359 5059 663 5131; x_wconf 78' lang='grc' dir='ltr'>κατῆλθεν</span> <span class='ocrx_word' id='word_1_749' title='bbox 690 5060 749 5112; x_wconf 67' lang='grc' dir='ltr'>ἂν</span> <span class='ocrx_word' id='word_1_750' title='bbox 767 5061 831 5130; x_wconf 76' lang='grc' dir='ltr'>τῇ</span> <span class='ocrx_word' id='word_1_751' title='bbox 865 5057 1078 5128; x_wconf 74' lang='grc' dir='ltr'>εἰσόδῳ,</span> <span class='ocrx_word' id='word_1_752' title='bbox 1111 5056 1185 5121; x_wconf 87' lang='grc' dir='ltr'><strong>ὡς</strong></span> <span class='ocrx_word' id='word_1_753' title='bbox 1213 5058 1277 5110; x_wconf 85' lang='grc' dir='ltr'>ὲκ</span> <span class='ocrx_word' id='word_1_754' title='bbox 1296 5057 1484 5111; x_wconf 84' lang='grc' dir='ltr'>τούτου</span> <span class='ocrx_word' id='word_1_755' title='bbox 1518 5057 1758 5114; x_wconf 77' lang='grc' dir='ltr'>ὕποπτον</span> <span class='ocrx_word' id='word_1_756' title='bbox 1787 5061 1885 5115; x_wconf 81' lang='grc' dir='ltr'><strong>αὐ-</strong></span> 
     </span>
    </p>
   </div>
   <div class='ocr_carea' id='block_1_108' title="bbox 250 5150 1878 5226">
    <p class='ocr_par' dir='ltr' id='par_1_108' title="bbox 250 5150 1878 5226">
     <span class='ocr_line' id='line_1_108' title="bbox 250 5150 1878 5226; baseline -0.004 -12"><span class='ocrx_word' id='word_1_757' title='bbox 250 5162 357 5214; x_wconf 72' lang='grc' dir='ltr'><strong>τὸν</strong></span> <span class='ocrx_word' id='word_1_758' title='bbox 387 5153 664 5226; x_wconf 78' lang='grc' dir='ltr'>γενέσθαι</span> <span class='ocrx_word' id='word_1_759' title='bbox 689 5154 790 5224; x_wconf 80' lang='grc' dir='ltr'><strong>τὴν</strong></span> <span class='ocrx_word' id='word_1_760' title='bbox 819 5153 1076 5222; x_wconf 88' lang='grc' dir='ltr'>τοιαύτην</span> <span class='ocrx_word' id='word_1_761' title='bbox 1122 5150 1414 5218; x_wconf 76' lang='grc' dir='ltr'>ἐπιϐουλὴν</span> <span class='ocrx_word' id='word_1_762' title='bbox 1444 5155 1878 5210; x_wconf 82' lang='grc' dir='ltr'>κατασκευάσαι.</span> 
     </span>
    </p>
   </div>
   <div class='ocr_carea' id='block_1_109' title="bbox 250 5236 1873 5315">
    <p class='ocr_par' dir='ltr' id='par_1_109' title="bbox 250 5236 1873 5315">
     <span class='ocr_line' id='line_1_109' title="bbox 250 5236 1873 5315; baseline -0.01 -8"><span class='ocrx_word' id='word_1_763' title='bbox 250 5250 412 5307; x_wconf 71' lang='grc' dir='ltr'>Οὔτε</span> <span class='ocrx_word' id='word_1_764' title='bbox 437 5248 471 5301; x_wconf 82' lang='grc' dir='ltr'><strong>ὁ</strong></span> <span class='ocrx_word' id='word_1_765' title='bbox 511 5245 782 5315; x_wconf 72' lang='grc' dir='ltr'>Σαμωνᾶς</span> <span class='ocrx_word' id='word_1_766' title='bbox 837 5244 1018 5314; x_wconf 81' lang='grc' dir='ltr'>παρῆν</span> <span class='ocrx_word' id='word_1_767' title='bbox 1045 5243 1181 5306; x_wconf 68' lang='grc' dir='ltr'>ἐκεῖ,</span> <span class='ocrx_word' id='word_1_768' title='bbox 1214 5241 1330 5296; x_wconf 79' lang='grc' dir='ltr'>ἀλλ’</span> <span class='ocrx_word' id='word_1_769' title='bbox 1359 5236 1426 5314; x_wconf 81' lang='grc' dir='ltr'>ἧν</span> <span class='ocrx_word' id='word_1_770' title='bbox 1450 5243 1701 5299; x_wconf 83' lang='grc' dir='ltr'>ἀπελθὼν</span> <span class='ocrx_word' id='word_1_771' title='bbox 1733 5247 1873 5313; x_wconf 80' lang='grc' dir='ltr'><strong>ἀγα-</strong></span> 
     </span>
    </p>
   </div>
   <div class='ocr_carea' id='block_1_110' title="bbox 250 5332 1874 5410">
    <p class='ocr_par' dir='ltr' id='par_1_110' title="bbox 250 5332 1874 5410">
     <span class='ocr_line' id='line_1_110' title="bbox 250 5332 1874 5410; baseline -0.012 -13"><span class='ocrx_word' id='word_1_772' title='bbox 250 5345 386 5410; x_wconf 80' lang='grc' dir='ltr'>γεῖν</span> <span class='ocrx_word' id='word_1_773' title='bbox 408 5336 584 5407; x_wconf 79' lang='grc' dir='ltr'>Ζωὴν</span> <span class='ocrx_word' id='word_1_774' title='bbox 618 5336 678 5389; x_wconf 73' lang='grc' dir='ltr'>ὲν</span> <span class='ocrx_word' id='word_1_775' title='bbox 705 5334 783 5401; x_wconf 81' lang='grc' dir='ltr'>τῷ</span> <span class='ocrx_word' id='word_1_776' title='bbox 805 5334 1053 5404; x_wconf 83' lang='grc' dir='ltr'>παλατίῳ</span> <span class='ocrx_word' id='word_1_777' title='bbox 1082 5334 1217 5404; x_wconf 85' lang='grc' dir='ltr'>πρὸς</span> <span class='ocrx_word' id='word_1_778' title='bbox 1247 5332 1307 5388; x_wconf 55' lang='lat' dir='ltr'><strong>et</strong></span> <span class='ocrx_word' id='word_1_779' title='bbox 1337 5336 1572 5389; x_wconf 75' lang='grc' dir='ltr'>συνεῖναι</span> <span class='ocrx_word' id='word_1_780' title='bbox 1613 5335 1692 5406; x_wconf 83' lang='grc' dir='ltr'>τῷ</span> <span class='ocrx_word' id='word_1_781' title='bbox 1717 5335 1874 5404; x_wconf 77' lang='grc' dir='ltr'>βασι-</span> 
     </span>
    </p>
   </div>
   <div class='ocr_carea' id='block_1_111' title="bbox 250 5424 1874 5501">
    <p class='ocr_par' dir='ltr' id='par_1_111' title="bbox 250 5424 1874 5501">
     <span class='ocr_line' id='line_1_111' title="bbox 250 5424 1874 5501; baseline -0.005 -12"><span class='ocrx_word' id='word_1_782' title='bbox 250 5436 372 5490; x_wconf 75' lang='grc' dir='ltr'>λετ.</span> <span class='ocrx_word' id='word_1_783' title='bbox 407 5427 810 5501; x_wconf 77' lang='grc' dir='ltr'>Κρατηθέντος</span> <span class='ocrx_word' id='word_1_784' title='bbox 840 5425 900 5480; x_wconf 71' lang='grc' dir='ltr'>δὲ</span> <span class='ocrx_word' id='word_1_785' title='bbox 924 5425 1018 5491; x_wconf 81' lang='grc' dir='ltr'><strong>τοῦ</strong></span> <span class='ocrx_word' id='word_1_786' title='bbox 1052 5425 1231 5488; x_wconf 85' lang='grc' dir='ltr'>δόντος</span> <span class='ocrx_word' id='word_1_787' title='bbox 1263 5424 1355 5478; x_wconf 76' lang='grc' dir='ltr'>τὸν</span> <span class='ocrx_word' id='word_1_788' title='bbox 1396 5424 1620 5496; x_wconf 78' lang='grc' dir='ltr'>βασιλέα</span> <span class='ocrx_word' id='word_1_789' title='bbox 1662 5427 1756 5481; x_wconf 77' lang='grc' dir='ltr'>καὶ</span> <span class='ocrx_word' id='word_1_790' title='bbox 1781 5427 1874 5492; x_wconf 70' lang='grc' dir='ltr'><strong>ἑξ-</strong></span> 
     </span>
    </p>
   </div>
   <div class='ocr_carea' id='block_1_112' title="bbox 252 5513 1877 5592">
    <p class='ocr_par' dir='ltr' id='par_1_112' title="bbox 252 5517 1873 5591">
     <span class='ocr_line' id='line_1_112' title="bbox 252 5517 1873 5591; baseline -0.009 -7"><span class='ocrx_word' id='word_1_791' title='bbox 252 5525 636 5586; x_wconf 71' lang='grc' dir='ltr'>ετασθέντος,</span> <span class='ocrx_word' id='word_1_792' title='bbox 668 5519 764 5576; x_wconf 74' lang='grc' dir='ltr'>καὶ</span> <span class='ocrx_word' id='word_1_793' title='bbox 795 5517 995 5581; x_wconf 78' lang='grc' dir='ltr'>πολλὰς</span> <span class='ocrx_word' id='word_1_794' title='bbox 1036 5517 1298 5582; x_wconf 81' lang='grc' dir='ltr'>Βασάνους</span> <span class='ocrx_word' id='word_1_795' title='bbox 1326 5519 1418 5572; x_wconf 73' lang='grc' dir='ltr'>καὶ</span> <span class='ocrx_word' id='word_1_796' title='bbox 1450 5519 1721 5591; x_wconf 76' lang='grc' dir='ltr'>τιμωρίας</span> <span class='ocrx_word' id='word_1_797' title='bbox 1741 5522 1873 5574; x_wconf 78' lang='grc' dir='ltr'>ὐπο-</span> 
     </span>
    </p>
   </div>
   <div class='ocr_carea' id='block_1_113' title="bbox 1991 5513 3560 5592">
    <p class='ocr_par' dir='ltr' id='par_1_113' title="bbox 1991 5513 3560 5592">
     <span class='ocr_line' id='line_1_113' title="bbox 1991 5513 3560 5592; baseline -0.006 -16"><span class='ocrx_word' id='word_1_798' title='bbox 1991 5521 2252 5592; x_wconf 74' lang='lat' dir='ltr'><strong>supplicia</strong></span> <span class='ocrx_word' id='word_1_799' title='bbox 2284 5536 2348 5578; x_wconf 87' lang='lat' dir='ltr'><strong>ac</strong></span> <span class='ocrx_word' id='word_1_800' title='bbox 2384 5527 2680 5583; x_wconf 88' lang='lat' dir='ltr'><strong>tormenta,</strong></span> <span class='ocrx_word' id='word_1_801' title='bbox 2707 5515 2856 5589; x_wconf 85' lang='lat' dir='ltr'><strong>quod</strong></span> <span class='ocrx_word' id='word_1_802' title='bbox 2886 5515 3024 5574; x_wconf 86' lang='lat' dir='ltr'><strong>nihil</strong></span> <span class='ocrx_word' id='word_1_803' title='bbox 3068 5513 3458 5579; x_wconf 79' lang='lat' dir='ltr'><strong>conﬁtebatur,</strong></span> <span class='ocrx_word' id='word_1_804' title='bbox 3489 5513 3560 5568; x_wconf 84' lang='lat' dir='ltr'><strong>ad</strong></span> 
     </span>
    </p>
   </div>
   <div class='ocr_carea' id='block_1_114' title="bbox 1567 5613 2255 5673">
    <p class='ocr_par' dir='ltr' id='par_1_114' title="bbox 1567 5613 2255 5673">
     <span class='ocr_line' id='line_1_114' title="bbox 1567 5613 2255 5673; baseline 0.001 -1"><span class='ocrx_word' id='word_1_805' title='bbox 1567 5615 1799 5672; x_wconf 57' lang='lat' dir='ltr'><strong>VARI!!!</strong></span> <span class='ocrx_word' id='word_1_806' title='bbox 1846 5613 2255 5673; x_wconf 67' lang='lat' dir='ltr'><strong>LECTIONES.</strong></span> 
     </span>
    </p>
   </div>
   <div class='ocr_carea' id='block_1_115' title="bbox 326 5708 1781 5783">
    <p class='ocr_par' dir='ltr' id='par_1_115' title="bbox 326 5708 1781 5783">
     <span class='ocr_line' id='line_1_115' title="bbox 326 5708 1781 5783; baseline 0.005 -25"><span class='ocrx_word' id='word_1_807' title='bbox 326 5717 369 5746; x_wconf 67' lang='grc' dir='ltr'>ι’</span> <span class='ocrx_word' id='word_1_808' title='bbox 404 5711 496 5782; x_wconf 73' lang='grc' dir='ltr'>τῷ</span> <span class='ocrx_word' id='word_1_809' title='bbox 551 5708 759 5779; x_wconf 74' lang='grc' dir='ltr'>βασιλεῖ</span> <span class='ocrx_word' id='word_1_810' title='bbox 787 5709 880 5763; x_wconf 62' lang='grc' dir='ltr'>καὶ</span> <span class='ocrx_word' id='word_1_811' title='bbox 920 5708 995 5780; x_wconf 81' lang='grc' dir='ltr'><strong>τῷ</strong></span> <span class='ocrx_word' id='word_1_812' title='bbox 1038 5708 1385 5783; x_wconf 68' lang='grc' dir='ltr'>πατριάρχῃί</span> <span class='ocrx_word' id='word_1_813' title='bbox 1439 5711 1482 5744; x_wconf 84' lang='grc'><strong>¹⁹</strong></span> <span class='ocrx_word' id='word_1_814' title='bbox 1512 5711 1541 5782; x_wconf 70' lang='grc' dir='ltr'><strong>η</strong></span> <span class='ocrx_word' id='word_1_815' title='bbox 1575 5726 1683 5765; x_wconf 89' lang='lat' dir='ltr'><strong>om.</strong></span> <span class='ocrx_word' id='word_1_816' title='bbox 1724 5710 1781 5764; x_wconf 78' lang='grc' dir='ltr'><strong>Ρ.</strong></span> 
     </span>
    </p>
   </div>
  </div>
