3996 6208
393 488 692 545 Ἰιᾶνθτευε
719 485 1062 538 Christianos
1089 495 1209 535 sese
1233 480 1494 535 accinxit.

495 688 548 743 7.
580 687 751 740 Porro
779 683 1086 737 Alexander
1118 697 1370 751 pransus,
1394 679 1490 733 Dei
1518 678 1593 732 ira
1621 675 1868 730 immisso
1891 675 2008 746 gla-

427 779 518 836 dio
555 778 896 837 vulneratus,
931 775 1100 828 inulta
1135 774 1183 828 ei
1232 771 1516 842 sanguinis
1543 769 1593 824 vi
1633 785 1663 823 e
1692 769 1919 824 naribus
1945 783 2008 822 ac

427 867 700 940 pudendis
741 876 1084 935 erumpente,
1116 873 1240 934 post
1274 863 1500 918 biduum
1541 861 1762 926 occidit,
1801 862 2008 917 relictis

429 958 709 1012 tutoribus
737 957 958 1011 Nicolao
983 957 1311 1026 patriarcha,
1344 956 1626 1025 Stephano
1663 955 1923 1025 magistro
1953 967 2009 1010 et

426 1051 636 1108 Joanne
665 1050 833 1121 874
857 1050 1046 1113 Elada,
1076 1064 1291 1104 necnon
1317 1050 1529 1104 Joanne
1573 1057 1788 1103 rectore
1815 1057 1870 1104 et
1897 1049 2010 1102 Eu-

429 1143 639 1214 thymio
659 1152 715 1196 et
740 1141 992 1195 Basilitze
1008 1149 1064 1195 et
1081 1141 1490 1210 Gabrielopulo,
1520 1140 1748 1194 dimisso
1777 1140 2010 1210 imperio

428 1235 792 1294 Constantino
821 1233 1026 1303 nepoti,
1053 1233 1254 1287 Leonis
1279 1232 1628 1301 imperatoris
1653 1234 1786 1287 tilio.
1815 1231 2010 1304 Sepul-

433 1337 524 1384 tus
547 1337 632 1384 est
659 1327 968 1382 Alexander
995 1326 1049 1380 in
1074 1326 1342 1396 sepulcris
1371 1339 1494 1380 cum
1528 1336 1682 1396 patre
1705 1341 1827 1380 suo.

539 1662 874 1720 IMPERIUM
924 1660 1384 1718 CONSTANTINI
1437 1659 1684 1716 LEONIS
1722 1658 1901 1713 FlLll.

1697 268 2018 331 GEORGII
2061 269 2403 331 MONACHI

426 411 554 452 nem
579 392 853 448 territans.
891 389 1012 454 Quo
1053 403 1120 442 ex
1155 397 1399 456 tempore
1431 387 1665 458 Symeon
1708 385 1776 441 ad
1813 385 2015 439 bellum

2130 383 2495 454 καταπλήξας.
2555 382 2823 450 Λυθείσης
2875 375 2965 434 οὖν
2996 380 3176 432 ἔκτοτε
3211 381 3306 449 τῆς
3340 379 3562 449 εἱρήνης
3591 381 3697 433 Xu—
3789 425 3808 434 -

3594 268 3699 331 936

2121 477 2268 544 μεὼν
2319 474 2770 548 παρεσκευάζετο
2799 475 3020 546 κινῆσαι
3059 475 3199 528 κατὰ
3222 472 3329 525 τῶν
3355 472 3700 542 Χριστιανῶν

2116 567 2280 620 ὅπλα.

2187 680 2253 745 ζ’.
2294 681 2642 752 Ἀλέξανδρος
2667 680 2721 732 δὲ
2740 680 3043 750 ἀριστήσας
3064 678 3156 732 καὶ
3185 679 3428 749 ῥομφαίᾳ
3451 677 3700 748 Θεηλὰτψ

2114 775 2346 845 πληγεὶς
2373 774 2634 838 ἀνελθὼν,
2665 774 2895 841 αἵματος
2925 769 3123 824 πολλοῦ
3158 771 3221 822 ἐκ
3255 770 3363 822 τῶν
3393 770 3556 841 ῥινῶν
3602 770 3694 822 καὶ

2114 866 2221 918 τῶν
2248 865 2463 918 αἰδοίων
2489 865 2865 934 ἐκφερομένου
2899 860 3038 932 μετὰ
3093 860 3185 914 δύο
3229 863 3446 938 ῂμέρας
3477 861 3694 913 ἐτελεύο

2114 975 2269 1027 τησε,
2297 957 2614 1010 καταλιπὼν
2643 954 2973 1024 ἐπιτρόπους
3019 953 3290 1006 Νικόλαον
3326 953 3693 1024 πιτριάρχην,

2117 1049 2387 1118 Στέφανον
2413 1048 2718 1119 μάγιστρον
2744 1047 2839 1101 καὶ
2877 1046 3132 1118 Ἰωάννην
3173 1045 3371 1100 Ἑλαδᾶ
3391 1046 3481 1099 καὶ
3509 1045 3695 1100 Ἰωάν-

2116 1157 2213 1210 νην
2255 1140 2518 1211 ραίκτορα
2562 1141 2659 1193 καὶ
2688 1139 2962 1210 Εύθύμιον
2989 1138 3084 1192 καὶ
3122 1138 3215 1190 τὸν
3250 1136 3567 1206 Βασιλίτξην
3598 1137 3698 1189 καὶ

2114 1231 2206 1285 τὸν
2226 1231 2721 1303 Γαδριηλόπουλον,
2758 1231 2929 1294 ἐάσας
2955 1231 3054 1300 τὴν
3079 1229 3359 1300 βασιλείαν
3402 1229 3699 1281 Κωνσταν-

2113 1325 2244 1394 τίνῳ
2272 1323 2476 1394 ἀνεψιῷ
2500 1324 2688 1387 αὑτοῦ,
2721 1323 2822 1394 υἱῷ
2850 1325 3078 1387 Λέοντος
3108 1322 3201 1376 τοῦ
3237 1323 3524 1394 βασιλέως.
3569 1322 3700 1375 ’Λπ-

2116 1414 2301 1468 ιοεντο
2322 1415 2382 1494 δὲ
2421 1414 2770 1488 Ἀλέξανδρον
2803 1417 2859 1468 ὲν
2892 1417 3004 1478 τοῖς
3037 1417 3227 1483 τάφοις
3281 1416 3419 1483 μετὰ
3467 1411 3562 1466 τοῦ
3596 1431 3698 1466 πα-

2116 1507 2242 1577 τρὸς
2278 1505 2472 1560 αὑτοῦ.

2153 1661 2469 1716 ΒΑΣΙΛΕΙΔ
2519 1660 3066 1714 ΚΩΝΣΤΑΝΤῘΝΟΥ
3116 1660 3283 1714 ΥΙΟΥ
3328 1659 3666 1714 ΛΕΟΝΤΟΣ.

501 1803 527 1855 1
540 1840 554 1854 .
590 1799 761 1854 Porro
779 1797 1193 1858 Constantinus,
1213 1794 1395 1848 Leone
1412 1800 1568 1862 patre
1586 1789 1858 1845 exstincto
1886 1801 2011 1842 cum

2188 1796 2272 1869 [Ρ.
2306 1797 2430 1870 565]
2467 1796 2536 1853 α’.
2565 1799 2972 1863 Κωνσταντῖνος
3027 1799 3084 1852 δὲ
3134 1799 3232 1851 τοῦ
3291 1798 3498 1868 πατρὸς
3530 1796 3698 1852 αὑτοῦ

430 1907 571 1965 puer
599 1890 781 1946 adhuc
811 1899 957 1944 esset
998 1888 1222 1956 (quippe
1253 1887 1346 1956 qui
1389 1884 1684 1954 septimum
1715 1882 1891 1936 aetatis
1920 1895 2016 1933 an-

432 2001 566 2042 num
595 1986 825 2056 ageret),
858 1983 927 2037 ab
953 1981 1266 2036 Alexandro
1304 1989 1501 2050 patruo
1541 1977 1594 2031 in
1628 1974 1863 2045 imperio
1891 1972 2018 2026 reli-

432 2085 556 2132 ctus
582 2075 685 2130 sub
727 2073 1003 2127 tutoribus
1033 2080 1174 2125 erat.
1210 2069 1501 2138 Imperavit
1531 2067 1715 2134 itaque
1745 2064 1846 2119 sub
1874 2071 2021 2117 tuto-

432 2170 590 2226 ribus
612 2183 736 2222 cum
773 2173 944 2219 matre
982 2172 1193 2232 septem
1229 2161 1366 2214 alios
1388 2173 1580 2222 annos,
1611 2172 1736 2211 cum
1771 2157 2020 2210 Romano

437 2277 570 2317 vero
625 2261 748 2331 ejus
797 2272 1011 2320 socero,
1065 2255 1142 2310 illi
1188 2253 1494 2321 subjectus,
1532 2251 1668 2305 alios
1705 2248 1898 2320 viginti
1927 2263 2018 2301 sex

433 2368 652 2419 annos;
708 2352 858 2406 solus
890 2348 1129 2417 denique
1163 2346 1456 2416 imperium
1497 2344 1639 2398 rexit
1665 2356 1840 2397 annos
1862 2339 2024 2410 quin-

436 2445 637 2502 decim.
668 2443 846 2513 Atque
879 2440 1016 2495 adeo
1044 2437 1261 2509 imperii
1287 2437 1407 2508 ejus
1428 2450 1588 2490 omne
1607 2444 1824 2503 tempus
1849 2445 2024 2485 anno-

435 2553 561 2597 rum
582 2538 826 2609 quinque
848 2551 1012 2604 supra
1029 2531 1428 2603 quinquaginta
1452 2529 1629 2600 spatio
1647 2527 2021 2584 concluditur.

436 2630 669 2698 Arrepta
700 2629 885 2698 itaque
926 2625 1184 2681 Nicolaus
1209 2621 1523 2694 patriarcha
1560 2620 1697 2674 aula:
1729 2625 2021 2689 potestate,

439 2732 503 2778 ut
523 2723 618 2791 qui
653 2721 769 2790 ipse
793 2727 943 2774 tutor
972 2733 1098 2772 eum
1129 2714 1394 2786 magistro
1418 2712 1700 2783 Stephano
1733 2718 1790 2766 et
1813 2709 2024 2766 Joanne

437 2811 630 2877 Elada,
681 2813 806 2882 ipso
866 2809 1072 2880 pariter
1128 2807 1412 2878 magistro,
1471 2815 1612 2869 erat,
1663 2803 1900 2876 publica:
1943 2803 2026 2857 rei

439 2921 628 2963 curam
663 2903 922 2968 habebat,
963 2902 1242 2971 rebusque
1275 2897 1343 2955 ad
1392 2897 1686 2969 imperium
1727 2895 2026 2967 spectanti-

438 2999 546 3056 bus
574 2999 768 3054 sedulo
802 2994 1050 3067 quotidie
1087 3008 1312 3064 Operam
1342 2991 1603 3046 navabat.

2119 1887 2542 1958 τελευτήσαντος
2571 1891 2697 1952 παῖς
2731 1889 2813 1942 ἔτι
2842 1889 3124 1958 τυγχάνων
3150 1889 3399 1959 (ἕϐδομον
3451 1888 3557 1958 γὰρ
3583 1884 3698 1958 εἶχε

2121 1981 2219 2048 τῆς
2247 1979 2464 2050 ἡλικίας
2499 1981 2639 2051 ἔτος)
2675 1983 2767 2033 ὑπ’
2811 1979 3160 2050 Ἀλεξάνδρου
3201 1979 3296 2032 τοῦ
3345 1978 3485 2031 θείου
3531 1977 3694 2031 αὑτοῦ

2123 2071 2181 2123 ιν
2206 2074 2271 2142 τῇ
2300 2072 2551 2145 βασιλείᾳ
2577 2073 2994 2137 καταλέλειπτο,
3029 2073 3136 2125 ὑπὸ
3163 2072 3476 2142 ἐπιτρόπων
3503 2071 3694 2125 τελῶν.

2137 2161 2517 2218 Ἐύασίλευσεν
2576 2161 2669 2217 οὖν
2695 2165 2787 2217 ἐπὶ
2816 2163 2922 2216 τῶν
2954 2162 3118 2215 αὐτοῦ
3155 2162 3473 2232 ἐπιτρόπων
3505 2166 3600 2215 σὺν
3633 2163 3706 2231 τῇ

2128 2253 2298 2325 μητρὶ
2328 2253 2490 2322 ἔτερα
2539 2253 2633 2325 ἔτη
2664 2255 2824 2320 ἑπτὰ,
2857 2255 2976 2325 ἅμα
3023 2255 3080 2307 δὲ
3127 2254 3395 2324 Ῥωμανῷ
3459 2254 3710 2323 πενθερῷ

2125 2346 2290 2399 αὑτοῦ
2316 2350 2373 2398 ὲν
2405 2348 2650 2418 ὑποταγῇ
2683 2346 2758 2400 ὢν
2777 2347 2941 2419 ἕτερα
2966 2347 3060 2418 ἔτη
3111 2347 3286 2400 εἴκοσι
3314 2345 3395 2410 ἒξ,
3435 2348 3709 2417 μονοκρά-

2124 2456 2236 2510 τωρ
2266 2438 2323 2492 δὲ
2361 2437 2454 2510 ἔτη
2478 2439 2800 2504 δεκαπέντε,
2832 2440 2909 2503 ὡς
2969 2435 3106 2492 εἶναι
3159 2439 3252 2492 τὸν
3284 2439 3462 2492 πάντα
3516 2437 3708 2508 χρόνον

2125 2529 2221 2598 τῆς
2249 2527 2526 2599 βασιλείας
2563 2530 2728 2584 αύτοῦ
2761 2530 2857 2602 ἐτη
2882 2539 2978 2586 νε’.
3019 2531 3330 2600 Δαὸόμενος
3359 2525 3455 2583 οὗν
3482 2530 3582 2598 τῆς
3611 2530 3710 2582 τοῦ

2127 2622 2394 2676 παλατὶου
2425 2623 2671 2688 ἐξουσίας
2695 2625 2722 2676 ό
2749 2625 3101 2695 πατριάρχης
3132 2625 3425 2686 Νικόλαος,
3459 2623 3555 2677 au
3586 2625 3678 2677 ἐπί

2127 2732 2325 2786 τροπος
2359 2718 2454 2770 καὶ
2481 2716 2644 2781 αὐτὸς
2673 2715 2749 2770 ὣν
2775 2717 2871 2770 σὺν
2897 2716 2974 2787 τῷ
3005 2717 3294 2788 μαγίστρῳ
3325 2717 3585 2786 Στεφάνῳ
3611 2717 3714 2770 καὶ

2127 2807 2205 2879 τῷ
2247 2807 2438 2880 Ὲλαδᾷ
2483 2808 2728 2883 Ἰωάννῃ,
2793 2809 2889 2863 καλ⁸
2919 2808 3069 2880 αύτῷ
3119 2809 3426 2880 μαγίστρῳ,
3477 2811 3574 2875 τὴν
3608 2808 3713 2863 τοῦ

2129 2899 2308 2954 κοινοῦ
2341 2901 2599 2972 πρόνοιαν
2620 2902 2858 2956 ἐποιεῖτο
2891 2901 2986 2954 καὶ
3011 2901 3110 2970 τὴν
3144 2901 3403 2971 φροντίδα
3426 2900 3574 2971 εἶχεν
3597 2901 3715 2955 τῶν

2129 2994 2195 3062 τῇ
2237 2991 2484 3064 βασιλείᾳ
2510 2993 2821 3065 ἀνηκόντων
2850 2993 3193 3064 πραγμάτων
3221 2993 3514 3064 ὁσημέραι.

510 3113 566 3167 2.
595 3111 686 3168 Sic
719 3111 887 3182 igitur
919 3107 1135 3179 imperii
1167 3103 1333 3161 rebus
1362 3103 1699 3168 constitutis,
1731 3119 2022 3175 procerum

2201 3105 2266 3176 β’.
2315 3106 2403 3160 Ἐν
2432 3106 2645 3171 τούτοις
2676 3101 2771 3161 οὖν
2798 3109 2898 3179 τῆς
2923 3106 3200 3178 βασιλείας
3229 3105 3397 3176 οὔσης
3447 3107 3719 3176 δηλοῦται

442 3202 764 3275 quidam'ab
809 3201 945 3256 urbe
984 3198 1133 3270 regia
1169 3197 1529 3253 Constantino
1569 3195 1703 3252 Duci
1745 3196 2022 3266 legionum

442 3296 768 3362 domestico,
793 3303 853 3350 ut
889 3291 982 3365 qui
1010 3308 1135 3348 eum
1176 3306 1274 3347 ceu
1311 3290 1494 3345 virum
1525 3288 1718 3345 fortem
1747 3299 1803 3345 et
1841 3297 2024 3346 catum

440 3390 726 3462 probeque
771 3385 1012 3458 gerendo
1045 3384 1280 3456 imperio
1307 3399 1493 3454 parem
1522 3399 1866 3454 gnavumque
1893 3381 2023 3438 dili-

443 3492 656 3553 gerent.
677 3479 840 3552 875
861 3490 920 3534 ut
941 3477 1282 3550 ingrediatur
1298 3477 1649 3542 denuntiant,
1670 3478 1820 3532 nullo
1838 3478 2026 3533 labore

445 3573 602 3629 urbis
631 3586 856 3641 compos
902 3570 1118 3622 futurus
1148 3577 1202 3621 et
1237 3569 1290 3621 in
1333 3584 1390 3622 sc
1430 3583 1612 3622 rerum
1658 3569 2027 3623 translaturus

444 3680 738 3720 summam.
782 3663 832 3715 Is
893 3667 1098 3720 autem,
1155 3666 1215 3712 ut
1265 3658 1356 3729 qui
1400 3659 1512 3730 jam
1559 3669 1686 3713 ante
1735 3659 2026 3730 imperium

446 3754 746 3810 somniaret
792 3750 1036 3819 serlique
1075 3747 1354 3804 desiderio
1404 3765 1468 3803 ac
1516 3749 1844 3804 diadematis
1883 3765 2028 3803 nun-

446 3859 610 3917 quam
655 3857 764 3896 non
813 3849 1092 3905 aastuaret,
1145 3851 1348 3910 quanta
1397 3840 1554 3896 licuit
1613 3841 1920 3907 celeritate,
1970 3842 2027 3897 in

447 3935 641 3991 urbem
681 3934 887 3988 involat
931 3949 1056 3986 eum
1088 3932 1226 3987 lecta
1271 3949 1493 3988 suorum
1534 3949 1723 3995 manu,
1765 3950 1868 3990 nec
1912 3933 2030 4004 ipsa

448 4025 756 4098 spernenda
777 4024 1151 4090 multitudine,
1181 4035 1457 4096 noctuque
1483 4040 1580 4096 per
1601 4025 1880 4080 Michaelis
1900 4040 2031 4096 pro-

449 4117 751 4174 tovestiarii
779 4116 924 4172 haud
963 4117 1153 4186 procul
1189 4116 1256 4170 ab
1283 4132 1408 4171 arce
1457 4117 1654 4172 minori
1682 4117 2030 4190 obscureque

450 4213 591 4268 ostio
627 4211 924 4281 ingressus,
969 4209 1024 4262 in
1057 4209 1233 4264 soceri
1267 4209 1352 4262 sui
1395 4209 1647 4278 Gregora:
1695 4210 1904 4265 aedibus
1951 4211 2034 4267 in-

450 4305 658 4362 somnis
688 4319 812 4358 eum
838 4301 1003 4357 sociis
1031 4301 1351 4372 permansit.
1383 4301 1603 4357 Nicctas
1629 4317 1760 4357 vero
1785 4319 1815 4356 a
1847 4317 2032 4357 secre-

2126 3199 2522 3268 Κωνσταντὶνῳ
2550 3199 2632 3271 τῷ
2668 3200 2855 3265 Δουκὶ,
2903 3199 3212 3271 δομεστίκῳ
3267 3200 3570 3270 ὑπάρχοντι
3597 3200 3723 3253 τῶν

2129 3292 2358 3364 σχολῶν,
2384 3293 2536 3364 παρά
2582 3310 2745 3348 τινων
2799 3292 2908 3347 τῶν
2938 3293 2998 3345 ιν
3029 3295 3096 3363 τῇ
3131 3292 3288 3346 πόλει
3339 3292 3720 3362 μεγιστάνων,

2128 3385 2427 3454 φιλούντων
2456 3385 2624 3440 αὑτὸν
2652 3386 2728 3449 ὡς
2751 3384 3000 3456 ἀνδρεῖον
3028 3385 3122 3439 καὶ
3146 3386 3369 3455 νουνεχῆ
3399 3384 3494 3438 καὶ
3521 3385 3724 3451 καλῶς

2127 3475 2422 3546 δυνάμενον
2452 3477 2550 3547 τὴν
2581 3475 2861 3546 βασιλείαν
2894 3475 3280 3547 διακυϐερνᾷν,
3309 3476 3574 3530 cluiuier
3612 3479 3722 3530 καὶ

2127 3567 2333 3636 ταύτης
2391 3567 2640 3638 ἐγκρατῆ
2699 3569 2952 3637 γενέσθαι
3000 3568 3254 3638 ἀπονητί,
3300 3566 3359 3622 '0
3404 3569 3460 3620 δὲ
3489 3567 3583 3621 iit:
3615 3571 3722 3620 καὶ

2129 3659 2396 3729 πρότερον
2443 3658 2610 3730 αὐτὴν
2660 3659 3021 3732 ὀνειροπολῶν
3075 3661 3172 3714 καὶ
3214 3660 3308 3713 τοῦ
3342 3661 3577 3728 στέφους
3619 3663 3723 3714 ἀεὶ

2131 3751 2439 3821 ἐφιέμενος,
2467 3750 2544 3814 ὼς
2572 3746 2688 3822 εἶχε
2716 3751 2937 3822 τάχους,
2983 3752 3084 3823 τὴν
3135 3752 3530 3822 βασιλεύουσαν
3573 3769 3723 3805 κιτ-

2131 3842 2325 3896 έλαϐεν
2357 3843 2473 3913 ἃμα
2500 3845 2612 3907 τοῖς
2666 3844 2764 3896 σὺν
2799 3843 2951 3914 αύτῷ
2993 3843 3270 3914 ὲγκρίτοις
3327 3844 3530 3906 ἱκανοῖς
3564 3843 3721 3897 οὖσι.

2131 3937 2242 3990 Καὶ
2263 3936 2456 4000 νυκτὸς
2481 3935 2569 3990 διὰ
2596 3935 2971 4008 παραπυλὶδος
2993 3935 3256 3991 εἱσελύὼν
3293 3935 3390 3988 τοῦ
3425 3935 3687 4006 πρε-οτοῦε
3704 3967 3722 3975 -

2134 4029 2380 4101 στιαρίου
2408 4028 2650 4099 Μιχαὴλ,
2677 4027 2844 4098 οὔσης
2873 4029 3099 4099 πλησίον
3138 4029 3508 4098 ἀκροπόλεως,
3549 4033 3608 4082 ὲν
3633 4031 3726 4099 τῷ

2132 4121 2266 4190 οἴκῳ
2291 4119 2386 4173 τοῦ
2412 4118 2676 4190 πενθεροῦ
2702 4117 2867 4171 αὑτοῦ
2897 4119 3154 4190 Γρηγορᾶ
3196 4121 3400 4183 ἄϋπνος
3429 4121 3573 4190 μετὰ
3603 4122 3724 4174 τῶν

2135 4213 2403 4266 συνόντων
2433 4209 2583 4281 αύτῷ
2633 4210 2957 4264 διετέλεσεν.
2998 4212 3245 4281 Νικήτας
3281 4212 3338 4265 δὲ
3381 4214 3720 4282 ἁσηκρῆτις,

2134 4305 2163 4358 ό
2199 4304 2338 4374 μετὰ
2386 4305 2559 4357 ταῦτα
2599 4303 3038 4373 πρωτονστάριος
3093 4301 3357 4372 γεγονὼς,
3395 4305 3499 4374 τὴν
3551 4307 3719 4359 Κων-

449 4397 557 4462 tis,
611 4397 704 4467 qui
767 4407 952 4467 postea
1009 4395 1426 4465 protonotarius
1484 4394 1588 4449 fuit
1620 4436 1634 4460 ,
1688 4393 2024 4451 Constantini

2139 4396 2417 4451 σταντίνου
2465 4393 2670 4464 ἄφιξιν·
2704 4395 2782 4465 τῷ
2828 4395 3104 4466 πατρικὶῳ
3164 4396 3563 4466 Κωνσταντενῳ
3617 4399 3726 4452 καὶ

451 4487 746 4544 adventum
777 4484 1139 4540 Constantino
1167 4482 1399 4555 patricio
1427 4493 1483 4538 et
1510 4484 1780 4539 monacho
1807 4484 2024 4541 Eladico

2138 4488 2356 4558 μοναχῷ
2393 4486 2471 4557 τῷ
2533 4486 2798 4557 Ἐλαδικῷ
2849 4487 3263 4558 κατεμήνυσεν·
3291 4488 3385 4542 καὶ
3430 4487 3602 4556 ἄμφω
3643 4493 3723 4559 τῇ

451 4579 730 4634 nuntiavit
756 4594 768 4640 ;
799 4578 1072 4647 amboque
1100 4576 1292 4632 eadem
1321 4586 1482 4631 nocte
1514 4576 1580 4632 ad
1609 4575 2029 4634 Constantinum

453 4667 655 4724 Ducem
706 4682 906 4721 venere
946 4683 961 4732 ;
1014 4666 1259 4735 initoque
1303 4666 1532 4721 consilio
1560 4707 1574 4730 ,
1619 4684 1742 4724 eum
1799 4669 2031 4724 necdum

454 4758 763 4823 diluxisset,
790 4756 884 4811 sed
920 4755 1099 4812 adhuc
1137 4757 1378 4811 tenebrze
1411 4768 1614 4822 essent,
1657 4774 1780 4813 cum
1823 4757 2037 4815 facibus

456 4849 803 4919 militumque
857 4863 967 4903 non
1010 4847 1115 4902 levi
1167 4857 1376 4903 armata
1426 4865 1588 4903 manu
1629 4847 1770 4905 Circi
1818 4859 2032 4921 portam

457 4940 745 5005 invadunt,
769 4939 1070 5009 faustisque
1106 4940 1593 4995 acclamationibus
1613 4941 2032 4996 Constantinum

460 5044 519 5089 ut
549 5035 934 5105 imperatorem
975 5033 1234 5086 salutant.
1279 5032 1355 5085 lbi
1392 5034 1510 5102 ejus
1547 5033 1739 5102 equiso
1780 5050 1809 5088 a
1843 5034 2035 5103 przcsi-

458 5127 670 5192 diariis,
708 5127 886 5196 iisque
914 5123 1009 5195 qui
1037 5127 1178 5180 intra
1222 5134 1404 5197 portas
1429 5133 1605 5189 erant,
1635 5125 1818 5181 lancea
1860 5135 2034 5180 trans-

459 5217 598 5272 tixus
625 5219 905 5276 occubuit.

529 5331 581 5386 '5.
633 5332 750 5388 Non
802 5332 1078 5388 admissus
1131 5331 1314 5400 itaque
1346 5327 1741 5384 Constantinus
1771 5329 1867 5385 sed
1898 5331 2032 5386 sub-

461 5430 662 5484 motus,
693 5421 841 5476 velut
866 5422 1128 5476 daemonis
1151 5417 1433 5491 cujusdam
1463 5418 1641 5472 alllatu
1667 5419 1824 5475 furiis
1857 5431 2031 5485 actus.

463 5523 583 5568 nec.
620 5526 729 5577 quo
766 5512 982 5581 imperii
1008 5528 1195 5566 amore
1221 5509 1502 5581 agebatur.
1553 5509 1699 5566 sanis
1730 5511 1863 5564 satis
1887 5527 2036 5566 men-

463 5606 531 5660 tis
583 5603 890 5659 rationibus
943 5607 998 5660 in
1027 5607 1248 5661 Circum
1309 5620 1366 5659 se
1409 5604 1585 5659 tristis
1636 5605 1900 5674 vultuque
1942 5603 2038 5658 dc-

463 5698 629 5753 misso
661 5693 955 5762 subducit,
1009 5699 1212 5754 malum
1261 5713 1424 5754 omen
1459 5705 1723 5766 reputans
1757 5696 2034 5751 sublatum

2133 4579 2270 4650 αὐτῇ
2297 4577 2458 4632 νυκτὶ
2487 4578 2627 4648 προς
2673 4577 2765 4631 τὸν
2799 4579 2980 4633 Δοῦκα
3027 4579 3440 4634 Κωνσταντϊνον
3477 4583 3723 4652 παρεγέο

2133 4687 2321 4726 νοντο·
2351 4671 2448 4725 καὶ
2475 4669 2674 4741 βουλὴν
2721 4671 3104 4742 ποιησάμενοι,
3147 4670 3300 4726 οὔπω
3348 4673 3446 4744 τῆς
3498 4673 3723 4744 ἡμέρας

2134 4763 2570 4834 καταλαϐούσης,
2593 4763 2704 4817 ἀλλ’
2740 4760 2823 4817 In
2863 4763 3085 4827 σκοτίας
3112 4761 3470 4834 οὔσηςέμετὰ
3495 4763 3720 4835 λαμπᾶ-

2136 4853 2240 4906 δων
2270 4858 2363 4906 καὶ
2389 4853 2481 4906 τοῦ
2504 4852 2635 4907 λαοῦ
2655 4853 2852 4907 πολλοῦ
2879 4855 2971 4908 καὶ
2995 4855 3174 4908 ὅπλων
3205 4855 3305 4924 τὴν
3325 4855 3420 4909 τοῦ
3451 4856 3719 4924 ἱπποδρὸο

2145 4964 2246 5016 μου
2292 4945 2469 5016 πύλην
2521 4948 3028 5018 καταλαμϐάνουσι,
3062 4949 3499 5002 ’Κωνσταντῐνον
3547 4950 3716 5018 εὐφη-

2145 5036 2373 5106 μοῦντες
2403 5037 2478 5100 ὠς
2524 5038 2769 5108 βασιλέα.
2828 5039 2997 5094 Ἔνθα
3035 5040 3099 5108 δὴ
3131 5042 3160 5093 ό
3185 5037 3378 5094 τούτου
3405 5040 3714 5109 ἱπποκόμος

2139 5130 2456 5199 λογχευθεὶς
2498 5131 2648 5201 παρὰ
2667 5131 2774 5186 τῶν
2803 5132 2957 5194 ivre;
2985 5133 3094 5185 τῶν
3125 5132 3218 5185 τοῦ
3247 5133 3590 5202 ἱπποδρόμου
3615 5147 3714 5185 πυ-

2141 5220 2247 5276 λῶν
2272 5222 2536 5294 ἀνῃρέθη.

2209 5333 2280 5402 γ’.
2301 5337 2392 5404 Μὴ
2405 5335 2611 5406 δεχθεὶς
2631 5331 2723 5389 οὖν
2741 5338 3164 5401 Κωνσταντῖνος,
3184 5337 3299 5390 ἀλλ’
3326 5337 3706 5410 ἁποσοόηϐεἱς,

2142 5425 2329 5496 ὥσπερ
2359 5425 2464 5478 ύπό
2514 5443 2660 5489 τινος
2709 5425 3176 5496 ἐκϐακχευόμενος
3205 5428 3460 5496 δαίμονος
3510 5430 3599 5480 καὶ
3635 5429 3706 5496 μὴ

2142 5515 2484 5584 ἐφεστηκότα
2520 5514 2656 5584 ἔχων
2716 5516 2804 5568 τὸν
2853 5514 3114 5585 λογισμὸν
3165 5515 3240 5586 τῷ
3290 5518 3387 5586 τῆς
3436 5519 3705 5588 βασιλείας

2144 5606 2324 5677 ἔρωτι,
2361 5608 2418 5658 ὲν
2446 5607 2520 5677 τῷ
2555 5609 2878 5678 ἱπποδρόμῳ
2899 5608 3254 5678 ὑπεχώρησεν
3287 5613 3515 5678 στυγνὸς
3544 5629 3596 5663 τε
3620 5613 3707 5662 κιὶ

2147 5697 2417 5770 κατηφὴς.
2473 5701 2641 5754 κακὸν
2673 5700 2864 5756 οἱωνδν
2908 5700 3005 5770 τὴν
3036 5701 3127 5754 τοῦ
3164 5703 3472 5770 ἱπποκόμου
3523 5705 3706 5763 xei-.1;
