3996 6208
227 271 316 334 937
1311 282 1507 342 VlT/E
1538 277 2095 346 RECENTIORUM
2129 289 2337 353 IMPP.

3366 303 3471 366 938

228 382 457 453 σᾳαγὴν.
505 384 748 440 Ἐκεῖθεν
811 387 905 441 οὖν
969 387 1387 460 εὐφημούμενος
1444 387 1578 463 ἦλθε
1636 391 1776 463 μέχρ

228 475 305 509 -ἰρ
326 474 632 509 Ἅρνηηέυσηρ
650 477 869 509 γηῖυτυ
907 479 996 509 υηι
1026 477 1070 509 ιο
1090 479 1176 509 λιλ-
1203 481 1300 509 -:-
1330 482 1564 509 v.2..-z-
1587 484 1759 509 -1---

1903 410 2037 453 nece
2068 401 2412 472 equisonem.
2442 405 2594 462 illinc
2631 407 2815 509 itaque
2846 409 3041 466 faustis
3071 412 3486 468 acclamationi-

220 475 305 543 τῆς
326 474 632 544 λεγομένης
650 477 888 547 Χαλκῆς,
907 479 1001 531 καὶ
1026 477 1070 509 ³ο
1089 479 1177 532 διὰ
1202 481 1300 550 τῆς
1329 482 1564 553 Σιδηρᾶς
1586 484 1796 554 πόρτης

218 565 306 634 τῆς
323 567 494 631 αύτῆς
521 568 739 637 Χαλκῆς
760 568 1122 639 είσεληλυθὼς
1146 573 1308 644 μέχρι
1333 574 1444 627 τῶν
1465 575 1794 639 ὲξκουϐίτων

218 657 560 725 παρεγένετο.
607 659 665 710 Ὁ
699 656 791 713 οὖν
827 663 1133 732 μάγιστρος
1186 665 1442 737 Ἰωάννης
1465 669 1500 720 '6
1564 669 1794 734 Ἐλαδᾶς

216 752 440 821 ἐκλογὴν
474 749 562 822 [Ρ.
588 751 717 824 566]
751 754 860 806 τῶν
888 772 945 806 τε
969 757 1068 826 τῆς
1097 759 1372 828 ἑταιρείας
1405 762 1498 814 καὶ
1525 761 1636 814 τῶν
1668 762 1796 815 ἐλα-

214 842 314 895 τῶν
341 844 712 912 ποιησάμενος
735 845 853 915 μεθ’
878 847 1061 901 ὃπλων
1083 847 1176 901 τού
1188 867 1310 915 τους
1341 852 1628 905 ἀπέστειλε
1651 853 1794 907 κατὰ

213 934 299 987 τοῦ
344 934 569 997 Δουκός.
625 935 923 991 Ἐλθόντων
978 935 1070 992 οὗν
1122 942 1282 1011 μέχρι
1314 941 1413 1012 τῆς
1443 945 1661 1014 Χαλκῆς
1698 947 1794 998 καὶ

217 1027 448 1096 πολέμου
468 1029 763 1092 συστάντος
791 1030 978 1084 πολλοὶ
1005 1031 1064 1096 ἐξ
1087 1033 1417 1103 ἀμφοτέρων
1457 1035 1650 1089 ἔπεσον
1681 1035 1790 1088 τῶν

216 1119 416 1190 μερῶν,
453 1122 546 1173 καὶ
573 1122 828 1175 τοσοῦτον
858 1123 1001 1179 ὥστε
1035 1124 1126 1177 τὸν
1156 1126 1320 1179 τόπον
1351 1127 1790 1198 ὲκλιμνασθῆναι

209 1210 282 1280 τῷ
311 1211 506 1280 αἵματι
540 1215 856 1284 ποταμηδόν
890 1216 1272 1287 καταρῤέοντι.
1313 1217 1579 1290 Ἀνῃρέθη
1604 1218 1664 1272 δὲ
1695 1219 1791 1273 καὶ

209 1302 488 1374 Γρηγορᾶς
521 1307 548 1356 6
583 1305 699 1368 υίὸς
731 1305 824 1358 τοῦ
876 1308 1075 1370 Δουκδς
1100 1310 1194 1362 καὶ
1227 1310 1449 1379 Μιχαὴλ
1499 1309 1788 1381 ἐξάδελφος

209 1395 367 1449 αὐτοῦ
398 1398 494 1449 καὶ
521 1397 830 1470 Κουρτίκης
859 1401 1064 1464 ἐκεῖνος
1094 1403 1122 1455 6
1145 1405 1201 1468 ἐξ
1236 1404 1556 1474 Ἀρμενίων.

277 1490 336 1544 δ’.
365 1490 551 1543 Ταῦτα
573 1492 602 1543 6
625 1490 762 1556 Δοὺξ
782 1494 1188 1558 Κωνσταντῖνος
1216 1497 1423 1564 μαθὼν,
1447 1499 1689 1568 ταραχῆς
1709 1500 1788 1553 ὅτι

207 1581 463 1651 πλείστης
484 1584 803 1654 γενομένης,
823 1587 915 1638 τὸν
946 1585 1114 1639 ἵππον
1144 1587 1457 1657 ἐξήλαυνεν.
1499 1591 1559 1644 '0
1575 1591 1632 1644 δὲ
1663 1587 1791 1656 ταῖς

203 1676 379 1728 ἐκεῖσε
405 1677 855 1746 ύπεστρωμέναις
874 1679 1229 1756 ἐνολισθήσας
1261 1682 1456 1747 πλαξιν
1473 1685 1552 1748 είς
1575 1684 1682 1754 γῆν
1696 1685 1788 1738 τὸν

206 1770 469 1840 ἐπιϐάτην
497 1771 816 1824 κατέϐαλεν.
853 1772 1006 1826 Ἐπεὶ
1023 1774 1080 1828 δέ
1116 1791 1201 1839 τις
1217 1775 1378 1830 αὑτὸν
1398 1779 1538 1831 κατά
1564 1780 1666 1850 γῆς
1696 1781 1786 1850 ιρ-

207 1861 471 1932 ριμμένον
503 1862 807 1916 κατέλαϐεν
874 1865 943 1932 (oi
980 1865 1088 1936 γὰρ
1121 1867 1268 1922 ἄλλοι
1321 1869 1786 1943 διεσκεδάσθησαν

203 1955 481 2029 ἅπαντες),
511 1954 656 2025 ξίφει
686 1956 786 2028 τὴν
814 1956 1006 2011 τούτου
1032 1959 1278 2032 ἀπέτεμε
1302 1963 1565 2034 κεφαλήν.

270 2144 331 2193 ι’.
379 2138 596 2192 Τούτων
658 2140 831 2205 οὕτως
881 2142 1243 2198 τελεσθέντων
1288 2144 1573 2217 Γρηγορᾶς
1613 2146 1778 2215 μάγι·

203 2247 360 2302 στρος
395 2234 423 2284 ό
454 2231 644 2286 τούτου
694 2233 953 2306 πενθερὸς
977 2277 990 2300 ,
1052 2237 1192 2307 μετά
1227 2237 1456 2302 Λέοντος
1483 2239 1541 2291 ὃν
1580 2239 1778 2309 Χοιρο-

208 2322 457 2393 deditth
482 2323 764 2394 ὠνόμαζον
785 2327 850 2392 ³¹,
892 2331 954 2398 τῇ
983 2329 1113 2400 ἁγίᾳ
1145 2329 1237 2382 τοῦ
1268 2329 1402 2382 Θεοῦ
1430 2330 1660 2401 Μεγάλῃ
1689 2332 1777 2383 ἐκο

213 2415 406 2485 κλησία
443 2416 809 2486 προσέφυγον,
847 2418 940 2482 οὒς
975 2420 1070 2473 καὶ
1122 2419 1211 2492 βίᾳ
1257 2421 1468 2474 ἐκεῖθεν
1524 2422 1778 2476 ἀποσπά-

203 2519 392 2566 σαντες
419 2505 720 2574 ἀπέκειραν
749 2510 1016 2578 μοναχοὺς
1041 2509 1101 2562 ἐν
1115 2512 1181 2581 τῇ
1205 2510 1314 2563 τῶν
1339 2511 1588 2564 Στουδίου
1617 2514 1776 2582 μονῇ.

202 2597 612 2652 Κωνσταντῖνον
639 2599 693 2651 δὲ
713 2599 803 2653 τὸν
841 2601 1119 2654 Ἑλαδικδν
1146 2601 1459 2672 βουνεύροις
1481 2601 1772 2670 τύψαντες,

199 2689 340 2759 ῥάκη
396 2706 451 2741 τε
489 2690 876 2761 περιϐαλόντες
907 2693 1002 2744 καὶ
1056 2692 1164 2762 όνῳ
1197 2693 1646 2757 ὲπικαθίσαντες,
1688 2694 1777 2747 διὰ

155 2790 158 2792 ⁷
200 2781 369 2854 μέσης
417 2783 516 2853 τῆς
569 2784 777 2847 πόλεως
833 2783 1262 2856 ὲθριάμδευσαν,
1310 2786 1405 2839 καὶ
1461 2787 1520 2839 ὲν
1560 2789 1627 2858 τῇ
1680 2787 1776 2841 τοῦ

195 2874 480 2944 Δαλμάτου
533 2877 912 2944 ἀπαγαγόντες
945 2879 1079 2947 μονῇ
1112 2877 1570 2944 ἑγκατάκλειστον
1595 2881 1661 2951 τῇ
1692 2879 1778 2932 λεο

195 2965 403 3036 γομένῃ
434 2965 714 3036 Καταδίκη
745 2967 1103 3036 πεποιήκασι.
1154 2967 1360 3020 Λέοντα
1381 2967 1436 3020 δὲ
1462 2969 1552 3022 τὸν
1587 2973 1776 3025 Κατα-

1900 489 2004 547 bus
2029 499 2515 567 prosequentibus,
2548 503 2615 557 ad
2640 489 2896 561 Ch'aleem
2925 523 3098 578 usque
3131 511 3232 578 (sic
3259 509 3484 574 dictam)

1898 585 2070 650 venit,
2112 602 2178 642 ac
2206 606 2306 658 per
2333 591 2564 650 Chalces
2594 597 2846 668 ejusdem
2891 600 3128 657 ferream
3156 613 3368 672 portam
3399 603 3480 656 in-

1897 692 2120 746 gressus
2143 681 2210 734 ad
2239 685 2625 741 excubitorum
2679 705 2854 760 usque
2899 693 3190 748 stationem
3220 696 3484 763 pervasit.

1895 769 2156 839 Magister
2187 774 2371 844 itaque
2390 777 2631 833 Joannes
2655 781 2873 846 Eladas,
2919 798 2984 837 ex
3013 783 3295 840 frederatis
3318 786 3484 856 876

1896 861 2312 934 elassiariisquc
2359 867 2578 924 delectu
2619 873 2828 939 habito,
2861 879 3029 930 armis
3060 877 3362 932 instructos
3383 879 3488 932 ad-

1895 969 2090 1010 versus
2125 956 2321 1012 ducem
2365 961 2568 1016 emisit.
2617 964 2868 1031 Cumque
2904 966 2972 1020 ad
3007 967 3264 1023 Chalcem
3308 984 3448 1039 usqu
3502 963 3512 990 '

1894 1046 2200 1112 venissent,
2231 1060 2598 1121 consertoque
2631 1056 2844 1123 praelio,
2891 1059 3050 1112 multi
3103 1060 3363 1129 utrinque
3389 1076 3452 1115 ce
3484 1076 3494 1110 :

1895 1137 2113 1197 cidere:
2155 1150 2417 1211 tantaque
2444 1145 2569 1199 data
2605 1157 2943 1217 acceptaque
2966 1157 3180 1217 stragrs
3208 1160 3312 1214 est,
3349 1162 3485 1208 utet

1894 1233 2176 1303 sanguinis
2219 1236 2323 1290 rivi
2370 1236 2613 1294 ﬂuminis
2640 1241 3038 1311 instagnarent.
3086 1235 3315 1298 Occisus
3353 1260 3484 1302 vero

1892 1333 1976 1379 est
2018 1327 2290 1399 Gregoras
2324 1330 2492 1386 Ducis
2525 1332 2670 1388 ﬁlius
2695 1343 2751 1389 et
2781 1335 3011 1390 Michael
3040 1337 3162 1407 ejus
3189 1338 3482 1405 eonsobrie

1893 1433 2017 1483 nus,
2059 1435 2162 1474 nec
2196 1437 2306 1475 non
2343 1422 2597 1480 Curtices
2626 1427 2945 1482 Armenius.

1961 1508 2014 1562 4.
2047 1509 2166 1576 Quo
2186 1514 2409 1582 cognito
2428 1514 2826 1572 Constantinus
2856 1519 2992 1582 Dux,
3012 1534 3077 1572 ac
3094 1533 3218 1573 cum
3241 1518 3479 1574 maxima

1891 1606 2009 1651 orta
2054 1612 2204 1655 esset
2251 1603 2515 1670 turbatio,
2574 1622 2778 1676 equum
2813 1608 3054 1679 impulit.
3097 1609 3269 1664 Porro
3302 1627 3480 1680 equus

1892 1689 1947 1743 in
1981 1692 2280 1757 asseribus,
2343 1695 2548 1764 quibus
2596 1698 2753 1754 locus
2782 1709 3096 1755 eonstratus
3137 1711 3276 1767 erat,
3313 1703 3479 1758 colla-

1891 1800 2023 1855 psus
2055 1802 2326 1844 sessorem
2357 1791 2622 1846 excussit.
2654 1792 2827 1859 Quem
2861 1794 2979 1849 solo
3017 1795 3234 1849 allisum
3263 1805 3320 1850 et
3350 1812 3478 1865 pro-

1879 1879 2086 1948 jectum
2123 1881 2398 1951 quispiam
2449 1883 2742 1940 offendens
2798 1887 2912 1954 (alii
2959 1887 3106 1940 enim
3155 1902 3348 1941 omnes
3391 1888 3476 1942 di-

1883 1970 2059 2038 spersi
2111 1985 2174 2025 ac
2219 1972 2470 2040 palantes
2502 1971 2702 2044 erant)
2748 1975 2871 2045 ejus
2929 1984 3097 2043 caput
3139 1975 3320 2044 gladio
3376 1976 3473 2031 ab-

1883 2062 2071 2118 scidit.

1953 2152 2006 2210 5.
2033 2153 2129 2209 His
2158 2154 2240 2209 ita
2267 2155 2507 2226 peractis
2530 2155 2803 2226 Gregoras
2825 2156 3086 2226 magister
3098 2155 3261 2212 Ducis
3289 2172 3468 2224 socer,

1879 2259 2011 2298 eum
2036 2245 2222 2300 Leone
2254 2245 2344 2300 cui
2381 2245 2844 2318 Cbcerosphactes
2874 2261 3096 2313 nomen,
3134 2247 3190 2301 in
3222 2257 3470 2303 sanetam

1879 2334 1977 2388 Dei
2016 2335 2264 2405 Magnam
2299 2336 2590 2390 ecclesiam
2629 2336 2972 2406 confugere;
3005 2352 3146 2406 quos
3179 2345 3238 2392 et
3259 2338 3310 2393 vi
3343 2339 3472 2392 abs-

1881 2434 2086 2482 tractos
2138 2427 2393 2482 monachi
2434 2429 2547 2482 ritu
2575 2428 2631 2482 in
2662 2426 2844 2482 Studii
2898 2429 3238 2484 monasterio
3272 2428 3472 2483 deton-

1880 2519 2119 2574 derunt:
2156 2521 2583 2577 Constantinum
2615 2537 2749 2577 vero
2777 2521 3064 2577 Eladicum
3086 2523 3275 2577 nervis
3290 2523 3474 2578 buhu.

1879 2610 1950 2666 lis
1978 2625 2203 2677 cmsum,
2244 2612 2558 2684 vilibusque
2594 2629 2658 2669 ac
2695 2614 2896 2669 laceris
2932 2614 3182 2668 vestibus
3213 2613 3469 2669 indutum

1880 2703 2146 2772 asinoque
2182 2703 2503 2773 impositum
2533 2721 2634 2774 per
2673 2704 2914 2760 mediam
2943 2704 3139 2760 urbem
3169 2705 3470 2761 traducen-

1882 2803 1984 2861 tes,
2019 2797 2074 2851 in
2117 2796 2378 2852 Dalmata:
2422 2799 2782 2862 monasterio,
2831 2797 3030 2852 inclusi
3068 2799 3204 2863 ritu,
3250 2798 3469 2852 carceri

1882 2903 2038 2943 reum
2061 2889 2410 2943 addixerunt.
2447 2890 2688 2945 Leonem
2712 2905 2844 2945 vero
2859 2889 3249 2945 Cataealitzem
3269 2897 3324 2945 et
3355 2890 3470 2948 Ab-

1880 2983 2124 3036 salonem
2159 2983 2373 3037 Arotrae
2406 2981 2580 3037 ﬁlium
2606 2982 2913 3037 luminibus
2935 2983 3185 3052 privatos
3226 2983 3286 3038 in
3323 2983 3471 3040 exsi-

193 3055 459 3125 καλίτζην
489 3055 582 3106 καὶ
617 3055 927 3108 Ἀϐεσαλὼν
956 3056 1046 3109 τὸν
1076 3057 1170 3110 τοῦ
1211 3060 1465 3131 ’Λρωτρᾶ
1498 3062 1776 3132 ἐκτυφλώ-

1887 3074 2018 3130 lium
2045 3075 2340 3130 miserunt.
2366 3074 2791 3130 Constantinum
2809 3075 3084 3147 Eulampii
3105 3074 3280 3131 ﬁlium
3305 3075 3470 3133 alios-

193 3165 388 3211 σαντες
417 3149 604 3218 ἐξορία
637 3148 1030 3218 παρέπεμψαν.
1065 3152 1480 3208 Κωνσταντῖνον
1511 3155 1567 3208 δὲ
1601 3156 1695 3208 τοῦ
1731 3157 1774 3188 ³⁸

189 3241 522 3311 Εὔλαμπίου
575 3241 694 3293 υίδν
742 3242 839 3293 καὶ
871 3242 1091 3312 ἑτέρους
1121 3244 1220 3298 σὺν
1272 3245 1422 3314 αὐτῷ
1461 3245 1717 3315 Θεόφιλος
1749 3250 1778 3302 ό

187 3334 449 3403 ὕπαρχος
495 3335 522 3384 ό
562 3331 656 3385 τοῦ
687 3333 982 3404 Λαμπύδου
1019 3335 1076 3388 ἐν
1129 3338 1196 3406 τῇ
1221 3337 1314 3388 τοῦ
1351 3337 1579 3391 ἱππικοῦ
1613 3356 1776 3408 σφεν⁴

179 3427 320 3497 δόνῃ
353 3426 494 3495 ξίφει
535 3428 831 3498 ἀπέτεμεν.
868 3431 942 3481 Οὐ
978 3431 1190 3500 μικρῶς
1212 3429 1266 3483 δὲ
1289 3431 1772 3502 διερευνησάμενοι

181 3520 320 3590 περὶ
342 3519 557 3589 Νικήτα
587 3519 904 3590 ἀσηκρήτου
934 3523 1027 3575 καὶ
1055 3523 1468 3576 Κωνσταντίνου
1495 3522 1774 3593 τοῦΣΛισὸς

181 3613 286 3680 οὐχ
346 3604 502 3679 εὗρον
552 3613 749 3674 αὐτοὺς
805 3611 882 3675 ὡς
940 3613 1327 3684 χρησαμένους
1363 3617 1532 3686 φυγῇ.
1579 3614 1684 3670 Τὸν
1713 3616 1770 3669 δὲ

182 3702 414 3770 Αἰγίδην
441 3703 650 3755 ἐκεῖνον
672 3704 912 3766 καὶτοὺς
938 3705 1034 3758 σὺν
1065 3705 1236 3774 αὐτῷ,
1272 3707 1552 3778 ἀνδρείους
1607 3707 1770 3772 ὄντας

181 3795 284 3847 καὶ
319 3793 568 3857 πολλοὺς,
605 3795 712 3847 ἀπό
759 3811 817 3846 τε
871 3797 970 3867 τῆς
1004 3797 1061 3848 ὲν
1099 3798 1442 3867 Χρυσοπόλει
1483 3799 1768 3870 δαμάλεως

177 3888 283 3940 καὶ
345 3887 505 3956 μέχρι
543 3887 646 3969 τού
693 3889 978 3942 Λευκάτου
1032 3889 1277 3960 διδύμοις
1340 3892 1518 3956 ξύλοις
1559 3893 1768 3952 πάντας

175 3979 628 4034 ἑνεσκολόπισαν.
669 3981 776 4033 Καὶ
831 3980 1062 4043 πολλοὺς
1117 3981 1182 4032 ἂν
1233 3982 1341 4034 τῶν
1369 3983 1425 4033 ἐν
1472 3982 1614 4034 τέλει
1646 3983 1767 4034 τότε

173 4073 430 4142 ἀνηλεῶς
461 4073 555 4125 καὶ
584 4073 842 4135 ἀναιτίως
874 4075 923 4125 οἱ
955 4073 1240 4143 λεγόμενοι
1301 4065 1447 4125 οὗτοι
1481 4073 1767 4143 ἐπίτροποι

171 4165 539 4230 ἀπέκτειναν,
581 4167 629 4218 εί
681 4167 754 4236 μή
804 4183 947 4228 τινες
990 4166 1099 4218 τῶν
1119 4165 1390 4218 δικαστῶν
1420 4166 1645 4228 τούτους
1667 4166 1768 4233 τῆς

171 4259 378 4311 ἀδίκου
401 4259 578 4328 ὁρμῆς
608 4259 980 4328 ἀνεχαίτισαν,
1010 4260 1255 4320 εἰπόντες
1282 4259 1488 4322 αὐτοῖς,
1526 4258 1602 4320 ὡς
1630 4261 1769 4311 Παι-

168 4352 289 4416 δὸς
326 4349 502 4417 ὄντος
539 4350 650 4403 τοῦ
685 4351 1020 4418 βασιλέως,
1053 4351 1178 4417 πῶς
1207 4352 1353 4405 ἄνευ
1408 4350 1519 4418 τῆς
1557 4350 1767 4404 κελεύ-

1887 3182 1992 3236 que
2021 3182 2146 3222 eum
2185 3167 2280 3222 illo
2308 3166 2650 3237 Theophilus
2676 3165 2967 3236 praefectus
2994 3169 3062 3223 ad
3091 3167 3237 3224 Circi
3261 3175 3468 3224 metam

1884 3257 2064 3327 gladio
2094 3257 2392 3313 truncavit.
2449 3256 2607 3312 Haud
2640 3259 2840 3329 exigua
2869 3258 3035 3329 877
3063 3260 3468 3329 perquisitione

1883 3351 2024 3405 facta
2049 3351 2116 3405 de
2155 3351 2345 3406 Niceta
2372 3367 2401 3405 a
2429 3351 2658 3407 secretis
2702 3359 2759 3407 et
2790 3350 2858 3407 de
2897 3350 3262 3407 Constantino
3306 3352 3467 3421 Libe,

1883 3443 2030 3498 haud
2060 3443 2265 3500 inventi
2299 3453 2448 3509 sunt,
2476 3453 2536 3498 ut
2561 3445 2654 3515 qui
2682 3442 2808 3514 fuga
2835 3444 3000 3499 saluti
3026 3446 3465 3502 consuluissent.

1879 3534 2126 3605 lEgidam
2177 3549 2308 3587 vero
2344 3535 2525 3588 virum
2577 3534 2941 3603 spectabilem
2994 3536 3310 3607 sociosque,
3369 3534 3467 3606 qui

1878 3627 2066 3697 plures
2107 3641 2170 3679 ac
2224 3624 2326 3678 viri
2373 3623 2546 3678 fortes
2585 3631 2815 3689 essent,
2865 3637 2896 3678 a
2932 3623 3180 3688 Damali,
3229 3639 3353 3695 qnze
3380 3630 3468 3678 est

1874 3715 2222 3788 Chrysopoli,
2257 3715 2325 3770 ad
2365 3715 2666 3769 Leucatam
2703 3729 2879 3784 usque
2913 3715 3087 3770 furcis
3107 3729 3303 3770 omnes
3335 3729 3464 3769 sus-

1876 3811 2205 3880 penderunt.
2245 3807 2654 3877 Procerumque
2697 3808 2886 3875 plures
2923 3823 2987 3863 ac
3014 3808 3279 3862 senatorii
3306 3807 3461 3862 ordi-

1875 3903 1963 3955 nis
1994 3901 2144 3954 viros
2180 3907 2312 3952 tunc
2364 3898 2632 3965 temporis
2677 3905 2890 3952 tutores
2931 3899 3020 3953 isti
3059 3901 3359 3954 crudeliter
3397 3915 3464 3954 ac

1878 3992 2096 4045 innoxie
2131 3989 2468 4058 percmpturi
2497 3998 2676 4052 erant,
2725 3989 2831 4043 nisi
2855 3991 3104 4059 judicum
3135 3993 3359 4061 quidam
3392 3993 3461 4044 ab

1878 4082 2078 4152 injusta
2110 4095 2206 4134 eos
2237 4079 2575 4148 grassatione
2604 4093 2668 4131 ac
2697 4078 2903 4148 impetu
2935 4082 3293 4135 retraxissent
3319 4122 3332 4145 ,
3365 4080 3462 4150 qui

1876 4173 2165 4226 dicerent:
2221 4168 2359 4233 Quid
2400 4185 2521 4223 vero
2573 4186 2684 4236 vos,
2723 4171 3044 4240 imperatore
3074 4171 3246 4224 adhuc
3271 4187 3458 4241 puero,

1875 4266 2092 4336 ejusque
2122 4264 2349 4335 injussu,
2383 4262 2700 4333 ejuscemodi
2731 4271 2949 4334 patrare
2971 4261 3175 4315 audetis
3205 4263 3230 4315 7
3271 4263 3461 4332 itaque

1874 4357 2043 4413 Ducis
2096 4371 2321 4412 uxorem
2385 4356 2752 4411 detondentes
2801 4355 2870 4409 ad
2921 4369 3053 4409 suas
3082 4353 3230 4409 aedes
3268 4354 3320 4408 in
3361 4355 3463 4409 Pa~

165 4459 340 4510 σεως
367 4443 552 4497 αὐτοῦ
576 4442 833 4512 τολμᾶτε
853 4443 1097 4498 τοιαῦτα
1127 4443 1593 4511 διαπράττεσθαι
1616 4460 1634 4506 ;
1656 4443 1766 4514 Τὴν

1892 4449 2163 4520 )hlagonia
2191 4447 2536 4519 ablegarunt,
2563 4446 2719 4518 cujus
2740 4454 2797 4503 et
2819 4445 2934 4500 filio
2964 4445 3246 4515 Stephano
3274 4443 3459 4499 virilia

163 4534 272 4587 τοῦ
309 4536 511 4598 Δουκος
539 4531 631 4587 οἷν
656 4538 890 4604 γυναῖκα
921 4535 1310 4605 ἀποκείροντες
1343 4538 1421 4596 είς
1443 4539 1531 4587 τον
1567 4537 1624 4586 ὲν
1658 4534 1765 4585 Πα-

165 4628 454 4700 φλαγονίᾳ
491 4625 637 4681 οἷκον
671 4629 870 4698 ἑαυτῆς
905 4627 1318 4694 ἐξαπέστειλαν,
1356 4625 1765 4693 εύπσιουχίσαντες

164 4723 273 4777 καὶ
299 4723 393 4775 τὶν
422 4723 534 4775 υἱὸν
565 4724 736 4791 αὐτῆς
765 4721 1061 4792 Στέφανον.

261 4809 411 4877 qui".
471 4812 766 4882 Αὐγούστῳ
804 4813 857 4866 δὲ
897 4811 1028 4883 μηνὶ
1057 4809 1284 4880 Συμεὼν
1325 4809 1354 4863 δ
1383 4808 1690 4879 Βούλγαρος
1719 4809 1766 4840 ³³

160 4906 390 4977 ἄρχων,
437 4904 848 4976 ἐκστρατεύσας
923 4903 1061 4956 κατὰ
1121 4901 1414 4973 Ῥωμαίων
1471 4902 1566 4956 σὺν
1625 4902 1767 4971 ὄχλῳ

163 4996 366 5067 πολλῷ
397 4998 488 5051 καὶ
523 4997 697 5070 βαρεῖ,
731 4996 1035 5050 κατέλαϐεν
1095 4994 1196 5066 τὴν
1243 4995 1766 5049 Κωνσταντινούπο-

157 5096 282 5159 λιν,
316 5094 410 5147 καὶ
444 5093 506 5166 δὴ
548 5091 910 5164 περικαθίσας
943 5091 1111 5160 αὐτὴν
1164 5091 1381 5160 χάρακα
1442 5090 1764 5162 περιέϐαλεν

156 5189 284 5244 ἀπὸ
340 5187 663 5258 Βλαχερνῶν
694 5185 987 5256 καὶμέχρι
1034 5182 1133 5252 τῆς
1187 5182 1490 5252 λεγομένης
1538 5183 1763 5255 Χρυσῆς

154 5281 415 5351 πόρτης,
447 5280 624 5332 ἐλπίσι
655 5279 931 5349 μετέωρος
960 5275 1037 5329 ὣν
1058 5272 1290 5344 ἀπονητὶ
1315 5275 1521 5345 ταύτην
1548 5276 1764 5339 πάντως

155 5375 343 5426 ἑλεῖν.
391 5371 544 5424 Ἐπεὶ
576 5371 630 5424 δὲ
656 5371 755 5441 τήν
790 5387 846 5421 τε
877 5368 986 5421 τῶν
1023 5369 1218 5437 τοίχων
1250 5365 1332 5438 [Ρ.
1370 5365 1494 5437 56η
1523 5367 1764 5437 κατέμα.

155 5465 266 5517 θεν
299 5461 608 5532 ὀχυρότητα
635 5463 733 5530 τήν
790 5479 850 5514 τε
894 5462 957 5512 ὲκ
989 5459 1080 5512 τοῦ
1115 5457 1353 5527 πλήθους
1380 5459 1472 5511 καὶ
1517 5457 1626 5511 τῶν
1660 5475 1761 5510 πε-

153 5555 460 5627 τροεόλων
511 5555 838 5624 ἀσφάλειαν,
875 5553 986 5605 τῶν
1041 5551 1272 5604 ἐλπίδων
1322 5549 1549 5622 σφαλεὶς
1597 5553 1656 5604 ἐν
1685 5551 1764 5620 τῷ

1873 4541 2212 4596 ademerunt.

1945 4809 2064 4862 6-7.
2107 4808 2289 4861 Mense
2315 4807 2562 4876 Augusto
2603 4805 2840 4876 Symeon
2869 4805 3138 4876 Bulgaria
3172 4804 3453 4875 princeps,

1875 4900 2233 4972 expeditione
2255 4897 2526 4953 adversus
2557 4899 2838 4954 Romanos
2869 4913 2995 4952 cum
3017 4913 3318 4953 numeroso
3348 4896 3459 4951 for-

1877 4995 2027 5064 tique
2062 4995 2310 5048 exereitu
2345 5003 2597 5062 suscepta
2626 5036 2639 5058 ,
2691 4993 3009 5064 Byzantium
3040 4992 3219 5062 petit;
3260 4989 3457 5043 obses-

1874 5103 2043 5156 suque
2079 5086 2236 5150 urbe,
2275 5085 2552 5154 ductoque
2583 5102 2611 5138 a
2640 5085 2958 5140 Blaehernis
2992 5085 3060 5138 ad
3111 5092 3322 5152 portam
3364 5097 3455 5136 us-

1872 5194 2002 5249 que,
2046 5179 2132 5232 cui
2176 5177 2372 5234 Aurem
2418 5194 2644 5243 nomen,
2684 5178 2847 5242 vallo,
2893 5178 3016 5247 ejus
3051 5175 3278 5229 omnino
3305 5173 3451 5228 facili

1872 5273 2093 5334 negotio
2132 5271 2382 5341 potiundi
2418 5287 2513 5342 spe
2559 5273 2736 5328 elatus
2782 5280 2920 5326 erat.
2987 5271 3282 5324 Enimvero
3323 5283 3452 5338 perv

1875 5373 2058 5434 specta
2086 5379 2368 5419 murorum
2404 5364 2660 5419 firmitate
2694 5364 2991 5435 populique
3026 5380 3088 5417 ae
3115 5371 3449 5416 armatorum

1873 5454 2247 5519 multitudine,
2280 5470 2382 5510 nee
2405 5471 2513 5509 non
2536 5455 2860 5510 balistarum
2891 5453 3068 5524 copia,
3093 5468 3189 5524 spe
3220 5451 3448 5509 frustra-

1875 5558 1999 5610 tus,
2042 5546 2108 5601 ad
2165 5545 2511 5601 ilebdomum
2564 5547 2709 5616 quod
2759 5556 2954 5601 vocant
2998 5561 3254 5603 reversus
3297 5546 3447 5618 pacis

1471 5643 1701 5698 νειῐιυε
1743 5639 2148 5697 LEC'l’iUNES.

231 5744 284 5773 ³ο
313 5739 436 5812 καὶ]
469 5735 631 5810 ἦλθεν
659 5741 752 5791 καὶ
780 5739 838 5792 P.
902 5737 942 5768 “
985 5735 1265 5805 ὠνόμαζεν
1303 5737 1357 5789 P.

510 5835 783 5895 Ρηιιοι..
820 5833 936 5893 Gn.
975 5829 1126 5892 CIX.

1457 5736 1497 5764 ³³
1535 5735 1656 5787 tiu?
1743 5736 1785 5765 ³³
1820 5732 2196 5801 ῐῖυλιγχρίιςῖ
