3996 6208
253 280 340 343 941
1339 285 1539 345 νιΤΑι
1575 281 2192 349 RECENTIORUM-vl
2206 288 2378 352 MPP.

3407 295 3513 362 9H

249 397 516 470 ἀρχόντων
538 414 550 428 ·
588 397 646 450 δν
683 417 813 467 φασι
850 399 1072 470 σιδηρᾶν
1103 398 1302 470 ῥάϐδον
1364 403 1428 454 ἐκ
1465 391 1575 455 τῶν
1633 402 1807 474 ἄκρωκ

1923 402 2089 460 ﬁlius.
2152 401 2425 460 Ferebant
2476 407 2683 476 virgam
2729 405 2961 461 ferream
2991 449 3004 470 ,
3055 410 3215 480 cujus
3267 420 3512 467 extrema

253 491 534 560 ἑκατέραις
567 491 724 561 χερσὶ
780 491 1095 562 κρατοῦντα
1124 495 1190 563 τῇ
1225 493 1642 566 ὑπερϐαλλούσῃ
1684 494 1824 566 ἀλκῇ

250 584 606 654 διακὰμπτειν
644 585 739 638 καὶ
767 585 904 655 προς
935 584 998 638 τδ
1027 585 1289 640 κυκλικὸν
1313 587 1505 658 σχῆμα
1541 589 1820 659 μετάγειν,

249 679 337 746 τῆς
360 676 653 730 ἀντιτύπου
681 675 775 728 τοῦ
796 676 1017 748 σιδήρου
1041 677 1258 747 φύσεως
1277 680 1344 750 τῇ
1379 679 1473 752 βίᾳ
1494 679 1603 732 τῶν
1624 679 1824 750 χειρῶν

249 767 598 839 ὑπεικούσης.
684 763 782 822 ’ον
843 770 1291 841 παραγενόμενον
1383 773 1524 842 μετὰ
1619 771 1824 842 πολλῆς

246 862 402 931 τιμῆς
425 858 750 928 ὑπεδέξαντο
776 863 870 915 καὶ
904 863 1066 917 πάλιν
1087 863 1168 926 είς
1199 863 1300 935 τὴν
1348 865 1486 920 ἰδίαν
1512 864 1698 936 χώραν
1732 861 1820 929 ἑξ-

250 955 519 1025 ίπεμψαν.
1735 989 1749 1006 ο

313 1047 398 1116 ιβ’.
459 1039 826 1119 Σεπτεμϐρίῳ
865 1045 1018 1118 μηνὶ,
1063 1046 1396 1110 ίνδικτιῶνος
1449 1045 1523 1115 γ’,
1561 1049 1824 1117 Παγκρα-

245 1140 437 1201 τούκας
462 1141 491 1190 6
541 1137 827 1208 Ἀρμένιος
857 1138 958 1211 τὴν
1008 1137 1451 1207 Ἀδριανούπολιν
1483 1138 1562 1208 τῷ
1591 1136 1822 1206 Συμεὼν

248 1231 554 1301 παρέδωκεν
589 1226 656 1284 ³⁸.
696 1229 828 1283 Μετ’
875 1229 937 1282 οὐ
974 1228 1110 1283 πολὺ
1144 1229 1200 1284 δὲ
1233 1229 1513 1300 ἀπεστάλη
1541 1228 1821 1292 Βασίλειος

245 1323 525 1395 πατρίκιος
552 1322 646 1374 καὶ
673 1319 984 1384 κανίκλειος
1015 1321 1112 1374 καὶ
1143 1321 1390 1392 Νικήτας
1417 1317 1821 1392 πρωτοσπαθά-

245 1429 352 1485 ριος
394 1411 674 1472 Ἐλαδικὺς
702 1412 856 1482 παρὰ
888 1411 1040 1483 Ζωῆς
1076 1412 1215 1483 μετὰ
1243 1413 1432 1483 δώρων
1456 1409 1690 1475 πολλῶν,
1719 1411 1817 1463 καὶ

241 1488 670 1575 ἀντιπῖιρέλαὸεν
703 1501 872 1574 αὐτὴν
895 1503 1078 1557 πάλιν.

306 1604 395 1666 ιγ’.
411 1591 584 1650 Ἦλθε
614 1595 669 1650 δὲ
693 1597 788 1650 καὶ
812 1597 1027 1668 ἀμερᾶς
1052 1597 1082 1649 6
1117 1597 1394 1668 Δαμιανδς
1417 1595 1498 1659 είς
1527 1595 1816 1667 Στρόϐιλον

245 1690 374 1761 μετά
403 1689 603 1744 πλοίων
636 1688 727 1742 τοῦ
764 1689 1072 1760 πολεμῆσαι
1096 1689 1268 1760 αὐτὴν
1304 1688 1447 1760 μετὰ
1479 1688 1680 1760 πολλῆς
1715 1689 1812 1759 τῆς

240 1748 534 1851 δυνάμεως,
580 1779 673 1832 καὶ
719 1748 926 1850 ταύτην
963 1748 1421 1852 ’παρέλα6ἐν’ἃν,
1457 1782 1506 1832 εί
1558 1748 1814 1850 animi.
1844 1748 1886 1804 Β

240 1889 332 1934 σας
349 1869 720 1942 ἐτελεύτησεν,
751 1871 1213 1942 ὑποστρεψάντων
1235 1870 1491 1940 διακενῆς
1521 1870 1630 1924 τῶν
1647 1871 1810 1939 Ἀγα-

243 1981 432 2034 ρηνων.

305 2142 386 2200 ιδ’.
409 2144 471 2197 Οἱ
501 2145 556 2197 δὲ
578 2145 674 2216 τῆς
709 2144 958 2210 Ἑλλάδος
982 2147 1078 2200 καὶ
1109 2147 1218 2200 τῶν
1254 2145 1496 2218 Ἀθηνῶν
1525 2148 1807 2217 οἰκήτορες

239 2235 476 2304 συνεχῶς
503 2235 934 2308 ἐπηρεαζόμενοι
967 2237 1119 2310 παρά
1148 2237 1298 2292 Χασὲ
1325 2237 1444 2292 υίοῢ
1474 2238 1570 2292 τοῦ
1605 2237 1807 2311 Ἰούόη,

236 2328 331 2399 τὴν
361 2328 526 2382 αὑτοῦ
583 2330 846 2384 ἀσωτείαν
912 2331 988 2402 μὴ
1051 2331 1390 2401 ἐνεγκόντες,
1418 2331 1588 2396 λίθοις
1619 2331 1809 2386 τοῦτον

235 2419 443 2472 ἀνεῖλον
509 2423 696 2485 κακῶς
734 2421 948 2476 ἔνδοθεν
997 2422 1091 2476 τοῦ
1149 2423 1545 2494 θυσιαστηρίου
1603 2423 1700 2476 τοῦ
1747 2425 1807 2477 ὲν

246 2510 496 2584 Ἀθήναις
529 2514 679 2567 ναοῦ.

303 2622 381 2658 ιε.
428 2606 708 2660 Βλέπουσα
741 2605 798 2660 δὲ
857 2609 890 2678 ἡ
928 2607 1220 2676 Αὐγούστα
1265 2607 1386 2676 Ζωὴ
1417 2607 1516 2676 τὴν
1576 2606 1809 2677 ἔπαρσιν

231 2696 450 2769 Συμεὼν
483 2701 576 2753 καὶ
617 2699 718 2770 τὴν
749 2698 891 2752 κατά
944 2698 1055 2753 τῶν
1095 2698 1442 2771 Χριστιανῶν
1486 2698 1652 2752 αὐτοῦ
1681 2698 1804 2751 ὲπί-

230 2789 393 2856 θεσ;ν,
425 2791 617 2864 βουλὴν
643 2791 784 2861 μετά
809 2793 919 2846 τῶν
950 2793 1008 2846 ἐν
1037 2792 1182 2845 τέλει
1209 2790 1526 2862 βουλεύεται
1550 2791 1807 2861 ἀλλάγιον

229 2883 318 2935 καὶ
350 2885 572 2955 είρήνην
630 2885 770 2954 μετά
825 2884 936 2939 τῶν
998 2885 1322 2957 Ἀγαρηνῶν
1375 2883 1801 2956 διαπράξασθαι,

227 2973 554 3048 διαπερᾶσαι
577 2976 635 3029 δὲ
659 2977 838 3030 πάντα
859 2977 954 3030 τὸν
982 2977 1079 3048 τῆς
1114 2977 1382 3048 ἀνατολῆς
1405 2977 1641 3048 στρατὸν
1667 2976 1804 3046 πρὸς

1929 497 2186 552 manibus
2225 505 2459 562 teneret,
2491 514 2598 568 qua
2626 497 2868 568 pollebat
2888 500 3089 555 eximia
3120 502 3194 566 vi,
3227 501 3510 560 inﬂectere

1929 587 2097 656 inque
2126 587 2318 642 circuli
2349 587 2518 658 880
2544 588 2775 643 formam
2801 590 3140 660 intorquere,
3177 591 3309 646 ferri
3343 593 3512 648 nimi-

1927 687 2050 730 rum
2082 675 2285 733 duritie
2331 678 2480 733 illius
2527 693 2790 733 manuum
2834 679 3023 734 robori
3062 683 3317 739 cedente.
3349 683 3512 739 Hunc

1925 767 2240 822 venientem
2286 769 2460 823 multo
2492 767 2702 824 honore
2743 781 3038 840 suscepere
3085 786 3151 828 ac
3190 787 3410 829 rursum
3454 775 3508 828 lu

1925 857 2159 928 patriam
2193 858 2479 912 remisere.

1995 1037 2083 1094 ιε.
2139 1039 2322 1096 Mense
2357 1041 2690 1113 Septembri,
2727 1044 3034 1099 indictione
3069 1045 3230 1099 tertia
3261 1045 3502 1100 Panem-

1923 1139 2078 1187 tucas
2120 1133 2414 1189 Armenius
2462 1134 2875 1204 Adrianopolim
2928 1135 3186 1207 Symeoni
3226 1137 3502 1207 prodidit;

1922 1237 2023 1281 nec
2056 1226 2231 1280 multo
2264 1236 2390 1295 post
2437 1228 2641 1282 missus
2686 1227 2922 1284 Basilius
2945 1229 3212 1298 patricius
3243 1241 3313 1284 ac
3345 1231 3501 1285 cani-

1921 1317 2028 1373 clio
2056 1318 2344 1388 prtefectus
2372 1319 2704 1390 Nicetasque
2733 1321 3215 1391 protospatharius
3244 1322 3503 1379 Eladicus

1920 1424 1948 1462 a
1966 1409 2076 1464 Zoc
2104 1411 2344 1482 Augusta
2368 1423 2492 1465 cum
2520 1412 2708 1468 multis
2734 1414 3060 1469 muneribus
3085 1413 3282 1469 urbem
3304 1423 3503 1469 rursus

1921 1501 2157 1572 recepit.

1991 1591 2078 1649 l5.
2134 1595 2298 1651 Venit
2325 1591 2460 1650 vero
2507 1595 2805 1650 Damianus
2853 1610 3069 1651 ameras
3101 1598 3158 1652 in
3196 1596 3498 1652 Strobilum

1916 1700 2042 1740 cum
2099 1686 2275 1742 classe
2328 1687 2612 1758 multaque
2671 1695 2882 1743 armata
2927 1704 3094 1744 manu
3142 1705 3206 1745 ac
3231 1691 3407 1760 copiis
3430 1691 3499 1744 ad

1914 1792 2035 1834 eam
2065 1779 2484 1850 expugnandam
2513 1779 2800 1835 instructis
2818 1824 2834 1846 ,
2859 1788 3062 1836 etvero
3091 1797 3212 1836 eam
3235 1790 3498 1851 capturus

1912 1878 2075 1934 erat,
2131 1870 2238 1924 nisi
2294 1872 2488 1926 morbo
2557 1883 2849 1942 correptus
2900 1873 3029 1928 fatis
3097 1874 3496 1941 concessisset;

1914 1962 2070 2030 cujus
2112 1962 2336 2017 interitu
2393 1962 2600 2017 factum
2660 1971 2719 2016 ut
2775 1961 3039 2018 Saraceni
3087 1963 3248 2019 irrito
3294 1973 3496 2020 conatu

1914 2053 2178 2107 redirent.

1985 2143 2070 2199 14.
2103 2144 2327 2200 Graeciae
2359 2155 2541 2201 autem
2571 2153 2627 2202 et
2654 2141 2993 2202 Athenarum
3019 2147 3211 2217 populi
3238 2145 3497 2217 civesque

1911 2241 2190 2296 continuis
2212 2239 2379 2296 Chasi
2409 2241 2507 2296 ﬂlil
2529 2240 2686 2297 Juba:
2714 2240 2934 2312 injuriis
2958 2239 3162 2307 vexati,
3192 2240 3314 2310 ejus
3333 2240 3496 2295 luxu-

1910 2331 2046 2386 riam
2076 2331 2579 2401 inexplebilemque
2609 2332 2970 2402 cupiditatem
2998 2331 3144 2386 terre
3165 2345 3278 2386 non
3309 2331 3497 2387 valen-

1911 2429 2008 2484 tes,
2061 2422 2340 2491 lapidibus
2405 2422 2668 2476 obrutum
2714 2421 2858 2476 intra
2913 2422 3092 2491 ipsum
3155 2420 3494 2478 Athenarum

1910 2514 2097 2583 templi
2129 2513 2410 2584 penetrale
2443 2515 2585 2569 male
2623 2515 3039 2570 interemerunt.

1982 2607 2069 2660 l5.
2124 2604 2330 2662 Videns
2371 2620 2540 2677 porro
2580 2605 2689 2662 Zoe
2732 2607 2979 2677 Augusta
3004 2605 3293 2678 Symeonis
3316 2604 3492 2663 elatos

1907 2698 2118 2753 animos
2141 2713 2203 2754 ac
2229 2699 2562 2769 superbiam,
2593 2699 2822 2771 ejusque
2862 2698 3128 2754 adversus
3148 2695 3493 2756 Christianos
3561 2741 3566 2746 -

1908 2789 2305 2859 grassationem
2337 2806 2449 2846 non
2481 2791 2689 2854 ferens,
2733 2807 2790 2847 re
2815 2806 2938 2846 cum
2962 2791 3320 2863 optimatibus
3351 2793 3492 2847 deli-

1906 2881 2096 2938 berata
2131 2883 2309 2939 {trdus
2333 2885 2477 2940 icere
2502 2898 2805 2954 pacemque
2833 2897 3167 2953 componere
3197 2898 3323 2938 cum
3350 2885 3494 2954 Aga-

1909 2973 2057 3028 renis
2099 2975 2312 3039 statuit,
2359 2989 2663 3045 omnesque
2702 2974 2843 3028 Asiae
2875 2972 3064 3043 copias
3100 2971 3169 3028 ad
3202 2972 3490 3028 debellan-

223 3065 284 3118 τὸ
311 3067 619 3137 πολεμῆσαι
650 3067 744 3120 καὶ
765 3065 1027 3138 ἀφανίσαι
1072 3068 1166 3121 τὸν
1204 3061 1453 3138 Συμεών.
1495 3067 1803 3137 ’Λπεστάλη

1920 3063 2042 3118 dum
2084 3066 2599 3136 proﬂigandumque
2653 3064 2980 3136 Symeonem
3031 3064 3306 3136 trajicere.
3340 3063 3490 3118 Missi

222 3153 316 3210 οὖν
355 3160 412 3212 ἐν
443 3160 612 3229 Συρίᾳ
666 3159 803 3229 πρὸς
859 3159 920 3212 τὸ
979 3159 1205 3230 ποιῆσαι
1254 3159 1507 3226 ἀλλάγιον
1546 3160 1804 3229 Ἰωάννης

222 3251 521 3318 πατρίκιος
547 3253 576 3304 6
617 3251 856 3316 Ῥαδινδς
875 3251 984 3324 ,καὶ
1017 3249 1232 3323 Μιχαὴλ
1251 3253 1278 3305 6
1311 3253 1581 3323 Τοξαρᾶς.
1607 3245 1682 3306 υῦ
1711 3268 1791 3320 γει

218 3339 445 3409 γονὸτος
471 3341 568 3412 τὴν
602 3343 806 3414 συνήθη
831 3343 931 3414 τῆς
961 3345 1130 3415 ῥόγας
1149 3343 1414 3415 διανομὴν
1441 3344 1803 3415 ποιησάμενοι

217 3435 282 3488 ὲν
305 3436 416 3498 τοῖς
440 3435 706 3506 τάγμασι,
726 3437 899 3491 ταῦτα
923 3437 1322 3509 ἀναλαϐόμενοι
1345 3442 1442 3492 σὺν
1463 3439 1578 3502 τοῖς
1604 3437 1804 3506 θέμασι

217 3525 362 3596 πρὸς
399 3524 466 3578 τά
500 3525 738 3597 Θρακῷα
777 3527 920 3599 μέρη
966 3529 1319 3600 διεπέρασαν,
1355 3529 1584 3593 Λέοντος
1637 3527 1802 3598 μαγί-

217 3634 385 3688 στρου
414 3615 505 3670 τοῦ
529 3617 692 3672 ama
711 3619 1034 3690 δομεστίκου
1053 3619 1162 3675 τῶν
1185 3619 1394 3690 σχολῶν
1413 3621 1798 3690 τυγχάνοντος,

215 3699 265 3774 ᾧ
299 3706 492 3777 ἀνδρία
539 3707 806 3780 μᾶλλονῆ
859 3711 1185 3782 ἐπιστατικὴ
1249 3711 1511 3783 φρόνησις
1565 3729 1802 3782 προσαν-

216 3795 420 3851 έκειτο.
467 3799 880 3868 Ἐξαγαγόντων
913 3797 1008 3856 οὖν
1035 3803 1103 3855 τὰ
1135 3802 1407 3873 σεϐάσμια
1434 3803 1532 3856 καὶ
1559 3803 1801 3869 ζωοποιὰ

217 3889 357 3954 ξύλα
384 3891 794 3947 Κωνσταντίνου
827 3893 913 3966 [Ρ.
955 3893 1081 3967 569]
1131 3898 1480 3964 πρωτοπαπᾶ
1499 3895 1595 3950 τοῦ
1625 3897 1801 3948 παλα-

213 3986 360 4049 τίου,
394 3986 486 4040 τοῦ
516 3987 746 4056 Κεφαλᾶ
775 3987 1096 4058 λεγομένου,
1137 3989 1233 4042 καὶ
1259 3988 1674 4042 Κωνσταντίνου
1703 3987 1798 4041 τοῦ

213 4077 463 4132 Παλελία
500 4081 557 4132 ὲν
580 4083 646 4152 τῇ
684 4081 894 4152 Θρᾴκῃ,
925 4081 1166 4145 ἅπαντες
1192 4081 1673 4151 προσκυνήσαντες
1707 4080 1799 4133 καὶ

208 4172 627 4240 ἐπομοσάμενοι
679 4173 1146 4247 συναποθνήσκειν
1189 4174 1442 4243 ἀλλήλοις
1491 4172 1799 4244 πανστρατὶ

209 4264 361 4317 sca-ci
393 4261 720 4338 Βουλγάρων
783 4265 1136 4338 ἐξώρμησαν.
1171 4261 1388 4339 Ἶῐρχον
1444 4265 1502 4320 δὲ
1555 4265 1647 4320 τοῦ
1699 4264 1798 4334 μὲν

206 4353 497 4424 τάγματος
535 4357 642 4410 τῶν
692 4356 1022 4422 ὲξκουὸίτων
1063 4358 1316 4429 Ἰωάννης
1345 4359 1372 4409 6
1402 4358 1653 4428 Γράψων,
1703 4357 1797 4411 τοῦ

1912 3156 2143 3225 proinde
2219 3157 2274 3211 in
2337 3156 2550 3228 Syriam
2597 3158 2692 3227 qui
2741 3157 3176 3226 paciscerentur.
3250 3157 3491 3212 Joannes

1911 3243 2200 3298 Rbadinus
2222 3243 2386 3314 881
2420 3244 2685 3314 patricius
2715 3252 2771 3298 et
2796 3243 3028 3298 Michael
3058 3245 3320 3299 Toxaras.
3369 3244 3489 3310 Quo

1911 3345 2156 3403 peracto,
2186 3345 2449 3389 consueta
2493 3333 2812 3405 erogatione
2847 3333 3050 3390 donato
3097 3335 3366 3397 exercitu,
3405 3351 3489 3389 as-

1910 3427 2148 3497 sumptis
2163 3426 2486 3482 cohortibus
2502 3441 2566 3508 ορ
2584 3425 2896 3496 legionibus
2927 3425 2980 3480 in
2995 3425 3286 3480 Thraciam
3305 3435 3487 3481 trans-

1911 3519 2133 3584 misere,
2176 3519 2438 3590 magistro
2487 3519 2668 3574 Leone
2713 3518 2895 3573 Phoca
2935 3517 3250 3574 scholarum
3293 3518 3489 3574 dome~

1907 3610 2068 3675 stico,
2088 3611 2207 3665 viro
2234 3610 2446 3666 scilicet
2463 3610 2762 3682 majoribus
2783 3609 2982 3666 animis
3003 3625 3164 3680 quam
3189 3609 3486 3681 imperato-

1909 3703 1988 3758 ria
2012 3703 2233 3758 solertia
2262 3703 2514 3774 praedito.
2540 3703 2831 3759 Productis
2859 3703 3027 3774 igitur
3070 3702 3488 3758 venerabilibus

1906 3806 1970 3846 ac
2005 3791 2240 3846 vivificis
2269 3791 2429 3861 lignis
2464 3790 2813 3845 Constantini
2849 3791 3076 3860 palatini
3118 3791 3253 3846 cleri
3299 3806 3486 3846 sacer-

1905 3882 2094 3937 dotum
2119 3882 2304 3952 primi,
2335 3889 2699 3952 cognomento
2727 3881 3004 3953 Cephalus,
3029 3882 3486 3954 Constantinique

1906 3974 2132 4029 Maleliae
2183 3989 2380 4044 opera.
2415 3975 2472 4027 in
2517 3974 2790 4039 Thracia,
2842 3983 2970 4029 cu'm
3016 3988 3209 4028 omnes
3233 3975 3483 4029 ven-erati

1905 4078 2090 4124 essent
2116 4083 2178 4123 ac
2199 4083 2260 4123 se
2285 4083 2391 4121 una
2414 4067 2843 4122 commorituros
2875 4063 3240 4137 jurejurando
3267 4067 3484 4120 ﬁrmas-

1907 4169 2048 4225 sent,
2093 4161 2147 4215 in
2184 4159 2491 4231 Bulgariam
2527 4159 2703 4230 copiis
2739 4158 3001 4214 omnibus
3033 4157 3286 4213 conferto
3320 4173 3482 4211 exer-

1907 4254 2018 4308 citu
2053 4252 2280 4322 profecti
2312 4261 2460 4308 sunt.
2507 4253 2787 4308 Praeerant
2819 4250 3061 4306 excubiti
3090 4258 3286 4314 turma
3315 4251 3452 4305 Joan

1908 4359 2003 4397 ncs
2032 4343 2263 4414 Grapso,
2291 4341 2538 4398 Hicanati
2570 4359 2704 4399 vero
2730 4341 2953 4396 Marulis
2982 4341 3146 4395 lilius.
3204 4342 3485 4396 Romanus

204 4449 271 4503 δὲ
305 4449 566 4503 ίκανά’του
627 4451 655 4504 6
685 4450 779 4503 τοῦ
830 4449 1098 4521 Μαρούλη
1151 4449 1288 4512 υἱός.
1333 4450 1616 4520 Ῥωμανδς
1669 4449 1726 4502 δὲ
1776 4451 1804 4502 6

1920 4435 2151 4506 ltrgyrus
2171 4435 2328 4490 ducis
2375 4441 2647 4503 potestate
2672 4441 2924 4504 praeerat,
2961 4433 3188 4504 ejusque
3221 4431 3334 4488 Leo
3371 4432 3486 4488 fra-

219 4541 496 4612 Ἀργυρδς
526 4543 854 4612 ἐστρατήγει
884 4541 981 4595 καὶ
1010 4542 1166 4596 Λέων
1188 4543 1216 4595 6
1239 4541 1467 4609 ἀδελφὸς
1493 4541 1660 4595 αὐτοῦ
1709 4543 1804 4596 καὶ

205 4631 434 4700 Βάρδας
458 4631 486 4683 6
512 4631 739 4695 Φωκᾶςο
773 4625 857 4696 οἷς
897 4632 1064 4702 συνῆν
1088 4631 1183 4684 καὶ
1210 4632 1238 4684 6
1270 4630 1478 4692 Μελίας
1525 4629 1664 4700 μετὰ
1697 4630 1804 4683 τῶν

217 4727 536 4797 Ἀρμενίων
561 4729 654 4781 καὶ
685 4729 734 4782 οί
759 4727 910 4782 ἄλλοι
943 4728 1145 4790 πάντες
1174 4726 1474 4798 στρατηγοὶ
1502 4726 1612 4778 τῶν
1635 4725 1804 4795 θεμά-

201 4837 352 4872 των.
396 4819 566 4893 Συνῆν
599 4822 655 4875 δὲ
699 4822 836 4894 πρὸς
886 4823 999 4887 τοϊς
1027 4821 1208 4884 ἄλλοις
1261 4820 1356 4874 καὶ
1394 4821 1804 4883 Κωνσταντῖνος

203 4907 514 4979 πατρίκιος
543 4914 570 4966 6
615 4912 748 4982 Λὶψ,
803 4912 993 4967 Λέοντι
1025 4912 1332 4983 δομεστίκῳ
1382 4911 1685 4980 σύμϐουλος
1731 4909 1804 4965 ὢν

201 4999 374 5070 αὐτῷ
403 5002 463 5054 ὲν
492 5004 626 5055 πᾶσι
657 5006 771 5066 τοῖς
799 5005 1082 5074 ἀνήκουσι.

290 5089 385 5155 ις’.
422 5093 568 5162 Μηνὶ
593 5093 650 5146 δὲ
678 5093 973 5162 Αὐγούστῳ
1007 5099 1076 5157 κ’,
1113 5091 1445 5156 ίνδικτιῶνος
1478 5092 1539 5159 ε’,
1571 5095 1599 5148 6
1647 5095 1802 5148 πόλε-

200 5197 320 5249 μος
372 5181 572 5248 μετάξὺ
603 5183 928 5252 Βουλγάρων
971 5200 1031 5236 τε
1077 5186 1167 5236 καὶ
1211 5183 1502 5254 Ῥωμαίων
1541 5188 1676 5257 πρὸς
1725 5186 1801 5256 τῷ

214 5267 487 5340 Ἀχελῴῳ
532 5274 943 5346 συγκεκρότητο
990 5274 1252 5344 ποταμῷο
1315 5275 1410 5326 καὶ
1447 5271 1559 5341 (οἷα
1604 5275 1672 5326 τὰ
1707 5276 1800 5328 τοῦ

194 5365 361 5416 θεοῦ
415 5366 696 5436 κρίματαί
743 5367 820 5431 ὼς
849 5360 1190 5440 ἀνερεύνητα
1227 5367 1322 5423 καὶ
1353 5367 1799 5437 ἀνεξιχνίασταί)

194 5457 514 5524 τρέπονται
550 5461 600 5513 oi
649 5455 911 5532 Ῥωμαῖοι
944 5462 1274 5532 πανστρατὶ,
1310 5462 1404 5516 καὶ
1439 5463 1630 5532 γέγονε
1653 5462 1797 5532 φυγὴ

193 5549 497 5618 παντελὴς
532 5552 626 5604 καὶ
651 5553 931 5624 φρικώδης
956 5553 1209 5625 ὀλολυγὴ,
1247 5553 1356 5607 τῶν
1385 5554 1484 5624 μὲν
1509 5553 1602 5607 ὑπ’
1635 5553 1798 5622 ἀλλή-

1908 4537 1992 4582 ter
2045 4537 2102 4584 ct
2144 4529 2349 4583 Bardas
2391 4527 2638 4592 Phocas;
2678 4525 3010 4597 quibuscum
3047 4532 3167 4580 crat
3211 4535 3268 4579 et
3299 4523 3487 4578 Melias

1907 4635 2031 4674 cum
2058 4620 2353 4685 Armeniis,
2381 4619 2584 4688 aliique
2613 4632 2804 4673 omnes
2824 4617 3104 4687 legionum
3125 4616 3311 4670 duces.
3338 4615 3485 4669 Pra-

1909 4725 1994 4770 ter
2027 4715 2168 4770 alios
2199 4730 2334 4770 vero
2370 4713 2565 4768 aderat
2605 4713 2770 4768 etiam
2796 4711 3194 4768 Constantinus
3221 4709 3486 4781 patricius

1907 4809 2057 4874 Afer,
2117 4807 2211 4878 qui
2252 4806 2424 4862 Leoni
2468 4806 2774 4862 domestico
2828 4805 2882 4859 in
2932 4804 3194 4859 omnibus
3240 4803 3305 4858 ad
3355 4817 3484 4857 cum

1907 4901 2273 4957 attinentibus
2297 4897 2528 4964 consilio
2563 4895 2836 4952 aﬂ'uturus
2869 4909 3206 4966 Operamque
3256 4904 3487 4949 navatu-

1910 5011 2004 5050 rus
2037 5001 2204 5049 esset.

1984 5088 2068 5143 l6.
2105 5087 2312 5142 Mensis
2339 5101 2470 5141 vero
2493 5086 2722 5157 AnguSti
2753 5085 2842 5141 die
2864 5084 3148 5156 vigesima,
3187 5082 3484 5138 indictione

1910 5183 2120 5252 quinta,
2158 5182 2422 5252 Bulgaros
2441 5180 2584 5236 inter
2613 5179 3000 5249 Romanosque
3024 5185 3278 5233 conserta
3305 5189 3484 5247 pugna

1910 5275 1981 5330 ad
2037 5274 2339 5330 Acheloum
2391 5271 2594 5328 ﬂumen
2659 5282 2782 5338 est;
2837 5287 2902 5326 ac
2931 5271 3073 5340 (quae
3118 5269 3212 5324 Dei
3254 5267 3482 5339 judicia.

1909 5383 2073 5440 quam
2102 5365 2480 5423 iuserutarbilia
2517 5381 2582 5421 ac
2622 5362 3204 5436 imperveStigabilia!)
3251 5362 3484 5416 Romani

1908 5471 2100 5514 omnes
2144 5457 2400 5512 omnibus
2463 5457 2637 5526 conlis
2703 5452 2810 5510 fusi
2864 5463 2992 5509 sunt
3033 5469 3098 5508 ac
3141 5451 3332 5524 fugati,
3357 5451 3486 5505 hor-

1909 5551 2082 5606 rendo
2115 5559 2214 5622 per
2252 5553 2472 5605 omnem
2498 5548 2802 5605 exercitum
2844 5547 3052 5602 ululatu
3076 5589 3088 5613 ,
3125 5562 3246 5602 cum
3289 5561 3346 5602 se
3392 5543 3484 5603 alii

1519 5643 1754 5699 V‘AHIAE
1800 5642 2203 5700 LECTION'ES'.

285 5736 339 5766 ³⁸
374 5733 650 5802 προέδωκε
684 5750 870 5807 margo
893 5735 954 5790 P.
