3996 6208
488 285 595 348 943

1749 261 2070 334 GEORGII
2111 256 2456 322 MONACHI

3645 236 3759 303 9M

485 398 623 452 alios
655 393 1064 456 conculcarent,
1105 389 1241 444 alios
1286 387 1473 441 hostes
1508 381 1867 453 perimerent,
1912 387 2064 432 tanta

2203 387 2271 422 ων
2298 363 2794 438 συμπατουμένων,
2820 359 2926 414 τῶν
2955 357 3011 411 δὴ
3031 355 3138 410 ὑπὸ
3163 353 3272 407 τῶν
3296 351 3572 424 πολεμίων
3594 353 3760 406 ἀναι-

488 489 774 545 hominum
813 497 992 556 strage
1029 492 1232 553 quanta
1285 496 1385 534 nec
1427 495 1456 533 a
1507 477 1706 531 saeculo
1740 473 2060 544 auditaest.

487 582 598 636 Leo
646 579 981 634 domesticus
1032 576 1087 629 in
1145 570 1521 627 Mesembriam
1579 581 1770 636 sospes
1810 573 2066 636 receptus

488 681 593 727 est.
627 674 832 727 Prmter
848 668 1014 738 882
1032 666 1170 720 alios
1197 679 1329 718 vero
1361 663 1416 717 in
1451 676 1645 731 pugna:
1677 655 2065 728 congressione

493 774 720 818 necatus
753 771 838 815 est
865 759 1259 816 Constantinus
1295 755 1425 809 Afer
1457 762 1513 807 ct
1550 752 1791 808 Joannes
1833 747 2062 817 Grapso,

493 856 694 924 aliique
731 853 1042 907 ollicialium
1075 863 1477 920 procerumque
1503 845 1807 916 perplures.

566 949 651 1000 l7.
704 947 897 1000 Missus
945 945 1122 998 fuerat
1172 952 1226 998 et
1273 941 1552 995 Romanus
1583 936 1844 1007 patricius
1877 934 2067 1002 reique

497 1038 702 1092 navalis
759 1034 1090 1106 drungarius
1132 1048 1258 1086 cum
1309 1029 1457 1085 omni
1500 1029 1696 1091 classe,
1742 1033 1802 1079 ut
1829 1022 2066 1078 Danubii

497 1131 682 1184 littora
711 1130 914 1198 legeret
938 1123 1180 1181 aeLeoni
1200 1123 1394 1176 Phocea
1421 1118 1700 1189 suppetias
1734 1116 1836 1171 iret
1861 1131 1873 1166 :
1909 1114 2072 1170 Joan-

498 1236 598 1274 nes
634 1221 763 1274 item
793 1218 984 1286 Bogas,
1027 1215 1106 1268 uti
1138 1213 1346 1268 dictum
1377 1221 1481 1274 est,
1508 1210 1602 1280 qui
1625 1207 1944 1264 Patzinacas
1973 1205 2072 1259 ad-

499 1314 744 1368 duceret.
803 1309 1080 1364 Romanus
1114 1303 1450 1374 drungarius
1475 1302 1528 1356 in
1550 1299 1820 1355 mandatis
1848 1311 2075 1367 accepe-

501 1414 585 1460 rat
612 1412 671 1457 ut
699 1417 795 1457 eos
817 1401 1107 1456 adversum
1144 1398 1408 1468 Bulgaros
1432 1392 1638 1449 auxilio
1661 1391 1876 1445 futurus
1903 1386 2074 1442 Leoni

502 1497 699 1551 Theca:
740 1495 1033 1564 trajiceret.
1073 1490 1367 1558 Versisquc
1418 1486 1497 1540 eis
1539 1486 1593 1539 in
1625 1481 1850 1537 dissidia
1881 1479 2075 1535 verbo-

504 1603 735 1658 rumque
759 1585 1141 1642 contentiones
1160 1621 1174 1646 ,
1208 1580 1459 1634 videntes
1479 1577 1808 1634 .Patzinaces
1827 1573 1906 1629 sic
1933 1573 2076 1626 inter

505 1697 563 1735 se
597 1679 878 1736 discordes
912 1685 1075 1746 atque
1111 1673 1370 1734 rixantes,
1407 1670 1629 1724 domum
1667 1665 1900 1723 rediere.

580 1946 666 1998 l8.
713 1945 829 1998 Jam
858 1955 989 1996 vero
1022 1940 1176 1994 finito
1210 1939 1377 1999 bello,
1427 1951 1491 1990 ac
1530 1944 1643 1988 tum
1675 1935 1921 1988 Romano
1965 1939 2080 1981 tum

507 2037 652 2107 Boga
707 2035 762 2088 in
820 2033 1013 2086 urbem
1068 2030 1327 2093 reversis,
1369 2041 1560 2081 eorum
1601 2034 1748 2078 mota
1783 2036 1946 2077 causa
1974 2027 2078 2074 est.

509 2129 772 2197 Adeoque
824 2125 880 2179 in
933 2131 1144 2179 tantum
1189 2120 1418 2176 Romani
1452 2116 1738 2187 drungarii
1773 2113 2082 2184 periculum

511 2203 762 2275 adductae
794 2232 902 2283 res,
941 2224 1000 2271 ut
1023 2213 1333 2270 amissiouis
1353 2211 1622 2266 luminum
1657 2223 1819 2278 pmna
1846 2206 1923 2261 illi
1969 2215 2082 2260 sta-

514 2326 632 2371 tuta
651 2315 742 2378 sit,
766 2313 917 2368 velut
943 2311 1037 2380 qui
1061 2307 1390 2380 negligentia
1418 2321 1515 2360 seu
1539 2305 1725 2374 potius
1755 2301 1922 2356 animi
1956 2315 2086 2370 pra-

516 2407 682 2462 vitate
723 2419 788 2459 ac
825 2401 1075 2472 nequitia
1114 2399 1437 2455 Patzinacas
1471 2411 1594 2456 non.
1632 2393 1958 2465 trajecisset,
1990 2389 2085 2446 sed

515 2514 573 2554 se
608 2496 773 2552 citius
805 2493 1196 2566 subduxisset,
1228 2505 1291 2544 ac
1317 2505 1386 2543 ne
1421 2487 1692 2558 fugientes
1717 2483 1938 2555 quidem
1975 2484 2082 2538 Ro-

517 2604 711 2648 manos
761 2589 818 2644 in
863 2585 1099 2641 navibus
1150 2583 1470 2651 recepisset.
1523 2581 1600 2633 Ac
1645 2579 1720 2632 ita
1758 2585 1908 2632 certe
1956 2576 2094 2630 luis-

517 2693 623 2747 set,
666 2680 773 2736 nisi
832 2677 1193 2734 Constantino
1243 2673 1492 2744 Gongulo
1543 2680 1600 2727 et
1646 2670 1926 2740 Stephano
1980 2683 2095 2722 ma-

517 2777 694 2845 gistro
723 2813 738 2838 ,
789 2787 897 2842 qua
944 2768 1087 2840 apud
1153 2769 1451 2838 Augustam
1507 2779 1719 2820 summa
1769 2761 2094 2818 auctoritate

519 2866 819 2936 pollebant,
856 2860 1268 2916 counitentibus
1291 2858 1346 2913 in
1371 2856 1708 2914 contrarium
1732 2856 1838 2911 lata
1871 2862 2096 2910 senten-

523 2959 595 3013 tia
619 2945 696 3012 illi
719 2971 875 3010 versa
902 2963 1066 3008 esset.

596 3049 680 3102 l9.
732 3045 978 3116 Bulgaris
1004 3051 1188 3099 autem
1221 3057 1318 3112 per
1345 3041 1399 3095 id
1433 3050 1648 3110 tempus
1679 3039 1907 3094 victoria
1938 3037 2099 3092 elatis

2177 461 2473 532 ρουμένων,
2502 457 2733 527 αἵματός
2768 473 2827 509 τε
2862 453 3019 524 χύσις
3054 450 3142 516 οἵα
3163 448 3223 512 ἐξ
3258 447 3453 510 αιῶνος
3479 445 3582 500 οὐκ
3628 446 3764 514 ἐγέ-

2173 571 2312 607 νετο.
2364 551 2516 604 Λέων
2561 553 2589 602 6
2617 547 2958 619 οδομέστικος
3022 545 3080 597 ὲν
3131 537 3470 611 Μεσημϐρίᾳ
3518 536 3764 606 διεσώθη

2175 642 2381 713 φυγών.
2431 642 2677 710 Ἐσφάγη
2709 639 2767 693 δὲ
2812 638 2950 711 πρὸς
2989 637 3101 698 τοῖς
3133 632 3318 694 ἄλλοις
3345 630 3404 685 ἐν
3429 631 3496 700 τῇ
3528 628 3627 682 τοῦ
3657 645 3767 680 πο-

2175 737 2343 808 λέμου
2386 734 2629 806 συμϐολῇ
2660 733 2756 787 καὶ
2788 729 3198 788 Κωνσταντῖνος
3231 725 3260 777 6
3299 721 3409 792 Λὶψ
3443 721 3537 775 καί⁵
3575 717 3770 772 Ἰωαν-

2176 846 2274 900 νης
2303 829 2332 881 6
2362 827 2592 898 Γράψων
2617 825 2709 879 καὶ
2730 824 2881 878 ἄλλοι
2905 821 3008 875 τῶν
3037 818 3316 891 ἀρχόντων
3347 813 3544 868 ἱκανοί.

2251 921 2341 987 ιζ’.
2379 919 2684 987 Ἀπεστάλη
2711 917 2768 970 δὲ
2821 915 2943 968 τότε
2993 911 3090 966 καὶ
3130 906 3416 979 Ῥωμανδς
3468 903 3774 973 πατρίκιος

2179 1013 2274 1066 καὶ
2309 1011 2674 1080 δρουγγάριος
2711 1007 2787 1060 ὢν
2812 1006 2923 1059 τῶν
2950 1003 3215 1072 πλωῖμων
3261 998 3400 1070 μετὰ
3427 996 3626 1058 παντὸς
3661 991 3770 1046 τοῦ

2181 1101 2367 1154 στόλου
2392 1101 2450 1153 ὲν
2471 1099 2546 1170 τῷ
2575 1096 2854 1166 Δανουϐίῳ
2885 1091 3116 1163 ποταμῷ
3149 1089 3439 1162 βοηθήσων
3468 1085 3657 1139 Λέοντι
3679 1080 3770 1152 τῷ

2178 1193 2340 1262 Φωκᾷ
2366 1207 2379 1220 ⁶
2421 1190 2558 1248 ἀλλά
2583 1190 2678 1243 καὶ
2721 1189 2977 1256 Ἰωάννης
3006 1185 3034 1237 6
3069 1183 3248 1252 Βογᾶς
3278 1179 3615 1247 καταγαγεῖν
3644 1175 3768 1228 llu-

2180 1285 2461 1349 τζίνακας,
2512 1282 2586 1346 ὡς
2632 1279 2982 1352 προείρηται,
3013 1273 3404 1334 κελευσθέντος
3441 1269 3538 1322 τοῦ
3574 1267 3772 1338 δρουγ-

2181 1374 2376 1446 γαρίου
2417 1371 2698 1443 Ῥωμανοῦ
2733 1371 3065 1441 διαπερᾶσαι
3090 1366 3314 1427 τούτους
3358 1360 3508 1416 κατά
3537 1357 3772 1425 Βουλγὰο

2185 1485 2316 1538 ρων,
2353 1465 2495 1519 ὥστε
2536 1460 2899 1534 συμμαχῆσαι
2927 1462 3116 1516 Λέοντι
3137 1458 3323 1528 Φωκᾷ.
3371 1449 3659 1524 Ῥωμανοῦ
3711 1448 3768 1500 δι

2185 1559 2279 1611 καὶ
2323 1557 2571 1611 Ἰωάννου
2611 1554 2704 1608 τοῦ
2734 1555 2880 1622 Βογᾶ
2919 1555 2998 1615 είς
3053 1551 3237 1624 ἔριδας
3287 1547 3382 1602 καὶ
3431 1542 3766 1614 λογομαχίας

2189 1649 2456 1715 ἐλθόντες,
2486 1647 2722 1717 ὁρῶντες
2751 1647 2948 1709 αὐτοὺς
2970 1646 3022 1699 οἱ
3063 1641 3401 1706 Πατζίνακοι
3436 1635 3579 1708 πρὸς
3609 1632 3769 1701 ἀλλή-

2187 1744 2310 1808 λους
2341 1742 2776 1814 διαμαχομένους
2818 1739 2913 1794 καὶ
2949 1737 3343 1803 στασιάζοντας
3398 1729 3768 1800 ὑπεχώρησαν

2185 1837 2262 1898 είς
2287 1835 2354 1888 τὰ
2389 1834 2516 1889 ῐδια.

2257 1924 2348 1995 ιη’.
2397 1926 2503 1980 Τοῦ
2534 1924 2775 1996 πολέμου
2802 1923 2860 1977 δὲ
2909 1921 3013 1992 ἤδη
3041 1920 3195 1983 τέλος
3222 1915 3484 1977 λαϐόντος
3503 1912 3595 1965 καὶ
3631 1911 3771 1964 ὑπο·

2185 2018 2532 2091 στρεψάντων
2565 2018 2622 2068 ὲν
2672 2019 2739 2085 τῇ
2780 2014 2932 2068 πόλει
2970 2013 3063 2067 τοῦ
3115 2028 3175 2064 τε
3219 2005 3491 2078 Ῥωμανοῦ
3539 1999 3766 2056 καὶτοῦ

2186 2112 2351 2180 Boyi,
2383 2110 2452 2163 τὰ
2495 2109 2612 2162 κατ’
2661 2108 2840 2162 αὐτῶν
2871 2105 3231 2176 ἐκινήθησαν,
3265 2103 3361 2157 καὶ
3405 2102 3477 2160 εἰς
3507 2095 3768 2150 τοσοῦτον

2187 2203 2430 2257 κίνδυνον
2479 2203 2572 2257 τὸν
2641 2200 3007 2272 δρουγγάριον
3049 2197 3338 2269 Ῥωμανὸν
3402 2190 3776 2262 περιέστησαν

2187 2297 2328 2352 ὥστε
2359 2295 2836 2361 καταδικάζουσαν
2865 2292 3050 2364 ψῆφον
3084 2292 3416 2362 ἀνήνεγκαν,
3444 2285 3556 2338 τῶν
3577 2280 3776 2352 ὀφθαλ-

2192 2392 2308 2464 μῶν
2338 2387 2673 2461 στερηθῆναι
2721 2387 2797 2451 ὡς
2831 2386 3084 2458 ἀμελείᾳ,
3125 2384 3326 2456 μᾶλλον
3372 2381 3431 2434 δὲ
3466 2374 3775 2447 κακουργίᾳ

2195 2480 2269 2551 μὴ
2297 2480 2704 2550 διαπεράσαντα
2742 2478 2869 2541 τοὺς
2902 2476 3272 2540 Πατζίνακας,
3309 2471 3427 2526 ἀλλ’
3485 2468 3776 2538 ὑποχωρὴ-

2194 2590 2364 2642 σαντα
2397 2571 2584 2641 τάχιον
2605 2576 2699 2624 καὶ
2733 2568 2874 2640 μηδὲ
2899 2568 3025 2631 τοὺς
3057 2566 3357 2637 φεύγοντας
3401 2562 3696 2632 Ῥωμαίων
3721 2560 3776 2611 ἐν

2194 2669 2307 2729 τοῖς
2341 2663 2546 2725 πλοίοις
2575 2661 2992 2732 ὑποδεξάμενον.
3030 2660 3138 2713 Καὶ
3175 2657 3334 2710 τοῦτο
3366 2657 3435 2708 ἂν
3467 2654 3514 2685 ⁸⁷
3548 2652 3781 2706 ἐπεπόν-

2196 2759 2298 2826 θει,
2330 2759 2380 2812 εἰ
2407 2758 2483 2830 μὴ
2520 2757 2668 2828 παρὰ
2699 2753 3112 2810 Κωνσταντίνου
3143 2751 3420 2821 Γογγύλου
3448 2749 3548 2802 καὶ
3571 2745 3782 2815 Στεφά-

2197 2868 2288 2906 νου
2322 2849 2415 2904 τοῦ
2452 2850 2778 2919 μαγίστρου,
2819 2847 2894 2910 ὡς
2928 2844 3245 2916 δυναμένων
3272 2843 3426 2914 παρὰ
3459 2844 3530 2912 τῇ
3567 2837 3784 2908 A5706-

2201 2960 2300 3014 στῃ
2329 2941 2520 3006 πολλὰ,
2552 2943 2619 2994 τὰ
2651 2943 2752 3009 τῆς
2777 2938 3078 3010 καταδίκης
3102 2937 3409 3008 ἀνετράπη.

2275 3033 2362 3106 [Ρ.
2390 3031 2518 3104 570]
2547 3032 2632 3086 ιϐ’.
2671 3032 2793 3086 Τῶν
2821 3031 2879 3085 δὲ
2912 3029 3241 3100 Βουλγάρων
3268 3023 3530 3099 τηνικάδε
3562 3026 3635 3096 τῇ
3664 3023 3793 3095 νίκῃ

522 3141 592 3197 ad
621 3140 901 3208 ipsamque
927 3136 1119 3190 urbem
1158 3132 1603 3196 excurrentibus,
1639 3145 1895 3202 egressus
1920 3129 1974 3184 in
2003 3144 2089 3184 eos

2203 3126 2655 3198 κατεπαρθέντων
2690 3126 2785 3180 καὶ
2814 3121 3334 3196 ἐκστρατευσάντων
3361 3119 3528 3192 μέχρι
3561 3118 3670 3186 τῆς
3700 3115 3795 3169 πό-

521 3243 606 3289 est
622 3233 732 3288 Leo
761 3230 1036 3301 legionum
1055 3225 1391 3282 domesticus
1409 3233 1465 3280 et
1482 3225 1722 3281 Joannes
1743 3223 1908 3295 883
1927 3223 2096 3278 hetae-

525 3327 762 3388 riarcha,
792 3322 1068 3392 Ducisque
1103 3320 1248 3375 filius
1279 3318 1556 3381 Nicolaus,
1594 3317 1653 3371 in
1707 3317 1888 3372 locum
1933 3330 2096 3386 quem

523 3419 836 3487 Catasyrtas
877 3421 1094 3477 vocant,
1145 3425 1270 3466 cum
1320 3406 1873 3480 ingentibusxcopiis;
1904 3414 2099 3472 noctu-

525 3525 645 3578 que.
677 3523 745 3562 ex
789 3504 1086 3575 improviso
1143 3500 1485 3554 irruentibus
1535 3500 1590 3552 in
1629 3514 1727 3553 cos
1761 3499 2010 3568 Bulgaris
2035 3512 2100 3553 ac

527 3595 902 3654 domesticoin
928 3593 1108 3661 fugam
1131 3604 1314 3652 verso,
1339 3589 1593 3642 Nicolaus
1616 3589 1779 3641 Ducis
1804 3589 1946 3642 ﬁlius
1971 3605 2096 3642 cum

525 3689 650 3744 aliis
678 3686 869 3740 multis
893 3684 1110 3739 occisus
1139 3691 1242 3737 est.

595 3869 684 3923 ‘20.
741 3867 1066 3922 Theodorus
1105 3867 1290 3938 itaque
1349 3868 1700 3924 Constantini
1748 3869 2102 3940 imperatoris

527 3960 874 4030 paedagogus,
899 3958 1317 4016 Constantinum
1345 3962 1719 4018 accubitorem
1742 3963 1849 4018 hoc
1866 3963 2100 4020 molien-

529 4062 639 4107 tem
675 4051 1116 4108 animadvertens
1158 4062 1218 4108 ut
1249 4054 1542 4124 imperium
1574 4055 1630 4109 in
1666 4055 1912 4111 Leonem
1939 4073 2100 4113 suum

529 4160 594 4198 ex
621 4160 809 4198 sorore
857 4144 1071 4199 afﬁnem
1105 4145 1444 4210 transferret,
1471 4147 1830 4204 Constantino
1866 4149 2103 4220 impera-

534 4237 636 4290 tori
667 4245 862 4292 auctor
902 4245 987 4292 est
1028 4247 1090 4292 ut
1125 4238 1431 4294 Romanum
1467 4239 1827 4310 drungarium
1858 4253 2103 4297 assumat

530 4329 681 4384 velut
707 4327 838 4383 clim
873 4327 1048 4398 patris
1083 4344 1303 4384 servum
1335 4329 1632 4399 ingenuum
1690 4330 1948 4401 illiusque
1974 4349 2103 4402 pro-

524 4435 694 4492 pensa
725 4420 1006 4476 voluntate
1027 4420 1264 4476 amicum
1294 4437 1358 4476 ac
1384 4422 1713 4486 studiosum,
1743 4433 1802 4478 ut
1831 4439 1954 4480 cum
1985 4426 2103 4495 ipso

2203 3221 2361 3286 λεως,
2395 3219 2619 3288 ἐξῆλθεν
2649 3219 2800 3272 Λέων
2837 3218 2864 3271 6
2915 3215 3237 3288 δομέστικος
3284 3213 3394 3267 τῶν
3425 3210 3644 3283 σχολῶν
3703 3208 3796 3263 καὶ

2215 3313 2469 3384 Ἰωάννης
2495 3311 2879 3383 ὲταιρειάρχης
2909 3309 3003 3363 καὶ
3023 3307 3294 3370 Νικόλαος
3324 3307 3353 3360 ὁ
3379 3304 3491 3368 υίὸς
3523 3303 3624 3356 τοῦ
3655 3305 3797 3356 Δου-

2206 3406 2300 3470 κὺς
2329 3407 2408 3468 είς
2441 3405 2619 3476 χῶρον
2642 3402 2903 3476 Θρᾳκῷον
2930 3401 3073 3456 οὓτω
3100 3400 3392 3471 λεγόμενον
3415 3395 3798 3469 Κατασύρτας

2206 3500 2324 3571 ἅμα
2383 3501 2623 3570 πλείστῳ
2662 3498 2778 3569 λαῷ
2828 3497 2969 3552 κατὰ
3000 3495 3351 3566 Βουλγάρων.
3397 3493 3479 3563 Τῇ
3523 3491 3583 3545 δὲ
3633 3493 3800 3546 νυκτὶ

2206 3595 2486 3664 ἀδοκήτως
2523 3593 2897 3648 ἐπιπεσόντων
2949 3591 3134 3652 αὐτοῖς
3164 3590 3270 3644 τῶν
3326 3586 3671 3657 Βουλγάρων
3704 3586 3800 3638 καὶ

2207 3686 2303 3740 τοῦ
2353 3685 2678 3756 δομεστίκου
2728 3685 2994 3754 φυγόντος
3048 3682 3263 3752 ἐσφάγη
3299 3679 3576 3744 Νικόλαος
3606 3682 3638 3734 6
3683 3680 3799 3743 υἱὸς

2207 3779 2300 3832 τοῦ
2332 3778 2531 3840 Δουκδς
2554 3778 2648 3831 καὶ
2682 3775 2869 3830 πολλοὶ
2889 3777 3066 3846 ἕτεροι
3103 3776 3223 3843 μετ’
3253 3770 3444 3826 αὑτοῦ.

2279 3868 2350 3924 κ’.
2379 3867 2653 3939 Θεόδωρος
2704 3865 2798 3922 οὖν
2840 3869 2868 3922 ὁ
2911 3866 3005 3922 τοῦ
3060 3864 3320 3936 βασιλέως
3365 3863 3799 3917 Κωνσταντίνου

2211 3961 2559 4031 παιδαγωγὸς
2613 3959 2757 4032 ὀρῶν
2806 3959 3216 4013 Κωνσταντῖνον
3281 3958 3803 4026 παρακοιμώμενον

2209 4057 2290 4118 εἰς
2314 4055 2519 4107 Λέοντα
2548 4052 2640 4106 τὸν
2669 4051 2797 4105 ἴδιον
2849 4043 3100 4122 γαμϐρὸν
3140 4047 3242 4118 τὴν
3280 4045 3571 4118 βασιλείαν
3606 4063 3804 4116 σφετε-

2211 4146 2520 4216 ριζόμενον,
2557 4143 2799 4214 ὑπέθηκε
2828 4140 3225 4212 Κωνσταντίνῳ
3253 4139 3468 4211 βασιλεῖ
3510 4141 3803 4212 Ῥωμανδν

2210 4237 2570 4309 δρουγγάριον
2605 4235 2979 4307 προϐαλέσθαι
3007 4235 3081 4299 ὼς
3102 4234 3369 4304 πατρικὸν
3403 4233 3584 4287 αὐτοῦ
3612 4234 3806 4288 δοῦλον

2211 4331 2304 4384 καὶ
2346 4328 2538 4383 εὖνουν
2584 4329 2652 4383 τά
2702 4329 2841 4400 πρὸς
2875 4328 3058 4394 αὐτὸν,
3090 4328 3263 4390 ὡς·ἀν
3363 4325 3464 4378 σὺν
3495 4326 3676 4398 αὐτῷ,
3713 4327 3808 4380 καὶ

2211 4424 2590 4492 διαγυλάττειν
2643 4423 2828 4486 αὐτὸν,
2869 4421 2966 4475 καὶ
2995 4422 3052 4474 ἐν
3081 4416 3160 4482 οἷς
3191 4419 3256 4474 ἂν
3287 4419 3461 4472 δέοιτο
3499 4419 3807 4489 σύμμαχον

527 4521 764 4571 maneat.
819 4519 1115 4582 custosque
1160 4521 1217 4566 ct
1264 4513 1465 4568 vindex
1527 4522 1690 4583 atque
1733 4492 2018 4580 defensor,
2049 4515 2089 4570 ir

2211 4514 2356 4585 ἔχειν
2412 4515 2505 4567 καὶ
2560 4512 2770 4584 βοηθόν.
2805 4510 3072 4576 Πολλάκις
3110 4509 3202 4564 οὖν
3240 4509 3368 4580 περὶ
3397 4507 3598 4562 τούτου
3631 4509 3806 4577 λαληο

526 4603 728 4672 quibus
746 4619 967 4660 necesse
990 4604 1265 4668 habuerit,
1301 4605 1378 4660 illi
1413 4606 1659 4662 exsistat.
1693 4607 1768 4662 Dc
1799 4608 1885 4663 liis
1916 4607 2100 4680 itaque

525 4697 671 4750 haud
718 4713 842 4751 raro
894 4697 1272 4769 interpellatus
1307 4700 1587 4755 Romanus
1619 4701 1906 4758 abnuerat.
1954 4701 2098 4769 Qua-

527 4796 750 4856 propter
787 4787 1181 4844 Constantinus
1225 4790 1341 4860 ipse
1394 4791 1696 4862 imperator
1738 4794 1949 4850 litteras
1984 4811 2103 4865 pro-

521 4881 643 4946 .pria
672 4893 837 4932 manu
875 4889 1128 4935 cxaratas
1186 4881 1701 4953 subscriptioneque
1729 4885 1992 4948 firmatas,
2031 4887 2096 4942 ad

527 4985 652 5023 eum
686 4963 894 5033 niittit;
951 4971 1154 5039 quibus
1190 4971 1280 5027 ille
1324 4974 1380 5026 in
1435 4989 1631 5029 manus
1659 4975 1919 5046 acceptis,
1957 4977 2102 5032 Con-

524 5063 826 5118 stantinum
851 5063 1221 5119 accubitorem
1249 5066 1478 5136 ejusque
1511 5067 1700 5122 afﬁnes
1718 5084 1782 5123 ea
1808 5085 1866 5126 se
1892 5085 2106 5140 aggres-

522 5170 716 5224 surum
750 5156 1004 5211 cautione
1032 5158 1088 5210 in
1122 5172 1181 5211 se
1214 5158 1442 5227 recepit.

595 5249 685 5304 21.
738 5249 871 5320 Ejus
909 5249 1095 5321 itaque
1147 5251 1226 5306 rei
1261 5252 1370 5307 late
1423 5267 1755 5325 pcrvagante
1786 5257 1951 5322 fama,
1974 5275 2101 5314 cum

523 5341 811 5397 accubitor
844 5343 1152 5399 Romanum
1198 5354 1420 5416 urgeret
1451 5355 1512 5401 ut
1550 5363 1673 5402 cum
1723 5350 1896 5406 classe
1935 5350 2103 5421 proﬁ-

528 5437 847 5497 cisccrctur,
896 5437 1227 5492 causabatur
1270 5437 1359 5493 ille
1391 5454 1455 5493 ac
1486 5440 1783 5496 excusabat
1809 5457 1919 5498 non
1942 5458 2104 5513 posse

533 5537 590 5573 se
640 5526 758 5579 vela
813 5529 994 5583 ventis
1041 5529 1171 5585 dare
1203 5548 1264 5588 ac
1293 5533 1643 5603 abnavigarc,
1676 5551 1803 5591 cum
1855 5537 2102 5591 nondum

2213 4607 2326 4670 θεὶς
2375 4606 2654 4676 Ῥωμανὸς
2689 4604 2982 4658 ἀπείπατο.
3031 4603 3424 4674 Γραμματεῖον
3448 4595 3547 4654 οὖν
3576 4603 3603 4653 ὁ
3645 4601 3806 4668 βασι-

2209 4701 2335 4764 λεὺς
2393 4701 2803 4762 Κωνσταντῖνος
2855 4697 3163 4768 αὑτοχείρῳ
3214 4694 3560 4766 δωχαράξας
3609 4695 3804 4765 γραφῇ

2210 4793 2308 4845 καὶ
2365 4791 2660 4861 ὑπογραφῇ
2718 4787 3214 4858 διασφαλισάμενος
3259 4783 3588 4838 ἀπέστειλεν
3627 4785 3798 4854 αὐτῷ.

2211 4886 2390 4956 Ὅπερ
2420 4877 2578 4947 οὗτος
2611 4883 2705 4934 ἐπὶ
2763 4883 2954 4952 χεῖρας
2996 4878 3178 4932 λαϐὼν
3214 4877 3487 4947 ὑπέσχετο
3524 4879 3625 4950 τὴν
3661 4879 3805 4932 κατὰ

2181 4977 2304 5033 “τοῦ
2342 4974 2842 5050 παρακοιμωμένου
2873 4971 3287 5030 Κωνσταντίνου
3329 4973 3422 5023 καὶ
3460 4973 3570 5025 τῶν
3593 4987 3799 5040 συγγεο

2211 5072 2316 5125 νῶν
2340 5071 2504 5126 αὐτοῦ
2534 5069 2782 5124 ἐπίθεσιν
2813 5061 2914 5124 ὧδε
2941 5066 3293 5138 ποιήσασθαι.

2282 5255 2386 5308 καῖ
2424 5254 2535 5323 Τῆς
2591 5252 2782 5322 φήμης
2825 5249 2916 5304 οὖν
2951 5266 3154 5320 ταυτης
3192 5247 3540 5320 διαθεούσης,
3576 5251 3672 5303 καὶ
3706 5248 3800 5302 τοῦ

2212 5345 2714 5418 παρακοιμωμένου
2793 5341 3212 5398 Κωνσταντίνου
3276 5343 3796 5410 καταναγκάζοντοέ

2222 5439 2500 5508 Ῥωμανδν
2533 5435 2862 5506 ἀποκινῆσαι
2892 5435 3030 5506 μετά
3071 5435 3166 5487 τοῦ
3200 5433 3415 5498 στόλου,
3444 5434 3605 5499 αὐτὸς
3631 5449 3787 5503 7:995-

2212 5533 2474 5606 φασίζετο
2501 5531 2778 5596 ἀδυνάτως
2801 5529 2946 5601 ἔχειν
2969 5530 3060 5584 τοῦ
3092 5529 3361 5584 ἀποπλεῖν
3377 5529 3457 5599 μὴ
3486 5529 3580 5584 τοῦ
3604 5528 3786 5582 στόλοι

1806 5653 2037 5709 νΛΒΙᾹ]
2063 5651 2465 5710 LECTlONES.

593 5710 634 5738 ³⁷
669 5706 752 5779 ἂν]
780 5706 881 5778 μὲν
913 5709 974 5763 Ρ.
