3996 6208
288 286 373 351 945

1352 284 1549 343 νΙΤΑἳ
1589 284 2143 344 RECENTIORUM
2184 287 2384 346 IMPP.

3400 294 3505 354 946

285 400 366 470 τὴν
399 394 796 465 νενομισμένην
827 393 994 465 ρόγαν
1014 392 1286 455 λαῦόντος.
1330 392 1418 446 Ἑν
1451 396 1517 463 τῇ
1542 394 1829 464 ἑξαρτύσει

1940 396 2125 450 classis
2180 398 2402 451 militari
2435 399 2709 467 stipendio
2746 416 2806 454 ac
2845 402 3088 471 legitimo
3116 403 3315 458 donata
3338 416 3505 461 esset.

282 491 330 544 δὲ
362 487 508 548 ὄντος
524 484 621 537 τοῦ
661 481 939 554 Ῥωμανοῢ
976 484 1068 536 καὶ
1112 482 1181 535 τὰ
1222 482 1380 537 πλοῖα
1424 483 1834 555 εὐτρεπίζοντος

284 578 455 645 ἐξῆλθε
535 577 941 638 Κωνσταντῖνος
1003 573 1500 646 παρακοιμώμενος
1572 578 1833 631 ὲπισπουο

281 674 437 727 δάσων
471 670 633 722 αὐτὸν
684 668 778 721 τοῦ
845 667 1166 723 ἐκπλεῦσαι.
1208 668 1268 723 '0
1300 668 1357 723 δὲ
1407 668 1584 740 τούτῳ
1607 670 1836 741 δουλικῷ

280 766 346 836 τῷ
374 764 613 834 σχήματι
633 763 1111 834 προσυπήντησεν,
1134 762 1231 816 καὶ
1258 762 1559 834 προθύμως
1589 765 1834 835 ποιήσειν

280 859 331 910 τὸ
367 854 722 925 κελευόμενον
778 848 1167 925 ἐπηγγέλλετο.
1217 854 1584 926 Ὑποστρέψαι
1626 856 1681 909 δὲ
1715 856 1832 927 βου-

276 949 488 1018 λομένου
533 947 629 1001 τοῦ
675 946 1200 1019 παρακοιμωμένου,
1231 947 1326 1000 καὶ
1389 951 1439 1001 εί
1488 947 1601 1018 ἔχοι
1636 949 1834 1019 ἄνδρας

276 1040 481 1104 εὐειδεῖς
515 1039 608 1094 καὶ
640 1040 922 1108 γενναίους
955 1041 1059 1110 τὴν
1086 1039 1376 1111 βασιλικὴν
1408 1040 1651 1111 ἐρέττειν
1681 1042 1835 1111 τριή-

277 1151 365 1203 ρην
393 1132 646 1195 είπόντος
698 1133 835 1202 πρὸς
875 1130 1175 1201 Ῥωμανδν,
1232 1125 1385 1194 οὗτος
1429 1130 1590 1194 εὐθὺς
1618 1130 1834 1185 ἔνευσεν

274 1225 444 1287 αὐτοῖς
469 1226 532 1293 τῇ
573 1223 720 1294 χειρὶ
762 1222 1002 1292 ἑτοίμοις
1028 1216 1146 1277 οὖσι
1181 1221 1407 1286 πλησίον
1439 1220 1633 1275 ἐλθεῖν.
1680 1223 1743 1275 Oi
1775 1222 1831 1275 δὲ

269 1316 329 1369 τὰ
347 1315 448 1385 τῆς
480 1314 675 1384 βουλῆς
704 1313 924 1377 εἰδότες,
970 1312 1197 1381 ἔγγιστα
1254 1312 1353 1383 ἤδη
1414 1313 1509 1366 τοῦ
1555 1312 1833 1384 δρόμωνος

280 1401 556 1471 Ῥωμανοῦ
586 1401 893 1471 γεγονότες,
926 1400 1113 1472 ἐπειδὴ
1142 1393 1296 1466 οὗτος
1321 1402 1497 1456 ὀπίσω
1530 1402 1622 1455 τοῦ
1650 1421 1834 1475 παρα-

268 1493 607 1566 κοιμωμένου
660 1493 1073 1548 Κωνσταντίνου
1140 1494 1484 1565 περιπατῶν,
1543 1496 1832 1567 Ἀναρπά-

265 1600 400 1640 σατε
418 1585 613 1639 αὐτὸν
642 1582 774 1651 ταῖς
820 1585 997 1654 χερσί
1024 1586 1125 1639 καὶ
1163 1585 1343 1654 ἄρατε
1365 1587 1571 1654 αὑτὸν,
1616 1589 1832 1659 ἐπεφώ-

265 1695 405 1749 νησε,
445 1679 795 1748 παραχρῆμα
828 1673 977 1733 οὗτοι
1009 1678 1197 1733 τοῦτον
1232 1680 1584 1750 ἁρπάσαντες
1628 1683 1708 1745 είς
1732 1683 1832 1752 τὴν

263 1768 349 1821 τοῦ
393 1766 760 1839 δρουγγαρίου
800 1767 1083 1839 Ῥωμανοῦ
1128 1771 1362 1842 τριήρην
1405 1773 1702 1842 εἰσήγαγον
1740 1776 1833 1829 καὶ

263 1860 319 1911 ιν
362 1858 637 1930 ἀσφαλείᾳ
679 1861 952 1929 κατεῖχον.
985 1859 1174 1924 Οὐδεὶς
1221 1856 1316 1914 οὖν
1366 1863 1395 1915 ὁ
1443 1862 1834 1933 ὑπερασπίζων

259 1949 323 2023 ἦν
356 1954 387 2024 ἢ
442 1952 840 2023 κατοικτείρων
864 1952 955 2006 τὸν
984 1953 1293 2025 ἄνθρωπον,
1323 1955 1540 2010 πάντων
1568 1956 1674 2011 τῶν
1711 1974 1833 2012 συν-

261 2046 423 2100 όντων
454 2044 604 2115 αὐτῷ
635 2046 1000 2115 χρησαμένων
1028 2049 1196 2118 φυγῇ.

329 2142 433 2229 κβο.
460 2157 648 2213 Ταῦτα
671 2158 793 2229 Ζωὴ
818 2159 1108 2227 Αὑγούστα
1148 2160 1396 2229 μαθοῦσα
1443 2162 1833 2232 προσκαλεῖται

260 2250 352 2305 τὸν
373 2249 714 2326 πατριάρχην
765 2250 1034 2305 Νικόλαον
1065 2254 1161 2306 καὶ
1212 2254 1338 2318 τοὺς
1368 2254 1539 2324 αὐτῆς
1574 2258 1834 2325 μεγιστᾶ-

259 2360 356 2407 νας
378 2341 477 2398 καὶ
503 2341 823 2405 ἀποστέλλει
857 2344 997 2415 πρὸς
1035 2343 1121 2416 [Ρ.
1148 2344 1273 2417 571]
1313 2346 1618 2417 Ῥωμανὸν,
1649 2348 1712 2402 τὺ
1738 2366 1832 2417 γε-

257 2436 418 2504 γονὸς
453 2433 751 2507 βουλομένη
783 2435 994 2506 μαθεῖν.
1020 2437 1238 2492 Τούτων
1274 2439 1331 2492 δὲ
1365 2440 1831 2510 διαπερασάντων,

251 2526 423 2592 λίθοις
458 2528 489 2582 ὁ
536 2528 663 2593 λαὸς
700 2527 972 2600 ἐξήλασαν
1022 2529 1295 2599 βαλόντες.
1325 2530 1535 2584 Ἔωθεν
1565 2531 1659 2585 οὖν
1691 2532 1837 2598 ἐξελ-

251 2618 424 2675 θοῦσα
452 2621 577 2693 Ζωὴ
604 2622 663 2677 ἐν
683 2622 761 2693 τῷ
788 2623 882 2676 τοῦ
919 2622 1310 2686 Βουκολέοντος
1326 2623 1545 2693 ἠλιθικῷ
1565 2624 1835 2695 ἐπεφώνει

244 2711 326 2781 τῷ
358 2711 467 2783 υίῷ
522 2714 619 2768 καὶ
668 2715 803 2768 πᾶσι
823 2730 839 2746 ο
882 2713 1016 2778 Πῶς
1050 2713 1165 2781 ἄρα
1199 2714 1447 2784 γέγονεν
1472 2714 1511 2781 ὴ
1541 2714 1836 2785 ἁνταρσια

245 2804 443 2872 ad");
494 2806 707 2877 Ἔφησε
763 2806 819 2859 δὲ
878 2807 1014 2878 πρὸς
1059 2806 1231 2878 αὐτὴν
1270 2809 1297 2859 ὁ
1349 2807 1693 2876 παιδαγωγὸς
1741 2808 1834 2863 τοῦ

242 2895 526 2965 βασιλέως
558 2898 972 2953 Κωνσταντίνου
1025 2899 1320 2970 Θεόδωρος,
1353 2901 1436 2954 ὅτι
1461 2900 1562 2954 Διὰ
1590 2901 1657 2955 τὸ
1688 2902 1836 2956 ἀποο

238 2985 431 3041 λέσαι
489 2987 719 3043 Λέοντα
753 2987 860 3042 τὸν
905 2988 1117 3055 Φῳκᾶν
1170 2989 1313 3055 τοὺς
1367 2990 1685 3060 Ῥωμαίους
1738 2993 1834 3046 καί

234 3078 723 3132 Κωνσταντῖνον
792 3066 1322 3149 παρακοιμῦμενον
1408 3081 1474 3135 τὸ
1540 3082 1834 3139 παλάτιον

232 3168 443 3223 ταῦτα
478 3170 780 3238 γεγόνασι.

311 3276 434 3345 κγ’.
473 3279 847 3345 Προσελάϐετο
868 3281 928 3335 δὲ
951 3284 979 3335 ὁ
1003 3281 1256 3352 βασιλεὺς
1284 3285 1548 3339 Νικόλαον
1578 3288 1838 3361 πατριάρο

228 3384 349 3439 χην
380 3366 489 3421 καὶ
519 3369 791 3438 Στέφανον
854 3374 1156 3445 μάγιστρον
1202 3378 1441 3430 συνεῖναι
1481 3378 1631 3448 αὐτῷ
1673 3380 1730 3432 ὲν
1760 3380 1837 3447 τῷ

228 3458 531 3529 παλατίῳ,
580 3462 678 3531 τὴν
733 3464 986 3531 ἐξουσίαν
1046 3467 1126 3529 είς
1153 3467 1342 3525 ἑαυτὸν
1377 3468 1484 3520 ἀπὸ
1506 3470 1604 3539 τῆς
1631 3472 1836 3542 μητρὸς

222 3547 660 3618 ἐπισπώμενος.
699 3553 776 3624 Τῇ
811 3553 868 3608 δὲ
910 3556 1174 3627 ἐπαύριον
1222 3559 1544 3612 ἀπέστειλεν
1585 3562 1836 3634 Ἰωάννην

222 3643 327 3696 τὸν
354 3641 663 3715 Τουόἀκην
686 3645 839 3717 Ζωὴν
872 3648 1195 3716 Αὑγούσταν
1227 3648 1323 3702 τοῦ
1358 3651 1623 3705 παλατίου
1662 3672 1833 3708 κατα-

225 3731 508 3787 ϐιϐάσαι.
547 3732 613 3786 Ἦ
638 3734 696 3787 δὲ
724 3736 842 3805 μετ’
878 3736 1138 3808 ὀλολυγῆς
1164 3738 1255 3792 καὶ
1289 3738 1539 3810 δακρύων
1585 3742 1665 3814 τῷ
1707 3746 1835 3799 ἐαυ-

220 3823 336 3896 τῆς
373 3823 806 3897 προσπλακεῖσα
840 3827 943 3898 υίῷ
989 3828 1125 3898 πρὸς
1174 3830 1525 3898 συμπάθειαν
1561 3835 1835 3905 μητρικὴν

218 3916 325 3968 καὶ
359 3909 566 3968 οῐκτον
592 3914 865 3985 ἐκίνησεν,
884 3916 957 3980 ὡς
984 3917 1074 3969 τὸν
1097 3914 1319 3985 βασιλέα
1345 3920 1521 3972 εἰπεῖν
1540 3935 1555 3949 ’
1587 3921 1833 3976 Ἐἀσατε

216 4003 391 4061 εἷναι
426 4005 571 4075 μετ’
608 4004 754 4074 ἐμοῦ
798 4006 913 4075 τὴν
957 4006 1186 4077 μητέρα
1234 4024 1376 4077 μου.
1431 4009 1492 4062 Ol
1541 4011 1599 4063 δὲ
1630 4012 1835 4083 ταύτην

213 4099 345 4170 ἅμα
374 4098 467 4169 τῷ
504 4097 653 4167 λόγῳ
682 4099 920 4168 ἀφῆκαν.

292 4210 408 4266 κδ’.
446 4210 974 4284 Προσκαλεσάμενοι
1022 4212 1078 4265 δὲ
1120 4213 1149 4265 ὃ
1178 4229 1237 4265 τε
1272 4212 1525 4282 βασιλεὺς
1556 4214 1649 4266 καὶ
1675 4215 1704 4266 ὁ
1733 4233 1838 4270 πα⁸

207 4306 521 4376 τριάρχης
558 4304 812 4373 Ἰωάννην
839 4303 931 4358 τὸν
970 4304 1174 4375 Γαριδᾶ
1215 4307 1580 4377 προεϐάλοντο
1609 4307 1835 4378 ³⁸δομέ-

210 4415 424 4450 στικον
458 4395 582 4447 τῶν
628 4393 857 4464 σχολῶν,
910 4393 1143 4457 δεδιότες
1173 4394 1248 4465 μὴ
1276 4397 1355 4459 είς
1394 4397 1697 4467 ἀνταρσίαν
1725 4414 1831 4467 χωι

210 4492 371 4561 ρήσῃ
402 4489 435 4541 ὁ
455 4488 667 4549 Φωκᾶς
703 4485 876 4543 Λέων.
915 4486 974 4539 '0
999 4486 1057 4540 δὲ
1082 4488 1142 4539 οὺ
1170 4488 1466 4542 κατένευσε
1494 4491 1651 4544 τοῦτο
1679 4491 1834 4557 γενέ-

208 4582 379 4643 σθαι,
450 4582 510 4632 εί
583 4576 657 4649 μὴ
710 4576 990 4648 Θεόδωρον
1046 4579 1476 4649 γυναικάδελφον
1522 4580 1693 4634 αὐτοῦ
1745 4583 1836 4635 τὸν

204 4670 594 4743 Ζουφινέξερ
633 4669 727 4723 καὶ
782 4670 1041 4739 Συμεῶνα
1097 4669 1191 4723 τὸν
1226 4670 1340 4723 υἱὸν
1393 4671 1557 4726 αὑτοῦ
1604 4673 1839 4747 προεϐά-

201 4764 382 4817 λοντο
422 4763 479 4795 ³⁸
512 4759 927 4832 ὲταιρειάρχην.
947 4760 1170 4832 Ὅρκοις
1189 4761 1509 4833 βεϐαιωθεὶς
1537 4765 1628 4817 ὑπ’
1657 4766 1838 4819 αὐτῶν

198 4856 527 4928 κατῆλθεν
556 4854 617 4906 ἐν
667 4852 748 4924 τῷ
796 4854 929 4923 οἴκῳ
976 4852 1162 4909 αὐτοῦ.
1197 4855 1257 4907 Oi
1281 4855 1338 4907 δὲ
1366 4855 1680 4926 παραυτίκα
1712 4857 1838 4921 τοὺς

202 4950 553 5017 συγγενεῖς
582 4945 750 4999 αὐτοῦ
772 4944 865 4999 τοῦ
896 4945 1160 5000 παλατίου
1212 4946 1660 5011 καταὸιόἀζουσι.
1701 4948 1840 5001 Τού-

198 5056 329 5094 των
409 5038 530 5093 οὖν
602 5034 740 5107 πρὸς
802 5033 966 5090 αὐτὸν
1023 5036 1500 5105 παραγεγονότων,
1557 5038 1630 5102 ὼς
1684 5037 1843 5091 ἐθεά-

202 5146 359 5183 σατο
388 5127 642 5192 αὐτοὺς,
698 5127 898 5199 τρόμος
956 5125 1150 5179 ἔλαϐεν
1208 5126 1371 5180 αὑτὸν
1414 5127 1509 5180 καὶ
1544 5126 1715 5198 φρίκη
1746 5127 1841 5180 καὶ

196 5222 460 5292 φρενῶν
488 5220 781 5282 ἔκστασις.
812 5218 983 5281 Εὐθὺς
1012 5217 1106 5272 οὖν
1133 5218 1324 5288 ἐξῆλθε
1358 5220 1497 5290 πρὸς
1539 5218 1838 5289 Ῥωμανὸν,

198 5315 314 5367 καὶ
348 5314 695 5383 διηγήσατο
738 5310 889 5380 αὐτῷ
917 5304 1006 5365 οἷα
1033 5310 1290 5366 πέπονθε·
1322 5310 1713 5381 συμφιλιωθεὶς
1748 5306 1841 5364 οὖν

194 5405 407 5477 αὐτῷ,
442 5404 560 5458 καὶ
591 5403 788 5474 ὅρκους
813 5403 934 5468 δοὺς
980 5404 1072 5458 καὶ
1121 5402 1299 5458 λαϐὼν
1337 5402 1474 5457 ὥστε
1521 5402 1651 5471 μίαν
1697 5402 1842 5473 ἔχειν

1938 489 2206 545 Versante
2238 502 2421 546 autem
2462 492 2516 546 in
2554 494 2733 547 navali
2767 495 3016 551 Romano
3048 512 3319 567 navesque
3344 514 3512 567 appa-

1939 590 2113 647 rante,
2148 582 2542 639 Constantinus
2562 585 2865 650 accubitor,
2891 590 3046 657 quasi
3074 590 3347 644 solvendae
3373 591 3510 645 clas-

1938 673 2012 727 sis
2046 674 2326 744 negotium
2369 683 2767 742 maturaturus,
2820 678 2889 732 ad
2937 694 3062 733 eum
3110 694 3364 750 egressus
3403 691 3505 735 est.
3580 676 3585 683 ’

1936 762 2191 817 Occurrit
2243 765 2334 819 ille
2376 768 2561 822 servili
2606 768 2796 824 habitu
2820 769 2987 841 884
3008 780 3297 841 gestuque,
3327 788 3510 842 prom-

1938 862 2140 925 ptoque
2182 856 2367 912 animo
2416 857 2688 913 facturum
2734 877 2791 915 se
2834 862 3127 931 pollicetur
3153 866 3300 933 quod
3325 865 3511 934 jussus

1936 955 2073 1001 erat.
2128 946 2374 1017 Cumque
2399 950 2510 1019 jam
2540 952 2823 1007 accubitor
2852 956 3054 1009 reverti
3088 957 3275 1011 volens
3303 972 3368 1010 ex
3399 957 3510 1010 Ro-

1936 1054 2099 1093 mano
2150 1040 2528 1097 sciscitaretur
2557 1082 2570 1106 ,
2625 1060 2753 1098 num
2820 1046 3097 1117 elegantes
3148 1063 3209 1102 ac
3257 1057 3513 1102 strenuos

1936 1131 2084 1186 viros
2117 1132 2366 1199 haberet,
2417 1135 2511 1205 qui
2550 1135 2957 1207 imperatoriam
3008 1139 3287 1194 triremem
3322 1141 3515 1209 impel-

1935 1221 2071 1289 lant,
2110 1224 2304 1278 annuit
2334 1226 2426 1281 ille
2456 1228 2637 1282 statim
2663 1244 2827 1283 manu
2850 1231 3056 1299 paratis
3081 1239 3139 1283 ut
3164 1246 3332 1300 prope
3356 1247 3512 1285 acce-

1935 1312 2153 1369 derent.
2193 1316 2254 1369 Hi
2286 1325 2492 1383 autem,
2517 1335 2653 1388 quos
2683 1321 2974 1375 consilium
3004 1337 3113 1375 non
3137 1321 3353 1385 lateret,
3388 1338 3509 1375 cum

1937 1408 2183 1476 proxime
2228 1410 2340 1479 jam
2378 1412 2608 1466 Romani
2650 1413 2960 1482 praetoriam
2990 1415 3321 1485 junxissent,
3358 1414 3511 1484 isque

1936 1510 2084 1554 retro
2131 1500 2552 1559 Constantinum
2587 1506 2957 1560 accubitorem
2994 1506 3318 1559 ambulans:
3374 1506 3511 1558 Eum

1937 1592 2177 1647 manibus
2206 1596 2456 1665 corripite
2476 1605 2633 1666 atque
2655 1596 2847 1660 tollite,
2879 1597 3166 1653 confestim
3198 1598 3511 1661 clamasset,

1935 1692 2249 1754 correptum
2302 1686 2376 1740 illi
2419 1687 2472 1741 in
2513 1688 2743 1743 Romani
2777 1680 3060 1759 drungarii
3087 1690 3361 1744 triremem
3398 1695 3510 1742 tuta

1933 1778 2184 1833 custodia
2233 1779 2564 1834 servandum
2596 1782 2923 1836 intulerunt.
2972 1781 3075 1848 Qui
3117 1784 3294 1836 virum
3324 1781 3513 1835 defen-

1935 1868 2094 1923 deret
2142 1878 2238 1924 aut
2290 1871 2398 1924 ulla
2450 1872 2571 1943 ejus
2615 1872 2968 1926 miseratione
3025 1882 3380 1935 moveretur,
3444 1885 3511 1924 ne

1938 1976 2081 2016 unus
2130 1961 2353 2030 quidem
2416 1961 2564 2025 fuit,
2615 1963 2828 2018 cunctis
2855 1963 2981 2033 fuga
3002 1962 3229 2033 dilapsis
3251 1962 3345 2031 qui
3386 1977 3509 2015 cum

1937 2054 2056 2123 ipso
2098 2063 2275 2108 erant.

2006 2166 2095 2220 εξ.
2137 2165 2232 2222 His
2272 2168 2339 2222 ad
2386 2169 2550 2224 Zoem
2603 2170 2908 2240 Augustam
2938 2169 3181 2239 perlatis,
3230 2167 3513 2222 accersitis

1938 2257 2028 2312 illa
2067 2272 2190 2311 cum
2231 2258 2455 2315 Nicolao
2489 2261 2802 2328 patriarcha
2841 2259 3199 2329 optimatibus
3226 2257 3362 2319 suis,
3417 2257 3510 2323 qui

1936 2348 2065 2403 iacti
2086 2364 2307 2404 causam
2344 2350 2648 2420 inquirant,
2676 2351 2743 2403 ad
2780 2352 3086 2405 Romanum
3119 2349 3307 2402 mittit.
3340 2349 3510 2402 Dum-

1936 2458 2043 2512 que
2084 2441 2130 2496 ii’
2172 2442 2474 2512 trajiciunt,
2518 2442 2660 2496 facta
2714 2442 2904 2512 populi
2949 2441 3188 2497 coitione
3237 2438 3513 2509 lapidibus

1936 2531 2165 2601 appetiti
2210 2548 2275 2586 ac
2311 2531 2480 2602 fugati
2535 2546 2684 2587 sunt.
2730 2532 2885 2586 Mane
2939 2532 3106 2602 igitur
3154 2545 3373 2602 egressa
3403 2529 3512 2583 Zoe

1936 2620 2005 2677 ad
2058 2620 2382 2677 Bucoleonis
2421 2621 2601 2676 solare
2636 2621 2980 2692 horologium
3022 2622 3135 2676 lilio
3190 2620 3511 2688 cunctisque

1936 2712 2239 2778 clamabat,
2269 2728 2505 2782 quonam
2539 2713 2690 2766 modo
2747 2711 2959 2765 rebellio
3009 2711 3119 2766 [nec
3169 2711 3510 2781 contigisset,

1939 2805 2027 2859 cui
2062 2803 2390 2860 Theodorus
2414 2803 2760 2860 Constantini
2791 2792 3140 2875 imperatoris
3164 2803 3509 2874 paedagogus,

1936 2898 2127 2951 idcirco
2162 2899 2459 2968 contigisse,
2496 2898 2595 2963 ait,
2632 2899 2771 2964 quod
2792 2896 2895 2951 Leo
2930 2897 3131 2952 Phocus
3155 2895 3418 2951 Romanos
3461 2904 3509 2948 et

1936 2988 2309 3045 Constantinus
2328 2991 2593 3045 accubitor
2621 2990 2803 3044 aulam
2833 2990 3090 3060 perderet.

1862 3128 1904 3184 C

2008 3279 2100 3333 25.
2140 3278 2365 3333 Interim
2403 3280 2702 3347 imperator
2739 3276 3020 3332 Nicolaum
3056 3277 3424 3347 patriarcham
3456 3288 3514 3331 et

1940 3368 2277 3439 Stephanum
2335 3368 2655 3439 magistrum
2701 3368 2806 3424 sibi
2852 3367 2907 3421 in
2955 3368 3079 3422 aula
3118 3366 3307 3423 adesse
3330 3367 3507 3436 jubet,

1942 3458 2203 3512 translata
2231 3458 2285 3512 in
2316 3473 2373 3511 se
2406 3474 2435 3512 a
2481 3467 2654 3512 matre
2691 3464 2981 3527 potestate.
3031 3457 3301 3511 Postridie
3344 3456 3511 3526 885

1940 3550 2140 3606 missus
2161 3551 2399 3606 Joannes
2434 3550 2703 3611 'l'ubaces,
2731 3549 2826 3618 qui
2861 3548 3023 3603 Zoem
3052 3549 3350 3619 Augustam
3386 3547 3511 3601 aula

1938 3644 2219 3716 dejiceret.
2245 3643 2322 3698 Ea
2348 3659 2473 3697 cum
2494 3642 2623 3697 ﬂetu
2652 3657 2717 3696 ac
2737 3643 2945 3712 ejulatu
2970 3641 3025 3695 in
3061 3641 3157 3694 lilii
3191 3640 3510 3709 complexus

1939 3752 2104 3792 ruens
2140 3735 2209 3790 ad
2255 3748 2560 3789 maternam
2594 3733 3005 3787 miserationem
3028 3733 3394 3801 atl‘ectumque
3427 3731 3511 3785 in-

1936 3825 2118 3889 ﬂexit,
2167 3824 2305 3879 adeo
2337 3833 2396 3878 ut
2442 3824 2740 3893 imperator
2765 3823 3005 3877 dixerit:
3059 3821 3225 3877 Sinite
3255 3832 3311 3875 ut
3341 3833 3513 3876 mater

1940 3933 2055 3970 mea
2080 3931 2281 3968 mecum
2298 3922 2553 3969 versetur.
2603 3913 2729 3979 Qui,
2770 3928 2896 3968 mox
2926 3923 2987 3969 ut
3009 3914 3227 3969 locutus
3250 3921 3354 3981 est,
3386 3928 3509 3969 eam

1938 4004 2234 4073 reliquere.

2005 4204 2096 4258 24.
2156 4203 2495 4258 Accersitum
2549 4218 2678 4257 vero
2739 4203 3040 4271 imperator
3097 4210 3151 4255 ct
3199 4202 3515 4271 patriarcha

1936 4296 2201 4353 Joannem
2240 4295 2493 4351 Garidam
2532 4295 2806 4365 legionum
2852 4294 3217 4349 domesticum
3250 4293 3510 4363 prmfcce-

1940 4396 2089 4455 runt,
2124 4388 2285 4443 veriti
2317 4387 2530 4442 scilicet
2562 4402 2632 4441 ne
2667 4386 2778 4441 Leo
2811 4386 3023 4441 Phocas
3051 4385 3103 4439 in
3155 4385 3509 4440 rebellionem

1860 4466 1913 4526 Ῑ)
1940 4489 2268 4536 verteretur.
2311 4480 2430 4535 Non
2461 4478 2735 4548 acquievit
2762 4479 2851 4533 ille
2887 4488 2943 4533 ut
2976 4494 3176 4533 munus
3215 4478 3511 4548 acciperet,

1940 4573 2046 4628 nisi
2093 4571 2417 4627 Theodorus
2458 4571 2807 4641 Zuphinezcr
2853 4571 2973 4641 ejus
3025 4570 3161 4624 levir
3191 4578 3248 4623 ct
3277 4569 3512 4637 Symeon

1940 4666 2090 4721 illius
2125 4665 2268 4720 ﬁlius
2286 4663 2680 4720 frnderatorum
2712 4662 2910 4717 turmis
2928 4663 3357 4732 praeticerentur.
3386 4660 3514 4715 Am—

1942 4757 2140 4812 borum
2170 4755 2215 4811 is
2246 4756 2608 4826 jurejurando
2649 4754 2821 4810 fretus
2853 4754 2909 4808 in
2935 4754 3156 4809 domum
3192 4753 3513 4817 descendit;

1942 4863 2179 4917 moxque
2214 4846 2269 4900 hi
2304 4846 2451 4901 illius
2480 4845 2668 4901 attines
2700 4845 2821 4900 aula
2862 4844 3164 4915 ejecerunt.
3198 4844 3345 4911 Quos
3365 4852 3424 4896 ut
3447 4841 3513 4896 ad

1941 4955 1999 4994 se
2055 4939 2340 4993 venientes
2386 4937 2704 5007 conspexit,
2742 4944 2931 5006 stupor
2972 4946 3288 5004 tremorque
3331 4935 3512 4988 virum

1944 5033 2284 5087 invaserunt.
2317 5030 2615 5088 Confestim
2648 5030 2812 5102 igitur
2834 5029 2901 5084 ad
2928 5030 3232 5084 Romanum
3252 5028 3421 5092 venit,
3453 5042 3517 5080 ac

1940 5139 2062 5197 quae
2097 5124 2174 5178 illi
2199 5123 2337 5179 facta
2377 5131 2565 5179 essent
2592 5121 2857 5177 narravit.
2887 5120 3126 5175 Arctiori
3159 5119 3342 5187 itaque
3371 5118 3511 5170 ami-

1942 5218 2071 5274 citia
2113 5217 2163 5272 ei
2198 5217 2531 5287 implicatur,
2567 5215 2801 5284 dataque
2826 5222 2882 5268 et
2916 5221 3140 5282 accepta
3166 5210 3349 5282 jurata
3384 5207 3511 5274 lide,

1945 5327 2057 5366 uno
2090 5326 2147 5365 se
2180 5310 2235 5365 in
2269 5317 2551 5380 posterum
2601 5308 2784 5361 animo
2826 5305 2977 5369 fore,
3017 5319 3125 5359 uno
3160 5302 3325 5357 animi
3350 5317 3511 5356 sensu

1949 5402 2354 5459 consentientes
2389 5413 2650 5465 evasere;
2698 5404 2759 5452 ut
2791 5405 2845 5452 et
2874 5396 3189 5465 nuptiarum
3227 5394 3431 5449 hedera
3454 5408 3512 5448 so

1535 5578 1768 5634 VAle
1814 5576 2218 5635 LECTIONES.

274 5706 332 5735 ³⁸
368 5697 803 5773 προεϐάλλοντο
835 5699 893 5755 Ρ.
