3996 6208
512 296 616 363 947

1773 301 2095 362 GEORGII
2137 303 2483 365 MONACHI

3666 301 3773 365 913

502 406 796 488 iuncturos
820 408 1251 483 paciScerentur,
1299 428 1409 482 quo
1447 411 1572 468 inde
1612 412 1926 468 dilectionis
1968 413 2089 467 vin-

2201 416 2521 487 ipcporépwv
2567 414 2768 485 ψυχὴν,
2823 412 3090 483 σύμφρων
3136 410 3301 465 αὐτοῦ
3352 412 3448 468 καὶ
3489 413 3775 484 σύμπνους

507 506 693 562 culum
727 502 833 562 sibi
862 505 1253 577 astringerent.

578 773 669 828 25.
699 770 1012 827 Secundum
1048 772 1164 826 hac
1196 770 1362 843 igitur
1391 773 1653 843 vigesima
1680 772 1872 841 quinta
1908 773 2087 829 Martii

506 864 714 927 mensis
744 865 916 921 mittit
942 866 1225 921 Romanus
1256 866 1522 921 Joannem
1563 866 1946 936 presbyterum
1985 866 2087 921 do-

506 958 797 1016 mesticum
823 972 984 1029 suum
1014 957 1379 1027 eumdemque
1416 956 1889 1016 ﬁdelissimum.et
1910 956 2089 1011 Theo-

508 1052 707 1106 dorum
768 1051 1097 1109 Mastzucem
1141 1057 1517 1119 nuncupatum
1564 1049 1618 1103 in
1660 1049 1946 1118 palatium,
1992 1048 2085 1117 qui

507 1146 628 1215 ejus
660 1160 882 1199 causam
907 1145 1076 1216 886
1102 1150 1330 1214 agerent
1355 1158 1418 1196 ac
1443 1151 1773 1198 excusarent
1796 1181 1810 1202 .
1857 1140 1989 1196 nihil
2018 1141 2088 1195 ad

507 1237 845 1292 rebellionem
878 1246 1117 1307 spectare
1170 1235 1309 1306 quod
1355 1236 1419 1290 ab
1461 1250 1520 1288 eo
1554 1234 1753 1302 factum
1796 1242 1946 1298 erat,
1998 1233 2088 1287 sed

2191 509 2431 576 ἐγένετο,
2463 506 2601 563 ὥστε
2635 505 2730 559 καὶ
2768 503 3006 575 γαμικὸν
3062 502 3416 574 συνάλλαγμα
3439 506 3776 575 ποιήσασθαι

2194 597 2606 667 συνεφώνησαν,
2652 596 2816 649 πλέον
2859 596 2923 648 ὲκ
2955 594 3145 649 τούτου
3181 596 3274 649 τὸν
3314 596 3413 667 τῆς
3444 596 3673 669 ἀγάπης
3694 600 3777 652 δε.

2193 692 2332 762 σμὸν
2368 689 2814 759 ἑπισφίγγοντες.

2263 784 2361 838 κε’.
2388 786 2469 855 Τῇ
2503 785 2721 852 είκοστῇ
2755 781 2991 852 τετάρτῃ
3036 776 3131 835 οὖν
3179 780 3275 835 τοῦ
3320 780 3570 849 Μαρτίου
3610 783 3778 851 μηνὸς

2190 878 2512 934 ἀποστέλλει
2550 877 2831 948 Ῥωμανὺς
2873 862 3130 947 Ἰωάννην
3150 876 3543 948 πρεσϐύτερον,
3577 879 3779 932 οἰκεῖον

2191 970 2343 1041 αὐτῷ
2383 972 2479 1025 καὶ
2523 972 2847 1025 πιστότατον
2895 971 3046 1035 ὄντα,
3090 972 3185 1025 καὶ
3229 971 3506 1041 Θεόδωρον
3536 971 3631 1025 τὸν
3659 972 3781 1025 Μα-

2192 1062 2443 1129 στζούσιν
2470 1063 2766 1132 λεγόμενον
2797 1065 2875 1126 είς
2897 1062 2957 1116 τὸ
2992 1062 3256 1117 παλάτιον
3296 1063 3779 1133 ὑπεραπολογησο-

2194 1156 2407 1225 μένους,
2431 1156 2508 1217 ὡς
2539 1157 2662 1209 Οὐκ
2718 1155 3017 1221 ἁνταρσία
3074 1154 3285 1223 γέγονε
3343 1155 3409 1206 τὸ
3453 1154 3588 1221 παρ’
3643 1154 3775 1222 ἐμοι

2188 1236 2559 1313 διαπραχθένδ
2585 1261 2598 1274 ·
2631 1244 2793 1299 ἀλλὰ
2810 1245 2926 1313 τὴν
2954 1245 3061 1299 τοῦ
3091 1243 3267 1300 Φωκᾶ
3300 1244 3581 1299 ἐπίθεσιν
3627 1248 3777 1313 135:0-

504 1345 669 1382 unum
699 1328 795 1381 hoc
828 1329 1073 1392 veritum,
1112 1325 1301 1380 Phoce:
1346 1322 1643 1389 molimina,
1688 1340 1750 1378 ac
1775 1331 2085 1378 metuentem

2201 1338 2471 1408 οὼμενος,
2499 1337 2599 1392 καί
2626 1336 2837 1401 δεδιὼς
2851 1336 2938 1405 μή
2960 1350 3014 1390 τι
3039 1334 3408 1405 νεωτερισθῇ
3435 1335 3777 1404 παράὐτοῦ

507 1436 571 1473 ne
621 1419 713 1473 ille
747 1421 892 1475 novis
934 1420 1085 1474 rebus
1127 1419 1375 1473 adversus
1422 1420 1797 1489 imperatorem
1830 1416 2083 1480 studeret,

506 1529 622 1566 eam
676 1514 737 1566 ob
800 1530 910 1566 rem
976 1515 1031 1566 in
1086 1514 1324 1566 animant
1384 1512 1652 1567 induxisse
1700 1512 1854 1581 idque
1880 1510 2087 1564 consilii

505 1604 723 1672 cepisse,
777 1614 835 1658 ut
882 1606 935 1658 in
991 1606 1212 1675 regiam,
1270 1604 1580 1675 imperatori
1636 1612 1807 1658 custos
1854 1603 2083 1671 futurus,

2189 1432 2275 1497 εἷς
2296 1431 2405 1484 τὸν
2427 1428 2714 1495 βασιλέα,
2747 1429 2965 1483 τούτου
2995 1426 3210 1481 ἕνεκεν
3261 1426 3550 1482 ἀνελθεῖν
3587 1428 3658 1480 ἐν
3702 1426 3775 1493 τῷ

2190 1522 2463 1589 nudatio)
2492 1522 2900 1592 βεϐούλευμαι
2957 1519 3059 1574 καί
3102 1518 3219 1586 τὴν
3263 1518 3565 1593 φυλακὴν
3588 1517 3771 1571 ποιεῖ-

2190 1620 2331 1670 σθαι
2352 1614 2457 1669 τοῦ
2470 1613 2795 1681 βασιλέως.
2817 1612 2909 1684 Μὴ
2927 1610 3373 1673 συνευδοκοῦντος
3390 1610 3485 1664 οὖν
3504 1608 3770 1663 Νικολάου

470 1698 476 1706 ‘
508 1694 833 1748 ascenderet.
876 1694 996 1749 Non
1027 1695 1368 1765 approbante
1400 1693 1621 1749 Nicolao
1647 1693 1959 1763 patriarcha
1992 1700 2089 1747 aut

2201 1708 2284 1761 τοῦ
2336 1707 2678 1779 πατριάρχου
2747 1705 2981 1770 τούτοις,
3024 1703 3275 1775 ἐμηνύθη
3320 1702 3593 1773 Ῥωμανῷ
3629 1702 3775 1773 παρὰ

509 1784 867 1849 assentiente,
914 1784 961 1840 is
995 1752 1161 1854 quem
1208 1783 1460 1838 dicebam
1510 1752 1837 1852 paedagogus
1868 1780 2090 1837 mandat

2201 1799 2286 1854 τοῦ
2350 1752 2615 1871 ῥηθέντιοέ
2663 1752 3019 1866 παιδαγωγοῦ
3057 1752 3163 1849 ζύῦ
3207 1752 3383 1848 ὲλβεῖν
3418 1752 3774 1865 piatis-:61;

509 1873 760 1929 Romano
787 1882 848 1928 ut
868 1890 1007 1929 cum-
1025 1874 1174 1928 omni
1206 1874 1380 1929 classe
1402 1873 1469 1927 ad
1495 1873 1863 1928 Bucoleonem
1884 1873 2087 1928 veniat.

509 1963 589 2023 Re
618 1964 801 2035 itaque
824 1980 949 2019 cum
973 1965 1089 2020 suis
1111 1963 1415 2019 deliberata
1441 1963 1586 2032 (nam
1611 1963 1842 2034 urgebat
1870 1962 2089 2033 fatum),

512 2050 634 2118 ipso
690 2051 1189 2107 intemeratissimte
1230 2051 1469 2122 Virginis
1517 2068 1581 2105 ac
1633 2052 1731 2107 Dei
1795 2052 2091 2109 Genitricis

512 2141 745 2195 solemni
792 2143 1242 2201 Annuntiationis
1296 2142 1406 2208 die,
1472 2142 1608 2197 feria
1660 2144 1872 2212 quinta,
1925 2160 2088 2198 manu

514 2242 725 2288 armata
757 2247 882 2287 cum
906 2234 1056 2289 omni
1079 2235 1254 2289 classe
1290 2234 1356 2288 ad
1382 2233 1751 2288 Bucoleonem
1781 2235 1953 2300 venit,
1982 2244 2092 2290 sta.-

514 2324 724 2394 timque
755 2326 1016 2397 magister
1042 2325 1355 2396 Stephanus
1380 2342 1409 2381 e
1448 2325 1652 2394 palatio
1687 2327 1943 2381 excessit.
1991 2327 2090 2381 Ni-

513 2423 663 2471 cetas
686 2431 817 2471 vero
843 2417 1129 2487 patricius,
1162 2417 1394 2472 Romani
1424 2411 1710 2481 conso‘cer,
1740 2416 1796 2470 in
1828 2419 2090 2487 palatium

513 2506 816 2561 ascendens
865 2506 1150 2563 Nicolaum
1215 2508 1579 2579 patriarcham
1645 2508 1774 2563 inde
1806 2510 2089 2563 exstrusit.

513 2598 834 2653 Aulicorum
888 2600 1057 2671 igitur
1101 2601 1300 2655 animis
1326 2600 1557 2656 Romani
1602 2601 1965 2673 jurejurando
1997 2601 2091 2655 ﬁr-

514 2685 699 2752 matis,
741 2687 1040 2759 pretiosam
1076 2687 1144 2743 ad
1180 2702 1304 2743 eum
1352 2703 1572 2744 crucem
1635 2689 1870 2743 misere:
1925 2705 2089 2759 quam

515 2776 607 2831 ille
657 2785 970 2845 veneratus,
1016 2778 1329 2848 iterumque
1370 2791 1719 2837 sacramento
1763 2781 2091 2850 interposito

515 2870 678 2924 ﬁdem
729 2870 1098 2941 obstringens,
1151 2887 1275 2927 cum
1335 2872 1416 2928 eis
1467 2873 1767 2943 paucisque
1826 2873 2090 2928 comitum

516 2964 905 3033 imperatorem
939 2965 1275 3018 salutaturus
1307 2965 1360 3018 in
1384 2966 1647 3035 palatium
1678 2966 1946 3020 ascendit.
1996 2965 2089 3019 ln-

2196 1893 2398 1955 παντὸς
2430 1892 2590 1962 μέχρι
2638 1890 2733 1944 τοῦ
2787 1886 3199 1951 Βουκολὲοντος.
3240 1888 3340 1949 Ὃς
3373 1887 3509 1956 μετὰ
3533 1885 3616 1957 [Ρ.
3648 1884 3774 1955 572]

2193 1981 2304 2035 τῶν
2331 1982 2427 2035 σὺν
2458 1979 2607 2050 αύτῷ
2636 1978 3069 2050 βουλευσάμενος
3108 1974 3189 2043 (τὸ
3218 1974 3329 2045 γὰρ
3356 1975 3484 2042 ἆγον
3509 1969 3646 2043 ἦγεν
3674 1973 3775 2025 αύ-

2192 2076 2306 2143 τὸν)
2338 2077 2404 2145 τῇ
2456 2073 2640 2145 ἡμέρᾳ
2696 2071 2789 2126 τοῦ
2843 2066 3264 2140 Εὐαγγελισμοῦ
3316 2067 3414 2136 τῆς
3466 2064 3773 2136 ὑπεραγίας

2194 2166 2459 2222 Θεοτόκου
2489 2164 2550 2236 (ε’
2596 2166 2656 2219 δὲ
2713 2159 2803 2235 ἦν)
2861 2158 3024 2233 ἦλθεν
3069 2160 3297 2222 ἔνοπλος
3334 2160 3451 2228 ἅμα
3480 2157 3560 2226 τῷ
3605 2156 3777 2227 στόλῳ

2195 2260 2358 2314 παντὶ
2398 2260 2455 2312 ὲν
2493 2258 2576 2329 τῷ
2609 2256 2980 2311 Βουκολέοντι.
3034 2254 3147 2307 Καὶ
3197 2252 3449 2323 παρευθὺ
3506 2251 3779 2320 Στέφανος

2198 2351 2299 2421 μὲν
2355 2351 2658 2419 μάγιστρος
2711 2346 2904 2417 ὲξῆλθε
2930 2344 3023 2401 τοῦ
3068 2342 3359 2408 παλατίου,
3394 2342 3651 2411 Νικήτας
3676 2340 3732 2392 δὲ
3754 2341 3780 2391 ὁ

2195 2442 2484 2514 πατρίκιος
2514 2442 2542 2495 ὀ
2568 2438 2944 2510 συμπένθερος
2990 2436 3277 2506 Ῥωμανοῦ
3317 2433 3564 2487 ἀνελθὼν
3624 2434 3683 2485 ὲν
3709 2431 3778 2501 τῷ

2196 2534 2445 2605 παλατίῳ
2473 2533 2743 2602 ἐξήγαγεν
2779 2528 2989 2583 ἐκεῖθεν
3003 2526 3271 2583 Νικόλαον
3292 2525 3384 2580 τὶν
3411 2523 3778 2595 πατριάρχην.

2196 2631 2425 2700 Ὅρκοις
2475 2621 2569 2681 οὖν
2627 2622 3022 2693 βεϐαιωθέντες
3073 2621 3123 2675 οἱ
3171 2616 3582 2703 τοῦξπαλατιου
3637 2612 3782 2700 πορθ

2206 2718 2488 2790 Ῥωμανοῦ
2537 2717 2870 2772 ἀπέστειλαν
2904 2712 3054 2783 αύτῷ
3111 2711 3204 2765 τὸν
3267 2710 3454 2779 τίμιον
3516 2704 3783 2776 σταυρόν·

2195 2814 2292 2869 καὶ
2332 2810 2717 2883 προσκυνήσας
2777 2807 2941 2860 αὑτὸν
2986 2806 3081 2858 καὶ
3123 2805 3307 2871 ὅρκοις
3342 2799 3654 2872 βεϐαιώσας
3689 2798 3784 2851 αὐ·

2192 2905 2321 2968 τοὺς
2354 2902 2554 2972 ἀνῆλθε
2582 2903 2701 2971 μετ’
2730 2899 2912 2955 αὐτῶν
2950 2899 3007 2951 ἒν
3037 2896 3114 2967 τῷ
3158 2894 3408 2964 παλατίῳ
3456 2890 3558 2946 καὶ
3591 2890 3786 2957 ὀλίγων

2194 2998 2376 3051 τινῶν.
2410 2992 2803 3066 Προσκυνήσας
2837 2991 2929 3044 τὸν
2979 2988 3203 3062 βασιλέα
3233 2989 3329 3041 καὶ
3371 2982 3641 3039 εἰσελθὼν
3671 2980 3786 3051 μετ’

514 3071 843 3126 gressusque
885 3071 1010 3111 cum
1060 3071 1127 3111 eo
1181 3055 1235 3110 in
1284 3057 1548 3126 templum
1605 3057 1750 3126 quod
1806 3057 1859 3110 in
1912 3057 2090 3111 Pharo

2201 3088 2361 3142 αὑτοῦ
2401 3055 2476 3139 ὲν.
2492 3085 2569 3156 τῷ
2601 3055 2714 3154 ναίζ)
2746 3055 2824 3152 τῷ
2862 3084 2920 3137 ὲν
2955 3055 3223 3152 ’τῷ-φύρῳ
3280 3079 3350 3141 ³⁸,
3408 3075 3505 3130 καὶ
3572 3074 3788 3135 πίστεις

511 3155 618 3211 est,
673 3146 913 3217 dataque
963 3148 1040 3203 ibi
1075 3158 1132 3203 et
1164 3156 1389 3217 accepta
1420 3150 1735 3204 securitatis
1778 3149 1905 3214 ﬁde,
1956 3164 2089 3204 con—

517 3236 697 3291 festim
748 3238 1010 3309 magister
1059 3247 1116 3292 et
1164 3254 1394 3310 magnus
1448 3240 1807 3295 hetaeriarcha
1855 3241 1925 3295 ab
1972 3242 2091 3312 ipso

516 3326 836 3398 przeﬁcitur.

584 3421 674 3474 26.
726 3420 848 3476 Mox
885 3422 1070 3492 itaque
1104 3422 1271 3476 missa
1305 3423 1371 3477 ad
1404 3421 1645 3477 Leonem
1673 3422 1910 3478 Phocam
1941 3422 2094 3476 diva-

515 3513 583 3568 lis
617 3511 814 3583 jussio,
856 3529 964 3582 qua
996 3512 1042 3566 is
1069 3511 1219 3564 omni
1247 3508 1549 3566 conﬂandae
1596 3513 1885 3567 seditionis
1923 3514 2092 3567 misso

514 3605 798 3673 proposito
850 3603 1122 3671 tantisper
1158 3602 1308 3655 domi
1343 3601 1629 3670 quiescere
1676 3603 2088 3673 praeciperetur.

514 3693 910 3749 Constantinus
957 3707 1175 3762 quoque
1233 3692 1287 3746 in
1338 3692 1590 3747 eamdem
1642 3694 1835 3748 scribit
1872 3705 2094 3749 senten-

516 3784 686 3845 tiam,
716 3790 771 3836 et
799 3789 858 3835 ut
885 3781 1021 3836 nihil
1060 3781 1227 3853 887
1260 3782 1313 3836 in
1332 3781 1620 3837 adversum
1653 3782 1911 3837 moliatur
1931 3823 1946 3847 ,
1996 3783 2092 3838 sed

517 3874 573 3927 in
594 3872 941 3928 Constantini
973 3859 1322 3940 imperatoris
1362 3873 1707 3943 subjectionc
1753 3883 2089 3943 perseveret.

519 3966 788 4035 Acceptas
829 3980 1013 4020 sacras
1062 3965 1403 4035 imperatorii
1454 3966 1700 4022 vestiarii
1748 3967 2095 4036 primicerius

518 4057 765 4113 Andreas
807 4056 877 4112 ad
919 4072 1047 4113 eum
1088 4058 1144 4112 in
1174 4057 1523 4128 Cappadocia
1576 4058 1797 4113 defert:
1853 4061 2094 4130 acceptis

516 4150 608 4205 ille
651 4166 715 4205 ac
745 4151 923 4217 lectis,
960 4149 1186 4206 domum
1222 4167 1281 4206 se
1322 4152 1616 4221 recipiens.
1659 4152 1858 4221 privati
1900 4153 2092 4208 habitu

514 4242 645 4314 egit.

2192 3179 2341 3250 αὐτῷ
2402 3178 2559 3242 δοὺς,
2636 3174 2883 3246 παρευθὺ
2944 3170 3349 3244 προχειρίζεται
3417 3168 3553 3238 παρ’
3621 3160 3788 3218 αὐτοῦ

2196 3269 2620 3365 μάγιστροςκκαὶ
2654 3268 2831 3338 μέγας
2858 3264 3260 3337 ὲταιρειάρχης.

2267 3440 2381 3509 κς¹.
2413 3440 2624 3494 Αὐτίκα
2652 3433 2745 3493 οὗν
2768 3438 2961 3507 γέγονε
2996 3435 3113 3489 Θεία
3137 3434 3386 3497 κέλευσις
3417 3432 3558 3503 πρὸς
3577 3430 3793 3485 Λέοντα

2194 3537 2284 3589 τὸν
2344 3536 2537 3587 Φωκᾶν
2592 3531 3034 3603 παρεγγυωμένη
3097 3527 3363 3599 μηδαμῶς
3419 3524 3610 3579 στάσιν
3664 3521 3795 3574 τινὶ

2194 3627 2468 3695 ἐννοῆσαι,
2502 3624 2639 3679 ἀλλὰ
2675 3623 2811 3694 πρὸς
2852 3623 3032 3692 ὀλίγον
3073 3624 3130 3675 ὲν
3194 3620 3273 3690 τῷ
3315 3617 3427 3687 ἰδίῳ
3472 3614 3612 3685 οἴκῳ
3659 3615 3795 3667 ἁνα-

2195 3716 2486 3771 παύεσοαι.
2523 3714 2799 3778 Ὡσαύτως
2825 3715 2920 3768 καὶ
2949 3714 3253 3785 γράμματα
3282 3708 3583 3778 ἐκελεύσθη
3624 3708 3793 3773 Κων-

2196 3810 2459 3881 σταντίνῳ
2518 3808 3004 3879 παρακοιμωμένῳ
3060 3803 3385 3877 γράψαιπὰ
3419 3802 3588 3870 ὃμοια
3635 3796 3794 3869 αὐτῷ

2198 3902 2670 3976 παραγγέλλοντα,
2712 3899 2807 3955 τοῦ
2854 3900 3022 3972 μηδὲν
3084 3896 3329 3952 ἐναντίον
3359 3891 3793 3962 βουλεύσασθαι,

2196 3999 2311 4053 ἀλλ’
2344 4000 2401 4053 ἐν
2433 3997 2682 4066 ὑποταγῇ
2722 3991 2861 4051 εἶναι
2905 3993 2999 4047 τοῦ
3030 3991 3295 4063 βασιλέως
3338 3983 3792 4041 Κωνσταντίνου.

2210 4089 2637 4160 ’Δναλαϐόμενος
2664 4083 2757 4140 οἶν
2799 4086 2972 4139 ταῦτα
3006 4083 3261 4155 ’Δνδρέας
3289 4082 3654 4151 πριμικὴριος
3697 4074 3794 4131 τοῦ

2201 4182 2483 4254 βασιλικοῦ
2546 4179 2856 4250 βεστιαρίου
2913 4177 3253 4247 ἀπεκόμισεν
3303 4172 3455 4244 αὐτῷ
3499 4169 3686 4224 ταῦτα
3738 4171 3795 4221 ὲν

2198 4272 2566 4343 Καππαδοκία
2635 4271 2776 4323 ὄντι·
2845 4270 2943 4323 καὶ
2993 4268 3391 4338 ἀναδεξάμενος
3447 4262 3623 4318 ταῦτα
3695 4262 3794 4315 καὶ

2201 4369 2487 4437 ἀναγνοὺς,
2520 4364 2769 4420 ἀπελθὼν
2800 4366 2855 4419 ἐν
2885 4365 2960 4436 τῷ
2996 4364 3112 4435 ίδίῳ
3140 4363 3275 4434 οἴκῳ
3302 4361 3600 4430 ἡσύχασεν.

586 4438 676 4492 27.
723 4436 924 4503 Quinta
978 4444 1293 4491 sanctorum
1355 4435 1688 4505 jejuniorum
1747 4436 2090 4492 hebdomade

2278 4435 2378 4524 κζ’.
2409 4457 2488 4529 Τῇ
2521 4455 2770 4527 ὲίδομὰδι
2798 4461 2837 4507 ε’
2858 4456 2903 4488 ⁸ο
2933 4435 3040 4508 τῶν
3075 4454 3246 4521 ἁγίων
3271 4450 3554 4522 Νηστειῶν
3585 4448 3800 4501 δίδοται

516 4531 680 4585 datur
735 4546 765 4585 a
799 4528 1162 4585 Constantino
1211 4528 1541 4597 imperatore
1594 4528 1811 4583 Helenae
1859 4530 2092 4585 Romani

521 4623 646 4677 ﬁliai
696 4630 1016 4676 contractus
1062 4618 1326 4688 nuptialis
1358 4619 1633 4684 arrhabo;
1687 4620 1959 4690 tertiaque
1995 4622 2097 4675 Pa-

519 4718 666 4773 scha:
700 4717 884 4786 (quam
905 4713 1181 4770 Galilaeam
1213 4713 1435 4783 vocant)
1474 4712 1860 4768 benedictione
1893 4713 2095 4782 impar-

519 4810 677 4873 titur,
701 4821 921 4877 unaque
954 4821 1078 4861 cum
1116 4805 1207 4860 illa
1234 4819 1263 4858 a
1295 4805 1519 4860 Nicolao
1541 4805 1850 4875 patriarcha
1875 4806 2099 4860 corollis

518 4899 861 4972 nuptialibus
889 4897 1204 4953 redimitur.

584 4993 678 5048 28.
722 4990 970 5045 Romano
1015 4990 1072 5043 in
1132 4990 1486 5059 imperatoris
1542 4998 1755 5061 patrem
1806 5002 2091 5061 provecto,

518 5088 638 5158 ejus
659 5085 781 5141 loco
802 5083 1265 5153 Cbristophorum
1301 5082 1474 5151 ipsius
1498 5083 1667 5137 {ilium
1699 5084 2091 5142 foederatorum

518 5179 718 5235 turmis
743 5176 993 5249 prmﬁcit.
1034 5176 1147 5232 Nec
1192 5174 1426 5231 multum
1476 5176 1738 5246 temporis
1764 5177 2094 5235 intercesse-

520 5282 622 5338 rat,
652 5286 777 5328 cum
814 5270 926 5328 Leo
959 5270 1173 5325 Phocas
1199 5267 1564 5340 quorumdam
1582 5284 1873 5338 procerum
1904 5288 1966 5327 ac
1994 5273 2095 5327 tri-

520 5363 795 5420 bunorum
829 5380 997 5420 suasu
1035 5364 1518 5436 subjectarumque
1552 5362 1600 5416 ei
1639 5362 1917 5434 legionum
1965 5366 2094 5419 hor-

520 5461 636 5509 tatu
668 5472 758 5511 res
786 5471 957 5513 novas
984 5458 1209 5512 molitur
1235 5474 1250 5524 ;
1291 5454 1579 5524 accitoque
1603 5454 1966 5512 Constantino
2000 5475 2092 5513 ac-

522 5545 812 5611 cubitore,
865 5558 922 5603 et
969 5548 1331 5605 Constantino
1377 5558 1433 5603 et
1471 5549 1759 5604 Anastasio
1814 5550 2095 5626 Gongyliis

2200 4550 2457 4624 ἀρραϐὼν
2486 4549 2743 4620 γαμικῶν
2800 4547 3264 4617 συναλλαγμάτων
3308 4544 3461 4613 παρὰ
3492 4543 3800 4595 Κωνστανο

2202 4644 2352 4698 τίνου
2407 4642 2669 4714 βασιλέως
2712 4640 2903 4713 Ἑλένῃ
2942 4642 3009 4706 τῇ
3069 4637 3299 4708 θυγατρὶ
3344 4634 3660 4703 Ῥωμανοῦ,
3700 4633 3797 4685 καὶ

2203 4736 2269 4803 τῇ
2293 4734 2453 4804 τρίτῃ
2514 4732 2607 4787 τοῦ
2663 4733 2855 4801 Πάσχα
2899 4734 2964 4801 τῇ
3012 4728 3281 4799 λεγομένῃ
3341 4728 3441 4796 τῆς
3492 4723 3797 4787 Γαλιλαίας

2204 4826 2511 4894 εὐλογεῖται
2562 4824 2657 4876 καὶ
2698 4820 3060 4893 στεφανοῦται
3110 4821 3229 4891 ἅμα
3258 4819 3395 4890 αὐτῇ
3428 4816 3584 4888 παρὰ
3620 4816 3793 4869 Νικο-

2207 4917 2337 4971 λάου
2366 4915 2730 4986 πατριάρχου.

2280 5006 2387 5079 κη’.
2437 5006 2719 5077 Ῥωμανὸν
2766 5005 3201 5077 βασιλεοττάτορα
3258 5001 3787 5075 προχειρισάμενος,

2204 5102 2320 5160 ἀντ’
2373 5100 2540 5154 αὐτοῦ
2587 5098 2964 5171 Χριστοφόρον
3014 5099 3126 5151 υἱὸν
3172 5096 3339 5151 αὐτοῦ
3398 5092 3789 5163 ὲταιρειάρχην

2207 5193 2566 5263 κατέστησεν.
2602 5193 2736 5246 Μετ’
2782 5194 2843 5247 οὐ
2872 5191 3007 5245 πολὺ
3039 5191 3094 5243 δὲ
3115 5190 3269 5243 Λέων
3298 5190 3325 5242 ὁ
3348 5188 3547 5247 Φωκᾶς
3572 5186 3787 5251 timur,-

2205 5286 2320 5348 Οεὶς
2356 5283 2507 5353 παρά
2533 5281 2594 5335 τέ
2618 5299 2778 5335 τινων
2805 5282 3082 5353 ἀρχόντων
3112 5281 3204 5334 καλ⁵
3229 5280 3337 5332 τῶν
3370 5276 3537 5332 αὑτοῦ
3574 5270 3789 5342 ταγμάο

2202 5394 2309 5430 των
2332 5375 2466 5446 πρὸς
2493 5375 2794 5447 ἁνταρσίαν
2828 5378 3090 5429 κινεῖται·
3123 5375 3216 5428 καὶ
3237 5372 3570 5428 ἀποστείλας
3599 5364 3782 5421 avehi.

2205 5468 2330 5521 δετο
2352 5464 2492 5520 εἶναι
2524 5467 2621 5520 σὺν
2680 5466 2832 5537 αὑτῷ
2861 5466 2952 5519 τόν
2998 5484 3058 5519 τε
3106 5462 3604 5534 παρακοιμώμενον
3634 5458 3773 5510 Κων-

2207 5562 2485 5613 σταντῖνον
2539 5559 2635 5614 καὶ
2670 5560 3084 5614 Κωνσταντίνον
3131 5556 3227 5610 καὶ
3268 5554 3622 5609 ’Λναστὰσιον
3648 5549 3751 5612 Γσγ

1855 5645 2087 5704 γΑιιιΑε
2136 5647 2542 5706 LECTIUNES.

630 5729 672 5759 ²⁹
710 5728 871 5796 Φάρῳ
913 5743 1096 5797 margo
1130 5732 1189 5787 Ρ.
1278 5730 1323 5763 ⁸ο
1351 5734 1428 5803 Τῇ
1450 5733 1488 5785 ε’
1520 5705 1813 5803 ἑϐδομαδα
