3996 6208
256 256 345 324 ιιι

1345 248 1537 310 νιΤΑῑ
1576 243 2135 308 RECENTIORUM
2181 243 2398 304 ΙΜΡΡ.

3393 251 3498 315 950

262 371 458 443 γυλίους
480 371 608 434 τοὺς
627 369 994 438 αὗταδὲλφους
1025 366 1119 420 καὶ
1147 365 1551 420 Κωνσταντίνον
1580 378 1805 435 πρωτα-

1933 358 2198 432 germanis
2221 357 2514 425 fratribus,
2538 373 2642 415 nec
2666 372 2777 416 non
2809 357 3173 414 Constantino
3209 376 3240 414 a
3275 376 3507 422 secretis

256 463 510 535 ηκρῆτις
547 463 640 518 τὸν
694 461 992 526 Μαλελιαν,
1045 457 1407 531 πληροφορῶν
1435 457 1678 520 ἅπαντας
1721 455 1816 509 καὶ

252 555 476 627 βεϐαιῶν
505 557 583 620 ὡς
615 557 757 626 ὑπερ
803 554 899 609 τοῦ
952 551 1245 626 βασιλέωςσ
1259 549 1680 606 Κωνσταντίνου
1716 549 1815 618 τὴν

252 646 498 718 τοιαύτην
524 648 762 700 ποιεῖται
818 645 1162 717 συγκῐνησιν.
1198 643 1478 713 Ῥωμανὸς
1511 641 1568 695 ὁὶ
1599 645 1628 696 6
1659 642 1815 712 βασι-

249 737 522 811 λεοπάτωρ
541 737 939 810 χρυσοϐούλλια
979 739 1214 808 ποιήσας
1263 735 1625 806 ὲνυπόγραφα
1657 735 1732 798 ὡς
1753 735 1816 788 ὲκ

251 829 530 902 προσώπου
556 829 653 885 τοῦ
690 830 954 901 βασιλέως
980 827 1417 892 Κωνσταντίνου,
1442 827 1541 897 τῆς
1561 825 1817 897 τοιαύτης

249 922 530 994 ὲπιϐουλῆς
594 922 914 994 ἀνατροπὴν
965 920 1313 992 περιέχοντα,
1373 918 1469 973 καὶ
1512 918 1591 982 ὡς
1639 919 1688 971 οἱ
1724 917 1816 972 τὸν

250 1017 427 1070 Οωκᾶν
455 1017 988 1087 καταλιμπάνοντες,
1008 1014 1084 1085 τῷ
1108 1012 1318 1083 βασιλεῖ
1345 1012 1404 1066 δὲ
1438 1009 1816 1082 προσφεύγον-

248 1124 328 1170 τες
353 1105 437 1181 [Ρ.
471 1103 600 1179 575]
652 1107 794 1178 ὑπὲρ
848 1106 942 1160 τοῦ
1000 1105 1259 1175 βασιλέως
1304 1104 1474 1168 εἰσιν,
1497 1102 1621 1167 δοὺς
1650 1104 1819 1176 Ἀννῃ

245 1195 344 1247 τινὶ
396 1195 623 1262 γυναικὶ⁵
678 1193 886 1248 ἀναιδεῖ
923 1193 1014 1248 καὶ
1044 1191 1273 1264 θρασείᾳ
1316 1192 1409 1245 καὶ
1435 1189 1684 1261 κληρικῷ
1710 1206 1819 1241 τινι

243 1285 451 1357 Μιχαὴλ
482 1287 542 1339 έν
571 1284 650 1356 τῷ
700 1284 864 1339 αὑτοῦ
913 1284 1264 1354 στρατοπέδῳ
1299 1280 1626 1352 ἐξέπεμψεν.
1664 1281 1727 1334 Οἱ
1762 1278 1819 1332 δὲ

243 1376 406 1431 ταῦτα
451 1376 850 1446 ἀναλαϐόμενοι
897 1375 1214 1446 διέσπειραν
1261 1374 1424 1428 παντὶ⁸
1472 1372 1550 1442 τῷ
1583 1370 1819 1442 στρατῷ.

242 1469 345 1524 Καὶ
393 1471 423 1524 6
479 1468 579 1540 μὲν
635 1467 857 1540 Μιχαὴλ
886 1467 1163 1538 φωραθεὶς
1202 1465 1354 1537 παρὰ
1383 1465 1477 1519 τοῦ
1535 1465 1699 1518 Φωκᾶ
1729 1463 1822 1517 καὶ

244 1560 480 1631 ἀνηλεῶς
511 1558 738 1629 τυφθεὶς
764 1561 864 1631 τήν
890 1577 950 1613 τε
983 1561 1104 1630 ῥῖνα
1132 1559 1225 1613 καὶ
1254 1558 1322 1613 τὰ
1343 1549 1456 1613 ὦτα
1481 1555 1775 1628 ἀπετμήθη
1803 1570 1818 1588 ο

241 1652 295 1717 δς
321 1651 458 1724 μετά
487 1650 658 1706 ταῦτα
675 1652 824 1723 παρά
840 1649 1125 1723 Ῥωμανοῦ
1144 1652 1241 1722 τῆς
1276 1651 1662 1724 προσηκούσης
1696 1650 1817 1702 ἐτυ-

1920 451 2101 523 primo
2159 450 2450 507 Maleliano
2481 489 2498 516 ,
2545 450 2766 506 cunctis
2813 450 3148 521 persuadere
3203 452 3400 508 nititur
3447 458 3503 511 in

1919 543 2149 615 gratiam
2185 541 2535 599 Constantini
2587 542 2938 613 imperatoris
2955 558 3081 600 eam
3121 558 3180 598 se
3205 545 3504 601 motionem

1919 635 2123 690 facere.
2197 635 2480 690 Romanus
2536 649 2671 691 vero
2732 635 3088 704 imperatoris
3135 645 3294 707 pater
3339 638 3508 694 bullis

1916 727 2105 784 aureis
2138 742 2202 783 ac
2253 727 2573 798 diplomatis
2619 727 3030 799 subscriptione
3062 729 3312 796 munitis,
3349 731 3507 800 quasi

1918 834 1987 875 ex
2034 819 2385 876 Constantini
2431 819 2785 890 imperatoris
2840 836 3077 891 persona
3105 861 3120 886 ,
3184 820 3392 891 quibus
3442 834 3509 874 ea

1920 913 2138 970 molitio
2181 913 2564 980 evertebatur,
2609 927 2818 982 eosque
2863 915 2958 985 qui
2999 915 3178 970 Phoca
3219 915 3415 970 relicto
3438 913 3506 970 ad

1919 1003 2312 1074 imperatorem
2374 1003 2743 1074 confugerent
2807 1005 2876 1060 ab
2924 1007 3096 1076 888
3158 1007 3506 1078 imperatoris

1919 1106 2065 1151 stare
2088 1097 2339 1166 partibus
2363 1096 2798 1168 significabatur,
2838 1097 3024 1164 editis,
3070 1099 3354 1169 Annaeque
3383 1101 3506 1155 cui-

1921 1186 2045 1242 dam
2072 1186 2294 1242 θαι-οι]ιί
2323 1186 2543 1242 mulieri
2570 1203 2634 1243 ac
2669 1188 2999 1252 temerariae,
3033 1204 3135 1243 nec
3163 1204 3274 1243 non
3305 1190 3508 1246 clerico

1920 1278 2138 1334 cuidam
2164 1279 2416 1336 Michaeli
2441 1280 2668 1335 nomine
2698 1279 3047 1345 contraditis,
3082 1279 3136 1334 in
3179 1281 3384 1336 Leonis
3416 1297 3508 1335 ca-

1921 1378 2036 1424 stra
2082 1369 2288 1426 emisit.
2343 1369 2411 1426 lli
2454 1381 2679 1441 accepta
2731 1371 3032 1442 diplomata
3069 1370 3125 1425 in
3153 1385 3370 1426 omnem
3401 1371 3507 1426 late

1922 1462 2227 1518 exercitum
2271 1462 2586 1519 clanculum
2627 1472 2970 1535 sparserunt.
3010 1464 3090 1518 Ac
3121 1463 3350 1522 Michael
3390 1463 3512 1533 qui-

1923 1550 2050 1606 dem
2103 1567 2136 1608 a
2192 1551 2376 1609 Phoca
2427 1553 2807 1624 deprehensus
2863 1553 3126 1624 durisque
3186 1553 3512 1621 verberibus

1924 1642 2208 1711 subactus,
2265 1661 2402 1702 naso
2447 1646 2789 1718 auribusque
2837 1647 3105 1703 multatus
3147 1655 3251 1704 est.
3306 1647 3509 1703 Verum

242 1765 328 1818 χεν
360 1744 596 1817 ἀμοιϐῆς
622 1761 635 1775 ·
690 1744 954 1809 ὡσαύτως
988 1743 1086 1798 καὶ
1135 1745 1169 1814 ἡ
1216 1745 1315 1798 σὺν
1357 1742 1511 1814 αὐτῷ
1562 1742 1818 1796 σταλεῖσα

1933 1735 1970 1790 is
2004 1744 2194 1806 postea
2235 1753 2265 1792 a
2293 1739 2545 1793 Romano
2595 1739 3014 1796 convenientem
3044 1739 3217 1794 vicem
3245 1753 3513 1796 consecu-

244 1841 397 1911 γυνή.

307 2033 409 2090 κθ’.
441 2033 662 2107 Πρῶτος
693 2029 788 2089 οὖν
815 2033 844 2086 6
878 2032 994 2098 υἱδς
1014 2030 1108 2086 τοῦ
1139 2030 1362 2105 Βαρέως
1391 2031 1616 2102 Μιχαὴλ
1655 2035 1814 2087 Κων-

244 2126 514 2187 σταντῖνος
561 2123 603 2156 ’⁵⁸
641 2120 965 2176 καταλιπὼν
1017 2123 1110 2176 τὸν
1178 2121 1376 2175 Φωκᾶν
1415 2120 1494 2192 τῷ
1552 2121 1816 2193 Ῥωμανῷ

242 2217 642 2289 προσέδραμεν,
671 2214 815 2291 ἀρχὴ
836 2211 1078 2282 γεγονὼς
1117 2211 1471 2274 καταλύσεως
1501 2212 1600 2282 τῆς
1631 2211 1817 2266 τοιαύ-

242 2325 340 2378 της
365 2305 660 2377 ἀνταρσίας
688 2305 785 2358 καὶ
843 2302 1181 2375 τυραννίδος.
1226 2303 1332 2356 Σὺν
1388 2301 1539 2373 αύτῷ
1566 2301 1622 2355 δὲ
1662 2302 1756 2356 καὶ
1791 2305 1820 2356 6

243 2397 534 2462 Βαλάντιος
580 2398 673 2452 καὶ⁴
702 2400 729 2450 6
761 2395 1058 2467 λεγόμενος
1093 2394 1438 2466 ’Δτζμωρος,
1480 2395 1819 2465 τουρμάρχοι

241 2491 390 2555 ὅντες
419 2490 738 2562 ἀμφότεροι.
769 2489 921 2544 Λέων
949 2487 1042 2544 οὖν
1071 2489 1100 2542 6
1127 2489 1322 2550 Φωκᾶς
1343 2485 1482 2558 μετά
1506 2487 1636 2540 λαοῦ
1667 2487 1820 2539 πλεί-

244 2600 366 2637 στου
395 2582 632 2654 ἰσχυρῶς
693 2579 1152 2650 καθωπλισμένου
1189 2580 1246 2631 ὲν
1278 2577 1622 2648 Χρυσοπόλει
1647 2594 1823 2631 κατα·-

242 2672 417 2727 λαϐὼν
467 2673 718 2743 διέστησε
773 2668 1113 2741 παρατάξεις
1137 2667 1244 2720 ἀπὸ
1276 2667 1376 2736 τῆς
1417 2664 1623 2736 λιθίνης
1645 2665 1821 2735 δαμά-

241 2765 375 2829 λεως
431 2764 595 2836 μέχρι
629 2763 997 2834 Χαλκηδόνος,
1043 2761 1173 2823 τοὺς
1212 2759 1270 2812 ὲν
1314 2759 1381 2830 τῇ
1427 2758 1580 2811 πόλει
1616 2758 1820 2828 φοϐῶν.

253 2848 664 2913 ’Δποστέλλεται
697 2852 794 2908 οὖν
845 2853 984 2924 μετά
1012 2853 1291 2926 δρόμωνος
1335 2850 1490 2921 παρά
1540 2850 1823 2922 Ῥωμανοῦ

241 2945 468 3018 Συμεὼν
513 2946 542 3000 6
589 2944 684 2998 τοῦ
737 2942 1074 3008 κανικλεὶου,
1115 2943 1274 3010 λόγον
1316 2941 1698 3012 ὲνυπόγραφον
1729 2942 1824 2996 τοῦ

242 3039 506 3111 βασιλέως
573 3035 991 3093 Κωνσταντινου
1041 3035 1436 3106 ἐπιφερόμενος
1475 3035 1609 3104 ,τάδε
1640 3035 1824 3103 διαγο-

245 3132 494 3204 ρεύοντα.

311 3263 380 3318 λ’.
417 3262 506 3327 Ὦς
556 3261 701 3332 Ἐγὼ
723 3261 968 3331 φύλακα
997 3256 1109 3327 τῆς
1132 3256 1282 3328 ἐμῆς
1309 3259 1635 3324 βασιλείας
1662 3257 1835 3328 ἐγρη-

240 3355 581 3424 γορώτατον
609 3351 707 3406 καὶ
749 3352 1165 3406 εὐνούστατον
1197 3349 1294 3403 καὶ
1327 3349 1694 3402 πιστότατον
1731 3348 1836 3402 οὐ·

238 3445 391 3500 δένα
408 3443 528 3499 τῶν
550 3446 668 3500 ὑπὸ
713 3444 882 3514 χεῷα
929 3444 967 3512 ἢ
1007 3441 1314 3511 Ῥωμανὸν
1339 3440 1612 3510 εὑρηκὼς
1649 3441 1835 3506 τούτῳ

237 3537 360 3607 τὴν
380 3537 536 3607 ἐμὴν
565 3536 855 3606 φυλακὴν
877 3537 1028 3604 μετὰ
1057 3536 1206 3589 Θεὸν
1232 3534 1699 3598 κατεπίστευσα,
1733 3532 1829 3589 καὶ

237 3629 377 3685 ἀντὶ
406 3629 628 3697 πατρὸς
656 3627 846 3681 αὐτὸν
871 3628 1039 3695 ἔχειν
1079 3627 1309 3694 ἔκρινα,
1360 3624 1688 3694 σπλάγχνα
1717 3639 1831 3676 πα-

238 3722 418 3792 τρικὰ
467 3720 565 3775 καὶ
605 3720 879 3775 διάθεσιν
922 3721 1175 3789 τονικὴν
1217 3717 1367 3785 πρὸς
1399 3717 1504 3787 ἐμὲ
1549 3716 1825 3781 ἐνδειεά-
1867 3761 1874 3767 .

231 3831 449 3886 μενον.
479 3814 708 3868 Λέοντα
746 3812 815 3864 δὲ
845 3811 1064 3866 τοῦτον
1109 3810 1213 3864 τὸν
1247 3809 1458 3864 Φωκιῑν
1482 3809 1574 3864 ἀεὶ
1612 3809 1688 3878 τῇ
1717 3808 1831 3878 ἐμῇ

229 3907 534 3975 βασιλείᾳ
586 3905 944 3963 ὑποπτεύων
991 3902 1409 3958 ἐπιϐουλεύειν
1476 3901 1594 3956 νῦν
1637 3902 1833 3971 ἔργοις

234 3999 454 4067 αὐτοῖς
497 3999 824 4054 ἐπίϐουλον
875 3997 1103 4064 εὕρηκα
1143 3994 1244 4049 καὶ
1300 3992 1410 4059 τῆς
1454 3991 1606 4061 ἐμῆς
1638 3992 1832 4062 ἀρχῆς

238 4089 618 4159 τυραννικῶς
643 4086 1139 4156 ἐξανιστάμενον.
1180 4083 1276 4136 Διὸ
1304 4083 1442 4136 οὔτε
1471 4081 1835 4152 δομέστικον

234 4178 438 4234 αὐτὸν
453 4176 568 4233 ἀπὸ
586 4176 694 4232 τοῦ
737 4176 854 4230 νῦν
875 4171 1029 4229 εἶναι
1061 4173 1384 4242 βούλομαι,
1433 4172 1573 4226 οὔτε
1599 4171 1668 4226 δὲ
1695 4174 1832 4226 ratio

237 4285 365 4336 την
389 4269 504 4338 τὴν
519 4268 852 4337 ἁνταρσίαν
861 4267 1013 4336 μετὰ
1036 4264 1279 4333 βουλῆς
1299 4263 1449 4334 ἐμῆς
1466 4263 1833 4334 πεπραχέναι

234 4361 423 4433 φημὶ,
449 4361 588 4416 ἀλλ’
619 4359 950 4428 αὐθαιρέτῳ
980 4357 1182 4430 γνώμῃ
1213 4357 1443 4423 ταύτην
1463 4354 1832 4426 ποιήσασθαι

1918 1835 2009 1883 tus
2041 1837 2164 1896 est;
2217 1830 2478 1887 similiter
2517 1846 2740 1901 quoque
2791 1847 2901 1885 una
2948 1846 3075 1886 cum
3101 1831 3196 1886 illo
3237 1830 3512 1886 submissa

1919 1920 2139 1976 mulier.

1989 2031 2080 2086 99.
2126 2033 2344 2090 Primus
2385 2035 2571 2104 itaque
2623 2035 3021 2091 Constantinus
3059 2035 3515 2108 Bary-Micbaelis

1919 2121 2083 2189 filius,
2109 2124 2302 2180 relicto
2323 2125 2505 2182 Phoca
2535 2125 2603 2182 ad
2635 2126 2946 2182 Romanum
2977 2127 3274 2191 transiens,
3298 2129 3514 2198 eiusce-

1918 2215 2066 2270 modi
2091 2215 2419 2273 defectionis
2455 2218 2830 2274 convellendas
2879 2235 2944 2274 ac
2981 2219 3299 2274 rebellionis
3329 2229 3518 2275 auctor

1920 2303 2042 2360 fuit.
2104 2305 2290 2362 Secuti
2344 2309 2510 2363 etiam
2566 2307 2853 2362 Balantius
2891 2317 2948 2363 ct
2986 2309 3303 2374 Atzmorus,
3350 2325 3517 2378 quem

1919 2403 2141 2460 vocant,
2175 2397 2276 2466 ipsi
2310 2413 2531 2466 quoque
2565 2397 2728 2452 ambo
2754 2396 2985 2451 tribuni.
3049 2397 3158 2450 Leo
3184 2397 3348 2468 igitur
3368 2398 3515 2453 Pho—

1924 2502 2034 2549 cas,
2071 2503 2180 2556 quo
2211 2487 2386 2543 iretus
2414 2498 2555 2550 erat,
2583 2489 2791 2558 ingenti
2815 2489 2965 2544 omni
3001 2505 3283 2543 armorum
3315 2504 3528 2559 genere

1924 2577 2105 2632 valide
2144 2577 2410 2632 instructo
2452 2579 2697 2633 exercitu
2726 2617 2741 2643 ,
2795 2579 3178 2651 Chrysopolim
3223 2580 3509 2635 veniensa

1926 2668 2166 2723 Juvenca
2205 2669 2419 2738 lapidea
2454 2669 2864 2726 Cbalcedonem
2911 2686 3086 2742 usque
3134 2671 3202 2726 ad
3247 2681 3523 2728 terrorem.

1925 2760 2138 2816 civibus
2175 2761 2554 2819 incutiendum
2582 2763 2691 2819 late
2721 2763 2897 2818 aciem
2934 2753 3251 2834 explicavit.
3290 2755 3524 2820 interim

1927 2867 2056 2907 vero
2078 2853 2280 2908 missus
2303 2869 2333 2908 a
2360 2853 2610 2909 Romano
2643 2847 2768 2908 cum
2796 2853 2983 2909 celoce
3020 2854 3257 2926 Symeon
3298 2856 3517 2911 caniclii

1927 2943 2218 3015 praefectus
2247 2961 2373 3002 cum
2394 2947 2593 3002 litteris
2622 2946 2973 3003 Constantini
2998 2946 3352 3017 imperatoris
3382 2946 3516 3002 sub-

1935 3037 2239 3106 scriptione
2276 3038 2525 3092 munitis.
2561 3037 2897 3093 Litterarum
2918 3037 3010 3093 hic
3035 3047 3153 3093 erat
3189 3046 3367 3103 tenor,
3401 3038 3519 3093 haec

1882 3133 1898 3148 ‘
1936 3129 2230 3182 sententia.

2008 3262 2096 3317 30.
2156 3263 2288 3317 Cum
2321 3264 2488 3318 alium
2531 3267 2792 3320 neminem
2830 3265 3208 3320 dominationis
3272 3282 3399 3322 mea
3458 3284 3522 3322 ac

1938 3356 2235 3426 majestatis
2297 3355 2692 3426 vigilantiorem
2758 3360 3034 3430 magisque
3101 3358 3408 3414 benevolum
3460 3375 3524 3414 ac

1935 3445 2230 3514 ﬁdeliorem
2268 3449 2559 3514 custodem,
2591 3450 2730 3503 inter
2775 3467 2956 3504 omnes
2989 3451 3079 3520 qui
3120 3466 3248 3504 mea:
3303 3451 3522 3505 ditionis

1934 3543 2078 3600 sunt,
2134 3553 2197 3590 ac
2230 3537 2454 3606 imperio
2505 3522 2690 3608 parem
2741 3537 2982 3592 Romano
3021 3539 3357 3610 offenderem,
3403 3539 3524 3593 huic

1935 3628 2220 3682 secundum
2244 3626 2414 3683 Deum
2444 3629 2546 3682 mei
2566 3630 2866 3684 custodiam
2889 3631 3161 3695 commisi;
3193 3639 3241 3682 et
3275 3631 3524 3700 tit-patris

1939 3717 2050 3773 loco
2071 3719 2338 3785 haberem,
2375 3725 2550 3791 opera:
2572 3723 2800 3791 pretium
2830 3722 2977 3786 duxi,
3011 3723 3100 3792 qui
3129 3731 3354 3791 paterna
3379 3724 3432 3776 in
3447 3739 3526 3775 me

1933 3809 2134 3865 viscera
2181 3828 2602 3882 propensumque
2650 3813 2904 3882 genitoris
2940 3816 3177 3867 animum
3211 3814 3522 3868 exhibuerit.

1935 3900 2161 3956 Leonem
2199 3916 2320 3954 vero
2356 3903 2496 3955 hunc
2539 3901 2774 3956 Phocum
2809 3918 2929 3955 cum
2961 3918 3168 3971 semper
3191 3903 3361 3973 889
3390 3919 3523 3958 mea

1938 3988 2209 4056 mjestati
2233 3999 2532 4058 suspectum
2571 3989 2867 4050 habuerim,
2913 4005 3056 4043 nunc
3087 4005 3144 4042 re
3176 3991 3296 4060 ipsa
3340 3991 3526 4044 insidi-

1938 4080 2174 4134 diantem
2211 4081 2388 4134 inveni
2410 4121 2424 4144 ,
2461 4091 2507 4135 et
2541 4085 2630 4152 qui
2668 4081 2724 4134 in
2754 4098 2930 4136 meum
2953 4083 3227 4152 tyrannice
3247 4085 3528 4153 imperium

1939 4173 2310 4228 insurrexerit.
2357 4173 2708 4238 Quamobrem
2745 4190 2835 4227 nec
2865 4173 3204 4228 domesticum
3246 4191 3363 4228 eum
3389 4175 3530 4228 dein.

1935 4281 2052 4337 cepe
2095 4281 2206 4320 esse
2251 4265 2369 4320 volo
2391 4306 2404 4330 ,
2438 4283 2602 4338 neque
2645 4251 2782 4322 hanc
2808 4281 2921 4320 meo
2937 4267 3097 4336 jussu
3133 4265 3365 4321 orditum
3404 4283 3526 4321 eum

1937 4360 2100 4415 telam
2143 4378 2390 4432 agnosco,
2427 4361 2517 4415 sed
2555 4362 2723 4432 ipsum
2753 4380 2786 4416 a
2815 4377 2870 4416 se
2905 4360 3148 4431 ultroque
3176 4362 3442 4431 grassari,
3473 4369 3531 4415 ut

237 4457 370 4522 τὴν
397 4455 686 4516 ἐπίθεσιν,
753 4451 947 4518 ἐαυτῷ
981 4449 1098 4517 τὴν
1128 4449 1458 4514 ,ϐασιλείαν
1493 4448 1827 4518 σφετεριζό-

1933 4453 1990 4507 in
2041 4469 2096 4508 se
2143 4469 2322 4508 rerum
2364 4469 2628 4508 summam
2683 4452 3010 4522 transferat,
3067 4452 3372 4521 pronuntio.
3434 4450 3532 4504 His

228 4563 460 4618 μενον.
493 4545 710 4600 Τούτων
762 4544 856 4599 οὖν
903 4543 981 4614 τῷ
1013 4542 1128 4613 λαῷ
1163 4541 1698 4608 ὑπαναγνωσθέντων
1732 4542 1832 4613 ἦρ-

241 4641 420 4708 ξαν-το
491 4641 692 4702 πάντες
755 4638 1064 4709 ὑποχωρεῖν
1134 4636 1228 4708 καὶ
1281 4634 1362 4706 τῷ
1418 4633 1838 4708 βασιλεοπάτορι

240 4732 630 4805 προσρύεσθαι
668 4731 956 4802 Ῥωμανῷ.
987 4727 1094 4784 Τοῦ
1123 4728 1180 4782 δὲ
1221 4729 1387 4782 Φωκᾶ
1427 4728 1508 4790 εἰς
1555 4727 1842 4799 ἀμήχανον

241 4826 622 4898 περιστάντος
652 4825 748 4878 καὶ
771 4824 1100 4893 ἀπογνόντος
1129 4821 1203 4885 ὡς
1235 4821 1416 4890 πάσης
1443 4820 1656 4883 ἐλπίδος
1689 4819 1840 4890 ὴστο-

240 4916 511 4989 χηκότος,
540 4915 636 4970 καὶ
671 4917 816 4985 φυγῇ
842 4912 1190 4984 χρησαμένου
1222 4912 1317 4966 καὶ
1347 4911 1485 4982 πρὸς
1513 4910 1574 4963 τὺ
1605 4909 1843 4981 κάστρον

259 5008 494 5071 ’Δτεοῦς
522 5007 972 5078 παραγενομένου
1001 5005 1094 5059 καὶ
1126 5005 1202 5075 μὴ
1228 5002 1527 5074 δεχθέντος,
1555 5001 1842 5056 ἀπέστειλε

255 5102 554 5173 Ῥωμανδς
631 5101 868 5172 Ιωάννην
883 5098 1168 5169 Τθυϐάκην
1194 5095 1290 5151 καὶ
1327 5097 1531 5150 Λέοντα
1557 5096 1648 5149 τὸν
1673 5093 1840 5150 αὐτοῦ

243 5197 506 5267 συγγενῆ
540 5195 683 5250 ὥστε
716 5196 1032 5263 εἰσαγαγεῖν
1080 5191 1244 5246 αὐτὸν
1285 5191 1344 5243 ὲν
1372 5193 1437 5260 τῇ
1485 5188 1662 5242 πόλει.
1694 5190 1757 5243 Οἱ
1784 5187 1842 5242 δὲ

244 5288 458 5342 τοῦτον
485 5289 862 5358 κρατήσαντες
922 5283 1342 5352 ἀπετύφλωσαν,
1364 5282 1542 5334 καίτοι
1575 5280 1844 5352 μηδεμίαν

245 5378 400 5450 περὶ
444 5377 638 5432 τούτου
695 5376 979 5446 δεξάμενοι
1040 5371 1298 5444 ἐντολὴν,
1367 5371 1482 5427 ἀλλ’
1534 5372 1844 5444 αὐθαιρέτῳ

1935 4546 2122 4616 itaque
2164 4545 2431 4601 audiente
2469 4546 2717 4601 exercitu
2769 4545 2928 4602 lectis
2974 4545 3196 4608 litteris,
3245 4551 3540 4614 cmperunt

1937 4652 2133 4694 omnes
2159 4637 2419 4693 recedere
2449 4648 2506 4693 et
2521 4638 2590 4693 ad
2612 4621 2965 4708 imperatoris
2985 4647 3196 4707 patrem
3225 4635 3528 4692 conﬂuere.

1942 4731 2153 4787 Phocas
2202 4740 2388 4786 autem
2437 4730 2654 4786 consilii
2681 4731 2844 4800 inops
2887 4729 3165 4799 rebusque
3199 4727 3528 4798 desperatis,

1945 4831 2007 4878 ut
2036 4823 2125 4878 cui
2152 4838 2315 4878 omne
2338 4822 2632 4878 consilium
2664 4837 2881 4877 cassum
2909 4821 3120 4887 ivisset,
3143 4822 3376 4876 salutem
3404 4818 3531 4890 luga

1950 4930 2204 4986 quaerens
2230 4955 2244 4981 ,
2299 4915 2366 4970 ad
2416 4922 2660 4970 castrum
2693 4915 2865 4969 Ateus
2889 4929 3012 4969 cum
3049 4913 3324 4979 venisset,
3347 4927 3416 4966 eo
3444 4927 3533 4978 re-

1949 5007 2143 5079 pulsus
2186 5016 2289 5063 est.
2339 5007 2489 5068 Misit
2525 5006 2711 5078 itaque
2744 5006 3028 5062 Romanus
3048 5005 3313 5061 Joannem
3345 5002 3530 5059 Tuba-

1951 5115 2068 5154 cem
2089 5099 2402 5156 etLeonem
2428 5100 2548 5172 ejus
2575 5107 2889 5170 cognatum,
2923 5096 3017 5167 qui
3049 5096 3103 5150 in
3127 5088 3321 5150 urbem
3346 5094 3528 5165 ipsum

1953 5186 2304 5243 inducerent.
2323 5187 2496 5256 Quem
2531 5203 2655 5243 cum
2680 5188 3007 5252 tenuissent,
3027 5185 3331 5241 luminibus
3361 5182 3528 5238 orba-

1951 5285 2103 5343 runt,
2141 5278 2246 5334 etsi
2293 5279 2414 5352 ejus
2445 5279 2683 5336 caecandi
2724 5279 2935 5334 nullum
2961 5276 3276 5332 mandatum
3301 5289 3527 5345 accepe-

1952 5382 2110 5428 rant:
2164 5375 2259 5430 sed
2304 5375 2408 5446 ipsi
2462 5392 2491 5430 a
2537 5391 2594 5433 se
2631 5384 2826 5445 sponte
2864 5373 3152 5441 fecerunt,
3199 5384 3258 5427 ut
3319 5379 3374 5426 et
3427 5368 3530 5424 Ro.

1569 5555 1809 5615 VARIE
1839 5554 2249 5614 LECTIONES.

314 5676 362 5710 ιι
396 5677 756 5748 Βαρυμιχαὴλ
785 5677 897 5740 υἱὸς
931 5678 1340 5742 Κωνσταντῖνος
1365 5691 1526 5748 supra
1558 5693 1609 5749 p.
1645 5674 1753 5731 2N
1778 5691 1830 5730 c.
