  <div class='ocr_page' id='page_1' title='image "/cluster/home/n/w/nwhite01/storage/ocr_20150623/109/hvd.32044073502312/497.png"; bbox 0 0 3996 6208; ppageno 0'>
   <div class='ocr_carea' id='block_1_1' title="bbox 502 295 608 363">
    <p class='ocr_par' dir='ltr' id='par_1_1' title="bbox 502 295 608 363">
     <span class='ocr_line' id='line_1_1' title="bbox 502 295 608 363; baseline -0.009 -2"><span class='ocrx_word' id='word_1_1' title='bbox 502 295 608 363; x_wconf 77' lang='lat'><strong>951</strong></span> 
     </span>
    </p>
   </div>
   <div class='ocr_carea' id='block_1_2' title="bbox 1766 284 2466 347">
    <p class='ocr_par' dir='ltr' id='par_1_2' title="bbox 1766 284 2466 347">
     <span class='ocr_line' id='line_1_2' title="bbox 1766 284 2466 347; baseline -0.006 0"><span class='ocrx_word' id='word_1_2' title='bbox 1766 285 2089 347; x_wconf 84' lang='lat' dir='ltr'><strong>GEORGII</strong></span> <span class='ocrx_word' id='word_1_3' title='bbox 2121 284 2466 347; x_wconf 84' lang='lat' dir='ltr'><strong>MONACHI</strong></span> 
     </span>
    </p>
   </div>
   <div class='ocr_carea' id='block_1_3' title="bbox 3636 266 3777 335">
    <p class='ocr_par' dir='ltr' id='par_1_3' title="bbox 3636 266 3777 335">
     <span class='ocr_line' id='line_1_3' title="bbox 3636 266 3777 335; baseline 0 -1"><span class='ocrx_word' id='word_1_4' title='bbox 3636 266 3639 271; x_wconf 68' lang='grc'><em>’</em></span> <span class='ocrx_word' id='word_1_5' title='bbox 3662 269 3777 335; x_wconf 72' lang='lat'><strong>952</strong></span> 
     </span>
    </p>
   </div>
   <div class='ocr_carea' id='block_1_4' title="bbox 502 380 2088 476">
    <p class='ocr_par' dir='ltr' id='par_1_4' title="bbox 502 400 2085 476">
     <span class='ocr_line' id='line_1_4' title="bbox 502 400 2085 476; baseline -0.005 -13"><span class='ocrx_word' id='word_1_6' title='bbox 502 420 700 463; x_wconf 77' lang='lat' dir='ltr'><strong>manus</strong></span> <span class='ocrx_word' id='word_1_7' title='bbox 726 404 1078 476; x_wconf 72' lang='lat' dir='ltr'><strong>imperatoris</strong></span> <span class='ocrx_word' id='word_1_8' title='bbox 1107 411 1263 472; x_wconf 88' lang='lat' dir='ltr'><strong>pater</strong></span> <span class='ocrx_word' id='word_1_9' title='bbox 1289 401 1409 472; x_wconf 87' lang='lat' dir='ltr'><strong>ejus</strong></span> <span class='ocrx_word' id='word_1_10' title='bbox 1458 401 1537 455; x_wconf 98' lang='lat' dir='ltr'><strong>rei</strong></span> <span class='ocrx_word' id='word_1_11' title='bbox 1576 400 1799 457; x_wconf 85' lang='lat' dir='ltr'><strong>nomine</strong></span> <span class='ocrx_word' id='word_1_12' title='bbox 1830 401 2085 472; x_wconf 78' lang='lat' dir='ltr'><strong>indigna-</strong></span> 
     </span>
    </p>
   </div>
   <div class='ocr_carea' id='block_1_5' title="bbox 2205 380 3783 476">
    <p class='ocr_par' dir='ltr' id='par_1_5' title="bbox 2205 380 3783 469">
     <span class='ocr_line' id='line_1_5' title="bbox 2205 380 3783 469; baseline -0.006 -21"><span class='ocrx_word' id='word_1_13' title='bbox 2205 397 2385 469; x_wconf 70' lang='grc' dir='ltr'>γνώμῃ</span> <span class='ocrx_word' id='word_1_14' title='bbox 2425 395 2581 450; x_wconf 75' lang='grc' dir='ltr'>τοῦτο</span> <span class='ocrx_word' id='word_1_15' title='bbox 2660 392 3056 464; x_wconf 75' lang='grc' dir='ltr'><strong>πεποιηκότες,</strong></span> <span class='ocrx_word' id='word_1_16' title='bbox 3113 387 3190 451; x_wconf 80' lang='grc' dir='ltr'>ὡς</span> <span class='ocrx_word' id='word_1_17' title='bbox 3239 380 3624 455; x_wconf 73' lang='grc' dir='ltr'>ἀγανακτῆσαι</span> <span class='ocrx_word' id='word_1_18' title='bbox 3685 386 3783 439; x_wconf 74' lang='grc' dir='ltr'>ἐπὶ</span> 
     </span>
    </p>
   </div>
   <div class='ocr_carea' id='block_1_6' title="bbox 499 499 711 555">
    <p class='ocr_par' dir='ltr' id='par_1_6' title="bbox 499 499 711 555">
     <span class='ocr_line' id='line_1_6' title="bbox 499 499 711 555; baseline -0.014 0"><span class='ocrx_word' id='word_1_19' title='bbox 499 510 591 555; x_wconf 87' lang='lat' dir='ltr'><strong>tus</strong></span> <span class='ocrx_word' id='word_1_20' title='bbox 621 499 711 555; x_wconf 72' lang='lat' dir='ltr'><strong>sit.</strong></span> 
     </span>
    </p>
   </div>
   <div class='ocr_carea' id='block_1_7' title="bbox 568 585 2080 657">
    <p class='ocr_par' dir='ltr' id='par_1_7' title="bbox 568 585 2080 657">
     <span class='ocr_line' id='line_1_7' title="bbox 568 585 2080 657; baseline -0.004 -12"><span class='ocrx_word' id='word_1_21' title='bbox 568 593 658 646; x_wconf 77' lang='grc'><strong>51.</strong></span> <span class='ocrx_word' id='word_1_22' title='bbox 703 589 886 644; x_wconf 82' lang='lat' dir='ltr'><strong>Mense</strong></span> <span class='ocrx_word' id='word_1_23' title='bbox 926 588 1173 657; x_wconf 84' lang='lat' dir='ltr'><strong>Augusto</strong></span> <span class='ocrx_word' id='word_1_24' title='bbox 1199 586 1431 641; x_wconf 67' lang='lat' dir='ltr'><strong>detectaa</strong></span> <span class='ocrx_word' id='word_1_25' title='bbox 1473 586 1821 642; x_wconf 88' lang='lat' dir='ltr'><strong>Constantini</strong></span> <span class='ocrx_word' id='word_1_26' title='bbox 1863 585 2080 642; x_wconf 49' lang='lat' dir='ltr'><strong>Ctema-</strong></span> 
     </span>
    </p>
   </div>
   <div class='ocr_carea' id='block_1_8' title="bbox 498 678 2077 749">
    <p class='ocr_par' dir='ltr' id='par_1_8' title="bbox 498 678 2077 749">
     <span class='ocr_line' id='line_1_8' title="bbox 498 678 2077 749; baseline -0.003 -14"><span class='ocrx_word' id='word_1_27' title='bbox 498 681 622 746; x_wconf 88' lang='lat' dir='ltr'><strong>tini,</strong></span> <span class='ocrx_word' id='word_1_28' title='bbox 653 680 876 734; x_wconf 87' lang='lat' dir='ltr'><strong>Davidis</strong></span> <span class='ocrx_word' id='word_1_29' title='bbox 922 678 1227 734; x_wconf 87' lang='lat' dir='ltr'><strong>Camuliani</strong></span> <span class='ocrx_word' id='word_1_30' title='bbox 1265 689 1321 733; x_wconf 92' lang='lat' dir='ltr'><strong>et</strong></span> <span class='ocrx_word' id='word_1_31' title='bbox 1368 679 1646 733; x_wconf 77' lang='lat' dir='ltr'><strong>Michaelis</strong></span> <span class='ocrx_word' id='word_1_32' title='bbox 1695 693 2077 749; x_wconf 81' lang='lat' dir='ltr'><strong>mangarorum</strong></span> 
     </span>
    </p>
   </div>
   <div class='ocr_carea' id='block_1_9' title="bbox 498 770 2081 838">
    <p class='ocr_par' dir='ltr' id='par_1_9' title="bbox 498 770 2081 838">
     <span class='ocr_line' id='line_1_9' title="bbox 498 770 2081 838; baseline -0.001 -11"><span class='ocrx_word' id='word_1_33' title='bbox 498 773 776 827; x_wconf 71' lang='lat' dir='ltr'><strong>curatoris</strong></span> <span class='ocrx_word' id='word_1_34' title='bbox 819 772 1052 827; x_wconf 65' lang='lat' dir='ltr'><strong>insidiae.</strong></span> <span class='ocrx_word' id='word_1_35' title='bbox 1103 772 1207 838; x_wconf 86' lang='lat' dir='ltr'><strong>Qui</strong></span> <span class='ocrx_word' id='word_1_36' title='bbox 1255 772 1581 827; x_wconf 76' lang='lat' dir='ltr'><strong>verberibus</strong></span> <span class='ocrx_word' id='word_1_37' title='bbox 1614 771 1851 836; x_wconf 82' lang='lat' dir='ltr'><strong>subacti,</strong></span> <span class='ocrx_word' id='word_1_38' title='bbox 1894 770 2081 825; x_wconf 87' lang='lat' dir='ltr'><strong>bonis-</strong></span> 
     </span>
    </p>
   </div>
   <div class='ocr_carea' id='block_1_10' title="bbox 496 863 2077 934">
    <p class='ocr_par' dir='ltr' id='par_1_10' title="bbox 496 863 2077 934">
     <span class='ocr_line' id='line_1_10' title="bbox 496 863 2077 934; baseline -0.001 -17"><span class='ocrx_word' id='word_1_39' title='bbox 496 879 605 933; x_wconf 86' lang='lat' dir='ltr'><strong>que</strong></span> <span class='ocrx_word' id='word_1_40' title='bbox 631 864 925 932; x_wconf 82' lang='lat' dir='ltr'><strong>publicatis</strong></span> <span class='ocrx_word' id='word_1_41' title='bbox 957 879 1057 934; x_wconf 91' lang='lat' dir='ltr'><strong>per</strong></span> <span class='ocrx_word' id='word_1_42' title='bbox 1089 863 1325 919; x_wconf 88' lang='lat' dir='ltr'><strong>mediam</strong></span> <span class='ocrx_word' id='word_1_43' title='bbox 1356 864 1553 919; x_wconf 84' lang='lat' dir='ltr'><strong>urbem</strong></span> <span class='ocrx_word' id='word_1_44' title='bbox 1586 879 1781 934; x_wconf 85' lang='lat' dir='ltr'><strong>pompa</strong></span> <span class='ocrx_word' id='word_1_45' title='bbox 1812 863 2077 927; x_wconf 87' lang='lat' dir='ltr'><strong>traducti,</strong></span> 
     </span>
    </p>
   </div>
   <div class='ocr_carea' id='block_1_11' title="bbox 497 954 2081 1025">
    <p class='ocr_par' dir='ltr' id='par_1_11' title="bbox 497 954 2081 1025">
     <span class='ocr_line' id='line_1_11' title="bbox 497 954 2081 1025; baseline -0.002 -15"><span class='ocrx_word' id='word_1_46' title='bbox 497 955 693 1010; x_wconf 85' lang='lat' dir='ltr'><strong>exsilio</strong></span> <span class='ocrx_word' id='word_1_47' title='bbox 752 955 979 1025; x_wconf 80' lang='lat' dir='ltr'><strong>relegati</strong></span> <span class='ocrx_word' id='word_1_48' title='bbox 1040 965 1187 1011; x_wconf 92' lang='lat' dir='ltr'><strong>sunt.</strong></span> <span class='ocrx_word' id='word_1_49' title='bbox 1229 956 1517 1010; x_wconf 83' lang='lat' dir='ltr'><strong>Adductus</strong></span> <span class='ocrx_word' id='word_1_50' title='bbox 1550 964 1607 1009; x_wconf 91' lang='lat' dir='ltr'><strong>et</strong></span> <span class='ocrx_word' id='word_1_51' title='bbox 1656 955 1768 1009; x_wconf 88' lang='lat' dir='ltr'><strong>Leo</strong></span> <span class='ocrx_word' id='word_1_52' title='bbox 1818 954 2081 1023; x_wconf 76' lang='lat' dir='ltr'><strong>magister</strong></span> 
     </span>
    </p>
   </div>
   <div class='ocr_carea' id='block_1_12' title="bbox 497 1047 2084 1118">
    <p class='ocr_par' dir='ltr' id='par_1_12' title="bbox 497 1047 2084 1118">
     <span class='ocr_line' id='line_1_12' title="bbox 497 1047 2084 1118; baseline -0.001 -17"><span class='ocrx_word' id='word_1_53' title='bbox 497 1063 562 1101; x_wconf 91' lang='lat' dir='ltr'><strong>ac</strong></span> <span class='ocrx_word' id='word_1_54' title='bbox 600 1047 880 1118; x_wconf 84' lang='lat' dir='ltr'><strong>legionum</strong></span> <span class='ocrx_word' id='word_1_55' title='bbox 935 1049 1277 1104; x_wconf 89' lang='lat' dir='ltr'><strong>domesticus</strong></span> <span class='ocrx_word' id='word_1_56' title='bbox 1317 1049 1372 1102; x_wconf 87' lang='lat' dir='ltr'><strong>in</strong></span> <span class='ocrx_word' id='word_1_57' title='bbox 1435 1049 1627 1103; x_wconf 87' lang='lat' dir='ltr'><strong>urbem</strong></span> <span class='ocrx_word' id='word_1_58' title='bbox 1651 1090 1663 1113; x_wconf 88' lang='lat'><strong>,</strong></span> <span class='ocrx_word' id='word_1_59' title='bbox 1702 1048 1962 1116; x_wconf 81' lang='lat' dir='ltr'><strong>mutoque</strong></span> <span class='ocrx_word' id='word_1_60' title='bbox 2000 1048 2084 1099; x_wconf 84' lang='lat' dir='ltr'><strong>in-</strong></span> 
     </span>
    </p>
   </div>
   <div class='ocr_carea' id='block_1_13' title="bbox 500 1139 2083 1213">
    <p class='ocr_par' dir='ltr' id='par_1_13' title="bbox 500 1139 2083 1213">
     <span class='ocr_line' id='line_1_13' title="bbox 500 1139 2083 1213; baseline -0.003 -19"><span class='ocrx_word' id='word_1_61' title='bbox 500 1140 687 1195; x_wconf 86' lang='lat' dir='ltr'><strong>sidens</strong></span> <span class='ocrx_word' id='word_1_62' title='bbox 742 1141 1056 1213; x_wconf 74' lang='lat' dir='ltr'><strong>ignominia:</strong></span> <span class='ocrx_word' id='word_1_63' title='bbox 1107 1156 1271 1195; x_wconf 90' lang='lat' dir='ltr'><strong>causa</strong></span> <span class='ocrx_word' id='word_1_64' title='bbox 1322 1156 1419 1209; x_wconf 85' lang='lat' dir='ltr'><strong>per</strong></span> <span class='ocrx_word' id='word_1_65' title='bbox 1481 1139 1721 1193; x_wconf 90' lang='lat' dir='ltr'><strong>medium</strong></span> <span class='ocrx_word' id='word_1_66' title='bbox 1754 1139 1932 1192; x_wconf 79' lang='lat' dir='ltr'><strong>forum</strong></span> <span class='ocrx_word' id='word_1_67' title='bbox 1976 1147 2083 1191; x_wconf 83' lang='lat' dir='ltr'><strong>tra-</strong></span> 
     </span>
    </p>
   </div>
   <div class='ocr_carea' id='block_1_14' title="bbox 501 1232 720 1287">
    <p class='ocr_par' dir='ltr' id='par_1_14' title="bbox 501 1232 720 1287">
     <span class='ocr_line' id='line_1_14' title="bbox 501 1232 720 1287; baseline 0 -2"><span class='ocrx_word' id='word_1_68' title='bbox 501 1232 720 1287; x_wconf 90' lang='lat' dir='ltr'><strong>ductus.</strong></span> 
     </span>
    </p>
   </div>
   <div class='ocr_carea' id='block_1_15' title="bbox 572 1345 2081 1416">
    <p class='ocr_par' dir='ltr' id='par_1_15' title="bbox 572 1345 2081 1416">
     <span class='ocr_line' id='line_1_15' title="bbox 572 1345 2081 1416; baseline -0.001 -16"><span class='ocrx_word' id='word_1_69' title='bbox 572 1347 760 1401; x_wconf 73' lang='lat'><strong>32-55.</strong></span> <span class='ocrx_word' id='word_1_70' title='bbox 805 1346 951 1413; x_wconf 84' lang='lat' dir='ltr'><strong>Quin</strong></span> <span class='ocrx_word' id='word_1_71' title='bbox 980 1356 1035 1399; x_wconf 92' lang='lat' dir='ltr'><strong>et</strong></span> <span class='ocrx_word' id='word_1_72' title='bbox 1063 1346 1172 1400; x_wconf 88' lang='lat' dir='ltr'><strong>Zoe</strong></span> <span class='ocrx_word' id='word_1_73' title='bbox 1207 1347 1446 1416; x_wconf 82' lang='lat' dir='ltr'><strong>Augusta</strong></span> <span class='ocrx_word' id='word_1_74' title='bbox 1471 1345 1815 1414; x_wconf 87' lang='lat' dir='ltr'><strong>deprehensa</strong></span> <span class='ocrx_word' id='word_1_75' title='bbox 1850 1346 2081 1399; x_wconf 83' lang='lat' dir='ltr'><strong>Romani</strong></span> 
     </span>
    </p>
   </div>
   <div class='ocr_carea' id='block_1_16' title="bbox 501 1433 2086 1506">
    <p class='ocr_par' dir='ltr' id='par_1_16' title="bbox 501 1433 2086 1506">
     <span class='ocr_line' id='line_1_16' title="bbox 501 1433 2086 1506; baseline 0.002 -20"><span class='ocrx_word' id='word_1_76' title='bbox 501 1433 627 1489; x_wconf 65' lang='lat' dir='ltr'><strong>vim</strong></span> <span class='ocrx_word' id='word_1_77' title='bbox 694 1449 792 1504; x_wconf 90' lang='lat' dir='ltr'><strong>per</strong></span> <span class='ocrx_word' id='word_1_78' title='bbox 838 1436 991 1489; x_wconf 87' lang='lat' dir='ltr'><strong>cibos</strong></span> <span class='ocrx_word' id='word_1_79' title='bbox 1053 1435 1357 1490; x_wconf 86' lang='lat' dir='ltr'><strong>medicatos</strong></span> <span class='ocrx_word' id='word_1_80' title='bbox 1416 1436 1584 1505; x_wconf 80' lang='lat'><strong>890</strong></span> <span class='ocrx_word' id='word_1_81' title='bbox 1645 1434 1937 1499; x_wconf 76' lang='lat' dir='ltr'><strong>insidiari,</strong></span> <span class='ocrx_word' id='word_1_82' title='bbox 1987 1453 2086 1506; x_wconf 87' lang='lat' dir='ltr'><strong>per</strong></span> 
     </span>
    </p>
   </div>
   <div class='ocr_carea' id='block_1_17' title="bbox 503 1525 2087 1591">
    <p class='ocr_par' dir='ltr' id='par_1_17' title="bbox 503 1525 2087 1591">
     <span class='ocr_line' id='line_1_17' title="bbox 503 1525 2087 1591; baseline 0.001 -13"><span class='ocrx_word' id='word_1_83' title='bbox 503 1525 860 1581; x_wconf 88' lang='lat' dir='ltr'><strong>Theocletem</strong></span> <span class='ocrx_word' id='word_1_84' title='bbox 914 1525 1127 1580; x_wconf 78' lang='lat' dir='ltr'><strong>servitii</strong></span> <span class='ocrx_word' id='word_1_85' title='bbox 1188 1526 1465 1580; x_wconf 86' lang='lat' dir='ltr'><strong>notarium</strong></span> <span class='ocrx_word' id='word_1_86' title='bbox 1518 1527 1837 1579; x_wconf 84' lang='lat' dir='ltr'><strong>instructos.</strong></span> <span class='ocrx_word' id='word_1_87' title='bbox 1908 1525 2087 1591; x_wconf 81' lang='lat' dir='ltr'><strong>Quare</strong></span> 
     </span>
    </p>
   </div>
   <div class='ocr_carea' id='block_1_18' title="bbox 502 1612 2088 1686">
    <p class='ocr_par' dir='ltr' id='par_1_18' title="bbox 502 1612 2088 1686">
     <span class='ocr_line' id='line_1_18' title="bbox 502 1612 2088 1686; baseline 0.001 -19"><span class='ocrx_word' id='word_1_88' title='bbox 502 1612 649 1670; x_wconf 87' lang='lat' dir='ltr'><strong>hanc</strong></span> <span class='ocrx_word' id='word_1_89' title='bbox 706 1630 930 1686; x_wconf 86' lang='lat' dir='ltr'><strong>quoque</strong></span> <span class='ocrx_word' id='word_1_90' title='bbox 977 1616 1102 1670; x_wconf 89' lang='lat' dir='ltr'><strong>aula</strong></span> <span class='ocrx_word' id='word_1_91' title='bbox 1165 1615 1434 1686; x_wconf 88' lang='lat' dir='ltr'><strong>dejectam</strong></span> <span class='ocrx_word' id='word_1_92' title='bbox 1481 1615 1647 1684; x_wconf 87' lang='lat' dir='ltr'><strong>inque</strong></span> <span class='ocrx_word' id='word_1_93' title='bbox 1694 1616 1939 1669; x_wconf 88' lang='lat' dir='ltr'><strong>Petrium</strong></span> <span class='ocrx_word' id='word_1_94' title='bbox 1994 1615 2088 1668; x_wconf 88' lang='lat' dir='ltr'><strong>ab-</strong></span> 
     </span>
    </p>
   </div>
   <div class='ocr_carea' id='block_1_19' title="bbox 501 1706 2088 1790">
    <p class='ocr_par' dir='ltr' id='par_1_19' title="bbox 501 1706 2088 1790">
     <span class='ocr_line' id='line_1_19' title="bbox 501 1706 2088 1790; baseline -0.001 -29"><span class='ocrx_word' id='word_1_95' title='bbox 501 1707 738 1790; x_wconf 43' lang='lat' dir='ltr'><strong>ductam.</strong></span> <span class='ocrx_word' id='word_1_96' title='bbox 778 1708 836 1763; x_wconf 90' lang='lat' dir='ltr'><strong>in</strong></span> <span class='ocrx_word' id='word_1_97' title='bbox 881 1717 1083 1764; x_wconf 62' lang='lat' dir='ltr'><strong>sanctae</strong></span> <span class='ocrx_word' id='word_1_98' title='bbox 1136 1708 1458 1778; x_wconf 83' lang='lat' dir='ltr'><strong>Euphemiae</strong></span> <span class='ocrx_word' id='word_1_99' title='bbox 1507 1707 1841 1762; x_wconf 89' lang='lat' dir='ltr'><strong>monasterio</strong></span> <span class='ocrx_word' id='word_1_100' title='bbox 1890 1706 2088 1762; x_wconf 88' lang='lat' dir='ltr'><strong>deton-</strong></span> 
     </span>
    </p>
   </div>
   <div class='ocr_carea' id='block_1_20' title="bbox 503 1800 724 1855">
    <p class='ocr_par' dir='ltr' id='par_1_20' title="bbox 503 1800 724 1855">
     <span class='ocr_line' id='line_1_20' title="bbox 503 1800 724 1855; baseline 0.005 -1"><span class='ocrx_word' id='word_1_101' title='bbox 503 1800 724 1855; x_wconf 86' lang='lat' dir='ltr'><strong>derunt.</strong></span> 
     </span>
    </p>
   </div>
   <div class='ocr_carea' id='block_1_21' title="bbox 574 1915 2087 1986">
    <p class='ocr_par' dir='ltr' id='par_1_21' title="bbox 574 1915 2087 1986">
     <span class='ocr_line' id='line_1_21' title="bbox 574 1915 2087 1986; baseline -0.001 -15"><span class='ocrx_word' id='word_1_102' title='bbox 574 1918 662 1971; x_wconf 68' lang='grc'><strong>54.</strong></span> <span class='ocrx_word' id='word_1_103' title='bbox 718 1916 982 1970; x_wconf 82' lang='lat' dir='ltr'><strong>lnvitatos</strong></span> <span class='ocrx_word' id='word_1_104' title='bbox 1020 1931 1154 1970; x_wconf 79' lang='lat' dir='ltr'><strong>vero</strong></span> <span class='ocrx_word' id='word_1_105' title='bbox 1184 1916 1251 1969; x_wconf 88' lang='lat' dir='ltr'><strong>ad</strong></span> <span class='ocrx_word' id='word_1_106' title='bbox 1284 1916 1578 1985; x_wconf 80' lang='lat' dir='ltr'><strong>prandium</strong></span> <span class='ocrx_word' id='word_1_107' title='bbox 1622 1932 1651 1969; x_wconf 90' lang='lat' dir='ltr'><strong>a</strong></span> <span class='ocrx_word' id='word_1_108' title='bbox 1676 1915 2087 1986; x_wconf 87' lang='lat' dir='ltr'><strong>Theophylacto</strong></span> 
     </span>
    </p>
   </div>
   <div class='ocr_carea' id='block_1_22' title="bbox 502 2002 2087 2078">
    <p class='ocr_par' dir='ltr' id='par_1_22' title="bbox 502 2002 2087 2078">
     <span class='ocr_line' id='line_1_22' title="bbox 502 2002 2087 2078; baseline -0.004 -16"><span class='ocrx_word' id='word_1_109' title='bbox 502 2007 737 2078; x_wconf 86' lang='lat' dir='ltr'><strong>patricio</strong></span> <span class='ocrx_word' id='word_1_110' title='bbox 772 2016 828 2060; x_wconf 92' lang='lat' dir='ltr'><strong>et</strong></span> <span class='ocrx_word' id='word_1_111' title='bbox 866 2005 1067 2060; x_wconf 83' lang='lat' dir='ltr'><strong>stabuli</strong></span> <span class='ocrx_word' id='word_1_112' title='bbox 1105 2006 1307 2059; x_wconf 86' lang='lat' dir='ltr'><strong>comite</strong></span> <span class='ocrx_word' id='word_1_113' title='bbox 1356 2004 1706 2057; x_wconf 88' lang='lat' dir='ltr'><strong>Theodorum</strong></span> <span class='ocrx_word' id='word_1_114' title='bbox 1741 2002 2087 2057; x_wconf 87' lang='lat' dir='ltr'><strong>Constantini</strong></span> 
     </span>
    </p>
   </div>
   <div class='ocr_carea' id='block_1_23' title="bbox 500 2094 2085 2170">
    <p class='ocr_par' dir='ltr' id='par_1_23' title="bbox 500 2094 2085 2170">
     <span class='ocr_line' id='line_1_23' title="bbox 500 2094 2085 2170; baseline -0.005 -16"><span class='ocrx_word' id='word_1_115' title='bbox 500 2097 854 2170; x_wconf 86' lang='lat' dir='ltr'><strong>imperatoris</strong></span> <span class='ocrx_word' id='word_1_116' title='bbox 870 2097 1225 2167; x_wconf 66' lang='lat' dir='ltr'><strong>pretlagogum</strong></span> <span class='ocrx_word' id='word_1_117' title='bbox 1249 2097 1478 2166; x_wconf 84' lang='lat' dir='ltr'><strong>ejusque</strong></span> <span class='ocrx_word' id='word_1_118' title='bbox 1509 2094 1734 2149; x_wconf 82' lang='lat' dir='ltr'><strong>fratrem</strong></span> <span class='ocrx_word' id='word_1_119' title='bbox 1760 2094 2085 2165; x_wconf 80' lang='lat' dir='ltr'><strong>Symeouem</strong></span> 
     </span>
    </p>
   </div>
   <div class='ocr_carea' id='block_1_24' title="bbox 502 2186 2086 2262">
    <p class='ocr_par' dir='ltr' id='par_1_24' title="bbox 502 2186 2086 2262">
     <span class='ocr_line' id='line_1_24' title="bbox 502 2186 2086 2262; baseline -0.006 -16"><span class='ocrx_word' id='word_1_120' title='bbox 502 2193 787 2262; x_wconf 82' lang='lat' dir='ltr'><strong>ingressus</strong></span> <span class='ocrx_word' id='word_1_121' title='bbox 811 2189 1168 2244; x_wconf 84' lang='lat' dir='ltr'><strong>excubiarum</strong></span> <span class='ocrx_word' id='word_1_122' title='bbox 1207 2188 1559 2258; x_wconf 82' lang='lat' dir='ltr'><strong>drungarius,</strong></span> <span class='ocrx_word' id='word_1_123' title='bbox 1593 2186 1840 2241; x_wconf 86' lang='lat' dir='ltr'><strong>Curcuas</strong></span> <span class='ocrx_word' id='word_1_124' title='bbox 1872 2202 2086 2239; x_wconf 91' lang='lat' dir='ltr'><strong>nuncu-</strong></span> 
     </span>
    </p>
   </div>
   <div class='ocr_carea' id='block_1_25' title="bbox 500 2276 2084 2350">
    <p class='ocr_par' dir='ltr' id='par_1_25' title="bbox 500 2276 2084 2350">
     <span class='ocr_line' id='line_1_25' title="bbox 500 2276 2084 2350; baseline -0.004 -15"><span class='ocrx_word' id='word_1_125' title='bbox 500 2290 685 2350; x_wconf 87' lang='lat' dir='ltr'><strong>patus,</strong></span> <span class='ocrx_word' id='word_1_126' title='bbox 732 2294 857 2333; x_wconf 92' lang='lat' dir='ltr'><strong>cum</strong></span> <span class='ocrx_word' id='word_1_127' title='bbox 889 2278 1063 2332; x_wconf 89' lang='lat' dir='ltr'><strong>multo</strong></span> <span class='ocrx_word' id='word_1_128' title='bbox 1090 2278 1372 2341; x_wconf 84' lang='lat' dir='ltr'><strong>satellitio,</strong></span> <span class='ocrx_word' id='word_1_129' title='bbox 1411 2287 1658 2347; x_wconf 89' lang='lat' dir='ltr'><strong>arreptos</strong></span> <span class='ocrx_word' id='word_1_130' title='bbox 1690 2277 1841 2331; x_wconf 83' lang='lat' dir='ltr'><strong>velut</strong></span> <span class='ocrx_word' id='word_1_131' title='bbox 1888 2276 2084 2331; x_wconf 81' lang='lat' dir='ltr'><strong>adver-</strong></span> 
     </span>
    </p>
   </div>
   <div class='ocr_carea' id='block_1_26' title="bbox 503 2364 2089 2433">
    <p class='ocr_par' dir='ltr' id='par_1_26' title="bbox 503 2364 2089 2433">
     <span class='ocr_line' id='line_1_26' title="bbox 503 2364 2089 2433; baseline -0.003 -11"><span class='ocrx_word' id='word_1_132' title='bbox 503 2383 599 2422; x_wconf 89' lang='lat' dir='ltr'><strong>sus</strong></span> <span class='ocrx_word' id='word_1_133' title='bbox 648 2368 956 2421; x_wconf 83' lang='lat' dir='ltr'><strong>Romanum</strong></span> <span class='ocrx_word' id='word_1_134' title='bbox 1003 2366 1405 2429; x_wconf 88' lang='lat' dir='ltr'><strong>machinantes,</strong></span> <span class='ocrx_word' id='word_1_135' title='bbox 1449 2364 1514 2418; x_wconf 91' lang='lat' dir='ltr'><strong>ad</strong></span> <span class='ocrx_word' id='word_1_136' title='bbox 1559 2364 1837 2433; x_wconf 89' lang='lat' dir='ltr'><strong>Opsicium</strong></span> <span class='ocrx_word' id='word_1_137' title='bbox 1884 2364 1938 2417; x_wconf 89' lang='lat' dir='ltr'><strong>in</strong></span> <span class='ocrx_word' id='word_1_138' title='bbox 1975 2365 2089 2418; x_wconf 69' lang='lat' dir='ltr'><strong>suis</strong></span> 
     </span>
    </p>
   </div>
   <div class='ocr_carea' id='block_1_27' title="bbox 506 2456 1451 2529">
    <p class='ocr_par' dir='ltr' id='par_1_27' title="bbox 506 2456 1451 2529">
     <span class='ocr_line' id='line_1_27' title="bbox 506 2456 1451 2529; baseline -0.004 -16"><span class='ocrx_word' id='word_1_139' title='bbox 506 2460 756 2529; x_wconf 89' lang='lat' dir='ltr'><strong>ipsorum</strong></span> <span class='ocrx_word' id='word_1_140' title='bbox 792 2457 1131 2513; x_wconf 88' lang='lat' dir='ltr'><strong>suburbanis</strong></span> <span class='ocrx_word' id='word_1_141' title='bbox 1165 2456 1451 2526; x_wconf 80' lang='lat' dir='ltr'><strong>relegavit.</strong></span> 
     </span>
    </p>
   </div>
   <div class='ocr_carea' id='block_1_28' title="bbox 574 2657 2086 2728">
    <p class='ocr_par' dir='ltr' id='par_1_28' title="bbox 574 2657 2086 2728">
     <span class='ocr_line' id='line_1_28' title="bbox 574 2657 2086 2728; baseline -0.004 -13"><span class='ocrx_word' id='word_1_142' title='bbox 574 2661 662 2715; x_wconf 78' lang='grc'><strong>55.</strong></span> <span class='ocrx_word' id='word_1_143' title='bbox 743 2659 944 2715; x_wconf 83' lang='lat' dir='ltr'><strong>Mensis</strong></span> <span class='ocrx_word' id='word_1_144' title='bbox 1016 2658 1360 2728; x_wconf 87' lang='lat' dir='ltr'><strong>Septembris</strong></span> <span class='ocrx_word' id='word_1_145' title='bbox 1410 2658 1500 2712; x_wconf 89' lang='lat' dir='ltr'><strong>die</strong></span> <span class='ocrx_word' id='word_1_146' title='bbox 1563 2657 1827 2728; x_wconf 74' lang='lat' dir='ltr'><strong>vigesima</strong></span> <span class='ocrx_word' id='word_1_147' title='bbox 1894 2667 2086 2727; x_wconf 80' lang='lat' dir='ltr'><strong>quarta</strong></span> 
     </span>
    </p>
   </div>
   <div class='ocr_carea' id='block_1_29' title="bbox 503 2750 2089 2820">
    <p class='ocr_par' dir='ltr' id='par_1_29' title="bbox 503 2750 2089 2820">
     <span class='ocr_line' id='line_1_29' title="bbox 503 2750 2089 2820; baseline -0.003 -12"><span class='ocrx_word' id='word_1_148' title='bbox 503 2754 788 2808; x_wconf 81' lang='lat' dir='ltr'><strong>Romanus</strong></span> <span class='ocrx_word' id='word_1_149' title='bbox 832 2750 1063 2806; x_wconf 64' lang='lat' dir='ltr'><strong>Caesaris</strong></span> <span class='ocrx_word' id='word_1_150' title='bbox 1098 2751 1335 2805; x_wconf 90' lang='lat' dir='ltr'><strong>donatur</strong></span> <span class='ocrx_word' id='word_1_151' title='bbox 1368 2750 1677 2820; x_wconf 81' lang='lat' dir='ltr'><strong>dignitate;</strong></span> <span class='ocrx_word' id='word_1_152' title='bbox 1720 2750 1924 2803; x_wconf 87' lang='lat' dir='ltr'><strong>mensis</strong></span> <span class='ocrx_word' id='word_1_153' title='bbox 1958 2766 2089 2803; x_wconf 82' lang='lat' dir='ltr'><strong>vero</strong></span> 
     </span>
    </p>
   </div>
   <div class='ocr_carea' id='block_1_30' title="bbox 502 2839 2085 2909">
    <p class='ocr_par' dir='ltr' id='par_1_30' title="bbox 502 2839 2085 2909">
     <span class='ocr_line' id='line_1_30' title="bbox 502 2839 2085 2909; baseline -0.004 -12"><span class='ocrx_word' id='word_1_154' title='bbox 502 2842 823 2897; x_wconf 83' lang='lat' dir='ltr'><strong>Decembris</strong></span> <span class='ocrx_word' id='word_1_155' title='bbox 858 2841 946 2894; x_wconf 92' lang='lat' dir='ltr'><strong>die</strong></span> <span class='ocrx_word' id='word_1_156' title='bbox 977 2840 1193 2893; x_wconf 89' lang='lat' dir='ltr'><strong>decimo</strong></span> <span class='ocrx_word' id='word_1_157' title='bbox 1244 2839 1498 2909; x_wconf 87' lang='lat' dir='ltr'><strong>septimo,</strong></span> <span class='ocrx_word' id='word_1_158' title='bbox 1530 2839 1811 2893; x_wconf 88' lang='lat' dir='ltr'><strong>Dominica</strong></span> <span class='ocrx_word' id='word_1_159' title='bbox 1842 2840 2085 2905; x_wconf 86' lang='lat' dir='ltr'><strong>Patrum,</strong></span> 
     </span>
    </p>
   </div>
   <div class='ocr_carea' id='block_1_31' title="bbox 504 2931 2088 3003">
    <p class='ocr_par' dir='ltr' id='par_1_31' title="bbox 504 2931 2088 3003">
     <span class='ocr_line' id='line_1_31' title="bbox 504 2931 2088 3003; baseline -0.002 -16"><span class='ocrx_word' id='word_1_160' title='bbox 504 2949 626 3003; x_wconf 63' lang='lat' dir='ltr'><strong>qua:</strong></span> <span class='ocrx_word' id='word_1_161' title='bbox 670 2944 756 2987; x_wconf 85' lang='lat' dir='ltr'><strong>cst</strong></span> <span class='ocrx_word' id='word_1_162' title='bbox 801 2942 928 2986; x_wconf 89' lang='lat' dir='ltr'><strong>ante</strong></span> <span class='ocrx_word' id='word_1_163' title='bbox 963 2932 1223 2997; x_wconf 85' lang='lat' dir='ltr'><strong>natalem,</strong></span> <span class='ocrx_word' id='word_1_164' title='bbox 1264 2931 1535 3000; x_wconf 88' lang='lat' dir='ltr'><strong>imperiali</strong></span> <span class='ocrx_word' id='word_1_165' title='bbox 1572 2940 1860 2985; x_wconf 85' lang='lat' dir='ltr'><strong>stemmate</strong></span> <span class='ocrx_word' id='word_1_166' title='bbox 1890 2948 1917 2985; x_wconf 88' lang='lat' dir='ltr'><strong>a</strong></span> <span class='ocrx_word' id='word_1_167' title='bbox 1945 2932 2088 2986; x_wconf 88' lang='lat' dir='ltr'><strong>Con-</strong></span> 
     </span>
    </p>
   </div>
   <div class='ocr_carea' id='block_1_32' title="bbox 504 3023 2086 3093">
    <p class='ocr_par' dir='ltr' id='par_1_32' title="bbox 504 3023 2086 3093">
     <span class='ocr_line' id='line_1_32' title="bbox 504 3023 2086 3093; baseline -0.003 -14"><span class='ocrx_word' id='word_1_168' title='bbox 504 3025 746 3080; x_wconf 88' lang='lat' dir='ltr'><strong>stantino</strong></span> <span class='ocrx_word' id='word_1_169' title='bbox 781 3024 1113 3093; x_wconf 83' lang='lat' dir='ltr'><strong>imperatore</strong></span> <span class='ocrx_word' id='word_1_170' title='bbox 1139 3031 1194 3077; x_wconf 93' lang='lat' dir='ltr'><strong>et</strong></span> <span class='ocrx_word' id='word_1_171' title='bbox 1222 3023 1447 3077; x_wconf 85' lang='lat' dir='ltr'><strong>Nicolao</strong></span> <span class='ocrx_word' id='word_1_172' title='bbox 1492 3023 1801 3092; x_wconf 82' lang='lat' dir='ltr'><strong>patriarcha</strong></span> <span class='ocrx_word' id='word_1_173' title='bbox 1831 3024 2086 3077; x_wconf 84' lang='lat' dir='ltr'><strong>donatur.</strong></span> 
     </span>
    </p>
   </div>
   <div class='ocr_carea' id='block_1_33' title="bbox 506 3116 2086 3187">
    <p class='ocr_par' dir='ltr' id='par_1_33' title="bbox 506 3116 2086 3187">
     <span class='ocr_line' id='line_1_33' title="bbox 506 3116 2086 3187; baseline -0.002 -15"><span class='ocrx_word' id='word_1_174' title='bbox 506 3116 669 3173; x_wconf 77' lang='lat' dir='ltr'><strong>Sexta</strong></span> <span class='ocrx_word' id='word_1_175' title='bbox 716 3118 903 3187; x_wconf 74' lang='lat' dir='ltr'><strong>itaque</strong></span> <span class='ocrx_word' id='word_1_176' title='bbox 961 3116 1231 3178; x_wconf 83' lang='lat' dir='ltr'><strong>Januarii,</strong></span> <span class='ocrx_word' id='word_1_177' title='bbox 1283 3132 1404 3186; x_wconf 70' lang='lat' dir='ltr'><strong>qua:</strong></span> <span class='ocrx_word' id='word_1_178' title='bbox 1454 3116 1571 3169; x_wconf 88' lang='lat' dir='ltr'><strong>dies</strong></span> <span class='ocrx_word' id='word_1_179' title='bbox 1604 3132 1759 3170; x_wconf 87' lang='lat' dir='ltr'><strong>sacra</strong></span> <span class='ocrx_word' id='word_1_180' title='bbox 1791 3117 2086 3170; x_wconf 84' lang='lat' dir='ltr'><strong>Lumiuum</strong></span> 
     </span>
    </p>
   </div>
   <div class='ocr_carea' id='block_1_34' title="bbox 506 3210 2087 3280">
    <p class='ocr_par' dir='ltr' id='par_1_34' title="bbox 506 3210 2087 3280">
     <span class='ocr_line' id='line_1_34' title="bbox 506 3210 2087 3280; baseline -0.003 -14"><span class='ocrx_word' id='word_1_181' title='bbox 506 3222 612 3276; x_wconf 85' lang='lat' dir='ltr'><strong>est,</strong></span> <span class='ocrx_word' id='word_1_182' title='bbox 672 3227 898 3266; x_wconf 74' lang='lat' dir='ltr'><strong>uxorem</strong></span> <span class='ocrx_word' id='word_1_183' title='bbox 952 3226 1107 3263; x_wconf 87' lang='lat' dir='ltr'><strong>suam</strong></span> <span class='ocrx_word' id='word_1_184' title='bbox 1156 3210 1503 3265; x_wconf 87' lang='lat' dir='ltr'><strong>Theodoram</strong></span> <span class='ocrx_word' id='word_1_185' title='bbox 1564 3210 1849 3280; x_wconf 80' lang='lat' dir='ltr'><strong>Augustali</strong></span> <span class='ocrx_word' id='word_1_186' title='bbox 1884 3225 2087 3263; x_wconf 89' lang='lat' dir='ltr'><strong>corona</strong></span> 
     </span>
    </p>
   </div>
   <div class='ocr_carea' id='block_1_35' title="bbox 505 3302 2090 3373">
    <p class='ocr_par' dir='ltr' id='par_1_35' title="bbox 505 3302 2090 3373">
     <span class='ocr_line' id='line_1_35' title="bbox 505 3302 2090 3373; baseline -0.003 -14"><span class='ocrx_word' id='word_1_187' title='bbox 505 3304 713 3370; x_wconf 88' lang='lat' dir='ltr'><strong>donat;</strong></span> <span class='ocrx_word' id='word_1_188' title='bbox 789 3304 915 3357; x_wconf 84' lang='lat' dir='ltr'><strong>Maii</strong></span> <span class='ocrx_word' id='word_1_189' title='bbox 991 3320 1121 3357; x_wconf 82' lang='lat' dir='ltr'><strong>vero</strong></span> <span class='ocrx_word' id='word_1_190' title='bbox 1176 3304 1389 3358; x_wconf 86' lang='lat' dir='ltr'><strong>decima</strong></span> <span class='ocrx_word' id='word_1_191' title='bbox 1455 3303 1729 3373; x_wconf 85' lang='lat' dir='ltr'><strong>septima,</strong></span> <span class='ocrx_word' id='word_1_192' title='bbox 1789 3302 2090 3356; x_wconf 87' lang='lat' dir='ltr'><strong>indictione</strong></span> 
     </span>
    </p>
   </div>
   <div class='ocr_carea' id='block_1_36' title="bbox 506 3396 2091 3468">
    <p class='ocr_par' dir='ltr' id='par_1_36' title="bbox 506 3396 2091 3468">
     <span class='ocr_line' id='line_1_36' title="bbox 506 3396 2091 3468; baseline -0.003 -15"><span class='ocrx_word' id='word_1_193' title='bbox 506 3398 720 3468; x_wconf 87' lang='lat' dir='ltr'><strong>quinta,</strong></span> <span class='ocrx_word' id='word_1_194' title='bbox 758 3396 1193 3466; x_wconf 83' lang='lat' dir='ltr'><strong>Christophorus</strong></span> <span class='ocrx_word' id='word_1_195' title='bbox 1226 3396 1457 3450; x_wconf 86' lang='lat' dir='ltr'><strong>Romani</strong></span> <span class='ocrx_word' id='word_1_196' title='bbox 1491 3396 1637 3451; x_wconf 83' lang='lat' dir='ltr'><strong>ﬁlius</strong></span> <span class='ocrx_word' id='word_1_197' title='bbox 1672 3396 1969 3465; x_wconf 84' lang='lat' dir='ltr'><strong>imperator</strong></span> <span class='ocrx_word' id='word_1_198' title='bbox 2002 3410 2091 3449; x_wconf 88' lang='lat' dir='ltr'><strong>sa-</strong></span> 
     </span>
    </p>
   </div>
   <div class='ocr_carea' id='block_1_37' title="bbox 503 3487 2091 3557">
    <p class='ocr_par' dir='ltr' id='par_1_37' title="bbox 503 3487 2091 3557">
     <span class='ocr_line' id='line_1_37' title="bbox 503 3487 2091 3557; baseline -0.003 -11"><span class='ocrx_word' id='word_1_199' title='bbox 503 3489 736 3555; x_wconf 87' lang='lat' dir='ltr'><strong>lutatur,</strong></span> <span class='ocrx_word' id='word_1_200' title='bbox 799 3504 865 3543; x_wconf 92' lang='lat' dir='ltr'><strong>ac</strong></span> <span class='ocrx_word' id='word_1_201' title='bbox 921 3489 1010 3543; x_wconf 89' lang='lat' dir='ltr'><strong>die</strong></span> <span class='ocrx_word' id='word_1_202' title='bbox 1060 3496 1259 3557; x_wconf 87' lang='lat' dir='ltr'><strong>quarto</strong></span> <span class='ocrx_word' id='word_1_203' title='bbox 1308 3502 1473 3556; x_wconf 87' lang='lat' dir='ltr'><strong>supra</strong></span> <span class='ocrx_word' id='word_1_204' title='bbox 1523 3488 1845 3557; x_wconf 78' lang='lat' dir='ltr'><strong>vigesimum</strong></span> <span class='ocrx_word' id='word_1_205' title='bbox 1901 3489 1955 3542; x_wconf 92' lang='lat' dir='ltr'><strong>in</strong></span> <span class='ocrx_word' id='word_1_206' title='bbox 2002 3487 2091 3541; x_wconf 86' lang='lat' dir='ltr'><strong>die</strong></span> 
     </span>
    </p>
   </div>
   <div class='ocr_carea' id='block_1_38' title="bbox 508 3578 2091 3647">
    <p class='ocr_par' dir='ltr' id='par_1_38' title="bbox 508 3578 2091 3647">
     <span class='ocr_line' id='line_1_38' title="bbox 508 3578 2091 3647; baseline -0.004 -9"><span class='ocrx_word' id='word_1_207' title='bbox 508 3592 702 3638; x_wconf 85' lang='lat' dir='ltr'><strong>sancto</strong></span> <span class='ocrx_word' id='word_1_208' title='bbox 723 3583 1082 3636; x_wconf 83' lang='lat' dir='ltr'><strong>Pentecostes</strong></span> <span class='ocrx_word' id='word_1_209' title='bbox 1106 3596 1136 3632; x_wconf 88' lang='lat' dir='ltr'><strong>a</strong></span> <span class='ocrx_word' id='word_1_210' title='bbox 1179 3578 1543 3632; x_wconf 84' lang='lat' dir='ltr'><strong>Constantino</strong></span> <span class='ocrx_word' id='word_1_211' title='bbox 1569 3579 1901 3647; x_wconf 66' lang='lat' dir='ltr'><strong>imperatore</strong></span> <span class='ocrx_word' id='word_1_212' title='bbox 1930 3593 2091 3632; x_wconf 83' lang='lat' dir='ltr'><strong>coro-</strong></span> 
     </span>
    </p>
   </div>
   <div class='ocr_carea' id='block_1_39' title="bbox 505 3667 2091 3737">
    <p class='ocr_par' dir='ltr' id='par_1_39' title="bbox 505 3667 2091 3737">
     <span class='ocr_line' id='line_1_39' title="bbox 505 3667 2091 3737; baseline -0.003 -11"><span class='ocrx_word' id='word_1_213' title='bbox 505 3681 704 3735; x_wconf 87' lang='lat' dir='ltr'><strong>natur;</strong></span> <span class='ocrx_word' id='word_1_214' title='bbox 759 3669 1034 3736; x_wconf 86' lang='lat' dir='ltr'><strong>amboquc</strong></span> <span class='ocrx_word' id='word_1_215' title='bbox 1082 3667 1135 3720; x_wconf 91' lang='lat' dir='ltr'><strong>hi</strong></span> <span class='ocrx_word' id='word_1_216' title='bbox 1184 3667 1287 3721; x_wconf 91' lang='lat' dir='ltr'><strong>soli</strong></span> <span class='ocrx_word' id='word_1_217' title='bbox 1334 3668 1387 3721; x_wconf 92' lang='lat' dir='ltr'><strong>in</strong></span> <span class='ocrx_word' id='word_1_218' title='bbox 1437 3682 1499 3721; x_wconf 88' lang='lat' dir='ltr'><strong>ea</strong></span> <span class='ocrx_word' id='word_1_219' title='bbox 1554 3683 1750 3737; x_wconf 88' lang='lat' dir='ltr'><strong>pompa</strong></span> <span class='ocrx_word' id='word_1_220' title='bbox 1801 3681 2091 3737; x_wconf 85' lang='lat' dir='ltr'><strong>processe-</strong></span> 
     </span>
    </p>
   </div>
   <div class='ocr_carea' id='block_1_40' title="bbox 509 3772 662 3818">
    <p class='ocr_par' dir='ltr' id='par_1_40' title="bbox 509 3772 662 3818">
     <span class='ocr_line' id='line_1_40' title="bbox 509 3772 662 3818; baseline 0.007 -1"><span class='ocrx_word' id='word_1_221' title='bbox 509 3772 662 3818; x_wconf 88' lang='lat' dir='ltr'><strong>runt.</strong></span> 
     </span>
    </p>
   </div>
   <div class='ocr_carea' id='block_1_41' title="bbox 580 3852 2092 3919">
    <p class='ocr_par' dir='ltr' id='par_1_41' title="bbox 580 3852 2092 3919">
     <span class='ocr_line' id='line_1_41' title="bbox 580 3852 2092 3919; baseline -0.001 -10"><span class='ocrx_word' id='word_1_222' title='bbox 580 3855 700 3909; x_wconf 67' lang='lat'><strong>4-2.</strong></span> <span class='ocrx_word' id='word_1_223' title='bbox 749 3853 916 3909; x_wconf 77' lang='lat' dir='ltr'><strong>Junio</strong></span> <span class='ocrx_word' id='word_1_224' title='bbox 948 3860 1131 3908; x_wconf 87' lang='lat' dir='ltr'><strong>autem</strong></span> <span class='ocrx_word' id='word_1_225' title='bbox 1167 3867 1378 3919; x_wconf 89' lang='lat' dir='ltr'><strong>mense,</strong></span> <span class='ocrx_word' id='word_1_226' title='bbox 1427 3854 1728 3910; x_wconf 90' lang='lat' dir='ltr'><strong>indictione</strong></span> <span class='ocrx_word' id='word_1_227' title='bbox 1757 3863 1969 3918; x_wconf 80' lang='lat' dir='ltr'><strong>octava,</strong></span> <span class='ocrx_word' id='word_1_228' title='bbox 2003 3852 2092 3908; x_wconf 89' lang='lat' dir='ltr'><strong>die</strong></span> 
     </span>
    </p>
   </div>
   <div class='ocr_carea' id='block_1_42' title="bbox 508 3945 2096 4011">
    <p class='ocr_par' dir='ltr' id='par_1_42' title="bbox 508 3945 2096 4011">
     <span class='ocr_line' id='line_1_42' title="bbox 508 3945 2096 4011; baseline -0.004 -7"><span class='ocrx_word' id='word_1_229' title='bbox 508 3946 818 4011; x_wconf 84' lang='lat' dir='ltr'><strong>Dominico,</strong></span> <span class='ocrx_word' id='word_1_230' title='bbox 876 3945 1016 4001; x_wconf 87' lang='lat' dir='ltr'><strong>facta</strong></span> <span class='ocrx_word' id='word_1_231' title='bbox 1070 3946 1327 4001; x_wconf 65' lang='lat' dir='ltr'><strong>Ecclesiae</strong></span> <span class='ocrx_word' id='word_1_232' title='bbox 1359 3947 1537 4002; x_wconf 90' lang='lat' dir='ltr'><strong>unitio</strong></span> <span class='ocrx_word' id='word_1_233' title='bbox 1582 3955 1667 4001; x_wconf 91' lang='lat' dir='ltr'><strong>est</strong></span> <span class='ocrx_word' id='word_1_234' title='bbox 1713 3946 1961 4001; x_wconf 82' lang='lat' dir='ltr'><strong>Romano</strong></span> <span class='ocrx_word' id='word_1_235' title='bbox 1997 3960 2096 3998; x_wconf 90' lang='lat' dir='ltr'><strong>au-</strong></span> 
     </span>
    </p>
   </div>
   <div class='ocr_carea' id='block_1_43' title="bbox 510 4038 2088 4111">
    <p class='ocr_par' dir='ltr' id='par_1_43' title="bbox 510 4038 2088 4111">
     <span class='ocr_line' id='line_1_43' title="bbox 510 4038 2088 4111; baseline -0.003 -13"><span class='ocrx_word' id='word_1_236' title='bbox 510 4052 699 4107; x_wconf 89' lang='lat' dir='ltr'><strong>ctore,</strong></span> <span class='ocrx_word' id='word_1_237' title='bbox 746 4041 996 4111; x_wconf 86' lang='lat' dir='ltr'><strong>nnitique</strong></span> <span class='ocrx_word' id='word_1_238' title='bbox 1057 4051 1185 4095; x_wconf 91' lang='lat' dir='ltr'><strong>sunt</strong></span> <span class='ocrx_word' id='word_1_239' title='bbox 1244 4056 1473 4104; x_wconf 89' lang='lat' dir='ltr'><strong>onmes,</strong></span> <span class='ocrx_word' id='word_1_240' title='bbox 1524 4040 1885 4111; x_wconf 66' lang='lat' dir='ltr'><strong>metropolita:</strong></span> <span class='ocrx_word' id='word_1_241' title='bbox 1927 4038 2088 4109; x_wconf 78' lang='lat'><strong>891</strong></span> 
     </span>
    </p>
   </div>
   <div class='ocr_carea' id='block_1_44' title="bbox 508 4130 2091 4206">
    <p class='ocr_par' dir='ltr' id='par_1_44' title="bbox 508 4130 2091 4206">
     <span class='ocr_line' id='line_1_44' title="bbox 508 4130 2091 4206; baseline -0.004 -17"><span class='ocrx_word' id='word_1_242' title='bbox 508 4136 718 4206; x_wconf 87' lang='lat' dir='ltr'><strong>pariter</strong></span> <span class='ocrx_word' id='word_1_243' title='bbox 746 4148 811 4188; x_wconf 88' lang='lat' dir='ltr'><strong>ac</strong></span> <span class='ocrx_word' id='word_1_244' title='bbox 837 4133 1047 4201; x_wconf 88' lang='lat' dir='ltr'><strong>clerici,</strong></span> <span class='ocrx_word' id='word_1_245' title='bbox 1082 4134 1177 4204; x_wconf 78' lang='lat' dir='ltr'><strong>qui</strong></span> <span class='ocrx_word' id='word_1_246' title='bbox 1217 4149 1245 4187; x_wconf 90' lang='lat' dir='ltr'><strong>a</strong></span> <span class='ocrx_word' id='word_1_247' title='bbox 1277 4132 1503 4187; x_wconf 85' lang='lat' dir='ltr'><strong>Nicolao</strong></span> <span class='ocrx_word' id='word_1_248' title='bbox 1531 4141 1586 4187; x_wconf 91' lang='lat' dir='ltr'><strong>et</strong></span> <span class='ocrx_word' id='word_1_249' title='bbox 1613 4131 1906 4201; x_wconf 85' lang='lat' dir='ltr'><strong>Euthymio</strong></span> <span class='ocrx_word' id='word_1_250' title='bbox 1935 4130 2091 4184; x_wconf 88' lang='lat' dir='ltr'><strong>scissi</strong></span> 
     </span>
    </p>
   </div>
   <div class='ocr_carea' id='block_1_45' title="bbox 509 4228 1023 4284">
    <p class='ocr_par' dir='ltr' id='par_1_45' title="bbox 509 4228 1023 4284">
     <span class='ocr_line' id='line_1_45' title="bbox 509 4228 1023 4284; baseline -0.006 0"><span class='ocrx_word' id='word_1_251' title='bbox 509 4228 810 4284; x_wconf 86' lang='lat' dir='ltr'><strong>schismate</strong></span> <span class='ocrx_word' id='word_1_252' title='bbox 844 4236 1023 4281; x_wconf 86' lang='lat' dir='ltr'><strong>erant.</strong></span> 
     </span>
    </p>
   </div>
   <div class='ocr_carea' id='block_1_46' title="bbox 581 4326 2093 4401">
    <p class='ocr_par' dir='ltr' id='par_1_46' title="bbox 581 4326 2093 4401">
     <span class='ocr_line' id='line_1_46' title="bbox 581 4326 2093 4401; baseline -0.003 -9"><span class='ocrx_word' id='word_1_253' title='bbox 581 4339 634 4392; x_wconf 80' lang='grc'>5.</span> <span class='ocrx_word' id='word_1_254' title='bbox 687 4326 891 4392; x_wconf 79' lang='lat' dir='ltr'><strong>Octava</strong></span> <span class='ocrx_word' id='word_1_255' title='bbox 948 4336 1261 4401; x_wconf 86' lang='lat' dir='ltr'><strong>Februarii,</strong></span> <span class='ocrx_word' id='word_1_256' title='bbox 1315 4336 1615 4390; x_wconf 83' lang='lat' dir='ltr'><strong>indictione</strong></span> <span class='ocrx_word' id='word_1_257' title='bbox 1667 4351 1830 4399; x_wconf 91' lang='lat' dir='ltr'><strong>nona,</strong></span> <span class='ocrx_word' id='word_1_258' title='bbox 1867 4334 2093 4388; x_wconf 88' lang='lat' dir='ltr'><strong>mittens</strong></span> 
     </span>
    </p>
   </div>
   <div class='ocr_carea' id='block_1_47' title="bbox 2182 478 3433 561">
    <p class='ocr_par' dir='ltr' id='par_1_47' title="bbox 2182 478 3433 561">
     <span class='ocr_line' id='line_1_47' title="bbox 2182 478 3433 561; baseline -0.011 -17"><span class='ocrx_word' id='word_1_259' title='bbox 2182 494 2356 561; x_wconf 82' lang='grc' dir='ltr'>τούτῳ</span> <span class='ocrx_word' id='word_1_260' title='bbox 2389 488 2485 542; x_wconf 62' lang='grc' dir='ltr'>καὶ</span> <span class='ocrx_word' id='word_1_261' title='bbox 2517 488 2607 539; x_wconf 79' lang='grc' dir='ltr'><strong>τὸν</strong></span> <span class='ocrx_word' id='word_1_262' title='bbox 2644 482 3088 556; x_wconf 78' lang='grc' dir='ltr'>βασιλεοπάτωρα</span> <span class='ocrx_word' id='word_1_263' title='bbox 3133 478 3433 549; x_wconf 84' lang='grc' dir='ltr'>Ῥωμανόν.</span> 
     </span>
    </p>
   </div>
   <div class='ocr_carea' id='block_1_48' title="bbox 2261 572 3788 653">
    <p class='ocr_par' dir='ltr' id='par_1_48' title="bbox 2261 572 3788 653">
     <span class='ocr_line' id='line_1_48' title="bbox 2261 572 3788 653; baseline -0.005 -20"><span class='ocrx_word' id='word_1_264' title='bbox 2261 580 2345 653; x_wconf 72' lang='grc' dir='ltr'><strong>[Ρ.</strong></span> <span class='ocrx_word' id='word_1_265' title='bbox 2379 578 2504 650; x_wconf 68' lang='grc'><strong>574]</strong></span> <span class='ocrx_word' id='word_1_266' title='bbox 2543 579 2644 633; x_wconf 83' lang='grc' dir='ltr'>λα’.</span> <span class='ocrx_word' id='word_1_267' title='bbox 2686 574 2981 644; x_wconf 73' lang='grc' dir='ltr'><strong>Αὐγούστῳ</strong></span> <span class='ocrx_word' id='word_1_268' title='bbox 3041 572 3096 624; x_wconf 79' lang='grc' dir='ltr'><strong>δὲ</strong></span> <span class='ocrx_word' id='word_1_269' title='bbox 3140 572 3271 641; x_wconf 77' lang='grc' dir='ltr'>μηνὶ</span> <span class='ocrx_word' id='word_1_270' title='bbox 3312 573 3675 644; x_wconf 80' lang='grc' dir='ltr'>κατεμηνύθη</span> <span class='ocrx_word' id='word_1_271' title='bbox 3714 574 3788 626; x_wconf 71' lang='grc' dir='ltr'>τὰ</span> 
     </span>
    </p>
   </div>
   <div class='ocr_carea' id='block_1_49' title="bbox 2188 662 3787 743">
    <p class='ocr_par' dir='ltr' id='par_1_49' title="bbox 2188 662 3787 743">
     <span class='ocr_line' id='line_1_49' title="bbox 2188 662 3787 743; baseline -0.004 -20"><span class='ocrx_word' id='word_1_272' title='bbox 2188 675 2289 743; x_wconf 80' lang='grc' dir='ltr'>τῆς</span> <span class='ocrx_word' id='word_1_273' title='bbox 2343 670 2636 741; x_wconf 73' lang='grc' dir='ltr'>ἐπιϐουλῆς</span> <span class='ocrx_word' id='word_1_274' title='bbox 2692 665 3105 720; x_wconf 82' lang='grc' dir='ltr'>Κωνσταντίνου</span> <span class='ocrx_word' id='word_1_275' title='bbox 3149 662 3246 716; x_wconf 79' lang='grc' dir='ltr'>τοῦ</span> <span class='ocrx_word' id='word_1_276' title='bbox 3294 665 3651 734; x_wconf 78' lang='grc' dir='ltr'>Κτηματινοῠ</span> <span class='ocrx_word' id='word_1_277' title='bbox 3687 666 3787 720; x_wconf 70' lang='grc' dir='ltr'>καὶ</span> 
     </span>
    </p>
   </div>
   <div class='ocr_carea' id='block_1_50' title="bbox 2190 756 3788 832">
    <p class='ocr_par' dir='ltr' id='par_1_50' title="bbox 2190 756 3788 832">
     <span class='ocr_line' id='line_1_50' title="bbox 2190 756 3788 832; baseline -0.007 -14"><span class='ocrx_word' id='word_1_278' title='bbox 2190 764 2357 819; x_wconf 77' lang='grc' dir='ltr'><strong>Δαὸὶδ</strong></span> <span class='ocrx_word' id='word_1_279' title='bbox 2408 760 2792 832; x_wconf 79' lang='grc' dir='ltr'>Καμουλιανοῦ</span> <span class='ocrx_word' id='word_1_280' title='bbox 2848 759 2942 811; x_wconf 74' lang='grc' dir='ltr'><strong>καὶ</strong></span> <span class='ocrx_word' id='word_1_281' title='bbox 3012 756 3232 827; x_wconf 75' lang='grc' dir='ltr'>Μιχαὴλ</span> <span class='ocrx_word' id='word_1_282' title='bbox 3290 761 3642 827; x_wconf 78' lang='grc' dir='ltr'>κουράτωρος</span> <span class='ocrx_word' id='word_1_283' title='bbox 3674 757 3788 809; x_wconf 82' lang='grc' dir='ltr'>τῶν</span> 
     </span>
    </p>
   </div>
   <div class='ocr_carea' id='block_1_51' title="bbox 2193 842 3789 927">
    <p class='ocr_par' dir='ltr' id='par_1_51' title="bbox 2193 842 3789 927">
     <span class='ocr_line' id='line_1_51' title="bbox 2193 842 3789 927; baseline -0.006 -18"><span class='ocrx_word' id='word_1_284' title='bbox 2193 855 2529 927; x_wconf 80' lang='grc' dir='ltr'>μαγγάνων’</span> <span class='ocrx_word' id='word_1_285' title='bbox 2591 853 2687 906; x_wconf 72' lang='grc' dir='ltr'><strong>καὶ</strong></span> <span class='ocrx_word' id='word_1_286' title='bbox 2745 851 3043 920; x_wconf 76' lang='grc' dir='ltr'>τυφθὲντες</span> <span class='ocrx_word' id='word_1_287' title='bbox 3103 842 3251 902; x_wconf 74' lang='grc' dir='ltr'>οὗτοι</span> <span class='ocrx_word' id='word_1_288' title='bbox 3282 850 3374 901; x_wconf 74' lang='grc' dir='ltr'><strong>καὶ</strong></span> <span class='ocrx_word' id='word_1_289' title='bbox 3415 849 3789 919; x_wconf 78' lang='grc' dir='ltr'>δημευθέντες</span> 
     </span>
    </p>
   </div>
   <div class='ocr_carea' id='block_1_52' title="bbox 2188 939 3790 1017">
    <p class='ocr_par' dir='ltr' id='par_1_52' title="bbox 2188 939 3790 1017">
     <span class='ocr_line' id='line_1_52' title="bbox 2188 939 3790 1017; baseline -0.012 -15"><span class='ocrx_word' id='word_1_290' title='bbox 2188 949 2274 1002; x_wconf 82' lang='grc' dir='ltr'>διὰ</span> <span class='ocrx_word' id='word_1_291' title='bbox 2310 946 2482 1017; x_wconf 80' lang='grc' dir='ltr'><strong>μέσης</strong></span> <span class='ocrx_word' id='word_1_292' title='bbox 2510 943 2722 1014; x_wconf 82' lang='grc' dir='ltr'><strong>διῆλθον</strong></span> <span class='ocrx_word' id='word_1_293' title='bbox 2745 944 2843 1012; x_wconf 79' lang='grc' dir='ltr'><strong>τῆς</strong></span> <span class='ocrx_word' id='word_1_294' title='bbox 2876 942 3083 1003; x_wconf 77' lang='grc' dir='ltr'>πόλεως</span> <span class='ocrx_word' id='word_1_295' title='bbox 3136 940 3230 993; x_wconf 64' lang='grc' dir='ltr'><strong>καὶ</strong></span> <span class='ocrx_word' id='word_1_296' title='bbox 3278 939 3460 1011; x_wconf 74' lang='grc' dir='ltr'>ὲξορία</span> <span class='ocrx_word' id='word_1_297' title='bbox 3491 942 3790 1010; x_wconf 78' lang='grc' dir='ltr'>παρεπέμ-</span> 
     </span>
    </p>
   </div>
   <div class='ocr_carea' id='block_1_53' title="bbox 2190 1034 3789 1111">
    <p class='ocr_par' dir='ltr' id='par_1_53' title="bbox 2190 1034 3789 1111">
     <span class='ocr_line' id='line_1_53' title="bbox 2190 1034 3789 1111; baseline -0.007 -17"><span class='ocrx_word' id='word_1_298' title='bbox 2190 1041 2425 1111; x_wconf 80' lang='grc' dir='ltr'>φθησαν.</span> <span class='ocrx_word' id='word_1_299' title='bbox 2482 1038 2727 1105; x_wconf 84' lang='grc' dir='ltr'>Ἥγαγον</span> <span class='ocrx_word' id='word_1_300' title='bbox 2754 1036 2810 1088; x_wconf 85' lang='grc' dir='ltr'>δὲ</span> <span class='ocrx_word' id='word_1_301' title='bbox 2857 1035 2951 1086; x_wconf 73' lang='grc' dir='ltr'><strong>καὶ</strong></span> <span class='ocrx_word' id='word_1_302' title='bbox 3008 1034 3215 1086; x_wconf 82' lang='grc' dir='ltr'><strong>Λέοντα</strong></span> <span class='ocrx_word' id='word_1_303' title='bbox 3247 1034 3538 1102; x_wconf 79' lang='grc' dir='ltr'>μάγιστρον</span> <span class='ocrx_word' id='word_1_304' title='bbox 3563 1034 3662 1085; x_wconf 71' lang='grc' dir='ltr'><strong>καὶ</strong></span> <span class='ocrx_word' id='word_1_305' title='bbox 3693 1034 3789 1087; x_wconf 84' lang='grc' dir='ltr'><strong>δο-</strong></span> 
     </span>
    </p>
   </div>
   <div class='ocr_carea' id='block_1_54' title="bbox 2192 1127 3789 1206">
    <p class='ocr_par' dir='ltr' id='par_1_54' title="bbox 2192 1127 3789 1206">
     <span class='ocr_line' id='line_1_54' title="bbox 2192 1127 3789 1206; baseline -0.004 -18"><span class='ocrx_word' id='word_1_306' title='bbox 2192 1135 2449 1206; x_wconf 88' lang='grc' dir='ltr'>μέστικον</span> <span class='ocrx_word' id='word_1_307' title='bbox 2504 1132 2613 1185; x_wconf 84' lang='grc' dir='ltr'><strong>τῶν</strong></span> <span class='ocrx_word' id='word_1_308' title='bbox 2668 1130 2873 1199; x_wconf 83' lang='grc' dir='ltr'>σχολῶν</span> <span class='ocrx_word' id='word_1_309' title='bbox 2924 1132 2981 1182; x_wconf 85' lang='grc' dir='ltr'><strong>ἐν</strong></span> <span class='ocrx_word' id='word_1_310' title='bbox 3023 1131 3090 1199; x_wconf 80' lang='grc' dir='ltr'>τῇ</span> <span class='ocrx_word' id='word_1_311' title='bbox 3141 1127 3317 1191; x_wconf 85' lang='grc' dir='ltr'>πόλει,</span> <span class='ocrx_word' id='word_1_312' title='bbox 3344 1130 3438 1181; x_wconf 74' lang='grc' dir='ltr'>καὶ</span> <span class='ocrx_word' id='word_1_313' title='bbox 3471 1128 3695 1199; x_wconf 78' lang='grc' dir='ltr'>διῆλθεν</span> <span class='ocrx_word' id='word_1_314' title='bbox 3730 1129 3789 1182; x_wconf 84' lang='grc' dir='ltr'>ὲν</span> 
     </span>
    </p>
   </div>
   <div class='ocr_carea' id='block_1_55' title="bbox 2194 1208 3268 1297">
    <p class='ocr_par' dir='ltr' id='par_1_55' title="bbox 2194 1208 3268 1297">
     <span class='ocr_line' id='line_1_55' title="bbox 2194 1208 3268 1297; baseline -0.006 -19"><span class='ocrx_word' id='word_1_315' title='bbox 2194 1227 2332 1297; x_wconf 85' lang='grc' dir='ltr'>μέσῃ</span> <span class='ocrx_word' id='word_1_316' title='bbox 2366 1227 2432 1295; x_wconf 77' lang='grc' dir='ltr'>τῇ</span> <span class='ocrx_word' id='word_1_317' title='bbox 2468 1224 2648 1293; x_wconf 83' lang='grc' dir='ltr'>ἀγορᾷ</span> <span class='ocrx_word' id='word_1_318' title='bbox 2677 1208 2885 1293; x_wconf 80' lang='grc' dir='ltr'>ἡμιόνῳ</span> <span class='ocrx_word' id='word_1_319' title='bbox 2918 1217 3268 1290; x_wconf 79' lang='grc' dir='ltr'><strong>ἐφεζόμενος.</strong></span> 
     </span>
    </p>
   </div>
   <div class='ocr_carea' id='block_1_56' title="bbox 2262 1328 3785 1407">
    <p class='ocr_par' dir='ltr' id='par_1_56' title="bbox 2262 1328 3785 1407">
     <span class='ocr_line' id='line_1_56' title="bbox 2262 1328 3785 1407; baseline -0.005 -18"><span class='ocrx_word' id='word_1_320' title='bbox 2262 1336 2477 1407; x_wconf 73' lang='grc' dir='ltr'>λβ’-λγ’.</span> <span class='ocrx_word' id='word_1_321' title='bbox 2520 1334 2808 1406; x_wconf 78' lang='grc' dir='ltr'>Ἐφωράθη</span> <span class='ocrx_word' id='word_1_322' title='bbox 2840 1333 2897 1390; x_wconf 81' lang='grc' dir='ltr'><strong>δὲ</strong></span> <span class='ocrx_word' id='word_1_323' title='bbox 2939 1334 3031 1385; x_wconf 68' lang='grc' dir='ltr'><strong>καὶ</strong></span> <span class='ocrx_word' id='word_1_324' title='bbox 3072 1332 3192 1401; x_wconf 69' lang='lat' dir='ltr'><strong>Zur};</strong></span> <span class='ocrx_word' id='word_1_325' title='bbox 3226 1328 3517 1398; x_wconf 77' lang='grc' dir='ltr'>Λύγούστα</span> <span class='ocrx_word' id='word_1_326' title='bbox 3564 1330 3785 1384; x_wconf 69' lang='grc' dir='ltr'>ἐπιϐου-</span> 
     </span>
    </p>
   </div>
   <div class='ocr_carea' id='block_1_57' title="bbox 2191 1420 3784 1494">
    <p class='ocr_par' dir='ltr' id='par_1_57' title="bbox 2191 1420 3784 1494">
     <span class='ocr_line' id='line_1_57' title="bbox 2191 1420 3784 1494; baseline -0.003 -16"><span class='ocrx_word' id='word_1_327' title='bbox 2191 1425 2425 1478; x_wconf 86' lang='grc' dir='ltr'>λεύουσα</span> <span class='ocrx_word' id='word_1_328' title='bbox 2470 1425 2735 1494; x_wconf 82' lang='grc' dir='ltr'>Ῥωμανῷ</span> <span class='ocrx_word' id='word_1_329' title='bbox 2791 1423 2879 1475; x_wconf 79' lang='grc' dir='ltr'>διὰ</span> <span class='ocrx_word' id='word_1_330' title='bbox 2930 1421 3417 1492; x_wconf 72' lang='grc' dir='ltr'>πεφριρμαγμένων</span> <span class='ocrx_word' id='word_1_331' title='bbox 3478 1420 3784 1491; x_wconf 76' lang='grc' dir='ltr'><strong>βρωμάτων</strong></span> 
     </span>
    </p>
   </div>
   <div class='ocr_carea' id='block_1_58' title="bbox 2192 1514 3779 1589">
    <p class='ocr_par' dir='ltr' id='par_1_58' title="bbox 2192 1514 3779 1589">
     <span class='ocr_line' id='line_1_58' title="bbox 2192 1514 3779 1589; baseline -0.003 -17"><span class='ocrx_word' id='word_1_332' title='bbox 2192 1520 2297 1572; x_wconf 80' lang='grc' dir='ltr'>ὑπὸ</span> <span class='ocrx_word' id='word_1_333' title='bbox 2332 1518 2635 1589; x_wconf 86' lang='grc' dir='ltr'>Θεοκλήτου</span> <span class='ocrx_word' id='word_1_334' title='bbox 2671 1516 2923 1587; x_wconf 87' lang='grc' dir='ltr'>νοταρίου</span> <span class='ocrx_word' id='word_1_335' title='bbox 2968 1516 3066 1585; x_wconf 82' lang='grc' dir='ltr'><strong>τῆς</strong></span> <span class='ocrx_word' id='word_1_336' title='bbox 3094 1514 3400 1584; x_wconf 77' lang='grc' dir='ltr'>ὑπουργίας</span> <span class='ocrx_word' id='word_1_337' title='bbox 3449 1517 3779 1569; x_wconf 71' lang='grc' dir='ltr'>σκευασθένο</span> 
     </span>
    </p>
   </div>
   <div class='ocr_carea' id='block_1_59' title="bbox 2191 1604 3783 1680">
    <p class='ocr_par' dir='ltr' id='par_1_59' title="bbox 2191 1604 3783 1680">
     <span class='ocr_line' id='line_1_59' title="bbox 2191 1604 3783 1680; baseline -0.005 -15"><span class='ocrx_word' id='word_1_338' title='bbox 2191 1630 2320 1665; x_wconf 89' lang='grc' dir='ltr'>των.</span> <span class='ocrx_word' id='word_1_339' title='bbox 2348 1612 2459 1664; x_wconf 70' lang='grc' dir='ltr'><strong>Καὶ</strong></span> <span class='ocrx_word' id='word_1_340' title='bbox 2510 1609 2716 1680; x_wconf 87' lang='grc' dir='ltr'>ταύτην</span> <span class='ocrx_word' id='word_1_341' title='bbox 2767 1605 2861 1661; x_wconf 80' lang='grc' dir='ltr'>τοῦ</span> <span class='ocrx_word' id='word_1_342' title='bbox 2895 1606 3156 1659; x_wconf 82' lang='grc' dir='ltr'>παλατίου</span> <span class='ocrx_word' id='word_1_343' title='bbox 3196 1604 3671 1667; x_wconf 76' lang='grc' dir='ltr'>καταϐιϐάζουσιν</span> <span class='ocrx_word' id='word_1_344' title='bbox 3699 1605 3783 1658; x_wconf 80' lang='grc' dir='ltr'>καὶ</span> 
     </span>
    </p>
   </div>
   <div class='ocr_carea' id='block_1_60' title="bbox 2193 1696 3783 1772">
    <p class='ocr_par' dir='ltr' id='par_1_60' title="bbox 2193 1696 3783 1772">
     <span class='ocr_line' id='line_1_60' title="bbox 2193 1696 3783 1772; baseline -0.006 -14"><span class='ocrx_word' id='word_1_345' title='bbox 2193 1707 2273 1769; x_wconf 80' lang='grc' dir='ltr'><strong>είς</strong></span> <span class='ocrx_word' id='word_1_346' title='bbox 2316 1703 2378 1756; x_wconf 77' lang='grc' dir='ltr'>τὸ</span> <span class='ocrx_word' id='word_1_347' title='bbox 2418 1701 2648 1772; x_wconf 86' lang='grc' dir='ltr'>Πετρίον</span> <span class='ocrx_word' id='word_1_348' title='bbox 2706 1701 2999 1768; x_wconf 85' lang='grc' dir='ltr'>ἀπάγουσι,</span> <span class='ocrx_word' id='word_1_349' title='bbox 3040 1700 3107 1768; x_wconf 81' lang='grc' dir='ltr'>τῇ</span> <span class='ocrx_word' id='word_1_350' title='bbox 3156 1700 3253 1768; x_wconf 80' lang='grc' dir='ltr'>τῆς</span> <span class='ocrx_word' id='word_1_351' title='bbox 3294 1696 3456 1765; x_wconf 80' lang='grc' dir='ltr'>ἁγίας</span> <span class='ocrx_word' id='word_1_352' title='bbox 3492 1698 3783 1767; x_wconf 66' lang='grc' dir='ltr'>Εύιρημίσς</span> 
     </span>
    </p>
   </div>
   <div class='ocr_carea' id='block_1_61' title="bbox 2198 1793 2801 1866">
    <p class='ocr_par' dir='ltr' id='par_1_61' title="bbox 2198 1793 2801 1866">
     <span class='ocr_line' id='line_1_61' title="bbox 2198 1793 2801 1866; baseline -0.008 -17"><span class='ocrx_word' id='word_1_353' title='bbox 2198 1799 2336 1866; x_wconf 82' lang='grc' dir='ltr'>μονῇ</span> <span class='ocrx_word' id='word_1_354' title='bbox 2375 1793 2801 1863; x_wconf 87' lang='grc' dir='ltr'>ἀποκείραντες.</span> 
     </span>
    </p>
   </div>
   <div class='ocr_carea' id='block_1_62' title="bbox 2260 1900 3783 1978">
    <p class='ocr_par' dir='ltr' id='par_1_62' title="bbox 2260 1900 3783 1978">
     <span class='ocr_line' id='line_1_62' title="bbox 2260 1900 3783 1978; baseline -0.005 -19"><span class='ocrx_word' id='word_1_355' title='bbox 2260 1908 2352 1962; x_wconf 74' lang='grc' dir='ltr'>λό’.</span> <span class='ocrx_word' id='word_1_356' title='bbox 2387 1904 2747 1978; x_wconf 85' lang='grc' dir='ltr'>Προσεκλήθη</span> <span class='ocrx_word' id='word_1_357' title='bbox 2777 1903 2831 1955; x_wconf 83' lang='grc' dir='ltr'><strong>δὲ</strong></span> <span class='ocrx_word' id='word_1_358' title='bbox 2890 1902 3041 1973; x_wconf 77' lang='grc' dir='ltr'>παρὰ</span> <span class='ocrx_word' id='word_1_359' title='bbox 3075 1900 3461 1969; x_wconf 64' lang='grc' dir='ltr'>Θεοφυλάκτου</span> <span class='ocrx_word' id='word_1_360' title='bbox 3492 1901 3783 1971; x_wconf 80' lang='grc' dir='ltr'>πατρικίου</span> 
     </span>
    </p>
   </div>
   <div class='ocr_carea' id='block_1_63' title="bbox 2191 1992 3783 2069">
    <p class='ocr_par' dir='ltr' id='par_1_63' title="bbox 2191 1992 3783 2069">
     <span class='ocr_line' id='line_1_63' title="bbox 2191 1992 3783 2069; baseline -0.007 -16"><span class='ocrx_word' id='word_1_361' title='bbox 2191 2000 2287 2053; x_wconf 77' lang='grc' dir='ltr'><strong>καὶ</strong></span> <span class='ocrx_word' id='word_1_362' title='bbox 2312 1998 2551 2069; x_wconf 84' lang='grc' dir='ltr'>κόμητος</span> <span class='ocrx_word' id='word_1_363' title='bbox 2581 1996 2677 2049; x_wconf 80' lang='grc' dir='ltr'><strong>τοῦ</strong></span> <span class='ocrx_word' id='word_1_364' title='bbox 2714 1995 2946 2048; x_wconf 74' lang='grc' dir='ltr'>στάόλου</span> <span class='ocrx_word' id='word_1_365' title='bbox 2991 1995 3071 2055; x_wconf 80' lang='grc' dir='ltr'><strong>είς</strong></span> <span class='ocrx_word' id='word_1_366' title='bbox 3117 1994 3341 2062; x_wconf 80' lang='grc' dir='ltr'>ἄριστον</span> <span class='ocrx_word' id='word_1_367' title='bbox 3373 1994 3399 2045; x_wconf 88' lang='grc' dir='ltr'><strong>ό</strong></span> <span class='ocrx_word' id='word_1_368' title='bbox 3427 1992 3783 2059; x_wconf 80' lang='grc' dir='ltr'>παιδαγωγὸς</span> 
     </span>
    </p>
   </div>
   <div class='ocr_carea' id='block_1_64' title="bbox 2191 2082 3784 2159">
    <p class='ocr_par' dir='ltr' id='par_1_64' title="bbox 2191 2082 3784 2159">
     <span class='ocr_line' id='line_1_64' title="bbox 2191 2082 3784 2159; baseline -0.006 -15"><span class='ocrx_word' id='word_1_369' title='bbox 2191 2091 2602 2144; x_wconf 85' lang='grc' dir='ltr'>Κωνσταντίνου</span> <span class='ocrx_word' id='word_1_370' title='bbox 2623 2087 2885 2159; x_wconf 83' lang='grc' dir='ltr'>βασιλέως</span> <span class='ocrx_word' id='word_1_371' title='bbox 2912 2085 3189 2155; x_wconf 79' lang='grc' dir='ltr'>Θεόδωρος</span> <span class='ocrx_word' id='word_1_372' title='bbox 3211 2085 3304 2136; x_wconf 81' lang='grc' dir='ltr'>καὶ</span> <span class='ocrx_word' id='word_1_373' title='bbox 3322 2082 3542 2152; x_wconf 82' lang='grc' dir='ltr'>Συμεὼν</span> <span class='ocrx_word' id='word_1_374' title='bbox 3557 2085 3586 2135; x_wconf 73' lang='grc' dir='ltr'>ὁ</span> <span class='ocrx_word' id='word_1_375' title='bbox 3614 2082 3784 2135; x_wconf 73' lang='grc' dir='ltr'>αύτοῦ</span> 
     </span>
    </p>
   </div>
   <div class='ocr_carea' id='block_1_65' title="bbox 2190 2173 3787 2251">
    <p class='ocr_par' dir='ltr' id='par_1_65' title="bbox 2190 2173 3787 2251">
     <span class='ocr_line' id='line_1_65' title="bbox 2190 2173 3787 2251; baseline -0.008 -14"><span class='ocrx_word' id='word_1_376' title='bbox 2190 2182 2439 2251; x_wconf 77' lang='grc' dir='ltr'>ἀδελφός.</span> <span class='ocrx_word' id='word_1_377' title='bbox 2486 2180 2806 2235; x_wconf 83' lang='grc' dir='ltr'>Ἐσθιόντων</span> <span class='ocrx_word' id='word_1_378' title='bbox 2839 2173 2933 2232; x_wconf 74' lang='grc' dir='ltr'><strong>οὖν</strong></span> <span class='ocrx_word' id='word_1_379' title='bbox 2993 2174 3243 2245; x_wconf 79' lang='grc' dir='ltr'>εἰσῆλθεν</span> <span class='ocrx_word' id='word_1_380' title='bbox 3289 2176 3544 2244; x_wconf 77' lang='grc' dir='ltr'>Ἰωάννης</span> <span class='ocrx_word' id='word_1_381' title='bbox 3592 2175 3787 2244; x_wconf 79' lang='grc' dir='ltr'>δρουγ-</span> 
     </span>
    </p>
   </div>
   <div class='ocr_carea' id='block_1_66' title="bbox 2190 2266 3783 2345">
    <p class='ocr_par' dir='ltr' id='par_1_66' title="bbox 2190 2266 3783 2345">
     <span class='ocr_line' id='line_1_66' title="bbox 2190 2266 3783 2345; baseline -0.006 -16"><span class='ocrx_word' id='word_1_382' title='bbox 2190 2276 2383 2345; x_wconf 83' lang='grc' dir='ltr'>γάριος</span> <span class='ocrx_word' id='word_1_383' title='bbox 2435 2274 2532 2343; x_wconf 83' lang='grc' dir='ltr'><strong>τῆς</strong></span> <span class='ocrx_word' id='word_1_384' title='bbox 2585 2272 2776 2342; x_wconf 83' lang='grc' dir='ltr'>βίγλης</span> <span class='ocrx_word' id='word_1_385' title='bbox 2835 2273 2863 2323; x_wconf 86' lang='grc' dir='ltr'>ὁ</span> <span class='ocrx_word' id='word_1_386' title='bbox 2920 2268 3242 2338; x_wconf 81' lang='grc' dir='ltr'>Κουρκούας</span> <span class='ocrx_word' id='word_1_387' title='bbox 3299 2267 3603 2336; x_wconf 83' lang='grc' dir='ltr'>λεγόμενος</span> <span class='ocrx_word' id='word_1_388' title='bbox 3656 2266 3783 2335; x_wconf 74' lang='grc' dir='ltr'>μετᾶ</span> 
     </span>
    </p>
   </div>
   <div class='ocr_carea' id='block_1_67' title="bbox 2191 2357 3785 2431">
    <p class='ocr_par' dir='ltr' id='par_1_67' title="bbox 2191 2357 3785 2431">
     <span class='ocr_line' id='line_1_67' title="bbox 2191 2357 3785 2431; baseline -0.004 -14"><span class='ocrx_word' id='word_1_389' title='bbox 2191 2365 2447 2419; x_wconf 78' lang='grc' dir='ltr'>πλείστου</span> <span class='ocrx_word' id='word_1_390' title='bbox 2476 2364 2633 2429; x_wconf 79' lang='grc' dir='ltr'>λαοῦ,</span> <span class='ocrx_word' id='word_1_391' title='bbox 2668 2364 2758 2416; x_wconf 75' lang='grc' dir='ltr'><strong>καὶ</strong></span> <span class='ocrx_word' id='word_1_392' title='bbox 2796 2361 3019 2423; x_wconf 78' lang='grc' dir='ltr'>τούτους</span> <span class='ocrx_word' id='word_1_393' title='bbox 3063 2359 3388 2431; x_wconf 75' lang='grc' dir='ltr'>ἀναρπάσας</span> <span class='ocrx_word' id='word_1_394' title='bbox 3416 2360 3501 2422; x_wconf 83' lang='grc' dir='ltr'><strong>είς</strong></span> <span class='ocrx_word' id='word_1_395' title='bbox 3529 2358 3597 2411; x_wconf 74' lang='grc' dir='ltr'>τὸ</span> <span class='ocrx_word' id='word_1_396' title='bbox 3646 2357 3785 2427; x_wconf 73' lang='grc' dir='ltr'>Ὀψί-</span> 
     </span>
    </p>
   </div>
   <div class='ocr_carea' id='block_1_68' title="bbox 2192 2449 3785 2527">
    <p class='ocr_par' dir='ltr' id='par_1_68' title="bbox 2192 2449 3785 2527">
     <span class='ocr_line' id='line_1_68' title="bbox 2192 2449 3785 2527; baseline -0.007 -14"><span class='ocrx_word' id='word_1_397' title='bbox 2192 2476 2307 2513; x_wconf 81' lang='grc' dir='ltr'>κιον</span> <span class='ocrx_word' id='word_1_398' title='bbox 2343 2457 2604 2527; x_wconf 70' lang='grc' dir='ltr'>ἐξώρισεν</span> <span class='ocrx_word' id='word_1_399' title='bbox 2654 2458 2713 2507; x_wconf 85' lang='grc' dir='ltr'>ὲν</span> <span class='ocrx_word' id='word_1_400' title='bbox 2742 2458 2855 2515; x_wconf 88' lang='grc' dir='ltr'>τοῖς</span> <span class='ocrx_word' id='word_1_401' title='bbox 2904 2453 3085 2506; x_wconf 75' lang='grc' dir='ltr'>αὐτῶν</span> <span class='ocrx_word' id='word_1_402' title='bbox 3127 2450 3481 2520; x_wconf 76' lang='grc' dir='ltr'>προαστείοις</span> <span class='ocrx_word' id='word_1_403' title='bbox 3525 2449 3607 2513; x_wconf 86' lang='grc' dir='ltr'>ὡς</span> <span class='ocrx_word' id='word_1_404' title='bbox 3650 2449 3785 2502; x_wconf 63' lang='grc' dir='ltr'>κατὰ</span> 
     </span>
    </p>
   </div>
   <div class='ocr_carea' id='block_1_69' title="bbox 2189 2547 3022 2619">
    <p class='ocr_par' dir='ltr' id='par_1_69' title="bbox 2189 2547 3022 2619">
     <span class='ocr_line' id='line_1_69' title="bbox 2189 2547 3022 2619; baseline -0.008 -14"><span class='ocrx_word' id='word_1_405' title='bbox 2189 2551 2283 2605; x_wconf 79' lang='grc' dir='ltr'>τοῦ</span> <span class='ocrx_word' id='word_1_406' title='bbox 2330 2548 2613 2619; x_wconf 81' lang='grc' dir='ltr'>Ῥωμανοῦ</span> <span class='ocrx_word' id='word_1_407' title='bbox 2656 2547 3022 2618; x_wconf 83' lang='grc' dir='ltr'>μελετῶντας.</span> 
     </span>
    </p>
   </div>
   <div class='ocr_carea' id='block_1_70' title="bbox 2263 2660 3786 2734">
    <p class='ocr_par' dir='ltr' id='par_1_70' title="bbox 2263 2660 3786 2734">
     <span class='ocr_line' id='line_1_70' title="bbox 2263 2660 3786 2734; baseline -0.005 -16"><span class='ocrx_word' id='word_1_408' title='bbox 2263 2664 2356 2718; x_wconf 79' lang='grc' dir='ltr'>λε’.</span> <span class='ocrx_word' id='word_1_409' title='bbox 2396 2666 2627 2734; x_wconf 76' lang='grc' dir='ltr'>Είκοστῇ</span> <span class='ocrx_word' id='word_1_410' title='bbox 2661 2664 2895 2734; x_wconf 83' lang='grc' dir='ltr'>τετάρτῃ</span> <span class='ocrx_word' id='word_1_411' title='bbox 2946 2662 3040 2715; x_wconf 81' lang='grc' dir='ltr'>τοῦ</span> <span class='ocrx_word' id='word_1_412' title='bbox 3090 2660 3473 2731; x_wconf 73' lang='grc' dir='ltr'>Σεπτεμϐρίου</span> <span class='ocrx_word' id='word_1_413' title='bbox 3508 2660 3681 2730; x_wconf 66' lang='grc' dir='ltr'>μηνὸς</span> <span class='ocrx_word' id='word_1_414' title='bbox 3710 2676 3786 2711; x_wconf 82' lang='grc' dir='ltr'>τι·</span> 
     </span>
    </p>
   </div>
   <div class='ocr_carea' id='block_1_71' title="bbox 2197 2754 3785 2827">
    <p class='ocr_par' dir='ltr' id='par_1_71' title="bbox 2197 2754 3785 2827">
     <span class='ocr_line' id='line_1_71' title="bbox 2197 2754 3785 2827; baseline -0.004 -16"><span class='ocrx_word' id='word_1_415' title='bbox 2197 2760 2365 2827; x_wconf 74' lang='grc' dir='ltr'>μᾶται</span> <span class='ocrx_word' id='word_1_416' title='bbox 2415 2756 2693 2825; x_wconf 79' lang='grc' dir='ltr'>Ῥωμανὸς</span> <span class='ocrx_word' id='word_1_417' title='bbox 2728 2759 2795 2827; x_wconf 78' lang='grc' dir='ltr'>τῇ</span> <span class='ocrx_word' id='word_1_418' title='bbox 2828 2754 2922 2809; x_wconf 81' lang='grc' dir='ltr'>τοῦ</span> <span class='ocrx_word' id='word_1_419' title='bbox 2961 2756 3238 2827; x_wconf 81' lang='grc' dir='ltr'>Καίσαρος</span> <span class='ocrx_word' id='word_1_420' title='bbox 3261 2754 3413 2825; x_wconf 76' lang='grc' dir='ltr'>ἀξίᾳ,</span> <span class='ocrx_word' id='word_1_421' title='bbox 3449 2754 3546 2806; x_wconf 74' lang='grc' dir='ltr'>καὶ</span> <span class='ocrx_word' id='word_1_422' title='bbox 3573 2756 3785 2821; x_wconf 77' lang='grc' dir='ltr'>Δεκεμ-</span> 
     </span>
    </p>
   </div>
   <div class='ocr_carea' id='block_1_72' title="bbox 2194 2847 3783 2921">
    <p class='ocr_par' dir='ltr' id='par_1_72' title="bbox 2194 2847 3783 2921">
     <span class='ocr_line' id='line_1_72' title="bbox 2194 2847 3783 2921; baseline -0.003 -19"><span class='ocrx_word' id='word_1_423' title='bbox 2194 2851 2331 2921; x_wconf 79' lang='grc' dir='ltr'>ϐρίῳ</span> <span class='ocrx_word' id='word_1_424' title='bbox 2358 2850 2489 2920; x_wconf 78' lang='grc' dir='ltr'>μηνὶ</span> <span class='ocrx_word' id='word_1_425' title='bbox 2521 2849 2722 2919; x_wconf 84' lang='grc' dir='ltr'>δεκάτῃ</span> <span class='ocrx_word' id='word_1_426' title='bbox 2754 2847 2957 2920; x_wconf 80' lang='grc' dir='ltr'>ἐϐδόμῃ</span> <span class='ocrx_word' id='word_1_427' title='bbox 2995 2851 3059 2919; x_wconf 81' lang='grc' dir='ltr'>τῇ</span> <span class='ocrx_word' id='word_1_428' title='bbox 3107 2847 3215 2901; x_wconf 84' lang='grc' dir='ltr'><strong>τῶν</strong></span> <span class='ocrx_word' id='word_1_429' title='bbox 3246 2847 3511 2917; x_wconf 84' lang='grc' dir='ltr'>Πατέρων</span> <span class='ocrx_word' id='word_1_430' title='bbox 3534 2848 3783 2916; x_wconf 69' lang='grc' dir='ltr'>κυριακῇ</span> 
     </span>
    </p>
   </div>
   <div class='ocr_carea' id='block_1_73' title="bbox 2191 2937 3787 3012">
    <p class='ocr_par' dir='ltr' id='par_1_73' title="bbox 2191 2937 3787 3012">
     <span class='ocr_line' id='line_1_73' title="bbox 2191 2937 3787 3012; baseline -0.003 -18"><span class='ocrx_word' id='word_1_431' title='bbox 2191 2942 2268 3012; x_wconf 81' lang='grc' dir='ltr'><strong>τῷ</strong></span> <span class='ocrx_word' id='word_1_432' title='bbox 2289 2944 2388 3011; x_wconf 68' lang='grc' dir='ltr'>τῆς</span> <span class='ocrx_word' id='word_1_433' title='bbox 2419 2939 2696 3010; x_wconf 78' lang='grc' dir='ltr'>βασιλείας</span> <span class='ocrx_word' id='word_1_434' title='bbox 2727 2940 2987 3007; x_wconf 65' lang='grc' dir='ltr'>στέφεται</span> <span class='ocrx_word' id='word_1_435' title='bbox 3020 2939 3313 3009; x_wconf 82' lang='grc' dir='ltr'>διαδήματι</span> <span class='ocrx_word' id='word_1_436' title='bbox 3347 2938 3501 3008; x_wconf 80' lang='grc' dir='ltr'>παρὰ</span> <span class='ocrx_word' id='word_1_437' title='bbox 3524 2937 3787 3007; x_wconf 77' lang='grc' dir='ltr'>βασιλέως</span> 
     </span>
    </p>
   </div>
   <div class='ocr_carea' id='block_1_74' title="bbox 2194 3030 3787 3102">
    <p class='ocr_par' dir='ltr' id='par_1_74' title="bbox 2194 3030 3787 3102">
     <span class='ocr_line' id='line_1_74' title="bbox 2194 3030 3787 3102; baseline -0.003 -14"><span class='ocrx_word' id='word_1_438' title='bbox 2194 3033 2601 3088; x_wconf 84' lang='grc' dir='ltr'>Κωνσταντίνου</span> <span class='ocrx_word' id='word_1_439' title='bbox 2619 3030 2871 3102; x_wconf 74' lang='grc' dir='ltr'>γαμϐροῦ</span> <span class='ocrx_word' id='word_1_440' title='bbox 2897 3031 3062 3084; x_wconf 79' lang='grc' dir='ltr'>αὑτοῦ</span> <span class='ocrx_word' id='word_1_441' title='bbox 3089 3032 3183 3085; x_wconf 69' lang='grc' dir='ltr'><strong>καὶ</strong></span> <span class='ocrx_word' id='word_1_442' title='bbox 3216 3031 3488 3085; x_wconf 81' lang='grc' dir='ltr'>Νικολάου</span> <span class='ocrx_word' id='word_1_443' title='bbox 3515 3031 3787 3099; x_wconf 79' lang='grc' dir='ltr'>πατριάρ·</span> 
     </span>
    </p>
   </div>
   <div class='ocr_carea' id='block_1_75' title="bbox 2198 3120 3787 3196">
    <p class='ocr_par' dir='ltr' id='par_1_75' title="bbox 2198 3120 3787 3196">
     <span class='ocr_line' id='line_1_75' title="bbox 2198 3120 3787 3196; baseline -0.003 -18"><span class='ocrx_word' id='word_1_444' title='bbox 2198 3145 2329 3196; x_wconf 79' lang='grc' dir='ltr'>χου,</span> <span class='ocrx_word' id='word_1_445' title='bbox 2395 3125 2486 3178; x_wconf 69' lang='grc' dir='ltr'><strong>καὶ</strong></span> <span class='ocrx_word' id='word_1_446' title='bbox 2566 3123 2898 3193; x_wconf 82' lang='grc' dir='ltr'>Ἰανουαρίου</span> <span class='ocrx_word' id='word_1_447' title='bbox 2955 3130 3044 3187; x_wconf 80' lang='grc' dir='ltr'>ς’,</span> <span class='ocrx_word' id='word_1_448' title='bbox 3115 3126 3181 3195; x_wconf 81' lang='grc' dir='ltr'>τῇ</span> <span class='ocrx_word' id='word_1_449' title='bbox 3250 3123 3360 3175; x_wconf 80' lang='grc' dir='ltr'><strong>τῶν</strong></span> <span class='ocrx_word' id='word_1_450' title='bbox 3424 3122 3602 3190; x_wconf 81' lang='grc' dir='ltr'>ἁγίων</span> <span class='ocrx_word' id='word_1_451' title='bbox 3670 3120 3787 3174; x_wconf 76' lang='grc' dir='ltr'><strong>Φὼ·</strong></span> 
     </span>
    </p>
   </div>
   <div class='ocr_carea' id='block_1_76' title="bbox 2196 3211 3786 3288">
    <p class='ocr_par' dir='ltr' id='par_1_76' title="bbox 2196 3211 3786 3288">
     <span class='ocr_line' id='line_1_76' title="bbox 2196 3211 3786 3288; baseline -0.003 -18"><span class='ocrx_word' id='word_1_452' title='bbox 2196 3237 2304 3270; x_wconf 84' lang='grc' dir='ltr'><strong>των</strong></span> <span class='ocrx_word' id='word_1_453' title='bbox 2333 3218 2540 3288; x_wconf 75' lang='grc' dir='ltr'>ἡμέρᾳ,</span> <span class='ocrx_word' id='word_1_454' title='bbox 2603 3216 2789 3283; x_wconf 76' lang='grc' dir='ltr'>στέφει</span> <span class='ocrx_word' id='word_1_455' title='bbox 2843 3214 3129 3286; x_wconf 84' lang='grc' dir='ltr'>Θεοδώραν</span> <span class='ocrx_word' id='word_1_456' title='bbox 3160 3215 3260 3285; x_wconf 77' lang='grc' dir='ltr'><strong>τὴν</strong></span> <span class='ocrx_word' id='word_1_457' title='bbox 3310 3217 3549 3283; x_wconf 80' lang='grc' dir='ltr'>γυναῖκα</span> <span class='ocrx_word' id='word_1_458' title='bbox 3600 3211 3786 3267; x_wconf 71' lang='grc' dir='ltr'>αὐτοῦ.</span> 
     </span>
    </p>
   </div>
   <div class='ocr_carea' id='block_1_77' title="bbox 2198 3304 3791 3377">
    <p class='ocr_par' dir='ltr' id='par_1_77' title="bbox 2198 3304 3791 3377">
     <span class='ocr_line' id='line_1_77' title="bbox 2198 3304 3791 3377; baseline -0.003 -17"><span class='ocrx_word' id='word_1_459' title='bbox 2198 3307 2359 3377; x_wconf 79' lang='grc' dir='ltr'>Μαΐῳ</span> <span class='ocrx_word' id='word_1_460' title='bbox 2379 3306 2434 3360; x_wconf 76' lang='grc' dir='ltr'>δὲ</span> <span class='ocrx_word' id='word_1_461' title='bbox 2472 3307 2603 3376; x_wconf 73' lang='grc' dir='ltr'>μηνὶ</span> <span class='ocrx_word' id='word_1_462' title='bbox 2637 3304 2721 3369; x_wconf 80' lang='grc' dir='ltr'>ιζ’,</span> <span class='ocrx_word' id='word_1_463' title='bbox 2760 3304 3093 3368; x_wconf 83' lang='grc' dir='ltr'>ίνδικτιῶνος</span> <span class='ocrx_word' id='word_1_464' title='bbox 3122 3312 3185 3370; x_wconf 78' lang='grc' dir='ltr'>ε’,</span> <span class='ocrx_word' id='word_1_465' title='bbox 3219 3305 3592 3377; x_wconf 75' lang='grc' dir='ltr'>Χριστοφόρος</span> <span class='ocrx_word' id='word_1_466' title='bbox 3619 3306 3646 3356; x_wconf 88' lang='grc' dir='ltr'><strong>ό</strong></span> <span class='ocrx_word' id='word_1_467' title='bbox 3678 3305 3791 3364; x_wconf 52' lang='lat' dir='ltr'><strong>ait;</strong></span> 
     </span>
    </p>
   </div>
   <div class='ocr_carea' id='block_1_78' title="bbox 2209 3396 3787 3468">
    <p class='ocr_par' dir='ltr' id='par_1_78' title="bbox 2209 3396 3787 3468">
     <span class='ocr_line' id='line_1_78' title="bbox 2209 3396 3787 3468; baseline -0.002 -18"><span class='ocrx_word' id='word_1_468' title='bbox 2209 3397 2492 3468; x_wconf 84' lang='grc' dir='ltr'>Ῥωμανοῦ</span> <span class='ocrx_word' id='word_1_469' title='bbox 2554 3396 2950 3467; x_wconf 85' lang='grc' dir='ltr'>ἀναγορεύεται</span> <span class='ocrx_word' id='word_1_470' title='bbox 3007 3397 3285 3468; x_wconf 79' lang='grc' dir='ltr'>βασιλεὺς,</span> <span class='ocrx_word' id='word_1_471' title='bbox 3335 3398 3592 3465; x_wconf 77' lang='grc' dir='ltr'>στέφεται</span> <span class='ocrx_word' id='word_1_472' title='bbox 3636 3396 3697 3449; x_wconf 77' lang='grc' dir='ltr'><strong>δὲ</strong></span> <span class='ocrx_word' id='word_1_473' title='bbox 3726 3399 3787 3465; x_wconf 77' lang='grc' dir='ltr'>τῇ</span> 
     </span>
    </p>
   </div>
   <div class='ocr_carea' id='block_1_79' title="bbox 2199 3487 3785 3561">
    <p class='ocr_par' dir='ltr' id='par_1_79' title="bbox 2199 3487 3785 3561">
     <span class='ocr_line' id='line_1_79' title="bbox 2199 3487 3785 3561; baseline -0.003 -18"><span class='ocrx_word' id='word_1_474' title='bbox 2199 3491 2275 3543; x_wconf 83' lang='grc' dir='ltr'><strong>κδ’</strong></span> <span class='ocrx_word' id='word_1_475' title='bbox 2306 3490 2398 3543; x_wconf 79' lang='grc' dir='ltr'>τοῦ</span> <span class='ocrx_word' id='word_1_476' title='bbox 2432 3491 2595 3545; x_wconf 81' lang='grc' dir='ltr'>αὑτοῦ</span> <span class='ocrx_word' id='word_1_477' title='bbox 2629 3491 2800 3560; x_wconf 78' lang='grc' dir='ltr'>μηνὸς</span> <span class='ocrx_word' id='word_1_478' title='bbox 2860 3489 3010 3561; x_wconf 83' lang='grc' dir='ltr'>παρὰ</span> <span class='ocrx_word' id='word_1_479' title='bbox 3046 3488 3462 3544; x_wconf 81' lang='grc' dir='ltr'>Κωνσταντίνου</span> <span class='ocrx_word' id='word_1_480' title='bbox 3496 3487 3785 3559; x_wconf 77' lang='grc' dir='ltr'>βασιλέως,</span> 
     </span>
    </p>
   </div>
   <div class='ocr_carea' id='block_1_80' title="bbox 2199 3570 3787 3652">
    <p class='ocr_par' dir='ltr' id='par_1_80' title="bbox 2199 3570 3787 3652">
     <span class='ocr_line' id='line_1_80' title="bbox 2199 3570 3787 3652; baseline -0.003 -18"><span class='ocrx_word' id='word_1_481' title='bbox 2199 3584 2263 3652; x_wconf 85' lang='grc' dir='ltr'>τῇ</span> <span class='ocrx_word' id='word_1_482' title='bbox 2286 3582 2385 3649; x_wconf 82' lang='grc' dir='ltr'>τῆς</span> <span class='ocrx_word' id='word_1_483' title='bbox 2421 3582 2579 3649; x_wconf 81' lang='grc' dir='ltr'>ἁγίας</span> <span class='ocrx_word' id='word_1_484' title='bbox 2614 3582 2997 3650; x_wconf 78' lang='grc' dir='ltr'>Πεντηκοστῆς</span> <span class='ocrx_word' id='word_1_485' title='bbox 3052 3580 3268 3651; x_wconf 64' lang='grc' dir='ltr'>ἡμέραν</span> <span class='ocrx_word' id='word_1_486' title='bbox 3309 3581 3399 3633; x_wconf 73' lang='grc' dir='ltr'><strong>καὶ</strong></span> <span class='ocrx_word' id='word_1_487' title='bbox 3441 3580 3595 3647; x_wconf 84' lang='grc' dir='ltr'>μόνοι</span> <span class='ocrx_word' id='word_1_488' title='bbox 3643 3570 3787 3631; x_wconf 65' lang='grc' dir='ltr'>οὗτοι</span> 
     </span>
    </p>
   </div>
   <div class='ocr_carea' id='block_1_81' title="bbox 2199 3673 3425 3746">
    <p class='ocr_par' dir='ltr' id='par_1_81' title="bbox 2199 3673 3425 3746">
     <span class='ocr_line' id='line_1_81' title="bbox 2199 3673 3425 3746; baseline -0.001 -20"><span class='ocrx_word' id='word_1_489' title='bbox 2199 3675 2247 3726; x_wconf 76' lang='grc' dir='ltr'>οἱ</span> <span class='ocrx_word' id='word_1_490' title='bbox 2273 3674 2365 3726; x_wconf 88' lang='grc' dir='ltr'>δύο</span> <span class='ocrx_word' id='word_1_491' title='bbox 2394 3675 2451 3727; x_wconf 76' lang='grc' dir='ltr'>ἐν</span> <span class='ocrx_word' id='word_1_492' title='bbox 2482 3674 2658 3745; x_wconf 75' lang='grc' dir='ltr'>ταύτῃ</span> <span class='ocrx_word' id='word_1_493' title='bbox 2682 3677 2746 3745; x_wconf 83' lang='grc' dir='ltr'>τῇ</span> <span class='ocrx_word' id='word_1_494' title='bbox 2781 3673 3101 3746; x_wconf 86' lang='grc' dir='ltr'>προελεύσει</span> <span class='ocrx_word' id='word_1_495' title='bbox 3137 3673 3425 3743; x_wconf 78' lang='grc' dir='ltr'>προῆλθον.</span> 
     </span>
    </p>
   </div>
   <div class='ocr_carea' id='block_1_82' title="bbox 2269 3849 3784 3925">
    <p class='ocr_par' dir='ltr' id='par_1_82' title="bbox 2269 3849 3784 3925">
     <span class='ocr_line' id='line_1_82' title="bbox 2269 3849 3784 3925; baseline -0.006 -16"><span class='ocrx_word' id='word_1_496' title='bbox 2269 3855 2420 3925; x_wconf 77' lang='grc' dir='ltr'><strong>α’-β’.</strong></span> <span class='ocrx_word' id='word_1_497' title='bbox 2457 3854 2657 3925; x_wconf 84' lang='grc' dir='ltr'>Ἰουνίῳ</span> <span class='ocrx_word' id='word_1_498' title='bbox 2685 3855 2740 3908; x_wconf 76' lang='grc' dir='ltr'><strong>δὲ</strong></span> <span class='ocrx_word' id='word_1_499' title='bbox 2773 3854 2923 3925; x_wconf 71' lang='grc' dir='ltr'>μηνὶ,</span> <span class='ocrx_word' id='word_1_500' title='bbox 2951 3851 3282 3915; x_wconf 84' lang='grc' dir='ltr'>ίνδικτιῶνος</span> <span class='ocrx_word' id='word_1_501' title='bbox 3318 3849 3388 3922; x_wconf 84' lang='grc' dir='ltr'>η’,</span> <span class='ocrx_word' id='word_1_502' title='bbox 3427 3850 3620 3921; x_wconf 71' lang='grc' dir='ltr'>ἡμέρᾳ</span> <span class='ocrx_word' id='word_1_503' title='bbox 3675 3850 3784 3901; x_wconf 81' lang='grc' dir='ltr'><strong>Κυ-</strong></span> 
     </span>
    </p>
   </div>
   <div class='ocr_carea' id='block_1_83' title="bbox 2204 3942 3781 4020">
    <p class='ocr_par' dir='ltr' id='par_1_83' title="bbox 2204 3942 3781 4020">
     <span class='ocr_line' id='line_1_83' title="bbox 2204 3942 3781 4020; baseline -0.006 -17"><span class='ocrx_word' id='word_1_504' title='bbox 2204 3951 2388 4020; x_wconf 81' lang='grc' dir='ltr'>ριακῇ,</span> <span class='ocrx_word' id='word_1_505' title='bbox 2422 3950 2454 4018; x_wconf 83' lang='grc' dir='ltr'>ἡ</span> <span class='ocrx_word' id='word_1_506' title='bbox 2482 3948 2582 4018; x_wconf 79' lang='grc' dir='ltr'>τῆς</span> <span class='ocrx_word' id='word_1_507' title='bbox 2632 3947 2961 4018; x_wconf 81' lang='grc' dir='ltr'>Ἐκκλησίας</span> <span class='ocrx_word' id='word_1_508' title='bbox 2988 3947 3212 4015; x_wconf 84' lang='grc' dir='ltr'>γέγονεν</span> <span class='ocrx_word' id='word_1_509' title='bbox 3237 3944 3432 4007; x_wconf 72' lang='grc' dir='ltr'><strong>⁴ἐνωσις</strong></span> <span class='ocrx_word' id='word_1_510' title='bbox 3462 3943 3618 4012; x_wconf 67' lang='grc' dir='ltr'>παρὰ</span> <span class='ocrx_word' id='word_1_511' title='bbox 3650 3942 3781 3994; x_wconf 82' lang='grc' dir='ltr'><strong>Ῥω-</strong></span> 
     </span>
    </p>
   </div>
   <div class='ocr_carea' id='block_1_84' title="bbox 2204 4033 3783 4116">
    <p class='ocr_par' dir='ltr' id='par_1_84' title="bbox 2204 4033 3783 4116">
     <span class='ocr_line' id='line_1_84' title="bbox 2204 4033 3783 4116; baseline -0.011 -16"><span class='ocrx_word' id='word_1_512' title='bbox 2204 4044 2396 4116; x_wconf 80' lang='grc' dir='ltr'>μανοῦ,</span> <span class='ocrx_word' id='word_1_513' title='bbox 2424 4044 2680 4098; x_wconf 76' lang='grc' dir='ltr'>ἁπάντων</span> <span class='ocrx_word' id='word_1_514' title='bbox 2708 4041 3047 4105; x_wconf 80' lang='grc' dir='ltr'>ἑνωθέντων,</span> <span class='ocrx_word' id='word_1_515' title='bbox 3109 4036 3531 4109; x_wconf 74' lang='grc' dir='ltr'>μητροπολιτῶν</span> <span class='ocrx_word' id='word_1_516' title='bbox 3579 4051 3640 4086; x_wconf 86' lang='grc' dir='ltr'><strong>τε</strong></span> <span class='ocrx_word' id='word_1_517' title='bbox 3692 4033 3783 4085; x_wconf 73' lang='grc' dir='ltr'><strong>καὶ</strong></span> 
     </span>
    </p>
   </div>
   <div class='ocr_carea' id='block_1_85' title="bbox 2201 4124 3784 4206">
    <p class='ocr_par' dir='ltr' id='par_1_85' title="bbox 2201 4124 3784 4206">
     <span class='ocr_line' id='line_1_85' title="bbox 2201 4124 3784 4206; baseline -0.009 -17"><span class='ocrx_word' id='word_1_518' title='bbox 2201 4134 2503 4206; x_wconf 85' lang='grc' dir='ltr'>κληρικῶν,</span> <span class='ocrx_word' id='word_1_519' title='bbox 2536 4132 2643 4187; x_wconf 81' lang='grc' dir='ltr'>τῶν</span> <span class='ocrx_word' id='word_1_520' title='bbox 2678 4132 2786 4185; x_wconf 78' lang='grc' dir='ltr'>ἀπὸ</span> <span class='ocrx_word' id='word_1_521' title='bbox 2809 4130 3083 4186; x_wconf 85' lang='grc' dir='ltr'>Νικολάου</span> <span class='ocrx_word' id='word_1_522' title='bbox 3114 4128 3460 4198; x_wconf 80' lang='grc' dir='ltr'>πατριάρχου</span> <span class='ocrx_word' id='word_1_523' title='bbox 3494 4126 3591 4180; x_wconf 69' lang='grc' dir='ltr'><strong>καὶ</strong></span> <span class='ocrx_word' id='word_1_524' title='bbox 3614 4124 3784 4177; x_wconf 74' lang='grc' dir='ltr'>Εὐθυ-</span> 
     </span>
    </p>
   </div>
   <div class='ocr_carea' id='block_1_86' title="bbox 2204 4225 2774 4298">
    <p class='ocr_par' dir='ltr' id='par_1_86' title="bbox 2204 4225 2774 4298">
     <span class='ocr_line' id='line_1_86' title="bbox 2204 4225 2774 4298; baseline -0.004 -21"><span class='ocrx_word' id='word_1_525' title='bbox 2204 4228 2325 4298; x_wconf 82' lang='grc' dir='ltr'>μίου</span> <span class='ocrx_word' id='word_1_526' title='bbox 2357 4225 2774 4294; x_wconf 80' lang='grc' dir='ltr'>διεσχισμένων.</span> 
     </span>
    </p>
   </div>
   <div class='ocr_carea' id='block_1_87' title="bbox 2271 4326 3781 4411">
    <p class='ocr_par' dir='ltr' id='par_1_87' title="bbox 2271 4326 3781 4411">
     <span class='ocr_line' id='line_1_87' title="bbox 2271 4326 3781 4411; baseline -0.008 -17"><span class='ocrx_word' id='word_1_527' title='bbox 2271 4348 2342 4409; x_wconf 87' lang='grc' dir='ltr'>γ’.</span> <span class='ocrx_word' id='word_1_528' title='bbox 2390 4339 2580 4411; x_wconf 80' lang='grc' dir='ltr'>Ὀγδόῃ</span> <span class='ocrx_word' id='word_1_529' title='bbox 2632 4338 2689 4391; x_wconf 79' lang='grc' dir='ltr'>δε</span> <span class='ocrx_word' id='word_1_530' title='bbox 2739 4336 3093 4409; x_wconf 77' lang='grc' dir='ltr'>Φεϐρουαρίῳ</span> <span class='ocrx_word' id='word_1_531' title='bbox 3154 4335 3303 4406; x_wconf 71' lang='grc' dir='ltr'>μηνὶ,</span> <span class='ocrx_word' id='word_1_532' title='bbox 3357 4332 3689 4393; x_wconf 77' lang='grc' dir='ltr'>ίνὸικτιῶνος</span> <span class='ocrx_word' id='word_1_533' title='bbox 3720 4326 3781 4394; x_wconf 81' lang='grc' dir='ltr'>θ’,</span> 
     </span>
    </p>
   </div>
   <div class='ocr_carea' id='block_1_88' title="bbox 509 4423 2088 4502">
    <p class='ocr_par' dir='ltr' id='par_1_88' title="bbox 509 4423 2088 4497">
     <span class='ocr_line' id='line_1_88' title="bbox 509 4423 2088 4497; baseline -0.003 -14"><span class='ocrx_word' id='word_1_534' title='bbox 509 4428 793 4483; x_wconf 79' lang='lat' dir='ltr'><strong>Romanus</strong></span> <span class='ocrx_word' id='word_1_535' title='bbox 833 4427 1172 4497; x_wconf 87' lang='lat' dir='ltr'><strong>Stephanum</strong></span> <span class='ocrx_word' id='word_1_536' title='bbox 1198 4426 1519 4481; x_wconf 81' lang='lat' dir='ltr'><strong>Calomariae</strong></span> <span class='ocrx_word' id='word_1_537' title='bbox 1553 4424 1746 4489; x_wconf 83' lang='lat' dir='ltr'><strong>ﬁlium,</strong></span> <span class='ocrx_word' id='word_1_538' title='bbox 1773 4423 1929 4493; x_wconf 89' lang='lat' dir='ltr'><strong>quasi</strong></span> <span class='ocrx_word' id='word_1_539' title='bbox 1955 4423 2088 4478; x_wconf 74' lang='lat' dir='ltr'><strong>aﬂ‘e-</strong></span> 
     </span>
    </p>
   </div>
   <div class='ocr_carea' id='block_1_89' title="bbox 2205 4423 3783 4502">
    <p class='ocr_par' dir='ltr' id='par_1_89' title="bbox 2205 4424 3783 4502">
     <span class='ocr_line' id='line_1_89' title="bbox 2205 4424 3783 4502; baseline -0.007 -16"><span class='ocrx_word' id='word_1_540' title='bbox 2205 4433 2525 4496; x_wconf 73' lang='grc' dir='ltr'>Ξιποστείλας</span> <span class='ocrx_word' id='word_1_541' title='bbox 2574 4430 2854 4502; x_wconf 82' lang='grc' dir='ltr'>Ῥωμανὺς</span> <span class='ocrx_word' id='word_1_542' title='bbox 2905 4429 2990 4502; x_wconf 82' lang='grc' dir='ltr'><strong>[Ρ.</strong></span> <span class='ocrx_word' id='word_1_543' title='bbox 3026 4428 3159 4501; x_wconf 76' lang='grc'><strong>575]</strong></span> <span class='ocrx_word' id='word_1_544' title='bbox 3203 4426 3521 4498; x_wconf 28' lang='grc' dir='ltr'>ὑπερορείζει</span> <span class='ocrx_word' id='word_1_545' title='bbox 3559 4425 3654 4478; x_wconf 76' lang='grc' dir='ltr'><strong>τὸν</strong></span> <span class='ocrx_word' id='word_1_546' title='bbox 3689 4424 3783 4495; x_wconf 71' lang='grc' dir='ltr'>μά·</span> 
     </span>
    </p>
   </div>
   <div class='ocr_carea' id='block_1_90' title="bbox 510 4513 2094 4587">
    <p class='ocr_par' dir='ltr' id='par_1_90' title="bbox 510 4513 2094 4587">
     <span class='ocr_line' id='line_1_90' title="bbox 510 4513 2094 4587; baseline -0.004 -15"><span class='ocrx_word' id='word_1_547' title='bbox 510 4520 641 4573; x_wconf 86' lang='lat' dir='ltr'><strong>ctati</strong></span> <span class='ocrx_word' id='word_1_548' title='bbox 692 4533 850 4572; x_wconf 89' lang='lat' dir='ltr'><strong>reum</strong></span> <span class='ocrx_word' id='word_1_549' title='bbox 900 4518 1164 4587; x_wconf 88' lang='lat' dir='ltr'><strong>imperii,</strong></span> <span class='ocrx_word' id='word_1_550' title='bbox 1231 4516 1286 4570; x_wconf 88' lang='lat' dir='ltr'><strong>in</strong></span> <span class='ocrx_word' id='word_1_551' title='bbox 1339 4515 1599 4585; x_wconf 85' lang='lat' dir='ltr'><strong>Antigoni</strong></span> <span class='ocrx_word' id='word_1_552' title='bbox 1662 4514 1898 4569; x_wconf 90' lang='lat' dir='ltr'><strong>insulam</strong></span> <span class='ocrx_word' id='word_1_553' title='bbox 1951 4513 2094 4567; x_wconf 76' lang='lat' dir='ltr'><strong>exsi-</strong></span> 
     </span>
    </p>
   </div>
   <div class='ocr_carea' id='block_1_91' title="bbox 509 4605 2095 4680">
    <p class='ocr_par' dir='ltr' id='par_1_91' title="bbox 509 4605 2095 4680">
     <span class='ocr_line' id='line_1_91' title="bbox 509 4605 2095 4680; baseline -0.004 -15"><span class='ocrx_word' id='word_1_554' title='bbox 509 4611 586 4665; x_wconf 88' lang='lat' dir='ltr'><strong>lio</strong></span> <span class='ocrx_word' id='word_1_555' title='bbox 635 4611 876 4680; x_wconf 68' lang='lat' dir='ltr'><strong>reiegat,</strong></span> <span class='ocrx_word' id='word_1_556' title='bbox 927 4610 1299 4679; x_wconf 82' lang='lat' dir='ltr'><strong>dctondetque</strong></span> <span class='ocrx_word' id='word_1_557' title='bbox 1351 4612 1679 4663; x_wconf 86' lang='lat' dir='ltr'><strong>monachum</strong></span> <span class='ocrx_word' id='word_1_558' title='bbox 1736 4622 1861 4661; x_wconf 90' lang='lat' dir='ltr'><strong>cum</strong></span> <span class='ocrx_word' id='word_1_559' title='bbox 1915 4605 2095 4659; x_wconf 80' lang='lat' dir='ltr'><strong>Theo-</strong></span> 
     </span>
    </p>
   </div>
   <div class='ocr_carea' id='block_1_92' title="bbox 510 4698 2090 4775">
    <p class='ocr_par' dir='ltr' id='par_1_92' title="bbox 510 4698 2090 4775">
     <span class='ocr_line' id='line_1_92' title="bbox 510 4698 2090 4775; baseline -0.005 -17"><span class='ocrx_word' id='word_1_560' title='bbox 510 4704 692 4775; x_wconf 86' lang='lat' dir='ltr'><strong>phane</strong></span> <span class='ocrx_word' id='word_1_561' title='bbox 739 4703 992 4758; x_wconf 89' lang='lat' dir='ltr'><strong>Tichiota</strong></span> <span class='ocrx_word' id='word_1_562' title='bbox 1027 4712 1082 4757; x_wconf 89' lang='lat' dir='ltr'><strong>et</strong></span> <span class='ocrx_word' id='word_1_563' title='bbox 1116 4704 1287 4757; x_wconf 82' lang='lat' dir='ltr'><strong>Paulo</strong></span> <span class='ocrx_word' id='word_1_564' title='bbox 1318 4700 1784 4773; x_wconf 88' lang='lat' dir='ltr'><strong>Orphanotropho</strong></span> <span class='ocrx_word' id='word_1_565' title='bbox 1812 4699 1960 4753; x_wconf 84' lang='lat' dir='ltr'><strong>illius</strong></span> <span class='ocrx_word' id='word_1_566' title='bbox 1990 4698 2090 4751; x_wconf 70' lang='lat' dir='ltr'><strong>ilo-</strong></span> 
     </span>
    </p>
   </div>
   <div class='ocr_carea' id='block_1_93' title="bbox 510 4798 783 4855">
    <p class='ocr_par' dir='ltr' id='par_1_93' title="bbox 510 4798 783 4855">
     <span class='ocr_line' id='line_1_93' title="bbox 510 4798 783 4855; baseline -0.007 -1"><span class='ocrx_word' id='word_1_567' title='bbox 510 4798 783 4855; x_wconf 89' lang='lat' dir='ltr'><strong>mesticis.</strong></span> 
     </span>
    </p>
   </div>
   <div class='ocr_carea' id='block_1_94' title="bbox 581 5000 2092 5070">
    <p class='ocr_par' dir='ltr' id='par_1_94' title="bbox 581 5000 2092 5070">
     <span class='ocr_line' id='line_1_94' title="bbox 581 5000 2092 5070; baseline 0.002 -14"><span class='ocrx_word' id='word_1_568' title='bbox 581 5002 638 5056; x_wconf 75' lang='lat'><strong>4.</strong></span> <span class='ocrx_word' id='word_1_569' title='bbox 705 5000 986 5057; x_wconf 82' lang='lat' dir='ltr'><strong>Romanus</strong></span> <span class='ocrx_word' id='word_1_570' title='bbox 1009 5002 1328 5070; x_wconf 88' lang='lat' dir='ltr'><strong>imperator,</strong></span> <span class='ocrx_word' id='word_1_571' title='bbox 1364 5002 1594 5058; x_wconf 86' lang='lat' dir='ltr'><strong>solemni</strong></span> <span class='ocrx_word' id='word_1_572' title='bbox 1630 5004 1697 5057; x_wconf 89' lang='lat' dir='ltr'><strong>ad</strong></span> <span class='ocrx_word' id='word_1_573' title='bbox 1736 5004 2092 5059; x_wconf 89' lang='lat' dir='ltr'><strong>tribunalium</strong></span> 
     </span>
    </p>
   </div>
   <div class='ocr_carea' id='block_1_95' title="bbox 517 5092 2097 5166">
    <p class='ocr_par' dir='ltr' id='par_1_95' title="bbox 517 5092 2097 5166">
     <span class='ocr_line' id='line_1_95' title="bbox 517 5092 2097 5166; baseline 0.004 -19"><span class='ocrx_word' id='word_1_574' title='bbox 517 5109 804 5166; x_wconf 83' lang='lat' dir='ltr'><strong>processu,</strong></span> <span class='ocrx_word' id='word_1_575' title='bbox 839 5092 1056 5149; x_wconf 89' lang='lat' dir='ltr'><strong>cunctis</strong></span> <span class='ocrx_word' id='word_1_576' title='bbox 1086 5093 1200 5149; x_wconf 90' lang='lat' dir='ltr'><strong>illic</strong></span> <span class='ocrx_word' id='word_1_577' title='bbox 1235 5094 1556 5150; x_wconf 85' lang='lat' dir='ltr'><strong>cohortibus</strong></span> <span class='ocrx_word' id='word_1_578' title='bbox 1599 5112 1722 5150; x_wconf 90' lang='lat' dir='ltr'><strong>cum</strong></span> <span class='ocrx_word' id='word_1_579' title='bbox 1764 5098 1930 5153; x_wconf 88' lang='lat' dir='ltr'><strong>armis</strong></span> <span class='ocrx_word' id='word_1_580' title='bbox 1965 5114 2097 5153; x_wconf 63' lang='lat' dir='ltr'><strong>con»</strong></span> 
     </span>
    </p>
   </div>
   <div class='ocr_carea' id='block_1_96' title="bbox 511 5185 2095 5257">
    <p class='ocr_par' dir='ltr' id='par_1_96' title="bbox 511 5185 2095 5257">
     <span class='ocr_line' id='line_1_96' title="bbox 511 5185 2095 5257; baseline 0.004 -19"><span class='ocrx_word' id='word_1_581' title='bbox 511 5185 772 5255; x_wconf 77' lang='lat' dir='ltr'><strong>gregalis,</strong></span> <span class='ocrx_word' id='word_1_582' title='bbox 823 5185 1208 5255; x_wconf 89' lang='lat' dir='ltr'><strong>recensitoque</strong></span> <span class='ocrx_word' id='word_1_583' title='bbox 1252 5186 1499 5241; x_wconf 82' lang='lat' dir='ltr'><strong>exercitu</strong></span> <span class='ocrx_word' id='word_1_584' title='bbox 1557 5199 1783 5257; x_wconf 87' lang='lat' dir='ltr'><strong>repente</strong></span> <span class='ocrx_word' id='word_1_585' title='bbox 1815 5190 2095 5245; x_wconf 84' lang='lat' dir='ltr'><strong>Romanus</strong></span> 
     </span>
    </p>
   </div>
   <div class='ocr_carea' id='block_1_97' title="bbox 511 5278 2091 5350">
    <p class='ocr_par' dir='ltr' id='par_1_97' title="bbox 511 5278 2091 5350">
     <span class='ocr_line' id='line_1_97' title="bbox 511 5278 2091 5350; baseline 0.003 -17"><span class='ocrx_word' id='word_1_586' title='bbox 511 5288 569 5335; x_wconf 88' lang='lat' dir='ltr'><strong>et</strong></span> <span class='ocrx_word' id='word_1_587' title='bbox 596 5279 996 5335; x_wconf 88' lang='lat' dir='ltr'><strong>Constantinus</strong></span> <span class='ocrx_word' id='word_1_588' title='bbox 1038 5278 1296 5334; x_wconf 89' lang='lat' dir='ltr'><strong>celeriter</strong></span> <span class='ocrx_word' id='word_1_589' title='bbox 1344 5278 1410 5333; x_wconf 90' lang='lat' dir='ltr'><strong>ad</strong></span> <span class='ocrx_word' id='word_1_590' title='bbox 1456 5280 1720 5350; x_wconf 88' lang='lat' dir='ltr'><strong>palatium</strong></span> <span class='ocrx_word' id='word_1_591' title='bbox 1765 5282 2091 5338; x_wconf 86' lang='lat' dir='ltr'><strong>redierunt:</strong></span> 
     </span>
    </p>
   </div>
   <div class='ocr_carea' id='block_1_98' title="bbox 514 5368 2097 5444">
    <p class='ocr_par' dir='ltr' id='par_1_98' title="bbox 514 5368 2097 5444">
     <span class='ocr_line' id='line_1_98' title="bbox 514 5368 2097 5444; baseline 0.004 -22"><span class='ocrx_word' id='word_1_592' title='bbox 514 5368 730 5426; x_wconf 89' lang='lat' dir='ltr'><strong>delatus</strong></span> <span class='ocrx_word' id='word_1_593' title='bbox 784 5372 931 5427; x_wconf 88' lang='lat' dir='ltr'><strong>enim</strong></span> <span class='ocrx_word' id='word_1_594' title='bbox 990 5372 1255 5427; x_wconf 83' lang='lat' dir='ltr'><strong>Arsenius</strong></span> <span class='ocrx_word' id='word_1_595' title='bbox 1303 5388 1334 5427; x_wconf 89' lang='lat' dir='ltr'><strong>a</strong></span> <span class='ocrx_word' id='word_1_596' title='bbox 1393 5371 1578 5427; x_wconf 89' lang='lat' dir='ltr'><strong>Leone</strong></span> <span class='ocrx_word' id='word_1_597' title='bbox 1624 5374 1743 5444; x_wconf 87' lang='lat' dir='ltr'><strong>ejus</strong></span> <span class='ocrx_word' id='word_1_598' title='bbox 1790 5374 1994 5430; x_wconf 78' lang='lat' dir='ltr'><strong>famulo</strong></span> <span class='ocrx_word' id='word_1_599' title='bbox 2041 5382 2097 5431; x_wconf 88' lang='lat' dir='ltr'><strong>et</strong></span> 
     </span>
    </p>
   </div>
   <div class='ocr_carea' id='block_1_99' title="bbox 516 5461 2097 5538">
    <p class='ocr_par' dir='ltr' id='par_1_99' title="bbox 516 5461 2097 5538">
     <span class='ocr_line' id='line_1_99' title="bbox 516 5461 2097 5538; baseline 0.006 -23"><span class='ocrx_word' id='word_1_600' title='bbox 516 5461 719 5518; x_wconf 80' lang='lat' dir='ltr'><strong>Paulus</strong></span> <span class='ocrx_word' id='word_1_601' title='bbox 750 5465 1084 5536; x_wconf 82' lang='lat' dir='ltr'><strong>manglabita</strong></span> <span class='ocrx_word' id='word_1_602' title='bbox 1118 5465 1349 5522; x_wconf 87' lang='lat' dir='ltr'><strong>insidias</strong></span> <span class='ocrx_word' id='word_1_603' title='bbox 1380 5475 1628 5534; x_wconf 87' lang='lat' dir='ltr'><strong>struere;</strong></span> <span class='ocrx_word' id='word_1_604' title='bbox 1657 5483 1829 5538; x_wconf 89' lang='lat' dir='ltr'><strong>quare</strong></span> <span class='ocrx_word' id='word_1_605' title='bbox 1853 5468 2097 5524; x_wconf 85' lang='lat' dir='ltr'><strong>verberi-</strong></span> 
     </span>
    </p>
   </div>
   <div class='ocr_carea' id='block_1_100' title="bbox 518 5548 2093 5629">
    <p class='ocr_par' dir='ltr' id='par_1_100' title="bbox 518 5548 2093 5629">
     <span class='ocr_line' id='line_1_100' title="bbox 518 5548 2093 5629; baseline 0.008 -28"><span class='ocrx_word' id='word_1_606' title='bbox 518 5548 623 5604; x_wconf 85' lang='lat' dir='ltr'><strong>bus</strong></span> <span class='ocrx_word' id='word_1_607' title='bbox 672 5553 887 5607; x_wconf 88' lang='lat' dir='ltr'><strong>subacti</strong></span> <span class='ocrx_word' id='word_1_608' title='bbox 941 5555 1210 5625; x_wconf 87' lang='lat' dir='ltr'><strong>bonisque</strong></span> <span class='ocrx_word' id='word_1_609' title='bbox 1272 5556 1564 5626; x_wconf 83' lang='lat' dir='ltr'><strong>publicatis</strong></span> <span class='ocrx_word' id='word_1_610' title='bbox 1623 5558 1819 5612; x_wconf 80' lang='lat' dir='ltr'><strong>exsilio</strong></span> <span class='ocrx_word' id='word_1_611' title='bbox 1872 5558 2093 5629; x_wconf 80' lang='lat' dir='ltr'><strong>relegati</strong></span> 
     </span>
    </p>
   </div>
   <div class='ocr_carea' id='block_1_101' title="bbox 515 5643 2097 5721">
    <p class='ocr_par' dir='ltr' id='par_1_101' title="bbox 515 5643 2097 5721">
     <span class='ocr_line' id='line_1_101' title="bbox 515 5643 2097 5721; baseline 0.006 -25"><span class='ocrx_word' id='word_1_612' title='bbox 515 5650 666 5696; x_wconf 89' lang='lat' dir='ltr'><strong>sunt.</strong></span> <span class='ocrx_word' id='word_1_613' title='bbox 696 5643 823 5698; x_wconf 84' lang='lat' dir='ltr'><strong>Erat</strong></span> <span class='ocrx_word' id='word_1_614' title='bbox 870 5655 1000 5701; x_wconf 91' lang='lat' dir='ltr'><strong>tunc</strong></span> <span class='ocrx_word' id='word_1_615' title='bbox 1044 5648 1492 5704; x_wconf 69' lang='lat' dir='ltr'><strong>administrandae</strong></span> <span class='ocrx_word' id='word_1_616' title='bbox 1523 5649 1837 5719; x_wconf 70' lang='lat' dir='ltr'><strong>reipublica:</strong></span> <span class='ocrx_word' id='word_1_617' title='bbox 1880 5651 2097 5721; x_wconf 86' lang='lat' dir='ltr'><strong>adjutor</strong></span> 
     </span>
    </p>
   </div>
   <div class='ocr_carea' id='block_1_102' title="bbox 516 5734 2096 5813">
    <p class='ocr_par' dir='ltr' id='par_1_102' title="bbox 516 5734 2096 5813">
     <span class='ocr_line' id='line_1_102' title="bbox 516 5734 2096 5813; baseline 0.004 -19"><span class='ocrx_word' id='word_1_618' title='bbox 516 5746 582 5794; x_wconf 74' lang='lat' dir='ltr'><strong>ac</strong></span> <span class='ocrx_word' id='word_1_619' title='bbox 618 5734 876 5792; x_wconf 80' lang='lat' dir='ltr'><strong>minister</strong></span> <span class='ocrx_word' id='word_1_620' title='bbox 915 5737 1143 5797; x_wconf 89' lang='lat' dir='ltr'><strong>intimus</strong></span> <span class='ocrx_word' id='word_1_621' title='bbox 1174 5742 1414 5797; x_wconf 84' lang='lat' dir='ltr'><strong>Joannes</strong></span> <span class='ocrx_word' id='word_1_622' title='bbox 1454 5743 1744 5813; x_wconf 86' lang='lat' dir='ltr'><strong>presbyter</strong></span> <span class='ocrx_word' id='word_1_623' title='bbox 1795 5754 1997 5801; x_wconf 89' lang='lat' dir='ltr'><strong>rector.</strong></span> <span class='ocrx_word' id='word_1_624' title='bbox 2046 5745 2096 5801; x_wconf 85' lang='lat' dir='ltr'><strong>ls</strong></span> 
     </span>
    </p>
   </div>
   <div class='ocr_carea' id='block_1_103' title="bbox 2197 4516 3780 4596">
    <p class='ocr_par' dir='ltr' id='par_1_103' title="bbox 2197 4516 3780 4596">
     <span class='ocr_line' id='line_1_103' title="bbox 2197 4516 3780 4596; baseline -0.007 -19"><span class='ocrx_word' id='word_1_625' title='bbox 2197 4542 2420 4596; x_wconf 86' lang='grc' dir='ltr'>γιστρον</span> <span class='ocrx_word' id='word_1_626' title='bbox 2444 4524 2714 4592; x_wconf 70' lang='grc' dir='ltr'>Στέφανον</span> <span class='ocrx_word' id='word_1_627' title='bbox 2754 4523 2842 4576; x_wconf 81' lang='grc' dir='ltr'><strong>τὸν</strong></span> <span class='ocrx_word' id='word_1_628' title='bbox 2889 4523 2988 4588; x_wconf 78' lang='grc' dir='ltr'>τῆς</span> <span class='ocrx_word' id='word_1_629' title='bbox 3021 4519 3379 4591; x_wconf 80' lang='grc' dir='ltr'>Καλομαρίας</span> <span class='ocrx_word' id='word_1_630' title='bbox 3408 4519 3489 4581; x_wconf 82' lang='grc' dir='ltr'>εἰς</span> <span class='ocrx_word' id='word_1_631' title='bbox 3518 4516 3623 4587; x_wconf 80' lang='grc' dir='ltr'><strong>τὴν</strong></span> <span class='ocrx_word' id='word_1_632' title='bbox 3670 4517 3780 4567; x_wconf 79' lang='grc' dir='ltr'><strong>Ἀνο</strong></span> 
     </span>
    </p>
   </div>
   <div class='ocr_carea' id='block_1_104' title="bbox 2196 4610 3779 4687">
    <p class='ocr_par' dir='ltr' id='par_1_104' title="bbox 2196 4610 3779 4687">
     <span class='ocr_line' id='line_1_104' title="bbox 2196 4610 3779 4687; baseline -0.007 -16"><span class='ocrx_word' id='word_1_633' title='bbox 2196 4618 2411 4687; x_wconf 89' lang='grc' dir='ltr'>τιγόνου</span> <span class='ocrx_word' id='word_1_634' title='bbox 2443 4617 2605 4687; x_wconf 84' lang='grc' dir='ltr'>νῆσον</span> <span class='ocrx_word' id='word_1_635' title='bbox 2633 4616 2707 4680; x_wconf 86' lang='grc' dir='ltr'>ὡς</span> <span class='ocrx_word' id='word_1_636' title='bbox 2730 4616 2829 4680; x_wconf 82' lang='grc' dir='ltr'>τῆς</span> <span class='ocrx_word' id='word_1_637' title='bbox 2860 4614 3138 4684; x_wconf 81' lang='grc' dir='ltr'>βασιλείας</span> <span class='ocrx_word' id='word_1_638' title='bbox 3169 4610 3418 4681; x_wconf 71' lang='grc' dir='ltr'>ἐφίεσθαι</span> <span class='ocrx_word' id='word_1_639' title='bbox 3470 4624 3779 4679; x_wconf 75' lang='grc' dir='ltr'>κατηγορηο</span> 
     </span>
    </p>
   </div>
   <div class='ocr_carea' id='block_1_105' title="bbox 2198 4700 3778 4778">
    <p class='ocr_par' dir='ltr' id='par_1_105' title="bbox 2198 4700 3778 4778">
     <span class='ocr_line' id='line_1_105' title="bbox 2198 4700 3778 4778; baseline -0.007 -15"><span class='ocrx_word' id='word_1_640' title='bbox 2198 4709 2381 4770; x_wconf 84' lang='grc' dir='ltr'>θέντα.</span> <span class='ocrx_word' id='word_1_641' title='bbox 2440 4706 2674 4778; x_wconf 76' lang='grc' dir='ltr'>μοναχὸν</span> <span class='ocrx_word' id='word_1_642' title='bbox 2721 4707 2885 4761; x_wconf 78' lang='grc' dir='ltr'>αὑτὸν</span> <span class='ocrx_word' id='word_1_643' title='bbox 2938 4704 3243 4775; x_wconf 83' lang='grc' dir='ltr'>ἀποκείρας</span> <span class='ocrx_word' id='word_1_644' title='bbox 3319 4703 3436 4773; x_wconf 79' lang='grc' dir='ltr'><strong>ἅμα</strong></span> <span class='ocrx_word' id='word_1_645' title='bbox 3525 4700 3778 4769; x_wconf 61' lang='grc' dir='ltr'>Θεοφάνει</span> 
     </span>
    </p>
   </div>
   <div class='ocr_carea' id='block_1_106' title="bbox 2197 4794 3777 4875">
    <p class='ocr_par' dir='ltr' id='par_1_106' title="bbox 2197 4794 3777 4875">
     <span class='ocr_line' id='line_1_106' title="bbox 2197 4794 3777 4875; baseline -0.003 -20"><span class='ocrx_word' id='word_1_646' title='bbox 2197 4800 2468 4875; x_wconf 81' lang='grc' dir='ltr'>Τειχιώτῃ</span> <span class='ocrx_word' id='word_1_647' title='bbox 2526 4802 2620 4855; x_wconf 76' lang='grc' dir='ltr'><strong>καὶ</strong></span> <span class='ocrx_word' id='word_1_648' title='bbox 2677 4800 2875 4871; x_wconf 81' lang='grc' dir='ltr'>Παύλῳ</span> <span class='ocrx_word' id='word_1_649' title='bbox 2940 4797 3405 4870; x_wconf 72' lang='grc' dir='ltr'>Ὀρφανοτρόφῳ,</span> <span class='ocrx_word' id='word_1_650' title='bbox 3474 4794 3777 4866; x_wconf 68' lang='grc' dir='ltr'>ἀνθρώποις</span> 
     </span>
    </p>
   </div>
   <div class='ocr_carea' id='block_1_107' title="bbox 2197 4897 2384 4953">
    <p class='ocr_par' dir='ltr' id='par_1_107' title="bbox 2197 4897 2384 4953">
     <span class='ocr_line' id='line_1_107' title="bbox 2197 4897 2384 4953; baseline -0.005 0"><span class='ocrx_word' id='word_1_651' title='bbox 2197 4897 2384 4953; x_wconf 77' lang='grc' dir='ltr'>αὐτοῦ.</span> 
     </span>
    </p>
   </div>
   <div class='ocr_carea' id='block_1_108' title="bbox 2268 5001 3775 5082">
    <p class='ocr_par' dir='ltr' id='par_1_108' title="bbox 2268 5001 3775 5082">
     <span class='ocr_line' id='line_1_108' title="bbox 2268 5001 3775 5082; baseline -0.011 -15"><span class='ocrx_word' id='word_1_652' title='bbox 2268 5011 2333 5067; x_wconf 84' lang='grc' dir='ltr'><strong>δ’.</strong></span> <span class='ocrx_word' id='word_1_653' title='bbox 2371 5010 2625 5082; x_wconf 86' lang='grc' dir='ltr'>Ἐποίησε</span> <span class='ocrx_word' id='word_1_654' title='bbox 2674 5010 2731 5063; x_wconf 82' lang='grc' dir='ltr'><strong>δὲ</strong></span> <span class='ocrx_word' id='word_1_655' title='bbox 2769 5007 3051 5079; x_wconf 80' lang='grc' dir='ltr'>Ῥωμανὺς</span> <span class='ocrx_word' id='word_1_656' title='bbox 3100 5006 3355 5077; x_wconf 73' lang='grc' dir='ltr'>βασιλεὺς</span> <span class='ocrx_word' id='word_1_657' title='bbox 3384 5006 3442 5058; x_wconf 83' lang='grc' dir='ltr'>ὲν</span> <span class='ocrx_word' id='word_1_658' title='bbox 3476 5003 3553 5073; x_wconf 80' lang='grc' dir='ltr'>τῷ</span> <span class='ocrx_word' id='word_1_659' title='bbox 3574 5001 3775 5073; x_wconf 48' lang='lat'><strong>19600-</strong></span> 
     </span>
    </p>
   </div>
   <div class='ocr_carea' id='block_1_109' title="bbox 2198 5088 3774 5175">
    <p class='ocr_par' dir='ltr' id='par_1_109' title="bbox 2198 5088 3774 5175">
     <span class='ocr_line' id='line_1_109' title="bbox 2198 5088 3774 5175; baseline -0.01 -17"><span class='ocrx_word' id='word_1_660' title='bbox 2198 5104 2363 5175; x_wconf 83' lang='grc' dir='ltr'>ναλίῳ</span> <span class='ocrx_word' id='word_1_661' title='bbox 2390 5104 2711 5174; x_wconf 86' lang='grc' dir='ltr'>πρόκενσον,</span> <span class='ocrx_word' id='word_1_662' title='bbox 2756 5101 3113 5171; x_wconf 81' lang='grc' dir='ltr'>συνηγμένων</span> <span class='ocrx_word' id='word_1_663' title='bbox 3156 5098 3416 5151; x_wconf 80' lang='grc' dir='ltr'>ἁπάντων</span> <span class='ocrx_word' id='word_1_664' title='bbox 3457 5097 3639 5147; x_wconf 74' lang='grc' dir='ltr'>ἐκεῖσε</span> <span class='ocrx_word' id='word_1_665' title='bbox 3671 5088 3774 5161; x_wconf 74' lang='grc' dir='ltr'>μεθ’</span> 
     </span>
    </p>
   </div>
   <div class='ocr_carea' id='block_1_110' title="bbox 2197 5185 3772 5263">
    <p class='ocr_par' dir='ltr' id='par_1_110' title="bbox 2197 5185 3772 5263">
     <span class='ocr_line' id='line_1_110' title="bbox 2197 5185 3772 5263; baseline -0.01 -13"><span class='ocrx_word' id='word_1_666' title='bbox 2197 5196 2397 5250; x_wconf 81' lang='grc' dir='ltr'>ὃπλων.</span> <span class='ocrx_word' id='word_1_667' title='bbox 2424 5194 2531 5247; x_wconf 81' lang='grc' dir='ltr'>Τοῦ</span> <span class='ocrx_word' id='word_1_668' title='bbox 2561 5192 2852 5263; x_wconf 85' lang='grc' dir='ltr'>ἀδνουμίου</span> <span class='ocrx_word' id='word_1_669' title='bbox 2885 5192 2944 5245; x_wconf 85' lang='grc' dir='ltr'>δὲ</span> <span class='ocrx_word' id='word_1_670' title='bbox 2995 5191 3290 5261; x_wconf 85' lang='grc' dir='ltr'>γενομένου</span> <span class='ocrx_word' id='word_1_671' title='bbox 3339 5189 3612 5258; x_wconf 74' lang='grc' dir='ltr'>αἰφνίδιον</span> <span class='ocrx_word' id='word_1_672' title='bbox 3652 5185 3772 5236; x_wconf 75' lang='grc' dir='ltr'><strong>Ῥωσ</strong></span> 
     </span>
    </p>
   </div>
   <div class='ocr_carea' id='block_1_111' title="bbox 2202 5274 3771 5359">
    <p class='ocr_par' dir='ltr' id='par_1_111' title="bbox 2202 5274 3771 5359">
     <span class='ocr_line' id='line_1_111' title="bbox 2202 5274 3771 5359; baseline -0.01 -17"><span class='ocrx_word' id='word_1_673' title='bbox 2202 5288 2371 5359; x_wconf 78' lang='grc' dir='ltr'>μανὸς</span> <span class='ocrx_word' id='word_1_674' title='bbox 2396 5287 2487 5340; x_wconf 76' lang='grc' dir='ltr'><strong>καὶ</strong></span> <span class='ocrx_word' id='word_1_675' title='bbox 2520 5286 2934 5348; x_wconf 81' lang='grc' dir='ltr'>Κωνσταντίνος</span> <span class='ocrx_word' id='word_1_676' title='bbox 2988 5284 3145 5354; x_wconf 84' lang='grc' dir='ltr'>τάχει</span> <span class='ocrx_word' id='word_1_677' title='bbox 3192 5282 3375 5351; x_wconf 79' lang='grc' dir='ltr'>πολλῷ</span> <span class='ocrx_word' id='word_1_678' title='bbox 3406 5282 3489 5343; x_wconf 81' lang='grc' dir='ltr'><strong>είς</strong></span> <span class='ocrx_word' id='word_1_679' title='bbox 3521 5280 3583 5331; x_wconf 74' lang='grc' dir='ltr'>τὸ</span> <span class='ocrx_word' id='word_1_680' title='bbox 3619 5274 3771 5330; x_wconf 59' lang='lat' dir='ltr'><strong>mid-</strong></span> 
     </span>
    </p>
   </div>
   <div class='ocr_carea' id='block_1_112' title="bbox 2197 5368 3769 5449">
    <p class='ocr_par' dir='ltr' id='par_1_112' title="bbox 2197 5368 3769 5449">
     <span class='ocr_line' id='line_1_112' title="bbox 2197 5368 3769 5449; baseline -0.008 -16"><span class='ocrx_word' id='word_1_681' title='bbox 2197 5396 2311 5433; x_wconf 84' lang='grc' dir='ltr'>τιον</span> <span class='ocrx_word' id='word_1_682' title='bbox 2366 5377 2833 5449; x_wconf 78' lang='grc' dir='ltr'>ὑποστρέφουσιν·</span> <span class='ocrx_word' id='word_1_683' title='bbox 2891 5374 3137 5447; x_wconf 83' lang='grc' dir='ltr'>ἐμηνύθη</span> <span class='ocrx_word' id='word_1_684' title='bbox 3195 5373 3307 5443; x_wconf 81' lang='grc' dir='ltr'>γὰρ</span> <span class='ocrx_word' id='word_1_685' title='bbox 3359 5372 3516 5442; x_wconf 72' lang='grc' dir='ltr'>παρὰ</span> <span class='ocrx_word' id='word_1_686' title='bbox 3558 5368 3769 5423; x_wconf 75' lang='grc' dir='ltr'>Λέοντος</span> 
     </span>
    </p>
   </div>
   <div class='ocr_carea' id='block_1_113' title="bbox 2199 5460 3765 5541">
    <p class='ocr_par' dir='ltr' id='par_1_113' title="bbox 2199 5460 3765 5541">
     <span class='ocr_line' id='line_1_113' title="bbox 2199 5460 3765 5541; baseline -0.013 -14"><span class='ocrx_word' id='word_1_687' title='bbox 2199 5471 2487 5541; x_wconf 84' lang='grc' dir='ltr'>ἀνθρώπου</span> <span class='ocrx_word' id='word_1_688' title='bbox 2559 5470 2654 5523; x_wconf 78' lang='grc' dir='ltr'>τοῦ</span> <span class='ocrx_word' id='word_1_689' title='bbox 2728 5470 3004 5541; x_wconf 88' lang='grc' dir='ltr'>Ἀρσενίου</span> <span class='ocrx_word' id='word_1_690' title='bbox 3058 5470 3092 5539; x_wconf 77' lang='grc' dir='ltr'>ἡ</span> <span class='ocrx_word' id='word_1_691' title='bbox 3126 5468 3292 5522; x_wconf 80' lang='grc' dir='ltr'>αὐτοῦ</span> <span class='ocrx_word' id='word_1_692' title='bbox 3351 5466 3449 5518; x_wconf 74' lang='grc' dir='ltr'><strong>τοῦ</strong></span> <span class='ocrx_word' id='word_1_693' title='bbox 3506 5460 3765 5532; x_wconf 78' lang='grc' dir='ltr'>Ἀρσενεον</span> 
     </span>
    </p>
   </div>
   <div class='ocr_carea' id='block_1_114' title="bbox 2198 5552 3764 5632">
    <p class='ocr_par' dir='ltr' id='par_1_114' title="bbox 2198 5552 3764 5632">
     <span class='ocr_line' id='line_1_114' title="bbox 2198 5552 3764 5632; baseline -0.008 -17"><span class='ocrx_word' id='word_1_694' title='bbox 2198 5562 2459 5632; x_wconf 76' lang='grc' dir='ltr'>ἐπιϐουλὴ</span> <span class='ocrx_word' id='word_1_695' title='bbox 2512 5564 2606 5617; x_wconf 74' lang='grc' dir='ltr'><strong>καὶ</strong></span> <span class='ocrx_word' id='word_1_696' title='bbox 2641 5562 2855 5616; x_wconf 88' lang='grc' dir='ltr'>Παύλου</span> <span class='ocrx_word' id='word_1_697' title='bbox 2890 5561 3289 5632; x_wconf 80' lang='grc' dir='ltr'>μαγκλαὸίτου,</span> <span class='ocrx_word' id='word_1_698' title='bbox 3332 5558 3384 5611; x_wconf 78' lang='grc' dir='ltr'>οἳ</span> <span class='ocrx_word' id='word_1_699' title='bbox 3426 5558 3525 5611; x_wconf 78' lang='grc' dir='ltr'>καὶ</span> <span class='ocrx_word' id='word_1_700' title='bbox 3551 5552 3764 5622; x_wconf 75' lang='grc' dir='ltr'>τυφθέν·</span> 
     </span>
    </p>
   </div>
   <div class='ocr_carea' id='block_1_115' title="bbox 2198 5647 3766 5725">
    <p class='ocr_par' dir='ltr' id='par_1_115' title="bbox 2198 5647 3766 5725">
     <span class='ocr_line' id='line_1_115' title="bbox 2198 5647 3766 5725; baseline -0.005 -17"><span class='ocrx_word' id='word_1_701' title='bbox 2198 5672 2287 5718; x_wconf 84' lang='grc' dir='ltr'><strong>τες</strong></span> <span class='ocrx_word' id='word_1_702' title='bbox 2318 5655 2411 5709; x_wconf 75' lang='grc' dir='ltr'><strong>καὶ</strong></span> <span class='ocrx_word' id='word_1_703' title='bbox 2438 5653 2502 5724; x_wconf 88' lang='grc' dir='ltr'>δη</span> <span class='ocrx_word' id='word_1_704' title='bbox 2512 5654 2799 5725; x_wconf 86' lang='grc' dir='ltr'>μευθέντες</span> <span class='ocrx_word' id='word_1_705' title='bbox 2820 5652 3215 5724; x_wconf 76' lang='grc' dir='ltr'>ἑξωρίσθησαν.</span> <span class='ocrx_word' id='word_1_706' title='bbox 3236 5647 3347 5705; x_wconf 82' lang='grc' dir='ltr'>Ἦν</span> <span class='ocrx_word' id='word_1_707' title='bbox 3378 5650 3438 5703; x_wconf 78' lang='grc' dir='ltr'>δὲ</span> <span class='ocrx_word' id='word_1_708' title='bbox 3463 5650 3582 5703; x_wconf 85' lang='grc' dir='ltr'>τότε</span> <span class='ocrx_word' id='word_1_709' title='bbox 3605 5659 3766 5714; x_wconf 59' lang='grc' dir='ltr'>παρε-</span> 
     </span>
    </p>
   </div>
   <div class='ocr_carea' id='block_1_116' title="bbox 2197 5731 3765 5819">
    <p class='ocr_par' dir='ltr' id='par_1_116' title="bbox 2197 5731 3765 5819">
     <span class='ocr_line' id='line_1_116' title="bbox 2197 5731 3765 5819; baseline -0.004 -20"><span class='ocrx_word' id='word_1_710' title='bbox 2197 5742 2537 5800; x_wconf 87' lang='grc' dir='ltr'>δυναστεύων</span> <span class='ocrx_word' id='word_1_711' title='bbox 2575 5745 2605 5799; x_wconf 84' lang='grc' dir='ltr'><strong>ὁ</strong></span> <span class='ocrx_word' id='word_1_712' title='bbox 2641 5743 3013 5819; x_wconf 72' lang='grc' dir='ltr'>πρεσϐύτερος</span> <span class='ocrx_word' id='word_1_713' title='bbox 3052 5743 3303 5814; x_wconf 83' lang='grc' dir='ltr'>Ἰωάννης</span> <span class='ocrx_word' id='word_1_714' title='bbox 3348 5743 3378 5796; x_wconf 83' lang='grc' dir='ltr'>ὁ</span> <span class='ocrx_word' id='word_1_715' title='bbox 3409 5739 3673 5813; x_wconf 83' lang='grc' dir='ltr'>ραίκτωρ.</span> <span class='ocrx_word' id='word_1_716' title='bbox 3713 5731 3765 5793; x_wconf 74' lang='grc' dir='ltr'><strong>ὃς</strong></span> 
     </span>
    </p>
   </div>
  </div>
