3996 6208
286 286 391 349 953

1382 298 1576 359 ΥΙΤᾸΞ
1613 301 2169 368 RECENTIORUM
2211 309 2406 372 IMPP.

3430 323 3537 386 954

275 401 481 453 Λέοντα
504 398 593 452 τὸν
617 401 708 454 τοῦ
754 404 1029 474 Ἀρσενίου
1053 410 1308 480 ἐποίησεν
1340 412 1751 486 ἑϐδομαδάριον,
1774 417 1841 488 τῷ

1956 419 2196 476 Leonem
2232 426 2449 480 Arsenii
2478 428 2842 485 domesticum
2866 431 2994 487 fecit
3024 433 3538 501 hebdomadarium,

277 492 488 559 βασιλεῖ
507 493 695 547 τοῦτον
725 500 1173 567 προσοικειώσας.

346 676 408 731 ε’.
458 679 705 746 Ἐγένετο
729 683 787 736 δέ
814 702 896 749 τις
948 686 1257 755 Ῥεντάκιος
1293 696 1350 747 ἐν
1387 692 1621 762 Ἑλλάδι,
1660 717 1853 769 συγγε-

276 770 372 840 νὴς
393 770 469 824 ὢν
497 774 711 845 Νικήτα
735 780 1047 850 πατρικίου,
1081 785 1405 850 ἀπαίδευτός
1432 808 1489 842 τε
1519 793 1613 844 καὶ
1648 812 1855 865 πατρα-

277 861 451 925 λοίας,
485 865 546 927 ὃς
574 866 666 919 τὸν
705 869 900 923 ἑαυτοῦ
934 874 1144 945 πατέρα
1173 879 1526 951 καταδιὼκων
1571 884 1848 950 φονεῦσαι,

274 954 577 1028 ἐπειδήπερ
604 963 809 1026 ἐκεῖνος
861 967 1080 1034 φεύγων
1134 972 1298 1025 αὐτοῦ
1346 974 1444 1044 τὴν
1496 976 1744 1032 ἐπίθεσιν
1796 981 1853 1033 ἐν

274 1050 446 1120 πλοίῳ
467 1053 726 1139 εἰσελθὼν
757 1058 972 1121 ἐξέπλει
1007 1063 1100 1114 καὶ
1124 1066 1273 1133 παρὰ
1310 1066 1418 1120 τῶν
1451 1070 1683 1139 Κρητῶν
1725 1090 1853 1125 κατ-

274 1142 499 1211 εσχέθη,
527 1137 685 1209 οὗτος
720 1150 746 1200 6
786 1148 1096 1216 Ῥεντάκιος
1142 1156 1326 1210 ἄδειαν
1357 1158 1536 1228 εὑρὼν
1569 1160 1749 1215 πάντα
1785 1164 1853 1216 τὰ

274 1234 369 1288 τοῦ
400 1237 604 1305 πατρὸς
629 1239 794 1293 αὐτοῦ
829 1242 1104 1312 ἐληῖσατο,
1134 1248 1228 1300 καὶ
1258 1250 1315 1301 ἐν
1346 1253 1413 1319 τῇ
1440 1251 1592 1303 πόλει
1616 1253 1853 1307 ἀνελθὼν

274 1330 602 1401 τῇΜεγάλῃ
660 1331 753 1385 τοῦ
802 1334 936 1387 Θεοῦ
986 1338 1255 1411 ἐκκλησίᾳ
1309 1344 1671 1412 προσέφυγεν.
1720 1347 1852 1400 Ῥω-

279 1420 445 1490 μανὸς
464 1421 518 1473 δέ
539 1424 566 1473 6
591 1424 842 1490 βασιλεὺς
872 1428 969 1491 τὰς
993 1431 1158 1484 αὐτοῦ
1188 1433 1413 1500 ἀταξίας
1442 1440 1535 1488 καὶ
1561 1438 1853 1509 λεηλασίας

275 1513 609 1582 καταμαθὼν
632 1516 819 1570 τοῦτον
846 1520 949 1589 τῆς
999 1522 1299 1594 ἐκκλησίας
1355 1528 1650 1596 ἐξαγαγεῖν
1699 1534 1854 1585 ἐϐου-

273 1601 509 1657 λεύσατο
536 1607 629 1659 καὶ
652 1609 964 1665 παιδεῦσαι.
996 1613 1053 1666 '0
1074 1615 1129 1668 δὲ
1158 1617 1373 1685 ψευδεῖς
1396 1622 1683 1687 ἐπιστολὰς
1716 1628 1853 1696 πρὸς

274 1693 621 1766 Βουλγάρους
659 1701 1011 1773 πλασάμενος
1047 1709 1180 1779 πρὸς
1210 1712 1407 1775 αὐτοὺς
1426 1693 1854 1789 δἀύτομολῆσαι

273 1788 651 1846 ἐϐουλεύσατο.
674 1770 982 1866 Κρατηθεὶς
1003 1798 1059 1853 δὲ
1090 1770 1184 1855 καὶ
1212 1770 1490 1875 ἐλεγχθεὶς
1518 1770 1642 1873 τοὺς
1656 1770 1854 1878 όφθαλ-
1886 1770 1926 1823 Β

275 1878 411 1948 μους
444 1881 854 1952 ἀποστερεῖται.

348 1970 425 2035 ς’.
464 1974 587 2026 Τῶν
617 1977 674 2028 δὲ
714 1978 1042 2049 Βουλγάρων
1092 1983 1256 2047 πάλιν
1292 1987 1659 2052 ἐξελασάντων
1692 1993 1853 2063 μέχρι

271 2064 670 2136 Κατασυρτῶν,
722 2073 864 2139 μετὰ
892 2072 949 2125 δέ
1001 2074 1100 2145 τὴν
1132 2077 1450 2144 δομεστίκου
1497 2084 1848 2153 ’Δδρελαστοῦ

272 2156 551 2227 τελευτὴν,
610 2162 921 2237 προεϐλήθη
972 2167 1143 2231 Πόθος
1181 2170 1209 2221 6
1251 2171 1347 2224 τοῦ
1391 2174 1657 2244 Ἀργυροῦ
1693 2177 1845 2247 δομέ-

274 2264 461 2310 στικος
492 2250 598 2304 τῶν
627 2253 853 2322 σχολῶν,
917 2259 1012 2311 καὶ
1063 2260 1225 2330 μέχρι
1269 2264 1666 2334 Θερμοπόλεως
1711 2270 1848 2338 μετὰ

272 2338 382 2391 τῶν
411 2342 702 2410 ταγμάτων
720 2346 952 2413 ἐξελθὼν
979 2352 1262 2405 ἀπέστειλε
1292 2356 1510 2426 Μιχαὴλ
1528 2357 1620 2411 τόν
1648 2362 1848 2431 Μωρο-

269 2429 483 2495 λέοντος
538 2437 653 2489 υἱὸν
708 2442 1089 2512 τοποτηρητὴν
1150 2444 1277 2498 ὄντα
1330 2448 1455 2511 τοὺς
1505 2429 1846 2519 Βουλγάρους

268 2527 780 2594 κατασκοπήσοντα.
834 2532 895 2585 Ὀ
933 2533 990 2586 δέ
1029 2536 1354 2604 άπροόπτως
1388 2538 1464 2607 τῷ
1496 2540 1638 2610 λόχῳ
1667 2543 1846 2595 αὐτῶν

267 2613 524 2667 εἰσελθὼν
553 2617 661 2671 ἔσω
712 2620 940 2683 πολλοὺς
972 2622 1072 2690 μὲν
1101 2622 1209 2676 τῶν
1245 2623 1571 2697 Βουλγάρων
1602 2630 1837 2695 ἀνεῖλεν,

266 2704 497 2774 πληγεῖς
533 2708 589 2761 δὲ
617 2710 713 2763 καὶ
746 2710 910 2775 αὐτὸς
964 2712 1227 2769 εἰσελθὼν
1260 2717 1318 2769 ἐν
1355 2720 1418 2788 τῇ
1451 2719 1602 2773 πόλει
1631 2721 1845 2775 ἐτελεύ-

263 2814 448 2868 τησεν.

206 2950 207 2953 η
263 2948 283 2977 ί
335 2886 401 2952 ξι
445 2889 723 2963 Ἐμηνύθη
747 2894 803 2946 δέ
826 2894 949 2949 τότε
998 2896 1087 2951 διὰ
1116 2898 1420 2971 Θεοκλήτου
1463 2904 1716 2974 νοταρίου
1742 2906 1842 2977 τῆς

262 2979 570 3053 ὑπουργίας
601 2986 634 3050 ἡ
668 2984 812 3039 κατὰ
854 2986 1139 3057 Ῥωμανοῦ
1169 2992 1262 3045 τοῦ
1287 2992 1547 3063 βασίλέως
1577 2997 1838 3069 ἐπιϐουλὴ

1958 515 2276 583 imperatori
2341 521 2735 579 commendans
2801 525 2965 595 inque
3014 529 3132 598 ejus
3176 529 3404 599 gratiam
3458 532 3530 584 in-

1954 607 2201 661 sinuans.

2026 701 2076 753 5.
2134 701 2259 754 Fuit
2285 704 2583 760 Rentacius
2606 709 2827 777 quidam
2866 710 2918 762 in
2945 710 3175 771 Grzecia.
3210 712 3413 767 Niceta:
3442 728 3539 782 pa-

1957 793 2117 847 tricio
2154 797 2439 863 sanguinis
2482 801 2893 855 necessitudine
2951 805 3316 873 conjunctus,
3372 806 3538 859 homo

1956 883 2201 939 insolens
2249 896 2304 940 et
2352 890 2645 956 parricida.
2702 891 2752 945 Is
2809 909 2931 946 cum
2978 905 3188 963 patrem
3242 911 3433 950 necem
3483 898 3535 952 ei

1955 976 2210 1032 illaturus
2251 994 2696 1051 persequeretur,
2740 1002 2804 1040 ac
2838 997 2995 1056 pater
3048 991 3197 1046 illius
3236 997 3346 1049 vim
3380 997 3535 1053 furo-

1955 1087 2188 1142 remque
2217 1074 2503 1131 decliuans
2544 1094 2845 1135 conscensa
2883 1087 3005 1137 navi
3036 1102 3063 1140 a
3086 1089 3373 1145 Saracenis
3406 1092 3512 1148 Cre

1957 1165 2205 1219 lensibus
2242 1165 2385 1221 inter
2427 1171 2791 1239 navigandum
2845 1174 3039 1230 fuisset
3074 1188 3287 1248 captus,
3331 1194 3529 1239 nactus

1955 1256 2235 1311 licentiam
2296 1260 2467 1328 patris
2518 1263 2700 1316 omnia
2755 1264 2988 1335 diripuit
3044 1279 3209 1338 atque
3278 1275 3575 1334 vastavit.‘

1955 1350 2261 1420 urbemque
2316 1360 2508 1421 petens
2556 1355 2610 1408 in
2658 1356 2902 1427 Magnam
2948 1362 3039 1415 Dei
3070 1364 3360 1418 ecclesiam
3405 1382 3528 1435 pro-

1953 1441 2113 1511 fugit.
2172 1443 2455 1499 Romanus
2507 1461 2634 1500 vero
2687 1448 2988 1518 imperator
3021 1493 3034 1517 ,
3085 1454 3250 1523 892
3313 1456 3532 1526 cognita

1955 1534 2195 1590 hominis
2239 1539 2541 1605 petulantia
2594 1557 2657 1596 ac
2714 1545 2957 1613 rapinis,
3011 1548 3245 1602 ecclesia
3290 1549 3530 1607 educere

1955 1636 2222 1683 statuerat
2246 1631 2503 1700 justaque
2535 1634 3018 1691 animadversione
3048 1640 3266 1706 punire.
3319 1640 3389 1694 At
3439 1644 3531 1697 ille

1956 1714 2107 1770 falsis
2155 1718 2223 1771 ad
2266 1719 2529 1790 Bulgaros
2577 1724 2845 1780 confectis
2892 1726 3094 1783 litteris
3129 1729 3196 1783 ad
3241 1731 3365 1786 illos
3401 1749 3533 1787 con-

1960 1808 2146 1879 fugere
2192 1811 2613 1869 deliberaverat.
2658 1817 2865 1873 'l'entus
2906 1819 3090 1889 itaque
3131 1836 3195 1875 ac
3244 1824 3530 1880 convictus

1958 1902 2175 1957 amissis
2211 1903 2510 1960 luminibus
2538 1907 2660 1961 luit.

2024 1993 2076 2047 6.
2131 1995 2379 2066 Bulgaris
2431 2009 2613 2052 autem
2673 2000 2739 2054 ad
2804 2001 3117 2074 Catasyrtas
3178 2024 3348 2077 usque
3409 2020 3531 2078 post

1952 2080 2225 2136 Adrelasti
2257 2083 2539 2138 domestici
2570 2100 2826 2141 occasum
2864 2088 3047 2144 denuo
3080 2095 3525 2160 excurrentibus,

1952 2172 2160 2228 Pothus
2193 2175 2435 2246 Argyrus
2465 2177 2779 2233 scholarum
2816 2181 3154 2238 domesticus
3192 2186 3525 2255 prazficitur;

1950 2267 2252 2336 castrisque
2282 2268 2348 2322 ad
2397 2270 2809 2340 Thermopolim
2849 2276 3043 2343 positis
3062 2277 3378 2333 Michaclem
3410 2281 3525 2335 Mo-

1948 2358 2191 2412 roleonis
2225 2359 2397 2412 filium
2436 2361 2670 2430 legatum
2702 2363 2997 2434 Bulgarum
3033 2378 3243 2421 motum
3274 2373 3525 2439 explora-

1951 2457 2066 2502 tum
2100 2450 2269 2502 misit.
2326 2452 2377 2504 Is
2418 2454 2714 2522 improvise
2769 2456 2823 2510 in
2862 2456 3220 2529 Bulgarorum
3270 2463 3528 2533 delapsus

1949 2557 2185 2596 cuneum
2206 2544 2430 2599 multam
2456 2548 2678 2615 quidem
2703 2549 3061 2621 Bulgarorum
3076 2553 3226 2608 dedit
3247 2566 3484 2625 stragem
3509 2577 3523 2613 :

1948 2648 2137 2687 verum
2182 2634 2299 2704 ipse
2327 2652 2549 2707 quoque
2585 2650 2811 2710 accepto
2838 2643 3069 2699 vulnere
3108 2645 3165 2699 in
3204 2646 3397 2701 urbem
3436 2647 3524 2703 in-

1945 2740 2167 2795 gressus
2197 2736 2447 2783 mortuus
2472 2739 2576 2784 est.

2011 2902 2063 2957 7.
2098 2904 2178 2958 Eo
2213 2912 2457 2974 tempore
2479 2905 2709 2962 detectae
2734 2924 2764 2962 a
2789 2907 3087 2965 Theocleto
3111 2909 3275 2965 oflicii
3308 2913 3525 2969 notario

1941 3003 2165 3052 structa:
2220 2998 2465 3053 Romano
2500 2999 2821 3069 imperatori
2863 3003 3077 3058 Insidiae
3100 3004 3373 3059 Anastasii
3428 3021 3519 3061 sa-

274 3072 634 3127 Ἀναστασίου
684 3076 1044 3148 σακελλαρίου
1096 3083 1190 3136 καὶ
1221 3084 1479 3153 ἄρχοντος
1514 3088 1610 3141 τοῦ
1637 3107 1837 3159 χρυσον

1949 3090 2147 3144 cellarii
2199 3100 2255 3145 et
2318 3091 2622 3146 aurificinaa
2681 3096 3011 3163 praepositi,
3079 3104 3159 3169 ek
3197 3096 3524 3153 Theodoriti

262 3166 466 3236 χοείου,
493 3169 585 3222 καὶ
608 3169 956 3243 Θεοδωρήτου
1007 3178 1345 3244 κοιτωνίτου,
1383 3182 1477 3233 καὶ
1520 3184 1833 3256 Δημητρίου

265 3258 551 3329 βασιλικοῦ
612 3264 864 3335 νοταρίου
911 3266 1006 3319 τοῦ
1042 3268 1271 3335 εἰδικοῦ,
1302 3273 1395 3324 καὶ
1443 3274 1711 3330 Νικολάου
1742 3281 1835 3333 τοῦ

260 3351 583 3421 Κουϐάτζη,
618 3355 712 3407 καὶ
735 3355 989 3411 Θεοδότου
1021 3364 1472 3433 πρωτοκαράόου,
1513 3367 1564 3419 οἳ
1585 3371 1675 3422 καὶ
1698 3371 1836 3443 ὑπὲρ

259 3445 678 3500 Κωνσταντίνου
719 3448 984 3519 βασιλέως
1018 3452 1177 3522 δῆθεν
1219 3455 1551 3522 ἐσπούδαζον
1578 3478 1590 3491 ο
1630 3462 1722 3514 καὶ
1772 3462 1834 3533 δή

255 3537 605 3606 ἐλεγχθέντες
641 3540 955 3613 ἐτύφθησαν
1001 3544 1095 3596 καὶ
1123 3546 1180 3597 ἐν
1220 3550 1285 3617 τῇ
1335 3551 1474 3622 μέσῃ
1505 3552 1717 3622 διῆλθον
1742 3556 1837 3609 καὶ

257 3630 541 3702 ὑπερόριοι
567 3634 930 3705 κατέστησαν,
963 3636 1019 3689 Ὀ
1041 3637 1095 3689 δὲ
1114 3637 1455 3712 Θεοδώρητος
1470 3642 1550 3714 [Ρ.
1572 3646 1698 3718 576]
1730 3648 1836 3720 ἰδίᾳ

259 3722 319 3775 ἐν
373 3722 451 3793 τῷ
507 3724 786 3797 λεγομένῳ
844 3729 1134 3802 Τρικόγχῳ
1163 3733 1258 3786 τοῦ
1294 3737 1560 3790 παλατίου
1610 3739 1834 3807 τυφθεὶς

258 3816 355 3868 καὶ
395 3818 559 3880 αὐτὸς
592 3818 886 3891 ἐξωρίσθη.
926 3823 1030 3876 Τδν
1058 3826 1114 3877 δὲ
1169 3828 1525 3899 σακελλάριον
1569 3832 1835 3890 ’Δναπτά-

259 3925 376 3963 σιον
396 3910 698 3982 άπέκειραν
731 3913 789 3966 ἐν
824 3917 893 3983 τῇ
928 3920 1062 3986 μονῇ
1113 3918 1220 3969 τῶν
1258 3920 1555 3989 Ἐλεγμῶν,
1590 3923 1716 3979 ἔνθα
1743 3930 1838 3982 καὶ

256 4004 505 4076 τελευτᾷ.
533 4006 645 4073 Τῆς
668 4006 924 4077 τοιαύτης
942 4008 996 4062 δὲ
1019 4012 1345 4082 προφάσεως
1369 4014 1667 4085 λαϐόμενος
1707 4021 1839 4072 Ῥω-

259 4096 433 4164 μανδς
485 4098 576 4151 τὸν
623 4098 850 4168 βασιλέα
906 4103 1315 4158 Κωνσταντῖνον
1365 4107 1686 4172 ύποδιϐάζει
1742 4113 1838 4166 καὶ

254 4187 510 4259 δεύτερον
564 4190 915 4262 καθίστησιν,
966 4194 1129 4248 αὐτὸν
1174 4195 1231 4249 δὲ
1276 4198 1507 4267 προάγει
1538 4201 1618 4262 εἰς
1651 4200 1710 4253 τὸ
1741 4200 1839 4271 ἐμ-

254 4280 514 4349 προσθεν.

323 4374 454 4442 η-θ’.
473 4374 857 4443 Ἔκστρατεύει
873 4376 928 4429 δὲ
948 4378 1108 4430 πάλιν
1125 4379 1349 4447 Συμεὼν
1366 4384 1504 4435 κατὰ
1521 4382 1831 4454 Ῥωμαίων,

249 4464 353 4520 καὶ
383 4467 562 4538 πλήθη
596 4468 923 4538 Βουλγάρων
950 4471 1278 4535 ἀποστείλας
1296 4474 1410 4543 ἅμα
1439 4478 1710 4547 Καυκάνῳ
1735 4482 1829 4533 καὶ

247 4559 487 4628 Μηνικῷ
529 4560 626 4612 καὶ
657 4562 884 4631 ἑτέροις,
921 4563 1177 4615 ἐκέλευσε
1212 4566 1352 4619 κατὰ
1383 4568 1481 4635 τῆς
1513 4569 1722 4630 πόλεως
1746 4572 1827 4624 ὅτι

244 4652 482 4721 τάχιστα
532 4652 860 4718 ἐξελαύνειν.
918 4655 1227 4720 Διελθόντες
1257 4657 1352 4710 οῦν
1402 4653 1547 4713 οὗτοι
1593 4661 1682 4715 διὰ
1719 4663 1826 4716 τῶν

244 4743 393 4813 δρῶν
424 4738 586 4814 ἦλθον
617 4745 781 4815 μέχρι
838 4747 948 4800 τῶν
995 4749 1323 4817 Μαγγλαὸἄ.
1374 4752 1484 4822 Τὴν
1538 4754 1719 4808 αὐτῶν
1768 4756 1825 4809 δὲ

244 4834 437 4904 ἔφοδον
463 4836 651 4905 μαθὼν
683 4840 709 4890 6
745 4838 998 4908 βασιλεὺς
1033 4841 1331 4911 Ῥωμανὸς,
1360 4844 1715 4916 λογισάμενος
1752 4846 1826 4920 μὴ

238 4928 316 4982 τὰ
347 4928 455 4981 τῶν
486 4930 684 5000 Πηγῶν
710 4933 947 4987 παλάτια
998 4936 1089 4988 καὶ
1138 4935 1198 4988 τὸ
1252 4938 1443 4990 Στενὸν
1470 4939 1826 5004 κατελθόντες

241 5018 629 5090 ἐμπρήσωσιν,
679 5022 931 5093 Ἰωάννην
993 5026 1279 5097 ῥαίκτωρα
1333 5031 1653 5084 ἀποστέλλει
1710 5033 1826 5102 ἄμα

239 5110 439 5163 Λέοντι
463 5112 556 5164 καὶ
590 5113 748 5182 Πόθῳ
781 5116 892 5178 τοῖς
930 5117 1215 5184 Ἀργυροῖς
1241 5120 1577 5191 λεγομένοις,
1600 5124 1825 5193 ἔχοντας

242 5201 371 5271 μεθ’
400 5202 609 5257 ἑαυτῶν
641 5205 841 5274 πλῆθος
873 5210 1058 5261 ἱκανὸν
1086 5209 1147 5262 ἐκ
1179 5228 1238 5262 τε
1273 5213 1383 5265 τῶν
1414 5214 1709 5283 βασιλικῶν
1732 5219 1824 5270 καὶ

235 5292 345 5374 τῆς
400 5295 677 5365 ἑταιρείας
708 5299 801 5351 καὶ
845 5299 952 5352 τῶν
1005 5302 1320 5371 ταγμάτων.
1375 5299 1470 5368 Οἷς
1536 5307 1699 5376 συνῆν
1729 5308 1823 5363 καὶ

255 5383 494 5464 Ἀλέξιος
529 5391 860 5461 ὀπατρίκιος
892 5395 983 5446 καὶ
1020 5394 1381 5465 δρουγγάριος
1414 5398 1524 5451 τῶν
1561 5400 1822 5471 πλωῖμων

235 5475 267 5527 ὁ
300 5478 535 5547 Μωσηλέ
568 5482 614 5514 ⁸³
646 5484 787 5551 μετὰ
832 5486 927 5539 τοῦ
960 5487 1091 5540 λαοῦ
1153 5488 1342 5543 αὑτοῦ.
1375 5486 1482 5543 Ἦν
1518 5491 1574 5544 δὲ
1631 5492 1671 5543 ε’
1713 5493 1821 5545 τῶν

1937 3183 2289 3247 cubicularii,
2328 3200 2392 3237 ac
2424 3185 2888 3240 Detnetriirerarii
2925 3188 3123 3255 privati
3160 3191 3383 3254 notarii,
3419 3204 3525 3245 nec

1937 3291 2048 3329 non
2080 3275 2289 3329 Nicolai
2318 3275 2565 3330 Cubitzis
2600 3284 2656 3330 et
2700 3277 2970 3332 Theodoti
3006 3282 3383 3348 protocarabi;
3424 3284 3521 3351 qui

1937 3378 1994 3425 et
2019 3367 2380 3423 Constantino
2412 3370 2602 3439 utique
2643 3369 2957 3439 imperatori
2990 3372 3309 3428 studebant.
3368 3374 3520 3429 Con-

1937 3462 2068 3516 victi
2091 3477 2242 3525 vero,
2275 3463 2600 3517 verberibus
2625 3463 2837 3517 subacti
2860 3478 2923 3518 ac
2954 3481 3055 3533 per
3079 3466 3317 3519 mediam
3355 3457 3522 3522 delati

1938 3553 2158 3617 urbem,
2205 3554 2260 3607 in
2306 3555 2557 3607 exsilium
2590 3555 2752 3624 ejecti
2779 3564 2931 3610 sunt.
2966 3556 3342 3613 Theodoritus
3364 3574 3519 3613 seor-

1937 3663 2057 3702 sum
2084 3647 2138 3701 in
2167 3647 2475 3702 Triconcho
2502 3648 2689 3702 Palatii
2720 3664 2915 3713 caesus,
2934 3650 3049 3718 ipse
3077 3667 3297 3720 quoque
3325 3652 3519 3707 exsilio

1938 3740 2208 3811 relegatus
2266 3750 2369 3797 est.
2434 3741 2781 3794 Anastasium
2830 3757 3001 3811 porro
3048 3742 3420 3800 Sacellarium.
3459 3746 3517 3800 in

1938 3836 2290 3903 Elegmorum
2337 3835 2732 3886 monasterium
2785 3837 3009 3890 caesarie
3048 3839 3385 3903 multarunt,
3422 3840 3517 3895 ubi

1937 3925 2100 3993 893
2131 3932 2188 3977 et
2221 3923 2477 3978 moritur.
2531 3924 2609 3976 Eo
2636 3924 2918 3978 Romanus
2958 3936 3222 3994 prretextu
3266 3945 3331 3983 ac
3360 3946 3517 3985 occa.

1940 4015 2093 4068 sione
2150 4012 2574 4067 Constantinum
2620 4013 3008 4083 imperatorem
3058 4018 3250 4087 dejicit
3306 4033 3369 4072 ac
3426 4034 3515 4073 se-

1940 4105 2124 4160 cundo
2176 4105 2374 4160 ordine
2422 4104 2734 4171 constituit,
2788 4106 3006 4177 sibique
3050 4109 3165 4178 ipse
3196 4110 3403 4180 primas
3434 4118 3516 4173 at-

1941 4198 2156 4253 tribuit.

2009 4376 2128 4430 8-9.
2170 4374 2405 4446 Symeon
2463 4391 2593 4430 vero
2641 4375 2907 4431 adversus
2961 4378 3236 4432 Romanos
3294 4392 3513 4431 rursum

1934 4469 2120 4538 copias
2158 4468 2388 4534 educit;
2436 4468 2709 4538 missaque
2751 4469 3109 4538 Bulgarorum
3160 4468 3513 4523 multitudine

1935 4579 2059 4619 cum
2090 4563 2345 4618 Caucano
2374 4572 2431 4617 et
2463 4563 2674 4617 Menico
2713 4564 2966 4633 aliisque,
3008 4564 3229 4618 mandat
3258 4574 3318 4618 ut
3348 4578 3512 4634 quam

1933 4654 2220 4710 celerrime
2237 4654 2500 4708 adversus
2519 4654 2712 4708 urbem
2732 4654 2993 4723 impetum
3012 4654 3208 4708 ferant.
3230 4653 3512 4723 Superatis

1934 4747 2117 4816 itaque
2144 4746 2445 4814 montibus,
2476 4756 2531 4801 et
2561 4763 2658 4816 per
2677 4762 2773 4801 eos
2794 4748 3093 4817 dirigentes
3116 4747 3242 4803 iter.
3266 4749 3333 4801 ad
3364 4749 3511 4801 Man-

1934 4839 2091 4910 glaba
2121 4849 2707 4908 usquevpervenerant.
2745 4838 2973 4910 Cognita
3014 4851 3194 4893 autem
3232 4840 3510 4894 Romanus

1935 4932 2231 4999 imperator
2274 4932 2471 4984 horum
2508 4930 2849 5000 irruptione,
2890 4932 3098 4986 veritus
3125 4948 3192 4986 ne
3240 4936 3507 5002 l‘cgarum

1932 5021 2111 5090 regias
2164 5022 2311 5076 aedes
2361 5022 2699 5091 Stenumquc
2750 5022 2876 5077 inde
2928 5022 3083 5077 effusi
3127 5023 3506 5087 incenderent,

1930 5119 2197 5174 Joannem
2230 5128 2497 5173 rectorem
2521 5134 2627 5173 una
2650 5133 2772 5172 cum
2796 5119 2978 5172 Leone
3002 5128 3055 5172 et
3080 5118 3253 5171 Potho
3289 5116 3510 5186 Argyris

1933 5212 2012 5268 ire
2029 5214 2212 5282 jussit,
2234 5213 2415 5267 valido
2437 5228 2502 5266 ex
2528 5212 2871 5282 praetorianis
2888 5219 2943 5264 et
2974 5210 3252 5265 foederatis
3276 5210 3508 5279 aliisque

1930 5307 2249 5362 cohortibus
2300 5306 2535 5361 conflato
2585 5306 2869 5360 exercitu-
2914 5302 3112 5357 Adibat
3170 5313 3225 5358 et
3284 5303 3507 5357 Alexius

1930 5398 2133 5453 Musele
2159 5396 2421 5467 patricius
2458 5396 2647 5466 reique
2670 5395 2878 5449 navalis
2904 5394 3255 5464 drungarius,
3291 5410 3414 5449 cum
3439 5395 3504 5450 iis

1929 5492 2106 5560 cepiis
2135 5490 2338 5561 quibus
2372 5490 2659 5561 praefectus
2702 5499 2839 5545 erat.
2886 5489 3161 5559 Agebatur
3198 5489 3386 5559 quinta
3420 5489 3503 5559 je-

239 5570 529 5639 Νηστειῶν
558 5576 811 5647 ἑϐδομὰς.
840 5579 1198 5646 Διατάξαντες
1223 5581 1316 5635 οὖν
1344 5583 1435 5635 τὸν
1467 5584 1595 5637 λαδν
1625 5586 1682 5636 ἐν
1705 5587 1819 5648 τοῖς

1952 5585 2211 5639 uniorum
2259 5582 2620 5641 hebdomade.
2674 5582 2733 5639 In
2782 5583 3183 5654 campestribus
3226 5582 3407 5653 itaque
3439 5597 3502 5636 ac

1510 5676 1741 5733 νΑιιιΑς
1795 5679 2200 5737 LECTIONES.

314 5769 357 5800 δ’
385 5768 582 5833 αὐτοὺς
618 5769 861 5825 additum
898 5784 927 5827 ο
956 5786 1007 5843 p.
1037 5770 1143 5825 267
1172 5786 1222 5827 c.

1311 5771 1356 5803 δ’
1384 5773 1632 5827 Μουσελέ
1660 5788 1714 5844 p.
1749 5773 1852 5831 418
1890 5791 1918 5831 c
1943 5775 2005 5830 (ἰ.
