3996 6208
490 321 605 384 955

1765 316 2093 378 GEORGII
2134 316 2476 378 HONACHI

3680 318 3784 381 955

488 431 934 505 depressioribus
985 432 1254 503 Pegarum
1303 428 1462 493 locis.
1518 429 1716 485 castris
1771 429 2076 499 dispositis,

2192 428 2420 494 πεδινοῖς
2444 428 2541 483 καὶ
2578 428 3023 501 χθαμαλωτέροις
3048 430 3239 493 τόποις
3266 427 3376 481 τῶν
3406 430 3641 501 Πηγῶν,
3677 434 3786 487 τῶν

490 526 849 598 Bulgarisque
878 536 1088 581 armata
1130 540 1297 580 manu
1326 540 1357 579 e
1398 524 1782 595 superioribus
1823 524 2089 580 editiore-

490 636 597 690 quc
618 620 830 675 tumulo
846 617 1279 684 emergentibus,
1303 616 1693 687 horrendoque
1715 633 1779 673 ac
1804 618 2087 673 incondito

488 710 729 765 clamore
775 707 1173 776 strepentibus,
1202 708 1547 777 maximoque
1586 709 1797 777 impetu
1818 709 2088 763 irruenti-

490 800 613 862 bus,
646 799 887 854 Joannes
919 809 1101 855 rector
1136 800 1285 855 illico
1325 799 1505 870 fugam
1550 800 1768 870 arripit,
1816 802 2087 857 Photinus

491 894 807 963 Platypodis
862 894 1007 949 ﬁlius
1056 894 1247 948 tuendi
1294 894 1442 948 illius
1495 909 1658 947 causa
1711 893 2086 949 conccrtando

488 992 741 1045 necatur,
768 993 825 1040 et
846 985 937 1038 alii
963 986 1143 1041 multi.
1167 986 1266 1040 Vix
1294 986 1479 1055 itaque
1506 1000 1695 1055 sospes
1720 985 1773 1039 in
1803 986 2083 1041 triremem

494 1073 778 1145 ingressus
806 1084 912 1131 est.
960 1074 1123 1131 Venit
1163 1092 1297 1130 vero
1334 1084 1579 1130 armatus
1608 1076 1827 1147 fugiens
1858 1075 2086 1132 Alexius

490 1166 821 1237 drungarius
875 1168 1119 1232 Musele;
1166 1183 1270 1222 nec
1322 1177 1601 1223 armatura
1650 1168 1833 1239 gravis
1881 1169 2085 1224 celocis

494 1259 698 1314 scalam
735 1260 1024 1314 commode
1053 1260 1184 1315 satis
1213 1260 1481 1315 scandere
1512 1261 1721 1325 valens,
1765 1260 1933 1332 894
1975 1277 2083 1315 una

491 1368 616 1408 cum
669 1367 768 1407 suo
818 1353 1306 1422 protomandatore
1354 1368 1599 1423 praeceps
1639 1354 1692 1407 in
1737 1369 1888 1408 mare
1927 1361 2083 1407 actus

490 1442 652 1513 aquis
686 1442 984 1497 sulIocatus
1012 1452 1113 1497 cst.
1150 1442 1327 1497 Ambo
1354 1443 1546 1513 Argyri
1570 1444 1695 1513 fuga
1718 1443 1771 1496 in
1794 1444 2080 1499 castellum

491 1544 807 1591 evaserunt.
834 1536 1065 1591 Navalcs
1088 1551 1151 1589 ac
1182 1535 1408 1604 reliquae
1430 1551 1621 1590 omnes
1650 1537 1843 1605 copiae,
1881 1535 2080 1603 partim

491 1627 738 1683 hostium
784 1628 1058 1699 fugientes
1090 1644 1284 1684 manus
1315 1628 1369 1683 in
1410 1630 1553 1683 mari
1600 1630 1885 1685 exstincta:
1929 1640 2076 1694 sunt,

491 1720 688 1789 partim
745 1719 892 1777 fcrro
926 1722 1231 1790 perierunt,
1283 1722 1479 1791 partim
1525 1723 1671 1777 inter
1720 1723 2079 1792 Bulgarorum

493 1812 783 1866 manubias
816 1814 1016 1881 captivi
1054 1813 1182 1868 facti
1215 1823 1363 1869 sunt.
1390 1815 1560 1869 Porro
1588 1814 1829 1883 Bulgari,
1861 1815 2082 1870 nemine

491 1903 603 1958 illis
636 1905 962 1965 obsistente,
995 1915 1110 1958 tum
1142 1906 1407 1974 Pegarum
1439 1906 1618 1974 regias
1644 1906 1791 1961 aedes
1824 1906 2083 1962 incende-

492 2006 646 2060 runt,
698 2005 812 2051 tum
846 1996 1074 2051 Stenum
1111 2013 1273 2051 omne
1316 1997 1425 2066 igni
1453 2009 1830 2053 vastaverunt.
1864 1997 1956 2053 Sic
1994 1998 2083 2052 ni-

496 2086 700 2143 mirum
756 2087 961 2156 grande
1017 2088 1221 2142 malum
1268 2088 1485 2142 consilii
1550 2088 1733 2157 inopia
1789 2104 2084 2159 rerumque

497 2177 918 2246 inexperientia,
946 2176 1033 2231 cui
1064 2176 1295 2231 audacia
1323 2192 1387 2231 ac
1438 2178 1721 2232 temeritas
1768 2187 1968 2247 praesto
1997 2186 2084 2233 est

494 2268 581 2338 adj
590 2284 621 2321 u
631 2278 679 2323 ta
688 2278 739 2337 tq
750 2284 838 2322 ue.

564 2361 651 2414 10.
712 2361 997 2415 Februarii
1043 2362 1249 2416 mensis
1295 2362 1385 2416 die
1442 2362 1727 2433 vigesima,
1780 2365 2083 2420 indictione

493 2452 730 2519 decima,
780 2453 1015 2509 moritur
1068 2452 1354 2509 Thcodora
1407 2451 1634 2509 Romani
1685 2470 1869 2521 uxor;
1927 2459 2086 2527 cujus

493 2561 697 2617 corpus
750 2548 1066 2618 depositum
1120 2549 1175 2602 in
1223 2548 1395 2617 ipsius
1448 2548 1680 2603 Romani
1738 2549 2085 2621 imperatoris

493 2640 678 2705 domo,
706 2657 869 2712 quam
915 2643 962 2696 is
999 2642 1055 2697 in
1090 2643 1489 2698 monasterium
1513 2651 1772 2698 verterat.

569 2825 652 2878 ll.
684 2824 886 2879 Eodem
911 2840 1099 2879 mense
1144 2833 1443 2878 coronatur
1465 2824 1668 2894 Sophia
1697 2824 2083 2893 Christophori

495 2918 849 2985 imperatoris
884 2932 1043 2971 uxor.
1071 2918 1149 2971 Eo
1193 2916 1315 2986 ipso
1345 2925 1588 2985 tempore
1620 2917 1745 2971 lber
1770 2917 2085 2985 curopalata

499 3010 691 3063 urbem
727 3009 906 3078 petiit,
940 3024 1003 3064 ac
1038 3025 1139 3079 per
1166 3009 1409 3065 medium
1442 3008 1621 3063 forum
1653 3009 1927 3064 deductus
1963 3025 2078 3063 ma-

2191 523 2520 594 Βουλγάρων
2569 522 2773 576 ἀνωθεν
2810 522 3197 592 ἀναφανέντων
3257 522 3503 575 ἐνόπλων
3556 527 3655 578 καὶ
3690 526 3781 599 βιιῇ

2188 613 2552 683 χρησαμένων
2601 612 2801 683 ἀσήμῳ
2834 613 2929 666 καὶ
2986 612 3199 683 φοϐερᾷ
3228 612 3323 664 καὶ
3389 613 3779 684 σφοδροτάταις

2186 706 2573 760 ὲπελασάντων
2604 707 2730 760 κατ’
2759 705 2936 759 αὑτῶν
2963 702 3156 772 φεύγει
3187 704 3289 774 μὲν
3318 705 3573 774 παρευθὺ
3599 707 3757 761 Ίωάν

2188 799 2331 867 νηςὸ
2355 799 2623 868 ραίκτωρ,
2660 796 2957 865 σφάττεται
2989 796 3045 848 δὲ
3075 796 3215 865 ὑπὲρ
3265 796 3459 848 τούτου
3510 798 3757 866 ἀγωνιζ(

2189 904 2350 957 μενος
2382 889 2411 940 ὁ
2442 888 2537 940 τοῦ
2593 887 2942 951 nummo;
2995 887 3107 951 υίὸς
3138 887 3407 949 Φωτεινδς
3435 890 3530 941 καὶ
3591 890 3763 945 πολλα

2185 980 2382 1051 ἕτεροι.
2404 980 2574 1045 Μόλις
2591 977 2684 1035 οὖν
2700 979 2987 1044 διασωθεὶς
3009 979 3261 1050 είσῆλθεν
3280 982 3361 1045 είς
3386 983 3477 1035 τὸν
3492 984 3758 1054 δρόμωνα

2184 1065 2354 1125 Ἦλθε
2381 1073 2439 1126 δὲ
2474 1072 2691 1142 φεύγων
2724 1072 2949 1136 ἔνοπλος
2987 1072 3128 1141 μετά
3166 1072 3448 1143 δρόμωνος
3480 1077 3571 1127 κώ
3610 1076 3751 1128 ‘Ald

2185 1164 2295 1230 ξιος
2312 1165 2671 1236 δρουγγάριος
2692 1166 2720 1218 ὁ
2740 1163 2995 1234 Μουσηλέ
3018 1180 3033 1195 ·
3055 1164 3152 1217 καὶ
3178 1164 3253 1236 μὴ
3277 1164 3507 1234 ἰσχύσας
3526 1169 3753 1221 avem:

2187 1258 2281 1310 ἐπὶ
2309 1258 2408 1327 τὴν
2438 1258 2532 1311 τοῦ
2564 1259 2843 1329 δρόμωνος
2876 1257 3217 1326 ἀναὸάθραν,
3265 1258 3450 1315 πεσὼν
3485 1262 3546 1313 ὲν
3582 1264 3649 1331 τῇ
3685 1264 3754 1315 θα

2184 1352 2357 1423 λάσσῃ
2413 1354 2509 1406 σὺν
2538 1353 2613 1422 τῷ
2642 1352 2808 1406 αὑτοῦ
2842 1350 3353 1423 πρωτομανδάτωρι
3376 1354 3685 1427 ἀπεπνίγη.
3714 1358 3774 1410 οι

2196 1444 2452 1515 Ἀργυροὶ
2480 1444 2536 1497 δὲ
2574 1447 2630 1497 έν
2664 1443 2742 1512 τῷ
2780 1443 3083 1512 καστελλίῳ
3115 1446 3382 1514 φυγὸντες
3405 1446 3772 1519 διεσώθησαν.

2184 1532 2429 1603 Πλώῖμοι
2460 1534 2516 1587 δὲ
2555 1534 2647 1587 καὶ
2680 1534 2741 1586 τὸ
2772 1534 2957 1587 λοιπὸν
2990 1534 3138 1589 ἅπαν
3172 1536 3399 1605 πλῆθος,
3434 1539 3487 1591 οι
3541 1541 3645 1609 μὲν
3676 1542 3775 1606 τὰς

2183 1626 2292 1680 τῶν
2318 1626 2596 1697 πολεμίων
2616 1630 2811 1698 χεῖρας
2837 1628 3135 1697 φεύγοντες
3163 1630 3224 1682 ὲν
3276 1635 3343 1702 τῇ
3383 1631 3629 1705 θαλάσσῃ
3670 1636 3775 1688 ἀπ-

2193 1719 2525 1788 επνίγησαν,
2574 1720 2627 1773 οῑ
2651 1720 2709 1774 δὲ
2736 1720 2959 1791 σιδήρου
2992 1721 3252 1789 γεγόνασι
3288 1725 3691 1795 παρανάλωμα,
3724 1730 3774 1781 οἱ

2185 1812 2242 1865 δὲ
2271 1814 2428 1882 χερσὶ
2449 1814 2851 1883 Βουλγαρικαίς
2870 1812 3213 1881 αἰχμάλωτοι
3237 1817 3681 1885 συνελήφθησαν.
3710 1821 3771 1873 0i

2186 1906 2242 1959 δὲ
2272 1905 2575 1976 Βούλγαροι
2635 1907 2841 1977 μηδένα
2890 1907 2982 1960 τδν
3012 1906 3298 1962 κωλύοντα
3339 1907 3559 1978 ἔχοντες
3610 1913 3681 1966 τά
3712 1931 3770 1967 τι

2187 1999 2429 2054 παλάτια
2472 1999 2582 2052 τῶν
2636 1999 2836 2070 Πηγῶν
2877 1999 3270 2071 ἐπυρπόλησαν
3315 2002 3411 2055 καὶ
3462 2003 3525 2055 τὸ
3576 2005 3770 2059 Στενὸν

2186 2091 2333 2146 ἅπαν
2384 2091 2753 2146 κατέκαυσαν.
2806 2090 2997 2155 Οὕτως
3032 2091 3141 2163 ἄρα
3168 2092 3345 2147 δεινὸν
3403 2094 3628 2150 ἀϐουλία
3674 2100 3774 2151 καὶ

2186 2183 2414 2254 ἀπειρία
2448 2182 2766 2255 θρασύτητα
2801 2184 3090 2254 σύμμαχον
3120 2184 3343 2255 ἔχουσα.

2260 2365 2310 2412 ι’.
2349 2359 2539 2415 Είκάδι
2568 2360 2627 2413 δὲ
2676 2360 3033 2432 Φεϐρουαρίῳ
3072 2364 3204 2433 μηνὶ
3255 2364 3305 2417 κ’
3326 2364 3391 2430 ⁵⁸,
3447 2364 3777 2429 ίνδικτιαινος

2189 2448 2242 2514 ι’,
2282 2451 2533 2522 Θεοδώρα
2580 2451 2811 2523 σύμϐιος
2852 2453 3137 2523 Ῥωμανοῦ
3197 2455 3463 2527 τελευτᾷ*
3510 2459 3610 2511 καὶ
3654 2475 3773 2512 κατ-

2186 2544 2343 2614 ετέθη
2396 2545 2457 2597 τὸ
2483 2544 2643 2613 σῶμα
2688 2546 2859 2615 αὑτῆς
2890 2547 2949 2599 ὲν
2976 2546 3055 2615 τῷ
3102 2548 3233 2615 οἴκῳ
3256 2548 3426 2601 αὑτοῦ
3472 2549 3580 2604 τοῦ
3632 2550 3776 2621 βασι-

2185 2636 2321 2698 λέως
2371 2636 2674 2707 Ῥωμανοῦ,
2699 2636 2778 2709 τῷ
2801 2636 2891 2690 ὑπ’
2923 2636 3090 2693 αὑτοῦ
3115 2641 3197 2702 είς
3225 2640 3597 2714 μοναστὴριον
3622 2642 3778 2713 ἀμει-

2188 2726 2393 2794 φθέντι.

2261 2817 2345 2889 [Ρ.
2385 2819 2513 2891 577]
2546 2818 2633 2873 ια’.
2670 2819 2761 2889 Τῷ
2792 2821 2836 2874 δ’
2872 2821 3022 2891 αὑτῷ
3056 2822 3186 2893 μηνὶ
3236 2822 3497 2891 στέφεται
3530 2824 3711 2893 Σοφία
3746 2828 3779 2895 ἡ

2185 2909 2280 2964 τοῦ
2315 2910 2576 2979 βασιλέως
2603 2912 2980 2983 Χριστοφόρου
3030 2916 3188 2983 γυνή.
3221 2914 3540 2985 Τηνικαῦτα
3572 2918 3635 2970 δὲ
3686 2919 3779 2971 καὶ

2186 3003 2604 3075 κουροπαλάτης
2624 3004 2784 3075 Ἰϐηρ
2806 3008 2864 3059 ὲν
2888 3008 2956 3077 τῇ
2984 3005 3138 3060 πόλει
3162 3008 3525 3077 παρεγένετο,
3563 3010 3663 3063 καὶ
3692 3010 3782 3064 διὰ

494 3100 695 3172 gniﬁco
717 3110 980 3171 apparatu
1002 3110 1281 3167 ornatum,
1297 3101 1442 3158 clara
1464 3115 1662 3171 pompa
1686 3108 1852 3170 atque
1876 3101 2084 3155 honore

2192 3097 2364 3166 μέσης
2402 3096 2504 3165 τῆς
2528 3097 2737 3167 ἀγορᾶς
2768 3097 2995 3153 διελθὼν
3040 3102 3468 3171 κεκοσμημένης
3500 3102 3781 3173 λαμπρῶς

494 3200 786 3263 susceptus
826 3202 927 3247 est.
967 3193 1229 3249 Inductus
1257 3201 1342 3248 est
1381 3202 1436 3248 et
1470 3188 1820 3249 in'Sanctam
1856 3194 1953 3248 Dei
1987 3194 2086 3250 So-

497 3284 706 3356 phiam,
729 3286 849 3356 ejus
868 3285 1338 3355 pulchritudinem
1364 3301 1427 3341 ac
1452 3286 1647 3341 molem
1671 3287 2085 3357 pretiosumque

498 3387 756 3434 ornatum
786 3379 1138 3448 inspecturus
1165 3397 1177 3433 :
1214 3379 1504 3448 splendide
1540 3394 1776 3449 namque
1803 3391 2083 3447 ornantes,

497 3485 749 3540 auroque
798 3474 963 3526 textis
1018 3470 1210 3524 auleis
1264 3471 1505 3539 parietes
1550 3472 2083 3539 circumvestientes,

497 3563 791 3632 omnisque
828 3562 1047 3633 generis
1080 3561 1232 3615 cultu
1254 3561 1601 3627 decorantes,
1634 3564 1714 3618 sic
1754 3580 1882 3619 eum
1910 3566 2088 3619 admi-

497 3669 641 3709 sere.
674 3654 769 3707 ille
815 3653 1121 3709 mirandam
1155 3652 1521 3722 immanisque
1561 3655 1722 3709 molis
1752 3656 1887 3710 aedis
1914 3656 2087 3711 fabri-

500 3759 623 3800 cam
650 3753 895 3812 stupens.
919 3760 1197 3814 supraque
1228 3744 1450 3799 modum
1479 3745 1757 3801 admirans
1785 3748 1939 3804 illius
1960 3764 2088 3818 pre-

500 3835 861 3891 tiosissimum
890 3836 1054 3907 895
1083 3838 1315 3903 cultum,
1365 3852 1692 3908 sacrumque
1726 3840 1876 3896 hunc
1903 3840 2085 3895 locum

500 3943 632 3983 vere
658 3928 751 3984 Dei
777 3929 1174 3986 habitationem
1198 3931 1413 3997 dicens,
1444 3932 1669 3988 domum
1697 3949 1954 3993 reversus
1979 3943 2083 3992 est.

576 4106 661 4162 ιε.
693 4108 909 4167 Rursus
930 4124 1063 4165 vero
1094 4124 1281 4165 mense
1311 4110 1475 4166 Junio
1520 4111 1868 4180 expeditione
1895 4128 1928 4168 a
1963 4113 2089 4169 But-

500 4200 649 4271 garis
684 4210 957 4269 suscepta.
1000 4210 1057 4254 et
1099 4216 1223 4255 cum
1261 4200 1339 4254 illi
1384 4200 1633 4271 adusque
1673 4200 1729 4257 S.
1783 4203 2088 4261 Theodom

502 4291 683 4363 regias
713 4291 859 4347 aedes
892 4291 1105 4347 devecti
1138 4292 1237 4347 has
1270 4293 1379 4363 igni
1410 4294 1845 4359 succendisseut,
1884 4295 2086 4351 Roma-

501 4400 608 4440 nus
636 4386 934 4454 imperator
962 4384 1238 4455 legionum
1264 4385 1436 4440 duccs
1455 4401 1519 4439 ac
1554 4386 1807 4440 tribunos
1830 4386 1896 4440 ad
1923 4403 2084 4455 prano

2191 3188 2329 3259 μετά
2378 3187 2536 3260 δόξης
2573 3189 2777 3259 πολλῆς
2816 3191 2915 3245 καὶ
2957 3193 3125 3263 τιμῆς
3156 3193 3427 3263 ὑπεδέχθη
3448 3207 3468 3227 ⁸
3495 3192 3559 3248 δν
3586 3196 3686 3247 καὶ
3720 3196 3781 3249 ἂν

2187 3283 2253 3351 τῇ
2284 3280 2442 3351 ’Δγία
2468 3280 2563 3335 τοῦ
2588 3280 2723 3335 Θεοῦ
2746 3282 2917 3354 Σοφίᾳ
2946 3284 3267 3353 εἰσήγαγον,
3289 3284 3351 3337 τδ
3374 3284 3572 3343 κάλλος
3604 3286 3784 3356 αὐτῆς

2188 3374 2284 3429 καὶ
2312 3374 2373 3427 τὺ
2393 3374 2625 3443 μέγεθος
2656 3375 2988 3445 θεασόμενον
3010 3378 3211 3431 καὶτὸν
3242 3377 3512 3446 πολυτελῆ
3550 3379 3783 3449 κόσμον.

2188 3466 2655 3531 Καλλωπίσαντες
2708 3467 2817 3539 γὰρ
2847 3469 3018 3539 αὑτὴν
3050 3471 3144 3523 καὶ
3190 3470 3641 3540 περιστείλαντες
3679 3473 3785 3525 πέ-

2188 3557 2345 3621 πλοις
2376 3558 2709 3629 χρυσοῦφέσι
2735 3560 2828 3613 καὶ
2860 3560 3052 3631 κόσμῳ
3084 3561 3346 3631 παντοίῳ,
3370 3560 3518 3614 οὕτω
3548 3564 3784 3631 εισήγα-

2188 3665 2283 3717 γον
2312 3649 2371 3701 ἐν
2414 3649 2583 3720 αὑτῷ.
2621 3651 2678 3705 Ὀ
2704 3652 2763 3705 δὲ
2798 3653 2858 3707 τὸ
2911 3653 3230 3724 θαυμαστὸν
3265 3656 3359 3707 καὶ
3394 3657 3783 3724 ὑπερμέγεθες

2187 3741 2280 3796 τοῦ
2298 3743 2428 3797 ναοῦ
2458 3743 2619 3813 ἔργον
2640 3746 3018 3815 καταπλαγεὶς
3047 3746 3142 3800 καὶ
3160 3746 3253 3800 τὸν
3274 3747 3550 3815 πολυτελῆ
3576 3747 3784 3818 κόσμον

2189 3834 2660 3906 ὑπερθαυμάσας,
2719 3840 2816 3891 καὶ
2875 3839 3092 3908 ἀληθῶς
3155 3838 3291 3892 Θεοῦ
3341 3841 3639 3893 κατοικίαν
3708 3835 3784 3893 ιῐο

2188 3943 2275 3980 ναι
2301 3927 2392 3981 τὸν
2413 3928 2591 3999 χῶρον
2616 3928 2806 3983 τοῦτον
2836 3929 3028 3996 εἰπὼν,
3053 3927 3208 3993 αὖθις
3234 3931 3583 4001 ὑπέστρεψεν
3607 3934 3688 3995 είς
3715 3936 3777 3984 τὰ

2190 4020 2390 4075 οἰκεῖα.

2265 4113 2350 4184 ιβ’.
2369 4115 2569 4187 Ἰουνίῳ
2580 4116 2635 4169 δὲ
2657 4116 2786 4187 μηνὶ⁵
2796 4115 2906 4169 τῶν
2923 4115 3135 4181 Βουλγά
3143 4133 3250 4185 ρων
3266 4116 3433 4170 πάλιν
3448 4117 3782 4187 ἐκστρατευι

2189 4203 2401 4259 σάντων
2425 4205 2520 4259 καὶ
2552 4204 2713 4275 μέχρι
2737 4205 2847 4259 τῶν
2868 4206 2967 4275 τῆς
2991 4206 3156 4274 ἀγίας
3174 4206 3463 4279 Θεοδὼρας
3498 4208 3781 4260 παλατίων

2190 4294 2458 4348 ἐλθόντων
2491 4296 2584 4348 καὶ
2614 4295 2789 4349 ταῦτα
2830 4298 2965 4367 πυρὶ
2991 4298 3364 4368 παραδόντων,
3419 4300 3505 4361 είς
3559 4299 3780 4369 ἄριστον

2188 4386 2218 4439 ὁ
2244 4385 2499 4455 βασιλεὺς
2539 4385 2823 4455 Ῥωμανδς
2857 4389 2985 4452 τοὺς
3018 4388 3127 4442 τῶν
3172 4390 3476 4459 ταγμάτων
3513 4390 3779 4459 ἄρχοντας

502 4474 658 4529 dium
713 4474 988 4537 invitavit,
1035 4475 1184 4529 inter
1235 4490 1375 4544 quos
1426 4484 1549 4531 erat
1599 4491 1761 4545 quem
1813 4476 2084 4533 Sacticem

2192 4479 2540 4543 συνεκάλεσε,
2566 4480 2821 4543 συνόντος
2864 4480 3049 4545 αὑτοῖς
3082 4481 3179 4536 καὶ
3211 4482 3304 4535 τοῦ
3337 4482 3649 4551 λεγομένου
3682 4482 3777 4535 Σα-

504 4574 705 4622 vocant
734 4584 748 4633 ;
782 4567 1219 4638 hortabaturque
1252 4568 1375 4622 illos
1406 4584 1470 4623 ac
1496 4568 1772 4623 excitabat
1803 4577 1863 4622 ut
1891 4569 2086 4625 advers-

505 4671 628 4715 aum
675 4657 863 4713 hostes
931 4658 1151 4713 exirent
1189 4672 1252 4712 ac
1287 4672 1389 4727 pro
1450 4658 1630 4727 patria
1686 4657 2084 4728 depugnarent.

506 4747 806 4805 Assensere
832 4748 929 4810 illi,
955 4757 1120 4819 atque
1143 4748 1351 4804 alacres
1378 4748 1498 4819 ejus
1536 4748 1753 4804 tuendae
1788 4750 2088 4820 majestatis

503 4854 670 4900 causa
702 4856 765 4895 ac
792 4840 1120 4896 Christiana:
1140 4841 1217 4896 rei
1247 4840 1644 4896 incolumitatis
1664 4842 2007 4911 oppetituros
2030 4859 2087 4899 se

506 4943 743 4988 mortem
772 4933 1099 5003 promisere.
1132 4933 1402 4989 Postridie
1423 4933 1609 5005 igitur,
1634 4949 1797 5004 quem
1812 4934 2084 5000 dicebam,

508 5025 773 5089 Sactices,
818 5025 984 5081 armis
1026 5024 1096 5081 ab
1142 5025 1475 5095 imperatore
1512 5026 1855 5091 instructus,
1898 5042 2084 5083 veram

507 5134 662 5174 suam
696 5120 777 5174 sic
804 5119 986 5175 datam
1019 5118 1182 5175 ﬁdem
1213 5118 1480 5189 fortisque
1506 5118 1674 5174 animi
1703 5120 1788 5173 sui
1827 5120 2087 5178 virtutem

508 5209 754 5264 ostendit
786 5232 795 5263 :
834 5210 1098 5281 Bulgaros
1126 5210 1332 5280 quippe
1366 5224 1394 5262 a
1428 5216 1581 5277 tergo
1610 5224 1887 5279 agressus,
1922 5210 2088 5281 inque

506 5316 699 5357 eorum
748 5311 926 5357 castra
973 5301 1243 5367 insiliens,
1289 5316 1429 5371 quos
1488 5300 1565 5355 ibi
1614 5300 1847 5367 invenit,
1898 5317 2090 5359 omnes

512 5394 828 5450 trucidavit.
890 5395 1109 5466 Bulgari
1166 5394 1263 5453 ubi
1318 5408 1623 5465 cognovere
1670 5394 1819 5464 quod
1874 5405 2087 5465 gestum

510 5495 650 5550 erat,
710 5487 767 5543 in
816 5496 997 5546 castra
1038 5496 1434 5554 revertuntur;
1487 5494 1854 5556 consertaque
1905 5501 2088 5559 pugna

510 5574 781 5634 Sacticem
815 5580 1008 5649 paucis
1037 5578 1297 5650 stipatum
1330 5587 1480 5650 terga
1514 5587 1735 5635 vertere
1776 5588 1997 5648 cogunt.
2036 5580 2088 5637 Is

2188 4569 2377 4639 κτίκη,
2412 4571 2508 4625 καὶ
2557 4571 2790 4643 παρῄνει
2817 4572 3029 4636 τούτοις
3059 4573 3154 4629 καὶ
3207 4574 3590 4644 προετρέπετο
3648 4572 3779 4627 κατὰ

2186 4659 2294 4713 τῶν
2322 4660 2581 4714 ἐναντίων
2615 4661 2853 4726 ἐξελθεῖν
2896 4664 2993 4717 καὶ
3026 4666 3125 4733 τῆς
3180 4664 3441 4734 πατρίδος
3480 4666 3775 4735 ὑπεραγω-

2188 4752 2465 4808 νίσατθαι.
2506 4753 2567 4807 Oi
2606 4754 2661 4807 δὲ
2691 4754 2977 4809 συνέθεντο
3004 4756 3238 4825 ἑτοίμως
3277 4756 3377 4824 τῆς
3413 4756 3590 4810 αὐτοῦ
3622 4755 3770 4824 βασιο

2188 4844 2339 4909 λείας
2364 4846 2463 4899 καὶ
2483 4846 2590 4899 τῶν
2620 4847 2967 4916 Χριστιανῶν
2997 4847 3547 4919 ὑπεραποθνήσκειν.
3586 4850 3665 4920 Τῇ
3689 4844 3773 4902 οὖν

2190 4937 2451 5008 ἐπαύριον
2478 4938 2869 5003 καθοπλισθεὶς
2896 4940 3049 5009 παρὰ
3079 4940 3177 4995 τοῦ
3211 4940 3481 5011 βασιλέως
3550 4943 3581 4994 ὸ
3634 4944 3772 5010 clpa.

2193 5032 2353 5102 μένος
2383 5030 2653 5103 Σακτίκης
2701 5032 2876 5102 ἀληθῆ
2907 5030 3076 5086 οὖσαν
3113 5034 3213 5103 τὴν
3252 5033 3452 5087 ἑαυτοῦ
3487 5034 3679 5087 πίστιν
3721 5048 3771 5085 τε

2190 5123 2285 5175 καὶ
2313 5122 2539 5193 ἀνδρίαν
2571 5122 2855 5189 ἀπέδειξεν
2876 5141 2890 5154 ⁸
2928 5124 3155 5178 ὄπισθεν
3182 5123 3293 5196 γὰρ
3316 5124 3428 5177 τῶν
3452 5124 3770 5194 Βουλγεψων

2189 5214 2485 5283 γενόμενος
2537 5215 2633 5268 καὶ
2668 5217 2749 5278 είς
2783 5216 2844 5269 τὸ
2878 5217 3247 5286 στρατόπεδον
3298 5216 3486 5269 αὑτῶν
3523 5214 3771 5286 ὲμπεσὰνρι

2192 5307 2403 5370 πάντας
2427 5308 2552 5370 τοὺς
2582 5310 2700 5361 ἐκεῖ
2724 5307 3049 5378 εὑρεθέντας
3085 5309 3455 5377 κατέσφαξεν.
3499 5310 3768 5365 Μαθόντες

2189 5394 2283 5455 οὖν
2317 5401 2369 5455 οἱ
2398 5400 2702 5471 Βοὺλγαροι
2757 5402 2821 5455 τὸ
2854 5404 3083 5472 γεγονὸς
3120 5404 3569 5472 ὑποστρέφουσιν
3612 5405 3672 5456 ὲν
3703 5398 3766 5467 τῷ

2192 5493 2564 5566 στρατοπέδῳ,
2589 5495 2687 5547 καὶ
2723 5495 2967 5565 πολέμου
2999 5496 3473 5566 συγκροτηθέντος
3512 5494 3764 5565 τρέπουσι

2190 5585 2283 5639 τὸν
2323 5585 2602 5657 Σακτίκην
2632 5585 2728 5640 σὺν
2771 5585 2977 5655 ὀλίγοις
3022 5587 3362 5659 ὑπάρχοντα.
3404 5586 3466 5640 '0
3502 5585 3564 5639 δι
3593 5578 3765 5649 ἐπειδὴ

1785 5672 2021 5732 νΔΒῐᾹΞ
2063 5676 2469 5738 LECTIONES.

584 5768 631 5802 “
664 5769 835 5825 εἴκοσι
867 5766 928 5836 P,
960 5768 1143 5826 addito
1176 5776 1220 5824 κ’
1258 5780 1379 5840 post
1423 5769 1585 5842 μηνίι
1615 5768 1687 5825 εί.
1718 5784 1769 5840 p.
1795 5767 1900 5834 τις)
1932 5784 1982 5825 a.
