3996 6208
263 279 370 345 957

1357 293 1556 355 VITE
1592 294 2147 360 RECENTIORUM
2183 301 2389 365 IMPP.

3415 318 3522 380 958

259 397 527 498 γενναίως
554 398 961 473 ἀγωνισάμενος
984 404 1210 470 πολλοὺς
1234 407 1441 467 ἀνελὼν
1462 412 1649 483 οὐκέτι
1677 414 1831 467 ἀντέ-

1939 425 2120 472 autem
2146 426 2372 477 strenue
2402 422 2588 491 praelia
2621 424 2964 492 perfunctus,
3011 427 3247 498 dataque
3278 429 3518 491 hostium

261 507 380 560 χειν
400 488 628 560 ἠδύνατο
671 493 806 563 πρὸς
835 494 895 549 τὸ
927 495 1132 569 πλῆθος
1157 498 1264 553 τῶν
1289 500 1585 571 πολεμίων,
1617 506 1839 575 μεθίησι

257 581 358 636 τοῦ
394 583 564 641 ἵππου
596 584 686 638 τὸν
715 586 932 656 χαλινὸν
970 591 1063 644 καὶ
1091 592 1174 653 είς
1217 594 1396 664 φυγὴν
1444 596 1699 666 ἧλαυνιν.
1732 601 1837 652 llo-

259 674 436 746 ταμδν
487 677 545 731 δέ
576 695 696 737 τινα
740 682 920 734 ἐκεῖσε
979 685 1367 756 παραρρέοντα
1410 688 1706 761 διαπερῶν,
1742 692 1837 746 τοῦ

262 768 434 821 ἵππου
456 770 623 824 αὐτοῦ
646 774 703 825 ὲν
718 776 781 844 τῇ
804 775 911 829 ίλΰι
931 778 1297 848 ἐμπαγέντος,
1314 783 1676 854 τιτρώσκεται
1700 788 1839 841 κατὰ

258 860 364 929 τῆς
399 862 562 932 ἔδρας
608 864 701 917 καὶ
732 866 826 919 τοῦ
855 868 1054 939 μηροῦ.
1088 872 1258 936 Μόλις
1285 870 1379 927 οὖν
1430 874 1523 928 τοῦ
1561 876 1728 929 ἵππου
1775 879 1840 931 ὲκ

261 955 363 1023 τῆς
413 953 557 1017 ἰλύος
613 956 1076 1027 ἀνασπασθέντος,
1122 965 1527 1035 συνεργούντων
1575 968 1685 1023 τῶν
1735 969 1841 1029 ὑπὸ

261 1051 443 1119 χεῖρα,
470 1049 797 1116 διασώζεται
822 1054 983 1124 μέχρι
1013 1056 1123 1111 τῶν
1155 1058 1495 1129 Βλαχερνῶν,
1518 1063 1612 1119 καὶ
1630 1063 1838 1119 τίθεται

260 1144 321 1197 ἔν
368 1148 433 1215 τῇ
484 1146 619 1217 ἀγίᾳ
642 1148 809 1219 σορῷ.
838 1151 1077 1221 Καιρίας
1106 1154 1207 1223 τῆς
1234 1153 1278 1188 ⁵⁸
1322 1156 1537 1226 πληγῆς
1575 1159 1743 1229 οὔσης
1772 1161 1835 1231 τῇ

258 1237 414 1293 νυκτί⁸
449 1238 793 1310 ἐτελεύτησε.

330 1325 420 1396 ιγ’.
474 1330 789 1399 Τηνικαῦτα
818 1334 997 1388 δὲκαὶ
1043 1338 1336 1409 Πετρωνᾶς
1384 1340 1836 1412 αἰδεσιμώτατος,

257 1420 554 1489 προστάξει
599 1423 879 1493 Ῥωμανοῦ
913 1425 1198 1496 βασιλέως,
1237 1430 1418 1501 ἤγαγε
1472 1432 1724 1502 λάρνακα
1751 1435 1836 1488 ἓν·

255 1509 427 1604 ςωδον
460 1515 553 1569 καὶ
580 1514 741 1586 ἕτερα
767 1516 860 1571 δύο
882 1518 1095 1590 γλυφῆς
1124 1522 1460 1604 ἀμοιροῦντα
1513 1528 1579 1579 ὲκ
1617 1528 1717 1596 τῆς
1741 1526 1835 1580 τοῦ

267 1601 454 1670 ’Δγίου
477 1605 771 1671 Μάμαντος
800 1609 970 1678 μονῆς
992 1601 1267 1683 ἀνδρείας,
1292 1615 1389 1685 τῆς
1411 1616 1642 1687 πλησίον
1670 1617 1836 1689 οὕσης

255 1689 356 1764 τῆς
395 1695 737 1768 Ξυλοκέρκου
792 1700 1094 1776 λεγομένης
1147 1707 1375 1778 πόρτης,
1433 1710 1491 1761 ὲν
1533 1706 1616 1775 οἷς
1669 1728 1835 1780 φασιν

255 1786 643 1843 ἐναποκεῖσθαι
700 1790 783 1863 [Ρ.
821 1794 948 1866 578]
993 1797 1306 1868 Μαυρίκιον
1365 1801 1462 1854 σὺν
1508 1804 1618 1864 τοῖς
1670 1802 1834 1855 αὐτοῦ

256 1881 447 1935 παισίν
467 1897 480 1912 ο
516 1881 551 1936 ἃ
573 1884 669 1938 καὶ
690 1886 932 1958 ἀπετέθη
959 1888 1017 1943 ὲν
1038 1892 1102 1961 τῇ
1126 1890 1221 1944 τοῦ
1254 1891 1521 1963 βασιλέως
1555 1898 1687 1965 μονῇ
1718 1895 1835 1967 ἦτοι

252 1976 337 2038 είς
367 1977 426 2030 τὸ
455 1979 785 2047 Μυρέλαιον.

326 2067 409 2129 ιδ’.
459 2070 739 2140 Ἀδριανὸς
779 2074 837 2128 δέ
862 2092 946 2140 τις
999 2079 1226 2144 Χάλδος,
1272 2080 1408 2152 πρὸς
1437 2082 1492 2135 δὲ
1527 2082 1623 2136 καὶ
1659 2078 1835 2149 Τζάν-

255 2159 391 2228 τζης
424 2160 469 2191 ⁵⁸
506 2160 792 2231 Ἀρμένιος
824 2167 1081 2232 πλούσιος
1126 2162 1290 2233 πάνυ,
1332 2175 1396 2243 τῇ
1434 2174 1687 2247 ὑποθήκῃ
1738 2178 1833 2231 καὶ

260 2249 540 2322 συμϐουλῇ
583 2254 762 2326 Βάρδα
818 2259 912 2311 τοῦ
979 2261 1141 2314 Βόῖλα
1174 2264 1218 2294 ⁵⁷
1277 2266 1712 2334 στρατηγοῦντος
1770 2271 1831 2322 ὲν

258 2342 485 2416 Χαλδίᾳ,
535 2348 823 2417 τυραννίδα
864 2352 958 2404 κα)⁵
1006 2353 1304 2424 ἀνταρσίαν
1363 2357 1506 2411 κατά
1546 2359 1830 2428 Ῥωμανοῦ

255 2433 525 2503 βασιλέως
576 2443 995 2523 συσκευάζουσι,
1049 2445 1110 2498 τὸ
1157 2448 1436 2520 Παῖπερτε
1466 2449 1762 2518 λεγόμενον
1785 2450 1831 2483 ⁸⁸

253 2526 517 2599 ὀχύρωμα
548 2534 915 2603 κατασχόντες
940 2553 953 2568 ·
977 2535 1072 2599 οὒς
1096 2538 1123 2589 ὁ
1143 2537 1250 2589 τῶν
1283 2540 1487 2606 σχολῶν
1517 2541 1833 2610 δομέστικος

268 2621 523 2692 Ἰωάννης
593 2626 622 2676 ὀ
678 2626 929 2694 Κροκόας
980 2626 1026 2663 ⁸⁵
1061 2628 1521 2699 καταπολεμήσας
1562 2633 1687 2695 τοὺς
1734 2634 1835 2701 μὲν

252 2713 539 2783 κατέσχεν,
580 2711 654 2769 ὧν
693 2718 821 2781 τοὺς
856 2720 1359 2791 περιφανεστέρους
1385 2722 1707 2791 ἀποτυφλοῖ,
1734 2725 1833 2789 τάς

251 2803 441 2869 οὐσίας
477 2806 661 2860 αὐτῶν
688 2808 990 2878 δημεύσας,
1016 2810 1146 2873 τοὺς
1171 2811 1229 2863 δὲ
1263 2814 1557 2883 πενιχροὺς
1577 2817 1670 2868 καὶ
1692 2817 1830 2888 ἀσή-

254 2912 388 2963 μους
407 2897 617 2960 ἀθὼους
647 2899 911 2964 κελεύσας
936 2902 1058 2955 ὅποι
1082 2901 1359 2972 βούλοιντο
1384 2906 1626 2961 ἀπιέναι.
1654 2908 1829 2973 Τζάν-

247 2988 383 3058 τζης
415 2990 472 3043 δὲ
519 2993 579 3044 ὲν
644 2990 816 3061 ἑτέρῳ
854 2994 1182 3062 ὀχυρωτάτῳ
1216 2998 1519 3071 καστελλίῳ
1549 3001 1830 3069 διαφυγὼν

1941 508 2150 579 ingenti
2182 520 2386 582 strage,
2416 529 2541 568 cum
2578 524 2743 571 tantae
2763 532 2956 573 eorum
2980 519 3324 575 multitudini
3356 526 3521 577 susti-

1939 599 2133 652 nenda:
2156 600 2392 669 amplius
2413 618 2512 671 par
2526 618 2637 659 non
2653 616 2820 669 esset,
2846 605 3041 661 laxatis
3061 607 3291 663 habenis
3312 625 3517 678 equum

1939 691 2217 763 ad'fugam
2251 693 2501 763 impellit.
2539 697 2677 751 Dum
2706 706 2889 754 autem
2916 701 3377 769 prmterlluentem
3412 703 3519 757 ilu-

1939 785 2088 839 vium
2117 786 2409 855 quemdam
2438 796 2611 842 tentat
2657 790 2929 859 trajicere,
2968 807 3111 861 equo
3146 792 3202 845 in
3239 793 3370 848 limo
3410 795 3520 848 ha:-

1940 887 2097 933 rente
2118 879 2319 932 vulnus
2345 879 2400 933 in
2428 893 2592 933 anum
2616 889 2672 935 et
2703 881 2883 935 femur
2904 884 3122 953 accipit.
3158 884 3308 954 Equo
3336 897 3515 942 tamen

1938 985 2081 1041 aegre
2111 971 2335 1025 tandem
2362 986 2587 1025 suorum
2609 987 2737 1026 cura
2756 982 2815 1027 et
2840 974 3107 1028 industria
3134 991 3164 1033 e
3182 992 3339 1032 caeno
3352 979 3520 1049 896

1939 1063 2150 1124 evulso,
2173 1062 2239 1116 ad
2260 1062 2590 1117 Blacbernas
2608 1078 2780 1132 usque
2802 1064 2975 1117 evasit
3000 1081 3015 1128 ;
3040 1066 3133 1119 ubi
3168 1066 3235 1121 ad
3267 1079 3515 1123 sanctum

1938 1157 2181 1212 loculum
2230 1158 2462 1227 positus,
2510 1156 2659 1227 quod
2729 1157 2928 1212 vulnus
2974 1159 3137 1214 letale
3182 1170 3321 1225 erat,
3378 1162 3523 1216 vivis

1939 1248 2176 1303 excedit.

2010 1338 2099 1393 15.
2136 1338 2250 1393 Sub
2277 1338 2421 1392 idem
2446 1346 2660 1408 tempus
2682 1339 2964 1403 Petronas,
2994 1340 3078 1393 vir
3107 1339 3515 1394 venerabilissi-

1940 1446 2082 1494 mus,
2121 1432 2353 1485 Romani
2402 1432 2751 1501 imperatoris
2776 1434 2929 1503 jussu
2978 1448 3171 1487 urnam
3223 1431 3410 1501 ﬁguris
3450 1447 3519 1485 ac

1940 1523 2274 1594 imaginibus
2305 1524 2575 1592 sculptam
2610 1524 2854 1593 aliasque
2883 1526 3020 1581 duas
3054 1526 3202 1580 nulla
3245 1525 3517 1580 caelatura:

1938 1625 2056 1671 arte
2081 1617 2322 1685 scalptas
2351 1632 2419 1671 ex
2454 1616 2509 1671 S.
2559 1617 2846 1672 Mamantis
2874 1619 3117 1673 virorum
3158 1617 3514 1681 monasterio,

1938 1707 2085 1776 quod
2115 1717 2199 1763 est
2228 1723 2399 1777 prope
2422 1715 2634 1777 portam
2666 1724 2829 1778 quam
2853 1708 3136 1779 Xylocerci
3168 1716 3383 1768 vocant,
3416 1708 3516 1763 ad—

1936 1796 2085 1851 vexit
2115 1812 2131 1862 ;
2168 1796 2223 1850 in
2262 1797 2463 1866 quibus
2495 1798 2632 1853 fama
2668 1806 2751 1852 est
2785 1798 3068 1852 conditum
3100 1797 3270 1853 fuisse
3315 1797 3517 1851 Mauri-

1936 1887 2083 1941 cium
2122 1903 2248 1942 cum
2298 1888 2528 1952 liberis;
2559 1904 2681 1957 qua:
2716 1897 2772 1944 et
2820 1888 2877 1941 in
2905 1888 3135 1942 Romani
3182 1887 3513 1943 monasterio

1936 1980 2015 2051 (in
2047 1980 2298 2051 Myrelaeo
2321 1980 2551 2051 scilicet)
2573 1980 2726 2035 fuere
2758 1980 3043 2049 depositae.

2007 2074 2092 2129 Μ.
2112 2073 2387 2128 Adrianus
2409 2089 2541 2129 vero
2559 2072 2780 2142 quidam
2794 2071 3057 2135 Chaldus,
3085 2072 3352 2127 Tzantzcs
3382 2071 3511 2126 item

1931 2166 2248 2231 Armenius,
2291 2165 2375 2220 vir
2424 2180 2635 2220 summe
2689 2165 2958 2234 locuples,
3005 2162 3197 2218 Bai-cla:
3248 2163 3413 2218 Boila:
3455 2164 3512 2218 in

1931 2257 2158 2313 Chaldia
2197 2266 2311 2311 tum
2337 2257 2492 2311 ducis
2535 2256 2895 2325 praetorisque
2926 2256 3143 2309 hortatu
3179 2270 3243 2308 ac
3281 2255 3512 2311 consilio

1934 2349 2279 2420 tyrannidem
2310 2355 2532 2401 struunt
2557 2363 2620 2401 ac
2644 2347 2998 2400 rebellionem
3022 2346 3290 2400 adversus
3308 2345 3510 2399 Roma-

1933 2456 2067 2495 num
2100 2438 2508 2508 imperatorem,
2552 2437 2827 2507 Paiperte,
2866 2436 3012 2507 quod
3044 2437 3126 2492 sic
3158 2447 3375 2501 vocant,
3410 2451 3510 2506 op-

1933 2526 2064 2603 pido
2118 2532 2330 2587 munito
2397 2541 2688 2599 occupato.
2745 2530 2955 2584 llorum
3006 2531 3219 2600 potitus
3272 2531 3513 2585 Joannes

1932 2626 2169 2683 Crocoas
2196 2626 2469 2695 legionum
2491 2626 2846 2687 domesticus,
2881 2641 2946 2679 ac
2971 2640 3098 2679 cum
3134 2625 3420 2689 tenuisset,
3442 2625 3512 2680 iis

1932 2716 2154 2787 quidem
2203 2716 2297 2785 qui
2354 2715 2683 2770 illustriores
2733 2724 2939 2779 essent,
2987 2714 3280 2784 publicatis
3319 2729 3509 2768 eorum

1932 2810 2113 2873 bonis,
2138 2809 2326 2863 oculos
2366 2808 2595 2873 adimit;
2630 2808 2786 2870 alios,
2838 2808 2933 2878 qui
2977 2807 3297 2877 pauperculi
3322 2820 3385 2859 ac
3410 2805 3511 2859 ob-

1932 2903 2079 2961 scuri
2104 2910 2307 2965 essent,
2326 2916 2436 2971 quo
2459 2901 2661 2957 vellent
2683 2900 2838 2955 abire
2866 2900 3041 2970 jussit.
3068 2899 3332 2952 Tzantzes
3352 2911 3507 2958 vero,

1932 2997 2038 3052 alia
2064 2993 2432 3051 munitissima
2461 3006 2585 3049 arce
2613 3003 2878 3063 occupata
2909 3008 2973 3046 ac
3002 2990 3368 3047 immunitatis
3403 2990 3510 3045 ﬁde

247 3082 347 3134 καὶ
370 3081 529 3149 λόγον
558 3082 830 3145 ἀπαθείας
850 3083 1147 3155 δεξάμενος
1176 3088 1235 3140 ὲν
1268 3091 1334 3158 τῇ
1366 3090 1518 3144 πόλει
1547 3094 1824 3163 εἰσεληλύ-

1939 3088 2000 3143 ab
2026 3089 2332 3145 scholarum
2369 3087 2672 3141 domestico
2702 3094 2945 3154 accepta,
2977 3084 3297 3154 Byzantium
3322 3082 3507 3149 venit;

250 3172 359 3235 θει,
385 3176 479 3227 καὶ
498 3177 564 3244 τῇ
586 3175 683 3227 τοῦ
713 3175 1088 3243 μαγγλαϐίτου
1110 3178 1237 3249 ἀξίᾳ
1258 3181 1510 3250 τιμηθεὶς
1528 3185 1584 3237 ὲν
1599 3185 1678 3254 τῷ
1697 3188 1830 3258 οἴκῳ

247 3264 362 3319 τῶν
396 3268 692 3335 μαγγάνων
718 3267 940 3338 διῃτᾶτο
962 3268 1131 3339 τηρού
1142 3289 1326 3340 μενος,
1358 3273 1602 3344 δρασμὸν
1622 3277 1678 3329 δὲ
1706 3278 1833 3346 βου-

248 3356 584 3424 λευσάμενος
608 3357 895 3411 ἁλίσκεται
924 3359 1021 3414 καὶ
1048 3361 1159 3415 τῶν
1188 3361 1489 3435 ὀφθαλμῶν
1542 3368 1832 3439 στερίσκε-

247 3466 362 3505 ται.
423 3450 633 3520 Βάρδαν
678 3452 770 3505 τὸν
807 3453 1003 3507 Βόῖλαν
1049 3456 1351 3529 ἀπέκειραν
1383 3466 1391 3504 ῖ
1411 3461 1646 3533 μοναχὸν
1671 3504 1685 3528 ,
1734 3465 1829 3519 τοῦ

249 3543 518 3613 βασιλέως
537 3544 910 3615 οίκτείραντος
939 3548 1093 3616 φίλον
1120 3550 1482 3619 τυγχάνοντα.

323 3633 404 3689 ιε’.
438 3633 546 3688 Τοῦ
576 3633 631 3687 δὲ
661 3637 955 3707 πατρικίου
984 3638 1077 3691 τοῦ
1120 3641 1598 3713 ὲπονομαζομένου
1629 3646 1830 3717 Μωρο-

247 3724 463 3788 λέοντος
517 3725 960 3797 Ἀδριανούπολιν
1010 3732 1482 3801 πρατηγοῦντος,
1536 3737 1827 3804 κρατίστου

249 3815 420 3870 πολλά
452 3818 548 3870 καὶ
603 3810 781 3881 δὲξιοῦ
834 3820 1216 3889 τυγχάνοντος,
1273 3822 1332 3885 ὃς
1370 3825 1632 3889 πλείστας
1688 3829 1828 3881 κατά

246 3908 575 3979 ὼυλγάρων
601 3910 965 3979 ἀνδραγαθίας
1019 3911 1332 3975 ἐπεδείξατο
1354 3915 1443 3976 “,'
1466 3917 1563 3969 καὶ.
1611 3919 1774 3970 πάλιν
1801 3918 1829 3971 ὁ

251 3998 559 4070 Βούλγαρος
590 4000 818 4071 Συμεὼν
840 4004 937 4056 σὺν
964 4003 1128 4056 παντὶ
1156 4002 1233 4073 τῷ
1265 4005 1635 4075 στρατεύματι
1663 4009 1828 4062 αὑτοῦ

245 4090 350 4160 τὴν
379 4091 677 4162 εἰρημένην
709 4092 866 4145 πόλιν
896 4092 1366 4163 περιεκύκλωσαν.
1416 4095 1570 4149 Ἐπεὶ
1598 4096 1656 4149 δὲ
1710 4098 1739 4151 ὃ
1770 4116 1827 4152 τε

247 4183 397 4245 σῖτος
418 4185 545 4246 τοὺς
577 4185 636 4236 ἐν
670 4185 734 4254 τῇ
771 4183 927 4236 πόλει
956 4184 1291 4238 ἐπιλελοίπει
1323 4187 1418 4239 καὶ
1446 4186 1604 4257 λιμὸς
1644 4189 1826 4255 ἐπίεζε

246 4273 485 4343 χαλεπὸς
534 4273 855 4345 (οὐδαμόθεν
918 4274 1027 4345 γάρ
1056 4272 1203 4345 εἶχεν
1254 4278 1707 4348 ἐπισιτίσασθαι),
1759 4283 1824 4351 τῇ

245 4365 426 4436 ἐνδείᾳ
470 4366 781 4435 πιεζόμενοι
814 4366 1219 4437 προδεδώκασιν
1250 4370 1479 4433 ἑαυτούς
1508 4389 1566 4425 τε
1598 4372 1696 4425 καὶ
1732 4373 1825 4426 τὸν

249 4457 559 4528 στρατηγὸν
574 4460 686 4521 τοῖς
707 4460 1038 4531 Βουλγάροις
1054 4475 1066 4488 ’
1088 4459 1147 4512 ὃν
1167 4462 1575 4531 χειρωσάμενος
1599 4465 1826 4536 Συμεὼν

244 4552 343 4605 καὶ
389 4550 564 4616 δεσμά
611 4550 735 4605 καθ’
768 4552 889 4604 ὅλου
920 4551 1015 4605 τοῦ
1060 4551 1312 4621 σώματος
1346 4555 1678 4625 περιϐαλὼν,
1732 4558 1826 4612 καὶ⁵

247 4640 478 4711 μυρίαις
507 4641 714 4705 αἰκίαις
761 4642 952 4695 τοῦτον
981 4645 1461 4713 τιμωρησάμενος,
1514 4647 1826 4704 τελευταῖον

244 4733 539 4788 ἀπέκτεινε
574 4735 790 4805 θανάτῳ
818 4734 1023 4806 πικρῷ,
1059 4736 1198 4806 ἀξίῳ
1228 4737 1327 4807 τῆς
1373 4740 1568 4793 ἑαυτοῦ
1622 4742 1826 4813 ἀπηνεο

245 4828 454 4896 στάτης
474 4829 565 4881 καὶ
591 4827 883 4897 ὠμοτάτης
905 4829 1107 4899 ψυχῆς.
1134 4830 1465 4901 Βουλγάροις
1489 4832 1583 4886 οὖν
1601 4832 1700 4904 τὴν
1726 4835 1827 4903 τῆς

244 4920 456 4983 πόλεως
482 4920 1042 5006 φυλακὴνοπαραδοὺς
1079 4922 1465 4993 ὑπεχώρησεν·
1502 4926 1551 4979 οἳ
1583 4926 1682 4999 τὴν
1705 4926 1826 4987 κατ’

244 5011 431 5066 αὐτῶν
477 5013 573 5065 τοῦ
620 5013 912 5082 Ῥωμαίων
967 5015 1204 5085 στρατοῦ
1262 5015 1449 5084 ἔφοδον
1488 5018 1817 5088 ἀκηκοότες,

245 5106 451 5173 ταύτην
478 5108 954 5173 καταλελοιπύτες,
979 5109 1246 5180 ἀπῆλθον,
1272 5111 1365 5165 καὶ
1387 5113 1551 5167 πάλιν
1572 5114 1827 5167 ύπὸῬω-

251 5216 328 5269 μα
338 5199 451 5260 ίους
479 5201 617 5272 αὐτὴ
652 5201 897 5269 ἐγένετο.

333 5298 427 5356 ις’.
466 5292 692 5356 Λέοντος
724 5295 780 5348 δὲ
838 5295 932 5349 τοῦ
972 5295 1297 5366 Τριπολίτου
1359 5296 1495 5367 μετὰ
1543 5298 1826 5368 δυνάμεως

247 5384 454 5453 πολλῆς
489 5386 581 5439 καὶ
603 5386 805 5440 πλοίων
831 5390 1143 5460 πολεμικῶν
1178 5389 1319 5444 κατά
1354 5389 1642 5460 Ῥωμαίων
1674 5390 1825 5456 ἐξελ-

248 5475 436 5539 Θόντος
455 5477 551 5529 καὶ
583 5479 642 5531 ὲν
671 5480 737 5549 τῇ
778 5480 925 5550 νήσῳ
964 5480 1169 5553 Λήμνῳ
1204 5478 1624 5545 καταλαϐόντος,
1644 5484 1825 5538 Ἰωάν-

1933 3180 2117 3248 ibique
2146 3179 2490 3249 manglabiue
2518 3177 2783 3244 dignitate
2813 3185 3009 3231 auctus
3033 3175 3086 3227 in
3122 3174 3507 3244 Manganorum

1934 3270 2097 3325 domo
2124 3270 2227 3325 sub
2249 3269 2497 3324 custodia
2526 3267 2739 3337 agebat.
2771 3265 2907 3321 Cum
2938 3279 3070 3318 vero
3098 3263 3281 3334 fugam
3324 3262 3508 3316 moliri

1934 3362 2315 3432 deprehensus
2364 3368 2530 3425 esset,
2584 3358 2761 3413 oculis
2804 3357 3053 3425 privatus
3117 3370 3220 3410 est.
3276 3355 3507 3408 Bardam

1933 3450 2163 3515 Boilam,
2198 3450 2361 3520 897
2391 3449 2512 3518 ejus
2542 3448 2768 3501 miserta
2811 3445 3166 3514 imperatore,
3201 3460 3364 3514 quem
3404 3443 3510 3499 sibi

1931 3542 2159 3597 charum
2185 3542 2435 3604 haberet,
2467 3538 2719 3594 monachi
2762 3537 2872 3591 ritu
2901 3537 3224 3591 detondere.

2002 3636 2090 3691 15.
2150 3634 2387 3693 Patricio
2432 3647 2564 3687 vero
2620 3631 2708 3686 cui
2778 3630 3108 3684 Moroleonis
3173 3642 3508 3699 cognomen,

1932 3729 2422 3798 Adrianopolitano
2449 3732 2701 3795 praetore,
2721 3723 2841 3776 viro
2872 3723 3067 3779 bellica
3101 3721 3423 3776 fortitudine
3445 3736 3515 3777 ac

1929 3818 2153 3873 solertia
2179 3815 2399 3885 egregie
2430 3814 2719 3873 instructo,
2744 3812 2947 3880 quique
2976 3812 3210 3881 plurima
3242 3813 3520 3866 adversus

1928 3909 2193 3978 Bulgaros
2224 3907 2354 3962 belli
2382 3904 2625 3961 lacinora
2655 3903 2916 3973 praeclare
2938 3904 3295 3985 designasset,
3318 3919 3516 3958 rursus

1930 4004 2167 4074 Symeon
2197 4000 2288 4054 ille
2322 3999 2586 4067 Bulgarus
2612 3995 2871 4050 omnibus
2905 3995 3080 4063 copiis
3124 3997 3309 4051 urbem
3345 3997 3508 4051 obse-

1928 4096 2031 4151 dit.
2083 4092 2355 4164 Oppidani
2395 4104 2612 4149 annona
2642 4088 2955 4151 deﬁciente,
2987 4104 3051 4143 ac
3082 4088 3226 4142 fame
3269 4089 3516 4157 graviter

1927 4189 2263 4254 atilicti,cum
2278 4185 2507 4257 parandi
2525 4193 2865 4241 commeatus
2886 4182 3035 4236 nulla
3051 4196 3176 4250 Spes
3195 4180 3509 4249 atl‘ulgeret,

1928 4281 2161 4354 penuria
2194 4281 2369 4351 pressi
2392 4294 2451 4335 se
2471 4292 2743 4346 suumque
2774 4284 3064 4345 praetorem
3087 4274 3335 4344 Bulgaris
3354 4273 3515 4327 ἀράξ-

1929 4379 2083 4434 dere.
2120 4377 2278 4431 Hunc
2326 4374 2383 4429 in
2425 4380 2752 4442 potestatem
2788 4378 3077 4439 acceptum
3108 4370 3341 4440 Symeen
3391 4377 3512 4423 toto

1929 4472 2106 4526 vinxit
2131 4485 2383 4540 corpore,
2418 4482 2482 4522 ac
2510 4482 2632 4537 quae
2662 4481 2957 4522 numerum
2990 4465 3277 4527 excedant,
3308 4479 3512 4519 exerua

1931 4567 2134 4624 eiatum
2156 4561 2443 4633 suppliciis
2467 4560 2893 4614 dehonestatum
2910 4556 3103 4611 acerba
3126 4556 3343 4610 demum
3372 4568 3509 4610 nece

1931 4657 2175 4719 sustulit,
2215 4654 2379 4724 digna
2419 4666 2552 4707 sane
2586 4649 2983 4706 immanissima
3013 4647 3502 4713 crudelissimeque

1931 4749 2039 4804 viri
2073 4747 2253 4803 indole
2286 4760 2349 4800 ac
2378 4743 2620 4815 ingenio.
2658 4742 2993 4796 Demandata
3036 4740 3218 4807 itaque
3258 4737 3502 4806 Bulgaris

1932 4841 2087 4895 urbis
2132 4837 2379 4893 custodia
2433 4835 2680 4892 recessit.
2730 4834 2771 4888 li
2819 4834 2899 4888 sic
2930 4832 3249 4902 praesidiarii
3299 4829 3502 4893 relicti,

1932 4930 2123 4986 audito
2138 4930 2509 4984 Romanorum
2527 4926 2715 4995 copias
2736 4923 2947 4978 infensa
2965 4923 3071 4977 illis
3087 4923 3202 4977 acie
3222 4922 3505 4991 ingruere,

1931 5023 2123 5078 relicta
2145 5020 2284 5075 urbe
2314 5018 2607 5083 abierunt;
2654 5017 2822 5087 inque
2857 5015 3006 5070 hunc
3038 5014 3260 5069 modum
3294 5012 3429 5066 urbs
3471 5026 3507 5066 τι

1933 5113 2198 5170 Romanis
2231 5118 2451 5180 recepta
2484 5118 2588 5165 est.

2003 5294 2091 5349 l6.
2131 5294 2242 5349 Leo
2274 5292 2541 5363 Tripolita
2571 5306 2696 5346 cum
2734 5288 2948 5359 magnis
2981 5287 3155 5357 copiis
3188 5285 3504 5357 ingentique

1928 5388 2327 5443 armataclasse
2346 5384 2611 5439 adversus
2638 5382 2914 5437 Romanos
2937 5392 3190 5450 egressus
3220 5377 3312 5431 ubi
3346 5376 3486 5429 Lem-

1928 5496 2063 5538 num
2108 5480 2383 5543 venisset,
2432 5477 2671 5533 Joannes
2719 5474 2988 5546 patricius
3032 5472 3276 5529 Radinus
3320 5470 3501 5525 dictus

1539 5597 1770 5656 "Ale
1803 5594 2204 5654 LECTIONES.

330 5687 612 5768 tiri-Lat
644 5692 770 5760 τῆςτ
842 5694 883 5724 δε
919 5693 1201 5762 Tuta-4n,-
1234 5710 1286 5765 ρ.
1316 5695 1421 5753 250
1450 5697 1503 5753 b.
1581 5698 1620 5729 υ
1648 5696 1824 5768 Βοήλα
1850 5696 1920 5750 ib.
1998 5694 2125 5749 ητδ
2155 5692 2375 5763 ῐΙαῒπερ
2406 5688 2602 5759 τὸλεγ.
2624 5687 2687 5743 P.
2741 5689 2783 5722 ιο
2807 5684 3229 5760 Κουρκούας1.1.

255 5757 500 5827 τδείξατο
518 5757 587 5814 ἶ).

3328 5681 3372 5713 ιο
3398 5680 3477 5733 δ’
