3996 6208
208 236 310 297 961

1305 228 1502 292 νΙΤιΕ
1538 226 2096 290 RECENTIORUM
2131 228 2215 290 IM
2225 230 2333 292 PP.

3357 236 3463 301 962

207 348 432 417 Συμεὼν
492 344 695 413 πλῆθος
750 343 975 413 ἄπειρον
1023 340 1382 412 ἑπαγόμενος,
1436 346 1516 408 si;
1574 343 1775 408 πολλὰς

1896 353 1932 399 ξι
1954 343 2189 415 Symeon
2225 345 2612 400 innumerabili
2636 362 2805 418 prope
2829 347 3063 418 stipatus
3092 349 3463 417 exercitus,in

204 439 533 513 διῃρημένον
552 435 901 508 παρατάξεις,
919 435 1028 487 τῶν
1042 436 1137 505 μὲν
1155 436 1537 505 χρυσασπίδων
1549 437 1640 488 καὶ
1659 453 1791 506 χρυ-

207 530 530 600 σοδοράτων,
548 528 656 581 τῶν
672 528 727 580 δὲ
744 528 1193 597 ἀργυροασπίδων
1210 529 1304 583 καὶ
1315 530 1788 601 ἅργυροδοράτων,

204 622 310 675 τῶν
332 622 390 675 δὲ
421 620 571 693 πάσῃ
586 621 763 672 ὃπλων
781 622 938 690 χροιᾷ
968 622 1417 692 κεκοσμημένων,
1439 623 1657 677 πάντων
1692 641 1790 677 πε-

206 713 541 785 φραγμένων
562 712 786 782 σιδήρῳ,
827 712 876 764 οἳ
914 712 1077 782 μέσον
1112 714 1291 766 αὐτῶν
1323 714 1657 783 διειληφότες
1700 716 1791 769 τὸν

204 802 431 875 Συμεὼν
452 804 526 867 ὡς
544 802 770 874 βασιλέα
798 804 1080 873 εὐφήμουν
1103 807 1167 875 τῇ
1185 806 1295 859 τῶν
1310 806 1596 877 Ῥωμαίων
1612 810 1786 878 φωνῇ.

208 898 415 960 Πάντες
439 898 495 950 δὲ
514 897 563 949 οἱ
587 897 688 966 τῆς
710 898 1017 969 συγκλήτου
1057 897 1254 969 βουλῆς
1285 900 1395 962 τοῖς
1428 900 1664 969 τείχεσιν
1696 902 1790 968 ἐφ-

210 988 447 1052 εστῶτες
467 988 734 1059 ἐθεώρουν
751 990 819 1041 τὰ
832 984 1223 1060 δρώμενα.Ἦν
1240 987 1334 1043 οὖν
1354 991 1482 1044 ἰδεῖν
1498 992 1595 1063 τὴν
1612 992 1789 1063 ψυχὴν

209 1081 502 1152 βασιλικὴν
529 1081 605 1151 τῷ
635 1082 749 1135 ὄντι
770 1082 865 1136 καὶ
886 1083 1285 1154 μεγαλόφρονα,
1308 1084 1405 1137 καὶ
1432 1085 1712 1156 Θαυμάσαι
1728 1086 1790 1139 τὸ

206 1171 301 1225 τοῦ
334 1173 684 1241 φρονήματος
715 1175 1139 1245 ἀκατάπληκτον
1174 1176 1267 1229 καὶ
1319 1176 1379 1229 τὸ
1429 1177 1528 1245 τῆς
1566 1178 1788 1248 ἀνδρίας

208 1265 569 1334 παράστημα,
605 1266 752 1328 ὅπως
797 1267 1068 1337 τοσαύτην
1105 1267 1383 1339 πολεμίων
1421 1270 1563 1338 ὁρῶν
1592 1271 1785 1340 imqu-

206 1446 383 1515 φίλιον
436 1447 629 1517 χωρῶν
697 1449 893 1517 πλῆθος
954 1450 1052 1520 τὴν
1107 1450 1287 1521 ψυχὴν
1330 1451 1503 1516 οὕτως
1539 1453 1786 1523 ἁτρεμὴς

204 1537 397 1609 ἀπῄει,
434 1540 592 1609 μόνον
619 1539 739 1609 οὐχὶ
770 1542 884 1602 τοῖς
937 1541 1219 1611 πολεμίοις
1267 1542 1374 1595 τῶν
1406 1544 1661 1613 ὑπηκόων
1704 1545 1787 1597 δι-

203 1630 330 1693 δοὺς
370 1632 704 1701 ἀντίλυτρον.

281 1720 386 1776 κα’.
417 1723 639 1794 Πρῶτος
674 1719 767 1779 οὖν
796 1726 851 1776 ὲν
886 1728 951 1795 τῇ
980 1725 1211 1797 ῥηθείσῃ
1246 1726 1531 1798 ἀναϐάθρᾳ
1555 1730 1789 1782 καταλα-

208 1814 320 1867 ϐὼν
342 1816 433 1869 τὸν
464 1816 693 1884 Συμεὼν
737 1816 1029 1887 ἐξεδέχετο.
1072 1818 1229 1871 Ἐπεὶ
1285 1818 1341 1871 δὲ
1372 1820 1558 1890 ὅμηρα
1590 1819 1649 1885 ἐξ
1681 1822 1789 1890 ἁμ-

208 1909 455 1976 φοτέρων
480 1907 793 1980 ἐλήφθησαν
826 1909 933 1962 τῶν
966 1910 1169 1981 μερῶν,
1213 1912 1307 1964 καὶ
1336 1911 1435 1982 τὴν
1470 1913 1791 1984 ἀποϐάθραν

206 2003 255 2053 οἱ
299 2002 600 2071 Βούλγαροι
646 2003 1077 2073 διηρευνήσαντο
1106 2006 1151 2035 ⁸¹
1185 2004 1449 2075 ἀκριϐῶς.
1486 2008 1651 2075 μήπω
1707 2025 1791 2071 τις

207 2094 360 2157 δόλος
390 2094 422 2163 ἢ
448 2093 635 2161 ἐνέδρα
660 2095 937 2164 τυγχάνει,
971 2094 1211 2165 κατῆλθε
1238 2096 1463 2166 Συμεὼν
1490 2099 1584 2150 τοῦ
1622 2098 1789 2151 ἵππου

206 2186 305 2238 καὶ
358 2187 493 2255 πρὸς
522 2188 612 2239 τὸν
656 2187 882 2255 βασιλέα
948 2187 1221 2258 εἰσῆλθεν.
1280 2188 1683 2258 Ἀσπασάμενοι
1732 2189 1789 2242 δὲ

204 2277 469 2347 ἀλλήλους
490 2278 713 2349 εἰρήνης
743 2278 936 2347 λόγους
960 2278 1241 2351 ἐκίνησαν.
1270 2280 1461 2334 Εἱπεῖν
1492 2280 1547 2333 δὲ
1569 2280 1788 2347 λέγεται

204 2371 301 2419 τὸν
350 2369 570 2438 βασιλέα
612 2371 747 2439 πρὸς
804 2370 1066 2439 Συμεών
1119 2370 1367 2431 Ἇκήκοά
1411 2387 1486 2426 σε
1533 2372 1788 2441 θεοσεϐίῆ

205 2459 524 2531 ἄνθρωπον
557 2461 701 2513 ὄντα
728 2461 823 2515 καὶ
863 2461 1227 2528 Χριστιανὸν
1252 2462 1549 2531 ὑπάρχειν
1580 2464 1790 2530 ἀληθι-

203 2546 339 2612 νεν,
375 2528 587 2612 ,βλέπω
644 2550 712 2603 δὲ
771 2550 840 2603 τὰ
879 2553 1023 2619 ἔργα
1073 2528 1387 2620 μηδαμῶς-ί
1417 2528 1543 2616 τοῖς
1587 2528 1792 2620 ,τόνοις

204 2642 639 2708 συμϐαίνοντα.
676 2641 868 2695 Ἵδιον
896 2642 1012 2709 μὲν
1070 2642 1180 2711 γὰρ
1218 2643 1537 2709 θεοσεϐοῦς
1571 2644 1791 2710 ἀνδρὸς

204 2732 305 2785 καὶ
338 2732 704 2799 Χριστιανοῦ
758 2732 824 2785 τὸ
858 2733 972 2800 τὴν
1008 2732 1257 2801 εἰρήνην
1283 2732 1529 2802 ἀγαπᾷν
1550 2736 1642 2787 καὶ
1677 2735 1792 2801 τὴν

202 2821 450 2889 ἀγάπην
476 2824 869 2887 ἀσπάζεσθαι,
887 2826 1054 2892 εἴπερ
1071 2828 1104 2879 ό
1118 2825 1261 2891 Θεὸς
1275 2826 1475 2895 ἀγάπη
1498 2826 1595 2879 καὶ
1620 2825 1792 2881 ἔστιν

202 2915 305 2970 καὶ
341 2917 598 2984 λέγεται,
639 2916 900 2983 ἀσεϐοῦς
949 2916 1017 2969 δὲ
1046 2916 1146 2969 καὶ
1169 2916 1434 2971 ἀπίστου
1465 2917 1530 2971 τὸ
1561 2919 1791 2986 χαίρειν

1893 437 2093 492 multas
2122 436 2419 491 distributo
2460 454 2669 493 turmas
2713 446 2878 509 atque
2904 440 3069 495 acies.
3109 440 3336 495 Militum
3371 443 3463 498 alii

1892 528 2100 599 clypeis
2134 528 2413 599 hastisque
2448 530 2677 594 auratis,
2720 530 2811 585 alii
2859 541 3088 601 argento
3137 533 3464 601 splendidis,

1891 622 2071 675 omnis
2113 621 2205 674 alii
2253 623 2454 676 coloris
2500 623 2668 676 armis
2718 623 2971 677 instructi
3021 633 3181 693 atque
3231 626 3408 678 ornati
3449 642 3463 692 ;

1891 715 2074 770 cuncti
2101 715 2247 770 ferro
2283 716 2660 771 circumcincti
2692 724 2869 770 erant.
2894 716 2959 769 Hi
2986 718 3222 773 medium
3254 733 3466 771 assum-

1891 816 2042 877 ptum
2073 809 2235 879 900
2261 808 2607 880 Symeonem,
2647 817 2707 864 ut
2742 810 3127 880 imperatorem
3159 826 3224 865 ac
3258 826 3461 880 regem,

1891 899 2135 953 Romana
2169 901 2353 971 lingua
2384 902 2580 956 faustis
2620 901 2851 956 vocibus
2882 902 3274 957 acclamabant.
3299 901 3467 956 Sena-

1894 999 1982 1045 tus
2012 991 2194 1047 omnis
2222 993 2396 1046 muris
2424 991 2748 1057 insidentes,
2777 993 3043 1062 quidquid
3078 994 3241 1061 hujus
3270 992 3468 1048 fabula

1890 1092 2030 1146 erat,
2090 1083 2434 1151 spectabant.
2485 1081 2596 1136 Res
2638 1098 2770 1135 vero
2822 1092 3069 1150 spectatu
3125 1082 3466 1152 dignissima,

1890 1174 2074 1243 regius
2100 1190 2225 1229 vere
2247 1185 2411 1244 atque
2441 1173 2692 1228 excelsus
2715 1173 3063 1242 imperatoris
3090 1175 3306 1228 animus
3323 1174 3426 1227 fuit
3450 1190 3465 1238 ;

1890 1265 2027 1318 mira
2074 1280 2160 1318 res
2211 1264 2479 1323 interritae
2516 1266 2606 1319 illa
2645 1266 2845 1319 mentis
2884 1266 3189 1319 constantia
3220 1274 3275 1320 et
3325 1280 3465 1335 prte-

1890 1357 2065 1412 sentia
2090 1372 2155 1412 ac
2184 1356 2472 1421 fortitudo,
2502 1358 2779 1427 quomodo
2817 1366 3019 1411 tantam
3056 1358 3294 1411 hostium
3334 1373 3467 1411 enn-

1890 1450 2149 1505 ﬂucntem
2176 1450 2585 1505 multitudinem
2614 1450 2808 1505 videns
2834 1451 2913 1504 sic
2939 1449 3151 1519 placide
3177 1449 3464 1519 processit,

1892 1551 2101 1598 tantum
2130 1559 2239 1596 non
2274 1543 2513 1597 animam
2538 1543 2774 1611 pretium
2801 1540 3196 1610 redemptionis
3221 1541 3471 1597 hostibus

1891 1651 1993 1706 pro
2022 1635 2260 1690 subditis
2291 1634 2551 1689 oﬂ‘erens.

1962 1727 2051 1782 21.
2086 1728 2305 1782 Primus
2339 1728 2522 1797 itaque
2573 1726 2812 1791 ad-eam,
2861 1742 3023 1795 quam
3072 1725 3341 1787 dicebam,
3379 1740 3471 1780 ex-

1894 1819 2238 1874 scensionem
2258 1818 2482 1873 veniens
2505 1817 2827 1889 Symeonem
2854 1817 3293 1886 praestolabatur.
3320 1817 3471 1871 Datis

1892 1921 2025 1959 vero
2058 1906 2320 1975 utrinque
2350 1905 2658 1967 obsidibus,
2683 1922 2746 1959 ac
2762 1921 2885 1960 cum
2915 1906 3129 1975 Bulgari
3157 1905 3471 1960 exscensio-

1892 1987 2017 2048 nem
2049 1994 2340 2064 diligenter
2376 1996 2723 2057 lustrassent,
2768 2010 2837 2048 ne
2868 1995 2994 2063 quis
3026 1994 3188 2048 dolus
3221 1995 3472 2050 subesset

1891 2093 1985 2139 aut
2040 2086 2251 2139 insidiae
2299 2085 2555 2147 laterent,
2615 2085 2850 2151 Symeon
2904 2099 3048 2153 equo
3083 2082 3343 2138 desiliens
3401 2082 3470 2137 ad

1893 2176 2281 2246 imperatorem
2326 2175 2571 2230 intravit.
2604 2174 2684 2228 Ibi
2719 2190 2843 2229 cum
2883 2189 2941 2229 se
2988 2183 3182 2229 mutuo
3214 2174 3471 2229 consalu-

1895 2276 2120 2329 tassent,
2158 2268 2226 2322 de
2257 2282 2389 2337 pace
2421 2268 2695 2335 colloquia
2725 2266 2836 2320 orsi
2869 2274 3018 2319 sunt.
3054 2266 3258 2319 Ferunt
3285 2276 3470 2320 autem

1894 2361 2198 2414 Romanum
2223 2361 2279 2413 in
2310 2360 2425 2413 haec
2446 2359 2615 2412 verba
2641 2358 2966 2428 Symeonem
2995 2358 3294 2411 allocutum
3316 2372 3467 2412 esse:

1892 2451 2079 2504 Audivi
2105 2459 2152 2502 te
2191 2451 2455 2503 hominem
2506 2448 2807 2520 religiosum
2855 2447 3055 2517 Deique
3106 2448 3361 2501 cultorem
3411 2464 3474 2503 ac

1892 2558 2008 2596 vere
2041 2541 2403 2597 Christianum
2453 2558 2581 2607 esse,
2620 2542 2767 2595 video
2786 2549 2963 2594 autem
2997 2556 3157 2610 opera
3207 2558 3309 2595 non
3342 2544 3473 2597 satis

1892 2634 2057 2687 verbis
2072 2642 2441 2687 consentanea.
2454 2633 2736 2703 Proprium
2758 2634 2896 2687 enim
2910 2640 2982 2686 est
3001 2633 3223 2687 hominis
3245 2632 3475 2704 religiosi

1895 2724 2091 2793 Deique
2123 2724 2339 2777 cultoris
2360 2742 2421 2779 ac
2444 2724 2748 2786 Christiani,
2780 2733 2835 2778 ut
2866 2740 3050 2794 pacem
3087 2734 3133 2777 et
3161 2724 3475 2779 charitatem

1892 2815 2051 2877 colat,
2071 2817 2494 2886 quandoquidem
2525 2816 2657 2870 Deus
2682 2817 2914 2870 charitas
2936 2823 3073 2868 estet
3101 2823 3472 2885 nuncupatur;

1892 2910 2043 2978 impii
2068 2918 2244 2961 autem
2275 2918 2321 2961 et
2365 2909 2646 2979 irreligiosi
2680 2918 2726 2961 et
2759 2906 3006 2973 inﬁdelis,
3042 2914 3100 2961 ut
3129 2908 3351 2961 aedibus
3388 2898 3507 2960 in?

200 3008 468 3075 σφαγαῖς
505 3009 603 3062 καὶ
626 3010 878 3077 αἶμιισιν
898 3009 1115 3074 ἀδίκως
1151 3009 1550 3078 ἐκχεομένοις.
1582 3012 1650 3064 Ei
1675 3010 1787 3078 μὲν

1896 3003 2131 3073 iusteque
2179 3002 2307 3071 [usis
2362 3003 2633 3056 cruoribus
2683 3002 2933 3072 gaudeat.
2988 3001 3045 3058 Si
3096 3004 3259 3071 igitur
3322 3018 3474 3054 verus

200 3098 325 3153 οὖν
352 3100 585 3167 ἀληθὴς
606 3102 964 3167 Χριστιανὸς
994 3097 1302 3168 ὑπάρχεις,
1335 3101 1529 3166 καθὼς
1555 3105 1787 3170 πεπλη-

194 3190 609 3258 ροφορήμεθα.
656 3191 897 3258 στῆσόν
935 3207 1079 3245 ποτε
1131 3192 1234 3255 τὰς
1262 3192 1512 3258 ἀδίκους
1553 3193 1792 3264 σφαγὰς

198 3280 308 3332 καὶ
367 3282 473 3345 τὰς
528 3280 645 3334 τῶν
704 3280 971 3335 ἀνοσίων
1018 3282 1283 3349 αΙμάτων
1332 3282 1635 3351 ἐκχύσεις,
1696 3284 1793 3337 καὶ

196 3370 461 3425 σπεῖσαι
498 3371 625 3439 μεθ’
652 3369 820 3439 ἡμῶν
850 3370 1227 3439 Χριστιανῶν
1249 3371 1497 3439 εἰρήνην
1518 3375 1793 3440 Χριστια-

192 3460 314 3525 νὸς
350 3459 445 3514 καὶ
469 3460 651 3526 αὐτὸς
680 3457 877 3514 ὤνκαὶ
908 3461 1362 3531 ὀνομαζόμενος,
1405 3462 1503 3515 καὶ
1522 3464 1609 3532 μὴ
1652 3464 1794 3519 θέλε

186 3551 578 3621 μολύνεσθαι
631 3552 1005 3619 Χριστιανῶν
1044 3553 1251 3617 δεξιὰν
1285 3554 1537 3621 αῖμασιν
1579 3557 1791 3623 dyon!-

192 3658 369 3697 στων
394 3640 785 3710 Χριστιανῶν.
821 3645 1164 3711 Ἀνθρωπος
1196 3641 1367 3698 εἶκαὶ
1397 3645 1581 3710 αὐτὸς
1616 3647 1795 3702 θάνα-

193 3752 313 3788 τον
335 3733 693 3802 προσδοκῶν
731 3735 827 3787 καὶ
855 3734 1199 3788 ἀνάστασιν
1231 3737 1328 3789 καὶ
1356 3737 1789 3792 ἀνταπόδοσιν.

192 3825 480 3893 Σήμερον
529 3826 841 3895 ὑπάρχεις,
873 3828 969 3880 καὶ
1011 3829 1220 3895 αὔριον
1249 3830 1336 3894 εἰς
1367 3831 1537 3882 κόνιν
1583 3830 1792 3884 διαλυ-

197 3918 391 3986 θήσῃ.
425 3913 525 3981 Εἷς
547 3918 804 3986 πυρετὸς
826 3919 991 3972 ἅπαν
1013 3920 1371 3973 κατασϐέσει
1396 3922 1461 3973 τὸ
1491 3923 1789 3991 φρύαγμα.

201 4012 353 4064 Τίνα
392 4005 504 4064 οὖν
559 4011 745 4079 λόγον
795 4009 1009 4076 δώσεις
1061 4009 1141 4075 τῷ
1182 4009 1305 4075 Θεῷ
1344 4010 1473 4065 ἐκεῖ
1507 4011 1792 4065 ἀπελθὼν

196 4098 362 4166 ὑπὲρ
408 4096 526 4152 τῶν
563 4099 785 4152 ἀδίκων
840 4097 1125 4169 σφαγῶντ
1170 4102 1321 4165 ποίῳ
1370 4100 1670 4168 προσώπῳ
1717 4101 1794 4165 τῷ

198 4189 439 4260 φοϐερῷ
478 4191 573 4243 καὶ
606 4189 816 4257 δικαίῳ
844 4190 1215 4256 ἐνατενίσεις
1263 4190 1472 4259 κριτῇ;
1503 4194 1566 4245 El
1602 4193 1791 4245 πλού-

199 4297 319 4334 του
372 4278 524 4346 ἐρῶν
582 4277 770 4332 ταῦτα
829 4278 1041 4344 ποιεῖς,
1089 4277 1173 4351 [Ρ.
1220 4278 1347 4351 581]
1402 4280 1515 4348 ἐγώ
1577 4296 1647 4335 ’γε
1700 4297 1797 4334 κα-

1895 3093 2223 3148 Christianus
2262 3111 2333 3158 es,
2365 3094 2574 3165 qualem
2604 3104 2653 3147 te
2682 3104 2817 3147 certo
2840 3095 3221 3158 existimamus,
3262 3093 3476 3148 tandem

1893 3186 2181 3256 aliquando
2222 3188 2345 3239 siste
2380 3186 2605 3254 injustas
2635 3185 2821 3250 caules,
2860 3184 3122 3254 ﬁnemque
3164 3184 3321 3252 facito
3353 3184 3479 3251 fun-

1894 3278 2051 3331 dendi
2074 3279 2345 3331 innoxium
2374 3278 2711 3345 sanguinein,-
2731 3291 2792 3327 ac
2821 3291 3003 3343 pacem
3035 3274 3299 3326 nobiscum
3326 3271 3478 3328 Chri-

1890 3372 2079 3423 stianis
2123 3386 2393 3439 compone,
2443 3368 2601 3438 901
2644 3369 2733 3437 qui
2772 3368 2879 3437 ipse
2924 3366 3254 3421 Christianus
3298 3367 3369 3419 sis
3429 3378 3480 3418 et

1894 3461 2087 3514 dicaris
2118 3477 2138 3525 ;
2184 3478 2276 3514 nec
2310 3460 2735 3514 Christianorum
2772 3460 3014 3510 dexteras
3054 3456 3478 3512 Christianorum

1891 3554 2070 3605 itidem
2104 3569 2166 3605 ac
2204 3552 2441 3603 eamdem
2480 3550 2761 3603 calentium
2804 3548 2965 3615 ﬁdem
2998 3548 3269 3601 cruoribus
3313 3546 3479 3615 pollui

1890 3644 2055 3696 sinas.
2086 3643 2205 3712 Ipse
2244 3658 2445 3712 quoque
2480 3643 2632 3695 homo
2666 3656 2741 3704 es,
2783 3641 2872 3710 qui
2916 3646 3137 3692 mortem
3162 3647 3211 3692 et
3239 3652 3478 3691 resurre-

1891 3736 2113 3787 ctionem
2144 3742 2193 3786 et
2232 3732 2628 3785 retributionem
2646 3738 2927 3799 exspectes.
2965 3729 3129 3782 Hodie
3158 3729 3213 3781 in
3246 3728 3370 3781 vivis
3400 3744 3476 3794 es,

1895 3832 1943 3876 et
1978 3842 2096 3877 cras
2123 3826 2174 3877 in
2194 3822 2461 3891 pulverem
2488 3820 2803 3874 dissolveris.
2838 3817 3015 3871 Febris
3041 3836 3146 3871 una
3177 3817 3475 3888 superbiam

1893 3931 2098 3967 omnem
2129 3912 2394 3966 dissolvet.
2436 3910 2607 3974 Quam
2632 3924 2755 3978 ergo
2792 3908 3069 3966 rationem.
3100 3914 3222 3958 ante
3245 3903 3480 3958 tribunal

1896 4001 1992 4054 Dei
2015 4003 2347 4063 constitutus,
2392 3998 2500 4051 Deo
2538 3998 2835 4049 redditurus
2867 4013 2919 4049 es
2957 4012 3051 4065 pro
3076 3996 3284 4065 injustis
3315 3995 3476 4049 ειεάί-

1896 4094 2035 4146 bus?
2096 4092 2207 4158 Quo
2234 4091 2382 4145 vultu
2434 4092 2487 4143 in
2537 4088 2865 4142 tremendum
2892 4088 3199 4156 justumque
3240 4085 3480 4154 judicem

1896 4181 2072 4238 oculos
2104 4182 2337 4235 intendes
2366 4178 2468 4232 ?Si
2498 4189 2545 4230 te
2577 4176 2878 4229 divitiarum
2903 4171 3087 4242 cupido
3118 4171 3187 4223 ad
3218 4169 3479 4239 ejusmodi

1897 4277 2138 4347 facinora
2170 4273 2413 4345 impellit,
2441 4288 2533 4342 ego
2558 4280 2607 4322 te
2640 4269 2747 4322 illis
2768 4268 2837 4320 ad
2878 4267 3176 4319 satietatem
3207 4262 3420 4333 explebo
3456 4278 3477 4327 ;

202 4369 472 4435 τακόρως
521 4367 627 4421 τοῦ
670 4368 1155 4437 ἐπιθινμουμένου
1228 4368 1552 4436 ἐμπλήσω·
1605 4372 1791 4424 μόνον

1900 4370 2051 4422 modo
2105 4368 2309 4420 contine
2353 4365 2645 4427 dexteram,
2699 4376 2877 4430 pacem
2930 4354 3281 4425 amplectere,
3324 4354 3479 4425 dilige

202 4460 465 4524 ἐπίσχες
525 4456 641 4526 τὴν
684 4457 893 4521 δεξιάν
919 4474 1058 4511 σου.
1092 4459 1406 4514 ’Ἄσπασαι
1460 4460 1575 4528 τὴν
1635 4462 1795 4531 εἰρή-

202 4567 353 4617 νην.
404 4549 748 4620 Ἀγάπησον
800 4550 916 4616 τὴν
965 4551 1270 4619 ὁμόνοιαν,
1324 4553 1424 4605 ἵνα
1464 4554 1561 4607 καὶ
1615 4555 1797 4620 αὐτὸς

196 4644 358 4708 ,βίον
388 4641 576 4710 ζήσῃς
602 4642 907 4710 εἰρηνικέν
949 4643 1045 4695 καὶ
1073 4642 1448 4712 ἀναίμακτον
1477 4644 1576 4697 καὶ
1604 4645 1794 4713 ἀπρά-

206 4750 433 4804 γμονα,
475 4732 577 4785 καὶ
633 4736 687 4786 ol
736 4734 1077 4800 Χριστιανοὶ
1118 4735 1461 4789 παύσονταί
1505 4753 1647 4790 ποτε
1679 4736 1798 4791 τῶν

206 4840 568 4893 συμφορων,
593 4827 689 4877 κα)
712 4826 1049 4879 παύσονται
1068 4825 1208 4891 τοὺς
1225 4827 1617 4895 Χριστιανοὺς
1637 4827 1799 4881 drat-

202 4917 387 4990 μεῖν·
444 4918 516 4971 οὐ
556 4916 724 4985 θέμις
782 4920 888 4985 γὰρ
923 4917 1128 4983 αὐτοῖς
1190 4918 1384 4985 αἴρειν
1420 4918 1581 4973 ὅπλα
1645 4924 1797 4975 κατὰ

211 5012 588 5081 όιιοπίστων.
614 5008 867 5063 Τοσαῦτα
885 5007 975 5073 οὖν
1003 5007 1173 5061 εἰπὼν
1199 5010 1227 5061 ὁ
1246 5009 1496 5079 βασιλεὺς
1520 5011 1795 5081 ἐσίγησεν.

209 5103 497 5167 Αῑδεσοεὶς
527 5098 619 5158 οὖν
670 5100 895 5172 Συμεὼν
948 5102 1047 5172 τὴν
1081 5101 1271 5156 τούτου
1329 5103 1659 5156 ταπείνωσιν
1704 5102 1799 5155 καί

209 5202 346 5261 τοὺς
381 5197 569 5263 λόγους
600 5193 765 5249 αὑτοῦ
805 5191 1099 5246 κατένευσε
1142 5194 1241 5262 τὴν
1291 5195 1514 5263 εἰρήνην
1558 5196 1793 5263 ποιήσα-

1898 4458 2253 4521 concordiam,
2306 4463 2361 4507 ut
2404 4465 2452 4507 et
2497 4455 2606 4522 ipse
2646 4454 2806 4505 vitam
2845 4445 3197 4515 tranquillam
3243 4459 3371 4514 agas
3418 4457 3480 4494 ac

1897 4555 2227 4606 incruentam
2278 4546 2508 4616 nihilque
2541 4544 2844 4604 sollicitam,
2882 4556 2945 4593 ac
2977 4540 3188 4591 tandem
3220 4535 3477 4589 Christia-

1901 4661 2088 4698 norum
2121 4641 2265 4696 mala
2311 4641 2471 4708 ﬁnem
2518 4638 2799 4707 accipiant,
2847 4642 3004 4703 atque
3047 4630 3142 4683 alii
3170 4629 3302 4682 alios
3332 4627 3479 4682 Chri-

1898 4738 2099 4791 stianos
2130 4732 2495 4788 contrucidare
2524 4732 2791 4785 desinant.
2825 4725 2948 4781 Haec
2992 4724 3067 4778 ita
3108 4723 3324 4777 locutus
3374 4720 3481 4773 im-

1901 4836 2120 4899 perator
2145 4826 2431 4881 conticuit.
2451 4824 2717 4893 Bulgarus
2747 4821 2911 4891 igitur
2939 4818 3086 4873 illius
3113 4815 3481 4870 humilitatem

1904 4937 1968 4976 ac
2013 4934 2296 4974 sermones
2327 4933 2449 4974 cum
2486 4914 2839 4971 veneratione
2872 4911 3101 4965 miratus
3137 4923 3325 4979 pacem
3363 4905 3480 4959 ﬁeri

1906 5014 2117 5067 annuit.
2166 5011 2303 5067 Cum
2355 5028 2413 5066 se
2470 5011 2657 5078 itaque
2701 5006 2935 5060 invicem
2990 4999 3218 5057 osculati
3274 5006 3479 5061 essent,

1906 5106 2299 5169 discesserunt,
2354 5104 2685 5174 imperatore
2730 5095 3035 5168 magniﬁcis
3064 5092 3223 5148 donis
3253 5090 3481 5163 Symeo-

1909 5209 2030 5249 nem
2062 5202 2376 5264 prosecute.

212 5294 370 5349 σθαι.
452 5289 853 5359 ’Δσπασάμενοι
904 5287 996 5340 οὖν
1053 5287 1315 5359 ἀλλήλους
1365 5289 1817 5360 διεχωρίσῡηςαν,
1854 5288 2048 5360 δώροις
2088 5286 2533 5361 μεγαλοπρεπέσι
2600 5284 2691 5338 τοῦ
2764 5280 3026 5354 βασιλέως
3080 5275 3479 5345 δεξιωσαμένου

210 5385 309 5440 τόν
346 5385 419 5436 Συ
428 5383 591 5453 μεών.

292 5481 399 5548 κβ’.
432 5478 496 5529 "0
524 5475 581 5528 δὲ
613 5474 732 5528 τότε
780 5474 1095 5546 συμϐέϐηκε
1140 5476 1467 5548 διηγήσομαι
1510 5474 1793 5546 τεράστιόν

1974 5472 2062 5525 ‘22.
2095 5469 2250 5537 Quod
2296 5484 2428 5524 vero
2465 5474 2595 5521 tunc
2626 5461 2847 5527 accidit,
2887 5457 3143 5524 referam,
3184 5470 3295 5511 rem
3348 5467 3481 5509 sane

1523 5569 1755 5627 VARI/1'3
1795 5566 2198 5627 LECTIONES.

349 5668 395 5700 ⁸³
422 5662 870 5737 διερευνήσαντες
898 5660 958 5716 Ρ.
