1998 3104
273 137 326 169 963

904 135 1065 166 GEORGII
1083 132 1257 165 MONACHI

1852 132 1908 163 9M

267 200 455 231 portentosam
468 198 551 230 atque
564 194 619 222 illis
636 195 683 229 qui
695 194 795 221 horum
813 193 1059 229 noverantjudicia

1115 201 1137 219 τι
1154 192 1201 218 καὶ
1217 193 1271 222 τοῖς
1286 190 1320 217 τά
1335 189 1446 217 τοιαῦτα
1461 189 1616 223 συγκρίνειν
1632 188 1714 215 εἰδόσι
1737 189 1908 224 παράδοξον.

268 247 367 267 novam
381 245 408 268 et
425 240 574 267 insolitam.
589 240 661 267 Duas
670 239 748 267 aiunt
764 240 987 274 colloquentibus
1002 248 1059 266 am-

268 286 358 314 bobus
375 287 486 322 regibus
508 286 614 321 aquilas
626 294 712 322 super
731 294 780 314 eos
805 287 935 314 volitasse
953 291 1058 313 etcum

268 331 399 366 clangore
431 332 569 364 coivisse,
600 340 718 366 moxque
744 332 865 360 divulsas
890 332 1058 360 alteram-ad

269 378 366 405 urbem
390 377 532 409 transisse.
548 379 662 405 alteram
681 379 709 405 in
728 379 874 406 Thraciam
895 378 976 414 902
993 387 1059 406 avo-

267 423 348 450 lasse.
364 423 468 449 Rerum
485 423 641 450 istiusmodi
657 424 760 451 curiosi
782 424 956 460 indagatores
978 425 1060 452 inau-

267 468 403 502 spicatum
424 476 504 495 omen
530 469 658 496 arbitrati
686 474 760 502 sunt,
786 470 846 497 fore
873 469 1004 497 nimirum
1030 475 1061 498 ut

268 513 369 540 infecta
385 521 451 548 pace
480 514 520 541 illi
545 514 784 550 disjungerentur.
811 516 929 551 Symeon
948 516 981 543 ad
995 525 1061 545 suos

267 564 396 584 reversus
407 559 583 593 imperatoris
597 560 760 594 sapientiam
770 561 991 595 modestiamque
1004 562 1061 589 suis

268 602 432 636 proceribus
445 608 551 634 narrat,
573 604 681 638 virique
697 603 813 631 formam
827 610 855 631 et
873 604 958 631 robur
974 605 1061 632 infra-t

269 651 398 683 clumque
417 649 539 676 animum
553 649 697 677 immensis
709 649 840 677 laudibus
859 650 994 678 celebrat.

304 738 349 766 2'5.
364 737 466 764 Mensis
475 737 635 765 Decembris
649 737 694 765 die
704 737 837 772 vigesima
850 737 947 772 quinta
960 738 1060 765 Roma-

269 790 322 810 nus
333 782 405 808 ﬁlios
417 789 482 808 suos
497 781 669 816 Stephanum
680 785 708 809 et
720 781 931 809 Constantinum
948 785 1062 809 coronat

270 832 298 859 in
319 831 414 865 Magna
444 831 561 858 ecclesia
587 840 593 857 :
619 831 667 858 sed
692 835 721 858 et
744 831 980 866 Theopbylactum
1003 832 1063 867 ejus

1111 237 1163 264 Δύο
1179 237 1261 271 φασὶν
1276 235 1373 267 ἀετοὺς
1391 235 1446 262 τῶν
1463 234 1596 270 βασιλέων
1610 234 1779 269 ὁμιλούντων
1799 234 1909 262 ἄνωθεν

1110 281 1200 307 αὐτῶν
1218 280 1390 315 ὑπερπτῆναι
1418 279 1534 313 κλάγξαι
1556 288 1585 305 τε
1613 278 1747 314 καὶπρὸς
1769 279 1907 315 ἀλλήλους

1111 327 1257 362 συμμῖξαι,
1273 326 1321 353 καὶ
1336 326 1492 361 παραυτίκα
1507 325 1701 360 διαζευχθῆναι
1712 325 1847 361 ἀλλήλων,
1859 326 1906 353 καὶ

1109 372 1156 398 τὸν
1172 371 1222 406 μὲν
1236 370 1283 397 ἐπὶ
1299 370 1348 406 τὴν
1365 371 1443 397 πόλιν
1453 369 1577 401 διελθεῖν,
1596 370 1643 396 τδν
1656 370 1684 396 δὲ
1701 371 1748 396 ἐπὶ
1762 370 1813 405 τὴν
1830 370 1909 407 Θρᾴ-

1111 425 1163 452 κην
1181 417 1340 452 διαπτῆναι.
1359 416 1445 443 Τοῦτο
1458 417 1482 443 oi
1504 416 1628 451 ἀκριϐῶς
1647 416 1682 443 τὰ
1704 416 1818 443 τοιαῦτα
1841 425 1914 455 σκοπ

1111 462 1227 494 ποῢντες
1244 464 1275 490 οὺ
1292 462 1375 489 καλὸν
1390 462 1502 498 ἔκριναν
1520 462 1632 488 οἰωνόν·
1650 463 1828 497 άσυμϐάτους
1850 463 1907 498 γὰρ

1111 510 1158 536 ἐπὶ
1170 510 1220 545 τὴν
1235 510 1349 545 εἰρήνην
1364 509 1537 545 ἀμφοτέρους
1558 509 1771 544 διαλυθήσεσθαι
1787 509 1904 543 ἔφασαν.

1110 555 1223 590 Συμεὼν
1240 556 1268 582 δὲ
1288 555 1319 582 τὸ
1340 556 1423 583 αὑτοῦ
1450 556 1631 590 στρατόπεδον
1659 555 1824 582 καταλαὸὼν
1847 558 1905 585 τοῖς

1111 601 1208 628 ἑαυτοῦ
1223 602 1386 636 μεγιστᾶσιν
1400 602 1450 635 τὴν
1462 601 1509 627 τοῦ
1532 601 1663 635 βασιλέως
1677 601 1830 635 ἀπήγγειλε
1843 601 1904 627 σύν-

1111 656 1169 674 εσιν
1182 648 1230 674 καὶ
1243 649 1420 679 ταπείνωσιν,
1433 647 1572 679 ἐξεθείαζε
1590 656 1618 673 τε
1635 647 1719 673 αὐτοῦ
1736 647 1766 673 τὸ
1778 646 1848 679 εἶδος
1857 649 1903 682 τήν

1109 701 1141 720 τε
1155 691 1252 729 ῥώμην
1268 694 1315 720 καὶ
1326 693 1357 719 τὸ
1370 692 1582 727 ἀκατάπληκτον
1596 691 1643 717 τοῦ
1661 692 1849 726 φρονήματος.

1147 743 1200 773 κγ’,
1218 739 1378 774 Δεκεμϐρίῳ
1391 738 1419 765 δὲ
1435 739 1500 774 μηνὶ
1517 741 1556 765 κε’
1569 738 1666 771 ἕστεῷε
1690 737 1831 771 Ῥωμανὺς
1842 738 1901 769 τοὶς

1112 786 1188 817 υἱοὺς
1204 785 1288 812 αὑτοῦ
1303 787 1332 812 ἐν
1347 787 1379 820 τῇ
1402 784 1515 820 Μεγάλῃ
1545 785 1689 818 ἐκκλησῖα,
1718 784 1853 817 Στέφανόν
1873 793 1901 809 τι

1113 833 1161 858 καὶ
1182 832 1399 858 Κωνσταντῖνον·
1425 831 1492 857 ἀλλὰ
1507 830 1759 863 telamo-5117.161
1777 830 1901 864 εὐνοῦχον

270 876 357 903 illium
380 875 509 902 Nicolaus
522 875 678 910 patriarcha
696 875 822 903 detondit
835 876 978 909 clericum,
995 877 1060 904 sub-

1115 878 1172 904 υἱδν
1186 877 1269 904 αὐτοῦ
1285 878 1299 904 6
1317 877 1492 912 πατριάρχης
1507 877 1641 907 Νικόλαος
1658 876 1789 911 ἀπέκειρε
1807 877 1901 911 κληρι-

270 920 417 948 diaconum
433 921 565 948 ordinans
582 929 615 949 ac
629 930 796 956 promovens
817 923 980 958 syncellum,
997 930 1060 950 cum

270 967 295 994 is
309 967 386 1001 prius
403 968 430 993 in
444 967 678 994 subdiaconorum
695 968 781 1003 gradu
800 969 828 995 in
841 973 935 996 sancta
947 976 1061 1003 proces-

271 1012 363 1038 sisset.

304 1057 350 1083 24.
367 1056 468 1084 Mensis
487 1058 590 1093 Aprilis
614 1058 659 1085 die
682 1058 790 1086 decima
820 1066 893 1087 nona
922 1058 1061 1088 Romanus

269 1101 403 1130 Joannem
423 1104 582 1139 mysticum,
606 1111 699 1130 rerum
727 1104 911 1139 gerendarum
942 1106 1061 1132 admini-

269 1153 359 1175 strum
374 1152 401 1175 et
416 1148 609 1184 subadjuvam,
626 1149 742 1184 patricia
759 1157 791 1177 ac
813 1151 1003 1185 proconsulari
1016 1152 1059 1178 di-

270 1194 373 1227 gnitate
385 1195 504 1224 ornavit.
517 1194 553 1221 ita
567 1202 632 1222 sane
645 1198 674 1222 ut
688 1195 753 1223 hinc
766 1204 877 1231 quoque
891 1196 930 1224 illi
944 1197 1060 1225 conﬂata

270 1239 373 1267 invidia
392 1240 428 1267 sit
439 1245 466 1267 et
484 1241 588 1267 illatum
605 1248 619 1267 a
639 1241 806 1276 quibusdam
820 1242 937 1270 crimen.

305 1286 352 1313 25.
377 1286 443 1313 Maii
460 1287 564 1314 mensis
588 1287 633 1315 die
649 1288 745 1322 quinta
768 1288 884 1321 decima,
912 1282 1061 1316 indictione

271 1333 352 1359 tertia
365 1333 483 1364 decima,
508 1333 627 1360 moritur
643 1333 774 1361 Nicolaus
789 1334 957 1369 patriarcha,
971 1342 1033 1362 cum
1046 1343 1062 1362 a

270 1378 392 1405 secunda
419 1386 467 1405 sua
489 1379 669 1413 provectione
691 1386 780 1407 annos
804 1380 934 1408 tredecim
962 1381 1062 1408 throno

247 1453 252 1457 ,
271 1424 378 1458 potitus
393 1429 477 1451 esset.
495 1425 561 1458 Eius
577 1432 679 1460 corpus
690 1426 716 1452 in
731 1427 907 1459 monasterio,
919 1427 993 1461 quod
1004 1426 1061 1462 ipse

271 1471 434 1497 condiderat
461 1477 493 1499 ac
517 1471 682 1499 Galacrcnas
706 1477 816 1505 vocant,
842 1474 982 1501 conditum
1007 1479 1060 1501 est.

271 1516 364 1543 Mense
378 1524 445 1544 vero
461 1518 584 1552 Augusto
601 1517 760 1552 patriarcha
782 1519 919 1547 suiiieitur
942 1519 1061 1555 Steplta~

270 1569 325 1589 nus
340 1563 462 1590 Atnaseze
477 1563 662 1598 metropolita,
679 1565 833 1592 eunuchus.

306 1607 388 1642 903
403 1608 447 1635 26.
475 1608 568 1636 Mense
592 1608 704 1636 Octobri
726 1610 846 1638 Joannes
873 1611 1006 1646 mysticus
1031 1619 1063 1639 ac

271 1654 434 1689 imperatori
447 1662 540 1681 rerum
558 1656 741 1690 gerendarum
758 1656 868 1691 adjutor
882 1657 1002 1685 aiiectati
1016 1657 1064 1685 im-

270 1698 341 1736 perii
355 1700 488 1734 defertur,
500 1701 527 1728 in
542 1709 599 1728 rem
617 1701 769 1729 inducente
778 1702 876 1730 Cosma
891 1703 1008 1738 patricio
1031 1711 1063 1731 ac

271 1754 369 1773 cursus
384 1747 488 1781 publici
505 1746 657 1781 logotheta,
673 1747 720 1781 qui
739 1747 822 1774 tiliam
845 1749 871 1775 ei
896 1755 1006 1776 uxorem
1024 1750 1064 1776 lo-

271 1796 393 1818 caverat.
411 1792 476 1825 Ejus
489 1791 527 1817 rei
543 1797 625 1817 causa
643 1791 774 1826 deiicitur
790 1792 836 1820 ille
852 1794 964 1828 quidem
986 1794 1062 1829 pala-

272 1836 310 1863 tio
338 1845 344 1862 :
373 1836 538 1870 permissum
558 1840 648 1863 tamen
672 1841 699 1864 et
723 1838 835 1872 prodire
850 1846 882 1865 ac
902 1839 1062 1874 imperatori

270 1882 439 1914 ministrare,
455 1886 482 1908 et
498 1889 560 1909 cum
574 1888 607 1909 eo
621 1883 832 1911 communicatis
843 1884 976 1917 consiliis,
988 1886 1061 1920 quod

271 1926 352 1954 cilicii
371 1932 455 1959 esset,
470 1930 598 1954 tractare.
617 1927 718 1963 ingens
733 1929 835 1963 quippe
851 1929 878 1956 in
893 1937 956 1957 eum
973 1930 1061 1966 impe-

271 1973 373 2000 ratoris
387 1973 428 2000 vis
447 1974 549 2001 amoris
564 1979 634 2005 erat,
653 1974 727 2009 quod
744 1974 877 2010 mysticus
890 1976 917 2002 in
931 1976 1061 2004 omnibus

270 2020 295 2047 ei
310 2020 426 2055 obsequi
437 2024 540 2055 posset,
556 2027 608 2048 nec
624 2025 653 2047 ut
668 2028 683 2048 a
700 2029 730 2048 se
751 2021 864 2056 penitus
878 2022 1018 2058 ablegaret
1033 2023 1060 2050 in

270 2066 393 2092 animum
422 2065 554 2092 inducere
579 2068 697 2100 poterat.
726 2065 944 2093 Accusatoribus
969 2070 1059 2093 tamen

271 2111 466 2146 imperatorem
485 2111 668 2146 urgentibus,
692 2111 895 2146 perspicuaque
924 2119 985 2139 esse
1008 2112 1062 2139 cri-

270 2157 343 2184 mina
359 2157 466 2192 objecta
483 2157 712 2189 monstrantibus,
741 2161 880 2184 scrutatus
899 2157 1058 2192 imperatur,

270 2211 333 2230 cum
351 2210 416 2230 vera
432 2203 489 2231 hate
504 2211 564 2231 esse
575 2203 767 2238 comperisset,
784 2203 947 2237 capiendum
963 2204 1059 2239 mysti-

270 2257 333 2277 cum
358 2249 455 2277 statuit
471 2257 502 2276 ac
519 2249 719 2285 quaestionibus
746 2248 958 2283 subjiciendum.
982 2248 1060 2281 Quod

270 2295 316 2322 ille
332 2294 522 2330 praesentiens,
544 2294 607 2329 iuga
624 2302 652 2321 se
674 2294 707 2321 ad
730 2294 986 2321 Monocastanorum
1001 2301 1060 2321 mo-

269 2341 421 2371 nasterium
439 2340 587 2375 recipiens.
613 2340 650 2367 ibi
672 2340 799 2367 monachi
815 2339 870 2367 ritu
887 2347 992 2367 comam
1008 2348 1059 2374 po-

269 2388 336 2416 suit,
359 2386 440 2422 Fugit
461 2394 528 2414 vero
545 2386 628 2413 etiam
646 2385 843 2414 Constantinus
866 2386 948 2413 Boiis:
974 2385 1056 2420 illius,

268 2441 371 2461 mensa!
386 2433 560 2468 praepositus,
574 2432 674 2459 timens
688 2432 794 2460 scilicet
815 2432 904 2467 utqui
923 2432 981 2467 ipse
999 2440 1060 2468 my-

270 2480 332 2507 stici
348 2482 496 2515 symmysta
514 2484 587 2506 esset
598 2478 713 2512 ejusque
733 2482 904 2505 secretorum
920 2478 1058 2505 conscius.

269 2525 420 2554 Patricium
431 2525 557 2554 Cosmam
579 2526 612 2553 ad
636 2525 730 2561 palatii
745 2525 920 2561 horologium
937 2525 1061 2552 verberi-

270 2573 322 2601 bus
336 2573 481 2601 subactum
496 2574 646 2608 imperator
660 2572 750 2600 ofﬁcio
765 2572 860 2599 movit.
874 2572 988 2600 Joannis
1004 2578 1061 2608 my-

271 2619 332 2647 stici
348 2620 409 2647 loco
422 2618 843 2655 Tbeopltanesfprotovcstiarius
852 2617 1002 2653 subadjuva
1015 2625 1059 2645 re-

272 2673 388 2702 rumque
414 2666 596 2702 gerendarum
618 2663 779 2699 imperatori
806 2664 917 2699 adiutor
943 2663 1059 2699 praeﬁci-

273 2716 327 2739 tur.

1113 925 1170 956 κδν,
1189 925 1382 960 χειροτονήσας
1395 923 1572 950 ὑποδιάκονον
1588 923 1733 956 σύγκελλόν
1747 932 1775 948 τε
1792 931 1904 957 προχει-

1115 972 1273 1006 ρισάμενος,
1295 971 1434 998 διελθόντα
1450 970 1582 1005 πρότερον
1606 970 1635 996 ἐν
1662 969 1701 1004 τῷ
1716 969 1769 995 τῶν
1790 970 1905 996 ὑποδια-

1113 1017 1198 1044 κόνων
1213 1018 1332 1051 τάγματι
1348 1017 1387 1048 είς
1406 1016 1439 1043 τὰ
1455 1015 1531 1050 ἅγια.

1148 1064 1197 1090 κδ’.
1221 1063 1371 1099 Ἀπριλλίῳ
1400 1063 1429 1089 δὲ
1457 1063 1524 1098 μηνὶ
1554 1062 1586 1089 ιθ¹
1613 1062 1728 1097 ἐτίμησε
1758 1062 1905 1097 Ῥωμανδς

1119 1108 1244 1142 Ἰωάννην
1257 1107 1388 1142 μυστικὸν
1403 1107 1451 1134 καὶ
1466 1107 1743 1143 παραδυναστεύοντα
1758 1107 1903 1142 πατρίκιον

1112 1153 1160 1179 καὶ
1170 1153 1334 1185 ἀνθύπατον,
1351 1152 1422 1179 ὥστε
1446 1152 1481 1179 δι’
1504 1152 1570 1179 αὐτὸ
1584 1151 1664 1178 τοῦτο
1679 1152 1779 1186 φθόνον
1794 1151 1902 1187 κινηθῆ-

1112 1207 1157 1226 ναι
1174 1199 1248 1234 αὐτῷ
1262 1199 1310 1225 καὶ
1321 1198 1546 1234 κατηγορηθῆναι
1562 1198 1642 1225 αὑτὸν
1659 1198 1712 1224 ὑπό
1727 1207 1822 1225 τινων.

1148 1289 1197 1316 κε’.
1211 1289 1292 1324 Μαΐῳ
1306 1288 1334 1315 δὲ
1347 1288 1413 1324 μηνὶ
1431 1291 1473 1321 ιε’,
1489 1289 1653 1320 ίνδικτιῶνος
1673 1292 1719 1322 ιγ’,
1733 1289 1847 1324 τελευτᾷ
1861 1289 1903 1315 τὸν

1114 1333 1172 1367 βίον
1184 1334 1198 1360 ό
1210 1333 1387 1368 πατριάρχης
1410 1332 1554 1367 Νικόλαος,
1575 1334 1717 1369 κρατήσας
1735 1334 1765 1359 ὲν
1777 1334 1810 1368 τῇ
1826 1333 1848 1368 β’
1861 1335 1905 1360 αὖ-

1113 1377 1160 1405 τοῦ
1175 1378 1306 1405 ἀναϐάσει
1318 1378 1365 1405 τοῦ
1382 1380 1578 1414 πατριαρχείου
1590 1379 1636 1414 ἔτη
1654 1383 1700 1413 ιγ’.
1719 1380 1776 1406 Καὶ
1788 1380 1904 1414 εἰπετέοη

1113 1424 1144 1451 τὸ
1157 1425 1237 1460 σῶμα
1253 1425 1336 1452 αὐτοῦ
1351 1426 1381 1451 ὲν
1391 1426 1423 1460 τῇ
1440 1425 1487 1451 ὑπ’
1504 1425 1585 1452 αὑτοῦ
1604 1425 1749 1461 κτισθείσῃ
1769 1427 1837 1460 μονῇ
1855 1426 1905 1452 τῶν

1114 1469 1308 1506 Γαλακρηνῶν.
1329 1469 1478 1505 Αὐγούστῳ
1502 1470 1530 1496 δὲ
1553 1470 1617 1505 μηνὶ
1635 1470 1813 1505 πατριάρχης
1834 1469 1907 1496 καθί-

1116 1524 1211 1543 σταται
1227 1515 1363 1550 Στέφανος
1374 1515 1388 1542 6
1405 1516 1554 1551 Ἀμασείας
1565 1515 1768 1551 μητρπολίτης
1782 1515 1907 1550 εὐνοῦχος

1116 1562 1247 1597 ὑπάρχων
1256 1562 1290 1589 ’³.
1403 1563 1406 1565 ’

1148 1611 1206 1640 σις’.
1228 1607 1386 1644 Ὀκτωϐρίῳ
1396 1608 1423 1635 δὲ
1443 1608 1509 1643 μηνὶ
1523 1608 1727 1645 κατηγορηθεὶς
1742 1610 1757 1635 ό
1773 1609 1906 1644 μυστικὸς

1119 1654 1245 1688 Ἰωάννης
1270 1653 1318 1680 καὶ
1349 1654 1599 1690 παραδυναστεύων
1623 1655 1662 1686 ὡς
1690 1655 1739 1690 τῆς
1765 1652 1908 1689 pumicis;

1113 1700 1256 1734 ἐφιέμενος
1271 1700 1397 1736 ὑποθήκῃ
1414 1700 1461 1727 τοῦ
1479 1700 1625 1736 πατρικίου
1643 1701 1743 1736 Κοσμᾶ
1757 1701 1808 1728 καὶ
1830 1702 1907 1736 λογο-

1113 1746 1190 1773 θὲτου
1203 1746 1249 1773 τοῦ
1264 1747 1377 1782 δρόμου,
1395 1747 1438 1784 [Ρ.
1457 1747 1520 1783 582]
1541 1747 1658 1778 διδόντος
1671 1747 1711 1779 είς
1728 1749 1849 1782 γυναῖκα
1861 1749 1907 1782 τὴν

1113 1792 1249 1829 θυγατέρα
1267 1793 1351 1828 αὐτῷ.
1375 1794 1477 1820 Τούτου
1503 1793 1596 1820 ἕνεκεν
1619 1793 1842 1825 καταϐιϐάζεται
1860 1795 1905 1829 μὲν

1111 1838 1158 1864 τοῦ
1172 1838 1316 1873 παλατίου,
1341 1841 1525 1875 συγχωρεῖται
1545 1839 1573 1866 δὲ
1594 1839 1783 1875 προέρχεσθαι
1809 1839 1905 1874 καὶτῷ

1113 1884 1217 1919 βασιλεῖ
1231 1884 1410 1921 ἐξυπηρετεῖν
1424 1886 1471 1912 καὶ
1485 1886 1533 1913 σὺν
1543 1885 1617 1921 αὐτῷ
1628 1885 1658 1911 τὺ
1668 1884 1774 1919 ἀνῆκον
1784 1886 1905 1912 διοικεῖν·

1113 1930 1229 1966 στοργήν
1251 1931 1306 1966 γὰρ
1332 1932 1373 1958 ὅτι
1398 1931 1527 1967 πλείστην
1550 1932 1682 1967 ἐκέκτητο
1702 1933 1774 1966 πρὸς
1801 1933 1906 1958 autin/6

1113 1975 1238 2010 βασιλεὺς
1268 1976 1407 2012 Ῥωμανὺς
1427 1976 1464 2009 ὡς
1487 1978 1516 2004 ὲν
1543 1978 1626 2004 πᾶσιν
1641 1977 1724 2003 αὗτδν
1742 1976 1906 2012 θεραπεύειν

1111 2022 1270 2058 δυνάμενον,
1289 2024 1337 2050 καὶ
1350 2024 1450 2056 τελέως
1462 2023 1558 2050 τοῦτον
1573 2023 1740 2051 ἀπώσασθαι
1761 2024 1815 2050 οὐκ
1831 2023 1906 2058 {369-3-

1111 2068 1181 2096 λετο.
1206 2069 1265 2097 Τῶν
1288 2070 1450 2106 κατηγόρων
1473 2069 1519 2096 οὖν
1542 2070 1709 2103 ἐπειγόντων
1728 2069 1778 2095 ’τὸν
1798 2070 1907 2105 βασιλέα

1111 2116 1158 2142 καὶ
1172 2116 1245 2150 σαφῆ
1261 2116 1478 2142 ἀποδεικνύντων
1493 2116 1526 2143 τὰ
1547 2115 1777 2150 κατηγορημένα,
1799 2115 1908 2151 ἐρευνή-

1112 2171 1162 2194 σας
1176 2162 1189 2188 ό
1205 2162 1331 2197 βασιλεὺς
1344 2163 1392 2189 καὶ
1407 2162 1495 2198 ἀληθῆ
1509 2162 1595 2189 ταῦτα
1610 2160 1681 2189 εἶναι
1697 2160 1798 2197 μαθὼν
1816 2162 1906 2197 ἔμελλε

1073 2209 1206 2248 Βτοῦτον
1223 2209 1367 2244 κατασχὼν
1383 2209 1537 2240 ἀνετάζειν.
1559 2209 1589 2235 ’0
1616 2207 1644 2235 δὲ
1670 2208 1753 2234 τοῦτο
1774 2209 1908 2244 προγνοὺς

1114 2252 1212 2287 χρῆται
1227 2254 1310 2289 φυγῇ,
1329 2253 1376 2280 καὶ
1394 2253 1443 2288 τὴν
1455 2252 1665 2280 Μονοκάστανον
1681 2253 1846 2289 λεγομένην
1862 2263 1906 2280 κι-

1113 2297 1238 2324 ταλαϐὼν
1250 2298 1428 2333 ἀποκείρεται
1445 2300 1571 2334 μοναχός.
1586 2299 1711 2333 Πέφευγε
1725 2299 1756 2325 δὲ
1770 2300 1824 2325 καὶ
1837 2300 1906 2326 Κωνο

1113 2346 1252 2376 σταντῖνος
1267 2345 1281 2371 ὁ
1301 2345 1347 2371 τοῦ
1365 2343 1446 2371 Βοῒλα
1463 2346 1477 2372 6
1502 2345 1553 2379 τῆς
1568 2342 1722 2380 τραπέζης,
1744 2347 1850 2377 οἰκεῖος
1867 2345 1907 2370 καὶ

1114 2391 1191 2426 φίλος
1216 2390 1254 2418 ὢν
1276 2391 1360 2427 αὐτῷ,
1388 2392 1437 2418 καὶ
1461 2391 1506 2418 τὸν
1526 2392 1668 2427 Ὄλυμπον
1694 2391 1865 2419 καταλαϐὼν
1882 2389 1906 2416 ιδ

1116 2437 1260 2472 μοναχικὺν
1282 2437 1329 2463 καὶ
1350 2437 1431 2468 αὐτὸς
1456 2435 1503 2463 ἆτε
1522 2435 1686 2472 συμμύστης
1702 2436 1842 2471 ὑπάρχων
1865 2433 1904 2461 τοῦ

1116 2483 1247 2519 μυστικοῦ
1264 2483 1312 2510 καὶ
1336 2483 1390 2510 τῶν
1405 2484 1572 2519 ἀπορρήτων
1591 2482 1675 2510 αὑτοῦ
1696 2483 1843 2513 κοινωνός.
1861 2481 1904 2507 Τὸν

1113 2529 1143 2556 δὲ
1158 2529 1302 2565 πατρίκιον
1318 2530 1432 2565 Κοσμᾶν
1445 2530 1474 2556 ἐν
1493 2529 1533 2564 τῷ
1549 2528 1690 2564 ὡρολογίῳ
1708 2527 1759 2555 τοῦ
1778 2527 1902 2555 παλατέον

1113 2575 1200 2610 τύψας
1212 2576 1226 2602 ὃ
1241 2574 1368 2611 βασιλεὺς
1377 2575 1521 2608 διεδέξατο.
1538 2574 1727 2610 Προϐἀλλεται
1744 2574 1774 2600 δὲ
1791 2574 1852 2600 ἀντῖ
1863 2570 1902 2598 τοῦ

1115 2622 1247 2657 μυστικοῦ
1270 2622 1392 2649 Ἰωάννου
1409 2621 1548 2658 Θεοφάνην
1566 2620 1854 2656 παραδυναστεύοντα.

917 2813 1035 2841 VARUS
1052 2809 1259 2840 LECTIONES.

330 2862 353 2880 "
367 2862 521 2897 σημειωσαι
535 2863 573 2889 ὅτι
591 2861 700 2896 ἐγένετο
716 2860 763 2888 καὶ
775 2860 902 2895 εὐνοῦχος
918 2860 1103 2895 πατριάρχης.
1120 2865 1213 2894 margo
1226 2856 1257 2884 P.
