3996 6208
227 252 333 315 9ύό

1320 247 1519 309 νιτΑῑ
1560 244 2126 309 RECENTIORUM
2168 249 2372 310 lMPP.

3378 266 3485 329 966

293 358 401 425 κζ’.
455 358 702 428 Ἐγένετο
750 358 802 413 δι
853 357 1155 437 τηνικαῦτα
1196 359 1290 413 καὶ
1327 361 1551 431 σεισμὸς
1590 360 1820 431 φοϐερὸς

1995 360 2086 415 97.
2143 361 2257 419 Sub
2310 363 2367 419 id
2402 372 2621 436 tempus
2668 368 2983 426 horrendus
3029 372 3086 429 iu
3147 374 3507 435 Thracesium

222 458 278 508 tv
317 453 395 525 τῷ
421 452 529 506 τῶν
566 451 891 523 Θρᾳκησίων
925 451 1142 521 θέματι,
1184 453 1278 506 καὶ
1314 454 1500 524 χάσμα
1532 456 1635 525 γῆς
1670 454 1813 525 μέγα

221 544 684 614 καταπληκτικὸν,
741 544 879 597 ὥστε
917 543 1087 597 πολλὰ
1151 546 1325 616 χωρία
1376 546 1470 599 καὶ
1514 547 1811 619 ἐκκλησίας

223 636 629 707 καταποθῆναι.

192 712 203 830 ᾖ
292 725 399 800 κη’.
431 729 592 799 Μαΐῳ
620 729 677 782 δὲ
709 729 839 799 μηνὶ
870 724 974 792 κζ’,
1030 727 1363 791 ἰνδικτιῶνος
1397 726 1482 794 ιε’,
1525 729 1754 801 Συμεὼν
1781 732 1810 784 6

219 824 405 897 ἄρχων
433 823 774 895 Βουλγαρίας
824 822 1201 894 ἐτελεύτησεν,
1243 824 1452 895 Πέτρον
1492 826 1606 879 υἱὸν
1634 824 1807 880 αὐτοῦ

222 916 629 987 προϐαλόμενος
678 916 934 986 ἄρχοντα,
984 915 1044 970 ὃν
1076 918 1141 971 ἐκ
1178 918 1277 988 τῆς
1326 917 1589 988 δευτέρας
1643 916 1809 971 αὐτοῦ

222 1011 349 1081 εσχε
382 1010 669 1079 γυναικὸς,
703 1011 801 1079 τῆς
831 1009 1068 1079 ἀδελφῆς
1097 1010 1375 1080 Γεωργίου
1414 1012 1508 1065 τοῦ
1540 1012 1810 1080 Σουρσου-

226 1102 415 1171 δούλη,
436 1100 495 1154 ὃν
519 1102 614 1155 καὶ
642 1100 938 1173 ἐπίτροπον
967 1104 1078 1167 τοῖς
1097 1104 1289 1157 ἑαυτοῦ
1320 1106 1509 1158 παισὶν
1537 1107 1565 1158 6
1584 1106 1812 1176 Συμεὼν

224 1192 643 1247 καταλέλοιπεν.
691 1193 913 1265 Μιχαὴλ
960 1193 1017 1246 δὲ
1062 1195 1127 1247 ἐκ
1156 1195 1255 1264 τῆς
1314 1197 1587 1266 προτέρας
1642 1197 1809 1251 αὑτοῦ

224 1285 518 1357 γενόμενον
564 1286 824 1354 γυναικὸς
854 1286 1114 1358 ἀπέκειρε
1163 1289 1418 1359 μοναχόν.
1457 1290 1710 1361 Ἰωάννης
1751 1291 1809 1346 δι

223 1380 316 1433 καὶ
338 1377 607 1450 Βενιαμὶν
654 1379 705 1433 οἰ
739 1379 834 1432 τοῦ
870 1380 1080 1450 Πέτρου
1122 1379 1341 1451 ἀδελφοὶ
1376 1381 1457 1436 ἔτι
1496 1383 1656 1455 στολῇ
1687 1386 1809 1438 ἑκο-

224 1472 462 1543 σμοῢντο
480 1472 845 1543 Βουλγαρικῇ.

301 1564 405 1621 κδ’.
444 1567 524 1620 Τά
560 1566 744 1637 κύκλῳ
767 1566 859 1621 οὖν
889 1568 1017 1639 ἔθνη
1042 1568 1140 1640 τὴν
1169 1569 1264 1623 τοῦ
1288 1571 1516 1640 Συμεὼν
1544 1573 1811 1644 μαθόντες

222 1658 502 1729 τελευτὴν,
552 1657 608 1711 οἵ
652 1675 712 1711 τε
758 1660 1051 1729 Χρωὸάτοι
1086 1663 1180 1716 καὶ
1225 1663 1275 1717 oi
1326 1663 1525 1730 λοιποὶ,
1573 1667 1809 1737 ἐκστρα-

224 1750 405 1803 τεύειν
438 1726 596 1805 ⁷κατὰ
644 1726 970 1821 Βουλγοὶρων
1019 1753 1322 1811 ἐϐούλοντο.
1375 1726 1553 1827 Λιμοῦ
1605 1758 1661 1811 δὲ
1713 1726 1811 1813 σὺν
1848 1726 1891 1787 B

225 1843 415 1915 ἀκρίσι
445 1843 503 1896 τὸ
534 1843 904 1914 Βουλγαρικὸν
946 1844 1099 1909 ἔθνος
1150 1850 1390 1919 ἰσχυρῶς
1437 1851 1809 1916 ὲκπιέζοντος,

226 1937 501 1991 ἐδεδίεσαν
528 1937 628 2009 μὲν
658 1938 752 1990 καὶ
785 1937 893 1991 τῶν
923 1938 1099 1992 ἄλλων
1126 1940 1296 1994 ἐθνῶν
1325 1942 1426 2013 τὴν
1457 1942 1670 2011 ἔφοδον,
1696 1944 1814 1997 ἐδει-

225 2030 412 2083 δίεσαν
453 2030 510 2083 δὲ
552 2029 715 2084 πλέον
755 2030 848 2084 καὶ
887 2032 987 2103 τὴν
1014 2032 1127 2091 ιτῶν
1175 2033 1463 2104 Ῥωμαίων
1504 2037 1811 2094 ἑπέλευσιν.

229 2121 435 2193 Βουλὴν
487 2118 580 2177 οὖν
609 2125 971 2193 ποιησάμενοι
1025 2128 1168 2181 κατὰ
1231 2129 1523 2200 Ῥωμαίων
1578 2133 1814 2203 ἐκστρα-

224 2216 502 2282 τεύουσιν,
536 2217 628 2269 καὶ
657 2219 713 2270 ὲν
739 2219 1052 2291 Μακεδονίᾳ
1081 2222 1617 2293 καταλαμϐάνουσιν.
1644 2227 1814 2281 Φόϐον

226 2309 340 2371 οὖν,
378 2312 452 2375 ὡς
494 2311 665 2376 εἰκὸς,
694 2314 807 2376 τοῖς
840 2314 1137 2384 Ῥωμαίοις
1172 2317 1589 2389 ὲμποιήσοντες,
1622 2320 1815 2374 ἔπειτα

230 2402 497 2473 μαθόντες
523 2404 604 2455 ὅτι
649 2404 833 2473 μέλλει
862 2406 984 2459 κατ’
1018 2408 1203 2461 αὐτῶν
1239 2409 1630 2481 ἐκστρατεύειν
1656 2415 1687 2466 6
1718 2413 1815 2483 βα-

229 2496 436 2559 σιλεὺς,
489 2497 878 2551 ἀποστέλλουσι
909 2500 1115 2570 Πέτρος
1158 2518 1219 2554 τε
1256 2503 1352 2555 καὶ
1381 2504 1651 2575 Γεώργιος
1683 2522 1816 2575 κρυ-

227 2589 369 2655 φίως
400 2589 521 2641 τινά
549 2590 782 2660 μοναχὸν
814 2592 1130 2662 Καλοκῦριν
1158 2592 1584 2663 ὀνομαζόμενον,
1620 2596 1701 2665 τῷ
1724 2596 1819 2664 γέο

223 2699 310 2737 νει
355 2684 736 2754 ’Δρμενιακδν,
765 2685 1187 2755 χρυσοῦούλλιον
1212 2687 1299 2758 [Ρ.
1328 2686 1459 2758 585]
1482 2690 1821 2759 ἐπιφερόμε-

224 2794 318 2830 νον
342 2777 403 2832 ⁸⁵.
446 2778 746 2849 Διηγὸρευε
774 2779 831 2831 δὲ
871 2779 939 2831 τὰ
981 2780 1040 2832 ὲν
1074 2779 1224 2850 αὐτῷ
1267 2779 1345 2843 ὡς
1377 2780 1478 2852 τὴν
1510 2782 1651 2851 μετὰ
1687 2781 1822 2835 Ῥω·

228 2872 410 2941 μαίων
437 2873 662 2943 εἰρήνην
693 2871 1034 2935 ἀσπάζονται
1064 2874 1160 2927 καὶ
1187 2874 1464 2945 πρόθυμοι
1489 2876 1665 2948 ταύτῃ
1698 2892 1823 2944 συν-τ

223 2966 422 3018 θέσθαι
444 2964 608 3028 εἰσὶν,
640 2965 699 3018 οὐ
743 2966 906 3035 μόνον
931 2966 990 3020 δὲ
1030 2968 1165 3034 ἀλλ’,
1212 2966 1266 3021 εί
1286 2985 1351 3038 γε
1393 2968 1696 3039 βούλονται,
1722 2970 1819 3024 καὶ

220 3058 472 3128 γαμικὸν
501 3056 731 3125 ποιῆσαι
762 3056 1144 3127 συνάλλαγμα.

307 3229 378 3285 λ’.
410 3231 514 3283 Τὸν
541 3230 785 3285 τοιοῦτον
817 3228 915 3286 οὖν
945 3234 1182 3304 μοναχὸν
1213 3237 1240 3289 ὁ
1271 3236 1526 3305 βασιλεὺς
1556 3241 1824 3306 ἀποδεξά-

226 3338 401 3393 μενος
426 3322 827 3388 ἀσμενέστατα,
860 3324 1107 3394 παρευθὺ
1132 3326 1423 3381 ἀπέστειλε
1451 3331 1588 3399 μετὰ
1615 3331 1825 3401 δρόμω-

224 3428 327 3473 νος
359 3412 413 3462 ἐν
443 3412 778 3484 Μεσημϐρίᾳ
801 3414 892 3466 τὸν
923 3416 1160 3486 μοναχὸν
1196 3417 1477 3473 Θεοδόσιον
1502 3422 1593 3474 τὸν
1634 3423 1826 3477 Ἀδού-

222 3522 341 3573 κην
375 3506 469 3555 καὶ
511 3507 921 3561 Κωνσταντῖνον
957 3508 1240 3576 βασιλικὸν
1277 3512 1542 3582 κληρικὸν
1578 3516 1670 3567 τὸν
1711 3517 1827 3569 Ῥό-

224 3597 373 3657 διον.
425 3595 495 3648 τὰ
541 3597 623 3660 εἰς
673 3600 897 3669 εἰρήνην
949 3601 1287 3671 συλλαλῆσαι
1311 3609 1423 3668 τοῖς
1470 3607 1822 3679 Βουλγάροις.

227 3689 302 3741 Οἱ
338 3686 396 3741 δὲ
440 3691 874 3759 παραγενόμενοι
906 3686 1008 3745 καὶ
1051 3695 1120 3746 τὰ
1166 3699 1352 3749 εἰκότα
1389 3698 1826 3770 συλλαλήσαντες

228 3780 465 3849 ἐξῆλθον
513 3780 629 3850 ἅμα
677 3785 935 3856 Στεφάνῳ
971 3786 1267 3860 Βουλγάρῳ
1309 3792 1395 3846 διὰ
1439 3792 1631 3865 ξηρᾶς.
1667 3798 1826 3851 Ὀπι-

229 3871 368 3927 σθεν
393 3874 449 3926 δὲ
474 3874 657 3928 αὐτῶν
682 3878 946 3931 κατέλαῦε
976 3880 1069 3933 καὶ
1096 3881 1370 3952 Γεώργιος
1395 3888 1421 3937 6
1452 3887 1823 3958 Σουρσούϐου-

225 3965 349 4029 λος.
384 3966 493 4019 Καὶ
526 3969 967 4040 παραγενόμενοι
1018 3973 1075 4024 ἐν
1124 3974 1701 4032 Κωνσταντινουπόλει
1726 3983 1827 4051 τὴν

228 4060 463 4129 εἰρήνην
491 4060 840 4131 ἐποιήσαντο,
865 4062 960 4118 καὶ
996 4065 1353 4135 συνάλλαγμα
1382 4071 1519 4137 μετὰ
1548 4071 1642 4123 τοῦ
1672 4072 1829 4141 βασι-

229 4150 375 4212 λέως
398 4150 622 4219 ποιῆσαι
652 4153 946 4224 ᾐτήσαντο.
980 4155 1319 4227 Θεασάμενοι
1342 4158 1397 4212 δὲ
1426 4162 1523 4230 τὴν
1551 4160 1829 4232 θυγατέρα

227 4244 282 4299 Χ
294 4244 614 4315 ριστοφόρου
627 4246 850 4316 Μαρίαν
864 4248 958 4301 καὶ
975 4250 1227 4318 μεγάλως
1243 4251 1329 4303 ἐπ’
1344 4252 1480 4322 αὐτῇ
1506 4254 1829 4323 ἀρεσθέντες

229 4333 485 4405 ἔγραψαν
505 4334 582 4405 τῷ
596 4338 788 4409 Πέτρῳ
806 4339 891 4393 διὰ
905 4339 1101 4410 τάχους
1117 4344 1544 4412 παραγενέσθαι,
1561 4344 1830 4415 σύμφωνα

1920 453 2165 509 themate
2192 454 2407 510 exstitit
2432 464 2593 512 terra:
2626 468 2830 526 motus,
2871 460 3175 535 ingensque
3206 481 3270 522 ac
3306 470 3509 525 terrifi-

1919 564 2019 606 cus
2054 558 2215 605 terra:
2260 550 2464 641 hiatus,
2512 552 2586 607 ita
2622 561 2681 607 ut
2720 554 2878 624 plura
2926 558 3133 626 praedia
3165 568 3224 616 et
3255 564 3508 621 ecclesiae

1919 655 2044 696 cum
2086 641 2409 697 hominibus
2442 644 2700 715 absorpta
2728 646 2858 701 sint.

1986 734 2155 807 904
2180 735 2270 790 28.
2327 734 2453 789 Maii
2482 738 2691 792 mensis
2736 740 3005 809 vigesima
3058 742 3311 811 septima,
3363 744 3510 798 indi-

1919 825 2102 881 ctione
2135 826 2329 896 quinta
2371 826 2607 893 decima,
2658 832 2897 885 moritur
2951 831 3190 904 Syrneon
3239 834 3507 904 Bulgaria:

1917 917 2197 989 princeps,
2235 919 2464 974 Petrum
2508 920 2683 975 filium
2722 938 2906 990 suum,
2940 940 3105 994 quem
3150 941 3218 980 ex
3263 927 3506 982 secunda

1919 1027 2091 1066 uxore
2124 1026 2224 1068 sua
2257 1013 2586 1069 Sursubulis
2625 1029 2817 1070 sorore
2859 1018 3160 1072 sustulerat
3198 1018 3506 1088 praeﬁciens

1918 1105 2244 1175 principem,
2290 1122 2454 1176 quem
2500 1118 2556 1162 et
2586 1106 2946 1163 Sursubulem
2991 1110 3229 1182 Symeon
3275 1127 3503 1167 suorum

1918 1196 2226 1252 liberorum
2279 1198 2507 1268 scripsit
2564 1207 2824 1254 tutorem.
2859 1201 3181 1257 Michaelem
3224 1217 3290 1256 ex
3320 1204 3507 1273 priore

1920 1304 2094 1344 uxore
2126 1297 2444 1359 susceptura
2472 1289 2727 1346 detondit
2755 1292 3088 1347 monachum
3130 1310 3144 1346 :
3175 1292 3419 1348 Joannes
3447 1299 3504 1348 et

1916 1381 2203 1452 Beniamin
2235 1382 2383 1438 Petri
2412 1383 2617 1438 fratres
2652 1383 2835 1451 adhuc
2877 1385 3146 1455 Bulgariae
3171 1385 3310 1440 stola
3340 1399 3505 1441 orna-

1916 1474 2142 1530 bantur.

1987 1563 2081 1619 29.
2132 1563 2557 1623 Circumvicinae
2601 1567 2768 1638 igitur
2826 1576 3060 1638 gentes,
3114 1577 3233 1623 tum
3291 1568 3507 1625 scilicet

1917 1656 2186 1712 Cbrobati
2217 1669 2330 1713 tum
2370 1660 2594 1730 reliqui,
2620 1661 2809 1715 audita
2843 1660 3135 1731 Symeonis
3157 1669 3334 1715 morte
3373 1661 3506 1716 Bul-

1917 1767 2082 1822 garos
2128 1752 2276 1807 bello
2309 1754 2588 1809 incessere
2627 1755 2964 1810 statuebant.
3021 1755 3183 1810 Fame
3219 1770 3352 1810 vero
3381 1769 3506 1811 cum

1918 1844 2129 1916 ingenti
2161 1846 2511 1901 locustarum
2534 1847 2693 1917 copia
2733 1848 3096 1919 Bulgarorum
3130 1858 3347 1918 gentem
3377 1863 3507 1919 gra-

1916 1940 2060 1994 viter
2082 1951 2391 2009 premente,
2427 1956 2554 1994 cum
2597 1939 2829 1995 aliarum
2860 1942 3105 2011 gentium
3142 1942 3507 2011 irruptionem

1916 2032 2313 2095 formidabant,
2352 2042 2468 2087 tum
2498 2034 2776 2103 pmcipue
2810 2034 3189 2089 Romanorum
3221 2035 3273 2087 in
3311 2049 3371 2088 se
3399 2034 3509 2088 im-

1914 2135 2103 2195 petum
2135 2127 2479 2182 metuebant.
2515 2126 2714 2181 Secum
2767 2127 2953 2198 itaque
2998 2126 3377 2182 deliberantes
3403 2125 3504 2181 ad-

1914 2236 2113 2275 versus
2162 2220 2443 2274 Romanos
2480 2219 2670 2289 copias
2716 2219 2985 2285 educunt,
3027 2234 3091 2275 ac
3129 2219 3507 2275 Macedoniam

1916 2312 2132 2368 infestis
2166 2312 2341 2383 signis
2366 2320 2585 2382 petunt,
2618 2312 2900 2372 Romanis,
2954 2320 3016 2365 ut
3062 2326 3163 2379 par
3205 2318 3313 2374 est,
3344 2310 3509 2364 incu-

1917 2407 2121 2460 tientes
2147 2414 2377 2459 metum.
2412 2404 2552 2457 Tum
2581 2404 2675 2457 ubi
2697 2404 2947 2457 didicere
2974 2402 3093 2458 fore
3123 2410 3183 2456 ut
3208 2403 3509 2472 imperator

1918 2499 2205 2557 Romanus
2257 2497 2315 2550 in
2357 2511 2455 2551 eos
2502 2502 2747 2549 verteret
2799 2496 3091 2562 impetum,
3146 2509 3253 2548 una
3310 2495 3510 2551 Petrus

1918 2590 2298 2660 Gcorgiusquc
2340 2590 2676 2644 monachum
2719 2589 3010 2659 quemdam
3057 2588 3365 2659 Calocyriin
3402 2605 3509 2644 no-

1921 2684 2090 2747 mine,
2123 2697 2328 2753 genere
2352 2682 2763 2745 Armeniacum,
2787 2695 2955 2735 aurea
2986 2680 3323 2735 instructum
3359 2680 3508 2736 bulla

1919 2775 2137 2830 occulte
2180 2776 2431 2831 mittunt.
2479 2775 2649 2829 Bulla:
2698 2783 2856 2829 tenor
2895 2772 2987 2826 hic
3035 2780 3177 2837 erat,
3208 2787 3399 2842 pacem
3448 2788 3512 2846 se,

1921 2867 2177 2938 amplecti
2214 2883 2341 2923 cum
2387 2858 2683 2933 Romanis,
2733 2874 2790 2921 et
2837 2872 2900 2919 ut
2951 2865 3099 2919 illam
3149 2873 3506 2934 componant,

1922 2963 2193 3032 promptis
2231 2962 2433 3018 animis
2467 2977 2624 3027 esse;
2658 2975 2838 3030 neque
2866 2958 2921 3013 id
2959 2958 3144 3025 modo,
3177 2959 3271 3014 sed
3311 2966 3368 3013 et
3404 2974 3508 3012 nu-

1847 3070 1895 3130 c
1924 3057 2163 3125 ptiarum
2195 3055 2425 3121 foedera,
2469 3055 2601 3110 dum
2632 3054 2741 3109 illis
2770 3053 3050 3118 adlubeat,
3092 3068 3218 3106 cum
3245 3051 3510 3108 Romanis

1924 3165 1985 3205 se
2007 3164 2130 3205 esse
2159 3149 2420 3203 inituros.

1992 3241 2081 3295 50.
2114 3241 2437 3295 istiusmodi
2476 3240 2662 3309 itaque
2711 3239 2984 3293 monacho
3018 3236 3392 3308 placidissime
3419 3252 3511 3293 re-

1924 3343 2108 3401 cepto,
2172 3332 2436 3385 continuo
2488 3332 2796 3399 imperator
2844 3328 3219 3383 Theodosium
3265 3328 3513 3384 Abucem

1925 3422 2260 3477 monachum
2291 3421 2453 3491 905
2480 3429 2535 3475 et
2568 3419 2991 3475 Constantinum
3023 3418 3323 3482 Rhodium,
3350 3419 3514 3475 cleri-

1926 3530 2052 3569 cum
2115 3514 2444 3584 palatinum,
2504 3527 2628 3567 cum
2682 3511 2934 3581 Bulgaris
2972 3510 3027 3563 in
3067 3507 3393 3563 Mesembria
3442 3502 3513 3558 de

1926 3619 2059 3675 pace
2116 3605 2493 3658 collocuturos
2542 3602 2747 3656 emisit.
2808 3601 2912 3667 Qui
2951 3615 3076 3653 cum
3126 3600 3407 3653 venissent
3449 3611 3515 3651 ac

1926 3696 2201 3765 colloquio
2247 3694 2437 3748 habito
2486 3708 2602 3748 rem
2640 3692 2927 3747 commode
2963 3698 3313 3755 tractassem,
3366 3698 3515 3743 terra

1926 3788 2033 3843 iter
2082 3788 2351 3842 habentes
2390 3788 2556 3840 Petro
2602 3785 2839 3855 Bulgaro
2894 3785 3002 3839 illis
3035 3784 3237 3838 comite
3273 3781 3517 3836 rediere.

1928 3881 2058 3936 Post
2112 3881 2214 3933 hos
2257 3880 2423 3933 etiam
2473 3877 2746 3946 Georgius
2797 3875 3144 3929 Sursubulus
3180 3874 3516 3928 subsecutus

1929 3982 2050 4038 est;
2089 3987 2324 4040 cumque
2366 3971 2422 4025 in
2470 3970 2662 4025 urbem
2698 3969 3000 4033 venissent,
3042 3982 3233 4037 pacem
3266 3967 3516 4019 inierunt

1930 4081 1995 4121 ac
2024 4079 2148 4119 cum
2176 4066 2508 4134 imperatore
2536 4064 2738 4134 pacisci
2768 4062 3071 4131 petierunt.
3098 4061 3516 4128 ConSpectaque

1931 4158 2099 4213 Maria
2129 4157 2519 4227 Christophori
2558 4155 2942 4225 lilia,ejusquc
2993 4152 3291 4223 plurimum
3333 4150 3516 4219 specie

1931 4251 2220 4324 formaque
2251 4250 2535 4315 Oblectati,
2574 4250 2759 4313 Petro,
2800 4257 2860 4302 ut
2903 4262 3068 4317 quam
3107 4245 3397 4301 celerrime
3424 4259 3519 4297 ve-

1932 4346 2102 4410 niret,
2136 4346 2431 4416 scripsere,
2468 4359 2593 4401 cum
2642 4343 2791 4397 initae
2838 4341 2990 4412 pacis
3036 4350 3194 4411 pacta
3226 4350 3353 4395 ante
3385 4353 3517 4409 per-

230 4433 569 4496 ποιήσαντες
605 4431 874 4503 πρότερον
923 4433 1055 4502 περὶ
1095 4432 1195 4502 τῆς
1238 4436 1527 4502 γεγονυίας
1578 4438 1820 4509 εἰρήνης.

1935 4439 2253 4494 cussissent.

313 4519 415 4575 λα’.
467 4523 770 4594 Ἀπεστάλη
806 4524 862 4576 δὲ
895 4524 1144 4596 Νικήτας
1182 4525 1480 4597 μάγιστρος
1514 4529 1543 4581 6
1576 4533 1825 4600 συμπέν-

232 4617 403 4685 θερος
447 4615 728 4687 Ῥωμανοῢ
781 4615 1047 4687 βασιλέως
1097 4619 1405 4688 ὑπαντῆσαι
1457 4622 1552 4675 καί
1597 4622 1826 4692 ἀγαγεῖν

238 4710 454 4780 Πέτρον
495 4709 659 4779 μέχρι
705 4709 806 4779 τῆς
840 4709 1068 4773 πόλεως.
1100 4710 1207 4763 Τοῦ
1250 4711 1562 4783 Βουλγάρου
1597 4712 1691 4770 οὖν
1728 4718 1835 4770 Πέ-

232 4817 375 4869 τρου
422 4802 846 4867 καταλαϐόντος,
888 4808 1151 4876 τριήρους
1189 4807 1217 4859 6
1255 4805 1513 4876 βασιλεὺς
1553 4809 1833 4879 Ῥωμανὸς

226 4892 443 4955 ἐπιϐάς
463 4896 521 4946 ὲν
553 4893 882 4966 Βλαχὲρναις
911 4898 1247 4966 παρεγένετο
1279 4901 1374 4954 καὶ
1402 4902 1495 4955 τὸν
1531 4901 1736 4973 Πέτρον
1756 4903 1831 4968 ὼς

231 4987 409 5040 αὐτὸν
462 4987 799 5057 ἀφικόμενον
854 4989 1119 5044 ἐθεάσατό
1162 5008 1223 5046 τε
1273 4993 1368 5047 καὶ
1417 4995 1827 5065 κατησπάσατο.

249 5078 411 5132 Ἐπεὶ
438 5078 494 5133 δὲ
527 5080 778 5150 ἀλλήλοις
821 5080 887 5135 τὰ
913 5083 1105 5136 εἰκότα
1147 5085 1556 5157 συνωμίλησαν,
1588 5088 1832 5160 ύπογρὰι

238 5189 443 5240 φονται
468 5173 539 5226 τά
580 5190 640 5226 τε
688 5174 957 5243 σύμφωνα
1007 5175 1109 5245 τῆς
1141 5178 1367 5249 εἰρήνης
1398 5180 1494 5233 καὶ
1518 5180 1586 5233 τὰ
1616 5185 1833 5252 γαμικὰ.

241 5265 701 5337 συναλλάγματα,
759 5269 1191 5338 μεσολαϐοὖντος
1219 5273 1280 5325 ἐν
1317 5273 1526 5337 τούτοις
1570 5276 1664 5327 καὶ
1709 5293 1835 5328 συν-

240 5363 392 5433 εχῶς
444 5363 848 5428 διευθετοῦντος
893 5365 962 5417 τὰ
1021 5366 1226 5434 μεταξὺ
1283 5365 1572 5437 Ῥωμαίων
1625 5386 1683 5421 τε
1737 5372 1833 5423 καὶ

244 5456 577 5526 Βουλγάρων
601 5457 697 5510 τοῦ
729 5456 1235 5528 πρωτοῆεστιαρίου
1261 5458 1589 5526 Θεοφάνους.

319 5543 421 5618 λβ¹.
470 5547 665 5617 Ὸγδόῃ
708 5545 764 5598 δὲ
809 5544 903 5599 τοῦ
948 5544 1280 5616 Ὀκτωόρίου
1330 5546 1498 5616 μηνὸς
1535 5546 1759 5616 ἐξῆλθεν
1800 5550 1829 5601 6

2005 4532 2096 4585 '51.
2123 4531 2321 4585 Missus
2351 4544 2483 4584 vero
2512 4538 2596 4585 est
2627 4537 2683 4584 et
2710 4528 2929 4583 Nicetes
2965 4527 3249 4597 magister,
3282 4523 3519 4580 Romani

1937 4624 2292 4695 imperatoris
2343 4637 2631 4685 consocer,
2669 4621 2765 4691 qni
2807 4619 3026 4674 obviam
3061 4618 3167 4673 iret
3196 4634 3261 4672 ac
3292 4618 3519 4673 Petrum

1931 4717 2000 4771 ad
2041 4717 2235 4769 urbem
2290 4728 2465 4783 usque
2495 4713 2747 4768 duceret.
2783 4714 2980 4766 Petrus
3026 4712 3212 4781 itaque
3254 4709 3522 4780 Bulgnrus

1932 4827 2061 4867 cum
2108 4808 2374 4869 venisset,
2426 4822 2727 4862 conscensa
2779 4805 3064 4860 Romanus
3094 4806 3392 4873 imperator
3422 4802 3523 4857 tri-

1940 4920 2095 4959 reme
2113 4903 2446 4957 Blaehernas
2475 4900 2631 4971 petit,
2662 4915 2725 4955 ac
2758 4899 2832 4954 ibi
2858 4900 3081 4954 Petrum
3113 4897 3176 4951 ad
3207 4912 3265 4951 se
3296 4893 3526 4950 venien-

1942 5006 2051 5051 tem
2101 5004 2159 5051 et
2188 4994 2329 5049 vidit
2376 5002 2432 5049 et
2465 4992 2656 5048 osculo
2694 4991 2972 5047 salutavit.
3005 4989 3158 5043 Inter
3191 5002 3251 5044 se
3291 5002 3425 5042 vero
3457 4986 3525 5040 de

1944 5088 2309 5160 praesentibus
2355 5087 2593 5157 negotiis
2645 5085 2970 5149 collocutis,
3024 5079 3528 5151 subscriptionibu‘s

1944 5183 2157 5237 munita
2195 5188 2422 5251 ralaque
2457 5180 2646 5236 habita
2676 5178 2826 5249 pacis
2852 5177 3062 5249 pariter
3092 5174 3525 5245 nuptiarumque

1946 5272 2179 5338 foedera,
2197 5272 2535 5342 Theophane
2555 5269 2979 5343 protovestiarip
3011 5267 3067 5321 in
3091 5264 3347 5320 omnibus
3369 5262 3526 5333 quasi

1944 5373 2253 5436 sequestro,
2288 5380 2352 5419 ac
2391 5366 2625 5420 solerter
2653 5364 2933 5419 Romanos
2976 5363 3120 5416 inter
3150 5360 3523 5432 Bulgarosque

1941 5459 2223 5529 negotium
2260 5458 2473 5527 dirigen
2483 5469 2554 5513 te.

2011 5550 2100 5604 52.
2136 5550 2345 5606 Octavo
2386 5562 2571 5607 autem
2613 5552 2819 5609 mensis
2841 5551 3095 5609 Octobris
3138 5566 3391 5623 egressus
3424 5566 3520 5620 pa-

1545 5654 1777 5722 vamAa
1820 5668 2221 5724 LECTIONES.

313 5762 356 5793 “
380 5760 459 5812 ὅτι
485 5760 575 5813 καὶ
608 5760 656 5811 ol
691 5757 988 5829 Βούλγαροι
1017 5760 1155 5830 μετά
1180 5761 1486 5831 χρυσαφίον
1523 5762 1847 5821 ὲόούλλυναν
1878 5767 1974 5830 τὰς
1998 5767 2239 5838 γραᾳάς,
2276 5782 2462 5839 margo
2498 5769 2556 5830 Ρ,
