3996 6208
271 301 380 364 969

1373 303 1570 366 νιτΑι
1603 301 2156 363 RECENTIOHUM
2198 305 2398 368 IMPP.

3428 317 3534 379 970

262 430 325 467 τι
347 409 669 484 δομέστικος
691 413 798 468 τῶν
823 413 1028 485 σχολῶν
1056 414 1307 486 Ἰωάννης
1329 417 1356 468 ό
1379 416 1627 486 Κροκόας
1649 415 1692 447 ⁵⁷
1712 413 1838 484 μετὰ

1957 415 2060 470 bus
2086 426 2143 472 et
2170 416 2500 489 legionibus,
2545 421 2841 491 Meliasque
2890 425 3167 480 Armeniis
3222 427 3533 497 praefectus.

262 502 446 562 τῶνθε
455 505 644 577 μάτων
667 508 762 561 καὶ
791 509 901 560 τῶν
925 510 1226 579 ταγμάτων
1240 510 1332 562 καὶ
1363 512 1390 562 ὁ
1423 511 1636 581 Μηλίας
1652 511 1697 542 ³⁸
1714 511 1851 581 μετὰ

260 598 374 651 τῶν
397 597 719 668 Ἀρμενίων,
753 599 850 652 καὶ
880 598 1084 663 πολλὰς
1133 602 1415 672 προνομὰς
1453 602 1574 655 καθ’
1611 603 1850 672 ἐκάστην

265 691 606 761 ποιούμενοι,
641 694 734 745 καὶ
760 697 884 756 ταῖς
906 693 1191 764 συνεχέσιν
1219 696 1544 766 ἐπιδρομαῖς
1570 695 1852 768 αἰχμαλω-

262 783 508 847 τίζοντες
525 783 746 847 τούτους
771 785 866 839 καὶ
892 784 1188 854 ληῑςοντες,
1207 787 1288 850 είς
1303 787 1572 858 τοσαύτην
1591 789 1851 842 στένωσιν

265 876 365 947 τὴν
413 876 721 948 Μελιτηνὴν
766 878 1136 949 περιέστησαν
1186 879 1273 950 [Ρ.
1311 880 1440 950 585]
1477 880 1619 934 ὥστε
1679 880 1850 951 αὐτὴν

267 966 656 1037 συντομώτατα
671 969 1012 1039 ἐκπορθῆσαι
1040 971 1134 1023 καὶ
1153 970 1259 1033 ἕως
1285 971 1517 1041 ἐδάφους
1544 973 1851 1042 καταστρὲ-

263 1060 386 1129 ψαι,
409 1057 470 1112 σύ
506 1059 668 1130 μόνον
690 1059 746 1113 δὲ
777 1060 1004 1131 ταύτην,
1037 1062 1174 1116 ἀλλὰ
1204 1063 1299 1116 καὶ
1333 1063 1434 1127 τὰς
1454 1063 1688 1134 ὁμόρους
1708 1065 1846 1135 αὐτῇ

265 1152 453 1216 πόλεις
479 1153 574 1205 καὶ
597 1153 783 1226 χώρας
813 1154 1149 1226 πολυφόρους
1179 1174 1241 1209 τε
1272 1157 1438 1221 οὔσας
1460 1157 1556 1210 καὶ
1588 1158 1850 1220 πιοτάτας

264 1247 358 1301 καὶ
389 1245 555 1309 ἄλλας
579 1247 630 1278 ⁵⁸·
652 1245 855 1310 πολλάς
875 1248 1134 1319 παρέχειν
1163 1248 1479 1320 προσόδους.
1513 1247 1731 1317 Ταύτην
1757 1246 1849 1302 οὖν

261 1338 362 1407 τὴν
383 1338 429 1369 ⁶⁰
477 1335 790 1408 Μελιτηνὴν
837 1339 918 1401 είς
951 1339 1336 1409 κουριτωρίαν
1381 1336 1850 1407 ἀποκαταστήσας

260 1423 290 1480 ὁ
322 1427 580 1497 βασιλεὺς
629 1427 829 1492 πολλὰς
876 1428 1123 1498 χιλιάδας
1172 1428 1398 1501 χρυσίου
1457 1430 1550 1484 καὶ
1583 1429 1848 1501 ἀργυρίου

262 1517 473 1572 ἐκεῖθεν
511 1517 976 1588 δασμοφορεϊσθαι
1007 1519 1243 1590 ἐτησίως
1284 1521 1604 1591 πεποίηκεν.

333 1608 444 1676 λς’.
508 1610 882 1683 Κατηγορήθη
942 1611 1001 1665 δὲ
1063 1610 1311 1682 Νικῆτας
1385 1612 1686 1684 μάγιστρος
1752 1613 1850 1666 καὶ

261 1705 526 1776 πενθερὸς
582 1703 959 1775 Χριστοφόρου
1006 1703 1273 1775 βασιλέως
1333 1705 1850 1775 ὼςούποτιθὲμενος

261 1797 409 1868 αὐτῷ
444 1797 585 1850 κατὰ
612 1795 707 1850 τοῦ
742 1797 873 1850 ἰδίου
910 1797 1166 1866 γενέσθαι
1201 1797 1408 1867 πατρὸς
1438 1800 1532 1852 καὶ
1560 1798 1658 1868 τῆς
1689 1798 1845 1869 βασι-

259 1891 412 1954 λείας
455 1889 617 1944 αὐτὸν
667 1889 914 1955 ἐξεῶσαι.
954 1889 1157 1944 Τοῦτον
1203 1886 1298 1945 οὖν
1352 1887 1712 1961 ἐξαγαγόντες
1743 1890 1844 1962 τῆς

262 1986 471 2047 πόλεως
496 1985 798 2054 άπέκειραν
826 1985 1079 2054 μοναχὸν,
1105 1983 1532 2056 ὑπερορίσαντες
1564 1987 1621 2039 ἐν
1642 1985 1718 2055 τῷ
1744 1985 1842 2038 αύ-

257 2078 353 2132 τοῦ
393 2075 730 2147 προαστείῳ.
1421 2063 1448 2079 ‘-

331 2167 433 2232 λζ’.
463 2169 609 2237 Μηνὶ
641 2169 698 2222 δὲ
744 2167 948 2240 Ἰουλίῳ
980 2174 1070 2240 ιη’,
1109 2167 1438 2232 ἰνδικτιῶνος
1469 2167 1544 2235 ς’,
1573 2169 1841 2238 Στέφανος

257 2265 290 2318 ό
343 2263 685 2333 πατριάρχης
732 2262 981 2331 τελευτᾷ,
1025 2262 1260 2332 ποιήσας
1311 2260 1406 2332 ἐτη
1443 2259 1612 2332 β”καὶ
1667 2265 1842 2334 μῆνας

265 2361 354 2411 ια’.
380 2355 696 2426 Δεκεμϐρίῳ
728 2355 786 2408 δὲ
826 2355 959 2427 μηνὶ
1000 2355 1061 2409 ιδ’
1091 2355 1282 2424 ἄγουσι
1307 2355 1580 2426 Τρύφωνα
1606 2356 1840 2427 μοναχδν

257 2450 318 2503 ἐν
344 2447 420 2520 τῷ
465 2448 692 2518 ὐψικίῳ
724 2447 1048 2518 μονάζοντα,
1074 2447 1164 2500 ἐπ’
1188 2447 1445 2519 εὐλαϐείᾳ
1471 2449 1565 2501 καὶ
1590 2448 1840 2518 ἁγιότητι

256 2540 732 2613 μαρτυρούμενον,
785 2540 878 2596 καὶ
933 2539 1307 2610 χειροτονοῦσι
1347 2541 1697 2610 πατριάρχην
1749 2541 1842 2592 ἐπὶ

257 2635 435 2706 χρόνῳ
465 2634 614 2706 ῥητῷ
637 2635 704 2700 ⁸⁸,
745 2634 937 2704 μέχρις
969 2634 1034 2686 ἂν
1064 2634 1143 2695 είς
1186 2632 1386 2702 μέτρον
1422 2631 1636 2702 ἡλικίας
1661 2632 1839 2704 φθάσῃ

255 2729 634 2797 Θεοςρύλακτος
694 2727 722 2780 ό
785 2725 878 2780 τοῦ
937 2725 1202 2796 βασιλέως
1252 2725 1537 2795 Ῥωμανοῦ
1600 2727 1733 2791 υῑές,
1781 2728 1840 2781 δν

253 2821 480 2890 ἔμελλον
532 2820 878 2892 πατριάρχην
929 2820 1259 2891 χειροτονεῖν
1317 2820 1838 2875 Κωνσταντινουπό-

253 2915 409 2979 λεως.

321 3088 424 3159 λη’.
480 3088 672 3142 Εἰκάδι
716 3087 774 3141 δέ
824 3088 1053 3160 πέμπτῃ
1089 3077 1181 3142 τοῦ
1220 3087 1383 3142 αὑτοῦ
1423 3090 1591 3161 μηνὸς
1628 3093 1836 3163 χειμὼν
1867 3122 1911 3180 C

1954 507 2020 566 Hi
2045 511 2248 566 multas
2271 513 2519 581 quotidie
2546 523 2770 584 agentes
2803 517 3034 588 praedas,
3069 518 3418 589 assiduisque
3444 536 3539 575 ex-

1953 603 2310 658 cursionibus
2364 613 2532 659 totam
2590 606 2699 662 late
2751 608 3032 679 regionem
3085 611 3416 682 populantes
3475 615 3539 666 ac

1951 690 2120 762 908
2145 693 2395 762 captivos
2435 693 2722 760 ducentes,
2756 695 2810 750 in
2842 704 3021 752 tantas
3055 699 3365 755 Melitenem
3401 700 3534 755 ade-

1951 793 2152 855 gerunt
2208 787 2492 858 angustias
2553 798 2613 844 ut
2664 789 2997 848 brevissimo
3064 799 3311 863 tempore
3360 781 3535 864 ipsam

1951 883 2390 951 expugnaverint
2417 899 2482 939 ac
2523 885 2642 940 solo
2679 894 2840 943 tenus
2866 890 3232 959 aequaverint.
3261 891 3373 946 Nec
3415 906 3534 946 eam

1953 971 2139 1038 modo,
2161 974 2258 1030 sed
2287 983 2344 1030 et
2376 976 2806 1034 circumvicinas
2836 980 3002 1038 urbes
3032 991 3199 1054 atque
3233 984 3438 1054 oppida
3481 993 3537 1039 et

1954 1066 2208 1137 regiones
2252 1068 2626 1126 feracissimas
2673 1072 3017 1145 Opimasque,
3069 1091 3134 1130 ac
3167 1092 3289 1146 quae
3337 1076 3539 1132 multos

1952 1167 2258 1228 proventus
2284 1160 2604 1216 exhibeant.
2640 1161 2792 1219 Hanc
2831 1164 3000 1235 igitur
3027 1167 3338 1222 Melitenam
3369 1169 3538 1239 impe-

1952 1259 2104 1306 rator
2147 1251 2203 1307 in
2243 1255 2582 1310 curatoriam
2626 1255 2883 1327 redigens
2925 1257 3036 1328 (alii
3081 1260 3420 1328 provinciam
3457 1261 3539 1315 di-

1951 1344 2127 1415 cant),
2165 1346 2337 1400 multa
2363 1347 2510 1403 eruit
2547 1349 2667 1403 auri
2694 1349 3022 1420 argentique
3057 1351 3249 1406 millia.

2021 1612 2114 1666 56.
2161 1612 2387 1666 Delatus
2421 1626 2553 1667 vero
2589 1612 2840 1667 criminis
2876 1621 2960 1668 est
3005 1613 3226 1668 Nieetas
3275 1613 3540 1685 magister

1951 1720 2016 1760 ac
2044 1705 2433 1774 ChristOphori
2457 1706 2812 1776 imperatoris
2830 1722 3010 1773 socer,
3029 1716 3090 1762 ut
3112 1707 3204 1778 qui
3231 1707 3538 1762 rebellandi

1952 1799 2219 1854 adversus
2270 1807 2483 1868 patrem
2519 1815 2757 1870 eumque
2794 1801 2934 1855 solio
2981 1800 3315 1856 deturbandi
3343 1809 3537 1857 auctor

1952 1891 2044 1945 ille
2075 1889 2291 1944 fuisset.
2329 1889 2599 1956 Quocirca
2637 1891 2774 1945 urbe
2807 1892 3047 1962 ejectum
3075 1892 3408 1946 monachum
3436 1892 3536 1949 de-

1951 1981 2276 2047 tonderunt,
2301 1981 2481 2036 exsilii
2501 1983 2559 2037 in
2593 1983 2919 2039 suburbano
2952 1999 3054 2040 suo
3085 1983 3430 2040 damnatum.

2020 2163 2110 2218 57.
2154 2162 2356 2218 Mensis
2387 2162 2518 2219 Julii
2561 2163 2652 2220 die
2706 2163 2921 2219 decima
2966 2174 3183 2232 octava,
3233 2165 3536 2224 indictione

1951 2264 2127 2321 sexta,
2153 2257 2391 2310 moritur
2435 2255 2753 2326 Stephanus
2787 2257 3125 2327 patriarcha,
3153 2273 3282 2313 cum
3323 2260 3375 2316 ei
3411 2277 3536 2316 mu-

1950 2349 2069 2402 neri
2101 2348 2411 2417 praefuisset
2443 2363 2622 2402 annos
2651 2348 2792 2402 duos
2817 2364 3037 2405 menses
3066 2351 3347 2405 undecim.
3381 2351 3537 2407 Men-

1949 2441 2027 2494 sis
2073 2448 2258 2493 autem
2302 2440 2624 2495 Decembris
2653 2447 2849 2510 quarta
2890 2440 3123 2506 decima,
3182 2442 3537 2513 Tryphonem

1949 2529 2234 2584 adducunt
2265 2531 2324 2584 in
2377 2529 2601 2600 Opsicio
2632 2531 2987 2597 monachum,
3029 2533 3210 2587 virum
3265 2534 3539 2607 religiosis

1948 2621 2198 2677 moribus
2238 2637 2268 2676 a
2319 2622 2613 2678 sanctitate
2647 2623 2964 2694 probatum,
3011 2625 3381 2696 ordinantquc
3436 2643 3537 2698 pa-

1950 2713 2248 2769 triarcham
2282 2714 2351 2769 ad
2381 2724 2594 2770 certum
2628 2723 2869 2786 tempus,
2899 2717 3078 2773 donec
3112 2717 3324 2773 scilicet
3350 2719 3538 2775 Theo-

1950 2806 2240 2877 phylactus
2269 2803 2504 2862 Romani
2535 2807 2682 2863 ﬁlius
2709 2819 2941 2866 maturae
2968 2813 3146 2868 aetatis
3173 2828 3346 2867 annos
3368 2815 3538 2868 attin-

1945 2908 2120 2969 geret,
2174 2909 2337 2970 quem
2389 2897 2758 2971 patriarcham
2810 2903 3159 2975 Cpolitanum
3221 2907 3535 2977 praefecturi

1945 3001 2127 3047 erant.

2016 3084 2104 3140 58.
2139 3086 2400 3156 Ejusdem
2430 3088 2641 3142 mensis
2673 3088 2764 3142 die
2796 3088 3057 3159 vigesima
3093 3090 3284 3159 quinta
3316 3091 3528 3162 gravis-

249 3182 529 3253 ἀφόρητος
580 3183 823 3249 γέγονεν,
874 3179 1014 3233 ὥστε
1063 3181 1547 3252 κρυσταλλωθῆναι
1581 3185 1680 3255 τὴν
1732 3185 1835 3256 γῆν

1948 3176 2083 3232 sima
2108 3179 2285 3234 sreviit
2307 3188 2363 3234 et
2396 3178 2766 3234 intolerabilis
2792 3180 2988 3240 hiems.
3023 3182 3160 3237 adeo
3194 3191 3253 3236 ut
3283 3184 3401 3240 dies
3430 3185 3530 3240 120

251 3273 348 3326 ἐπὶ
378 3273 594 3343 ἡμέρας
627 3273 728 3342 ρκ’.
763 3269 926 3324 Ὅθεν
958 3272 1052 3324 καὶ
1083 3272 1273 3340 γέγονε
1314 3273 1486 3343 μέγας
1524 3275 1680 3344 λιμὸς
1707 3276 1834 3339 τοὺς

249 3365 475 3418 πώποτε
505 3365 833 3436 γενομένους
864 3363 1358 3437 ὑπερϐαλλόμενος,
1389 3369 1483 3421 καὶ
1511 3367 1741 3434 Θάνατος
1769 3371 1834 3422 ἐκ

246 3455 407 3510 τοῦδε
431 3457 620 3522 πολὺς,
651 3458 726 3522 ὼς
759 3456 1109 3529 μὴδύνασθαι
1129 3457 1255 3520 τοὺς
1282 3455 1491 3522 ζῶντας
1515 3457 1832 3530 ἐκκομίζειν

242 3547 377 3610 τοὺς
403 3545 728 3612 τεθνεῶτας.
772 3548 902 3601 ’0δέ
923 3547 1181 3618 βασιλεὺς
1219 3529 1502 3619 Ῥωμανὸς
1530 3550 1628 3621 τὴν
1655 3529 1831 3622 άπόῤ-

246 3645 412 3715 ρητον
437 3641 482 3672 ⁶¹
513 3640 730 3710 ἐκείνην
766 3639 888 3711 βίαν
923 3642 1288 3712 κατανοήσας,
1326 3642 1483 3708 ἀξίαν
1519 3643 1621 3713 τῆς
1660 3645 1826 3698 αὐτοῦ

243 3730 570 3804 συμπαθοῦς
613 3733 709 3786 καὶ
737 3731 1032 3802 ὲλεὴμονος
1075 3732 1290 3802 φύσεως
1336 3735 1594 3804 πρόνοιαν
1636 3736 1828 3809 ἐποιή-

243 3843 396 3889 σατο,
437 3824 660 3889 πολλαῖς
690 3824 1083 3896 ἐλεημοσύναις
1114 3825 1214 3896 τὴν
1244 3827 1307 3880 ἐκ
1339 3825 1430 3880 τοῦ
1456 3826 1618 3896 λιμοῦ
1645 3845 1825 3902 παρα-

244 3917 631 3989 μυθησάμενος
659 3916 897 3970 ἔνδειαν·
934 3914 1210 3987 ἀνέφραξέ
1241 3933 1299 3968 τε
1344 3916 1526 3987 Θυρίσι
1552 3917 1647 3971 καὶ
1678 3936 1828 3973 σανι-

232 4007 451 4078 διῖιμασι
486 4007 585 4071 τὰς
630 4006 740 4060 τῶν
788 4007 1038 4076 ἐμϐόλων
1067 4007 1251 4071 στοὰς,
1302 4008 1379 4070 ὼς
1416 4007 1489 4078 μὴ
1526 4007 1628 4077 τὴν
1675 4010 1827 4080 χιόνα

240 4101 341 4154 καὶ
386 4099 446 4153 τὸ
474 4099 646 4170 ψῦχος
684 4101 896 4153 ἐκεῖθεν
936 4098 1241 4152 ἐπεισιέναι
1275 4099 1386 4162 τοῖς
1435 4097 1651 4169 πένησι.
1691 4099 1826 4154 Τότε

238 4191 343 4246 καὶ
367 4190 466 4254 τὰς
493 4190 796 4262 λεγομένας
829 4190 1037 4261 άρκλας
1064 4192 1122 4243 ἐν
1153 4189 1288 4243 πᾶσι
1317 4188 1690 4243 κατεσκεύασε
1713 4191 1827 4253 τοῖς

238 4283 517 4356 ἐμϐόλοις,
571 4284 814 4356 ἄργυρόν
870 4299 929 4336 τε
977 4281 1120 4336 κατὰ
1158 4282 1304 4354 μῆνα
1351 4284 1462 4345 τοῖς
1497 4283 1554 4336 ἐν
1597 4281 1826 4346 ταύταις

238 4377 671 4448 κατακειμένοις
727 4375 923 4446 πένησι
961 4373 1200 4429 δίδοσθαι
1251 4373 1552 4440 διετάξατο,
1590 4377 1681 4428 καὶ
1756 4373 1826 4427 τά

1945 3277 2094 3322 terra
2124 3268 2248 3338 gelu
2276 3277 2536 3324 concreta
2560 3270 2887 3341 obriguerit.
2922 3272 3038 3326 Hoc
3071 3265 3205 3342 gelu.
3232 3277 3528 3334 subsecuta

1941 3362 2138 3429 fames,
2169 3373 2374 3432 quanta
2399 3372 2527 3419 ante
2553 3379 2838 3434 nunquam
2880 3366 3201 3432 exstiterat;
3239 3384 3416 3439 exque
3434 3371 3530 3428 illa

1942 3451 2153 3510 crebrae
2181 3455 2349 3526 909
2378 3456 2516 3512 adeo
2543 3467 2751 3512 mortes
2783 3465 2841 3512 ut
2872 3473 2977 3514 nec
3007 3457 3250 3514 ferendis
3292 3463 3530 3519 mortuis

1941 3544 2053 3598 vivi
2081 3541 2419 3601 sulliCerent.
2463 3544 2637 3600 Porro
2667 3547 2948 3603 Romanus
2991 3550 3291 3620 imperator
3317 3560 3526 3609 tantam

1939 3636 2054 3691 vim
2105 3635 2256 3701 mali,
2289 3646 2345 3693 et
2391 3653 2557 3709 quam
2588 3639 2739 3694 nulla
2786 3641 3088 3697 verborum
3123 3643 3206 3699 vis
3251 3634 3527 3714 explicare

1937 3728 2132 3800 possit,
2164 3725 2546 3796 considerans,
2590 3733 3016 3789 convenientem
3063 3751 3164 3806 pro
3201 3744 3390 3793 tenera
3424 3755 3524 3795 sua
3603 3727 3610 3734 ”

1935 3819 2285 3890 benignaque
2314 3820 2368 3874 in
2395 3820 2632 3875 miSeros
2665 3820 2850 3876 indole
2881 3837 3072 3877 curam
3119 3826 3201 3881 eis
3245 3828 3520 3896 adhibuit.

1935 3911 2086 3982 larga
2107 3913 2582 3982 eleemOSynarum
2613 3911 2938 3982 prtebitione
2966 3915 3126 3972 famis
3164 3919 3523 3991 indigentiam

1937 3998 2143 4057 solans.
2175 4002 2497 4057 Porticuum
2531 4017 2766 4072 qumque
2799 4004 2972 4072 spatia
3007 4004 3264 4062 fenestris
3305 4009 3523 4065 tabula-

1940 4093 2121 4162 tisque
2144 4091 2444 4158 obstruxit,
2462 4106 2531 4146 ne
2549 4107 2648 4162 per
2671 4106 2734 4146 ea
2752 4092 2844 4146 nix
2865 4092 3146 4164 frigusque
3166 4096 3220 4149 in
3247 4111 3523 4168 pauperes

1937 4193 2301 4257 grassaretur.
2341 4184 2479 4239 Tum
2515 4201 2610 4240 eas
2651 4199 2873 4257 quoque
2900 4201 3038 4256 quas
3073 4197 3275 4242 vocant
3305 4189 3523 4245 arculas

1936 4292 2000 4333 ac
2038 4278 2387 4348 proiecturas
2435 4275 2494 4331 in
2552 4276 2769 4332 cunctis
2812 4277 3122 4347 porticibus
3172 4280 3520 4346 construxit;

1935 4379 2337 4440 nummumque
2399 4377 2722 4441 argenteum
2790 4370 2980 4440 egenis
3041 4370 3155 4426 illic
3207 4370 3524 4442 jacentibus

235 4471 479 4540 μηνιαῖα
504 4469 756 4540 τριμίσια
794 4468 851 4521 ἐν
886 4469 1007 4529 ταῖς
1037 4464 1376 4537 ἐκκλησίαις,
1397 4467 1640 4537 ἀργύρου
1665 4469 1826 4534 ἐγκεο

1948 4473 2070 4537 ιυοι
2101 4464 2384 4519 mensibus
2406 4463 2621 4534 erogari
2655 4464 2950 4538 praecepit;
2985 4472 3270 4520 menstrua
3298 4481 3522 4535 quoque

229 4561 590 4634 χαραγμὲνου
624 4559 872 4630 χιλιάδας
905 4558 993 4630 ιβ’.
1027 4558 1102 4612 Ού
1141 4558 1276 4629 μόνα
1307 4559 1362 4612 δὲ
1392 4557 1624 4630 ταῦταῆ
1676 4575 1818 4630 συμο

231 4653 419 4722 παθὴς
448 4653 634 4722 ἐκείνη
671 4652 817 4723 ψυχὴ
846 4649 1224 4706 διετυπὼσατο
1254 4652 1364 4704 τῶν
1405 4651 1655 4720 πενήτων
1683 4669 1821 4722 προ-

226 4748 524 4821 νοουμένη,
565 4748 699 4802 ἀλλὰ
737 4749 832 4801 καὶ
861 4747 985 4801 καθ’
1025 4746 1238 4817 ἡμέραν
1268 4746 1417 4818 τρεῖς
1460 4743 1607 4816 αύτῷ
1640 4762 1826 4801 συνεσ-

221 4842 371 4895 Θίειν
403 4841 644 4913 πένητας
696 4839 1001 4905 διετάξατο,
1055 4838 1103 4894 οἲ
1149 4839 1244 4893 καὶ
1279 4838 1382 4892 ἀνὰ
1414 4836 1471 4890 ἓν
1515 4837 1819 4910 ἐλάμϐανον

1934 4558 2169 4614 trimisia
2205 4573 2305 4628 per
2346 4555 2611 4613 ecclesias
2657 4555 2996 4626 pauperibus
3022 4555 3188 4626 jussit
3233 4555 3520 4617 distribui.

1932 4649 2148 4723 argenti
2178 4647 2384 4719 signati
2422 4646 2714 4702 duodecim
2737 4639 2928 4702 millia.
2975 4647 3165 4718 Neque
3193 4647 3310 4702 haec
3341 4647 3521 4702 solum

1934 4741 2332 4799 misericordia:
2397 4754 2607 4811 pronus
2657 4739 2777 4811 ejus
2827 4738 3047 4793 animus
3097 4755 3521 4812 pauperumque

1934 4835 2180 4892 liberalis
2209 4833 2462 4905 provisor
2494 4829 2880 4898 constituerat,
2914 4830 3010 4887 sed
3031 4840 3087 4888 et
3126 4840 3240 4888 tres
3269 4830 3522 4903 quotidie

221 4935 498 5006 νόμισμα.
534 4931 764 5006 Τετράδι
810 4933 867 4986 δὲ
915 4932 1009 5002 καὶ
1044 4931 1370 5003 παρασκευῇ
1402 4933 1551 5002 τρεῖς
1592 4930 1822 5001 πένητες

1948 4942 2200 4999 pauperes
2231 4939 2418 4981 secum
2455 4921 2746 4978 comedere
2774 4922 2969 4987 voluit,
2993 4921 3089 4992 qui
3119 4923 3321 4995 singuli
3349 4940 3518 4978 num-
3563 4935 3568 4951 τ

223 5023 462 5097 μοναχοὶ
519 5025 843 5098 συνήσθιον,
901 5025 962 5078 τὸ
1012 5023 1398 5094 τετυπωμένον
1449 5019 1821 5094 λαμϐάνοντες

1948 5038 2041 5078 nos
2069 5021 2318 5094 singulos
2367 5017 2731 5092 eleemosyntc
2776 5020 2886 5073 ritu
2931 5020 3272 5091 acciperent.
3307 5019 3518 5087 Quarta

219 5116 478 5186 νόμισμα
527 5115 782 5181 ἕκαστος.
843 5114 931 5190 [Ρ.
978 5112 1104 5186 586]
1137 5114 1312 5184 Ὅπερ
1341 5112 1398 5166 δέ
1428 5113 1484 5166 ἐν
1508 5115 1620 5175 τοῖς
1658 5130 1822 5182 μονα-

1919 5121 2105 5169 autem
2166 5111 2300 5168 feria
2356 5119 2412 5167 et
2445 5124 2741 5182 parasceve
2792 5121 2908 5167 tres
2950 5126 3155 5182 egenos
3210 5111 3516 5167 monachos

223 5211 481 5282 στηρίοις
537 5209 721 5264 εῑὼοει
771 5209 1039 5278 γίνεσθαι.
1091 5204 1231 5258 ὥστε
1283 5206 1341 5258 ἓν
1387 5205 1465 5275 τῷ
1497 5203 1674 5276 καιρῷ
1722 5204 1821 5276 τῆς

1948 5221 2132 5263 ηεηεω
2181 5205 2362 5260 socios
2409 5203 2731 5270 adhibebat,
2767 5204 2861 5274 qui
2916 5213 2973 5260 et
3010 5203 3114 5275 ipsi
3147 5205 3512 5260 constitutum

222 5304 530 5369 ἑστιάσεως
546 5303 858 5372 ἀνάγνωσιν
874 5299 1139 5370 γίνεσθαι,
1158 5299 1316 5351 τοῦτο
1335 5299 1426 5351 καὶ
1444 5298 1603 5362 αὐτὸς
1621 5299 1816 5364 ἐποίει,

213 5391 427 5466 διπλῆν
472 5396 650 5468 ἐαυτῷ
678 5393 776 5450 καὶ
805 5396 918 5458 τοῖς
955 5391 1242 5462 δαιτυμόσι
1273 5389 1368 5460 τὴν
1402 5389 1682 5461 τράπεζαν
1713 5409 1820 5446 πα-

1927 5313 2214 5355 nummum
2241 5297 2443 5365 singuli
2469 5297 2836 5369 accipiebant.
2861 5296 3131 5369 Quodque
3158 5297 3214 5353 in
3238 5305 3513 5353 monaste-

1929 5392 2028 5447 riis
2078 5391 2188 5446 ritu
2225 5389 2474 5461 legitimo
2521 5398 2796 5457 servatur,
2829 5399 2891 5446 ut
2922 5390 3067 5446 inter
3105 5389 3509 5448 comedendum

1555 5569 1713 5627 VARI
1721 5572 1788 5630 1E
1827 5564 2237 5628 LECTIONES.

296 5699 346 5734 "
368 5695 691 5768 Κουρκούας
725 5715 778 5768 p.
805 5695 910 5751 257
928 5697 984 5751 d.
1061 5692 1343 5768 “Malia;

296 5706 346 5734 "’
368 5706 484 5754 Kou
509 5706 691 5762 ’κούας
725 5715 778 5768 p.
805 5706 909 5751 '25?
928 5706 984 5751 α.
1061 5706 1108 5727 ⁸⁵
1136 5706 1343 5755 Μελιας

221 5717 568 5843 χειροτονίῖω
600 5769 894 5840 Τρύφωνος
927 5765 1271 5837 πατριάρχου
1309 5706 1404 5816 ἐπῗ

550 5867 824 5930 Ρηιοι..
863 5863 980 5925 Gn.
1015 5861 1178 5925 CIX.

1411 5733 1424 5747 .
1458 5688 1566 5746 958
1593 5707 1646 5746 a.
1705 5693 1752 5725 ”
1783 5693 1951 5756 ἄλλας
1979 5693 2098 5755 οἵας
2130 5699 2276 5746 recte
2295 5689 2476 5761 p.258
2501 5689 2558 5746 b.

1425 5763 1576 5836 ρητῶ
1608 5763 1806 5834 χρόνῳ.
1834 5779 2024 5835 margo
2053 5761 2114 5817 P.
2167 5762 2212 5795 ⁶²
2246 5759 2522 5833 ἀῲόρητον
2553 5777 2605 5834 p.
2647 5759 2753 5817 258
2777 5759 2832 5818 ἃ.

2651 5690 2828 5765 1°“;th
2854 5705 2964 5746 om.
2996 5687 3058 5744 P.
3132 5691 3170 5722 ⁶²
3196 5689 3506 5765 σημείωσαι

2996 5853 3068 5916 31
