3996 6208
515 284 615 347 911

1768 275 2091 335 unone-11
2133 273 2477 333 MONACHI

3668 256 3772 320 972

515 395 677 452 lectio
706 391 990 455 habeatur,
1021 390 1124 443 hoc
1156 398 1210 442 et
1250 387 1337 441 ille
1376 387 1686 455 praestabat,
1723 386 1827 438 sibi
1873 387 1989 455 ipsc
2027 392 2084 438 et

2227 385 2454 447 ατιθεῖς,
2484 384 2621 435 ὥστε
2672 380 2730 433 τὸ
2765 377 2860 449 μὲν
2914 376 3068 444 σῶμα
3112 370 3407 445 τρέφεσθαι
3440 372 3508 441 τῇ
3547 370 3772 441 συνήθει

515 486 764 541 convivis
787 482 1061 552 duplicem
1085 493 1367 549 apponens
1384 493 1650 542 mensam,
1674 486 1732 532 ut
1760 488 1873 531 tum
1890 491 2091 546 corpus

2232 480 2392 546 ροερῇ,
2442 476 2539 544 τὴν
2601 473 2656 525 δὲ
2704 471 2878 541 ψυχὴν
2930 471 2996 539 τῇ
3066 464 3389 535 καταλλήλῳ
3424 464 3534 517 τῶν
3597 464 3769 530 λόγων

516 587 780 634 consueto
824 576 947 631 cibo
998 574 1261 633 aleretur,
1322 580 1437 625 tum
1481 570 1665 625 anima
1714 571 2091 625 doctrinarum

516 674 796 741 voluptate
818 668 1214 723 obiectaretur.
1234 664 1446 730 Quibus
1480 664 1573 718 ille
1599 663 1893 734 diligenter
1913 671 2094 719 atteno

516 763 653 815 dens
679 759 945 820 animum,
974 755 1167 825 spiritu
1191 753 1391 809 mentis
1413 760 1799 823 compunctus,
1826 752 2094 822 lacryma-

445 917 449 927 ‘
517 869 638 905 rum
672 852 820 920 large
852 849 1032 903 fontes
1060 846 1369 903 emittebat.

585 943 751 1012 910
793 942 882 996 39.
917 940 1048 1010 Ejus
1081 954 1214 993 vero
1243 938 1407 1013 [idem
1435 954 1562 1008 erga
1600 937 1922 999 monachos,
1954 952 2094 1005 quos

517 1035 826 1105 prwsertim
882 1032 1146 1087 sanctitas
1197 1047 1261 1085 ac
1302 1030 1493 1101 religio
1536 1030 1715 1085 claros
1759 1029 2093 1089 reddiderat,

518 1135 722 1196 quanta
773 1125 959 1188 fuerit,
1016 1124 1140 1193 quis
1189 1122 1364 1192 possit
1417 1121 1713 1176 enarrare?
1763 1121 1964 1174 Eorum
2001 1133 2099 1171 ne-

517 1233 607 1270 mo
657 1219 713 1270 in
753 1222 1107 1283 conspectum
1151 1212 1424 1275 veniebat,
1479 1210 1568 1264 cui
1610 1217 1765 1264 actus
1806 1224 1935 1263 suos
1974 1222 2099 1261 cum

518 1308 710 1361 multis
758 1306 1014 1376 lacrymis
1063 1321 1174 1359 non
1221 1312 1542 1374 exponeret.
1589 1302 1724 1357 Cum
1768 1311 1950 1355 autem
1997 1300 2102 1354 fide

521 1396 910 1452 devotissimus
964 1411 1026 1449 ac
1076 1410 1286 1450 summe
1341 1392 1681 1447 orthodoxus
1731 1400 1896 1453 esset,
1953 1390 2103 1445 urbis

520 1505 712 1544 omnes
758 1488 1019 1543 ecclesias
1066 1487 1357 1558 pellucidis
1419 1485 1607 1541 subtili
1666 1484 1898 1538 stamine
1929 1483 2104 1553 peplis

521 1594 922 1648 cereorumque
954 1594 1018 1631 ac
1044 1577 1356 1646 lampadum
1409 1573 1567 1643 cepia
1597 1572 1881 1642 splendide
1937 1586 2101 1625 exor»

522 1671 708 1733 nabat,
761 1685 825 1724 ac
875 1668 1189 1723 decorabat.
1244 1665 1351 1721 Sed
1400 1674 1457 1720 et
1510 1664 1795 1719 monachis
1844 1664 1899 1716 in
1946 1677 2103 1716 mon-

524 1762 692 1824 tibus,
742 1770 857 1815 tum
900 1776 1097 1829 nempe
1146 1758 1374 1829 Olympo
1420 1766 1534 1811 tum
1581 1756 1828 1827 Cymina,
1857 1763 1913 1810 et
1940 1768 2103 1823 quem

522 1862 725 1908 vocant
799 1855 1014 1907 Petram
1090 1865 1350 1911 auream,
1425 1855 1481 1901 et
1545 1846 1807 1900 Baracbei
1882 1854 2103 1909 monte,

524 1947 679 2001 nullo
729 1960 967 2013 unquam
1038 1952 1285 2011 tempore
1335 1940 1549 1995 destitit
1599 1954 1779 1993 annua
1835 1936 2106 2008 stipendia

524 2040 746 2092 mittere
794 2050 1097 2103 eorumque
1143 2048 1228 2087 res
1273 2046 1468 2085 curare
1525 2044 1587 2083 ac
1635 2031 1717 2083 eis
1756 2028 2103 2098 prospicere;

525 2129 731 2198 quique
784 2127 927 2180 inter
988 2126 1111 2179 illos
1157 2123 1389 2179 actionis
1441 2123 1591 2176 cultu
1646 2136 1711 2175 ac
1767 2119 2106 2188 contempla-

528 2222 679 2276 tione
733 2217 1062 2289 speCtabiles
1112 2224 1335 2279 essent,
1391 2212 1459 2267 ad
1519 2228 1577 2266 se
1644 2225 1956 2273 accersere,
2015 2224 2109 2263 eo-

528 2328 761 2383 rumque
793 2326 1016 2381 precum
1058 2306 1315 2377 suﬂ‘ragia
1344 2306 1663 2374 decerpere.
1701 2304 1811 2358 Nec
1834 2302 1887 2356 id
1922 2302 2106 2364 modo,

527 2404 625 2461 sed
681 2412 740 2458 et
783 2402 1039 2472 religiosa
1079 2398 1474 2453 exercitatione
1522 2395 1772 2459 inclusis,
1819 2402 1875 2449 et
1922 2394 2015 2462 qui
2050 2408 2109 2447 se

528 2494 937 2567 angustissimis
1002 2490 1298 2562 tuguriolis
1368 2489 1521 2543 velut
1585 2475 1805 2542 carcere
1871 2485 2113 2539 abdidis-

529 2593 653 2641 sent
676 2627 690 2651 ,
723 2584 938 2640 cunctis
959 2581 1198 2651 denique
1223 2578 1571 2635 monasteriis
1606 2584 1840 2633 statutas
1864 2591 2112 2631 annonas

530 2677 953 2733 subministrare
998 2691 1104 2730 non
1165 2673 1435 2729 cessabat.
1484 2672 1592 2726 Has
1642 2672 1793 2726 velut
1840 2685 1870 2725 e
1924 2670 2113 2724 multis

532 2783 733 2836 paucas
765 2766 869 2820 viri
908 2765 1141 2818 virtutes
1181 2764 1668 2833 eleemosynasque
1712 2759 2110 2829 percurrimus.

602 2859 691 2913 40.
747 2858 910 2913 Petro
958 2865 1140 2910 autem
1201 2855 1434 2925 Bulgaro
1480 2854 1718 2909 Joannes
1767 2853 1935 2906 frater
1988 2868 2112 2906 cum

532 2951 656 3005 aliis
708 2948 995 3019 Symeonis
1063 2946 1386 3015 proceribus
1438 2944 1639 2999 struxit
1700 2943 1945 2997 insidias.
2009 2944 2113 2998 De-

533 3038 826 3109 prehensis
866 3037 993 3098 illis,
1030 3036 1268 3091 Joannes
1299 3033 1524 3103 quidem
1564 3032 1889 3088 verberibus
1922 3049 2115 3088 emen-

535 3133 697 3186 datus
736 3132 789 3185 in
830 3144 1052 3185 carcere
1099 3127 1440 3194 includitur;
1486 3126 1684 3197 reliqui
1740 3126 1954 3182 acerbis
1987 3142 2117 3196 sup-

536 3225 719 3296 pliciis
760 3222 972 3279 subacti
1007 3228 1155 3276 sunt.
1207 3219 1413 3275 llorum
1448 3220 1729 3275 Romanus
1756 3219 2056 3289 imperator
2089 3236 2119 3274 a

536 3320 698 3374 Petro
757 3318 962 3373 certior
1015 3315 1191 3370 factus
1239 3314 1504 3368 Joannem
1567 3314 1895 3381 monachum
1954 3312 2114 3384 9n

537 3418 700 3477 (eum
739 3411 832 3481 qui
881 3419 1062 3465 rector
1106 3409 1425 3476 exstiterat)
1468 3407 1664 3469 mittit,
1704 3416 1966 3477 praetextu
1995 3408 2120 3476 qui-

537 3504 661 3559 dem
712 3490 1017 3557 redimendi
1072 3500 1339 3568 captivos,
1396 3514 1455 3551 re
1516 3498 1632 3566 ipsa
1676 3515 1809 3553 vero
1857 3509 1919 3553 ut
1960 3499 2123 3554 Joan-

540 3611 664 3649 nem
716 3601 936 3662 eaperet
982 3600 1039 3645 et
1077 3589 1396 3660 Byzantium
1444 3588 1706 3653 duceret;
1755 3590 1903 3659 quod
1942 3600 1998 3644 et
2046 3591 2121 3644 ita

539 3687 787 3755 contigit.
840 3684 1053 3753 Quippe
1097 3697 1221 3736 cum
1269 3681 1477 3736 Joanne
1527 3696 1721 3735 navem
1772 3682 2052 3753 ingressus
2089 3699 2121 3736 a

541 3772 866 3829 Mesembria
912 3774 966 3826 in
1014 3771 1206 3826 urbem
1253 3769 1423 3823 venit.
1475 3768 1588 3824 Nec
1628 3769 1803 3823 multo
1838 3779 1963 3838 post
1994 3787 2122 3841 pro-

539 3868 683 3938 iecto
722 3864 977 3920 monachi
1014 3860 1229 3925 habitu,
1269 3876 1394 3915 cum
1430 3860 1619 3914 uxoris
1668 3862 1951 3930 amplexus
1971 3878 2122 3932 qua-

544 3967 728 4023 reret,
792 3958 1096 4027 imperator
1158 3953 1236 4007 illi
1292 3952 1436 4008 aedes
1497 3954 1797 4023 assignavit
1842 3955 2122 4024 multaque

542 4048 767 4104 omnino
808 4046 1011 4118 praedia
1065 4044 1343 4110 contulit;
1384 4058 1608 4098 uxorem
1643 4059 1864 4113 quoque
1910 4060 1978 4100 ex
2022 4060 2123 4099 sua

544 4140 717 4211 ipsius
780 4136 1236 4193 Armeniacornm
1314 4134 1492 4203 patria
1551 4134 1602 4187 ei
1664 4134 1897 4200 locavit,
1960 4144 2123 4205 atque

545 4236 597 4289 in
626 4232 856 4289 Caesaris
877 4231 1041 4285 domo
1069 4227 1470 4299 przemagniﬁce
1494 4226 1716 4297 nuptias
1746 4227 1899 4288 fecit.
1928 4228 2122 4283 dueto-

544 4325 697 4380 ribus
738 4337 952 4393 sponsa:
994 4319 1393 4389 Cbristophoro
1434 4318 1762 4388 imperatore
1813 4334 1875 4374 ac
1911 4319 2123 4376 Joanne

544 4414 815 4471 monacho
850 4420 1156 4468 exrectore.

614 4595 709 4650 41.
768 4590 969 4648 Mensis
1010 4588 1190 4643 Martii
1233 4586 1324 4643 die
1374 4587 1651 4654 secunda,
1713 4588 1809 4660 qui
1864 4589 1919 4643 in
1981 4590 2121 4656 foro,

545 4683 820 4743 columnis
862 4681 974 4737 illic
1011 4679 1205 4736 ordine
1255 4680 1476 4747 erectis,
1525 4678 1797 4736 Cosmites
1835 4681 2125 4751 impositus

544 4786 685 4842 erat,
739 4773 945 4829 decidit
991 4788 1056 4827 ac
1094 4772 1247 4826 viros
1291 4784 1386 4826 sex
1426 4769 1650 4825 occidit.
1703 4770 1957 4842 Magnum
1987 4786 2125 4843 quo-

545 4886 654 4943 que
691 4885 753 4924 ac
792 4865 1141 4922 formidabile
1182 4864 1239 4918 in
1287 4863 1392 4918 fori
1426 4865 1643 4933 porticu
1694 4864 1991 4920 excitatum
2035 4865 2121 4919 in-

515 4962 825 5026 ‘cendinm,
862 4957 1013 5013 haud
1042 4957 1233 5027 procul
1285 4972 1315 5010 a
1364 4958 1569 5026 templo
1621 4967 1824 5013 sanetae
1855 4957 2120 5028 Deiparaz,

547 5055 689 5110 adeo
726 5060 785 5107 ut
813 5066 940 5123 pars
982 5050 1075 5103 illa
1115 5048 1219 5103 fori
1264 5064 1427 5119 quam
1458 5049 1657 5103 cerarii
1687 5058 1743 5104 et
1772 5065 1937 5120 quam
1967 5050 2126 5120 pelli-

552 5145 696 5201 tiarii
733 5143 972 5203 artiﬁces
1003 5148 1291 5211 occupant,
1328 5139 1396 5194 ad
1424 5139 1649 5196 Psichas
1676 5157 1849 5212 usque
1884 5142 1994 5214 igni
2024 5143 2124 5197 ab--

551 5248 765 5309 sumpta
810 5236 898 5292 sit.
1504 5236 1507 5237 ⁷

622 5331 711 5386 4&2.
764 5329 1008 5383 Mortuus
1052 5337 1234 5381 autem
1287 5334 1372 5380 est
1412 5320 1840 5396 Christopliorus
1892 5325 2132 5397 impera-

556 5432 640 5476 tor
679 5436 867 5478 mense
924 5422 1197 5491 Augusto,
1257 5417 1555 5473 indictione
1598 5429 1826 5488 quarta,
1886 5420 2134 5473 Romano

2199 568 2542 640 ἐπεντρυφᾷν
2593 556 2899 635 ἡδονῇμοῖς
2948 559 3157 619 ἐκεῖνος
3188 554 3463 626 ἐπιμελῶς
3495 555 3774 623 προσέχων

2199 663 2289 716 τὸν
2347 659 2470 713 νούν
2514 656 2876 711 κατενύσσετο
2919 653 3019 723 τὴν
3067 649 3245 721 ψυχὴν
3293 648 3390 701 καὶ
3428 647 3635 711 πολλὰς
3684 646 3773 699 ὃσ-

2201 752 2387 822 κρύων
2416 749 2567 820 ἠφίει
2598 747 2801 817 πηγάς.

2270 922 2366 977 λθ’.
2400 923 2509 989 Τὴν
2549 923 2605 975 δὲ
2635 922 2819 975 πίστιν
2859 922 2925 991 ἣν
2956 918 3222 986 ἐκέκτητο
3270 915 3409 985 πρὸς
3432 914 3644 978 πάντας
3675 915 3774 983 μὶν

2206 1016 2500 1086 μοναχοὺς,
2537 1013 2773 1083 μάλιστα
2801 1011 2857 1065 δὲ
2885 1011 3008 1073 τοὺς
3038 1009 3131 1062 ἐπὶ
3162 1004 3444 1075 ἁγιωσύνῃ
3459 1003 3645 1074 tum
3658 1021 3773 1066 τους

2206 1109 2298 1162 καὶ
2346 1107 2609 1178 εὐλαϐείᾳ
2667 1106 2749 1169 τίς
2792 1104 2859 1158 ἂν
2926 1102 3292 1173 διηγήσαιτος
3346 1099 3461 1151 Οὐκ
3517 1097 3777 1151 ἐθεάσατο

2204 1199 2313 1269 γάρ
2343 1214 2473 1251 ποτε
2508 1197 2744 1266 μοναχὸν
2779 1192 2983 1265 ἀρετῆς
3028 1190 3394 1260 ἀντεχόμενον
3418 1227 3432 1247 ,
3470 1179 3627 1254 ᾧτινι
3685 1185 3775 1247 τὰς

2207 1286 2402 1343 ἐαυτοῦ
2444 1285 2670 1357 πράξεις
2707 1284 2805 1337 σὺν
2832 1283 3047 1345 πολλοῖς
3080 1280 3180 1332 οὐκ
3211 1277 3544 1347 ἐξηγόρευσε
3580 1275 3775 1344 δάκρυ-

2208 1397 2313 1433 σιν.
2357 1377 2685 1439 Πιστότατος
2706 1375 2765 1428 δέ
2792 1374 2867 1427 ὢν
2906 1372 2998 1425 καὶ
3039 1368 3451 1443 ὀρθοδοξότατος
3476 1366 3661 1429 πάσας
3689 1367 3776 1429 τὰς

2204 1473 2305 1541 τῆς
2336 1471 2543 1532 πόλεως
2573 1466 2868 1537 ἐκκλησίας
2910 1464 3132 1525 πέπλοις
3153 1461 3439 1529 διαφανέσι
3468 1458 3567 1513 καὶ
3604 1476 3777 1528 φωτα-

2207 1564 2436 1634 γωγίαις
2481 1561 2761 1631 λαμπραῖς
2811 1556 3141 1624 κατεκόσμει
3195 1554 3291 1607 καὶ
3334 1551 3772 1622 κατεφαξδρυνεν.

2222 1652 2382 1707 Ἀλλὰ
2416 1655 2510 1705 καὶ
2536 1653 2647 1741 τρῖς
2676 1650 2733 1702 ἐν
2766 1648 2875 1707 τοῖς
2900 1646 3051 1715 ὃρεσι
3081 1643 3354 1712 μοναχοῖς,
3385 1640 3460 1710 τῷ
3486 1657 3544 1692 τε
3593 1638 3780 1705 Ὀλύμ-

2216 1766 2303 1818 πῳ
2350 1747 2445 1799 καὶ
2480 1731 2591 1813 τῷ⁷
2606 1741 2841 1810 Κυμῃνᾷ
2875 1739 2925 1769 ³³
2952 1737 3046 1789 καὶ
3071 1739 3138 1807 τῇ
3180 1736 3373 1805 Χρυσῇ
3414 1731 3781 1801 κατονομαζο-

2219 1840 2358 1910 μένῃ
2390 1837 2569 1907 πέτρα
2590 1835 2684 1888 καὶ
2704 1832 2781 1901 τῷ
2821 1829 2915 1885 τοῦ
2956 1828 3235 1900 Βαραχέος
3257 1826 3303 1858 ⁵⁸
3340 1827 3476 1895 ὖρει,
3499 1825 3561 1877 οὐ
3593 1824 3785 1877 διέλει-

2216 1948 2317 1982 πεν
2344 1927 2593 1999 ἐτησίους
2624 1926 2788 1996 ρόγας
2811 1920 3217 1987 ἐξαποστέλλων
3242 1920 3331 1979 ⁸³⁸,
3359 1919 3447 1971 καὶ
3478 1916 3784 1986 φροντίζων

2215 2022 2422 2077 τούτων
2474 2020 2567 2073 καὶ
2612 2016 3029 2088 προνοούμενος,
3074 2012 3314 2073 καὶτοὺς
3338 2010 3667 2079 ὀνομαστοὺς
3689 2008 3785 2060 ἐπὶ

2218 2112 2413 2185 πράξει
2455 2111 2549 2163 καὶ
2596 2107 2801 2177 θεωρία
2852 2103 3325 2177 μετακαλούμενος
3372 2102 3442 2163 ὡς
3477 2099 3667 2157 αὐτὸν,
3694 2098 3790 2151 καὶ

2216 2204 2323 2258 τῶν
2353 2198 2727 2272 εὐχῶναύτῶν
2747 2198 2845 2258 τὰς
2875 2195 3121 2263 εὐλογίας
3152 2190 3387 2261 τρυγῶν.
3414 2190 3489 2241 Οὐ
3527 2188 3692 2257 μόνον
3716 2187 3791 2251 δέ,

2216 2294 2351 2349 ἀλλὰ
2379 2294 2475 2347 καὶ
2507 2295 2618 2354 τοῖς
2640 2290 2730 2344 διὰ
2765 2288 2856 2341 τὸν
2880 2287 3012 2341 Θεὸν
3046 2284 3382 2353 ἐγκλείστοις
3423 2282 3523 2335 καὶ
3572 2281 3790 2341 ἑαυτοὺς

2217 2391 2276 2442 ἐν
2313 2387 2666 2447 στενωτάτοις
2696 2383 2868 2444 οἴκοις
2918 2377 3235 2449 καθείρξασι
3265 2375 3357 2428 καὶ
3389 2376 3527 2427 πᾶσι
3560 2375 3675 2435 τοῖς
3707 2389 3789 2440 μο-

2219 2479 2533 2549 ναστηρίοις
2576 2476 2673 2538 τὰς
2730 2471 2979 2542 ἐτησίους
3011 2469 3200 2541 ρόγας,
3230 2467 3295 2529 ἂς
3331 2464 3695 2529 διετύπωσεν,
3731 2462 3786 2513 οὐ

2220 2574 2482 2627 διέλειπεν
2512 2567 2877 2640 ἐπιχορηγῶν.
2932 2564 3115 2617 Ταῦτα
3158 2561 3232 2625 ὡς
3296 2564 3363 2614 ἐκ
3394 2558 3609 2613 πολλῶν
3638 2557 3786 2624 ὀλίγα

2221 2666 2328 2719 τῶν
2362 2664 2607 2733 ἀπείρων
2631 2659 2797 2715 αὐτοῦ
2824 2655 3265 2729 κατορθωμάτων
3292 2652 3390 2705 καὶ
3417 2646 3789 2721 ἐλεημοσυνῶν

2223 2757 2590 2829 διεξήλθομεν.

2298 2858 2371 2920 μ’.
2424 2851 2617 2918 Πέτρῳ
2670 2846 2725 2901 δὲ
2757 2846 2834 2917 τῷ
2887 2840 3176 2910 Βουλγάρῳ
3204 2837 3430 2891 ἐπέθετο
3474 2837 3728 2903 Ἰωάννης
3765 2834 3790 2885 ὁ

2222 2943 2448 3010 ἁδελφὸς
2506 2940 2670 2993 αὐτοῦ
2724 2937 2864 3008 μετὰ
2922 2934 3017 2987 καὶ
3060 2931 3261 3001 ἐτέρων
3316 2928 3668 2999 μεγιστάνων
3706 2924 3789 2977 τού

2223 3032 2465 3103 Συμεών’
2503 3032 2595 3085 κοιλ⁵
2624 3027 3007 3100 «ρωραθέντων
3061 3012 3243 3077 αὐτῶν
3293 3022 3321 3074 ὁ
3373 3020 3478 3090 μὲν
3548 3019 3794 3087 Ἰωάννης

2219 3128 2481 3179 τύπτεται
2515 3122 2609 3175 καὶ
2643 3118 2946 3187 ἐγκλειεται
2982 3115 3220 3184 φυλακῇ,
3245 3113 3293 3165 οἱ
3328 3112 3388 3164 δὲ
3431 3110 3614 3163 λοιποὶ
3634 3127 3795 3179 τιμω-

2224 3216 2365 3288 ρίαις
2411 3214 2473 3266 οὐ
2502 3213 2623 3273 ταῖς
2658 3207 2948 3279 τυχούσαις
2988 3202 3413 3257 ὑποϐάλλονται.
3444 3200 3635 3253 Ταῦτα
3672 3199 3798 3269 δῆλα

2223 3292 2546 3376 ποιήσαντος
2575 3301 2781 3372 Πέτρου
2815 3298 2892 3369 τῷ
2923 3295 3131 3368 βασιλεῖ
3163 3292 3451 3363 Ῥωμανῴ,
3482 3291 3799 3344 ἀπέστειλεν

2224 3399 2252 3450 ὁ
2284 3396 2534 3468 βασιλεὺς
2566 3394 2655 3446 τὸν
2692 3392 2921 3463 μοναχὸν
2958 3388 3233 3457 Ἰωάννην,
3280 3384 3339 3447 ὃς
3376 3385 3623 3452 ἐγεγόνει
3667 3383 3788 3453 (lai-

2224 3506 2394 3560 κτωρ,
2443 3486 2713 3555 προφάσει
2746 3483 2845 3553 μὲν
2890 3481 2965 3543 ὡς
3014 3477 3343 3550 ποιήσασθαι
3392 3475 3655 3543 ἀλλάγιον
3700 3473 3799 3526 τῶν

2225 3579 2613 3652 κρατουμένων
2639 3574 3020 3646 αἰχμαλώτων,
3059 3574 3125 3642 τῇ
3173 3570 3229 3623 δὲ
3253 3568 3485 3641 ἀληθεία
3510 3570 3799 3637 κατασχεῖν

2236 3672 2489 3741 Ἰωάννην
2515 3672 2610 3724 καὶ
2646 3670 2701 3722 ἐν
2734 3663 3305 3721 Κωνσταντινουπόλει
3341 3663 3599 3730 ἀγαγεῖν.
3623 3660 3800 3714 Εἰσελ-

2225 3763 2333 3817 θὼν
2356 3764 2463 3833 γὰρ
2502 3762 2618 3832 ἃμα
2642 3760 2721 3831 τῷ
2762 3757 2979 3827 Ἰωάννῃ
3006 3757 3062 3808 ἐν
3095 3754 3263 3825 πλοίῳ
3303 3754 3410 3807 ἀπὸ
3436 3753 3803 3824 Μεσημϐρίας

2222 3854 2384 3930 ἦλθεν
2410 3860 2466 3910 ἐν
2493 3858 2559 3927 τῇ
2597 3853 2770 3907 πόλει·
2808 3850 2903 3904 καὶ
2938 3849 3057 3921 μετ’
3086 3850 3148 3901 οὐ
3198 3846 3332 3900 πολὺ
3365 3847 3562 3899 τούτου
3607 3847 3683 3898 τδ-
3718 3864 3805 3915 μο-

2225 3950 2451 4022 ναχικὸν
2485 3948 2671 4018 σχῆμα
2700 3942 3106 4015 ἁπορῤίψαντος
3157 3940 3250 3993 καὶ
3280 3940 3519 4008 γυναῖκα
3548 3936 3806 4013 ἐπιζητή-

2228 4061 2439 4109 σαντος,
2465 4042 2696 4096 δέδωκεν
2718 4041 2864 4110 αὐτῷ
2892 4042 2920 4092 ὁ
2957 4038 3211 4109 βασιλεὺς
3245 4033 3394 4089 οἶκον
3424 4034 3525 4087 καὶ
3552 4037 3805 4103 κτήματα

2226 4134 2521 4204 πάμπολλα
2566 4133 2661 4186 κα)⁸
2689 4134 2922 4200 γυναῖκα
2964 4132 3029 4183 ἐκ
3057 4132 3155 4200 τῆς
3196 4126 3362 4181 αὐτοῦ
3407 4127 3675 4196 πατρίδος
3717 4125 3807 4195 τῆς

2224 4227 2332 4281 τῶν
2368 4223 2739 4297 Ἀρμενιακῶν
2768 4222 3117 4294 ὁρμωμένην,
3159 4221 3336 4290 γάμον
3365 4234 3425 4271 τε
3452 4216 3719 4287 λαμπρὸν
3754 4220 3805 4267 ἐν

2224 4321 2290 4387 τῇ
2315 4318 2409 4371 τοῦ
2437 4318 2716 4389 Καίσαρος
2753 4315 2904 4387 οἰκίᾳ.
2951 4314 3277 4383 πεποίηκεν,
3308 4312 3699 4382 Χριστοφόρού
3725 4310 3810 4381 βα-

2154 4415 2199 4473 D
2230 4412 2421 4474 σιλέως
2469 4410 2566 4465 καὶ
2618 4410 2868 4464 Ἰωάννου
2911 4406 3187 4478 μοναχοῠ,
3220 4404 3316 4458 τοῦ
3364 4405 3665 4475 γεγονότος
3698 4405 3812 4475 ῥαῖ-

2228 4520 2443 4576 κτορος,
2471 4521 2547 4557 πα
2557 4501 3075 4573 ρανυμφευσάντων.
3236 4522 3253 4533 ν

2302 4596 2388 4667 [Ρ.
2422 4593 2550 4667 587]
2592 4591 2703 4665 μα’.
2726 4591 2960 4663 Μαρτίῳ
2981 4590 3041 4644 δὲ
3073 4589 3202 4661 μηνὶ
3236 4586 3421 4659 ἡμέρα
3458 4586 3504 4658 β’
3530 4587 3814 4659 κοσμήτης

2231 4687 2429 4740 ἔπεσεν
2474 4686 2531 4739 ἐν
2569 4684 2648 4755 τῷ
2695 4683 2847 4753 φόρῳ
2874 4682 2938 4734 ἐκ
2971 4681 3079 4734 τῶν
3112 4678 3391 4748 στοιχηδὸν
3428 4678 3748 4749 ἱσταμένων
3772 4677 3813 4707 ε’

2231 4776 2410 4829 ἐκεῖσε
2430 4774 2606 4828 κίοσιν
2632 4772 3020 4841 ἐπικειμένων,
3060 4771 3154 4822 καὶ
3174 4768 3501 4823 ἀπέκτεινεν
3517 4768 3724 4838 ἄνδρας
3743 4765 3810 4827 ς’.

2232 4869 2427 4937 Γέγονε
2451 4867 2510 4920 δὲ
2537 4866 2632 4920 καὶ
2656 4862 2983 4936 ἐμπρησμὸς
3016 4861 3187 4934 μέγας
3221 4861 3315 4914 καὶ
3341 4858 3583 4931 φοϐερὸς
3614 4862 3699 4923 εἰς
3732 4859 3815 4910 τὸν

2232 4959 2327 5013 τοῦ
2357 4960 2523 5031 φόρου
2552 4956 2798 5027 ἔμϐολον,
2835 4952 3063 5024 πλησίον
3092 4951 3185 5005 τοῦ
3218 4950 3347 5006 ναού
3373 4953 3478 5021 τῆς
3507 4951 3816 5023 ύπεραγῐιις

2233 5051 2522 5116 Θεοτόκου,
2570 5048 2711 5103 ὥστε
2756 5047 3102 5116 κατακαῆναι
3140 5044 3208 5098 τά
3248 5060 3308 5095 τε
3339 5043 3703 5114 κηροπωλεῖα
3728 5042 3815 5096 καὶ

2237 5145 2305 5199 τὰ
2339 5143 2605 5216 γουνάρια
2642 5140 2735 5195 τοῦ
2768 5140 2936 5211 φόρου
2975 5139 3143 5209 μέχρι
3172 5135 3283 5191 τῶν
3318 5136 3537 5206 Ψιχῶν.

2307 5325 2417 5396 μβ’.
2462 5321 2810 5392 Ἐτελεύτησε
2856 5320 2912 5373 δὲ
2941 5318 3315 5391 Χριστοφόρος
3360 5318 3391 5369 ὁ
3421 5315 3687 5386 βασιλεὺς
3712 5331 3809 5385 μη-

2237 5418 2325 5479 νὸς
2359 5412 2670 5481 Αὐγούστου
2703 5452 2717 5477 ,
2769 5409 3100 5472 ἱνδικτιῶνος
3154 5406 3223 5471 δ’,
3275 5404 3450 5459 πολλὰ
3506 5404 3805 5475 κοιζναμένον

1809 5536 2042 5593 VARl/E
2077 5531 2479 5591 LECTIONES.

594 5622 927 5704 ’ξῖΚυμινᾷ
964 5647 1018 5704 p.
1041 5630 1145 5687 259
1175 5632 1229 5687 d.
1298 5631 1344 5663 "‘
1370 5630 1672 5702 Βαραχαιου
1711 5631 1781 5685 ib.
1842 5632 1901 5662 ⁸³·
1923 5630 2246 5701 [ιρεοὴηῑυιο.
2281 5625 2711 5695 ἐξαποστέλλειν.
2757 5624 2800 5655 ⁸⁸
2833 5623 2943 5677 imo
2978 5620 3087 5674 τῶν
3118 5621 3228 5683 τοῖς
3262 5635 3345 5672 στ.
3386 5617 3704 5689 ἱσταμένοις
3722 5610 3805 5667 Cf.

556 5720 611 5779 ι).
630 5702 737 5759 260
766 5702 822 5756 d.

1896 5818 1923 5845 π.
