3996 6208
211 290 305 353 973

1306 287 1505 347 ἮΤῶ
1544 284 2099 345 RECENTIORUM
2138 283 2348 344 IMPP.

3364 283 3468 348 97$

213 399 485 454 austum":
545 399 775 469 πατρὸς,
815 398 888 461 ὡς
928 399 1027 469 ἤδη
1060 399 1141 461 είς
1190 401 1367 468 γῆρας
1391 397 1558 450 αὐτοῦ
1586 396 1776 464 ἐληλα-

1890 402 2036 464 patre
2080 394 2231 449 illius
2271 395 2440 449 funus
2484 392 2691 463 ingenti
2743 393 2895 446 luctu
2949 392 3285 461 planctuque
3336 408 3473 461 pro-

215 492 356 554 κότος
413 491 507 543 καὶ
548 488 659 542 τῶν
711 488 845 541 υίῶν
883 488 1052 541 αὐτοῦ
1098 487 1178 541 ἐτι
1209 488 1418 558 νηπίων
1448 488 1635 540 ὄντων.
1669 485 1777 538 Καὶ

211 585 358 653 ἐτέθη
397 583 459 635 τδ
510 580 766 650 λείψανον
812 580 978 634 αὐτοῦ
1026 583 1085 633 ἐν
1118 583 1185 652 τῇ
1236 579 1464 650 ῥηθείσῃ
1501 582 1633 650 μονῇ
1681 578 1775 630 τοῦ

214 675 404 746 πατρὸς
440 672 627 728 αὑτοῦ.

180 840 183 845 ’
279 850 382 921 μγ’.
419 849 756 919 Κατήγαγον
782 848 840 901 δέ
865 848 960 902 καὶ
981 849 1257 921 Τρύφωνα
1287 847 1637 919 πατριάρχην
1668 847 1777 899 Αὐ-

212 944 413 1014 γούστῳ
438 942 593 1011 μηνὶ,
629 942 720 994 τὸν
747 941 909 1011 ῥητὸν
936 941 1129 1014 χρόνον
1152 940 1471 1005 τελέσαντα,
1504 938 1777 992 ίνδικτιῶ-

210 1054 293 1101 νος
337 1043 406 1104 γ’.
443 1037 553 1091 Καὶ
601 1034 853 1088 ἀπελθὼν
887 1036 944 1088 ἐν
993 1038 1061 1106 τῇ
1093 1034 1203 1106 ἰδίᾳ
1235 1032 1370 1105 μονῇ
1404 1032 1653 1103 τελευτᾷ,
1687 1048 1780 1100 χη-

213 1131 474 1201 ρευσάσης
523 1128 623 1198 τῆς
674 1127 1000 1199 Ἐκκλησίας
1036 1127 1226 1197 χρόνον
1261 1125 1361 1180 ἕνα
1388 1125 1484 1178 καὶ
1530 1124 1705 1193 μῆνας
1736 1119 1775 1174 ε’

207 1222 286 1276 διὰ
307 1224 365 1274 τὸ
389 1221 490 1291 τῆς
533 1219 750 1292 ἡλικίας
772 1220 960 1284 ἀτελὲς
990 1218 1369 1289 Θεοφυλάκτου
1406 1214 1524 1270 υίοῦ
1567 1215 1776 1285 Ῥωμα-

209 1314 294 1367 νοῦ
335 1312 620 1383 βασιλέωςο
673 1312 838 1366 αὑτὸν
886 1312 1018 1384 γὰρ,
1063 1311 1139 1375 ὡς
1169 1311 1406 1382 εἴρηται,
1444 1306 1639 1379 ἔμελλε
1667 1323 1776 1358 πα-

206 1404 465 1477 τριάρχην
489 1403 884 1474 ἀποκαθιστᾷν.

275 1673 372 1746 μδ’.
402 1675 685 1739 Βασίλειος
720 1675 778 1729 δέ
809 1692 893 1740 τις
923 1675 1193 1731 Μακεδὼν
1224 1674 1446 1743 πλάνος,
1479 1673 1775 1727 Κωνσταν·

1882 496 2093 551 secuto,
2144 487 2350 556 quippe
2393 486 2535 556 ejus,
2586 487 2697 556 jam
2731 496 2993 554 vergente
3048 482 3129 537 illi
3164 490 3345 547 aetate,
3398 484 3469 538 li-

1880 578 1998 632 beri
2032 578 2215 632 adhuc
2240 578 2399 647 pueri
2428 585 2616 632 essent
2643 592 2707 630 ac
2741 575 3050 630 minuscula
3083 582 3264 629 aetate.
3294 575 3471 644 Depo-
3536 566 3539 575 ’

1882 668 2047 723 situm
2080 667 2230 721 illius
2259 667 2496 721 cadaver
2527 667 2584 720 in
2613 666 2784 735 patris
2811 666 2898 721 sui
2922 664 3282 730 monasterio,
3311 666 3471 736 cujus

1882 758 1938 811 in
1967 757 2351 827 superioribus
2382 757 2756 812 meminimus.

1950 852 2039 905 45.
2094 849 2200 905 Sed
2240 858 2297 903 et
2328 850 2681 921 Tryphonem
2726 853 3097 921 patriarcham
3134 870 3323 912 mense
3356 855 3471 910 Au-

1880 952 2073 1013 gusto,
2115 941 2418 997 indictione
2473 943 2640 1011 912
2697 944 2896 1009 tertia,
2947 947 3169 1015 expleto
3208 948 3319 1018 jam
3364 957 3474 1002 sta-

1883 1041 2001 1090 tuto
2046 1042 2317 1103 tempore,
2367 1033 2536 1104 gradu
2578 1044 2912 1101 moverunt;
2952 1038 3254 1109 abiensque
3287 1040 3343 1094 in
3375 1056 3473 1095 sua

1881 1123 2215 1179 monasteria
2249 1124 2376 1178 fatis
2418 1123 2710 1190 concedit,
2765 1125 3012 1183 Ecclesia
3054 1138 3276 1198 pastore
3304 1130 3472 1185 vidua

1880 1223 2139 1269 manente
2204 1229 2410 1269 annum
2480 1230 2653 1269 unum
2707 1229 2929 1271 menses
2980 1218 3260 1289 quinque,
3324 1223 3470 1290 quod

1881 1303 2330 1375 Theophylactus
2374 1304 2611 1359 Romani
2655 1304 3012 1375 imperatoris
3049 1308 3194 1364 ﬁlius
3222 1309 3470 1364 nondum

1882 1404 2095 1451 matura
2156 1395 2293 1453 satis
2344 1405 2505 1455 aetate
2554 1405 2702 1453 esset
2760 1415 2774 1451 :
2835 1398 3016 1469 ipsum
3078 1400 3230 1456 enim
3288 1411 3468 1471 pater,

1883 1488 1964 1541 uti
2027 1487 2237 1543 dictum
2302 1496 2427 1553 est,
2476 1474 2844 1544 constitue'rat
2905 1489 3274 1559 patriarcham
3330 1506 3472 1561 pra:-

1882 1579 2073 1636 ﬁcere.

1951 1671 2043 1726 44.
2096 1671 2333 1727 Basilius
2361 1672 2585 1742 quidam
2620 1673 2843 1730 Macedo
2876 1674 3166 1744 impostor,
3199 1674 3470 1730 Constan-

203 1745 337 1821 τίνον
370 1767 549 1820 Δοῦκα
579 1767 772 1821 ἐαυτὸν
814 1764 957 1822 εἶναι
992 1767 1360 1838 ἐπιφημίσας,
1390 1766 1621 1829 πολλοὺς
1654 1764 1773 1836 μεθ’

1890 1765 2062 1819 tinum
2097 1766 2304 1821 Ducem
2347 1782 2407 1822 se
2444 1782 2568 1823 esse
2598 1769 2833 1838 jactans,
2883 1770 3087 1823 multos
3134 1768 3241 1822 sibi
3274 1768 3471 1839 adjun-

206 1861 390 1914 ἐαυτοῦ
428 1861 791 1930 συνεπήγετο.
826 1854 998 1925 Οὗτος
1025 1860 1324 1931 κρατηθεὶς
1368 1859 1476 1913 ὑπὸ
1522 1857 1778 1928 Ἐλεφαν-

203 1947 340 2000 τίνου
377 1948 725 2018 τουρμάρχου
777 1948 844 2002 ἐκ
891 1948 987 2002 τοῦ
1032 1949 1279 2020 Ὀψικίου
1334 1949 1487 2014 ὄντος
1525 1949 1668 2021 ἤχθη
1717 1949 1776 2000 ἐν

204 2043 795 2113 Κωνσταντινουπόλει,
829 2044 924 2097 καὶ
955 2043 1063 2097 ὑπὸ
1091 2043 1186 2097 τοῦ
1222 2044 1468 2115 ἐπάρχου
1510 2043 1611 2112 τῆς
1648 2042 1778 2111 μιᾶς

201 2134 573 2205 ἀλλοτριοῦται
604 2136 807 2207 χειρός.
865 2131 1003 2191 Εἶτα
1056 2135 1253 2207 καιροῦ
1283 2136 1584 2206 λαϐόμενος
1614 2151 1777 2188 κατα-

198 2225 464 2296 λαμϐάνει
504 2226 665 2280 πάλιν
706 2228 767 2280 τδ
812 2228 1076 2298 Ὀψίκιον,
1107 2231 1202 2284 καὶ
1224 2232 1384 2301 χεῖρα
1418 2229 1625 2299 χαλκῆν
1653 2227 1775 2283 ἀντὶ

200 2318 300 2386 τῆς
329 2319 591 2391 κοπείσης
633 2321 1165 2391 προσαρμοσάμενος
1219 2321 1314 2376 καὶ
1345 2321 1564 2390 σπάθην
1602 2322 1775 2391 ὑπερ-

205 2408 405 2479 μεγέθη
441 2411 988 2481 κατασκευασάμενος
1010 2412 1182 2483 ᾤχετο
1208 2413 1426 2467 πλανῶν
1471 2408 1632 2475 αὖθις
1668 2412 1775 2464 τῶν

198 2501 610 2571 ἀγυρτευόντων
643 2503 896 2568 πολλοὺς,
940 2505 1017 2567 ὡς
1050 2506 1219 2568 αὐτὸς
1250 2505 1338 2575 εἴη
1365 2505 1778 2565 Κωνσταντϊνος

196 2595 227 2645 ὁ
253 2591 344 2646 τοῦ
373 2594 600 2657 Δουκός’
630 2594 726 2658 οὓς
756 2594 850 2648 καὶ
882 2596 1343 2666 συνεφελκόμενος
1369 2595 1612 2664 μεγάλην
1636 2581 1781 2647 κατᾶ

212 2684 511 2752 Ῥωμανίας
556 2685 857 2757 ἁνταρσίαν
918 2688 1079 2739 κινεῖ.
1132 2685 1245 2737 Καὶ
1290 2683 1553 2755 φρούριον
1604 2701 1779 2737 κατα-

198 2774 340 2846 σχὼν
380 2776 409 2828 ὃ
456 2776 697 2830 Πλατεῖα
750 2776 927 2847 πέτρα
977 2775 1446 2847 κατονομάζεται,
1492 2777 1602 2829 πᾶν
1636 2770 1778 2838 εἶδος

194 2868 472 2937 ἐδωδίμων
495 2872 553 2924 ἐν
582 2869 758 2940 τούτῳ
786 2869 1039 2923 ἀπέθετω
1067 2870 1160 2939 ἀφ’
1187 2864 1249 2923 οὗ
1273 2867 1522 2940 ἐξορμῶν
1554 2868 1779 2939 ἐλεηλά-

190 2975 277 3011 τει
310 2959 402 3013 καὶ
435 2962 564 3021 τοὺς
606 2960 1020 3030 παρατυχόντας
1054 2960 1444 3032 προενόμευεν.
1495 2960 1778 3013 ’Λποστεί-

189 3053 292 3116 λας
338 3049 432 3106 οὖν
472 3055 501 3107 ὁ
554 3054 811 3124 βασιλεὺς
861 3053 1092 3123 στρατὸν
1139 3055 1260 3107 κατ’
1308 3053 1476 3107 αὑτοῦ
1509 3054 1673 3107 αὐτόν
1717 3070 1778 3106 τε

187 3145 491 3197 συνέλαϐεν
517 3145 611 3198 καὶ
638 3145 764 3207 τοὺς
797 3145 894 3197 σὺν
923 3145 1091 3215 αὐτῷ.
1128 3148 1224 3199 Ὃν
1263 3147 1357 3199 καὶ
1387 3146 1689 3214 ἀγαγόντες
1721 3136 1779 3198 ἐν

180 3240 260 3308 τῇ
307 3237 459 3289 πόλει
488 3236 780 3307 ἀνέκρινάν
808 3254 868 3289 τε
896 3239 989 3290 καὶ
1015 3238 1218 3301 πολλὰς
1261 3238 1482 3307 πληγὰς
1527 3238 1779 3291 ἐπετίθε-

179 3342 321 3386 σαν,
353 3323 446 3375 τοῦ
474 3325 603 3386 τοὺς
648 3325 957 3389 στασιώτας
977 3368 991 3392 ,
1049 3328 1103 3380 εί
1147 3345 1296 3391 τινες
1328 3324 1460 3390 εἷεν,
1487 3330 1682 3383 εἰπεῖν.
1720 3329 1781 3380 '0

176 3413 250 3465 δὲ
279 3412 510 3475 πολλοὺς
534 3412 641 3465 τῶν
671 3414 729 3467 ἐν
756 3415 898 3467 τέλει
927 3415 1285 3483 ἐσυκοφάντει
1313 3414 1527 3482 ψευδῶς
1548 3414 1625 3476 ὡς
1656 3430 1780 3466 συν-

173 3507 353 3569 όντας
382 3503 550 3575 αὐτῷ.
585 3505 770 3575 Μηδὲν
798 3507 853 3560 δέ
897 3505 1070 3577 ἀληθῆ
1112 3507 1233 3559 κατ’
1257 3506 1439 3560 αὐτῶν
1470 3505 1650 3575 λέγειν
1689 3505 1780 3572 ἐξ·

178 3599 475 3669 ελεγχθεὶς
508 3601 566 3652 ἐν
609 3602 723 3663 τοῖς
760 3598 1163 3671 Ἀμαστριανοῦ
1199 3599 1368 3670 πυρὸς
1392 3600 1778 3671 παρανάλωμα

177 3694 424 3763 γίνεται.

265 3783 374 3855 με’.
441 3787 851 3856 Χειροτονείται
910 3785 968 3838 δὲ
1020 3784 1367 3856 πατριάρχης
1432 3786 1461 3838 ὁ
1518 3785 1777 3848 πολλάκις

124 3866 127 3869 ’
178 3877 383 3949 ῥηθεὶς
409 3875 502 3930 τοῦ
530 3876 793 3946 βασιλέως
844 3876 958 3939 υἱὸς
984 3876 1381 3945 Θεοφύλακτος,
1408 3876 1775 3946 Φεϐρουαρίου

179 3970 257 4041 β’,
298 3970 629 4033 ίνδικτιῶνος
662 3973 736 4035 ς’,
765 3968 1156 4040 τοποτηρητῶν
1187 3966 1274 4038 [Ρ.
1306 3964 1433 4038 588]
1462 3967 1527 4018 ἐκ
1557 3965 1777 4035 Ῥώμης

173 4064 456 4119 ἐλθόντων
492 4065 588 4117 καὶ
640 4064 808 4131 τόμον
843 4061 1125 4116 συνοδικδν
1174 4059 1594 4129 ἐπιφερομένων
1646 4057 1777 4128 περὶ

175 4156 292 4226 τῆς
338 4154 503 4209 αὐτοῦ
531 4154 868 4225 χειροτονίας
900 4152 1310 4222 διαγορεύοντω
1353 4150 1403 4205 οἳ
1439 4149 1636 4219 καὶτῷ
1667 4165 1775 4203 πα-

174 4248 501 4320 τριαρχικῷ
531 4247 707 4318 θρόνω
742 4247 933 4301 τοῦτον
971 4246 1278 4301 ἐνίδουσαν.

1887 1863 1985 1917 xit.
2032 1842 2131 1918 Hic
2168 1863 2238 1918 ab
2272 1864 2644 1932 Elephantino
2690 1863 2919 1917 tribuno
2957 1862 3253 1932 Opsiciano
3280 1874 3474 1933 captus

1888 1957 2053 2026 inque
2090 1956 2284 2011 urbem
2321 1956 2594 2009 adductus
2637 1972 2668 2009 a
2710 1957 2973 2025 praefecto
3009 1956 3178 2010 altera
3211 1971 3472 2010 manuum

1887 2058 2176 2104 truncatus
2236 2057 2320 2103 est
2398 2046 2757 2102 Postmodum
2790 2062 2925 2101 vero
2975 2047 3320 2102 occasionem
3372 2062 3473 2101 na-

1885 2151 2012 2198 ctus
2048 2140 2117 2195 ad
2162 2140 2445 2210 Opsicium
2486 2138 2665 2204 redit;
2721 2153 3033 2209 areamque
3084 2138 3190 2193 sibi
3250 2146 3472 2193 manum

1884 2243 2081 2303 aptans
2133 2232 2253 2301 ejus
2314 2232 2436 2285 loco
2477 2245 2599 2299 quae
2644 2230 2829 2285 excisa
2876 2237 3031 2293 erat,
3085 2230 3475 2300 ingentemque

1884 2327 2127 2397 gladium
2198 2324 2506 2387 fabricans,
2544 2322 2771 2375 .multos
2838 2323 3045 2376 iterum
3110 2322 3475 2377 circumfora-

1886 2433 2022 2473 neos
2066 2431 2129 2470 ac
2167 2414 2473 2469 nebulones
2515 2411 2790 2467 seducens
2832 2413 2912 2465 sic
2942 2411 3275 2480 vagabatur,
3319 2413 3477 2467 velut

1884 2508 1981 2578 qui
2033 2506 2431 2561 Constantinus
2481 2503 2650 2557 Ducis
2706 2502 2853 2557 ﬁlius
2890 2512 3058 2556 esset.
3105 2503 3310 2558 lterum
3374 2503 3478 2557 ita-

1886 2615 1995 2671 que
2044 2605 2328 2653 contracta
2372 2612 2538 2650 manu
2584 2610 2836 2665 magnam
2881 2594 3149 2649 adversus
3195 2610 3312 2650 rem
3369 2595 3475 2650 Ro-

1888 2705 2105 2745 manam
2169 2688 2372 2742 conﬁat
2428 2687 2831 2752 rebellionem;
2882 2684 3199 2756 oppidoque
3261 2686 3479 2740 munito

1888 2783 2130 2855 potitus,
2195 2779 2284 2833 cui
2345 2793 2546 2833 nomen
2610 2778 2746 2832 Lata
2801 2785 2993 2848 petra,
3045 2777 3339 2847 omnisque
3390 2792 3478 2847 ge-

1888 2868 2041 2922 neris
2077 2869 2133 2923 in
2166 2884 2233 2924 eo
2277 2884 2496 2923 annona
2543 2868 2823 2937 reposita,
2881 2867 3011 2923 inde
3050 2881 3347 2936 erumpens
3373 2867 3457 2921 cir

1886 2975 2014 3014 cum
2050 2959 2291 3014 vicinam
2327 2959 2651 3029 religionem
2690 2958 3059 3028 populabatur
3083 2958 3305 3028 lateque
3338 2972 3474 3027 pm-

1887 3050 1986 3105 das
2026 3050 2241 3120 agebat.
2285 3048 2465 3104 Missis
2507 3048 2694 3118 itaque
2735 3049 3038 3118 imperator
3066 3048 3331 3103 adversus
3351 3064 3477 3104 eum

1887 3146 2065 3215 c0piis
2105 3154 2223 3200 tum
2265 3146 2447 3214 ipsum
2485 3145 2655 3214 cepit,
2700 3151 2819 3198 tum
2850 3145 2946 3214 qui
2989 3145 3070 3198 illi
3123 3145 3260 3201 socii
3296 3156 3477 3200 erant.

1888 3238 2180 3292 lnductum
2235 3238 2291 3291 in
2352 3237 2547 3291 urbem
2606 3236 2817 3307 judicio
2870 3237 3119 3303 sistunt;
3183 3245 3350 3307 atque
3407 3237 3476 3291 ad

1885 3332 2220 3401 quaestiones
2266 3331 2539 3398 adhibito,
2583 3338 2735 3386 etut
2775 3331 2955 3386 socios
2998 3331 3229 3401 prodat,
3277 3332 3480 3387 multas

1886 3424 2075 3493 plagas
2134 3423 2478 3493 imponunt:
2523 3422 2619 3493 qui
2672 3423 2881 3477 multos
2942 3438 3268 3493 procerum,
3315 3425 3477 3493 quasi

1883 3516 1989 3571 sibi
2017 3516 2407 3579 adbaesissent,
2454 3530 2556 3585 per
2583 3515 2915 3576 calumniam
2942 3514 3143 3569 defert.
3177 3514 3479 3570 Convictu.

1880 3622 2016 3661 vero
2038 3606 2179 3660 nihil
2208 3606 2291 3661 eis
2314 3604 2431 3660 veri
2454 3605 2706 3660 criminis
2731 3604 2975 3676 objicere
2994 3647 3008 3671 ,
3039 3603 3108 3659 ad
3145 3605 3476 3662 Amastriani

1882 3699 1993 3769 igni
2019 3698 2343 3753 combustus
2372 3706 2478 3753 est.

1950 3791 2114 3860 913
2152 3790 2242 3845 45.
2291 3791 2467 3856 Quem
2522 3805 2654 3845 vero
2690 3790 2892 3859 saepius
2933 3791 3069 3856 dixi;
3124 3791 3477 3863 imperatoris

1880 3883 2028 3937 ﬁlius
2080 3882 2533 3952 Theophylactus
2596 3882 2913 3951 patriarcha
2980 3884 3292 3949 ordinatur,
3368 3885 3473 3939 Fe-

1880 3972 2093 4027 bruarii
2150 3972 2358 4026 mensis
2409 3972 2498 4026 die
2559 3972 2844 4037 secunda,
2917 3973 3220 4029 indictione
3280 3984 3470 4037 sexta,

1882 4080 2009 4119 cum
2049 4063 2308 4119 adessent
2370 4080 2438 4118 ex
2492 4063 2665 4118 Roma
2725 4065 2952 4129 vicarii,
3015 4074 3336 4135 tomumquc
3387 4078 3475 4136 sy-

1885 4156 2144 4211 nodalem
2217 4155 2288 4210 de
2356 4156 2506 4211 illius
2571 4164 2901 4210 tractantem
2967 4156 3319 4211 ordinatione
3386 4156 3472 4210 in-

1881 4250 2136 4314 ferrent;
2185 4249 2282 4319 qui
2333 4258 2391 4305 et
2437 4250 2493 4304 in
2540 4249 2898 4319 patriarchali
2945 4248 3077 4304 sede
3126 4264 3255 4303 eum
3303 4248 3475 4303 collo-

1882 4356 2013 4397 cave
2020 4357 2078 4396 re
2086 4381 2098 4394 .

262 4433 387 4497 μς’.
449 4426 513 4479 Ἦ
552 4425 608 4478 δὲ
640 4425 908 4497 εἰρημένη
936 4423 1032 4479 τοῦ
1062 4423 1328 4495 βασιλέως
1368 4421 1649 4493 Ῥωμανοῦ
1681 4422 1776 4489 ὲγ-

1952 4439 2041 4493 46.
2063 4437 2206 4506 Quin
2239 4440 2385 4494 dicta
2415 4453 2635 4508 quoque
2657 4438 2890 4493 Romani
2918 4438 3264 4508 imperatoris
3289 4428 3471 4507 neptis

173 4520 325 4591 γόνη
356 4519 571 4589 Μαρία,
607 4520 642 4589 ἡ
682 4518 821 4588 γυνὴ
856 4517 1067 4587 Πέτρου
1117 4515 1385 4586 βασιλέως
1411 4513 1774 4585 Βουλγαρίας,

170 4618 242 4667 ἐν
294 4615 363 4683 τῇ
396 4612 548 4663 πόλει
590 4610 806 4680 εἰσῆλθε
852 4609 947 4662 τοῦ
978 4608 1070 4662 τὸν
1118 4609 1250 4661 ίδιον
1292 4610 1506 4678 πατέρα
1550 4609 1645 4661 καὶ
1685 4607 1778 4660 τὸν

170 4705 420 4758 πάππον
458 4705 630 4767 αὐτῆς
675 4702 1100 4771 ἐπισκέψασθαι.
1154 4701 1476 4754 Τελευταῖον
1525 4700 1582 4752 δὲ
1639 4698 1778 4768 μετὰ

168 4798 404 4852 παίδων
435 4795 654 4865 εἰσῆλθε
685 4797 875 4865 τριῶν,
911 4795 1011 4867 ἤδη
1059 4794 1152 4846 τοῦ
1186 4792 1395 4864 πατρὸς
1438 4792 1610 4861 αὐτῆς
1638 4793 1775 4861 Χρι-

165 4890 460 4960 στοφόρου
516 4888 964 4958 τελευτήσαντος.
1021 4887 1258 4942 Πλοῦτον
1315 4885 1409 4939 οὖν
1468 4886 1619 4956 παρὰ
1678 4883 1775 4937 τοῦ

163 4981 426 5035 πάππου
476 4979 720 5033 λαϐοῦσα
772 4979 939 5034 πολὺν
998 4978 1091 5031 καὶ
1138 4976 1353 5046 ἔντιμον
1392 4978 1629 5047 ἐντίμως
1676 4976 1777 5028 ὑπ-

162 5072 447 5144 έστρεψε.

252 5162 376 5237 μς.
442 5164 723 5236 Ῥωμανδς
758 5163 815 5217 δὲ
853 5165 882 5216 ὁ
935 5162 1188 5233 βασιλεὺς
1241 5160 1320 5229 τῷ
1368 5160 1469 5231 υἱῷ
1516 5160 1775 5229 Στεφάνῳ

160 5257 429 5327 γυναῖκα
453 5256 718 5325 ἠγάγετο,
740 5253 1017 5325 θυγατέρα
1043 5250 1210 5304 οὖσαν
1233 5249 1585 5320 Γαϐριηλίου,
1616 5250 1777 5318 ἐγγό-

158 5369 277 5423 νην
316 5349 383 5403 δέ
410 5349 734 5414 Κατακύλα,
761 5349 959 5401 Ἀνναν
988 5344 1237 5415 ὀνόματι.
1269 5344 1421 5416 Ἅμα
1449 5343 1505 5397 δὲ
1529 5342 1607 5412 τῷ
1636 5361 1777 5413 νυμ-

158 5442 338 5513 φικῷ
391 5442 645 5512 στεφάνῳ
683 5441 777 5495 καὶ
817 5442 847 5494 ὁ
881 5440 982 5509 τῆς
1026 5437 1301 5509 βασιλείας
1331 5435 1479 5509 αὐτῷ
1511 5437 1776 5506 στέφανος

161 5537 450 5607 ἐπετέθη.

247 5635 377 5700 μη’.
420 5629 668 5697 Ἐγένετο
700 5626 757 5682 δέ
798 5624 1125 5695 ἐκστρατεία
1153 5622 1347 5694 πρώτη
1379 5622 1486 5677 τῶν
1513 5622 1774 5695 Τούρκων

162 5721 331 5777 κατὰ
374 5720 661 5794 Ῥωμαίων
708 5718 1039 5781 ἰνδικτιῶνος
1090 5715 1154 5782 ζ’,
1195 5715 1511 5788 Ἀπριλλίῳ
1537 5714 1685 5787 μηνίο
1723 5714 1773 5768 οἳ

1883 4527 2085 4594 Maria,
2134 4529 2285 4584 Petri
2337 4528 2606 4599 Bulgaria:
2654 4530 2923 4599 principis
2958 4544 3118 4592 uxor,
3176 4529 3232 4583 in
3274 4529 3470 4583 urbem

1882 4621 2128 4691 ingressa
2166 4630 2253 4676 est
2295 4628 2509 4691 patrem
2551 4637 2823 4692 avumque
2868 4621 3137 4676 invisura.
3183 4623 3472 4677 Postremo

1884 4713 2106 4768 tandem
2136 4712 2289 4767 venit
2327 4725 2443 4767 tres
2486 4727 2675 4767 secum
2720 4714 2930 4769 liberos
2972 4715 3291 4780 adducens,
3341 4730 3469 4769 cum

1875 4804 1990 4874 jam
2030 4804 2466 4875 Christophorus
2510 4805 2631 4876 ejus
2677 4815 2833 4875 pater
2876 4806 3016 4861 vivis
3057 4816 3345 4877 exemptus
3384 4822 3473 4863 es-

1880 4903 1984 4949 set.
2054 4894 2241 4949 Multis
2294 4896 2482 4965 itaque
2552 4896 2939 4966 praaclarisque
2994 4897 3081 4951 avi
3139 4897 3467 4952 muniﬁcen-

1882 4987 1954 5041 tia
2016 4985 2218 5041 donata
2292 4986 2502 5043 divitiis
2567 4989 2873 5043 honoriﬁce
2943 4990 3169 5045 domum
3248 5007 3466 5046 reversa

1878 5085 1980 5131 est.

1948 5170 2038 5224 47.
2072 5170 2356 5227 Romanus
2385 5188 2518 5227 vero
2546 5172 2847 5243 imperator
2873 5172 3155 5244 Stephano
3187 5174 3299 5229 lilio
3326 5190 3463 5229 uxo-
3508 5230 3514 5240 ,

1878 5276 1994 5317 rem
2019 5263 2164 5318 locat
2185 5262 2457 5321 Gabrielis
2478 5265 2667 5330 ﬁliam,
2696 5265 2964 5338 Catacylae
2996 5267 3227 5336 neptim,
3250 5267 3462 5323 Annam

1876 5355 2145 5422 nomine;
2194 5372 2259 5411 ac
2302 5372 2428 5413 cum
2476 5359 2711 5429 nuptiali
2756 5368 2906 5414 serto
2952 5358 3267 5429 Augustalis
3299 5360 3462 5415 etiam

1878 5462 2084 5504 corona
2114 5449 2193 5504 illi
2217 5450 2472 5521 imposita
2501 5458 2605 5506 est.

1949 5625 2039 5680 48.
2101 5624 2349 5699 Contigit
2397 5641 2529 5681 vero
2593 5626 2770 5697 prima
2832 5626 3141 5681 Turcorum
3198 5625 3464 5680 adversus

1878 5720 2157 5779 Romanos
2233 5720 2513 5793 expeditio
2589 5736 2780 5778 mense
2856 5719 3072 5791 Aprili,
3160 5716 3463 5776 indictione
