3996 6208
531 307 641 372 975

1802 294 2125 356 GEORGII
2167 290 2513 351 MONACHI

3706 282 3805 342 9'16

531 420 790 491 septima.
841 418 907 473 lli
956 416 1025 473 ad
1076 416 1278 470 urbem
1335 428 1511 484 usque
1568 420 1931 467 excurrentes
1987 425 2120 464 cun-

2259 406 2327 459 εαὶ
2380 402 2823 475 καταδραμόντες
2880 400 3041 475 μέχρι
3102 400 3204 473 τῆς
3260 400 3468 463 πόλεως
3514 399 3809 470 ὲληῒσαντο

532 522 652 569 ctos
682 527 795 583 per
833 509 1127 565 Thraciam
1180 508 1373 561 obvios
1412 504 1595 575 praeda
1642 504 1895 574 abegere.
1932 502 2126 555 Missus

535 606 723 674 itaque
784 601 1159 670 Theophanes
1209 598 1476 669 patricius
1527 593 1990 666 protovestiarius
2029 594 2128 645 im-

533 698 787 768 periique
836 693 1165 747 administer
1202 706 1275 745 ac
1312 691 1582 760 princeps
1626 699 1881 753 senatus,
1927 697 1988 743 ut
2034 703 2130 757 pa-

536 804 656 843 cem
703 802 829 840 cum
876 785 957 839 eis
1006 791 1364 853 componeret
1418 782 1772 851 captivosque
1834 781 2126 850 reciperet.

537 881 709 934 Porro
739 878 1109 947 Theophanes
1142 874 1310 945 914
1356 872 1673 928 admiranda
1724 872 2022 941 prudentia
2068 886 2133 926 ac

537 971 835 1042 sagacitate
877 969 986 1023 illis
1015 984 1151 1022 usus
1180 976 1379 1021 cuncta
1408 982 1475 1021 ex
1509 974 1639 1019 voto
1675 964 1947 1027 confecit,
1986 963 2132 1017 mul-

539 1072 650 1116 tam
690 1078 758 1115 ex
800 1060 912 1115 illis
953 1076 1023 1115 eo
1070 1059 1294 1113 nomine
1340 1057 1556 1112 laudem
1606 1073 1671 1111 ac
1710 1057 2132 1110 admirationem

541 1162 900 1210 consecutus.
984 1152 1217 1219 Quando
1292 1160 1349 1205 et
1427 1151 1710 1203 Romanus
1792 1149 2132 1218 imperator,

540 1256 747 1316 quanta
779 1244 1189 1315 magnificentia
1224 1251 1280 1298 et
1307 1242 1647 1297 humanitate
1682 1248 1989 1311 praestaret.
2023 1257 2138 1295 ma-

541 1339 807 1394 nifestum
856 1338 1020 1403 fecit,
1072 1337 1244 1391 nullis
1294 1335 1610 1405 sumptibus
1653 1349 1910 1405 parcens,
1957 1334 2136 1388 solum

546 1434 607 1480 ut
640 1428 1021 1481 liberarentur
1052 1426 1278 1515 captivi.

613 1518 703 1572 49.
734 1517 962 1570 Locavit
985 1531 1121 1570 vero
1139 1513 1425 1569 Romanus
1454 1515 1756 1585 imperator
1772 1513 2139 1570 Constantino

547 1609 791 1663 ﬁliorum
815 1618 948 1663 natu
976 1607 1204 1661 minimo
1227 1624 1455 1662 uxorem
1486 1609 1775 1672 llelenam,
1799 1607 2025 1661 Adriani
2051 1623 2141 1677 pa-

2231 500 2412 553 πᾶσαν
2435 497 2709 569 Θρακῲαν
2740 497 2936 568 ψυχήν.
2981 493 3288 564 Ἀπεστάλη
3320 493 3415 547 οὖν
3461 494 3491 545 6
3522 492 3813 562 πατρίκιος

2228 592 2511 660 Θεοφάνης
2566 592 2595 643 6
2653 589 3146 660 πρωτοδεστιάριος
3188 586 3281 641 καὶ
3319 584 3814 656 παραδυναστεύων

2236 686 2355 757 μετ’
2388 684 2568 739 αὐτῶν
2626 684 2848 753 ποιῆσαι
2899 682 3187 749 ἁλλάγιον,
3241 680 3301 742 ὃς
3349 680 3447 733 καὶ
3494 678 3814 747 θαυμασίως

2232 776 2329 829 καὶ
2354 774 2594 837 συνετῶς
2628 774 2825 835 αὐτοὺς
2853 770 3125 841 μετελθὼν
3159 773 3372 839 ὅσαπερ
3403 768 3671 839 ἠϐούλετο
3694 783 3816 821 κατ-

2234 868 2534 939 επράξατο,
2578 866 2751 919 πολλὰ
2797 866 2927 935 παρ’
2978 863 3158 918 αὺτῶν
3194 862 3289 915 ἐπὶ
3317 863 3386 932 τῇ
3422 862 3688 931 φρονήσει
3728 860 3816 911 καὶ

2234 959 2495 1032 εὐϐουλίᾳ
2536 957 2843 1020 ἐπαινεθείς
2877 973 2935 1009 τε
2965 955 3060 1010 καὶ
3095 953 3455 1021 θαυμασθείςο
3493 953 3585 1005 ὅτε
3633 953 3728 1005 καὶ
3764 953 3817 1003 τὸ

2238 1052 2613 1124 μεγαλόψυχον
2663 1050 2829 1105 αὑτοῦ
2888 1048 2984 1103 καὶ
3043 1046 3432 1117 φιλάνθρωπον
3481 1048 3509 1099 6
3562 1044 3817 1115 βασιλεὺς

2246 1146 2531 1217 Ῥωμανὸς
2557 1144 2889 1208 ἐπεδείξατο,
2927 1140 3154 1212 μηδενὸς
3188 1139 3520 1210 φεισάμενος
3544 1139 3818 1210 χρήματος

2234 1239 2376 1309 πρὸς
2417 1238 2517 1308 τὴν
2554 1236 2666 1291 τῶν
2707 1234 3075 1307 αἰχμαλώτων
3107 1232 3433 1304 ἀνάρρυσιν.

2314 1502 2425 1571 μθ’.
2472 1502 2742 1575 Ἠγάγετο
2795 1500 2852 1554 δὲ
2888 1501 3122 1569 γυναῖκα
3164 1499 3193 1550 6
3238 1498 3496 1567 βασιλεὺς
3554 1498 3817 1566 Ῥωμανὸς

2240 1594 2321 1666 τῷ
2350 1594 2646 1664 τελευταίῳ
2695 1589 2859 1645 αὑτοῦ
2916 1589 3018 1661 υἱῷ
3072 1589 3479 1659 Κωνσταντίνῳ
3533 1590 3599 1641 ὲκ
3643 1588 3817 1656 γένους

549 1700 692 1755 tricii
739 1700 938 1765 tiliam,
982 1702 1176 1771 stirpis
1214 1701 1589 1766 Armeniacae;
1638 1715 1745 1770 qua
1784 1712 1840 1755 et
1883 1700 2142 1754 defuncta

2259 1688 2352 1741 ιῶν
2394 1684 2792 1770 Ἀρμενιακῶν,
2830 1681 3066 1751 τοῦνομα
3109 1682 3367 1751 Ἑλένην,
3408 1679 3506 1733 τοῦ
3530 1681 3818 1749 πατρικίου

549 1794 763 1849 mensis
790 1762 1199 1849 Februarii-die
1225 1795 1400 1848 altera
1438 1762 1671 1848 alteram
1698 1794 1750 1848 ei
1782 1793 2145 1862 Theophano—

2261 1762 2546 1851 Ἀδριανοῧ
2620 1778 2936 1847 θυγατέρα·
2975 1771 3045 1848 ἧς
3098 1776 3194 1829 καὶ
3259 1776 3675 1845 τελευτησάσης
3726 1775 3821 1826 Φε-

548 1898 677 1937 nem
711 1883 934 1937 nomine
961 1891 1195 1951 nuptum
1230 1879 1479 1936 tradidit.

620 2057 709 2114 50.
756 2057 908 2113 Junii
962 2057 1171 2111 mensis
1224 2055 1550 2121 undecima,
1599 2054 1904 2110 indictione
1955 2057 2149 2123 quinta

553 2149 793 2211 decima,
844 2149 1006 2203 Βυεεί
1052 2148 1324 2202 instructa
1366 2147 1539 2201 classe
1587 2147 1655 2201 ad
1688 2147 1880 2202 decem
1925 2147 2147 2201 navium

554 2240 729 2295 millia
758 2239 1027 2294 adversus
1055 2237 1377 2310 Byzantium
1412 2237 1763 2307 navigarunt.
1795 2238 1993 2293 Missus
2016 2252 2150 2292 vero

554 2343 643 2388 est
687 2348 814 2387 cum
848 2331 1172 2386 triremibus
1193 2338 1250 2385 et
1286 2330 1594 2396 celocibus,
1627 2338 1901 2400 quotquot
1928 2329 1983 2384 in
2013 2330 2149 2385 urbe

554 2426 864 2488 exstabant,
887 2424 1257 2493 Theophanes
1274 2422 1541 2494 patricius
1556 2422 1863 2493 subadjuva
1880 2430 1935 2477 et
1958 2431 2151 2493 proto-

556 2517 890 2581 vestiarius;
930 2516 1310 2586 instructaque
1360 2524 1416 2570 et
1464 2525 1655 2585 parata
1694 2516 1892 2581 classe,
1956 2517 2151 2587 jejunii

556 2624 624 2665 ac
676 2609 1043 2681 lacrymarum
1081 2609 1333 2679 apprime
1392 2608 1655 2678 praesidio
1699 2609 1969 2675 munitus,
2009 2610 2155 2665 Rus-

557 2716 652 2757 sos
695 2701 1083 2771 operiebatur,
1140 2701 1337 2757 navale
1378 2715 1506 2755 cum
1554 2700 1637 2756 eis
1670 2709 1954 2756 certamen
1998 2716 2153 2756 com-

559 2794 857 2848 missurus.
900 2792 1152 2863 Cumque
1206 2792 1287 2846 illi
1338 2793 1449 2862 jam
1491 2792 1777 2848 venissent
1845 2808 1910 2847 ac
1975 2793 2154 2847 Phare

559 2886 1049 2955 propinquassent,
1105 2884 1224 2954 ipse
1275 2885 1341 2939 ad
1384 2884 1584 2939 Euxini
1630 2884 1819 2940 fauces
1857 2886 2154 2939 stationem

560 2976 803 3040 habens,
877 2976 933 3030 in
989 2977 1112 3030 loco
1175 2991 1341 3044 quem
1409 2975 1637 3030 Hierum
1699 2985 1899 3030 vocant
1954 2976 2064 3045 (ac
2108 2976 2154 3030 si

2248 1871 2527 1942 ϐρουαρίῳ
2562 1872 2721 1942 μηνὶ,
2765 1868 3097 1933 ίνδικτιῶνος
3145 1866 3212 1938 β’,
3247 1868 3442 1938 ἑτέραν
3476 1867 3655 1935 τούτῳ
3703 1883 3820 1919 συν-

2247 1965 2459 2033 έζευξε.

2320 2065 2383 2111 ν’.
2423 2058 2623 2125 Ἰουνίῳ
2668 2056 2724 2111 δὲ
2754 2057 2886 2126 μηνὶ
2918 2054 3005 2117 ια’.
3046 2054 3376 2115 ἰνδικτιῶνος
3402 2060 3479 2115 ιε’,
3510 2052 3827 2106 κατέπλευ-

2251 2168 2351 2204 σαν
2376 2151 2427 2203 oi
2455 2149 2595 2213 Ῥὼς
2628 2150 2771 2203 κατὰ
2802 2148 3429 2209 Κωνσταντινουπόλεως
3466 2145 3605 2215 μετὰ
3628 2144 3834 2197 πλοίων

2247 2243 2503 2313 χιλιάδων
2563 2242 2716 2296 δέκα.
2786 2240 3092 2311 ’Δπεστάλη
3156 2239 3214 2293 δὲ
3267 2240 3390 2292 κατ’
3448 2237 3637 2291 αὐτῶν
3703 2237 3831 2306 μετὰ

2249 2334 2493 2406 τριηρῶν
2522 2334 2618 2387 καὶ
2649 2331 2967 2404 δρομώνων,
2991 2332 3092 2385 ὅσα
3128 2332 3225 2385 καὶ
3255 2324 3449 2401 ἔτύχον
3488 2331 3548 2383 ὲν
3571 2332 3640 2399 τῇ
3666 2329 3826 2387 πόλει,

2250 2430 2279 2482 6
2318 2426 2605 2498 πατρίκιος
2632 2426 2915 2495 Θεοφάνης
2957 2426 2986 2477 6
3018 2422 3520 2494 παραδυναστεύων
3566 2423 3664 2475 καὶ
3697 2439 3831 2490 πρω-

2252 2519 2647 2591 τοϐεστιάριος·
2695 2517 2793 2572 καὶ
2828 2515 2922 2568 τόν
2960 2533 3020 2568 τε
3070 2517 3256 2571 στόλον
3281 2512 3740 2585 ,προευτρεπίσας
3778 2528 3829 2563 τε

2254 2616 2348 2670 καὶ
2386 2614 2835 2685 ἑτοιμασάμενος,
2858 2614 2953 2667 καὶ
2982 2612 3207 2683 νηστείᾳ
3228 2611 3323 2664 καὶ
3348 2609 3618 2679 δάκρυσιν
3652 2606 3833 2661 ἑαυτὺν

2255 2705 2645 2775 κατοχυρώσας
2689 2704 2766 2769 ὡς
2806 2704 3062 2776 μάλιστα,
3110 2704 3235 2766 τοὺς
3283 2699 3423 2763 Ῥὼς
3457 2699 3832 2772 προσεδέχετο,
3918 2712 3919 2715 ‘

2256 2799 2757 2869 καταναυμαχῆσαι
2806 2798 3004 2861 αὐτοὺς
3056 2789 3287 2867 μέλλων.
3344 2794 3508 2847 Ἐπεὶ
3539 2794 3599 2847 δὲ
3646 2793 3834 2846 ἐκεῖνοι

2258 2894 2560 2946 κατέλαϐον
2590 2893 2686 2947 καὶ
2745 2891 2975 2962 πλησίον
3010 2888 3103 2944 τοῦ
3141 2889 3319 2959 Φάρου
3372 2888 3650 2955 ἐγένοντο,
3689 2877 3838 2947 οὗτος

2259 2985 2395 3056 πρὸς
2442 2983 2521 3055 τῷ
2553 2983 2649 3038 τοῦ
2684 2983 2942 3049 Εὐξείνου
2979 2982 3179 3037 πόντου
3221 2979 3451 3050 στόματι
3490 2977 3842 3048 παρεδρεύων

563 3068 831 3138 templum
861 3066 1299 3137 dicas)repente
1333 3067 1387 3120 in
1429 3081 1528 3122 eos
1552 3068 1970 3138 impressionem
2000 3068 2148 3124 fecit.

2265 3077 2322 3129 ἔν
2351 3074 2431 3146 τῷ
2473 3074 2625 3146 ἰερῷ
2656 3074 2936 3144 λεγομένῳ
2979 3071 3175 3143 ἁθρόον
3208 3069 3418 3133 τούτοις
3455 3067 3708 3121 ἐπέθετο.
3738 3066 3845 3117 Καὶ

562 3159 784 3216 Primus
814 3159 1000 3229 itaque
1027 3173 1125 3214 sua
1162 3159 1280 3228 ipse
1304 3172 1608 3214 occurrens
1628 3160 1819 3214 celoce
1844 3175 1977 3215 cum
2005 3162 2151 3217 Rus-

562 3250 806 3305 sicarum
863 3249 1086 3305 navium
1134 3249 1310 3305 aciem
1361 3249 1645 3314 dissolvit,
1700 3258 1815 3305 tum
1862 3252 2153 3323 plerasque

562 3354 873 3415 praeparato
908 3344 1032 3415 igne
1064 3342 1230 3412 915
1282 3342 1776 3415 Graecogincendit,
1816 3345 2058 3415 reliquas
2097 3346 2153 3401 in

562 3436 749 3506 fugam
796 3438 984 3492 vertit.
1037 3435 1212 3501 Quem
1254 3451 1398 3504 pone
1452 3446 1653 3492 secutae
1705 3453 1876 3493 naves
1929 3439 2156 3509 reliquae

563 3543 629 3583 ac
672 3528 921 3584 triremes
972 3526 1217 3581 hostium
1275 3525 1501 3594 penitus
1561 3528 1735 3582 aciem
1800 3528 2039 3595 fudere;
2092 3546 2156 3585 ac

562 3617 753 3685 plures
795 3615 1022 3685 quidem
1066 3614 1291 3668 navium
1335 3630 1461 3669 eum
1516 3616 1834 3670 vectoribus
1881 3619 2156 3687 profundo

564 3723 832 3771 mersere,
866 3708 1069 3761 multos
1103 3715 1441 3771 straverunt,
1472 3708 1741 3777 plurimos
1791 3710 1950 3766 vivos
1997 3728 2158 3783 cepe-

564 3809 717 3857 runt.
769 3800 902 3868 Qua:
956 3801 1100 3856 cladi
1160 3801 1488 3872 superstites
1536 3802 1691 3859 fuere
1738 3804 2025 3874 reliquiae,
2088 3813 2155 3862 ad

564 3891 902 3948 Orientalem
944 3894 1179 3964 plagam,
1216 3894 1291 3959 Qad
1330 3894 1513 3950 locum
1553 3894 1723 3966 Sgora
1755 3895 1964 3952 dictum
2001 3899 2156 3969 traje-

564 3992 784 4041 cerunt.
839 3985 921 4039 lbi
969 3985 1179 4041 Bardas
1217 4001 1443 4056 quoque
1481 3986 1751 4056 patricius
1805 3989 2010 4045 missus
2028 4006 2155 4046 cum

563 4074 817 4144 equitum
857 4074 1069 4132 delecta
1112 4090 1280 4133 manu
1326 4075 1395 4130 ad
1450 4076 1694 4131 hostium
1741 4078 1857 4133 iter
1886 4088 2032 4136 terra
2074 4082 2158 4136 iu-

565 4168 995 4238 tercipiendum,
1014 4170 1070 4224 in
1096 4185 1290 4224 eorum
1315 4169 1601 4225 cohortem
1624 4172 1758 4226 satis
1779 4187 2153 4240 numerosam,

564 4261 633 4316 ad
690 4262 1067 4331 pabulandnm
1117 4262 1335 4333 aliaque
1394 4266 1706 4321 necessaria
1764 4267 1830 4321 ad
1888 4268 2157 4341 Bithyniae

563 4362 751 4421 partes
808 4353 1071 4415 missam,
1144 4351 1376 4417 incidit,
1434 4353 1753 4422 ingentique
1799 4369 1919 4408 eam
1976 4366 2156 4427 strage

2263 3166 2327 3241 δὴ
2351 3166 2565 3237 πρῶτος
2590 3166 2669 3235 τῷ
2702 3165 2885 3235 οἰκείῳ
2927 3164 3163 3234 δρόμωνι
3202 3159 3570 3220 διεκπλεύσας
3600 3156 3687 3229 [Ρ.
3724 3154 3845 3228 589}

2261 3264 2362 3333 τήν
2386 3279 2450 3315 τε
2476 3259 2733 3326 σύνταξιν
2756 3258 2864 3312 τῶν
2901 3254 3220 3310 Ῥωσιακῶν
3253 3252 3457 3305 πλοίων
3483 3250 3735 3303 διέλυσεν
3760 3249 3848 3301 καὶ

2261 3354 2339 3424 τῷ
2368 3351 2759 3421 ὲσκευασμένῳ
2811 3348 2946 3419 πυρλ⁵
3005 3347 3232 3400 πλεῖστα
3278 3342 3650 3412 κατέφλεξεν,
3681 3341 3755 3394 τά
3795 3339 3847 3392 δὲ

2261 3446 2425 3501 λοιπὰ
2456 3444 2722 3517 ἐτρέψατο
2753 3444 2831 3507 εἰς
2861 3442 3061 3512 φυγὴν,
3088 3440 3163 3502 ὡς
3197 3436 3506 3496 ἀκολούθως
3534 3435 3635 3487 καὶ
3664 3434 3719 3487 οἰ
3748 3433 3846 3485 λοι-

2265 3538 2357 3591 ποὶ
2388 3536 2667 3608 δρόμωνες
2687 3534 2781 3588 καὶ
2804 3534 2861 3587 αἰ
2891 3532 3137 3601 τριήρεις
3164 3523 3617 3597 ἕπεκδραμοῦσαι
3638 3523 3845 3575 τελείαν

2260 3629 2592 3698 εἰργάσαντο
2630 3626 2728 3697 τὴν
2751 3624 2981 3696 τροπὴν,
3023 3624 3119 3676 καὶ
3156 3619 3325 3673 πολλὰ
3362 3618 3464 3688 μὲν
3512 3616 3685 3669 πλοῖα
3720 3630 3847 3669 ποατ-

2264 3723 2460 3776 έδυσαν
2491 3720 2788 3792 αὔτανδρα,
2826 3718 3058 3781 πολλοὺς
3081 3716 3136 3769 δὲ
3160 3714 3535 3785 κατέτρωσαν,
3563 3709 3847 3769 πλείστους

2257 3815 2320 3871 δὲ
2363 3815 2573 3881 ζῶντας
2614 3811 2930 3868 συνέλαϐον.
2979 3811 3043 3863 Οί
3094 3806 3540 3880 περιλειφθέντες
3566 3802 3663 3857 οὖν
3684 3804 3764 3865 είς
3792 3802 3850 3853 τὶ

2260 3909 2363 3978 τῆς
2405 3906 2699 3979 Ἀνατολῆς
2744 3905 2911 3977 μέρος
2940 3905 3020 3967 είς
3043 3904 3111 3957 τά
3143 3901 3340 3972 Σγῶροι
3368 3899 3413 3931 ⁸⁸
3444 3897 3727 3967 λεγόμενα
3758 3912 3846 3948 κα-

2264 3998 2610 4052 ταπλέουσιν.
2652 3996 2959 4065 Ἀπεστάλη
2994 3994 3052 4047 δὲ
3077 3992 3197 4046 τότε
3229 3991 3324 4044 καὶ
3358 3989 3577 4058 Βάρδας
3598 3990 3629 4041 6
3659 3988 3848 4047 οωκάς

2266 4091 2358 4146 διὰ
2386 4092 2490 4162 γῆς
2522 4092 2661 4161 μετὰ
2691 4089 2902 4143 ἱππέων
2927 4088 3199 4158 ὲγκρίτων
3226 4083 3604 4154 παρατρέχειν
3636 4078 3849 4139 αὐτούς.

2269 4184 2377 4238 Καὶ
2406 4184 2469 4255 δὴ
2500 4183 2704 4237 τούτων
2731 4181 3017 4251 σύνταγμα
3040 4178 3226 4232 ἰκανὸν
3247 4174 3699 4230 ἀποστειλάντων
3727 4172 3850 4241 πρδς

2265 4276 2333 4329 τὰ
2361 4278 2461 4345 τῆς
2490 4275 2741 4339 Βιθυνίας
2767 4273 2909 4344 μέρη
2931 4272 3072 4325 ὣστε
3109 4271 3179 4323 τὰ
3208 4268 3348 4339 πρὸς
3376 4266 3594 4337 τροφὴν
3631 4266 3730 4319 καὶ
3761 4264 3850 4330 τὴν

2265 4367 2431 4438 ἄλλην
2456 4364 2646 4436 χρείαν
2668 4366 2851 4429 αὐτοῖς
2874 4362 3225 4435 πορίσασθαι,
3250 4362 3566 4431 περιτυχὼν
3586 4359 3671 4427 τῷ
3687 4356 3848 4410 τοιού-

561 4444 709 4501 fudit
764 4453 821 4501 et
888 4445 1273 4501 internecione
1335 4445 1562 4502 delevit.
1626 4446 1735 4502 Sed
1792 4455 1851 4501 et
1916 4448 2148 4505 Joannes

2264 4476 2342 4530 τῳ
2379 4458 2724 4529 συντάγματι
2751 4459 2778 4511 6
2810 4456 3100 4529 εἰρημένος
3135 4453 3347 4525 Βάρδας
3373 4453 3402 4505 6
3426 4452 3634 4514 Φωκεῖς
3672 4448 3846 4509 κακῶς

563 4538 828 4608 magister
890 4536 1132 4593 Crocoas
1182 4552 1247 4593 ac
1293 4537 1577 4610 legionum
1637 4538 1978 4594 domesticus
2034 4556 2159 4596 cum

563 4631 805 4687 Asiatico
864 4631 1014 4686 omni
1073 4631 1322 4686 exercitu
1378 4641 1578 4701 praesto
1640 4632 1783 4698 fuit,
1845 4634 2160 4705 multosque

563 4723 869 4779 Russorum
898 4739 930 4778 a
957 4723 1175 4793 reliquo
1202 4724 1422 4794 agmine
1468 4725 1606 4781 alios
1635 4726 1745 4780 alio
1800 4726 2048 4783 divulsos
2080 4730 2162 4783 of-

564 4814 801 4871 fendens
830 4817 1074 4882 sustulit,
1114 4816 1188 4871 ita
1218 4832 1350 4873 sane
1378 4826 1441 4872 ut
1482 4819 1603 4889 ejus
1642 4820 1978 4889 agressiouis
2009 4830 2157 4877 metu

565 4908 621 4963 in
660 4908 778 4963 suis
806 4923 864 4964 se
895 4909 1133 4964 navibus
1158 4909 1403 4965 adunata
1428 4910 1603 4967 classe
1635 4911 2019 4976 continerent,
2054 4928 2157 4969 nec

564 5015 798 5071 usquam
837 5016 1128 5058 excurrere
1164 5002 1456 5058 auderent.

633 5286 723 5340 5i.
765 5286 831 5341 lli
874 5303 1040 5357 porro
1074 5287 1331 5359 ingentia
1380 5287 1729 5358 maximaque
1773 5292 1911 5345 mala
1954 5308 2155 5363 perpe-

565 5387 872 5444 traverunt,
922 5396 1051 5435 cum
1087 5380 1326 5435 necdum
1365 5379 1490 5436 illos
1534 5379 1796 5438 Romanae
1821 5386 1993 5454 copia:
2028 5388 2154 5456 jun-

568 5470 793 5525 xissent.
841 5472 975 5526 Nam
1024 5470 1253 5527 Stcnum
1316 5486 1502 5537 omne,
1556 5473 1702 5543 quod
1750 5484 1978 5541 vocant,
2029 5478 2153 5546 igne

570 5570 863 5618 vastarunt.
920 5566 996 5619 Ex
1036 5565 1145 5619 illis
1188 5581 1327 5635 quos
1369 5566 1617 5636 captivos
1673 5577 1969 5637 ceperant,
2018 5572 2158 5627 alios

2262 4550 2488 4615 τούτους
2521 4551 2799 4620 διέθηκεν,
2824 4549 3171 4621 τρεψάμενος
3220 4547 3314 4599 καὶ
3362 4544 3732 4614 κατασφάξας
3762 4541 3846 4593 αὑ-

2263 4645 2410 4708 τούς.
2437 4642 2690 4715 Κατῆλθε
2722 4642 2778 4695 δὲ
2801 4641 3105 4715 τηνικαῦτα
3126 4641 3221 4694 καὶ
3255 4638 3515 4707 Ἰωάννης
3552 4636 3847 4707 μάγιστρςς

2264 4738 2358 4791 καὶ
2388 4736 2710 4807 δομέστικος
2753 4734 2864 4789 τῶν
2893 4732 3101 4804 σχολῶν
3133 4734 3163 4785 6
3191 4730 3442 4802 Κροκόας
3474 4731 3518 4761 ⁶¹
3553 4730 3700 4800 μετὰ
3729 4742 3846 4779 πεν-

2263 4830 2354 4892 τὸς
2399 4828 2493 4882 τοῦ
2548 4830 2650 4898 τῆς
2697 4828 2996 4897 ’Δνατολῆς
3038 4824 3473 4895 στρατεύματος,
3524 4824 3627 4875 καὶ
3658 4821 3847 4873 τούτων

2264 4924 2493 4988 πολλοὺς
2524 4923 2857 4994 διέφθειρεν,
2900 4920 3225 4983 ἀποσπάδας
3255 4918 3382 4989 τῇδε
3421 4918 3658 4970 κάκεῖσε
3694 4931 3849 4969 κατα-

2261 5015 2578 5085 λαμϐάνων,
2612 5014 2749 5068 ὥστε
2792 5012 3160 5075 συσταλέντας
3183 5011 3383 5073 αὐτοὺς
3412 5007 3526 5061 δέει
3560 5007 3668 5075 τῆς
3698 5002 3849 5058 αὑτοῦ

2262 5106 2560 5171 ἐπιθέσεως
2610 5108 2790 5179 μένειν
2823 5106 3038 5177 ἀθρόως
3089 5104 3182 5157 ἐπὶ
3229 5102 3299 5155 τὰ
3342 5102 3525 5154 οἰκεῖα
3555 5100 3721 5151 πλοία
3768 5096 3848 5147 καὶ

2266 5201 2516 5271 μηδαμοῦ
2540 5201 2842 5271 διατρέχειν
2867 5198 3238 5268 κατατολμᾷν.

2335 5300 2434 5347 val.
2491 5293 2667 5346 Πολλὰ
2704 5292 2761 5345 δὲ
2810 5294 2905 5346 καὶ
2955 5293 3189 5363 μέγιστα
3242 5286 3389 5341 κακὰ
3439 5279 3597 5339 οὗτοι
3636 5278 3844 5350 ίῖιειιτεῡᾶ⁹

2264 5384 2421 5450 ξαντο
2461 5386 2565 5457 πρὸ
2593 5387 2687 5439 τοῦ
2719 5387 2780 5440 τὸ
2824 5386 3132 5456 Ῥωμαϊκὸν
3176 5381 3502 5451 στράτευμα
3553 5374 3845 5431 κατελθεῖν.

2263 5479 2337 5532 Τό
2380 5497 2437 5533 τε
2484 5481 2590 5551 γὰρ
2644 5481 2837 5533 Στενόν
2881 5479 3177 5549 λεγόμενον
3208 5476 3355 5529 ᾶπαν
3391 5473 3729 5541 ἐνέπρησαν,
3762 5460 3851 5516 καὶ

2263 5572 2356 5637 οὓς
2393 5574 2801 5646 συνελάμϐανον
2835 5574 3215 5645 αἰχμαλώτους
3263 5570 3393 5634 τοὺς
3455 5569 3557 5639 μὲν
3605 5560 3854 5621 avertat}-

1871 5663 2104 5721 VAlil/E
2165 5667 2576 5726 LECTIONES.

641 5746 687 5780 ⁶⁶
716 5749 896 5819 Σγόρα
930 5768 983 5819 p.
1020 5752 1127 5807 265
1163 5754 1218 5809 b.
1298 5757 1343 5788 ⁸⁷
1382 5754 1703 5826 Κουρκούας
1738 5757 1810 5809 ib-
