3996 6208
234 290 334 352 977

1329 299 1527 362 VIT/E
1548 297 2145 365 BECENTIORUM.
2168 303 2377 375 lMPP.
2407 364 2414 372 ,

3390 298 3501 377 978

162 410 175 421 ³
231 419 374 473 ρουν,
420 402 542 467 τοὺς
578 403 634 457 δὲ
678 406 742 475 τῇ
801 407 877 476 γῇ
946 409 1491 477 προσεπαττάλευον,
1558 413 1684 476 τοὺς
1755 412 1807 465 δὲ

1916 420 2081 466 terra:
2128 412 2506 483 conﬁgebant,
2555 412 2694 467 alios
2742 409 2893 465 velut
2934 396 3241 473 adiectam
3286 418 3503 463 erectos

225 494 412 565 ὥσπερ
491 497 730 562 σκοποὺς
802 498 1058 563 ίστῶντες
1115 500 1293 570 βέλεσι
1386 503 1744 569 κατετόξευον
1798 523 1809 536 ο

228 585 384 648 ὅσους
459 584 517 640 δὲ
580 587 676 640 τοῦ
739 588 1073 659 ἱερατικοῦ*
1106 592 1318 664 κλήρου
1379 596 1812 668 συνελάμϐανον,

224 675 447 729 ὄπισθεν
516 677 617 742 τὰς
680 683 875 753 χεῖρας
952 682 1283 754 δεσμοῦντες
1338 686 1502 756 ⁴ἥλους
1540 689 1816 761 ισιδηροῦς

206 767 367 867 ικατὰ
438 767 611 839 μέσης
698 770 796 840 τῆς
847 774 1091 846 κεφαλῆς
1152 773 1333 847 αὑτῶν
1387 779 1765 849 κατεπήγνυον
1798 798 1811 811 ·

225 859 449 924 πολλοὺς
489 879 550 914 τε
602 862 792 931 ἁγίους
855 866 1018 931 ναοὺς
1058 867 1136 939 τῷ
1192 869 1327 940 πυρὶ
1380 869 1811 942 παραδεδώκασι.

222 950 516 1016 Χειμῶνδς
554 951 611 1006 δὲ
658 954 761 1024 ήδη
814 957 1170 1028 ἐνισταμένου
1204 998 1226 1026 ,
1284 961 1377 1015 καὶ
1439 963 1652 1034 τροφῆς
1706 966 1855 1021 άπ-.

513 1086 527 1109 ,
572 1044 632 1096 τό
689 1062 751 1099 τε
784 1047 1013 1103 ἐπελθὸν
1079 1051 1398 1122 στράτευμα
1447 1052 1681 1118 δεδιότες
1713 1059 1853 1118 τάς.

222 1058 474 1111 ορουντες

225 1150 281 1185 τε
324 1136 745 1205 ναυμαχοῦντας
793 1139 1064 1210 τριήρεις,
1098 1141 1493 1199 ἐϐουλεύσαντο
1530 1145 1599 1198 τὰ
1638 1148 1813 1201 οίκεία

225 1225 572 1281 καταλαϐεῖν.
608 1229 717 1282 Καὶ
745 1228 812 1301 δὴ
830 1229 1017 1286 λαθεῖν
1049 1233 1139 1287 τὸν
1178 1234 1366 1289 στόλον
1392 1237 1809 1304 σπουδάζοντες,

224 1316 583 1389 Σεπτεμϐρίῳ
614 1321 766 1391 μηνὶ,
821 1327 882 1375 ιε’
914 1322 1251 1390 ίνδικτιῶνος
1300 1326 1657 1383 άντιπλεῦσαι
1681 1330 1809 1402 ,ὠρ-

226 1408 465 1476 μηκότες
527 1409 621 1463 ἐπὶ
683 1411 751 1465 τά
805 1411 1046 1485 Θρᾳκῷα
1106 1415 1251 1488 μέρη
1310 1418 1464 1488 παρὰ
1503 1419 1811 1490 Θεοφάνους

225 1502 515 1571 πατρικίου
564 1504 977 1577 ὑπηντήθησαν·
1022 1509 1083 1563 οὑ
1136 1510 1247 1581 γάρ
1296 1511 1487 1567 ἔλαθον
1516 1514 1618 1586 τὴν
1643 1514 1809 1569 αὑτοῦ

222 1593 685 1666 ἐγρηγορωτάτην
722 1597 819 1651 καὶ
851 1598 1111 1665 γενναίαν
1142 1599 1343 1673 ψυχήν.
1366 1602 1541 1668 Εὑθὺς
1576 1600 1668 1658 οὖν
1688 1605 1808 1660 δευ-

222 1684 353 1756 τέρα
380 1688 658 1758 ναυμαχία
686 1689 1040 1757 συνάπτεται,
1077 1694 1173 1748 καί⁸
1196 1693 1427 1751 πλεῖστα.
1451 1696 1615 1749 πλοῖα
1646 1697 1806 1751 ἐπόν-

221 1794 395 1833 τωσεν
431 1780 525 1832 καὶ
570 1780 803 1846 πολλοὺς
843 1783 1053 1839 τούτων
1102 1786 1429 1842 ἀπέκτεινεν
1459 1790 1487 1842 6
1518 1791 1805 1862 εἰρημένος

223 1868 383 1941 ἀνήρ.
436 1869 639 1940 Ὀλίγοι
667 1872 723 1926 δὲ
751 1875 891 1944 μετὰ
916 1878 1026 1931 τῶν
1060 1879 1260 1935 πλοίων
1284 1881 1685 1949 περισωθέντες
1716 1883 1808 1935 καὶ

221 1960 278 2012 ἐν
320 1963 388 2032 τῇ
421 1961 524 2031 τῆς
578 1964 782 2035 Κοίλης
822 1969 1218 2039 περιπεσόντες
1248 1972 1388 2043 ἀκτῇ
1425 1972 1619 2037 νυκτὸς
1652 1972 1810 2026 ὲπελο

220 2050 419 2122 θοὺσης
447 2052 670 2124 ἔφυγον.
697 2056 981 2130 Θεοφάνης
1001 2060 1058 2114 δὲ
1084 2062 1112 2115 ὁ
1153 2063 1447 2133 πατρίκιος
1481 2063 1620 2133 μετὰ
1650 2062 1806 2135 νίκης

217 2139 475 2213 λαμπρᾶς
515 2143 747 2200 καὶτῶν
784 2149 1058 2217 μεγίστων
1101 2151 1445 2223 ὑπέστρεψεν
1486 2152 1801 2224 τροπαίων,

219 2235 315 2286 καὶ
339 2234 572 2305 ὲντίμως
596 2238 690 2292 καὶ
718 2239 1157 2312 μεγαλοπρεπῶς
1187 2242 1461 2316 ὑπεδέχθη
1500 2245 1597 2299 καὶ
1626 2262 1803 2316 παρα-

221 2322 563 2397 κοιμώμενος
606 2329 867 2401 ἐτιμήθη.

290 2597 377 2668 [Ρ.
414 2597 540 2670 590]
571 2601 671 2672 νβ’.
745 2601 900 2667 Ἐπεὶ
957 2604 1014 2656 δὲ
1055 2605 1084 2657 6
1115 2604 1304 2675 ῥηθεὶς
1348 2607 1605 2677 Ἰωάννης
1642 2609 1805 2679 μάγι-

220 2707 379 2760 στρος
405 2693 433 2745 ό
463 2695 717 2765 Κροκόας
758 2696 980 2765 ἄριστός
1013 2714 1097 2761 τις
1124 2697 1344 2765 ἐγένετο
1388 2699 1457 2752 τά
1501 2700 1797 2773 πολεμικὰ,

220 2784 387 2839 πολλά
412 2803 468 2838 τε
500 2787 591 2840 καὶ
613 2788 831 2858 μεγάλα
856 2789 1124 2861 ἀνέστησε
1153 2790 1412 2861 τρόπαια,
1438 2794 1531 2847 καὶ
1563 2794 1632 2848 τὰ
1671 2795 1804 2850 Ῥω-

223 2878 393 2944 μαῖκά
433 2879 736 2934 ἐπλάτυνεν
766 2882 911 2953 ὅρια,
953 2882 1215 2947 πλείστας
1244 2900 1304 2937 τε
1336 2884 1523 2949 πόλεις
1566 2887 1803 2958 ἐπόρθη-

219 2984 310 3021 σεν
356 2971 465 3024 τῶν
503 2971 843 3043 Ἀγαρηνῶψ
886 2974 974 3028 διὰ
1018 2974 1075 3027 δὲ
1122 2976 1183 3029 τὺ
1214 2979 1516 3049 περιφανὲς
1563 2982 1663 3051 τῆς
1710 2981 1803 3034 τοῦ

215 3059 409 3166 άμδρρς
461 3064 663 3166 ἀρετῆς
697 3063 978 3166 ἠϐουλήθη
1021 3068 1067 3166 ὁ.
1089 3066 1344 3135 βασιλεὺς
1398 3070 1678 3140 Ῥωμανδς
1726 3075 1802 3136 εἰς
1831 3110 1874 3166 C

215 3150 308 3203 τὸν
340 3153 538 3206 ἑαυτοῦ
562 3153 788 3221 ἔγγονον
829 3151 1133 3226 Ῥωμανὸν,
1174 3157 1266 3211 τὸν
1294 3159 1360 3211 ἐκ
1390 3159 1483 3213 τοῦ
1518 3162 1805 3215 Κωνσταν-

210 3242 364 3296 τίνου
411 3243 507 3297 τοῦ
544 3243 663 3297 υίοῦ
711 3244 901 3309 αὑτοῦ,
932 3248 1031 3316 τὴν
1066 3247 1255 3301 τούτου
1285 3249 1563 3321 θυγατέρα
1595 3253 1803 3309 ἀναλα-

212 3333 358 3387 ϐεῖν.
386 3334 585 3387 Φθόνου
618 3335 674 3388 δὲ
701 3335 965 3408 αὑτῷτῆς
989 3338 1249 3408 τοιαύτης
1278 3340 1464 3394 ἕνεκεν
1495 3342 1805 3409 ὑποθέσεως

216 3424 377 3496 παρὰ
398 3425 508 3479 τῶν
538 3424 744 3481 λοιπῶν
771 3428 1039 3499 βασιλέων
1079 3430 1395 3501 κινηθέντος
1417 3434 1673 3489 ἐκπίπτει
1702 3439 1803 3509 τῆς

106 3530 115 3535 ‘
208 3516 417 3586 ἀρχῆς,
458 3517 778 3588 δομέστικος
826 3520 887 3575 δὲ
937 3522 1388 3579 άντικαθίσταται
1439 3528 1467 3580 6
1513 3529 1804 3601 πατρίκιος

207 3610 521 3683 Πανθήριος
540 3652 555 3680 ,
602 3615 874 3685 συγγενὴς

207 3717 330 3757 νου.

282 3790 381 3861 νγ’.
457 3792 811 3861 ’Ῑνδικτιῶνος
868 3795 941 3864 α’,
1002 3798 1301 3872 Ἀπριλλίῳ
1358 3802 1511 3873 μηνὶ,
1562 3805 1801 3876 ἐπῆλθον

206 3884 376 3937 πάλιν
423 3885 475 3938 οἱ
519 3884 752 3956 Τοῦρκοι
800 3888 941 3957 μετὰ
977 3889 1240 3959 πλείστης
1299 3892 1605 3963 δυνάμεως.
1655 3897 1715 3949 '0
1744 3898 1801 3949 δὲ

204 3976 503 4046 πατρίκιος
556 3977 841 4051 Θεοφάνης
902 3981 930 4033 ὁ
1000 3982 1505 4053 παρακοιμὼμενος
1570 3985 1802 4051 ἐξελθὼν

205 4069 447 4133 σπονδάς
470 4070 754 4141 είρηνικάς
788 4073 1011 4144 ἐποίησε
1039 4074 1155 4142 μετ’
1190 4075 1393 4144 αὐτῶν,
1418 4077 1663 4148 ὁμήρους
1690 4081 1800 4134 τῶν

204 4162 473 4230 ἐμφανῶν
509 4161 938 4234 άναλαϐόμενοςο
979 4164 1038 4230 ἔξ
1085 4159 1145 4219 οὑ
1200 4166 1301 4231 καὶ
1321 4167 1518 4239 συνέϐη
1550 4169 1641 4223 ἐπὶ
1676 4173 1801 4242 χρό-

203 4269 326 4316 νοις
356 4250 395 4305 ε⁹
422 4252 523 4324 τὴν
551 4254 776 4325 είρήνην
807 4254 1263 4326 διαφυλαχθῆναι.

956 3613 1034 3669 ῶν
1107 3616 1200 3670 τοῦ
1269 3617 1536 3687 βασιλέως
1590 3622 1801 3694 Ῥωμα-

280 4427 375 4485 νδ⁹.
401 4429 671 4502 Δευτέρας
702 4433 759 4487 δὲ
798 4433 1132 4494 ίνδικτιῶνος
1164 4437 1192 4487 6
1226 4435 1483 4504 βασιλεὺς
1524 4441 1802 4513 Ῥωμανὸς
1830 4449 1883 4509 D

201 4522 524 4592 Πασχάλιον
579 4525 1076 4596 πρωτοσπαθάριον
1133 4529 1226 4580 καὶ
1274 4532 1579 4601 στρατηγὸν
1608 4536 1801 4605 Λογγι-

201 4612 441 4683 σαρδίας
483 4614 621 4687 πρὸς
670 4615 762 4669 τὸν
821 4616 964 4685 ῥῆγα
1018 4618 1300 4687 Φραγγίας
1336 4619 1586 4687 Οὑγουνα
1638 4625 1682 4657 ⁸⁸
1715 4628 1806 4693 ἐξ-

200 4705 524 4769 απέστειλε,
578 4705 676 4779 τὴν
727 4706 895 4761 αὑτοῦ
945 4708 1223 4780 θυγατέρα
1255 4711 1529 4781 ἐπιζητῶν
1554 4715 1635 4778 είς
1665 4716 1798 4787 νύμ-

198 4813 320 4866 φην
364 4795 629 4870 Ῥωμανῷ
656 4796 733 4869 τῷ
763 4799 865 4869 υίῷ
896 4798 991 4853 τοῦ
1025 4801 1282 4871 γαμϐροῦ
1304 4801 1468 4857 αὑτοῦ
1506 4805 1797 4861 Κωνσταν-

194 4890 383 4942 τίνοψ
450 4883 529 4961 ἠν”
584 4896 678 4944 καὶ
740 4890 1029 4945 ἀναλαϐὼν
1079 4895 1108 4945 6
1161 4895 1453 4965 εἰρημένος
1491 4897 1802 4969 Πασχάλιος

200 4981 357 5049 μετὰ
394 4982 624 5037 πλούτου
667 4983 867 5039 πολλοῦ
908 4985 965 5037 ὲν
987 4987 1054 5056 τῇ
1092 4985 1242 5040 πόλει
1281 4989 1577 5059 ἀνήγαγεν.
1605 4992 1801 5062 Γέγονε

197 5075 267 5129 δὲ
321 5076 351 5126 ό
380 5076 556 5145 γάμος
586 5077 956 5149 Σεπτεμϐρίῳ
992 5080 1124 5149 μηνὶ
1162 5081 1494 5147 ίνδικτιῶνος
1521 5089 1591 5153 γ’.
1623 5087 1801 5158 Ζήσα⁴

200 5183 282 5219 σα
310 5167 408 5236 ἕτη
431 5165 493 5233 ε’,
526 5168 879 5239 ἐτελεύτησεν
910 5170 968 5223 ὲν
987 5172 1108 5233 ταῖς
1135 5172 1372 5243 ἡμέραις
1400 5174 1501 5245 τῆς
1530 5176 1801 5246 αὐτοκρα-

196 5257 402 5328 τορίας
435 5259 845 5315 Κωνσταντίνου
891 5257 986 5315 τοῦ
1032 5262 1206 5334 αὑτῆς
1259 5263 1547 5336 πενθεροῦ.

283 5439 378 5495 γε’.
437 5442 665 5515 ’Ᾱνέμου
721 5446 778 5498 δὲ
829 5445 1005 5517 βιαίου
1048 5447 1257 5518 σφόδρα
1310 5448 1795 5513 καταπνεύσαντος

201 5534 539 5619 άεκεμϐρίῳ
585 5537 736 5607 μηνὶ,
779 5539 828 5590 oi
873 5538 1155 5612 λεγόμενοι
1200 5542 1258 5593 ὲν
1297 5538 1373 5612 τῷ
1401 5538 1609 5610 ἱππικῷ
1631 5540 1794 5611 δῆμοι

1915 501 2228 573 jaculorum
2274 503 2450 557 imbre
2485 500 2841 572 impetebant.
2874 500 3156 568 Quotquot
3178 496 3343 567 916
3370 511 3503 552 vero

1920 594 2277 654 sacerdotalis
2316 611 2379 649 ac
2421 594 2693 649 clericalis
2733 592 2947 646 militiae
2988 582 3500 659 deprehendcbant,

1922 685 1989 741 iis
2025 695 2173 742 retro
2206 687 2409 741 vinctis
2441 687 2696 740 manibus
2732 700 2831 755 per
2863 683 3104 737 medium
3129 689 3291 751 caput
3317 682 3503 759 clavos

1920 779 2131 835 ferreos
2182 779 2498 851 adigebant.
2559 779 2755 833 Multas
2798 794 3081 833 sacrarum
3123 777 3324 831 mdium
3371 776 3501 830 sub-

1913 871 2058 940 jecta
2116 870 2331 925 ﬂamma
2382 871 2829 926 combusserunt.
2880 871 3175 939 Ingruente
3220 884 3352 923 vero
3389 870 3501 937 jam

1920 962 2137 1028 hieme,
2177 970 2234 1017 et
2284 978 2408 1016 cum
2449 977 2545 1017 eos
2588 961 2934 1017 necessarius
2980 968 3317 1014 commeatus
3361 960 3497 1013 deﬁ-

1918 1063 2107 1119 ceret,
2162 1054 2291 1108 dum
2357 1063 2501 1109 terra
2558 1055 2837 1109 exercitus
2893 1055 2949 1108 in
3005 1070 3063 1109 se
3120 1054 3384 1123 impetum
3439 1066 3503 1108 ac

1918 1144 2111 1197 navale
2159 1144 2411 1214 praelium
2462 1144 2686 1209 timent,
2742 1144 2964 1199 domum
3029 1145 3233 1199 reverti
3293 1144 3502 1199 consti-

1918 1244 2165 1293 tuerunt.
2214 1237 2293 1292 Ac
2339 1253 2471 1293 sane
2537 1237 2768 1292 classem
2828 1238 3002 1292 latere
3058 1238 3189 1291 dum
3248 1237 3497 1300 student,

1917 1343 2107 1384 mense
2151 1328 2498 1399 Septembre,
2554 1328 2857 1384 indictione
2905 1329 3099 1398 quinta
3157 1328 3393 1393 decima,
3432 1330 3497 1382 ad

1916 1419 2167 1477 Thraciae
2216 1431 2412 1492 portus
2471 1422 2825 1476 transfretare
2885 1422 3158 1493 aggressi,
3213 1436 3374 1490 quem
3416 1421 3501 1475 di-

1914 1511 2129 1578 cebam,
2183 1510 2576 1582 TbeOphanem
2626 1511 2917 1581 patricium
2974 1511 3191 1565 obviam
3230 1510 3512 1564 liabueree

1913 1602 2102 1673 Neque
2171 1603 2319 1659 enim
2394 1604 2499 1657 viri
2563 1603 2983 1657 solertissimum
3052 1618 3114 1655 ac
3180 1602 3511 1672 pervigilem

1913 1694 2158 1749 animum
2222 1711 2443 1766 unaque
2525 1694 2892 1750 fortissimum
2971 1694 3305 1749 fefellerunt.
3377 1693 3501 1747 Mox

1911 1786 2080 1857 igitur
2127 1787 2340 1841 navalis
2381 1786 2569 1841 denuo
2626 1802 2808 1857 pugna
2862 1785 3262 1850 committitur;
3324 1785 3498 1854 pluri-

1910 1894 2124 1950 maeque
2177 1880 2420 1935 bostium
2467 1879 2772 1933 submersa:
2820 1894 3029 1941 naves,
3084 1877 3243 1930 multi
3292 1875 3496 1941 occisi,

1907 1972 2025 2040 ejus
2098 1971 2299 2035 Marte,
2358 1986 2525 2041 quem
2591 1970 2883 2033 dicebam,
2936 1968 3063 2023 viri.
3138 1967 3305 2022 Pauci
3373 1982 3497 2020 cum

1908 2061 2139 2116 navibus
2180 2062 2323 2116 cladi
2370 2062 2633 2117 subducti
2676 2062 2844 2130 inque
2885 2059 3070 2115 lees
3114 2074 3370 2127 asperum
3406 2058 3499 2111 lit—

1908 2159 1996 2204 tus
2034 2152 2209 2205 eveeli
2259 2152 2551 2222 ingruente
2592 2159 2752 2207 nocte
2796 2152 2923 2222 fuga
2967 2156 3284 2205 evaserunt.
3320 2149 3498 2203 Theo-

1906 2240 2118 2310 phanes
2147 2258 2280 2296 vero
2325 2243 2597 2311 patricius
2640 2256 2764 2295 cum
2816 2241 3016 2311 insigni
3058 2241 3293 2294 victoria
3327 2240 3500 2293 maxi-

1906 2335 2120 2405 misque
2196 2335 2417 2405 tropmis
2509 2349 2766 2389 reversus
2834 2332 3142 2388 honoriﬁce
3227 2348 3292 2386 ac
3380 2348 3499 2386 ma-

1905 2428 2103 2497 gniﬁce
2162 2428 2490 2498 suscipitur.
2562 2443 2625 2481 ac
2684 2426 3022 2481 accubitoris
3082 2426 3347 2496 dignitate
3397 2442 3492 2480 or-

1907 2528 2093 2572 natur.
3315 2502 3318 2505 λ

1979 2610 2068 2664 52.
2117 2609 2258 2676 Quia
2296 2624 2426 2663 vero
2483 2608 2665 2665 dictus
2708 2610 2949 2665 Joannes
2974 2610 3234 2680 magister
3259 2607 3498 2666 Crocoal

1906 2704 2365 2773 prtestantissima
2428 2704 2636 2759 virtute
2692 2704 2839 2758 bello
2893 2704 3157 2767 fulserat,
3214 2703 3496 2779 multaque

1907 2812 1971 2851 ac
2020 2811 2214 2867 magna
2272 2806 2523 2851 erexerat
2586 2806 2821 2867 tropaea,
2884 2806 3049 2867 atque
3101 2794 3333 2851 Romani
3390 2798 3494 2850 im-

1908 2886 2046 2955 perii
2102 2885 2239 2941 ﬁnes
2292 2887 2402 2941 late
2452 2887 2788 2956 protulerat,
2856 2886 3235 2958 plurimasque
3294 2888 3499 2957 Agare-

1908 2992 2108 3031 norum
2157 2977 2325 3032 urbes
2382 2986 2694 3043 everterat,
2752 2977 3012 3047 quodque
3073 2979 3178 3032 viri
3234 2978 3497 3032 illustris-

1909 3069 2047 3123 sima
2108 3071 2284 3125 virtus
2345 3080 2528 3136 esset,
2592 3071 2928 3141 cogitaverat
2989 3066 3493 3142 Romanus'impe-

1912 3169 2064 3216 rator
2095 3162 2261 3234 917
2327 3173 2390 3217 ut
2455 3164 2577 3233 ejus
2632 3163 2802 3217 ﬁlium
2868 3163 3116 3216 Romano
3180 3165 3367 3231 nepoti
3428 3182 3494 3220 ex

1910 3253 2274 3309 Constantino
2321 3255 2435 3309 ﬁlio
2479 3270 2704 3309 uxorem
2742 3254 3057 3310 ascisceret.
3091 3253 3334 3310 Conﬂata
3364 3273 3496 3312 vero

1914 3345 2043 3399 hinc
2091 3346 2214 3400 viro
2274 3347 2619 3415 reliquorum
2667 3346 3038 3417 Augustorum
3093 3346 3320 3411 invidia,
3380 3346 3497 3402 οη]-

1910 3438 1998 3492 cio
2037 3446 2313 3493 movetur.
2348 3439 2522 3511 Hujus
2568 3455 2733 3509 porro
2767 3440 2888 3495 loco
2914 3438 3255 3495 domesticus
3286 3442 3490 3495 constio

1910 3531 2088 3586 tuitur
2129 3531 2460 3587 Pantherius
2504 3531 2803 3603 patricius,
2860 3530 3095 3586 Romani
3144 3532 3494 3604 imperatoris

1908 3621 2277 3694 propinquus.

1977 3796 2067 3851 55.
2123 3797 2433 3854 indictione
2486 3796 2701 3866 prima,
2767 3811 2957 3851 mense
3022 3796 3236 3867 Aprili,
3300 3813 3495 3854 rursus

1909 3891 2073 3945 Turci
2128 3905 2253 3944 cum
2322 3888 2639 3958 ingentibus
2707 3887 2881 3956 copiis
2948 3887 3209 3943 Romanae
3267 3889 3494 3945 ditionis

1908 3980 2046 4037 ﬁnes
2094 3980 2436 4033 invaserunt.
2495 3978 2764 4049 Egressus
2806 3992 2939 4031 vero
2985 3977 3351 4046 Theophanes
3398 3993 3494 4046 pa-

1911 4073 2104 4128 tricius
2157 4071 2445 4126 accubitor
2510 4069 2661 4138 pacis
2723 4082 2848 4123 cum
2888 4067 2970 4122 eis
3033 4067 3213 4121 foedus
3266 4082 3493 4135 percus-

1908 4163 1982 4215 sit
2057 4159 2298 4228 acceptis
2335 4156 2627 4212 obsidibus
2672 4170 2738 4210 ex
2788 4156 3204 4210 illustrioribus.
3242 4153 3491 4224 liincque

1908 4254 2046 4307 adeo
2075 4251 2304 4321 contigit
2338 4250 2393 4304 in
2430 4264 2605 4304 annos
2632 4248 2877 4318 quinque
2910 4262 3097 4317 pacem
3133 4246 3492 4316 induciasque

1906 4344 2135 4399 servari.
2490 4338 2499 4355 '

1984 4436 2070 4489 54.
2135 4433 2386 4489 Secunda
2443 4448 2610 4503 porro
2679 4431 2982 4486 indictione
3045 4430 3327 4485 Romanus
3392 4430 3493 4483 im-

1912 4540 2136 4601 perator
2192 4527 2538 4584 Paschalium
2595 4522 3103 4597 protospatharium
3155 4538 3218 4576 ac
3276 4522 3491 4591 Longo-

1908 4623 2117 4677 bardize
2147 4620 2345 4681 ducem
2390 4617 2458 4673 ad
2501 4617 2786 4688 Hugonem
2818 4615 2970 4669 misit
3010 4613 3251 4668 Francia:
3281 4629 3485 4684 regem,

1907 4716 2028 4786 ejus
2086 4713 2251 4766 ﬁliam
2313 4710 2567 4764 Romano
2616 4705 2973 4762 Constantini»
3009 4702 3198 4774 generi
3246 4704 3331 4758 sui
3378 4703 3490 4757 ﬁlio

1908 4820 2166 4875 sponsam
2216 4800 2550 4871 exquirens;
2609 4812 2774 4868 quam
2831 4806 2888 4851 et
2942 4810 3261 4859 assumens,
3324 4809 3488 4864 quem

1904 4898 2058 4959 dixi,
2123 4893 2443 4951 Paschalius
2499 4906 2625 4948 cum
2684 4889 2854 4944 multa
2923 4886 3261 4957 supellectile
3322 4894 3485 4955 atque

1905 4990 2105 5060 Opibus
2178 4988 2234 5041 in
2312 4985 2506 5039 urbem
2584 4980 2821 5037 induxit.
2904 4978 3206 5034 Celebratm
3254 4977 3482 5050 nuptiaa,

1905 5097 2094 5138 mense
2148 5077 2496 5150 Septembri,
2562 5073 2866 5130 indictione
2932 5072 3113 5128 tertia.
3167 5070 3317 5125 Vixit
3362 5085 3484 5123 cum

1904 5171 2027 5225 viro
2100 5183 2274 5224 annos
2350 5170 2645 5237 quinque;
2718 5174 2947 5233 tumque
3018 5160 3159 5215 vivis
3233 5172 3483 5228 exempta

1906 5274 2030 5329 est,
2092 5276 2217 5316 cum
2286 5258 2682 5315 Constantinus
2737 5256 2884 5310 illius
2946 5267 3101 5308 socer
3169 5253 3284 5321 ipse
3340 5267 3484 5306 smn-

1906 5365 2028 5405 mus
2068 5350 2370 5419 imperator
2409 5354 2556 5402 esset
2585 5359 2838 5414 unusque
2878 5358 3063 5398 rerum
3093 5342 3387 5412 potiretur.
3420 5340 3433 5361 ‘

1976 5443 2065 5498 55.
2124 5441 2306 5496 Mense
2366 5446 2547 5493 autem
2599 5434 2923 5500 Decembri,
2978 5434 3160 5488 valido
3211 5434 3482 5488 concitato

1904 5544 2071 5593 vento
2093 5543 2255 5603 atque
2285 5532 2527 5594 turbine,
2572 5528 2740 5600 918
2768 5527 2861 5598 qui
2899 5528 2954 5583 in
2979 5527 3099 5582 loro
3144 5543 3209 5581 ex
3250 5526 3481 5581 adverso

1519 5631 1751 5691 νΑιιιΑε
1786 5632 2075 5692 LECTION
2088 5632 2185 5684 ES.

286 5727 335 5761 "
368 5728 598 5798 Οὑγωνα
625 5743 679 5799 p.
709 5727 814 5784 267
842 5729 897 5783 d.
