1998 3104
263 157 317 189 979

263 217 332 252 regii
351 215 413 244 solii
429 215 514 244 erecti
531 219 612 248 sunt,
631 215 671 243 sic
689 214 768 249 dicti,
784 215 857 243 demi
876 221 1054 249 corruerunt,
1070 224 1093 252 Α

261 263 458 298 subiectosque
477 261 579 297 gradus
602 266 631 289 et
649 269 787 290 marmora
801 266 829 290 et
845 262 1059 291 intercolumnia

262 308 464 336 contriverunt.
494 307 566 335 Anni
593 312 686 335 autem
712 313 839 336 vertente
867 309 989 342 circulo,
1010 318 1059 338 eo-

262 355 325 382 dem
339 354 400 390 ipso
416 361 523 387 mense,
545 354 702 382 Romanum
720 355 918 391 imperatorem
935 356 995 391 ejus
1012 346 1060 383 filii

262 401 325 427 aula
346 399 520 436 deiecerunt.

297 446 341 474 56.
367 446 509 474 Edessena
532 450 625 474 autem
642 447 769 480 civitate,
794 447 890 483 inqua
909 447 1060 476 venerandi

261 492 365 521 Christi
390 492 495 528 eﬂigies
532 493 619 521 linteo
644 501 775 529 expressa
800 499 875 526 erat,
901 502 917 521 a
936 493 1061 521 Romano

261 538 386 566 exercitu
418 539 531 567 obsessa
565 544 594 578 et
621 539 655 567 ad
683 544 823 568 extremas
850 540 991 575 angustias
1019 547 1063 567 re~

262 585 343 613 dacta
364 586 502 613 miserunt
523 585 655 621 oppidani
672 586 706 613 ad
727 586 883 613 Romanum
908 586 1059 621 imperato-

262 639 322 658 rem
347 635 474 658 oratores
506 637 637 667 rogantes
674 632 744 659 solvi
779 632 971 666 obsidionem,
1000 632 1061 667 ejus

264 676 388 703 muneris
407 676 502 711 gratia:
519 684 627 703 sacram
641 676 746 704 Christi
772 677 812 705 sic
827 684 984 712 expressam
1002 676 1061 704 eiii-

263 721 336 757 giem
354 729 383 749 se
396 722 511 750 daturos
529 722 663 756 polliciti;
682 722 924 759 huiusque-ipsius
938 722 1061 750 muneris

265 768 354 795 vicem
378 776 413 796 ex
440 769 498 795 suis
520 769 629 796 vinctos
655 768 820 796 illustriores
841 768 963 803 recipere
985 771 1062 802 pete-

265 815 350 847 bant,
371 814 503 849 bullaque
529 823 612 841 aurea
638 823 698 842 eam
721 815 762 842 eis
782 814 906 850 praestari
930 813 1013 841 fidem
1031 816 1061 839 ut

263 868 319 887 non
338 860 456 895 amplius
478 862 607 888 Romana:
621 862 707 895 copim
732 861 901 888 Edessenam
920 859 1061 895 regionem

263 906 450 934 devastarent.
472 906 548 939 Quod
572 911 599 933 ct
621 907 725 933 factum
739 911 791 933 est.
808 906 889 933 Missa
905 905 997 939 itaque
1014 912 1055 931 sa-
1073 901 1094 928 Β

263 960 311 980 cra
325 951 413 987 efﬁgie
423 959 455 979 ac
467 952 589 984 sudario,
601 952 713 986 jamque
724 951 797 978 haud
809 951 905 986 procul
919 949 1059 986 Byzantio,

264 998 448 1033 Theophanes
476 997 611 1032 patricius
640 1002 669 1025 et
702 997 846 1024 accubitor
877 996 911 1023 ad
937 996 1059 1031 Sagarim

264 1043 380 1070 ﬂuvium
401 1050 530 1078 egressus
554 1050 617 1070 cum
642 1050 785 1070 cereorum
809 1041 954 1076 splendido
976 1049 1059 1076 appa-

266 1092 327 1114 ratu
357 1094 536 1122 congruoque
569 1087 646 1114 cultu
675 1091 704 1115 et
732 1087 849 1114 canticis
878 1086 918 1113 illi
951 1086 1060 1113 obviam

264 1133 416 1168 processit;
439 1133 597 1168 mensisque
614 1133 730 1168 Augusti
753 1133 850 1167 quinta
873 1132 979 1159 decima
998 1140 1060 1159 cum

263 1180 312 1207 illo
338 1180 366 1207 in
389 1179 486 1207 urbem
508 1179 633 1212 intravit,
663 1179 830 1214 imperatore
854 1179 882 1206 in
900 1178 1061 1206 Blachernis

264 1225 428 1258 constituto,
448 1225 496 1253 ubi
509 1230 538 1253 et
556 1225 675 1261 eﬂigiem
692 1222 791 1253 devote
810 1225 944 1252 adoravit.
959 1224 1061 1252 Postri-

264 1273 309 1300 die
322 1280 389 1299 vero
404 1272 438 1299 ad
457 1272 576 1299 Auream
592 1277 701 1307 portam
716 1272 844 1299 exierunt
860 1275 919 1299 tum
940 1271 1060 1306 impera-

264 1318 331 1346 toris
345 1318 401 1346 duo
426 1318 486 1350 filii,
504 1317 662 1353 Stephanus
677 1323 705 1345 et
719 1317 928 1351 Constantinus,
945 1322 1003 1345 tum
1026 1317 1060 1344 il-

263 1365 318 1392 lius
332 1371 418 1399 gener
438 1363 639 1392 Constantinus
661 1363 746 1398 919
770 1371 833 1390 cum
855 1362 1060 1398 Theophylacto

262 1409 442 1446 patriarcha.
467 1409 618 1444 debitoque
642 1409 748 1436 honore
771 1414 928 1444 susceptum
952 1415 1059 1435 sacrum

263 1457 378 1491 pignus,
397 1455 532 1482 universo
546 1459 644 1482 senatu
664 1458 807 1489 praeeunte
826 1454 998 1489 maximaque
1015 1461 1061 1480 ce-

263 1509 374 1530 rcorum
387 1506 471 1536 atque
486 1500 643 1535 lampadum
657 1500 725 1527 silva
739 1500 918 1535 praelucente,
937 1500 1060 1534 adusque

263 1553 366 1576 sancta:
388 1547 437 1575 Dei
462 1546 605 1582 sapientiae
626 1546 759 1581 templum
780 1546 899 1581 pedibus
918 1546 1059 1578 detulere,

263 1599 345 1629 atque
359 1593 416 1621 illic
427 1592 589 1620 adoratione
602 1592 775 1627 mystic0que
787 1592 862 1619 cultu
875 1597 1018 1626 acceptum
1031 1591 1058 1618 in

261 1639 395 1675 palatium
410 1639 541 1667 intulere.
863 1652 868 1665 ι
884 1647 887 1649 ’

299 1686 344 1713 57.
356 1685 406 1713 His
421 1692 489 1712 vero
510 1684 609 1712 diebus
622 1688 776 1712 monstrum
789 1684 928 1719 quoddam
943 1693 974 1712 ac
992 1693 1058 1720 por-

261 1736 369 1759 tentum
395 1730 589 1759 Armeniacum
603 1731 631 1758 in
644 1730 741 1758 urbem
758 1730 896 1758 invectum
911 1736 963 1763 est,
980 1732 1057 1766 pueri

260 1777 367 1805 scilicet
381 1777 436 1805 duo
444 1776 625 1810 cohaerentes,
639 1784 694 1804 uno
702 1781 781 1804 utero
792 1776 883 1809 effusi,
896 1777 956 1804 aliis
969 1785 1056 1804 mem-

260 1823 319 1851 bris
334 1822 464 1851 onmibus
478 1823 603 1857 corporis
628 1823 738 1857 integri,
755 1831 770 1849 a
800 1823 947 1850 ventriculi
966 1828 1056 1851 tamen

261 1877 310 1897 ore
324 1872 353 1898 et
370 1869 443 1897 intra
461 1869 562 1904 pubem
581 1869 651 1896 inter
666 1876 696 1896 se
718 1869 853 1901 concreti,
869 1874 951 1904 atque
972 1869 1057 1896 vulti-

260 1917 313 1944 bus
327 1915 463 1943 obversis.
484 1914 519 1943 Hi
532 1915 580 1942 diu
595 1914 624 1941 in
648 1914 719 1942 urbe
735 1914 852 1946 versati;
868 1922 901 1942 ac
917 1922 979 1942 cum
996 1923 1055 1942 om-

260 1969 311 1989 nes
326 1969 378 1989 ceu
394 1961 514 1989 immane
531 1960 671 1996 quoddam
688 1963 850 1995 portentum
874 1960 962 1987 oculis
974 1968 1056 1987 usur-

259 2011 369 2043 parent,
383 2007 524 2034 Romanus
540 2006 692 2042 imperator
715 2004 791 2033 velut
802 2006 904 2033 malum
917 2006 1055 2041 quoddam

260 2062 343 2082 omen
356 2062 388 2082 ea
403 2053 518 2089 expulit.
536 2052 605 2080 Cum
619 2057 712 2080 autem
732 2053 807 2081 solus
828 2053 883 2087 jam
897 2051 1054 2080 Constanti-

260 2107 315 2127 nus
326 2106 419 2127 rerum
433 2090 581 2136 potiretur,
596 2097 696 2125 iterum
711 2097 827 2132 ingressi
845 2101 919 2125 sunt.
932 2097 993 2125 Uno
1005 2105 1054 2124 au-

261 2151 318 2172 tem
332 2153 366 2172 cx
379 2144 420 2172 eis
435 2147 555 2176 mortuo,
572 2142 654 2178 periti
684 2142 798 2178 quidam
815 2143 915 2176 medici
932 2143 1054 2171 comere-

261 2195 387 2219 scentem
403 2195 557 2219 emortuam
583 2194 689 2225 partem
707 2189 801 2216 subtili
827 2193 886 2217 arte
912 2193 1053 2224 putavere,

260 2237 321 2264 fore
342 2240 485 2272 sperantes
502 2238 533 2262 ut
552 2234 599 2262 illo
617 2234 740 2262 remedio
751 2233 820 2261 alter
837 2234 983 2262 incolumis
998 2242 1055 2262 ser-
1071 2255 1094 2281 Β

260 2287 391 2316 varetur;
403 2282 451 2318 qui
462 2286 554 2309 tamen
570 2280 628 2316 ipse
640 2280 733 2308 triduo
747 2286 888 2316 superstes
897 2281 977 2310 obiit.

289 2329 335 2356 58.
353 2329 496 2356 Romanus
510 2335 596 2363 porro
609 2327 772 2362 imperator,
787 2327 828 2354 uti
841 2335 856 2355 a
870 2327 952 2356 nobis
968 2328 995 2355 in
1008 2336 1054 2356 su-

259 2374 420 2410 perioribus
442 2373 546 2401 dictum
562 2377 616 2406 est,
637 2380 701 2401 cum
716 2380 780 2408 erga
796 2373 946 2401 monachos
960 2381 1056 2402 omnes

260 2421 342 2448 ﬁdem
373 2420 520 2456 plurimam
544 2419 660 2447 haberet
673 2419 834 2454 cultumque
850 2419 884 2447 iis
898 2420 1054 2453 adhiberet,

259 2475 316 2504 prae
333 2467 449 2502 reliquis
461 2471 552 2494 tamen
565 2466 722 2501 eximieque
737 2466 864 2501 Sergium
881 2466 970 2494 virum
997 2475 1057 2495 mo-

258 2513 367 2542 nastica
384 2512 559 2554 institutione
571 2512 736 2547 praeclarum
746 2512 920 2540 observabat.
934 2513 1000 2540 Erat
1010 2513 1056 2542 hic

258 2559 382 2596 magistri
405 2558 511 2587 Cosmze
525 2558 611 2586 frater
627 2558 709 2594 920
723 2558 813 2586 Photii
832 2559 994 2594 patriarcha:
1007 2568 1055 2588 ne-

258 2614 321 2642 pos,
336 2606 424 2634 animi
452 2605 626 2641 ingenuitate
655 2613 737 2639 quam
765 2605 867 2633 carnali
893 2607 1055 2642 cognatione

259 2654 391 2682 nobilior.
408 2653 449 2681 Ad
463 2661 598 2682 summam
618 2652 693 2679 enim
707 2652 839 2680 virtutem
854 2653 1053 2690 scientiamque

260 2705 395 2733 evaserat,
409 2704 439 2727 ut
451 2708 503 2728 nec
515 2705 577 2728 utra
591 2703 734 2734 praestaret
759 2700 878 2727 discerni
894 2700 973 2729 facile
990 2710 1053 2736 pos—

260 2751 320 2779 set;
347 2745 388 2773 sic
416 2745 548 2773 nimirum
575 2750 704 2774 accurate
730 2745 860 2781 omnique
883 2747 1052 2782 perfectione

260 2795 407 2825 utramque
423 2792 590 2820 cxcoluerat.
612 2792 739 2820 Florebat
754 2793 781 2819 in
794 2801 826 2820 eo
843 2793 915 2821 inter
929 2794 982 2822 alia
997 2795 1053 2823 dis-

905 157 1066 189 GEORGII
1082 158 1257 190 MONACHI

1848 155 1891 187 980

1107 219 1270 251 κατέπεσον,
1279 216 1305 245 οἳ
1320 215 1486 248 ἀπεναντίας
1500 215 1548 243 τοῦ
1563 214 1703 251 βασιλικοῦ
1713 214 1809 250 θρόνου
1821 215 1878 250 ἑτύτ
1888 229 1894 234 -

1112 272 1211 299 χανον,
1230 263 1277 290 καὶ
1307 262 1470 298 συνέτριψαν
1495 262 1530 289 τά
1555 270 1585 288 τε
1609 260 1788 288 ὑποκάτωθεν
1815 261 1894 288 αὐτῶν

1113 310 1202 347 βάθρα
1218 310 1265 337 καὶ
1280 309 1315 336 τὰ
1333 309 1434 345 στήθεα
1453 308 1601 344 λεγόμενα.
1619 306 1724 342 Χρόνου
1739 306 1767 333 δέ
1790 315 1894 343 περικυ-

1112 355 1276 387 κλεύσαντος
1291 354 1330 389 τῷ
1350 353 1425 389 αύτῷ
1439 353 1505 389 μηνὶ
1520 353 1566 379 τδν
1589 351 1706 387 βασιλέα
1725 351 1864 387 Ῥωμανὸν
1874 353 1895 378 οἱ

1113 402 1166 428 υἱοὶ
1183 400 1266 428 αὑτοῦ
1281 400 1329 428 τοῦ
1347 400 1482 427 παλατίου
1499 399 1669 434 κατήγαγον.

1148 450 1203 479 νς’.
1218 447 1275 482 Τῆς
1291 446 1320 473 δὲ
1337 446 1444 477 πόλεως
1466 445 1589 481 Ἐδέσης,
1600 445 1630 471 ὲν
1681 443 1712 470 τὺ
1721 444 1769 470 τοῦ
1786 444 1896 480 Χριστοῦ

1112 494 1202 529 τίμιον
1225 493 1374 529 ἐκμαγεῖον
1402 492 1544 525 ἀπέκειτο,
1571 491 1649 528 παρὰ
1677 492 1724 519 τοῦ
1750 491 1896 527 Ῥωμαϊκοῦ

1112 539 1349 576 πολιορκουμένης
1377 539 1586 575 στρατεύματος
1599 539 1647 566 καὶ
1662 540 1703 570 εις
1722 540 1843 575 ἀνάγκην
1856 548 1897 574 με.

1112 586 1208 622 γίστην
1227 586 1454 622 περιισταμένης,
1473 586 1638 613 ἀπέστειλαν
1660 586 1686 612 οἱ
1708 586 1813 620 ταύτης
1835 585 1898 620 οίκή-

1111 639 1190 665 τορες
1206 631 1275 665 πρὸς
1290 631 1337 658 τὸν
1353 630 1468 666 βασιλέα
1487 630 1628 666 Ῥωμανδν
1645 630 1897 666 διαπρεσῦευόμενοι

1111 676 1161 711 τὴν
1172 675 1330 711 πολιορκίαν
1349 675 1476 711 λυθῆναι,
1490 675 1521 702 τὸ
1535 674 1581 702 τοῦ
1592 675 1711 710 Χριστοῦ
1730 675 1809 709 ἅγιον
1823 676 1897 710 Expa-

1112 723 1187 755 γεῖον
1201 722 1334 757 παρέχειν
1354 721 1597 756 ἐπαγγειλάμενοι.
1617 720 1705 756 ’Υπὲρ
1717 722 1770 755 τῆς
1780 720 1897 756 τοιαύτης

1112 767 1141 794 δὲ
1156 768 1268 803 χάριτος
1284 767 1412 803 δεσμίους
1436 768 1574 804 ᾐτήσαντο
1583 767 1638 794 τῶν
1652 766 1785 802 ἐμφανῶν
1808 766 1896 793 ἀπολα-

1113 814 1183 848 ϐεῖν,
1197 814 1384 851 χρυσόῦουλλά
1394 822 1422 840 τε
1440 813 1534 840 λαϐεῖν
1551 814 1621 840 ὥστε
1636 813 1686 849 τὴν
1697 813 1806 840 τούτων
1818 812 1898 848 χώραν

1115 861 1214 896 μηκέτι
1237 861 1314 896 παρὰ
1335 861 1383 887 τοῦ
1410 859 1554 896 Ῥωμαίων
1580 859 1698 895 στρατοῦ
1723 858 1898 895 ληῖζεσθαιιῦ

1109 907 1141 942 δὴ
1159 907 1201 943 [Ρ.
1233 906 1296 943 591]
1319 907 1367 934 καὶ
1381 906 1503 941 γέγονεν.
1531 905 1583 933 Τοῦ
1613 906 1642 933 δὲ
1661 905 1742 940 ἁγίου
1758 905 1898 940 ἐκμαγείου

1113 953 1316 984 ἀποσταλέντος
1331 953 1378 980 καὶ
1390 953 1440 989 ήδη
1453 953 1486 988 τῇ
1501 951 1784 979 Κωνσταντινουπόλει
1795 951 1901 986 πλησιά-

1113 1007 1219 1032 σαντος,
1241 998 1407 1034 Θεοφάνηςό
1421 997 1564 1033 πατρίκιος
1586 998 1634 1024 καὶ
1657 996 1900 1032 παρακοιμώμενος

1112 1046 1141 1072 ἐν
1155 1045 1194 1080 τῷ
1213 1044 1328 1080 ποταμῷ
1345 1042 1620 1080 Σαγγάρῳ’ἑξελ6ὼν
1646 1043 1798 1078 ὑπήντησεν
1827 1041 1900 1076 αὐτῷ

1114 1089 1184 1125 μετὰ
1195 1089 1378 1124 φωταγωγίας
1399 1089 1447 1116 καὶ
1465 1088 1514 1123 τῆς
1533 1088 1648 1123 δεούσης
1661 1087 1745 1123 τιμῆς
1772 1087 1821 1113 καὶ
1838 1086 1901 1121 ὕμν-

1111 1136 1204 1170 ῳδίας.
1221 1136 1276 1163 Καὶ
1288 1137 1320 1172 τῇ
1337 1134 1368 1162 ιε’
1382 1135 1430 1162 τοῦ
1446 1134 1603 1169 Αὐγούστου
1626 1133 1710 1169 μηνὸς
1725 1133 1775 1160 σὺν
1788 1133 1861 1168 αὖτῷ
1873 1134 1899 1159 ὲν

1111 1182 1144 1216 τῇ
1158 1181 1233 1207 πόλει
1249 1180 1386 1216 εἰσῆλθον,
1398 1180 1446 1207 τοῦ
1463 1179 1594 1215 βασιλέως
1604 1179 1633 1205 ἐν
1646 1177 1815 1213 Βλαχέρναις
1829 1177 1899 1207 ὄντος

1112 1228 1194 1255 κάκεῖ
1212 1228 1280 1255 αὐτὸ
1300 1227 1553 1264 προσκυνήσαντος.
1576 1225 1616 1261 Τῇ
1632 1225 1661 1252 δὲ
1679 1224 1814 1260 ἐπαύριον
1829 1223 1899 1258 ἐξῆλ-

1112 1275 1157 1301 οον
1177 1275 1206 1301 ὲν
1219 1275 1251 1310 τῇ
1263 1274 1359 1310 Χρυσῇ
1380 1274 1470 1310 πόρτῃ
1482 1273 1509 1299 οἵ
1523 1281 1552 1299 τε
1566 1272 1614 1299 τοῦ
1636 1271 1773 1306 βασιλέως
1787 1270 1828 1297 δύο
1847 1269 1900 1295 uici

1112 1320 1250 1356 Στέφανός
1264 1329 1294 1346 τε
1310 1320 1357 1348 καὶ
1371 1320 1577 1350 Κωνσταντῖνος
1592 1318 1639 1345 καὶ
1653 1318 1668 1344 ό
1683 1316 1808 1353 γαμϐρὸς
1821 1315 1900 1342 αὑτοῦ

1112 1368 1318 1398 Κωνσταντῖνος
1341 1366 1390 1394 σὺν
1408 1366 1448 1401 τῷ
1466 1364 1626 1401 πατριάρχῃ
1644 1363 1839 1397 Θεοῳυλάκτῳ·
1858 1361 1902 1388 u‘t

1114 1414 1183 1449 μετὰ
1205 1414 1256 1449 τῆς
1281 1412 1396 1448 δεούσης
1421 1411 1500 1438 τοῦτο
1529 1409 1711 1441 ἀναλαϐόντες
1738 1408 1833 1443 τιμῆς,
1855 1406 1902 1442 τῆς

1113 1460 1266 1495 συγκλήτου
1280 1459 1371 1494 πάσης
1388 1457 1631 1493 προπορευομένης
1650 1455 1698 1482 καὶ
1724 1454 1902 1489 φωταγωγὲας

1114 1505 1246 1541 μεγίστης
1271 1503 1458 1539 προαγούσης,
1488 1502 1570 1537 μέχρι
1595 1500 1641 1527 τοῦ
1669 1499 1748 1534 ἁγίου
1766 1499 1833 1525 ναοῦ
1856 1498 1903 1532 τῆς

1120 1552 1213 1587 ’Λγίας
1228 1550 1274 1578 τοῦ
1287 1550 1356 1577 Θεοῦ
1369 1549 1470 1584 Σοφίας
1488 1548 1557 1583 πεζῇ
1573 1546 1745 1582 διεκόμισαν,
1760 1546 1810 1571 καὶ
1825 1552 1904 1580 προς-

1115 1596 1232 1631 κυνηθὲν
1252 1596 1341 1622 ἐκεῖσε
1355 1595 1384 1622 ἐν
1398 1593 1437 1629 τῷ
1452 1592 1578 1628 παλατίῳ
1594 1592 1745 1627 ἀνήγαγον.

1146 1687 1195 1719 νζ’.
1215 1686 1260 1712 Ἑν
1288 1684 1402 1716 ταύταις
1430 1683 1459 1709 δέ
1484 1683 1544 1714 ταῖς
1570 1681 1688 1716 ἡμέραις
1716 1678 1865 1714 Ἀρμένιον
1882 1687 1905 1704 τι

1109 1733 1192 1768 τέρας
1209 1732 1241 1767 τῇ
1256 1731 1332 1757 πόλει
1349 1730 1534 1765 ἐπεδήμησεν,
1553 1728 1648 1759 παῖδες
1674 1726 1810 1761 συμφυεῖς
1825 1726 1906 1760 ἄρρε-

1110 1787 1153 1810 vs;
1169 1779 1201 1804 ἐκ
1217 1778 1283 1813 μιᾶς
1297 1776 1475 1812 προελθόντες
1489 1773 1619 1809 γαστρὸς,
1637 1773 1703 1799 σῶοι
1728 1772 1777 1807 μὲν
1793 1771 1842 1798 καὶ
1858 1770 1904 1806 ἄρα

1108 1833 1161 1851 τιοι
1175 1823 1264 1850 πάντα
1275 1823 1309 1849 τὰ
1326 1821 1395 1857 μέλη
1412 1821 1459 1847 τοῦ
1475 1820 1612 1854 σώματος,
1631 1817 1685 1845 ἀπὸ
1697 1818 1727 1844 δὲ
1738 1817 1786 1843 τοῦ
1802 1817 1904 1851 στόμα-

1108 1879 1153 1903 τος
1167 1870 1217 1905 τῆς
1236 1868 1356 1903 γαστρὸς
1375 1868 1421 1894 κα)⁴
1438 1866 1519 1903 μέχρι
1543 1866 1598 1892 τῶν
1622 1863 1820 1899 ὑπογαστρίων
1837 1872 1904 1897 σομ-

1108 1916 1262 1952 πεφυκότες
1289 1915 1337 1942 καὶ
1362 1914 1487 1950 ἀλλήλοις
1504 1913 1675 1948 ὑπάρχοντες
1686 1911 1905 1946 ἀντιπρόσωποι.

1109 1964 1140 1990 Οἳ
1154 1964 1201 1990 ἐπὶ
1226 1962 1350 1989 πλεῖστον
1378 1962 1411 1997 τῇ
1440 1960 1517 1987 πόλει
1539 1958 1775 1994 ἐνδιατρίψαντες,
1791 1959 1841 1983 καὶ
1855 1956 1906 1982 ὑπὸ

1108 2010 1218 2038 πάντων
1231 2009 1269 2040 ὡς
1283 2008 1400 2040 ἐξαίσιόν
1416 2016 1442 2034 τι
1457 2007 1539 2042 τέρας
1562 2004 1708 2040 ὁρώμενοι,
1734 2004 1787 2037 τῆς
1805 2002 1908 2032 πόλεως

1107 2057 1143 2088 ὡς
1156 2055 1274 2090 πονηρός
1286 2063 1328 2086 τις
1345 2054 1441 2085 οἰωνος
1454 2052 1637 2087 ἐξηλάθησαν.
1668 2050 1730 2076 Ἐπὶ
1745 2049 1778 2076 δὲ
1794 2050 1845 2085 τῆς
1862 2057 1907 2083 μο-

1108 2100 1285 2135 νοκρατορὶας
1313 2097 1521 2125 Κωνσταντίνου
1538 2096 1621 2122 πάλιν
1642 2095 1810 2130 εἰσήλθοσαν
1822 2103 1829 2109 ”
1847 2095 1907 2121 ἐπεὶ

1106 2145 1134 2171 δὲ
1145 2145 1159 2171 ό
1174 2144 1266 2179 ἕτερος
1281 2143 1372 2170 αὐτῶν
1395 2141 1547 2177 ἐτεθνήκει,
1574 2140 1663 2175 ἰατροί
1684 2148 1761 2172 τινες
1778 2140 1908 2175 ἔμπειροι

1106 2191 1137 2217 τὸ
1155 2189 1407 2225 συγκεκολλημένον
1435 2188 1518 2224 μέρος
1533 2187 1659 2222 διέτεμον
1674 2186 1799 2221 εὐφυῶς,
1820 2186 1909 2212 ἐλπίδι

1108 2236 1155 2263 τοῦ
1171 2236 1216 2263 τὸν
1233 2236 1327 2271 ἕτερον
1350 2234 1492 2270 ζήσεσθαι,
1508 2234 1537 2265 ὃς
1565 2233 1640 2268 τρεῖς
1653 2232 1763 2268 ἡμέρας
1782 2231 1908 2262 ἐπιϐιοὺς

1107 2284 1294 2318 ἐτελεύτησεν.
1532 2280 1535 2282 λ

1143 2334 1195 2366 νη’.
1220 2331 1249 2358 '0
1263 2330 1293 2357 δὲ
1315 2329 1454 2365 Ῥωμανδς
1475 2330 1490 2356 ὁ
1512 2327 1650 2364 βασιλεὺς,
1667 2328 1704 2360 ὡς
1720 2328 1860 2364 ἀνωτέρω
1874 2327 1909 2352 ef—

1108 2387 1199 2414 ρηται,
1216 2379 1245 2404 ἐν
1260 2377 1342 2404 πᾶσιν
1354 2376 1483 2411 μοναχοῖς
1501 2375 1593 2402 πίστιν
1615 2375 1749 2410 ἐκέκτητο
1775 2374 1906 2410 ἄμετρον.

1107 2424 1292 2460 διαφερόντως
1302 2423 1330 2450 δὲ
1344 2423 1426 2458 ἐτίμα
1436 2422 1484 2449 καὶ
1496 2421 1678 2457 ὑπερεσέὸετο
1690 2421 1812 2455 Σέργιον
1823 2421 1870 2447 τὸν
1883 2420 1908 2446 ὲν

1109 2472 1257 2507 μονασταῖς
1268 2469 1468 2505 διαλάμποντα,
1494 2469 1524 2500 ὃς
1540 2468 1655 2503 ἁδελφὸς
1682 2468 1735 2499 μὲν
1758 2468 1812 2494 τοῧ
1830 2466 1909 2502 ματί-

1108 2527 1190 2554 στρου
1218 2517 1325 2553 ὑπῆρχε
1348 2517 1459 2551 Κοσμᾶ,
1487 2515 1598 2550 ἀνεψιὸς
1625 2514 1653 2541 δὲ
1666 2513 1715 2540 τοῦ
1731 2514 1910 2550 πατριάρισδ

1106 2563 1209 2591 Φωτίου
1222 2572 1228 2579 ·
1258 2563 1288 2589 ὃν
1313 2562 1393 2589 πλέον
1408 2562 1459 2597 τῆς
1475 2561 1611 2597 σαρκικῆς
1628 2561 1832 2595 εὺσυγγενιίας
1844 2560 1869 2575 ⁸·
1895 2559 1910 2592 ή

1107 2610 1177 2637 κατὰ
1189 2609 1277 2645 ψυχὴν
1301 2609 1383 2645 ἐτίμα
1394 2608 1529 2642 εὐγένεια,
1553 2607 1668 2642 ’Δρετῆς
1690 2607 1748 2643 γάρ
1762 2608 1808 2639 εἰς
1825 2606 1910 2640 ᾶιρσν

1107 2658 1153 2684 καὶ
1168 2656 1295 2691 γνώσεως
1316 2656 1428 2691 ήλασεν,
1456 2654 1495 2687 ὡς
1519 2653 1646 2689 δυσχερὲς
1666 2651 1740 2680 εἶναι
1753 2652 1909 2687 διακρίνειν

1107 2703 1215 2739 ποτέρῳ
1229 2702 1329 2737 μᾶλλον
1345 2702 1531 2729 ἐπλεονέκτειο
1544 2700 1631 2730 οὕτως
1641 2700 1686 2731 είς
1701 2700 1792 2736 ἄκρον
1811 2697 1909 2725 ἑκατέ-

1109 2757 1158 2785 ραν
1171 2749 1333 2785 ὲξήσκησεν.
1358 2748 1488 2783 Ἐπήνθει
1506 2756 1534 2773 τε
1552 2746 1627 2782 αὐτῷ
1647 2746 1719 2781 πρὸς
1736 2747 1796 2777 τοῖς
1817 2744 1910 2772 ἄλλος

1108 2795 1153 2822 καὶ
1170 2794 1259 2829 τὸτῆς
1275 2794 1439 2830 διακρίσεως
1465 2794 1588 2830 χάρισμα
1606 2791 1653 2819 καὶ
1674 2793 1704 2819 τὸ
1735 2792 1835 2827 χάριεν
1863 2787 1911 2815 τσῦ

900 2841 1014 2870 VARle
1030 2842 1234 2872 LECTIONES.

292 2885 314 2905 9’
331 2886 489 2919 συγγενείας
504 2894 529 2921 p.
544 2887 596 2915 269
619 2888 645 2916 b.
