1998 3104
160 192 243 226 ήυους
260 191 306 218 καὶ
318 191 347 217 τὸ
359 191 469 227 μέτριον
478 192 525 219 τοῦ
536 193 719 229 φρονήματος.
729 194 766 221 Οὐ
779 194 833 230 γὰρ
843 195 948 221 ἀνέσπα

159 238 210 269 τὰς
224 237 308 273 ὀφρῦς
319 238 357 269 ῶς
369 240 393 265 οί
407 239 453 265 νῦν
482 240 570 274 σοφοὶ,
587 240 646 268 οὐδὲ
672 241 784 273 ἀλαζών
798 250 839 273 τις
862 242 949 269 ἐδόκει

159 282 207 309 καὶ
221 283 406 319 ὑπερήφανος,
421 284 490 312 ἀλλὰ
497 285 543 312 τὸν
554 285 633 320 λόγον
650 287 700 322 μὲν
712 285 769 325 εἶχε
783 288 949 324 γλυκύτερον

160 328 270 363 μέλιτος
285 330 482 364 ἀποστάζοντα,
495 331 525 358 τὸ
544 329 610 367 ἦθος
625 332 653 359 δὲ
671 334 771 367 πάγιον
786 334 832 360 καὶ
851 334 947 361 σταθε-

143 373 215 422 ἐρὺν,
234 373 277 409 [Ρ.
293 374 357 411 592]
370 377 496 404 ταπεινὸν
507 377 535 404 δὲ
547 378 578 404 τὸ
590 378 730 414 φρόνημα.
746 380 849 407 Τοῦτον
859 381 891 415 δὴ
903 380 948 407 τὸν

143 419 281 453 ίὰοίδιμον
292 420 474 454 ἀδιαλείπτως
498 423 557 458 μεθ’
575 425 674 451 ἑαυτοῦ
690 422 763 460 εἶχεν
779 426 794 450 ὁ
811 426 946 459 βασιλεὺς,

157 465 258 492 κανόνα
269 465 354 497 ὅντως
362 467 410 494 καὶ
425 468 549 503 στάθμην
561 469 607 496 τὸν
620 469 703 496 αὑτοῦ
719 470 777 505 βίον
792 471 834 497 ἀεὶ
850 471 948 506 ῥυθμί-

156 511 247 543 ζοντα.
266 512 315 542 ’ος
334 512 420 540 πολλὰ
445 513 562 549 παρῄνει
584 515 623 550 τῷ
643 515 750 550 βασιλεῖ
773 517 827 542 τῶν
845 517 947 543 παίδων

155 557 345 592 ἐπιμελεῖσθαι
371 559 419 586 καὶ
446 560 484 595 μὴ
499 561 682 593 ἀπαιδεύτους
702 562 750 597 ὲᾷν
762 563 802 594 είς
815 563 947 598 πονηρίαν

155 601 340 635 ἑκκλίνοντας,
359 604 397 639 μή
411 611 476 631 ποτε
494 605 594 637 αὐτοὺς
609 605 691 634 πάθοι
707 607 738 633 τὸ
748 606 796 633 τοῦ
818 607 888 640 Ἠλὶ,
905 617 947 635 τι-

154 642 315 683 μωρίαν’ὲκ
330 648 382 683 τῆς
402 648 456 676 τῶν
471 650 575 678 παίδων
598 652 773 687 παρανομίας
789 653 910 684 ἐκτίσας.

191 781 239 809 νϐ’.
263 782 371 818 Ἐπειδὴ
400 783 428 811 δὲ
454 783 500 812 τοῦ
528 785 662 812 παλατίου
686 786 781 814 τοῦτον
797 788 821 814 οἱ
854 788 947 821 παῖδες

154 828 311 863 κατήγαγον
332 828 379 856 καὶ
394 830 422 856 ὲν
435 831 467 865 τῇ
487 830 588 867 Πρὼτῃ
603 832 678 867 νήσῳ
700 832 844 868 ἐξώρισαν,
866 833 946 860 πάλιν

153 872 248 900 τοῦτον
263 872 320 908 εἶχε
335 874 390 901 τῶν
405 875 552 910 συμφορῶν
567 876 742 911 παραμύθιον
756 878 869 904 καὶτῶν
888 878 943 905 ολι-

153 923 227 956 ψεων
243 922 412 950 ἀκεσὼδυνον
427 924 584 960 φάρμακον.
600 919 634 961 ᾭ
650 926 733 960 συνῆν
755 927 817 953 τότε
834 927 880 953 καὶ
893 928 945 954 Πο-

152 967 283 1001 λύευκτος
300 970 416 1005 μοναχδς
430 970 640 1003 εὐλαϐέστατος,
656 972 703 998 καὶ
714 972 794 1007 αὐτὸς
807 973 840 999 τὰ
853 973 945 1000 είκότα

154 1014 413 1050 παραμυθούμενος·
434 1016 463 1047 ὃς
483 1016 531 1042 τοῦ
559 1018 729 1052 πατριάρχου
753 1018 944 1053 Θεοφυλάκτου

152 1059 367 1095 τελευτήσαντος
387 1062 561 1099 πατριάρχης
576 1063 623 1089 ἐπὶ
639 1063 686 1089 τοῦ
703 1063 835 1098 βασιλέως
865 1065 944 1091 Κων-

154 1107 296 1134 σταντίνου
312 1109 516 1144 προχειρίζεται
531 1111 854 1143 Κωνσταντινουπόλεως.

191 1197 222 1229 ξ’.
248 1197 324 1225 Ἐπεὶ
344 1199 372 1226 δὲ
400 1200 506 1232 πολλοῖς
522 1202 633 1237 τρόποις
644 1201 768 1238 βούλεται
785 1204 799 1229 ὁ
814 1203 879 1235 Θεὸς
893 1203 945 1230 σώ-

154 1241 212 1273 ζειν
223 1243 270 1270 τὸν
282 1244 433 1278 ἄνθρωπον,
446 1247 618 1284 συνεχώρησε
633 1248 680 1274 καὶ
690 1248 735 1275 τὸν
744 1249 856 1283 βασιλέα
878 1249 945 1276 Ῥω-

156 1289 241 1323 μανὺν
253 1290 377 1327 ἀδοκήτῳ
400 1295 560 1327 περιπεσεῖν
577 1295 716 1330 συμφορᾷ,
743 1294 787 1320 ἵνα
810 1295 844 1321 δι’
860 1295 946 1330 αὐτῆς

156 1337 351 1371 σωφρονισθείς
366 1339 413 1364 καὶ
424 1338 478 1365 τῶν
492 1339 601 1366 οίκείων
616 1341 645 1366 ἐν
664 1340 840 1375 συναισθήσει
856 1350 945 1376 παρα-

156 1383 312 1416 πτωμάτων
327 1384 472 1420 γενόμενος
487 1386 625 1420 σωτηρίας
639 1386 753 1422 ἀξιωθῇ.
769 1386 945 1423 Συνεχώρησε

153 1425 210 1461 γὰρ
236 1427 421 1463 ὲπαναστῆναι
446 1429 520 1465 αὐτῷ
537 1430 582 1456 τὸν
609 1430 665 1457 υίὸν
684 1431 767 1458 αὑτοῦ
799 1432 943 1467 Στέφανον,

153 1472 248 1509 ὥσπερ
264 1474 329 1501 ποτὲ
363 1475 515 1502 Ἀϐεσαλὼν
534 1477 670 1512 ἐπανέστη
695 1477 734 1512 τῷ
751 1478 844 1512 οἰκείῳ
862 1479 945 1514 πατρὶ

152 1518 193 1553 τῷ
207 1519 300 1546 Δαϐίδ.
316 1520 483 1555 Συμὸούλοις
497 1519 544 1548 οὖν
557 1519 635 1554 οὗτος
650 1523 719 1558 πρὸς
741 1524 819 1550 τοῦτο
841 1525 945 1560 χρησά-

153 1572 236 1598 μενος
250 1565 288 1601 τῷ
301 1574 330 1592 τε
345 1566 401 1592 ἀπὸ
414 1567 539 1602 μοναχῶν
550 1569 683 1604 Μαριανῷ
696 1569 743 1596 καὶ
754 1570 887 1605 Βασιλείῳ
905 1570 944 1605 τῷ

151 1610 396 1646 πρωτοσπαθαρίῳ
423 1610 462 1646 τῷ
493 1612 646 1649 Πετεινάκῃ
679 1614 726 1639 καὶ¹
751 1614 879 1649 Μανουὴλ
908 1615 946 1650 τῷ

151 1655 309 1690 Κουρτίκῃ,
323 1656 482 1684 συνειδότων
495 1657 568 1693 αὐτῷ
577 1658 624 1685 καὶ
638 1659 691 1685 τῶν
703 1659 791 1686 ἄλλων
803 1660 945 1694 βασιλέων,

149 1700 250 1727 τοῦτον
280 1701 327 1728 τοῦ
355 1703 489 1730 παλατίου
516 1704 610 1736 κακῶς
638 1706 778 1740 κατήγαγε
795 1707 842 1733 καὶ
861 1707 889 1733 ὲν
913 1708 945 1742 τῇ

151 1746 254 1783 Πρώτη
273 1748 348 1784 νήσῳ
362 1748 487 1784 ἒξορίσας
497 1750 589 1786 ἔκειρε
602 1752 727 1786 μοναχόν.

189 1790 225 1817 α’.
245 1791 412 1829 ’Υπελείφθη
436 1794 483 1821 οὖν
509 1796 688 1832 αὐτοκράτωρ
714 1798 916 1830 Κωνσταντῖνος
930 1799 945 1825 ὁ

150 1837 248 1864 τούτου
262 1839 386 1874 γαμϐρός
396 1847 403 1854 ·
413 1840 443 1872 ὃς
456 1842 614 1877 παραυτίκα
626 1842 732 1878 Βάρδαν
746 1843 792 1870 τὸν
802 1843 848 1871 τοῦ
864 1845 945 1872 Φωκᾶ

150 1884 186 1918 τῇ
198 1883 244 1910 τοῦ
261 1884 414 1921 μαγίστρου
434 1885 498 1922 ἀξίᾳ
527 1887 662 1923 τιμήσας,
688 1888 776 1924 χρόνῳ
792 1889 882 1925 πολλῷ
895 1890 944 1926 τὴν

151 1931 183 1955 ἐν
200 1929 328 1965 πολέμοις
344 1931 526 1967 ἀνδραγαθίαν
545 1933 760 1968 ὲπιδειξάμενον,
784 1935 944 1971 δομέστικον

150 1976 208 2003 ’.ὢν
222 1977 324 2012 σχολῶν
338 1978 553 2014 προχειριζεται,
566 1978 625 2006 εἶτα
635 1980 785 2014 Βασίλειον,
797 1979 819 2016 ᾧ
830 1983 944 2020 ὶτιίκλην

153 2024 333 2060 Πετεινάκης,
345 2025 490 2060 πατρίκιον
512 2026 558 2053 καὶ
574 2025 660 2060 μέγαν
678 2027 881 2064 ἑταιρειάρχην.
900 2030 944 2065 Τῷ

150 2069 181 2095 δὲ
197 2070 243 2096 τοῦ
261 2070 354 2104 γένους
369 2071 423 2098 τῶν
442 2072 584 2107 Ἀργυρῶν
608 2073 743 2109 Μαριανῷ
759 2074 794 2100 τὰ
809 2075 944 2110 μοναχικὰ

151 2116 291 2149 ἀποδύσας
306 2118 450 2153 πατρίκιον
462 2119 510 2145 καὶ
520 2119 628 2155 κόμητα
642 2120 689 2147 τοῦ
702 2121 818 2148 στάϐλου
829 2122 945 2158 πεποιη-

152 2171 212 2195 κεν,
222 2163 353 2196 ὡσαύτως
367 2165 414 2191 καὶ
424 2165 555 2202 Μανουὴλ
569 2166 614 2193 τὸν
627 2167 774 2202 λεγόμενον
789 2169 944 2205 Κουρτίκην

150 2210 298 2245 πατρίκιον
323 2211 369 2237 καὶ
397 2211 579 2247 δρουγγάριον
607 2212 658 2247 τῆς
688 2213 800 2250 βίγλης·
818 2215 944 2248 οὕστινας

151 2257 228 2291 τρεῖς
238 2256 269 2282 οὐ
287 2257 356 2291 μετὰ
372 2257 456 2284 πολὺν
480 2258 604 2293 χρόνονή
627 2258 674 2285 τοῦ
688 2259 755 2286 Θεοῦ
771 2260 864 2287 δικαία
881 2262 942 2296 κρί-

153 2310 209 2333 σις,
228 2300 270 2337 [Ρ.
286 2301 350 2337 593}
364 2301 402 2333 ὡς
414 2302 454 2334 είς
469 2302 587 2337 Χριστὸν
602 2303 706 2338 Κυρίου
723 2304 944 2339 παροινήσαντας

154 2347 202 2374 καὶ
213 2348 308 2383 χεῖρας
319 2347 421 2379 ἀδίκως
432 2348 624 2382 ἐπιϐαλόντας,
635 2350 685 2383 τῆς
696 2348 837 2384 βασιλείας
848 2350 945 2386 ὀρεγο-

154 2393 253 2428 μένους
263 2413 270 2425 ,
291 2393 440 2429 μετῆλθεν·
456 2394 503 2420 ἐπὶ
513 2394 676 2421 καθοσιώσει
691 2395 745 2431 γὰρ
758 2395 946 2431 καταληφθέν-

152 2448 200 2470 τες
217 2439 348 2474 ἑκάτερος
361 2439 450 2466 αὐτῶν
470 2440 598 2476 οἰκτίστῳ
623 2440 731 2476 θανάτῳ
743 2441 774 2467 τὸ
791 2441 841 2477 ζῇν
856 2441 944 2478 ἀπέρ-

153 2486 252 2521 ρηξαν.
270 2485 311 2512 Τὰ
328 2485 357 2512 δὲ
369 2486 435 2522 περὶ
454 2486 543 2513 αὐτῶν
557 2486 713 2523 πλατύτερά
726 2496 756 2514 τε
771 2487 819 2514 καὶ
834 2487 946 2525 ἐπεξερ-

152 2529 346 2567 γαστικώτερα
373 2531 403 2558 ὲν
428 2532 461 2566 τῇ
481 2532 674 2567 προηγουμένη
685 2532 817 2568 ἐξηγήσει
830 2532 946 2569 ἐκθήσο-

155 2585 216 2612 μαι.

193 2664 226 2701 β’.
238 2666 315 2693 Μετὰ
332 2666 361 2693 δὲ
389 2669 415 2701 μ’
435 2666 551 2702 ἡμέρας,
574 2668 608 2702 τῇ
637 2666 676 2699 κζ’
703 2668 750 2694 τοῦ
779 2668 945 2705 Ίανουαρίου

160 2712 256 2748 μηνὸς.
272 2712 447 2744 ὑποπτεύσας
461 2713 664 2745 Κωνσταντῐνος
681 2713 727 2740 τὸν
754 2715 816 2741 τότε
835 2714 947 2750 βασιλέα

158 2758 296 2792 Στέφανον
316 2758 363 2785 καὶ
376 2758 581 2785 Κωνσταντῖνον
607 2759 652 2785 τὸν
668 2759 782 2794 ἀδελφὸν
810 2760 893 2787 αὑτοῦ
910 2762 946 2796 μή

159 2812 226 2831 ποτε
241 2805 302 2831 κατ’
313 2804 395 2831 αὑτοῦ
407 2804 441 2831 τὰ
451 2805 531 2840 ὅμοια
550 2803 718 2839 πράξωνται,
738 2807 784 2833 καὶ
799 2806 947 2841 λογισάμε-

158 2859 216 2884 νος,
226 2851 294 2887 ὅπερ
308 2849 343 2887 ἦν
357 2851 439 2885 εικδς,
457 2852 497 2879 ὅτι
510 2850 592 2878 εἰτοῦ
612 2852 675 2879 ἰδίου
694 2853 795 2888 πατρὸς
812 2854 861 2880 οὐκ
873 2853 947 2887 ἐφείη

706 139 806 169 νιτΜῖ
826 139 1105 171 RECENTIORU-M
1131 141 1234 172 IMPP.

1736 147 1790 179 93‘).

964 196 1131 226 Acretionis
1160 197 1262 224 donum
1293 205 1452 233 mormnque
1470 200 1566 234 gratia,
1600 201 1685 229 animi
1696 211 1794 233 sensus

1001 240 1146 268 modestia.
1169 242 1264 277 Neque
1291 243 1365 269 enim
1394 245 1539 278 supercilia
1561 247 1726 282 attrahebal,
1753 251 1793 277 uti

1000 290 1137 314 nostrates
1151 288 1289 322 sapientes
1304 289 1329 316 in
1350 297 1425 317 more
1444 291 1562 324 positum
1579 293 1690 327 habent,
1705 304 1795 331 neque

1000 339 1065 360 vero
1080 339 1253 368 arrogantem
1268 342 1300 362 ac
1311 336 1461 370 superbum
1482 338 1653 372 praeferebat,
1672 342 1718 368 sed
1735 350 1794 369 scr-

999 385 1045 404 mo
1057 377 1096 404 illi
1109 379 1189 406 melle
1201 380 1310 408 dulcior
1332 390 1364 409 cx
1379 391 1425 410 ore
1437 384 1566 412 stillabat.
1583 386 1672 413 Firma
1691 388 1795 416 indoles

999 430 1031 450 ac
1046 429 1195 457 constans;
1227 434 1326 454 sensus
1343 429 1428 456 animi
1450 431 1592 459 modestus
1614 440 1646 460 ac
1672 433 1793 462 humilis.

999 468 1078 496 Hunc
1093 470 1184 505 itaque
1200 471 1290 499 virum
1310 473 1440 509 inclytum
1465 476 1614 512 imperatur
1631 487 1682 507 una
1701 488 1794 507 secum

999 515 1131 543 continuo
1144 516 1271 550 habebat,
1287 518 1321 545 ad
1337 520 1416 555 cujus
1432 529 1556 550 normam
1572 528 1655 559 atque
1673 526 1794 560 regulam

998 560 1062 589 vitae
1074 569 1131 588 sum
1155 562 1276 591 rationes
1293 571 1482 600 componeret.
1505 568 1631 597 Monebat
1647 571 1692 598 ille
1709 573 1796 600 serio—

999 615 1054 641 que
1082 608 1247 636 hortabatur
1270 615 1300 638 ut
1325 611 1475 640 liberorum
1501 623 1596 642 curam
1618 623 1722 652 ageret.
1745 627 1796 646 nec

999 653 1219 689 lndiseiplinatos
1236 656 1270 683 ad
1287 658 1439 692 nequitiam
1457 660 1597 689 declinare
1630 662 1744 694 sineret,
1760 674 1794 692 ne

999 699 1071 726 idem
1087 704 1169 735 atque
1186 701 1246 729 Heli
1263 703 1302 730 illi
1316 704 1466 738 accideret,
1477 715 1509 733 ac
1524 707 1675 735 liberorum
1688 710 1794 743 [Iitlt‘lila

999 746 1058 781 ipse
1072 747 1178 781 lueret;
1195 750 1269 784 quod
1280 756 1307 777 et
1326 751 1362 778 ita
1379 753 1489 780 accidit.

1037 792 1081 818 59.
1100 792 1177 825 Quod
1192 802 1257 822 vero
1268 796 1329 822 aula
1343 796 1478 832 dejectqu
1494 799 1573 825 liberi
1592 800 1616 825 in
1629 800 1736 827 Proteu:
1756 810 1793 827 ιιι-

997 837 1084 864 sulam
1096 838 1296 874 relegarerant,
1314 842 1387 869 hunc
1405 852 1500 870 rursus
1519 846 1701 872 ("alatnilntvtu
1725 847 1794 873 sela—

962 889 983 918 Β
1000 882 1066 910 tium
1081 892 1112 911 ac
1122 892 1308 913 mrumnarum
1326 889 1572 924 angustiarumquc
1591 891 1650 917 lene
1669 892 1792 918 lL‘\':IllH‘ll

997 928 1124 957 habebat.
1134 930 1235 958 Aderat
1246 932 1328 960 etiam
1337 935 1440 967 pariter
1449 936 1613 970 Polycnctus
1623 939 1794 965 reverendis-

997 973 1084 1001 sinms
1110 976 1273 1009 monachus,
1288 978 1334 1012 qui
1352 978 1410 1013 ipse
1432 980 1547 1014 perinde
1565 989 1596 1008 ac
1615 990 1696 1016 quem
1722 984 1793 1011 dicc-

997 1019 1070 1051 bam,
1087 1020 1210 1055 Sergius,
1234 1022 1342 1051 adversi
1354 1031 1435 1051 casus
1450 1026 1603 1053 molestiam
1628 1029 1796 1056 convenien-

997 1067 1039 1091 ter
1066 1070 1186 1101 aptequc
1214 1067 1346 1096 leniebat.
1385 1070 1435 1098 llic
1465 1075 1559 1105 postea
1587 1072 1793 1109 Theophylacto

996 1109 1125 1138 humanis
1135 1118 1263 1149 exempto
1275 1122 1289 1141 ο
1302 1114 1483 1144 Constantino
1497 1117 1664 1153 imperatore
1677 1120 1793 1154 patriar~

996 1155 1048 1182 cha
1059 1162 1207 1190 provectus
1222 1164 1273 1185 est.
1308 1158 1321 1174 ⁵

1030 1202 1110 1236 921
1141 1203 1185 1229 60.
1213 1204 1442 1239 Quandoquidem
1470 1212 1562 1234 autem
1598 1209 1669 1237 Deus
1697 1211 1792 1239 multis

997 1246 1087 1273 modis
1107 1247 1223 1275 salutem
1240 1249 1346 1277 homini
1363 1255 1493 1285 prtestare
1510 1254 1666 1286 constituit,
1690 1255 1791 1283 Itoma-

998 1300 1063 1318 num
1081 1292 1278 1328 imperatorem
1296 1296 1368 1324 citra
1382 1305 1492 1326 omnem
1511 1301 1746 1335 exspectationem
1763 1302 1791 1330 in

998 1338 1182 1366 calamitatem
1201 1340 1324 1369 incidere
1339 1344 1479 1377 permisit,
1496 1349 1527 1372 ul.
1544 1345 1568 1373 is
1584 1346 1628 1373 illa
1643 1348 1792 1383 castigatus

999 1390 1031 1410 ac
1048 1384 1082 1411 de
1095 1385 1249 1419 superioris
1275 1387 1337 1415 vitae
1354 1388 1464 1416 delictis
1489 1389 1648 1419 admonitus
1674 1393 1789 1421 salutent

997 1436 1224 1464 consequeretur.
1242 1432 1370 1461 Permisit
1380 1442 1499 1470 namque
1517 1435 1686 1472 Stephanum
1703 1439 1790 1467 lilium

998 1473 1024 1500 in
1053 1482 1116 1502 eum
1138 1475 1292 1512 insurgere,
1322 1479 1362 1505 uti
1398 1480 1464 1507 olim
1495 1480 1624 1509 Absalom
1650 1483 1678 1511 in
1706 1484 1787 1511 Davi—

998 1519 1059 1546 dem
1103 1525 1211 1555 patrem
1248 1531 1340 1551 suum.
1368 1524 1482 1553 Mariani
1506 1527 1599 1562 itaque
1625 1531 1788 1559 exmonaehi

958 1559 979 1588 C
997 1566 1097 1601 Argiri,
1129 1569 1277 1603 Basiliique
1303 1572 1519 1605 protospatbarii
1544 1574 1698 1609 Petinacis,
1723 1586 1790 1606 necs

997 1620 1051 1638 non
1077 1613 1210 1641 Manuelis
1235 1614 1355 1642 Curticis
1387 1617 1509 1645 consiliis
1535 1619 1648 1653 abusus,
1672 1624 1790 1651 consciis

997 1657 1079 1683 etiam
1088 1658 1204 1692 reliquis
1214 1659 1439 1694 imperatoribus,
1453 1666 1560 1696 patrem
1575 1666 1636 1692 aula
1645 1674 1787 1701 perperam

997 1700 1165 1736 deturbavit,
1182 1703 1265 1738 inque
1281 1705 1363 1733 Prote
1383 1705 1473 1734 insula
1489 1707 1641 1743 relegatum
1659 1700 1788 1740 monachi

997 1745 1050 1774 ritu
1068 1746 1205 1775 detondit.

1033 1793 1057 1819 1.
1076 1792 1274 1824 Constantinus
1288 1796 1382 1832 itaque
1401 1797 1516 1826 Romani
1540 1808 1625 1836 gener
1639 1801 1789 1838 imperator

996 1838 1109 1867 relictus
1121 1844 1173 1868 est.
1191 1841 1215 1869 Is
1222 1842 1367 1871 confestim
1382 1843 1498 1872 Bardam
1513 1846 1613 1875 Phocae
1628 1847 1714 1876 ﬁlium
1730 1858 1788 1878 ma-

996 1884 1071 1920 gistri
1085 1885 1218 1921 dignitate
1232 1892 1356 1922 auctum,
1377 1889 1480 1925 qpippe
1501 1892 1575 1928 longi
1594 1895 1727 1930 temporis
1738 1904 1786 1924 ex-

995 1931 1132 1965 perientia
1159 1932 1267 1960 bellicis
1289 1933 1460 1963 facinoribus
1484 1938 1557 1966 clara
1579 1941 1680 1974 sapius
1706 1942 1788 1969 laude

995 1975 1119 2002 functum
1146 1980 1228 2011 atque
1254 1978 1412 2012 probatum,
1440 1981 1579 2017 legionum
1606 1984 1787 2014 domesticum

995 2020 1128 2054 praefecit.
1154 2021 1223 2050 Tum
1247 2024 1388 2058 Basilium,
1405 2027 1450 2053 cui
1466 2035 1617 2064 cognomen
1632 2030 1786 2065 Petinaces,

995 2066 1141 2100 patricium
1155 2074 1230 2096 creat
1251 2077 1284 2097 ac
1299 2078 1427 2107 magnum
1450 2073 1667 2103 ltetmriarcham.
1688 2077 1788 2105 Maria—
1823 2091 1826 2096 -

995 2120 1061 2139 num
1078 2113 1248 2149 Argyrorum
1277 2116 1364 2152 stirpe
1393 2123 1495 2153 satum,
1519 2120 1644 2149 detracto
1659 2124 1788 2151 monachi

995 2158 1091 2186 habitu
1115 2160 1223 2195 patricii
1240 2162 1401 2191 decoratum
1416 2164 1521 2198 infulis,
1538 2168 1669 2195 comitem
1685 2169 1787 2197 stabuli

996 2205 1070 2234 facit.
1084 2207 1216 2236 Similiter
1231 2218 1341 2245 quoque
1356 2211 1509 2240 Manuelem
1531 2213 1636 2241 dictum
1647 2214 1787 2243 Curticem

996 2253 1143 2287 patricium
1165 2260 1194 2283 et
1216 2257 1397 2285 cxcubiarum
1420 2258 1615 2294 drungarium;
1640 2269 1710 2296 quos
1733 2266 1789 2291 tres

996 2299 1080 2333 viros,
1096 2300 1174 2328 brevi
1190 2301 1335 2337 interjecto
1363 2308 1497 2340 tempore,
1510 2306 1584 2341 justa
1601 2307 1648 2334 Dei
1664 2308 1731 2336 ultio
1747 2309 1789 2336 in—

996 2350 1091 2373 secuta
1102 2351 1154 2379 est,
1180 2347 1255 2382 quod
1271 2348 1300 2375 in
1325 2349 1467 2377 Christum
1493 2351 1598 2379 domini
1624 2352 1787 2382 debacchati

996 2394 1090 2418 essent
1104 2399 1137 2419 ac
1146 2391 1253 2427 .iniquc
1269 2393 1299 2421 in
1315 2401 1378 2421 eum
1404 2403 1502 2424 manus
1529 2397 1698 2433 iniecissent,
1725 2408 1789 2428 cum

998 2435 1104 2463 scilicet
1119 2435 1273 2471 imperandi
1294 2438 1381 2467 libido
1399 2448 1447 2468 eos
1459 2441 1626 2471 incessisset.
1639 2444 1789 2480 Maiestatis

997 2481 1071 2508 enim
1092 2482 1132 2509 rei
1155 2483 1237 2518 922
1261 2486 1366 2519 peracti
1391 2487 1549 2516 miserando
1571 2498 1686 2524 prorsus
1713 2492 1788 2520 exitu

998 2527 1096 2555 horum
1113 2529 1232 2564 quilibet
1246 2530 1331 2558 vitam
1347 2532 1597 2562 tinierc.Ca:terum
1610 2545 1671 2571 qua:
1681 2538 1714 2565 ad
1728 2539 1789 2567 illos

998 2578 1123 2608 spectant
1141 2575 1230 2603 fusius
1243 2578 1442 2614 operosiusque
1459 2588 1606 2615 exsequar|
1618 2583 1665 2611 ubi
1677 2592 1710 2612 ex
1723 2593 1790 2620 pro-

998 2620 1072 2648 fesso
1084 2629 1140 2649 rem
1158 2630 1218 2649 sum
1232 2628 1403 2657 narraturus.
1684 2637 1686 2639 '

1033 2668 1060 2694 2.
1079 2668 1146 2695 Post
1171 2668 1231 2695 dies
1254 2670 1445 2705 quadraginta,
1472 2673 1596 2702 Januarii
1625 2677 1727 2704 mensis
1744 2677 1788 2705 die

1000 2714 1117 2749 septimo
1134 2723 1218 2749 supra
1230 2715 1404 2751 vigesimum,
1421 2724 1565 2754 suspectos
1594 2721 1699 2750 habens
1714 2723 1788 2752 Con-

1000 2760 1141 2788 stantinus
1152 2760 1323 2796 Stephanum
1336 2763 1531 2798 imperatorem
1544 2767 1659 2803 ejusque
1675 2769 1787 2798 fratrem

1000 2805 1220 2839 Constantinum,
1253 2814 1288 2835 ne
1319 2808 1429 2843 quando
1456 2809 1483 2836 in
1514 2818 1543 2838 se
1573 2819 1683 2848 quoque
1712 2814 1788 2849 paria

1001 2856 1185 2885 attentarent;
1201 2861 1232 2880 ac
1246 2860 1339 2882 secum
1364 2860 1504 2891 reputans,
1520 2859 1593 2893 quod
1615 2863 1643 2887 et
1655 2867 1704 2894 par
1716 2864 1787 2891 erat.

961 2230 983 2257 1)
