1998 3104
240 134 293 166 983

607 136 768 168 GEORGII
787 138 960 170 MONACHI
981 140 1077 171 VIT/E
1104 142 1382 177 RECENTIORUM
1402 148 1504 179 lMPP.

1816 152 1865 185 ρει

239 198 288 219 eos
300 190 347 227 qui
360 198 411 218 nec
422 191 491 226 patri
505 192 693 227 pepercissent
704 193 778 221 haud
793 194 846 222 sibi
867 195 1031 230 parcituros,

1092 208 1175 235 ιαντο,
1192 202 1251 234 πῶς
1274 203 1357 231 αὺσοῦ
1372 204 1519 240 φείσονται,
1547 205 1674 239 ἑστιάσας
1688 207 1799 241 αὐτοὺς,
1818 209 1865 245 ήδη

240 237 368 266 convivio
377 241 506 272 acceptos
518 238 630 273 jamque
643 245 745 266 mensae
755 240 959 273 accumbentes,
969 248 1031 268 cum

241 284 332 311 adhuc
347 284 374 311 in
388 292 435 311 ore
448 283 527 311 cibus
535 288 618 317 esset,
628 285 837 319 perTornicios,
845 294 916 321 quos
923 291 1031 319 vocant,

241 334 269 357 et
284 329 435 357 Marianum
453 330 601 364 patricium
616 338 648 358 ac
665 331 787 367 reliquos
802 332 829 359 in
850 339 908 359 rem
922 337 1032 368 paratos

242 375 350 410 arripit,
366 375 483 410 aulaque
512 376 634 412 dejectos
662 377 689 404 in
718 377 816 405 vicinis
845 377 908 406 urbi
933 378 1032 407 insulis

242 421 406 448 clericorum
423 421 476 447 ritu
492 421 627 450 detondit.

276 510 303 537 3.
337 509 414 537 [laud
438 510 476 537 ita
495 514 567 545 post,
599 511 737 539 invisendi
765 511 852 547 patris
884 512 1032 547 impetrata

241 555 331 588 venia,
346 556 373 583 in
397 556 514 583 insulam
540 556 649 584 Protem
671 565 787 590 venere;
809 565 864 592 quo
885 563 1033 593 conspecto

241 601 369 628 monachi
389 601 497 634 habitu,
526 602 695 630 intolerabili
717 602 793 630 luctu
809 603 932 637 correpti
957 608 1033 631 sunt.

241 647 348 680 Quibus
363 652 441 681 pater
449 647 660 683 collacrymatus
671 648 709 675 ait.
722 657 729 676 :
745 648 827 675 Filios
839 649 917 683 genui
928 652 953 675 et
960 648 1034 676 ποία

242 694 305 725 lavi,
323 693 373 728 ipsi
391 702 451 720 vero
472 699 626 729 spreverunt
647 703 698 722 me.
729 694 775 721 Sic
796 694 896 722 deinde
923 695 1035 730 relegati

186 752 191 756 -
241 742 316 770 sunt,
333 738 492 773 Stephanus
514 738 627 773 quidem
656 740 682 766 in
694 740 889 767 Prmeonesum
903 748 910 770 ;
927 747 941 767 a
954 741 1034 768 Ρτω-

240 791 342 811 coneso
368 784 495 812 Rhodum
533 786 747 819 transtulerunt,
774 785 836 813 inde
866 786 1032 821 Mitylenem.

240 829 452 857 Constantinum
468 838 533 857 vero
561 831 712 859 Tenedum.
733 831 851 865 indeque
873 831 1032 858 Samothra-

240 877 327 908 ciam;
344 876 391 903 ubi
407 880 435 903 et
446 876 626 903 rebellionem
648 877 728 912 923
753 877 865 904 molitus
881 885 895 904 a
912 876 1034 904 custodi-
1049 873 1073 903 Β

240 922 294 949 bus
306 926 421 949 necatus
435 927 488 949 est.
506 923 665 950 Michaelem
682 923 874 959 Christophori
888 923 1036 957 imperato-

241 968 383 1029 ;gslilium
402 968 534 995 detractis
558 969 747 1003 imperialibus
777 969 876 996 calceis
905 968 1035 995 clericum

270 1007 316 1029 cn.

270 1007 316 1030 cit.

278 1092 307 1119 4.
321 1091 492 1126 imperatore
519 1092 644 1119 Romano
670 1093 698 1119 in
722 1091 811 1118 insula
824 1091 929 1123 exsule,
946 1090 1036 1118 Theo-

243 1137 389 1173 phylaetus
406 1137 563 1172 patriarcha
587 1142 615 1165 et
643 1137 826 1181 Thepphanes
853 1137 987 1172 patricius
1006 1145 1037 1165 ac

196 1177 203 1186 ⁷
244 1183 388 1211 aceubitor
400 1184 548 1211 consilium
561 1177 744 1216 inierunt,'ut
767 1184 921 1210 Romanum
944 1183 972 1210 in
986 1191 1035 1210 au-

244 1229 300 1258 lam
308 1230 483 1258 reducerent.
500 1230 594 1265 quue
611 1237 674 1257 cum
686 1230 746 1264 ipso
762 1230 964 1257 communicato
973 1236 1038 1256 con-

243 1276 308 1304 silio
319 1284 351 1304 ac
368 1275 396 1304 in
411 1277 575 1304 sententiam
594 1281 744 1311 pertracto,
765 1279 950 1311 opportunum
968 1278 1037 1301 tem-

244 1330 296 1357 pus
316 1323 464 1358 captabant
494 1330 549 1358 quo
583 1323 721 1350 molitioni
751 1323 834 1350 linem
855 1322 1037 1357 imponerent.

246 1368 423 1403 Deprehensa
453 1372 546 1395 autem
570 1368 772 1404 conjuratione,
789 1368 941 1402 delatisque
965 1366 1039 1395 Con-

244 1413 367 1440 stantino
383 1413 553 1447 imperatori,
573 1414 619 1448 qui
638 1414 698 1449 ejus
722 1417 850 1441 auctores
876 1421 908 1440 ac
934 1412 1037 1440 conscii

245 1459 347 1492 forent,
367 1459 395 1486 in
410 1466 458 1486 eos
472 1459 676 1488 animadvertit.
702 1459 741 1487 Ac
757 1459 952 1494 Theophanem
976 1459 1039 1493 qui-

245 1504 308 1530 dem
336 1504 482 1538 patricium
512 1504 610 1531 exsilio
637 1504 785 1540 relegavit;
804 1504 952 1539 Georgium
974 1512 1039 1531 vero

1084 247 1113 272 ἐν
1123 248 1155 282 τῇ
1169 248 1291 284 τραπέζῃ
1306 250 1512 286 καθεζομένους,
1529 252 1570 279 ἔτι
1587 252 1638 287 τῆς
1649 253 1777 288 βρώσεως
1788 255 1866 290 οὔσης

1083 293 1111 319 ἐν
1125 294 1163 329 τῷ
1178 294 1292 330 στόματι
1308 297 1414 331 αὐτῶν,
1431 299 1593 334 ἀνήρπασαν
1608 299 1720 332 τούτους
1738 302 1765 327 οἵ
1786 310 1816 327 τε
1828 302 1864 328 1:-

1084 339 1194 374 γόμενοι
1210 341 1346 376 Τορνίκιοι
1370 343 1416 369 καὶ
1430 343 1444 370 ό
1458 344 1601 379 πατρίκιος
1629 345 1768 380 Μαριανὸς
1784 346 1831 371 καὶ
1846 346 1868 372 οἱ

1083 385 1171 411 λοιποὶ
1184 386 1208 412 οἱ
1221 387 1288 421 πρὸς
1299 387 1378 418 τοῦτο
1391 389 1597 424 ἡτοιμασμένοι,
1614 391 1662 416 καὶ
1675 390 1723 424 τοῦ
1741 391 1867 418 παλατίον

1083 432 1286 465 καταγαγόντες
1318 432 1366 458 καὶ
1397 433 1426 459 ἐν
1445 434 1506 465 ταῖς
1535 433 1750 469 πλησιαζούσαις
1780 436 1868 470 νήσοις

1084 480 1181 511 αὐτοὺς
1197 481 1401 515 περιορίσαντες
1414 479 1560 516 κληρικοὺς
1574 481 1735 517 ἁπέκειραν.

1119 525 1153 560 γ’.
1170 527 1235 553 Μετ’
1249 527 1337 561 ἀλίγον
1352 525 1398 554 οὖν
1422 528 1601 563 αἰτησάμενοι
1626 528 1672 555 τὸν
1686 528 1750 555 [διον
1765 529 1867 565 πατέρα

1086 573 1235 600 οεάσασθαι
1249 574 1279 599 ἐν
1291 574 1324 608 τῇ
1336 573 1435 609 Πρώτη
1451 574 1519 609 νήσιι
1542 574 1737 610 παρεγένοντο,
1752 575 1799 602 καὶ
1810 575 1869 602 τοῦ-

1084 626 1129 644 τον
1155 618 1184 645 ἐν
1200 618 1239 653 τῷ
1270 618 1410 654 μοναχικῷ
1443 620 1564 655 σχήματι
1592 620 1757 656 θεασάμενοι
1784 621 1870 647 πένθει

1086 664 1288 699 κατεσχέθησαν
1312 665 1453 700 ἀφορήτῳ.
1481 662 1529 697 Οἷς
1554 666 1769 701 ἐπιδακρύσαςὸ
1784 668 1869 702 πατὴρ

1085 710 1151 744 ἔφη·
1176 710 1261 743 Υίοὺς
1293 711 1446 746 εγένγησα
1466 712 1515 738 καὶ
1536 712 1656 746 ὕψωσα,
1685 712 1771 740 αὐτοὶ
1794 713 1827 740 δέ
1838 722 1868 747 με

1085 756 1249 790 ἠθέτησαν.
1264 754 1320 784 Εἶθ’
1336 757 1421 789 οὕτως
1437 758 1634 793 ἐξωρίσοησαν,
1651 760 1665 787 ὁ
1676 760 1726 794 μὲν
1742 759 1869 794 Στέφανος

1087 803 1126 833 είς
1139 802 1334 837 Προικόνησον,
1347 802 1402 829 ἀπὸ
1415 802 1444 829 δέ
1458 803 1642 839 Προικονήσου
1655 805 1695 836 εἰς
1711 804 1814 837 Ῥόδον,
1824 804 1869 831 ἀπὸ

1087 848 1114 874 δὲ
1134 847 1224 875 Ῥόδου
1240 849 1279 880 εἰς
1292 849 1462 884 Μιτυλήνην,
1485 849 1498 876 ὸ
1509 849 1537 876 δέ
1553 850 1759 883 Κωνσταντίνος
1770 852 1810 883 εἰς
1826 850 1870 877 Τέ-

1087 895 1171 927 νεδον,
1198 895 1303 922 ἐκεῖθεν
1323 896 1362 927 εἰς
1379 896 1572 932 Σαμοθρᾴκην,
1590 897 1618 923 ἐν
1660 898 1707 925 καὶ
1727 897 1872 933 ἁνταρσὶαν

1088 941 1240 977 μελετήσας
1264 942 1340 977 παρὰ
1365 942 1418 968 τῶν
1433 942 1515 969 αὑτὸν
1542 943 1733 976 φυλασσόντων
1756 944 1871 978 ἐσφάγη.

1086 987 1196 1023 Μιχαὴλ
1212 987 1240 1014 δὲ
1265 987 1310 1014 τὸν
1335 988 1381 1015 τοῦ
1399 988 1586 1023 Χριστοφόρου
1617 988 1674 1015 υἱὸν
1687 989 1718 1016 τὰ
1742 988 1871 1024 βασιλικὰ

1087 1033 1183 1060 πέδιλα
1195 1034 1362 1069 ἀφελόμενος
1375 1033 1506 1070 κληρικὸν
1521 1034 1680 1070 πεποίηκεν.

1121 1079 1152 1106 δ’.
1169 1080 1265 1111 Ὄντος
1277 1080 1305 1106 δέ
1318 1079 1367 1106 τοῦ
1391 1079 1524 1117 βασιλέως
1544 1079 1687 1115 Ῥωμανοῦ
1701 1080 1727 1107 ἐν
1743 1082 1778 1116 τῇ
1790 1081 1874 1116 νήσῳ,

1087 1127 1101 1151 ὁ
1113 1125 1287 1161 πατριάρχης
1301 1125 1490 1161 Θεοφύλακτος
1501 1125 1547 1153 καὶ
1561 1126 1701 1160 Θεοφάνης
1713 1127 1727 1153 ὁ
1737 1127 1876 1162 πατρίκιος

1088 1171 1135 1198 καὶ
1152 1171 1401 1207 παρακοιμώμενος
1416 1171 1512 1207 βουλὴν
1528 1172 1726 1202 ἐϐουλεύσαντο
1739 1172 1811 1201 ὥστε
1827 1172 1878 1199 πά-

1088 1218 1130 1244 λιν
1141 1218 1170 1244 ἐν
1189 1217 1228 1253 τῷ
1254 1218 1379 1253 παλατίῳ
1404 1218 1498 1245 τοῦτον
1523 1220 1637 1253 ἀγαγεῖν
1650 1228 1656 1235 ·
1674 1220 1707 1254 ἣν
1731 1220 1781 1246 καὶ
1809 1219 1877 1253 αὐτῷ

1090 1264 1373 1300 ἀνακοινωνησάμενοι
1388 1265 1435 1292 καὶ
1448 1264 1668 1301 παραπείσαντες
1684 1265 1790 1298 τοῦτον,
1807 1266 1876 1291 ἐκαι-

1091 1310 1243 1345 ροσκόπουν
1268 1310 1334 1337 πότε
1362 1310 1449 1346 πέρας
1468 1312 1501 1347 τῇ
1515 1311 1628 1347 τοιαύτῃ
1639 1311 1723 1347 βουλῇ
1739 1311 1875 1349 ἐπιθῶσιν.

1097 1356 1173 1383 Ἐπεὶ
1188 1355 1264 1383 δὲτὰ
1286 1357 1337 1392 τῆς
1365 1357 1464 1392 βουλῆς
1479 1358 1608 1394 ἐφωράθη
1635 1359 1682 1385 καὶ
1703 1358 1880 1395 κατεμηνύθη

1091 1403 1290 1439 Κωνσταντίνῳ
1311 1403 1431 1439 βασιλεῖ,
1455 1405 1519 1436 τοὺς
1533 1405 1681 1441 συνεργοὺς
1692 1405 1797 1440 ταύτης
1811 1406 1881 1440 ἠμύ-

1091 1456 1166 1474 νετο·
1192 1448 1237 1475 τὸν
1268 1449 1318 1483 μὲν
1335 1448 1389 1483 γὰρ
1412 1450 1558 1484 πατρίκιον
1581 1451 1722 1486 Θεοφάνην
1740 1451 1881 1487 ἐξώρισεν,

1091 1495 1136 1521 τὸν
1149 1495 1177 1521 δὲ
1192 1495 1438 1530 πρωτοσπαθάριον
1454 1496 1501 1523 καὶ
1517 1496 1670 1533 πιγκέρνην
1685 1496 1826 1532 Γεὼργιον
1838 1498 1881 1523 καὶ

246 1549 499 1584 protospatharium
513 1557 546 1577 ac
566 1550 738 1585 pincernam,
760 1558 811 1579 nec
827 1558 883 1578 non
908 1550 1037 1578 Thomam

1093 1541 1194 1577 Θωμᾶν
1208 1542 1387 1578 πριμικήριον
1399 1541 1491 1577 δείρας
1508 1542 1555 1569 καὶ
1569 1542 1721 1578 κουρεύσας
1737 1544 1785 1570 καὶ
1802 1544 1882 1578 μέσον

246 1596 434 1630 primicerium
457 1595 622 1623 verberibus
644 1596 775 1624 subactos
799 1596 985 1632 dctonsosque
1009 1604 1041 1624 ac

246 1649 295 1676 per
318 1642 437 1669 mediam
459 1642 557 1670 urbem
577 1650 676 1678 pompa
691 1642 844 1675 traductos,
862 1643 900 1670 ita
915 1643 942 1670 in
967 1643 1041 1670 exsi-

245 1688 314 1715 lium
330 1688 416 1716 misit.

284 1735 310 1762 5.
330 1735 423 1762 Mense
448 1734 606 1767 Decembri,
631 1734 784 1762 indictione
809 1739 898 1767 sexta,
928 1735 1040 1770 quidam

246 1780 361 1807 insidias
376 1780 463 1807 moliti
480 1785 544 1807 sunt
560 1780 693 1807 adversus
701 1780 913 1808 Constantinum
925 1781 1044 1816 impera-

246 1825 415 1856 torem,.hoc
432 1824 551 1852 consilio
565 1828 592 1851 ut
606 1823 778 1859 Stephanum
792 1824 988 1859 imperatorem
1009 1833 1043 1853 ex

247 1869 349 1907 insqla,
363 1869 411 1896 ubi
426 1868 534 1904 agebat,
554 1869 581 1895 in
598 1868 730 1904 palatium
753 1868 932 1896 reducerent.
949 1869 1043 1897 Delata

244 1914 427 1942 Constantino
457 1915 648 1950 conjuralione
675 1922 724 1950 per
749 1914 919 1948 Michaelem,
962 1923 1043 1950 quem

245 1960 418 1988 Diabolinum
437 1964 546 1993 vocant,
567 1963 656 1996 captis
672 1960 822 1996 imperator
845 1960 892 1996 qui
907 1961 1044 1997 conjurati

246 2010 349 2039 essent,
364 2006 428 2034 aliis
449 2014 530 2034 nares
543 2014 679 2041 auresque
693 2006 845 2042 praescidit,
865 2006 935 2034 alios
947 2006 1045 2034 iutoie.

246 2052 333 2080 rando
345 2053 492 2081 verberum
506 2053 631 2080 cruciatu
644 2053 825 2084 exanimatos,
838 2051 978 2087 asinisque
992 2051 1043 2078 im-

245 2101 353 2136 positos
375 2108 408 2128 ac
425 2108 475 2136 per
495 2100 614 2127 mediam
631 2099 729 2127 urbem
746 2098 928 2135 ignominiose
947 2099 1041 2126 tradu-

246 2151 308 2174 ctos
321 2146 419 2173 exsilio
439 2146 582 2181 relegavit.

282 2191 365 2227 924
377 2191 403 2218 9.
417 2191 517 2225 Quinta
540 2191 646 2219 decima
668 2184 735 2219 Julii
752 2191 865 2223 mensis,
893 2190 1042 2218 indictione

247 2241 334 2270 sexta,
350 2237 468 2264 moritur
478 2237 620 2265 Romanus
637 2237 797 2272 imperator,
813 2236 839 2263 in
852 2236 941 2263 insula
959 2243 1041 2271 quam

248 2284 359 2311 Protem
384 2288 494 2311 vocant.
516 2283 581 2319 Ejus
606 2282 723 2310 cadaver
741 2283 769 2310 in
794 2282 892 2310 urbem
912 2282 1039 2314 relatum,

247 2331 279 2357 in
290 2330 363 2358 illius
376 2329 531 2366 depositum
541 2329 709 2358 monasterio
724 2334 775 2357 est.

1091 1586 1143 1622 τῆς
1154 1586 1256 1618 πόλεως
1265 1586 1452 1622 θριαμϐεύσας
1464 1587 1550 1619 οὕτως
1560 1588 1696 1625 ὑπερορίᾳ
1706 1589 1883 1624 παρέπεμψε.

1128 1633 1158 1660 ε’.
1177 1634 1336 1669 Δεκεμϐρίῳ
1352 1634 1380 1661 δέ
1404 1634 1480 1670 μηνὶ,
1498 1634 1663 1666 ίνδικτιῶνος
1681 1634 1717 1669 ς’,
1736 1635 1885 1671 ἐπιϐουλήν

1093 1689 1165 1712 τινες
1179 1680 1251 1707 κατὰ
1265 1680 1313 1707 τοῦ
1331 1680 1465 1716 βασιλέως
1481 1682 1687 1710 Κωνσταντίνου
1702 1682 1884 1717 ἐμελέτησαν,

1095 1727 1252 1763 βουλόμενοι
1267 1728 1312 1754 τδν
1330 1728 1444 1763 βασιλέα
1459 1728 1596 1764 Στέφανον
1614 1729 1644 1756 ἐν
1657 1729 1839 1765 τῷ-παλατίῳ
1855 1730 1885 1755 ἐκ

1094 1774 1144 1809 τῆς
1156 1774 1238 1809 νήσου
1252 1774 1377 1808 ἀγαγεῖν.
1392 1774 1433 1810 [Ρ.
1449 1774 1512 1811 594]
1525 1774 1633 1810 Ταύτης
1655 1773 1704 1802 οὖν
1719 1775 1885 1811 μηνυθείσης

1094 1820 1143 1854 τῆς
1154 1819 1302 1855 ἐπιϐουλῆς
1324 1820 1523 1856 Κωνσταντίνῳ
1545 1821 1590 1847 διὰ
1603 1821 1714 1857 Μιχαὴλ
1729 1821 1776 1848 τοῦ
1792 1821 1883 1848 Διαϐο-

1095 1859 1166 1894 λίνᾶυ
1181 1866 1338 1902 λεγομένου,
1352 1867 1415 1899 τοὺς
1439 1867 1598 1900 ἐπιϐούλους
1618 1868 1762 1903 κρατήσας
1778 1869 1793 1894 ὸ
1809 1868 1885 1903 βασι-

1095 1914 1158 1945 λεὺς
1170 1913 1225 1939 τῶν
1241 1912 1291 1948 μὲν
1303 1912 1351 1944 τὰς
1367 1914 1444 1948 ῥῖνας
1461 1916 1508 1940 καὶ
1520 1914 1555 1940 τὰ
1579 1910 1637 1940 ὦτα
1661 1914 1811 1949 ἀπέτεμεν,
1826 1914 1887 1945 τοτις

1095 1960 1123 1987 δὲ
1139 1959 1236 1995 δαρμῷ
1264 1959 1395 1995 ἀφορήτῳ
1414 1959 1545 1993 ὑπέϐαλε,
1568 1959 1616 1987 καὶ
1630 1960 1712 1990 ,ὄνοις
1723 1961 1887 1991 ἐπικαθίσας

1096 2006 1140 2033 διὰ
1159 2006 1244 2041 μέσης
1258 2005 1307 2039 τῆς
1324 2005 1426 2037 πόλεως
1444 2005 1628 2041 ἐθριάμσευσε
1644 2006 1693 2032 καὶ
1707 2006 1802 2042 ἐξορίᾳ
1816 2014 1886 2041 παρ-

1097 2054 1213 2089 έπεμψε.

1135 2191 1171 2223 ς’.
1188 2191 1421 2227 Πεντεκαιδεκάτῃ
1444 2191 1546 2227 Ἰουλίῳ
1565 2191 1646 2227 μηνὶ,
1663 2190 1832 2222 ίνδικτιῶνος
1848 2191 1885 2222 ς’,

1101 2237 1242 2272 Ῥωμανδς
1265 2238 1279 2263 ὁ
1303 2237 1430 2272 βασιλεὺς
1446 2238 1475 2264 ἐν
1491 2239 1524 2273 τῇ
1548 2237 1647 2273 Πρώτη
1660 2236 1736 2271 νήσῳ
1750 2236 1866 2271 τελευτᾷ
1877 2241 1885 2249 ·

1098 2283 1146 2309 καὶ
1168 2282 1198 2309 τὸ
1214 2281 1293 2318 σῶμα
1308 2283 1391 2309 αὑτοῦ
1406 2283 1435 2309 ἐν
1457 2284 1490 2318 τῇ
1507 2282 1583 2309 πόλει
1607 2281 1785 2317 διακομισθὲν
1811 2282 1840 2308 ἐν
1853 2282 1887 2315 τῇ

1097 2328 1181 2356 αὑτοῦ
1200 2329 1323 2365 ἀπετέθη
1339 2331 1417 2365 μονῇ.

450 2471 519 2502 Huc
539 2481 634 2511 usque
659 2471 822 2502 Γναηοίεοί
844 2469 1021 2510 Combe/inii
1043 2470 1138 2500 editio
1155 2469 1352 2509 Scriptorum
1373 2473 1445 2509 post
1466 2467 1696 2507 Theophanem.
