3996 6208
292 326 3530 383 W

764 523 1882 709 JOSEPHUS
1990 501 3055 710 GENESIUS

1608 919 2219 1038 NOTITIA

1022 1146 1254 1222 (Fssntc.
1285 1146 1602 1213 Bibliotheca
1638 1143 1821 1208 Graeca
1849 1147 1942 1202 ed.
1976 1144 2193 1214 Harles,
2228 1151 2362 1205 tum.
2388 1145 2500 1212 Vll,
2556 1162 2610 1217 p.
2640 1145 2788 1217 530.)

1866 1329 1938 1342 ﬁ

358 1471 535 1539 Quem
567 1468 851 1535 Josephum
904 1472 1181 1528 Genesium
1214 1472 1321 1527 viri
1361 1472 1510 1528 docti
1542 1472 1837 1544 appellant,
1871 1471 1919 1526 is
1943 1469 2014 1525 ab
2067 1485 2179 1524 uno
2210 1475 2550 1525 memoratur
2577 1469 2788 1526 Joanne
2844 1469 3081 1542 Scylitze
3147 1470 3204 1525 in
3260 1472 3534 1542 prooemio

280 1555 551 1618 Historia.
577 1557 684 1612 Sed
715 1558 770 1612 in
796 1573 902 1614 ms.
935 1559 1185 1632 Scylitza
1217 1559 1483 1631 distingui
1510 1560 1814 1630 Josephum
1860 1574 1925 1614 ac
1957 1558 2285 1628 Genesium,
2318 1565 2475 1614 notat
2504 1557 2761 1614 Labbeus
2785 1557 2887 1630 (a),
2921 1557 3018 1625 ita,
3066 1566 3127 1614 ut
3163 1559 3274 1613 duo
3320 1560 3533 1616 fuerint

282 1646 525 1701 historia
563 1643 770 1715 Cpolit.
805 1646 1106 1720 scriptores
1129 1646 1358 1713 diversi,
1383 1661 1527 1701 unus
1551 1647 1824 1716 Iosephus
1846 1645 2200 1718 Byzantinus,
2234 1655 2290 1701 et
2309 1647 2451 1700 alter
2475 1645 2745 1702 Genesius
2765 1647 3115 1717 Byzantinus.
3149 1649 3218 1703 At
3247 1649 3417 1715 enim,
3447 1657 3532 1713 ut,

279 1733 456 1808 patria
483 1732 809 1804 Byzantium
844 1734 1015 1790 fuisse
1056 1734 1381 1800 Genesium,
1431 1749 1698 1805 perquam
1739 1742 1824 1789 est
1854 1735 2154 1799 incertum,
2183 1731 2316 1788 licet
2359 1732 2715 1805 Byzantinam
2761 1734 3050 1788 historiam
3098 1736 3398 1804 scripserit,
3451 1735 3532 1790 sic

277 1821 578 1892 Josephum
622 1821 902 1876 diversum
925 1837 955 1876 a
988 1821 1226 1878 Genesio
1259 1822 1404 1892 apud
1439 1821 1712 1894 Scylitzen
1739 1822 1976 1887 laudari,
2011 1835 2156 1895 agre
2185 1820 2320 1876 mihi
2351 1821 2680 1891 persuadeo.
2719 1821 2998 1891 Quidquid
3027 1837 3159 1876 vero
3193 1823 3285 1884 sit,
3331 1823 3530 1890 Lipsiae

280 1910 334 1964 in
366 1909 542 1982 patria
564 1924 686 1965 mea
717 1920 976 1965 servatur
1001 1911 1055 1964 in
1081 1910 1418 1967 bibliotheca
1453 1909 1680 1966 Paulina
1709 1909 1880 1964 codex
1902 1909 2168 1978 antiquus
2207 1908 2665 1963 membranaceus
2687 1906 2908 1963 Gracus
2929 1907 3174 1962 Historia:
3203 1908 3530 1971 Genesiante,

275 1997 429 2068 jussu
463 1996 813 2068 Constantini
839 1997 1298 2069 Porphyrogeniti
1328 1997 1669 2068 composita,
1697 2004 1756 2052 et
1784 2011 1872 2052 res
1905 1998 2106 2066 imper.
2161 1997 2408 2067 quinque
2455 1995 2620 2052 CPol.
2658 1995 2846 2049 Leonis
2877 1996 3117 2060 Armeni,
3173 1996 3266 2066 qui
3301 2011 3352 2050 a.
3387 1996 3524 2050 Chr.

278 2083 381 2139 815
408 2085 578 2156 capit
611 2085 906 2155 imperare,
935 2074 1210 2140 Michaelis
1240 2084 1416 2152 Balbi,
1467 2085 1752 2156 Theophili,
1784 2084 1884 2139 ﬁlii
1911 2083 2203 2148 Michaelis,
2247 2093 2304 2140 et
2352 2083 2544 2138 Basilii
2589 2082 2914 2148 Macedonis,
2947 2097 2998 2136 a.
3033 2082 3156 2148 889,
3212 2083 3328 2137 Kal.
3372 2083 3529 2138 Mart.

282 2171 554 2237 defuncti,
586 2173 1130 2242 comprehendentis.
1164 2175 1243 2228 Ex
1279 2173 1385 2228 hoc
1412 2172 1537 2229 eod.
1576 2173 1791 2242 collegii
1825 2171 2042 2227 Paulini
2095 2169 2452 2226 bibliotheca
2481 2171 2639 2226 acad.
2689 2169 2991 2240 Lipsiensis
3029 2186 3187 2241 pagg.
3217 2171 3288 2225 77
3336 2170 3389 2224 in
3434 2170 3529 2225 fol.

283 2268 591 2328 constante,
621 2263 706 2324 vir
732 2261 879 2315 doct.
917 2261 1003 2317 Jo.
1031 2262 1280 2318 Andreas
1313 2263 1510 2328 Bosius
1538 2264 1650 2334 jam
1683 2261 1898 2332 pridem
1931 2259 2089 2314 illius
2135 2259 2439 2315 editionem
2492 2274 2690 2329 parare
2723 2275 2781 2316 se
2813 2259 3142 2334 signiﬁcavit
3191 2259 3248 2313 in
3297 2259 3530 2314 diatriba

276 2347 356 2402 De
379 2349 669 2402 testimonio
703 2347 854 2403 Flav.
890 2347 1106 2420 Iosephi
1142 2349 1216 2402 De
1239 2348 1450 2404 Christo
1485 2349 1586 2419 (ὁ).
1612 2349 2011 2420 Apographum
2034 2349 2337 2404 Bosianum
2393 2364 2518 2403 cum
2546 2349 2810 2403 brevibus
2844 2349 3042 2403 T-hom.
3074 2350 3342 2414 Reinesii,
3395 2365 3534 2419 quo-

277 2451 403 2513 cum
441 2436 635 2491 Bosius
665 2435 800 2490 illud
832 2436 1362 2501 communicaverat,
1390 2438 1541 2492 notis
1570 2445 1827 2492 servatur
1854 2437 1998 2491 lenae
2028 2438 2083 2490 in
2118 2437 2255 2491 bibl.
2287 2436 2444 2505 publ.
2482 2437 2638 2490 acad.
2675 2437 2764 2491 cui
2790 2437 2968 2492 libros
3002 2453 3132 2493 suos
3163 2438 3254 2505 ille
3286 2439 3536 2492 moriens

274 2522 496 2594 legavit,
527 2538 592 2578 ex
633 2539 744 2594 quo
769 2523 990 2579 Genesii
1018 2524 1321 2580 editionem
1351 2525 1553 2580 deinde
1586 2525 1808 2579 molitus
1841 2525 1946 2578 fuit
1991 2524 2238 2592 ejusdem
2273 2523 2427 2578 acad.
2466 2523 2746 2593 professor
2781 2526 2887 2581 cel.
2923 2523 3198 2596 Georgius
3249 2525 3532 2588 Schubaro

276 2620 385 2677 tus,
419 2620 482 2666 ut
501 2621 811 2666 memorant
831 2611 966 2666 Acta
985 2611 1192 2666 erudit.
1232 2612 1383 2681 Lips.
1417 2628 1466 2665 a.
1519 2611 1677 2675 1685,
1712 2628 1766 2682 p.
1801 2614 1924 2678 441.
1980 2611 2144 2666 Aliud
2184 2613 2560 2684 apographum
2600 2628 2724 2668 cum
2779 2612 2974 2668 iisdem
3035 2614 3281 2668 Reinesii
3324 2614 3535 2669 notulis

274 2707 456 2753 servat
490 2698 830 2753 bibliotheca
871 2705 1104 2754 senatus
1131 2697 1284 2769 Lips.
1308 2698 1531 2768 Novum
1559 2699 1725 2752 etiam
1756 2715 1820 2766 ac
1854 2699 2136 2768 singulare
2163 2701 2408 2755 studium
2445 2700 2682 2755 Genesio
2728 2703 2782 2755 in
2817 2703 2999 2757 lucem
3047 2701 3386 2772 proferendo
3431 2703 3533 2755 im-

277 2785 469 2855 pendit
496 2786 738 2856 praclari
763 2785 848 2841 vir
879 2786 1084 2856 ingenii
1111 2794 1168 2841 et
1203 2801 1435 2858 magna,
1471 2801 1640 2856 supra
1670 2794 1911 2852 atatem,
1943 2787 2233 2864 doctrina,
2273 2789 2574 2846 Godfridus
2605 2791 2932 2861 Wagnerus,
2983 2790 3309 2862 Lipsiensis,
3340 2799 3531 2861 pastor

273 2872 342 2926 ad
372 2873 429 2928 8.
465 2873 694 2928 Joannis
723 2889 738 2937 ;
773 2873 893 2938 sed,
930 2874 1024 2929 illo
1057 2873 1381 2930 ﬂorentibus
1417 2873 1578 2928 annis
1606 2874 1902 2942 exstincto,
1933 2879 2100 2932 etiam
2149 2878 2252 2933 ista
2284 2894 2412 2949 spes
2443 2879 2510 2948 (c)
2544 2878 2860 2943 decollavit,
2898 2879 2970 2933 ita
2997 2889 3058 2934 ut
3093 2879 3270 2948 palma
3301 2877 3418 2932 hac
3446 2879 3532 2932 ln-

277 2969 428 3030 tegra
457 2961 648 3015 relicta
683 2961 755 3014 sit
786 2961 906 3014 viro
931 2962 1294 3030 prastantiss.
1331 2960 1600 3018 Godfrido
1636 2962 1882 3029 Olearia,
1942 2966 2037 3036 qui
2093 2965 2419 3038 scriptorem
2471 2966 2652 3030 illum,
2704 2981 2770 3021 ex
2810 2965 3001 3021 eodem
3061 2965 3248 3020 codice
3306 2965 3535 3020 Paulino

271 3047 608 3120 descriptum
643 3057 698 3102 et
727 3048 980 3103 versione
1005 3065 1068 3104 ac
1098 3052 1246 3127 notis
1277 3065 1308 3105 a
1340 3067 1400 3106 se
1437 3052 1796 3119 illustratum,
1815 3054 1928 3123 jam
1963 3054 2019 3108 in
2052 3053 2272 3110 scriniis
2319 3055 2510 3119 habet,
2551 3063 2608 3110 et
2643 3053 2894 3125 proxime
2923 3053 3104 3123 pralis
3129 3052 3532 3108 eummissurus

273 3145 358 3190 est
388 3136 485 3203 (ά).
516 3135 741 3197 Versus,
792 3134 998 3203 quibus
1025 3135 1296 3192 Genesius
1329 3153 1459 3194 suos
1495 3138 1741 3211 quinque
1770 3137 2068 3195 Βασιλειῶν
2108 3141 2284 3204 libros
2343 3141 2708 3197 Constantino
2745 3142 3223 3214 Porphyrogenito
3256 3135 3441 3206 oll‘crt,
3473 3140 3530 3195 lii

273 3223 431 3293 operi
463 3222 824 3293 prallguntur
855 3238 870 3275 :
1894 3280 1903 3290 ,

1197 3333 1322 3409 ΤὴνΔ
1365 3333 1426 3400 ἐξ
1457 3334 1699 3406 ἱστορίας
1727 3337 1954 3409 τελέσας
1988 3336 2174 3409 βίόλον
2195 3337 2270 3409 ᾡς
2294 3337 2614 3409 ἐκέλευσας,

1257 3405 1626 3478 Αὒτᾳκρᾴτορ,
1649 3476 1655 3478 Α
1669 3407 1926 3478 μελέταις
1955 3405 2047 3462 κω.
2065 3408 2331 3478 καμάτοις
2362 3405 2643 3478 μεγάλας,¹

1203 3475 1407 3548 Ἐγ-σοὶ
1432 3475 1604 3548 urbem:
1632 3475 1825 3548 ἔθηκα,
1857 3478 2005 3542 ὅπως
2030 3475 2378 3547 ἑγνώσμένοὺ
2407 3475 2518 3548 εἴη,

1272 3544 1368 3600 Ἐκ
1395 3544 1809 3614 φιλόδεσποτῖας
1839 3544 2094 3603 συντεθὲῦ
2149 3544 2228 3602 ἔχ’
2241 3565 2300 3601 τε
2335 3544 2524 3602 «cocos.

341 3688 455 3750 Hos
471 3701 687 3754 versus,
715 3701 748 3744 a
787 3685 1067 3758 Wagnero
1098 3701 1224 3742 cum
1263 3685 1445 3742 Caveo
1501 3687 1958 3757 communicatos,
1986 3700 2044 3748 et
2075 3689 2146 3746 ab
2179 3704 2248 3746 eo
2295 3690 2551 3764 vulgatos
2606 3689 2660 3744 in
2701 3697 2855 3760 parte
2891 3690 3066 3746 altera
3104 3689 3303 3748 llistor.
3365 3691 3506 3749 littcr

268 3775 369 3833 SS.
398 3773 513 3832 EE.
551 3775 619 3838 ad
659 3791 708 3831 a.
732 3776 857 3842 940,
882 3775 957 3830 ita
992 3784 1277 3845 utcunque
1309 3775 1568 3829 transtuli
1613 3794 1627 3830 :
2595 3853 2600 3856 _

1193 3861 1510 3924 Historiam,
1542 3863 1699 3932 jussu
1734 3881 1918 3933 quam,
1971 3863 2153 3933 Caesar
2198 3879 2410 3933 magne,
2437 3870 2614 3932 tuopte

1406 3933 1610 4000 Perfeci
1667 3932 1808 3986 curis
1842 3943 1998 3994 atque
2031 3932 2209 3985 labore
2229 3932 2401 4002 gravi,

1194 3998 1342 4054 Hanc
1377 4002 1467 4054 tibi
1494 3998 1632 4055 don’a
1657 4003 1790 4070 fero,
1815 4012 1997 4055 notum
2028 4005 2095 4056 sit
2131 4009 2192 4054 ut
2219 3998 2480 4068 omnibus,
2503 4003 2608 4055 ista

1387 4069 1534 4125 Nutu
1565 4069 1766 4142 scripta
1788 4079 1904 4136 tuo,
1931 4078 1982 4126 te
2010 4072 2250 4142 cupiente
2277 4072 2398 4143 legi.

343 4184 624 4255 Leguntur
653 4193 710 4240 et
732 4182 823 4238 alii
853 4197 1052 4237 versus
1083 4180 1320 4254 Olympii
1365 4179 1656 4253 cujusdam
1692 4180 1760 4235 ad
1789 4181 2089 4236 voluminis
2119 4181 2348 4248 calcem,
2378 4181 2475 4252 qui
2504 4181 2638 4236 mihi
2678 4197 2788 4236 non
2818 4181 3078 4238 videntur
3133 4179 3200 4238 ad
3229 4181 3524 4238 Genesium

267 4271 551 4342 pertinere
584 4270 677 4340 (e),
703 4269 799 4325 sed
835 4267 904 4322 ad
941 4268 1209 4324 Joannem
1232 4268 1550 4338 quemdam,
1593 4269 1943 4336 historicum,
1976 4269 2224 4342 Scylitza
2253 4271 2445 4326 itidem
2489 4269 2794 4336 laudatum,
2828 4278 2884 4326 et
2933 4270 3093 4341 cujus
3124 4284 3264 4340 opus
3296 4270 3526 4326 fortasse

264 4359 403 4412 olim
441 4357 678 4413 Genesio
707 4355 762 4410 in
789 4354 914 4409 cod.
947 4353 1098 4424 Lips.
1137 4369 1242 4409 ms.
1266 4354 1604 4421 adhaerebat,
1637 4365 1828 4425 postea
1853 4356 1923 4411 ab
1953 4372 2021 4413 eo
2048 4367 2362 4429 separatum
2390 4358 2576 4430 periit.
2656 4373 2661 4378 ·

1758 4465 1994 4524 ΝΟΤᾹΣ.

339 4552 1841 4630 (a)VideLahbeuminProtrepticoadhist.Byz.p.41.
1949 4560 2018 4616 da
2083 4560 2186 4615 sibi
2245 4569 2636 4632 proposuerat,
2688 4576 2859 4631 opera
2922 4569 3324 4617 memorantur.
3359 4559 3526 4616 Ηλιιι..

341 4633 427 4680 ius
450 4644 616 4680 norm
642 4627 931 4680 Genesius.
966 4628 1124 4680 cuius
1151 4624 1404 4680 meminit
1435 4623 1697 4680 Sidonius
1735 4627 1836 4680 lib.
2023 4635 2095 4680 (cl
2141 4632 2616 4680 Otremadmodum
2671 4641 2728 4680 et
2782 4645 2909 4680 snex
2957 4630 3220 4680 editionis
3281 4629 3526 4680 Genesii.

258 4627 427 4688 Alius
450 4644 616 4700 porro
642 4627 931 4694 Genesius,
966 4628 1124 4698 cnjus
1151 4627 1404 4683 meminit
1435 4627 1697 4690 Sidonius
1735 4627 1836 4681 lib.

261 4716 468 4783 ινιηθρ·
500 4701 554 4753 δα
584 4697 741 4783 tu“?
775 4698 1067 4783 (ἓβειοείιξεν
1104 4695 1836 4783 ντεεδῐιὲτιὲίξιὶἓὲοϋῖιω

2023 4635 2095 4702 (c)
2141 4627 2616 4697 Quemadmodum
2671 4627 2742 4686 et'
2782 4645 2909 4700 spes
2957 4630 3220 4686 editionis
3281 4629 3528 4693 Genesii,

1950 4702 2233 4783 promissa
2255 4716 2296 4783 ag
2325 4701 2620 4770 Ludoipho-
2652 4702 2911 4783 Kustero:
2973 4770 2986 4783 _
3053 4770 3084 4783 ,Α
3290 4777 3300 4783 _
3469 4770 3478 4780 -
3509 4770 3527 4783 ιι

259 4766 649 4828 S.Génovet'a
675 4766 928 4840 virginis,
959 4777 1022 4822 ut
1048 4766 1372 4837 prateream
1399 4766 1668 4828 Genesios
1691 4781 1837 4820 mar-

261 4852 440 4896 tvres.
501 4835 740 4896 duorum
800 4840 1126 4894 memoriam
1182 4837 1468 4892 celebrant
1524 4833 1705 4891 Latini
1775 4837 1837 4892 25

1948 4766 1968 4778 “
2020 4771 2096 4841 (ἀ)
2137 4771 2252 4826 Nec
2281 4781 2466 4826 tamen
2504 4766 2832 4841 prosperum
2896 4770 3093 4826 habuit
3145 4777 3401 4825 eventum
3469 4770 3521 4822 id

1948 4842 2262 4896 consilium.
2306 4842 2433 4896 licet
2455 4841 2674 4896 Oleario
2697 4840 2938 4896 excitato
2962 4841 3032 4895 ab
3069 4840 3286 4895 Oudino
3320 4841 3376 4894 in
3403 4839 3521 4894 sin—

258 4837 1126 4968 tAyres,tqutor.uimo;nr:gmoriam
1182 4837 1468 4892 celebrant
1524 4837 1705 4891 Latini
1775 4837 1836 4892 25

317 4926 570 4981 ugus.e
674 4979 694 4981 ξ
897 4925 1310 4981 ικγ--Α-
1689 4978 1739 4981 _A

1948 4837 2262 4907 consilium,
2306 4842 2433 4896 licet
2455 4837 2674 4896 Olearia
2697 4840 2938 4896 excitato
2962 4841 3032 4895 ab
3069 4840 3286 4895 Oudino
3320 4841 3376 4894 in
3403 4839 3522 4894 sin-

1947 4911 2122 4981 gulari
2161 4911 2296 4968 diss.
2351 4911 2416 4964 de
2466 4911 2687 4965 aduersa
2739 4911 2952 4980 fortuna
3003 4911 3228 4981 losepho
3282 4910 3525 4973 Geuesio,

340 4971 635 5105 (szBosius
660 4979 740 5035 De
764 4980 1060 5061 testimonio
1085 4977 1254 5034 Flauii
1275 4977 1508 5060 Iosephi,
1539 4977 1654 5032 len.
1679 4978 1837 5044 1675,
1948 4971 2178 5062 historia:
2214 4981 2522 5063 Byzantina
2549 4971 2794 5052 scriptori
2804 4982 2994 5105 ἕξοιμι
3014 4971 3184 5068 operis
3218 4971 3524 5041 editionem,

340 5070 388 5105 ι).
456 5068 612 5105 .naa.
637 5052 727 5105 21.
750 5050 1074 5105 Theonhams
1094 5047 1539 5105 Chronoarauhta
1569 5048 1840 5105 Auausta-
1949 5059 2154 5105 Inserta
2201 5067 2322 5105 eius
2375 5051 2752 5105 Commentar.
2901 5052 2959 5105 S.
3002 5053 3059 5105 δ.
3095 5052 3156 5102 E.
3188 5051 3250 5104 Ε.
3285 5058 3417 5103 tom.
3453 5049 3521 5105 ll.

256 5047 470 5124 (δίψῃ,
490 5068 612 5124 pag.
637 5052 727 5105 21.
750 5050 1074 5124 TheOphanis
1094 5047 1539 5124 Chronographite
1569 5048 1840 5119 Augusta-
1949 5051 2154 5124 inuenta
2201 5047 2322 5121 ejus
2375 5047 2752 5124 Commentar.
2804 5047 2874 5105 de
2901 5052 2959 5124 _S.
3002 5047 3059 5105 S.
3095 5051 3250 5124 E.__E.
3285 5058 3417 5124 tom.
3453 5049 3521 5124 l_|,

259 5119 652 5179 ttunt'codicem
684 5129 808 5175 ante
843 5119 1044 5191 aliquot
1072 5135 1241 5172 annos
1276 5135 1395 5172 cum
1430 5119 1566 5191 edito
1622 5136 1838 5191 compa-
1946 5135 2021 5191 p.
2044 5119 2168 5175 455.
2203 5119 2323 5190 sqq.
2353 5131 2410 5176 et
2438 5120 2806 5184 emendatius,
2831 5120 3530 5191 ephemeridibus._inscri-

258 5197 528 5257 ravimus,
561 5192 714 5262 cujus
756 5207 852 5261 ope
881 5186 1001 5244 eum
1039 5191 1349 5258 scriptorem
1393 5186 1556 5241 multo
1589 5186 1836 5242 emenda—

258 5267 475 5318 tiorem.
507 5262 702 5316 alicubi
724 5270 771 5314 et
798 5260 1104 5318 pleniorem,
1135 5259 1425 5318 completis,
1447 5258 1628 5318 quibus
1647 5261 1836 5318 passim

1950 5186 2076 5259 ptis,
2115 5186 2343 5245 Histoire
2397 5192 2615 5260 critique
2646 5191 2708 5243 de
2756 5191 2810 5244 la
2865 5186 3089 5259 Républ.
3145 5190 3232 5241 des
3289 5188 3528 5251 Lettrcs;

1950 5269 2081 5315 tom.
2105 5260 2220 5318 XV.
2245 5278 2302 5314 n.
2331 5262 2384 5316 5.
2404 5261 2704 5318 Olearium.
2728 5270 3006 5315 mortuum
3029 5261 3084 5313 d.
3113 5259 3177 5311 i0
3201 5258 3336 5312 Nov.
3365 5259 3526 5318 1715,

259 5273 475 5329 liorem,
507 5273 702 5316 alicubi
724 5273 771 5314 et
798 5273 1104 5330 pleniorem,
1135 5273 1425 5328 compteus,
1438 5273 1628 5383 gamus
1646 5276 1837 5328 passim

259 5336 494 5408 [mantus
521 5331 854 5408 est,_lacuuis
881 5330 1120 5408 aliquot,
1141 5345 1248 5381 una
1277 5345 1396 5408 cum
1459 5327 1657 5408 :eorgio
1701 5327 1837 5401 Syn-

1949 5273 2081 5315 tom.
2108 5273 2220 5324 1V,
2245 5278 2302 5314 n.
2331 5273 2384 5316 5.
2404 5273 2704 5324 Uleartum,
2728 5273 3006 5315 mortuum
3029 5273 3084 5313 α.
3113 5273 3177 5311 tu
3201 5273 3336 5312 nov.
3365 5273 3386 5311 ι
3404 5273 3422 5311 t
3440 5273 3525 5319 ta,

1948 5340 2056 5408 act.
2099 5331 2188 5396 45,
2224 5333 2381 5408 plura
2405 5333 2510 5408 alia
2542 5331 2825 5408 editurum
2863 5328 3196 5408 fuisse,__sed
3255 5344 3362 5408 non
3398 5343 3525 5408 per-

259 5397 402 5458 cello
435 5411 484 5456 et
536 5403 808 5472 utriusque
849 5397 1245 5472 continuatore,
1287 5397 1528 5472 Geuesio,
1553 5399 1651 5451 huc
1679 5397 1841 5470 usque
1946 5401 2165 5465 fecisse,
2197 5397 2364 5472 tradit
2393 5401 2764 5458 Gruudmaun.
2801 5401 2854 5455 in
2880 5400 3105 5454 Misccll.
3126 5399 3274 5468 Lips.
3301 5407 3430 5451 lout.
3453 5397 3520 5463 ll,

259 5475 465 5528 inedita
490 5469 772 5543 paucisque
786 5472 955 5543 etiam
984 5469 1459 5543 eruditissimorum
1481 5469 1713 5543 uirorum
1731 5469 1836 5525 uiso
1947 5487 2002 5540 p.
2041 5473 2145 5543 757
2173 5487 2272 5543 sq.
2299 5470 2466 5526 Hann.

261 5553 453 5626 natoue
479 5537 721 5627 dabimus
739 5539 1050 5627 aliquandoz
1085 5549 1190 5627 etc.
1213 5538 1550 5627 ‘1.)eslcripsitn
1550 5537 1641 5627 ille
1667 5538 1841 5627 Gene-
2020 5543 2088 5627 te)
2109 5542 2190 5627 'Ab
2218 5537 2327 5621 alia
2356 5559 2515 5627 manu
2541 5542 3007 5627 ascriptosluisse
3039 5540 3158 5604 hos,
3193 5555 3350 5620 quos.
3369 5547 3516 5627 altu;

261 5615 411 5688 sium
439 5631 517 5688 _a.
587 5613 742 5688 165:2.
783 5607 966 5688 _P:.\BR._
995 5609 1160 5688 _Add.
1213 5607 1462 5688 Morhol';
1505 5607 1656 5688 Roly.
1717 5612 1836 5688 hist.
1951 5607 2336 5688 l_i_tFabrici_us,
2363 5623 2418 5666 et
2446 5614 2580 5670 alios
2598 5607 2832 5685 Olympii
2859 5628 3066 5675 versus,
3096 5607 3314 5666 notatur
3340 5610 3393 5662 in
3427 5608 3522 5663 ed.

263 5684 480 5748 litter.l,
535 5684 735 5753 cap.'l,
774 5682 859 5744 Μ,
917 5680 1008 5736 ubi
1032 5681 1373 5748 plura,qua
1425 5679 1616 5734 Bosius
1671 5680 1840 5736 eden-
1953 5682 2177 5737 Veneta.
2214 5681 2378 5735 limi.
