1998 3104
164 233 926 246 ~__.--————_——__._._.

162 157 212 189 989
290 174 291 178 η
887 158 1054 191 ΝΟΤΙΤΙᾹ,

948 225 961 232 ο

1736 164 1789 196 990

508 308 830 365 PREFATIO
869 315 1084 364 CAROLI
1123 317 1297 370 LACHi

650 314 830 365 FATIO
869 315 1084 364 CAROLI
1123 317 1438 370 LACHMANI

812 406 869 438 (Ed.
878 406 960 432 Bonn.
978 407 1035 432 anni
1050 407 1129 439 issi).

191 542 302 571 Genesii
317 542 441 570 historiae
453 543 540 570 codex
557 550 628 570 unus
637 547 727 570 exstat
738 542 900 577 Lipsiensis,
915 543 1077 578 paginarum
1089 542 1134 575 77,
1150 541 1248 570 formae
1268 542 1404 576 maximae,
1418 543 1505 570 editio
1521 543 1587 571 item
1603 552 1656 571 una
1671 544 1786 576 Veneta,

156 595 181 614 ι.
203 586 284 619 1755,
302 586 345 614 cui
364 585 458 613 addita
477 590 519 613 est
532 586 572 613 St.
595 586 716 621 Berglcri
735 587 928 621 interpretatio
953 587 1051 614 Latina
1062 590 1091 613 et
1108 587 1252 614 annotatio
1269 586 1342 622 (vid.
1359 587 1470 615 Fabric.
1497 587 1625 619 Harlesii,
1656 588 1710 615 vol.
1728 588 1787 620 VII,

156 640 183 666 p.
197 630 279 665 552).
300 630 364 657 Milli
380 634 480 665 preter
498 630 687 664 apographum
704 630 836 657 editionis
862 630 973 658 Venetae
994 630 1200 666 imperitissime
1233 630 1335 658 factum
1355 631 1464 659 tradita:
1480 636 1545 659 sunt
1559 631 1590 660 E.
1606 632 1742 659 Wundcri
1754 633 1786 660 V.

155 674 196 702 Cl.
216 672 325 701 schedae
338 673 439 707 quibus
454 673 605 700 editionem
619 681 682 700 cum
698 673 793 701 codice
807 681 904 708 magna
925 674 1066 710 diligentia
1082 675 1211 702 contulit.
1230 675 1287 703 Hac
1298 675 1448 703 collatione
1463 676 1500 702 ita
1513 683 1579 703 usus
1595 683 1667 709 sum,
1685 676 1788 703 utedi-

155 716 242 744 tionis
258 717 368 743 Venetae
385 724 495 744 errores
508 723 573 743 raro
586 716 739 744 indicarem
753 716 809 752 (V),
822 717 972 752 plerosque
993 718 1082 754 (erant
1106 722 1198 745 autem
1224 725 1294 753 pene
1319 718 1476 753 innumeri)
1504 719 1585 746 tacite
1611 719 1787 755 corrigerem.

153 761 246 789 Verba
254 762 398 795 scriptoris
412 761 479 788 satis
487 765 615 788 accurate
628 761 761 794 distinxi,
776 762 926 789 emendare
941 769 998 788 non
1013 762 1080 789 satis
1095 762 1173 797 potui
1186 771 1193 789 :
1208 762 1303 789 curavi
1322 766 1413 790 tamen
1425 766 1456 790 ut
1467 762 1670 790 emendationis
1683 763 1788 790 instru-

154 810 279 834 mentum
291 810 416 840 paratum
433 810 517 833 esset.
539 806 633 840 Itaque
645 805 748 832 codicis
766 805 920 840 Lipsiensis
932 805 1099 839 scripturam
1115 805 1169 839 (L),
1185 806 1295 840 quoties
1311 805 1346 832 ab
1360 813 1394 833 ea
1412 806 1600 834 recedendum
1625 814 1686 834 esse
1708 806 1787 834 vide-

153 855 246 882 retur,
264 856 298 877 ex
315 849 439 876 editione
456 849 560 876 Veneta
596 848 638 876 vel
667 856 701 876 ex
726 848 862 876 Wunderi
885 848 996 875 schedis
1016 849 1146 876 annotavi
1171 858 1178 875 :
1199 849 1409 877 emendationes
1431 849 1563 885 Bergieri,
1590 850 1612 877 si
1632 850 1790 885 probabiles

153 898 260 926 essent,
282 893 394 920 nomine
406 893 466 927 ejus
487 891 626 919 interdum
644 892 692 919 sed
712 899 775 919 raro
791 891 900 927 adjecto
917 892 970 926 (Β),
991 893 1036 920 vel
1057 893 1149 927 recepi
1167 893 1211 920 vel
1233 893 1448 921 commemoravi
1467 903 1473 920 :
1489 901 1564 921 meas
1584 895 1651 921 tanti
1675 902 1730 921 non
1747 895 1787 921 fa-

152 938 210 970 cio,
228 941 286 964 uta
301 937 485 972 Berglerianis
507 936 716 970 distinguendas
741 936 881 963 duxerim.
905 936 1002 963 Neutri
1024 940 1150 963 nostrum
1171 936 1303 971 injuriam
1329 936 1428 964 fecerit
1447 937 1495 971 qui
1520 938 1611 965 omnia
1638 938 1666 964 in
1688 938 1788 972 quibus

158 982 221 1009 haec
230 981 318 1009 editio
336 988 352 1008 a
366 980 463 1008 codice
476 980 569 1007 diil‘crt
583 980 713 1014 Bergiero
725 979 895 1014 ascripserit.
911 979 997 1013 Hujus
1008 979 1228 1012 emendationes,
1250 987 1318 1014 quas
1335 980 1447 1014 quidem
1465 988 1544 1008 veras
1569 988 1630 1009 esse”
1647 986 1786 1016 putarem,

153 1024 252 1053 curavi
267 1032 301 1052 ne
316 1024 418 1051 iterum
434 1025 461 1051 in
473 1024 533 1059 ejus
546 1023 775 1050 annotationibus
794 1026 965 1057 ponerentur
982 1032 989 1049 :
1004 1024 1198 1050 annotationes
1211 1027 1325 1051 caeteras
1344 1028 1451 1051 tantum
1478 1032 1532 1051 non
1560 1032 1657 1052 omnes
1683 1024 1786 1051 retinui

152 1073 182 1096 et
193 1073 331 1103 quantum
348 1068 408 1095 ﬁeri
425 1068 516 1102 potuit
535 1066 681 1094 emendavi
697 1075 704 1093 :
720 1071 799 1093 erant
818 1067 892 1094 enim
908 1066 1144 1102 negligentissime
1172 1074 1321 1102 expressae.
1343 1067 1446 1094 Earum
1470 1075 1534 1102 pars
1558 1068 1609 1097 sub
1639 1072 1715 1096 textu
1745 1068 1787 1095 vel

154 1112 387 1148 interpretatione
405 1112 501 1138 Latina
514 1111 605 1146 posita
619 1115 680 1138 erat
698 1119 705 1137 :
726 1110 776 1138 has
791 1110 824 1137 ad
838 1111 898 1138 loca
913 1119 963 1138 sua
977 1110 1121 1144 revocavi;
1142 1111 1401 1145 interpretationem
1415 1111 1533 1144 correxi,
1547 1111 1594 1140 sed
1610 1116 1640 1139 ut
1653 1112 1720 1139 satis
1736 1112 1787 1138 lia-

154 1157 253 1184 berem
265 1156 331 1183 vitia
346 1156 472 1191 graviora
486 1155 595 1183 tollere.

136 1231 144 1236 _
190 1200 292 1228 Libros
307 1199 495 1227 Genesiicum
515 1199 642 1234 plerique
657 1199 704 1233 qui
725 1198 760 1226 de
771 1206 806 1226 eo
819 1199 906 1226 locuti
929 1202 994 1225 sunt
1017 1198 1141 1233 quinque
1158 1206 1219 1226 esse
1245 1198 1378 1231 dixerint,
1410 1199 1553 1226 sciendum
1573 1204 1615 1226 est
1640 1207 1703 1226 eum
1723 1207 1788 1226 sane

152 1245 277 1280 quinque
291 1243 431 1279 βασιλείας
452 1248 637 1279 pertractasse
651 1264 659 1275 ,
679 1242 730 1269 sed
749 1250 765 1269 ε
786 1242 918 1269 Michaele
942 1242 976 1268 ad
993 1242 1126 1270 Basilium
1144 1243 1250 1278 p.115,
1271 1242 1308 1270 ita
1328 1242 1502 1270 transiluisse
1531 1247 1561 1270 ut
1579 1243 1652 1270 illius
1681 1243 1788 1271 obitum

152 1293 295 1325 etmores
324 1295 411 1322 prope
426 1287 579 1319 omitteret,
609 1294 666 1314 non
687 1286 784 1313 eadem
811 1285 920 1313 ratione
948 1294 1030 1321 quam
1056 1287 1085 1313 in
1111 1286 1202 1314 tribus
1228 1286 1370 1321 prioribus
1392 1291 1421 1314 et
1447 1287 1475 1314 in
1500 1286 1560 1322 ipso
1584 1287 1685 1314 Basilio
1710 1295 1790 1315 secu-

154 1340 199 1361 tus
216 1337 282 1365 est“

186 1377 328 1405 Caeterum
347 1375 459 1403 Genesii
484 1382 586 1403 nomen
599 1373 691 1403 codici
711 1371 848 1408 Lipsiensi
865 1373 1009 1408 praeﬁxum
1031 1379 1095 1400 esse
1123 1372 1244 1399 traditur
1273 1381 1280 1399 :
1307 1373 1446 1408 Iosephus
1469 1372 1605 1400 Genesius
1634 1376 1727 1400 utrum
1753 1373 1788 1400 ab

152 1421 264 1448 Joanne
285 1420 404 1455 Scylitza
419 1420 511 1447 dictus
535 1419 630 1451 fuerit.
661 1418 815 1446 dubitatur.
842 1417 895 1445 Sed
923 1418 950 1445 in
982 1417 1036 1444 ﬁne
1065 1415 1171 1444 codicis
1190 1416 1342 1450 Lipsiensis
1361 1417 1420 1444 hanc
1450 1417 1552 1451 scripta
1576 1420 1697 1449 exstant,
1729 1424 1789 1451 qua:

150 1473 186 1491 ex
212 1464 338 1492 editione
355 1464 459 1491 Veneta
485 1463 532 1498 (p.
549 1464 600 1497 62)
624 1463 754 1501 exhibeo,
771 1462 824 1490 nisi
850 1462 924 1497 quod
941 1462 979 1489 ibi
992 1462 1095 1489 legitur
1109 1461 1234 1493 Δοῖστος,
1251 1460 1311 1494 sed,
1335 1466 1366 1488 ut
1391 1460 1551 1493 Wunderus
1580 1464 1709 1493 testatur,
1733 1468 1788 1488 non

151 1513 243 1536 recte.

866 1577 904 1603 Ab
918 1577 972 1603 alia
989 1584 1081 1603 manu.

651 1631 764 1663 Λοίσῦος
778 1631 848 1667 ἀνὴρ
862 1632 973 1666 ἄριστος
989 1630 1212 1667 ὡςῗὲγὼνκρίνω,

651 1667 788 1701 Γεωργιου
802 1666 843 1698 re,
861 1675 897 1701 φη
904 1667 944 1701 μὶ,
965 1667 1013 1692 καὶ
1027 1666 1192 1699 Θεοφάνους,

657 1700 718 1727 Τῶύ
731 1700 934 1736 χρονογράφὼν.
951 1701 1037 1735 Τῆσδε
1059 1702 1109 1735 τῆς
1124 1700 1215 1734 βίϐλου
1229 1701 1320 1736 Πάτερ

658 1735 785 1772 Ἰωάκρνης
799 1735 839 1763 σοι
855 1736 966 1770 ταύτης,
982 1735 1042 1770 φίλε
1059 1736 1205 1772 δᾳξμόνων,

655 1771 683 1795 ’0
699 1771 753 1797 τῶν
762 1770 910 1806 ’προέδρων
923 1771 1042 1806 πρῶτφς.
1060 1770 1130 1806 qua
1143 1771 1191 1796 καὶ
1207 1770 1291 1805 θύτης

654 1805 858 1840 Διοκαισαρείας
872 1806 920 1840 τῆς
940 1805 1122 1840 ’Δυαζάρὸης.

765 1873 945 1900 ΟΛΥΜΠΙΟΣ
970 1875 990 1899 U
1022 1873 1163 1900 ΟΛΥΜΟΣ

651 1929 730 1964 Λιμῷ
739 1930 858 1964 ταχήσῃ,
875 1929 977 1964 βρῶσις
989 1929 1153 1964 ὀρνέωνὲσῃ

646 1965 694 1995 ’ος
708 1964 838 1998 ὲξέκοψας
849 1966 877 1990 ὲν
891 1966 961 1999 ἀρχῇ
979 1965 1028 1995 τὰς
1047 1964 1207 1999 μεμὸράγας

643 2000 697 2025 Καὶ
715 1999 809 2033 κέρδος
824 1998 1017 2033 ἔσχεςπλῆρες
1035 1998 1216 2033 κακοϐουλίας

640 2033 694 2060 Τοῧ
707 2034 837 2068 γραφέως
849 2035 898 2068 τὴν
916 2033 1010 2067 κλῆσιν
1020 2032 1197 2067 ἐξαφανίσας.

538 2106 582 2135 Alr
590 2104 647 2133 alia
657 2112 753 2137 manu,
766 2104 865 2139 partim
877 2108 948 2135 ante.
964 2107 1065 2138 parum
1077 2107 1135 2139 post
1147 2103 1271 2132 ultimam
1284 2104 1394 2132 lineam.

651 2160 1218 2232 gzxoiimoﬁﬁﬁv
1233 2196 1379 2233 (scriptum
1392 2197 1486 2233 συμι).

176 2262 262 2291 Idem
288 2259 447 2288 Wunderus
467 2258 536 2287 aiios
563 2258 647 2286 etiam
672 2264 771 2286 versus
795 2257 905 2285 additos
927 2264 988 2284 esse
1017 2256 1119 2290 refert,
1147 2257 1195 2285 sed
1220 2256 1259 2285 ita
1285 2256 1404 2293 scriptos
1425 2261 1458 2285 ut
1486 2257 1595 2293 singula
1616 2256 1702 2286 verba
1727 2256 1781 2292 legi

137 2313 200 2337 non
218 2303 344 2342 possint.
