3996 6208
471 307 563 373 ggt
1564 284 1573 291 Α
1729 307 2047 375 JOSEPHI
2102 318 2108 358 4

2183 308 2395 371 ΞΝΕΞΙ.

2126 607 2946 773 'GENESII
3036 482 3048 493 ’

1241 611 2058 771 JOSEPHI

3636 298 3733 361 992

1925 890 2279 952 HISTORIA

923 1080 1072 1170 DE
1193 1078 1571 1172 REBUS
1703 1066 3264 1170 CONSTANTINOPOLITANIS.

1592 1488 2409 1649 ΒΑΣΙΛΕΙΩΝ
2484 1512 2612 1641 Αι
2640 1514 2705 1640 ⁸.

1334 1743 1541 1797 ΠΕΡί
1612 1742 1775 1796 ΤΟΥ
1862 1742 1959 1795 ΕΞ
2037 1742 2403 1799 ΑΜΔΛΗΚ
2472 1741 2903 1799 ΛΕΟΝΤΟΣ.

1622 1946 2028 2035 REGUM
2112 1946 2475 2034 LIBER
2581 1944 2615 2030 Ι

1712 2135 1804 2191 DE
1846 2134 2076 2193 LEONE
2099 2133 2522 2193 AMALEKITA.

491 2322 624 2394 1-3
660 2321 980 2389 Historiam,
1001 2321 1160 2392 jussu
1190 2335 1377 2390 quam,
1413 2319 1594 2375 Caesar
1618 2334 1835 2390 magne,
1865 2326 2057 2391 tuopte
2091 2328 2108 2384 Α

2234 2317 2346 2387 Τὴν
2372 2315 2431 2380 ἐξ
2460 2315 2705 2385 ἱστορίας
2736 2313 2965 2377 τελέσας
2994 2313 3195 2385 βίϐλον
3214 2315 3291 2379 ὡς
3314 2314 3637 2381 ἐκέλευσας,

770 2414 981 2469 Perfeci
1013 2414 1165 2469 curis
1199 2422 1365 2483 atque
1390 2412 1579 2466 labore
1606 2412 1780 2482 gravi,

486 2506 640 2563 Hanc
674 2508 773 2563 tibi
797 2506 941 2561 dona
990 2506 1131 2572 fero,
1168 2514 1363 2560 notum
1396 2505 1468 2560 sit
1514 2514 1574 2559 ut
1624 2505 1903 2571 omnibus,
1965 2505 2066 2559 ista

733 2600 878 2654 Nutu
917 2600 1123 2669 scripta
1160 2607 1275 2663 tuo,
1308 2606 1365 2652 te
1392 2598 1654 2667 cupiente
1686 2598 1819 2669 legi.

558 2692 765 2747 Rerum
794 2693 926 2747 olim
961 2699 1240 2762 gestarum
1267 2691 1531 2745 memoria
1557 2691 1848 2746 maximam
1876 2708 2068 2747 revera

490 2785 785 2839 utilitatem
816 2784 1056 2839 all‘erens
1083 2782 1151 2837 ad
1185 2783 1544 2837 scribendum
1570 2783 1773 2837 excitat
1821 2783 1947 2839 illos
1974 2784 2068 2853 qui

488 2887 553 2928 ea
582 2872 880 2942 attingunt.
916 2871 1096 2937 Quare
1130 2880 1185 2925 et
1229 2886 1331 2941 ego
1364 2887 1514 2925 nunc
1558 2872 1839 2925 scribendi
1874 2872 1928 2925 in
1983 2887 2071 2927 me

491 2964 676 3018 studio
707 2965 775 3017 de
818 2965 905 3019 his
933 2964 1308 3018 diversimode
1333 2972 1610 3031 suscepto,
1640 2979 1764 3018 eum
1796 2979 1863 3018 ex
1894 2965 2073 3019 homi—

492 3054 657 3108 nibus
682 3054 773 3123 qui
811 3062 943 3107 tunc
975 3054 1233 3109 vixerunt
1278 3054 1684 3124 quodammodo
1714 3056 1919 3125 gnaris,
1957 3065 2069 3110 tum

493 3162 561 3200 ex
581 3152 811 3214 vagante
836 3144 977 3199 fama
996 3144 1250 3209 edoctus,
1275 3146 1342 3199 ad
1369 3146 1472 3199 hoc
1490 3153 1768 3200 certamen
1787 3146 2069 3213 descendi,

494 3238 694 3309 partim
729 3237 772 3293 si
808 3252 1027 3308 possem
1062 3236 1129 3291 ad
1168 3236 1381 3307 aliquid
1436 3237 1590 3292 utilis
1623 3254 1652 3294 a
1682 3239 1925 3309 posteris
1977 3254 2073 3295 eo-

494 3331 706 3403 gnosci,
738 3331 936 3402 partim
960 3340 1021 3387 ut
1050 3330 1184 3385 mihi
1218 3331 1323 3401 ipsi
1347 3331 1495 3387 hunc
1525 3330 1768 3387 fructum
1792 3348 2075 3403 caperem,

497 3432 687 3494 utpote
716 3424 832 3480 [nec
855 3424 1021 3479 etiam
1045 3422 1099 3494 4
1128 3423 1516 3478 administrare
1544 3424 1734 3494 jussus
1759 3440 1788 3479 a
1812 3424 2076 3481 Constan-

501 3517 618 3591 tino
662 3518 1021 3587 imperatore,
1075 3531 1200 3569 cum
1244 3514 1425 3568 omnis
1477 3515 1764 3585 elegantiae
1827 3518 2077 3574 studioso

498 3616 693 3663 natura
739 3616 795 3663 et
847 3608 1123 3671 instituto,
1182 3614 1297 3659 tum
1355 3606 1753 3675 imperatorum
1802 3616 2077 3685 quotquot

500 3714 741 3767 unquam
778 3698 934 3752 fuere
967 3696 1309 3763 doctissimo,
1375 3695 1487 3752 ﬁlio
1529 3697 1729 3754 Leonis
1787 3699 1935 3755 illius
1988 3716 2076 3755 sa-

500 3787 833 3858 pientissimi
864 3802 1084 3857 semper
1134 3788 1477 3843 memorandi
1508 3788 1878 3858 imperatoris,
1922 3798 1983 3844 ut
2012 3806 2077 3844 ea

500 3894 623 3949 quae
653 3878 900 3934 nondum
950 3887 1139 3934 essent
1194 3880 1392 3934 tradita
1444 3879 1587 3935 libro
1638 3880 1903 3937 historico
1952 3882 2081 3939 inde

499 3970 571 4024 ab
628 3969 962 4025 insanientis
1020 3969 1077 4024 in
1129 3969 1413 4040 impietate
1461 3969 1663 4026 Leonis
1714 3971 1970 4043 imperio,
2017 3973 2082 4029 il-

500 4063 606 4120 lius
628 4062 970 4129 Amalekitaa,
1002 4071 1059 4118 et
1092 4062 1354 4133 deinceps
1382 4063 1812 4132 perscriberem.

568 4242 727 4296 Anno
784 4240 1029 4296 secundo
1089 4238 1306 4309 imperii
1367 4239 1649 4294 Michaelis
1686 4240 1874 4311 generi
1912 4240 2076 4298 Nice-

500 4334 683 4404 phori,
720 4349 749 4387 a
800 4333 1009 4388 mundo
1043 4340 1226 4387 autem
1276 4332 1500 4386 condito
1559 4332 1738 4387 sexies
1789 4334 2082 4391 mitissimo

500 4426 890 4482 trecentesimo
910 4427 1178 4482 vicesimo
1203 4424 1468 4489 secundo,
1494 4424 1795 4479 indictione
1825 4426 2080 4495 septima,

503 4528 636 4587 post
682 4518 891 4575 illatam
922 4517 1135 4575 cladem
1190 4516 1455 4573 Romanis
1482 4532 1513 4575 a
1548 4515 1792 4572 Crumno
1826 4531 2085 4586 supremo

499 4609 641 4664 duce
679 4608 1063 4680 Bulgarorum,
1098 4608 1281 4663 Leone
1326 4617 1457 4662 tunc
1481 4606 1738 4676 praefecto
1784 4605 2079 4662 Orientali-

500 4701 626 4767 bus,
660 4702 752 4771 qui
786 4702 843 4756 in
873 4701 1129 4757 conﬂictu
1172 4700 1299 4755 belli
1331 4716 1439 4754 non
1469 4699 1741 4765 adfuerat,
1775 4698 1870 4753 sed
1912 4715 2081 4768 pravo

499 4792 736 4846 consilio
788 4798 1101 4846 recesserat
1136 4805 1261 4844 cum
1292 4804 1388 4844 sua
1439 4788 1674 4860 legione,
1732 4788 2080 4843 occasionem

500 4886 803 4939 observans
831 4882 1130 4938 invadendi
1159 4882 1396 4953 imperii,
1425 4881 1611 4953 fugere
1657 4881 1959 4951 imperator
1983 4881 2083 4936 Mi-

501 4977 659 5031 chael
691 4976 819 5031 inde
857 4975 1207 5045 compellitur
1233 4990 1361 5029 cum
1392 4974 1607 5044 reliquo
1638 4973 1821 5029 adhuc
1846 4972 1953 5028 sibi
1982 4990 2081 5044 po-

503 5065 655 5135 pulo.

2307 2410 2678 2480 Δύτοκράτορ,
2711 2408 2965 2479 μελέταις
2994 2410 3091 2463 καὶ
3120 2411 3392 2481 καμάτοις
3456 2411 3729 2481 μεγάλοις,

2255 2506 2344 2558 Ἓν
2370 2502 2454 2556 σοὶ
2490 2500 2667 2573 δῶρον
2690 2501 2884 2570 ἔθηκα,
2912 2502 3062 2565 ὅπως
3094 2503 3441 2573 ιγνωσμένον
3472 2504 3563 2575 ειη

2323 2596 2418 2648 Ἕκ
2444 2593 2856 2664 φιλοδεσποτίας
2880 2595 2905 2625 ³
2931 2593 3187 2646 συντεθὲν
3218 2594 3283 2649 ἐκ
3308 2610 3371 2647 τε
3403 2594 3600 2649 πάθω.

2257 2686 2323 2739 Ἦ
2352 2684 2458 2739 τῶν
2492 2684 2662 2738 πάλαι
2704 2682 3100 2753 πεπονημένων
3142 2682 3437 2751 διάληιῐιις³
3497 2685 3750 2754 μεγίστην

2174 2780 2349 2843 ὅντως
2398 2777 2669 2848 ὠφέλειαν
2713 2775 3041 2846 παριστῶσα
3091 2776 3219 2837 τοὺς
3270 2775 3749 2845 ὲπειλημμένσυςδ

2175 2872 2355 2939 αὐτῆς
2387 2869 2525 2942 πρὸς
2546 2867 2775 2940 γραφὴν
2808 2866 2990 2920 αὐτῶν
3023 2865 3381 2934 διανίστησιν.
3417 2867 3593 2921 Ὅθεν
3610 2867 3752 2937 κάγὼ

2174 2962 2270 3018 νῦν
2300 2961 2401 3033 τὴν
2436 2960 2567 3031 περὶ
2595 2959 2796 3012 τούτων
2822 2958 3106 3031 γραφικὴν
3135 2959 3375 3027 σπουδὴν
3399 2960 3754 3031 πολυτρόπως

2175 3055 2540 3126 ἀνῃρημένος,
2566 3052 2629 3105 ἔκ
2661 3069 2721 3105 τε
2747 3051 2855 3105 τῶν
2876 3052 2995 3105 τότε
3020 3050 3366 3120 βεϐιωκότων
3387 3054 3484 3103 καὶ
3502 3052 3755 3123 ἁμωσγέ-

2178 3147 2334 3210 πως⁵
2368 3144 2589 3198 εἰδότων
2621 3144 2685 3197 ἐκ
2710 3160 2768 3196 τε
2813 3144 3002 3213 φήμης
3036 3141 3199 3212 δῆθεν
3228 3140 3559 3213 δραμούσης
3597 3147 3759 3214 ἤκουε

2176 3232 2452 3303 τισμένος,
2476 3232 2556 3295 είς
2582 3230 2733 3284 τόνδε
2763 3230 2852 3283 τὸν
2880 3230 3070 3298 ἀγῶνα
3095 3231 3485 3302 παρώρμημαι
3510 3233 3555 3300 ⁸,
3580 3233 3640 3286 τὸ
3668 3232 3762 3305 μὲν

2180 3324 2233 3380 cf
2263 3341 2381 3388 πως
2407 3323 2546 3395 πρός
2568 3340 2621 3377 τι
2650 3322 2933 3394 λυσιτελὴς
2955 3324 2976 3356 ⁷
2995 3327 3109 3387 τοῖς
3134 3325 3427 3395 μετέπειτα
3457 3325 3767 3396 διοφθείην,

2178 3417 2241 3470 τὸ
2278 3415 2335 3469 δὲ
2398 3416 2492 3468 καὶ
2537 3414 2760 3486 ἐμαυτῷ
2790 3414 2993 3469 ⁸’τοῦτο
3037 3414 3407 3487 καρπώσοιμι,
3444 3418 3550 3471 ἅτε
3595 3416 3768 3472 ταῦτὰ

2180 3521 2246 3574 γε
2270 3506 2362 3559 καὶ
2389 3506 2665 3576 διαιτῆσαι
2693 3507 3168 3577 προστεταγμένος
3189 3508 3325 3577 πρὸς
3343 3509 3765 3563 Κωνσταντίνου

2182 3595 2276 3650 τοῦ
2328 3595 2751 3666 αὐτοκράτορος,
2801 3595 2979 3661 ἄλλως
3022 3614 3082 3650 τε
3133 3597 3423 3667 φιλοκάλου
3457 3600 3567 3670 τὴν
3613 3599 3767 3669 φύσιν

2104 3679 2151 3738 Β
2180 3685 2276 3740 καὶ
2320 3686 2418 3758 τὴν
2448 3686 2792 3759 προαίρεσιν,
2836 3688 2931 3741 καὶ
2975 3688 3084 3742 τῶν
3114 3688 3333 3742 πώποτε
3370 3689 3657 3760 βασιλέων
3684 3692 3768 3744 λο-

2180 3781 2471 3849 γιωτάτου.
2531 3781 2650 3834 υἱοῦ
2680 3782 2909 3845 Λέοντος
2956 3781 3051 3835 τοῦ
3093 3783 3371 3851 πανσόφου
3426 3785 3766 3856 ἀειμνήστου

2181 3875 2436 3939 ἄνακτος,
2461 3874 2539 3938 ὡς
2561 3873 2627 3929 ἂν
2651 3874 2721 3928 τὰ
2762 3875 2836 3945 μὴ
2871 3874 3282 3946 παραδεδομένα
3313 3875 3491 3946 βίϐλῳ
3532 3881 3601 3948 τῇ
3641 3878 3771 3929 ἱστο-

2185 3966 2357 4039 ρούσῃ
2384 3965 2493 4020 ἀπὸ
2519 3965 2621 4036 τῆς
2644 3966 2783 4020 κατὰ
2812 3966 3137 4020 δυσσέϐειαν
3160 3966 3585 4038 φρενοϐλαδοῦς
3603 3969 3764 4023 Λέον-

2180 4073 2270 4120 τος
2303 4055 2579 4127 βασιλείας
2613 4056 2709 4110 τοῦ
2739 4056 2799 4122 ἐξ
2841 4057 3087 4129 ’Δμαλὴκ
3115 4061 3209 4113 καὶ
3246 4058 3494 4131 καθεξῆς
3526 4062 3794 4132 ἀναγράο·

2181 4148 2429 4220 ψωμαι⁹.
2814 4211 2826 4216 _

2264 4240 2353 4294 Ἐν
2384 4240 2494 4293 ἔτει
2523 4240 2569 4311 β’
2606 4240 2884 4312 βασιλείας
2911 4241 3133 4314 Μιχαὴλ
3161 4242 3414 4313 γαμϐροῦ
3440 4243 3781 4317 Νικηφόρον

2180 4332 2275 4386 τοῦ
2331 4332 2615 4403 βασιλέως,
2667 4334 2942 4404 κοσμικῆς
2996 4334 3055 4387 δὲ
3111 4334 3339 4396 κτίσεως
3378 4336 3599 4405 ,ςτκβ⁰,
3662 4333 3781 4385 ινδι-

2182 4427 2368 4478 κτιῶνι
2420 4424 2487 4490 ξ’,
2530 4426 2623 4478 ἐπὶ
2663 4425 3014 4497 συμϐάσηςίο
3061 4426 3233 4496 ἥττης
3280 4424 3596 4491 Ῥωμαίοις
3636 4421 3785 4495 παρὰ

2184 4517 2489 4588 Κρούμμου
2519 4517 2614 4573 τοῦ
2644 4518 2889 4590 ἀρχηγοῦ
2909 4518 3234 4588 Βουλγάρων
3270 4516 3370 4589 (ι),
3394 4516 3783 4584 Λέοντός-[μί

2181 4611 2489 4680 τηνικαῦτα
2529 4611 2964 4684 στρατηγοῦντος
2995 4612 3106 4666 τῶν
3147 4610 3557 4675 ’Δνατολικῶν,
3606 4612 3687 4682 μὴ
3723 4610 3785 4679 τῇ

2184 4706 2468 4776 συμπλοκῇ
2488 4705 2581 4759 τοῦ
2610 4706 2846 4776 πολέμου
2867 4706 3255 4777 περιτυχόντος
3284 4704 3388 4777 (2),
3415 4704 3574 4757 ἀλλὰ
3601 4721 3786 4757 σκαιοο

2183 4792 2387 4858 δούλως
2426 4792 2885 4866 ὑποχωρήσαντος
2919 4797 3015 4849 σὺν
3051 4797 3127 4865 τῷ
3176 4795 3268 4850 ὑπ’
3298 4795 3464 4848 αὐτὸν
3506 4796 3782 4865 τάγματι,

2182 4886 2771 4957 καιροφυλακοῦντοςιί
2844 4886 2944 4957 τὴν
2992 4889 3093 4957 τῆς
3146 4886 3427 4957 βασιλείας
3500 4888 3782 4947 ἐπίθεσιν,

2186 4977 2362 5045 φυγὰς
2390 4979 2419 5030 ὁ
2448 4977 2699 5048 βασιλεὺς
2753 4980 2975 5049 Μιχαὴλ
3008 4979 3257 5035 ἐντεῦθεν
3302 4978 3656 5033 καθίσταται
3697 4978 3785 5029 σὺν

2187 5066 2268 5134 τῷ
2297 5067 2704 5138 περιλειφθέντι
2734 5068 2886 5140 αὺτῴ
2908 5068 3044 5141 λαῷ.
3794 5066 3800 5121 ί

1806 5175 1894 5231 VA
1904 5176 2041 5233 ΒΙΑΣ
2083 5178 2212 5234 LEC
2222 5180 2381 5235 ΤΙΟΝ
2388 5182 2491 5237 ES.

576 5277 591 5306 ¹
625 5275 803 5351 Inscr,
834 5273 1135 5351 Βασιλειῶν
1166 5283 1214 5329 α’
1230 5290 1356 5351 _om.
1492 5278 1511 5306 ¹
1543 5272 1986 5351 φιλοδεσ-ποτείοις
2022 5276 2084 5332 L.
2125 5349 2134 5351 _
2162 5278 2496 5351 {atpooiptov
2526 5294 2710 5351 margo
2741 5279 2803 5334 L.
2862 5281 2882 5311 ⁸
2905 5280 3328 5351 ὲπιλειμμένους
3356 5278 3419 5332 L.
3483 5281 3509 5311 ⁵
3537 5276 3783 5351 ἀμοσῖεὲα

504 5362 621 5419 frte);
652 5347 712 5401 L.
787 5348 1197 5419 “rﬂapéppnpm
1227 5346 1289 5400 L.

504 5416 549 5444 "
580 5413 1113 5488 καιροφυλακοῦντας
1137 5418 1199 5485 L,
1231 5414 1798 5488 καιροφυλακτοῦντος
1832 5413 1898 5469 V.

610 5618 657 5694 ί)
688 5620 895 5694 [)eboc
932 5622 1076 5678 bello
1110 5623 1301 5680 Noster
1335 5624 1557 5694 infrap.
1600 5623 1685 5677 £2.

610 5618 627 5671 l
688 5620 762 5675 De
789 5620 895 5675 hoc
932 5622 1076 5678 bello
1110 5623 1301 5680 Noster
1335 5624 1471 5677 infra
1507 5639 1557 5694 p.
1600 5623 1685 5677 £2.

579 5618 657 5761 £2;
684 5690 965 5747 Cedrenus
994 5695 1180 5760 etiam,
1217 5712 1269 5763 ῃ.
1311 5696 1412 5751 .585
1437 5693 1568 5750 edit.
1608 5694 1779 5751 Paris.
1819 5703 1871 5751 et
1898 5694 2071 5749 Zona-

1391 5347 1409 5377 "
1451 5344 1726 5423 λυσιτελὲς
1757 5344 1915 5423 L._.°
1944 5348 2152 5417 ἐμαυτὸ
2182 5344 2265 5403 L.'
2314 5352 2335 5382 ⁹
2371 5344 2757 5421 ἆναγράψόμαι
2786 5351 2846 5408 L.
2918 5352 2959 5383 ¹⁰
2988 5344 3373 5423 ἐπισυμόἀσης
3404 5351 3468 5404 L.

3563 5344 3604 5381 ’ἶ
3642 5365 3696 5401 τε
3721 5344 3777 5399 L.

1657 5528 1899 5587 STEPII.
1931 5528 2274 5584 BERGLERI
2316 5526 2548 5582 NOTAL.

2190 5638 2297 5695 ras.
2333 5637 2387 5691 ιι.
2422 5621 2520 5674 I27
2552 5620 2684 5695 edit.
2723 5622 2896 5679 Paris.
2957 5623 3114 5695 culpa
3147 5624 3349 5680 Leonis
3387 5624 3584 5681 victos
3619 5625 3787 5682 fuisse

2186 5692 2463 5748 Romanos
2496 5692 2742 5747 tradunt.
