3996 6208
445 242 555 307 995

450 445 625 495 l‘ertur
658 438 862 495 dixisse
891 458 903 492 :
938 458 954 489 ι
974 436 1265 507 indignant
1295 450 1422 489 sano.
1452 434 1498 488 si
1528 432 1743 503 tyranni
1775 446 1912 484 uxor
1938 429 2026 483 in-

449 530 583 585 duat
610 528 935 592 modolium,
978 548 995 580 1
1051 528 1275 581 Baream
1320 542 1440 580 eam
1497 526 1810 579 nominans.
1841 520 2027 575 Atille

448 621 707 691 prudenti
766 633 1021 675 sermone
1073 632 1195 671 eam
1242 616 1489 670 refutans
1528 615 1709 669 dixit:
1757 632 1774 664 ι
1816 612 2027 665 Bonum

448 720 531 765 est
562 709 779 764 Domint
811 709 1147 762 voluntatem
1176 706 1331 775 sequi
1358 722 1420 761 ea
1451 722 1571 775 qua:
1602 705 1759 759 ﬁunt.
1794 724 1811 758 1

1747 227 2061 293 JOSEPHI
2098 223 2412 286 GENESII

448 354 629 419 Quare
666 365 804 404 uxor
828 350 947 421 ejus
983 346 1249 418 Prompia
1292 343 1511 399 invidiae
1543 340 1782 397 stimulis
1822 338 2024 409 agitata

2133 334 2216 387 λαι
2246 332 2381 403 πρὸς
2418 330 2622 383 Λέοντα
2677 326 2816 396 μετὰ
2857 325 2949 378 καὶ
2994 322 3106 394 (10)
3164 321 3460 393 βασιλικῶν
3498 324 3697 394 συμϐό-

3596 215 3698 280 996

2136 427 2262 486 λων,
2300 420 2606 493 προτρέψαι
2638 435 2695 471 τε
2732 420 2826 471 καὶ
2850 418 2949 490 τὴν
2991 414 3297 485 σύγκλητον
3322 412 3544 467 ἀπιέναι
3571 417 3699 485 πρὸς

2137 517 2236 586 τὴν
2260 514 2453 567 τούτου
2476 513 2805 582 ἀπάντησιν,
2831 510 2907 574 ὡς
2942 510 3017 580 μή
3047 526 3168 561 τινα
3209 505 3399 576 ῥανὶδα
3437 506 3697 575 Χριστια-

2138 606 2289 660 νικοῦ
2316 605 2547 675 αἵματος
2577 602 2869 675 ἔκχεοῆναι
2893 598 3058 654 αὐτοῦ
3083 599 3268 651 ἕνεκα.
3310 596 3430 667 Ἐφ’
3460 598 3568 669 ὅτῳ
3613 600 3703 670 τὴν

2138 694 2331 751 ἑαυτοῦ
2400 695 2513 763 (11)
2579 692 2830 763 γαμετὴν
2882 690 3196 764 Προκοπίαν
3253 688 3701 760 ζηλοτυπήσασαν

445 803 685 857 τοιοῦτον
731 802 939 853 εἰπεῖν’
976 820 994 852 ι
1027 800 1210 852 Δεινὸν
1243 817 1307 867 γε
1360 799 1553 864 δεινὸν,
1591 799 1685 849 ἐὰν
1724 799 1757 867 ἠ
1804 794 1901 849 τοῦ
1972 790 2238 861 τυράννου
2315 786 2549 856 σύζυγος
2601 785 2832 847 Λέοντος
2891 782 3175 856 περιϐάλοι
3220 785 3310 839 τὸν
3384 782 3694 853 μοδίολον,ι

448 896 666 964 Βάρκαν
688 896 858 964 αὐτὴν
882 895 1199 964 ὀνομάσασα
1229 892 1363 963 (12).
1409 893 1466 946 'U
1524 894 1581 947 δὲ
1623 892 1827 963 ταύτην
1873 889 2162 960 φρονίμοις
2214 884 2393 953 λόγοις
2450 880 2939 952 άποκρουσάμενος
3018 883 3274 953 εἴρηκεν·
3350 900 3369 935 1
3408 879 3591 936 Καλὸν
3642 883 3700 952 τῇ

448 996 544 1049 τοῦ
570 991 776 1061 Κυρίου
805 990 1023 1061 δοκήσει
1062 988 1392 1043 συνέπεσθαι
1420 988 1491 1042 τὰ
1520 988 1801 1058 γινόμενα.
1838 1005 1855 1038 1
1896 1050 1903 1053 ,

519 1088 689 1142 Porro
724 1100 849 1139 cum
869 1085 978 1154 jam
1011 1092 1278 1155 tyrannus
1302 1081 1646 1152 pervenisset
1673 1096 1772 1151 per
1791 1082 2027 1134 Auream

449 1190 662 1249 portam
702 1177 769 1231 ad
812 1174 1181 1231 Praecursoris
1226 1174 1401 1230 aedem
1450 1190 1616 1244 quam
1670 1173 1899 1229 Studius
1940 1187 2034 1225 ex-

449 1273 671 1336 struxit,
733 1269 892 1323 multi
944 1284 1012 1324 ex
1043 1278 1238 1323 senatu
1263 1285 1327 1324 ac
1379 1268 1779 1340 propemodum
1838 1279 2032 1320 omnes

448 1365 803 1414 accesserunt
836 1356 904 1412 ad
941 1373 1091 1423 eum,
1124 1366 1291 1427 atque
1328 1359 1603 1428 stipantes
1632 1372 1739 1411 una
1772 1371 1896 1409 cum
1933 1370 2031 1425 po-

449 1452 579 1521 pulo
609 1450 909 1505 comitante
934 1448 989 1503 in
1015 1449 1221 1519 regiam
1250 1448 1625 1503 deduxerunt.
1668 1446 1901 1515 Jamque
1942 1445 2027 1499 in-

446 1555 669 1609 gressus
714 1546 843 1592 ante
879 1546 1078 1592 aeratas
1136 1536 1447 1593 consistens
1500 1536 1650 1593 fores
1692 1535 1747 1590 in
1784 1536 1908 1590 loco
1939 1551 2028 1590 ro—

2206 1067 2313 1122 Τοῦ
2346 1068 2402 1122 δὲ
2428 1068 2690 1139 τυράννου
2736 1062 2851 1137 (13)
2882 1065 3279 1130 καταλαϐόντος
3324 1065 3416 1121 διὰ
3439 1067 3538 1137 τῆς
3562 1067 3695 1140 Χρυ-

2132 1164 2232 1233 σῆς
2262 1160 2435 1234 πύλης
2481 1163 2571 1215 τὸν
2618 1161 2712 1214 τοῦ
2777 1161 3095 1232 Προδρόμου
3126 1162 3253 1214 ναὸν
3288 1161 3349 1214 ὃν
3392 1161 3642 1232 ἐδείματο
3662 1163 3698 1194 ³⁸

2131 1255 2396 1318 Στούδιος,
2429 1254 2614 1307 πολλοὶ
2639 1254 2740 1325 τῆς
2764 1253 3060 1325 γερουσίας
3093 1252 3128 1324 ἦ
3166 1254 3261 1306 καὶ
3300 1252 3489 1324 σχεδὸν
3521 1252 3695 1307 ᾶπαν-

2127 1365 2217 1411 τες
2247 1346 2558 1420 προσῄεσαν
2578 1348 2620 1379 "
2670 1345 2841 1416 αὐτῷ,
2900 1345 2959 1398 ὃν
2988 1346 3083 1399 καὶ
3114 1343 3542 1414 δορυφοροῦντες
3578 1348 3700 1417 μετὰ

2131 1438 2227 1492 τοῦ
2289 1438 2662 1507 συνεπομένου
2697 1436 2855 1506 ὄχλου
2910 1437 3023 1500 τοῖς
3066 1435 3364 1507 βασιλείοις
3398 1437 3695 1506 ἀπήγαγον.

2135 1530 2244 1584 Καὶ
2302 1528 2366 1600 δὴ
2414 1526 2600 1583 εἰσιὼν
2654 1528 2749 1580 καὶ
2798 1526 2904 1597 πρὸ
2928 1527 3038 1579 τῶν
3072 1525 3430 1597 χαλκηλάτων
3485 1528 3700 1591 ἐπιστὰς

448 1630 621 1683 tundo
644 1637 700 1684 et
732 1629 1123 1700 porphyretieo
1166 1644 1446 1684 marmore
1495 1637 1773 1695 contecto,
1830 1628 2029 1699 gratias

2141 1622 2324 1677 πυλῶν
2360 1620 2495 1693 (14),
2542 1621 2637 1673 ἐπὶ
2666 1620 2743 1691 τῷ
2764 1620 2809 1651 ’⁸
2849 1621 2970 1674 κατ’
3003 1620 3327 1689 ἐπιφάνειαν
3369 1620 3617 1692 κυκλικῷ
3650 1639 3697 1674 τε

447 1729 671 1775 acturus
706 1720 913 1776 Christi
947 1721 1044 1776 Dei
1072 1721 1249 1776 nostri
1283 1722 1397 1777 illic
1424 1720 1669 1791 imagini,
1695 1720 1812 1775 sive
1841 1734 2031 1774 revera

447 1815 565 1869 sive
601 1815 784 1883 specie
810 1824 993 1878 tenus,
1020 1814 1175 1869 exuit
1198 1823 1411 1869 vestem
1438 1816 1487 1885 7
1516 1831 1623 1885 qua
1649 1815 1885 1869 amiCtus
1913 1821 2033 1868 erat

448 1904 653 1974 gemini
695 1904 899 1959 coloris
923 1904 1067 1959 rosei
1116 1904 1297 1974 aquila
1336 1905 1605 1973 insignem
1636 1907 1841 1975 (quam
1883 1905 2034 1959 colo—

450 1996 601 2048 bium
628 1996 927 2049 vernacula
971 2010 1107 2050 voce
1147 1996 1490 2065 appellant),
1537 1996 1775 2050 solutam
1810 1994 2032 2064 cingulo

448 2087 756 2142 secundum
788 2102 1000 2143 morem
1021 2087 1133 2158 jam
1156 2087 1287 2141 olim
1311 2103 1341 2140 a
1366 2086 1602 2141 ducibus
1650 2086 2029 2149 observatum,

449 2186 614 2247 atque
646 2177 875 2231 Michael
906 2192 1134 2232 suorum
1165 2177 1499 2246 equisonum
1544 2176 1812 2246 primario
1843 2177 2025 2247 palam

451 2270 637 2326 tradit.
674 2270 772 2324 Illo
809 2278 994 2324 autem
1020 2284 1143 2323 eam
1169 2270 1462 2325 confestim
1514 2269 1802 2333 induente,
1836 2268 1893 2323 id
1932 2284 2031 2337 pro

448 2363 634 2417 omine
662 2362 1005 2432 adipiscendi
1037 2370 1161 2433 post
1182 2362 1427 2416 Leonem
1462 2360 1681 2431 imperii
1707 2369 2024 2430 reputatqu

450 2464 535 2507 est
585 2452 655 2505 ab
706 2452 1165 2521 intelligentibus.
1224 2451 1498 2504 Praeterea
1546 2450 1601 2503 iu
1637 2450 1759 2503 loco
1788 2449 2029 2519 quodam

450 2542 596 2595 circa
636 2540 925 2611 palatium,
966 2538 1053 2594 cui
1082 2554 1286 2594 nomen
1324 2538 1502 2609 Scyla,
1554 2538 1789 2592 Michael
1828 2536 2031 2592 Leonis

450 2633 620 2687 vestis
645 2649 797 2687 oram
824 2632 965 2703 pede
1001 2648 1259 2702 premens
1311 2632 1553 2702 turpavit
1598 2648 1611 2684 :
1660 2630 1934 2685 incertum
1964 2646 2033 2684 ex

451 2726 813 2794 protervitate
840 2726 895 2779 id
927 2724 1146 2789 fecerit,
1187 2740 1256 2777 an
1286 2723 1635 2794 providentia
1666 2721 1854 2778 divina
1876 2722 2029 2778 futu-

452 2832 572 2870 rum
602 2825 1078 2886 praemonstrante.
1116 2815 1274 2882 Quod
1310 2832 1435 2869 cum
1462 2816 1730 2870 sensisset
1758 2815 1895 2879 Leo,
1949 2832 2029 2869 re-

448 2908 746 2962 belliouem
776 2909 846 2981 ab
874 2924 941 2963 eo
976 2908 1033 2962 in
1057 2924 1115 2964 se
1144 2910 1413 2963 orituram
1443 2907 1704 2976 conjecit.

2137 1716 2232 1769 καὶ
2258 1713 2660 1785 περιπορφύρῳ
2698 1715 2977 1784 μαρμάρῳ
3006 1714 3144 1784 (15),
3164 1712 3329 1784 εὐχὴν
3358 1716 3702 1786 χαριστήριον

2136 1808 2433 1863 ἀποδώσων
2471 1805 2551 1877 τῷ
2580 1807 2760 1859 ἐκεῖσε
2793 1804 3029 1876 Χριστοῦ
3058 1804 3152 1859 τοῦ
3187 1805 3322 1858 Θεοῦ
3347 1807 3694 1877 εἰκονέσματι,

2136 1899 2247 1952 εἴτε
2316 1897 2546 1969 ἀληθείᾳ
2608 1898 2717 1950 εἴτε
2762 1898 3137 1968 προσχήματι,
3198 1897 3575 1951 ἐκδιδάσκεται
3608 1898 3693 1968 τὴν

2135 1992 2340 2061 ἐσθῆτα
2375 1992 2442 2060 ἣν
2476 1989 2810 2059 ἐπεϐέϐλητο
2846 1990 2905 2043 ὲν
2952 1988 3076 2041 δυσὶ
3098 1990 3141 2021 ’ί
3177 1989 3461 2061 ῥοδοειδέσι
3493 1992 3687 2060 χροιαῖς

2133 2085 2456 2147 ἀετίζουσαν
2508 2083 2658 2156 (16),
2729 2082 2798 2153 ἢν
2849 2082 3097 2136 κολόϐιον
3124 2084 3188 2153 τῇ
3250 2083 3496 2153 ἐγχωρίῳ
3551 2084 3689 2153 ρήσει

2134 2176 2659 2245 προσονομάζουσιν,
2694 2176 2792 2229 καὶ
2848 2176 3055 2245 ταύτην
3106 2173 3401 2245 ἀνειμένην
3433 2172 3697 2243 ζωστῆρος

2133 2267 2274 2321 κατὰ
2333 2267 2394 2319 τὸ
2449 2266 2689 2320 ἔκπαλαι
2725 2265 2965 2336 τηρηΘὲν
3021 2264 3143 2329 ἔθος
3172 2266 3285 2327 τοῖς
3317 2262 3700 2333 στρατηλάταις

2133 2359 2227 2412 καὶ
2259 2358 2482 2429 Μιχαὴλ
2506 2357 2615 2411 τῶν
2645 2357 2812 2411 αὑτοῦ
2862 2356 3183 2427 ἱπποκόμων
3215 2357 3531 2429 πρωτάρχῳ
3563 2371 3705 2425 περι-

2133 2448 2317 2521 φανῶς
2349 2452 2682 2505 έπιδίδωσιν.
2744 2449 2851 2503 Τοῦ
2894 2452 2953 2504 δὲ
2981 2450 3186 2521 ταύτην
3218 2447 3458 2518 ἐξαυτῆς
3485 2446 3701 2501 ἀναϐαλ-

2132 2543 2364 2613 λομένου
2419 2544 2499 2605 είς
2529 2541 2718 2596 οἰωνὸν
2757 2542 2897 2613 μετὰ
2930 2543 3135 2595 Λέοντα
3183 2539 3476 2612 βασιλικῆς
3534 2538 3701 2591 ἐπιϐά-

2136 2653 2275 2698 σεως
2306 2637 2419 2697 τοῖς
2456 2635 2621 2688 εἰδόσι
2661 2634 2959 2704 λελόγιστο.
2988 2634 3127 2705 Περὶ
3152 2633 3209 2687 δέ
3247 2650 3369 2687 τινα
3397 2632 3497 2685 τοῦ
3550 2630 3703 2689 παλατ

2131 2728 2247 2781 τίου
2278 2727 2457 2799 χῶρον
2486 2723 2547 2781 οὒ
2579 2727 2874 2797 ἐπώνυμον
2905 2726 2975 2779 τὰ
3004 2726 3184 2780 Σκῦλα
3202 2726 3328 2789 ²¹,-ό
3358 2723 3588 2794 Μιχαὴλ
3611 2721 3701 2791 τῆς

2129 2819 2356 2889 ἐσθῆτος
2396 2818 2490 2872 τοῦ
2532 2820 2763 2883 Λέοντος
2799 2818 2860 2872 τὸ
2913 2819 3083 2890 ἄκρον
3134 2818 3391 2871 ἐπιϐάσει
3450 2814 3679 2884 καθύϐρι

2133 2928 2224 2963 cev
2250 2912 2387 2980 (i7),
2412 2912 2523 2964 εἴτε
2554 2914 2618 2965 ἐκ
2641 2912 2976 2982 προπετείας
3001 2910 3161 2964 τοῦτο
3192 2910 3711 2980 καταπραξάμενος,

449 2999 558 3051 εἴτε
588 3000 688 3069 τῆς
720 3000 835 3053 ἄνω
874 3000 1141 3068 Προνοίας
1173 3000 1234 3053 τὸ
1268 3000 1462 3070 μέλλον
1526 2999 2036 3071 προχαραττούσης.
2098 3003 2186 3057 Ἐν
2211 3005 2558 3077 συναισθήσει
2606 3005 2663 3059 δὲ
2729 3005 2922 3059 τούτου
2980 3006 3134 3060 Λέων
3183 3005 3480 3076 γενόμενος
3530 3020 3714 3059 νεωτεο

453 3093 646 3165 ρισμόν
676 3112 796 3148 τινα
822 3095 932 3166 (18)
981 3097 1111 3168 παρ’
1138 3097 1305 3151 αὐτοῦ
1341 3094 1560 3151 ἔσεσθαι
1590 3096 1783 3149 ἑαυτὸν
1814 3097 1864 3133 ’³
1892 3098 2196 3155 οίωνίσατο.

517 3186 749 3256 Jamque
780 3187 986 3257 regiam
1036 3189 1285 3259 ingresso
1336 3188 1544 3254 Leone,
1600 3205 1727 3244 mox
1778 3189 2029 3244 crinibus

2204 3192 2315 3247 Καὶ
2378 3192 2442 3264 δὴ
2504 3184 2624 3256 τοῖς
2676 3195 2809 3249 εἵσω
2870 3194 2981 3247 τῶν
3026 3192 3315 3265 βασιλείων
3365 3194 3715 3264 χωρήσαντος

449 3279 700 3335 detonsis
748 3280 983 3335 Michael
1031 3280 1337 3350 imperator
1366 3290 1422 3335 et
1448 3281 1568 3353 ejus
1593 3296 1732 3335 uxor
1770 3296 1879 3335 una
1904 3294 2033 3336 cum

448 3370 661 3435 liberis,
686 3372 964 3442 supplices
1012 3373 1357 3429 miserabiles
1407 3372 1465 3427 in
1504 3374 1750 3428 oratorio
1788 3373 2022 3428 sanctiso

449 3461 601 3516 simae
632 3450 1095 3533 Deiparzefquod
1130 3465 1338 3518 Pharos
1372 3464 1600 3530 dicitur,
1657 3466 2024 3535 apparebant,

448 3554 807 3610 clementiam
837 3555 1131 3624 quamdam
1166 3556 1272 3610 sibi
1304 3565 1622 3624 expetentes
1660 3575 1673 3610 :
1710 3568 1876 3628 atque
1933 3558 2026 3613 ille

449 3645 709 3713 precibus
739 3645 915 3700 ﬂexus
945 3647 1114 3700 vitam
1140 3646 1223 3700 eis
1276 3646 1689 3710 concedendam
1735 3649 2029 3720 judicavit,

448 3737 728 3807 mittitque
756 3738 1077 3794 Michaelem
1102 3739 1157 3795 in
1189 3740 1467 3811 quoddam
1506 3742 1928 3808 monasterium,
1970 3750 2034 3798 ut

447 3830 525 3884 ibi
576 3828 879 3884 solitariam
913 3832 1081 3886 vitam
1131 3848 1352 3888 omnem
1395 3834 1666 3904 reliquam
1694 3836 1894 3905 exigat.
1928 3834 2031 3890 Cui

446 3921 745 4005 quotannis
773 3921 892 3977 auri
915 3922 1266 3994 largitionem
1292 3924 1383 3981 die
1421 3926 1662 3996 quodam
1694 3934 1849 3982 certo
1883 3941 2029 3996 prae-

2134 3284 2387 3349 Λέοντος,
2424 3285 2629 3349 εὐθέως
2683 3286 2782 3349 τὰς
2834 3286 3027 3357 τρίχας
3054 3287 3375 3357 κειράμενοι
3402 3284 3634 3354 Μιχαήλ
3662 3299 3719 3336 τε

2133 3379 2161 3431 ὀ
2201 3377 2457 3449 βασιλεὺς
2499 3378 2593 3430 καὶ
2639 3379 2673 3448 ἡ
2720 3377 2913 3431 τούτου
2946 3396 3009 3447 γε
3041 3376 3297 3440 σύνευνος
3354 3377 3451 3430 σὺν
3507 3376 3718 3439 παισὶν,

2134 3473 2314 3528 ἱκέται
2352 3474 2577 3528 έλεεινοὶ
2632 3473 2712 3541 τῷ
2767 3473 2882 3543 (19)
2935 3473 3213 3544 εὐκτηρίῳ
3245 3471 3381 3541 οίκῳ
3415 3470 3520 3542 τῆς
3555 3473 3721 3541 ὑπερ-

2133 3564 2296 3633 αγίας
2327 3563 2593 3617 Θεοτόκου
2645 3563 2706 3626 ὃς
2745 3563 2924 3634 Φάρος
2982 3560 3415 3631 κατονομάζεται
3474 3560 3722 3614 δείκνυν-

2130 3671 2223 3707 ται
2256 3653 2389 3724 (20),
2420 3653 2708 3723 εὐμενείας
2729 3654 2774 3685 ’⁸
2819 3652 2965 3716 τινὸς
3009 3651 3289 3719 ἀξιοῦντες
3317 3654 3536 3722 τυχεῖν.
3579 3652 3639 3707 '0
3669 3651 3724 3704 δὲ

2130 3750 2198 3818 τῇ
2238 3746 2551 3814 δυσωπήσει
2614 3745 2907 3817 ἑπιπειθὴς
2938 3743 3181 3814 γεγονὼς
3219 3744 3404 3799 ἄνεσιν
3440 3744 3600 3815 ζωῆς
3631 3743 3722 3796 αὑ-

2131 3842 2246 3902 τοῖς
2302 3838 2645 3903 ὲδικαίωσεν,
2701 3839 2915 3908 πέμπει
2964 3855 3025 3891 τε
3079 3838 3171 3890 τὸν
3217 3835 3437 3908 Μιχαὴλ
3496 3837 3559 3891 ἐν
3624 3852 3726 3889 τινι

2133 3931 2544 4004 φροντιστηρίῳ
2571 3931 2835 3985 διατελεῖν
2857 3928 2935 4002 τῷ
2962 3929 3193 4001 μονήρει
3218 3928 3319 4000 βίῳ
3350 3928 3695 4001 συμφρασσό

1740 4111 1975 4167 VARUE
2009 4111 2416 4169 LECTIONES.

543 4248 567 4281 ⁸
587 4248 827 4323 ὲδήματο
858 4248 923 4305 L.
1014 4250 1349 4323 έπροσίεσαν
1497 4252 1545 4284 ¹⁶
1577 4250 1681 4323 τῷ]
1708 4252 1770 4304 τὸ
1811 4251 1873 4307 ἰ).
1959 4254 2002 4286 ⁸⁸
2036 4255 2095 4307 ὲν
2122 4254 2265 4323 δυσὶ]
2309 4269 2419 4307 imo
2452 4253 2684 4307 ἔνδυσιν.
2761 4254 2807 4285 ³¹
2845 4249 3049 4306 mna
3080 4249 3143 4303 L.
3186 4250 3261 4283 1’
3292 4258 3387 4304 aut
3413 4240 3503 4313 εἷς
3532 4248 3727 4305 ἑαυτὸν

445 4318 731 4391 legendum
761 4331 871 4387 est,
901 4328 996 4374 aut
1024 4318 1225 4390 ἐαυτῷ.
1263 4322 1422 4391 Αὑτῷ
1448 4318 1683 4393 Symeon
1710 4323 1914 4389 logoth.
1938 4340 1992 4393 p.
2014 4324 2121 4379 402
2154 4326 2216 4380 C.
2246 4318 2290 4359 ίδ
2319 4325 2566 4396 είμενίας
2597 4323 2659 4379 L.

1594 4477 1837 4547 STEPII.
1872 4478 2213 4536 BEBGLERI
2242 4480 2468 4538 ΝΟΤΑΞ.

515 4612 630 4686 (10)
690 4614 838 4669 Loco
878 4614 975 4667 xui.
1026 4612 1199 4683 magis
1232 4612 1532 4682 quadraret
1575 4613 1847 4667 articulus
1886 4612 2017 4667 τῶν.

442 4687 519 4742 Ea
575 4686 732 4740 fuere
760 4685 1041 4755 ἁλουργὶς,
1079 4683 1399 4755 κοκκοϐαφῆ
1435 4684 1628 4755 πέδιλα
1670 4692 1727 4738 et
1759 4683 2017 4755 διάδημα.

437 4756 677 4813 Cedren.
711 4771 766 4825 p.
790 4754 914 4820 485,
932 4755 1069 4809 edit.
1096 4754 1271 4825 Paris.
1303 4754 1371 4807 de
1398 4754 1592 4825 eadem
1616 4769 1697 4808 re.

513 4826 625 4897 (11)
656 4823 1035 4905 Βοιωοῖειηυε,
1064 4824 1171 4879 nisi
1205 4839 1305 4905 pro
1330 4824 1524 4905 εαυτοῦ
1548 4823 1910 4905 Ιεεειεὴαὑτοῦ.
1959 4823 2020 4879 111

435 4893 628 4954 Graeco
674 4896 831 4950 deest
853 4895 1092 4963 λέγεται,
1143 4894 1291 4965 quod
1343 4894 1582 4952 habetur
1612 4893 1667 4949 in
1688 4893 2019 4951 Continuat.

436 4986 490 5039 p.
529 4965 826 5039 12,υᾷ111-(113
850 4966 1043 5020 eadem
1076 4980 1159 5039 re.

532 5036 619 5093 12)
650 5037 937 5092 Cedreuus
953 5036 1273 5093 exterique.

533 5105 621 5176 13)
653 5107 961 5171 Cedrenus,
995 5122 1050 5176 p.
1075 5105 1201 5172 485,
1227 5107 1363 5161 edit.
1401 5105 1579 5162 Paris.

531 5177 616 5249 H)
645 5177 970 5233 Continuat.
1002 5193 1055 5249 p.
1097 5177 1184 5249 12,
1218 5177 1355 5249 edit.
1383 5177 1556 5249 Paris.

507 5248 618 5320 (15)
652 5249 819 5303 Deest
870 5248 1281 5303 substantivum
1336 5248 1872 5371 [‘ttappdptp..i‘iabet
1920 5262 2018 5303 co-

507 5319 584 5371 xl.
616 5320 775 5371 Anud
808 5318 1139 5371 Svmeonem
1172 5319 1347 5371 Losot
1370 5325 1558 5371 letam.
1595 5333 1690 5371 aut
1723 5322 1866 5371 solet
1907 5318 2018 5371 No-

432 5316 775 5391 dei].'Apud
808 5318 1139 5391 Svmeonem
1166 5316 1571 5391 Logothetam,
1595 5316 1690 5391 qui
1723 5322 1866 5375 solet
1906 5318 2019 5391 Νο-

438 5388 613 5460 strum
632 5388 972 5460 quandoque
999 5388 1334 5456 exscribere,
1371 5396 1454 5460 est
1488 5388 1784 5460 μαρμάρῳ,
1808 5407 1863 5460 p.
1892 5390 2018 5454 402,

435 5458 571 5512 edit.
599 5458 827 5535 ’ἰδίει-18η
862 5458 931 5535 ὲν
950 5460 1027 5530 τῷ
1060 5460 1185 5515 κατ’
1253 5459 1577 5529 ἐπιφάνειαν
1610 5458 1887 5535 agitat};
1923 5461 2018 5513 καὶ

433 5528 702 5601 mea/(tias)
744 5528 1045 5601 μαρμάρῴο

503 5561 504 5570 ι
547 5546 615 5594 vv
744 5545 1045 5601 μαρμαρφο

503 5545 963 5671 ampyestishaee
984 5602 1162 5667 ἀετός,
1187 5603 1371 5671 aquila
1406 5604 1725 5658 vocabatur.
1762 5602 2011 5658 Grzecum

430 5667 757 5731 ἀετίζουσαν
788 5669 1022 5726 obscure
1066 5667 1273 5729 dicitur
1327 5685 1383 5729 et
1433 5676 1520 5728 vix
1568 5680 1747 5744 potest
1779 5676 2010 5745 exprimi

690 4614 838 4669 Loco
878 4614 975 4667 xui.
1026 4612 1199 4683 magis
1232 4611 1532 4682 quadraret
1575 4613 1847 4667 articulus
1886 4612 2017 4667 τῶν.
2056 4618 2099 4673 1)
2124 4614 2229 4668 nisi
2256 4613 2409 4669 dicas
2442 4611 2872 4683 aquilissanum.
2902 4610 3175 4683 Subsidia
3217 4611 3310 4665 hic
3338 4610 3500 4683 venit
3532 4610 3731 4683 Conti-

2123 4695 2276 4740 nuat.
2317 4700 2371 4754 p.
2396 4681 2635 4739 Hiedit.
2659 4683 2837 4754 Paris.
2862 4682 2957 4736 ubi
2984 4682 3053 4737 de
3077 4681 3268 4754 eadem
3294 4696 3352 4754 re
3374 4681 3543 4754 ᾁετὸν
3571 4682 3732 4754 τοῦτο

2124 4750 2373 4808 καλοῦσι.
2395 4754 2629 4824 Symeon
2656 4752 2789 4824 Log.
2822 4769 2924 4824 pro
2954 4753 3274 4824 άετίζουσαν
3292 4750 3481 4824 "habet
3525 4753 3728 4824 ἐκλάμ·

2124 4772 2373 4808 καΑουσι.
2395 4772 2629 4824 bymeon
2656 4772 2733 4806 L0
2754 4772 2789 4806 ν.
2822 4772 2921 4822 pro
2954 4772 3481 4816 αετιςουσανἬαυει
3525 4772 3728 4818 εκΑαμο

2124 4843 2355 4886 πουσαν,
2416 4841 2470 4893 p.
2525 4824 2653 4884 402.
2701 4772 2838 4879 edit.
2904 4823 3080 4893 Paris.
3144 4822 3567 4876 Ἐκδιδύσκεται
3633 4822 3729 4891 τὴν

2124 4896 2330 4966 ἐσθῆτα
2357 4892 2429 4965 ἢν
2448 4894 2782 4966 ἐπεϐέϐλητο
2813 4892 3105 4966 ῥοδοειδέσι
3159 4893 3351 4966 χρόαις
3392 4893 3726 4966 έκλάμπου·

2127 4962 2477 5033 σανίΝοιίψο
2499 4965 2619 5019 sine
2642 4966 2699 5016 ὲν
2723 4965 2875 5017 δυσὶν
2903 4965 3094 5027 etiam,
3128 4962 3276 5033 quod
3304 4963 3358 5016 in
3392 4962 3723 5027 Nostroest,

2124 5052 2225 5090 nec
2259 5037 2393 5089 satis
2413 5042 2639 5105 apparet
2671 5050 2959 5105 quorsum.

2129 5176 2170 5231 Ρ
2199 5106 2309 5187 (1.7)
2331 5101 2568 5161 Cedren.
2597 5121 2651 5175 p.
2673 5101 2779 5160 285
2795 5104 2931 5159 edit.
2960 5101 3419 5171 Paris;Zonaras
3456 5103 3567 5158 118
3587 5103 3721 5158 edit.

2173 5191 2302 5230 aris.

2173 5191 2302 5230 arts.

2211 5246 2412 5318 (l8)rF.
2435 5246 2638 5302 excidit
2662 5247 2761 5309 εἰς.
2789 5245 2939 5318 Sym.
2964 5244 3097 5315 Log.
3132 5261 3182 5315 p.
3212 5244 3317 5318 402
3361 5244 3502 5318 editi.
3543 5245 3722 5318 Paris.

2129 5318 2197 5373 de
2221 5314 2436 5371 'eadem
2496 5333 2576 5380 re,
2606 5314 2972 5385 νεωτερισμόν
3002 5314 3147 5367 τιναί
3177 5316 3310 5384 παρ’
3332 5316 3508 5368 αὑτοῦ
3558 5314 3724 5384 (male

2130 5389 2229 5458 ibi)
2265 5389 2549 5458 παραυτὰ;
2587 5387 2693 5441 hoc
2720 5387 2857 5443 alias
2890 5387 3128 5458 dicatur)
3162 5385 3384 5438 ἔσεσθαι
3407 5388 3594 5455 αὐτῷ.

2233 5458 2316 5518 19)
2349 5458 2407 5511 F.
2435 5458 2643 5513 excidit
2674 5458 2754 5511 έν.

2202 5526 2314 5598 (21))
2360 5528 2684 5583 Continuat.
2722 5546 2778 5599 p.
2834 5530 2923 5592 l3,
2980 5536 3037 5584 et
3066 5528 3304 5584 Cedren.
3341 5544 3401 5599 p.
3430 5526 3545 5583 485
3585 5526 3719 5599 edit.

2122 5602 2297 5657 Paris.
2327 5629 2394 5639 -—-
2428 5598 2777 5653 Δείκνυντὰι
2813 5602 2917 5654 Ἴσ.
2942 5600 3209 5654 δύνονται.
3244 5598 3568 5654 REINItsms.
3603 5598 3724 5654 Non

2124 5674 2311 5743 inepte
2338 5669 2589 5740 quidem,
2619 5670 2715 5727 sed
2749 5681 2956 5742 praeter
2984 5671 3399 5726 necessitatem.
