4028 6226
249 212 366 277 1033
1559 203 1606 261 Β
1614 200 1815 263 EGUM

1915 202 2001 261 [Β.
2046 200 2127 261 lI.
3330 198 3466 264 1034

245 322 416 392 ἀνδρὸς
466 318 648 383 ἑάλω,
700 319 767 391 ἢν
828 318 1059 372 ὑπέθετο
1117 311 1572 385 καταπράξασθαι
1620 312 1797 383 τούτῳ

1915 329 2031 368 reus
2063 313 2169 367 fuit
2214 313 2414 376 factus,
2468 312 2537 367 ad
2566 313 2710 382 quod
2762 315 3188 384 perpetrandum
3226 316 3475 373 hortatus

245 411 536 484 Νικηφόρος
583 413 611 465 ὁ
652 410 953 482 τηνικαῦτα
1010 410 1070 462 τὸ
1119 408 1427 479 βασιλεύειν
1487 405 1694 476 λαχὼν,
1718 402 1795 475 τῷ

1915 420 2029 462 tum
2091 402 2270 459 fuerat
2324 404 2666 475 Nicephorus
2707 405 2804 460 illo
2850 414 3099 476 tempore
3156 407 3473 476 imperator,

246 503 479 576 Βαρδάνῃ
512 501 820 572 βασκαίνων
853 502 940 554 διά
976 500 1075 570 τὴν
1132 497 1442 569 προσοῦσαν
1488 500 1799 563 καλοκαγα-

1915 497 2136 552 Bardani
2184 496 2433 551 invidens
2477 507 2701 567 propter
2752 497 2969 551 insitam
3022 499 3072 554 ci
3118 499 3473 568 probitatem.

245 594 349 649 θίαν
369 591 553 663 αὑτῷ”
572 590 792 660 φεύγων
816 590 873 643 δὲ
900 589 999 659 τὴν
1029 590 1123 641 ἐτι).
1138 591 1204 659 τῇ
1238 587 1456 658 μοιχείᾳ
1486 583 1794 655 δίκην(9ι),

1915 593 2049 647 Reus
2095 599 2276 644 autem
2316 588 2493 645 factus
2530 590 2757 646 crimine
2794 589 3074 657 adulterii,
3102 590 3245 659 quod
3284 607 3479 662 perpe-

244 687 301 758 ἢν
332 681 782 755 καταπράξασθαι
822 680 922 750 μὲν
953 679 1244 751 ἐπειράθη,
1273 680 1373 733 οὐκ
1429 679 1507 740 είς
1539 677 1701 747 ἔργον
1742 676 1799 729 δὲ

1915 692 2048 737 Lrare
2104 684 2326 752 quidem
2375 690 2604 737 conatus
2644 682 2841 744 fuerat,
2876 682 2972 737 sed
3022 682 3075 737 in
3138 692 3319 738 actum
3366 701 3478 740 non

245 777 436 847 προέϐη
469 777 603 848 (92),
660 776 739 837 είς
782 772 982 842 Συρίαν
1006 773 1239 841 ἀπέδρα.
1288 772 1399 825 Καὶ
1427 768 1640 839 πρῶτον
1702 766 1801 837 μὲν

1915 775 2217 839 devenerat,
2245 776 2299 830 in
2333 774 2545 845 Syriam
2588 774 2851 844 profugit.
2878 775 2956 829 Ac
2982 776 3216 845 primum
3254 778 3477 846 quidem

244 868 330 939 τὴν
364 869 440 930 είς
492 864 724 936 Χριστὸν
772 863 1069 933 ἐξήρνηται
1131 863 1339 923 πίστιν,
1366 860 1462 914 καὶ
1494 859 1684 929 χρόνον
1710 874 1803 909 συ-

1915 862 2067 918 lidem
2098 865 2154 917 in
2186 862 2461 919 Christum
2483 863 2776 933 abnegavit
2801 881 2814 916 :
2843 863 2967 918 dein
3000 880 3124 919 cum
3154 866 3287 921 satis
3316 867 3480 937 longo

243 959 356 1032 χνὺν
380 959 436 1010 ὲν
471 956 653 1018 αὐτοῖς
692 955 977 1026 διατρίψας
1002 954 1134 1025 (95),
1167 952 1300 1004 ὡσεὶ
1326 949 1365 1004 ε’
1399 951 1493 1003 καί
1521 947 1568 1003 κ’
1597 949 1801 1019 παρελ-

1915 963 2147 1025 tempore
2184 954 2329 1010 inter
2356 955 2508 1023 ipsos
2553 953 2876 1016 habitasset,
2915 954 3119 1024 elapsis
3147 957 3257 1025 jam
3285 955 3479 1027 viginti

245 1049 497 1118 κυσθῆναι
518 1047 823 1111 ἐνιαυτοὺς,
847 1045 1017 1114 ψευδῆ
1063 1045 1250 1114 φήμην
1282 1041 1461 1113 ἑαυτῷ
1495 1042 1802 1111 περιποιεῖ-

1915 1047 2147 1117 quinque
2176 1046 2355 1113 annis,
2376 1046 2565 1102 falsam
2590 1046 2787 1100 famam
2808 1045 2912 1100 sibi
2933 1047 3189 1117 acquirit,
3208 1046 3481 1104 Constan-

1907 1137 2079 1193 tinum
2097 1151 2156 1191 se
2168 1151 2287 1191 esse
2304 1135 2585 1199 dictitans,
2605 1135 2757 1189 illum
2786 1133 2986 1189 Leonis
3004 1144 3060 1190 et
3078 1136 3266 1191 lrenes
3282 1136 3478 1193 filium.

1904 1228 1974 1281 At
2008 1226 2055 1281 is
2095 1236 2319 1297 propter
2351 1241 2564 1280 morum
2587 1226 2993 1296 improbitatem
3019 1234 3074 1283 et
3094 1228 3269 1283 oculis
3288 1238 3345 1284 et
3379 1229 3482 1284 im—

1905 1319 2063 1389 perio
2095 1319 2324 1374 orbatus
2368 1319 2564 1382 fuerat,
2615 1334 2679 1373 ac
2726 1336 2835 1374 non
2878 1318 3052 1374 multo
3077 1330 3221 1391 post,
3264 1330 3324 1375 ut
3377 1322 3481 1376 im-

244 1414 515 1484 βασιλείας
562 1413 851 1484 ἐστέρηται
899 1413 994 1467 καὶ
1044 1410 1103 1475 ὲξ
1147 1411 1452 1481 ἀνθρώπων
1510 1409 1804 1480 ἠφάνισται

1915 1406 2064 1478 perio
2119 1407 2418 1472 exciderat,
2465 1423 2495 1462 e
2541 1408 2723 1463 medio
2782 1408 3029 1463 sublatus
3076 1409 3201 1474 fuit,
3252 1412 3486 1467 cadaver

248 1506 378 1572 μετὰ
414 1500 588 1572 βραχὺ
612 1501 708 1570 τῆς
731 1502 1079 1565 ἐκπτώσεως,
1124 1500 1218 1553 καὶ
1250 1502 1279 1553 ὁ
1320 1500 1473 1553 τοῦδε
1514 1498 1707 1568 νεκρὸς
1752 1496 1807 1552 ἐν

1915 1505 2093 1551 autem
2125 1498 2235 1569 36
2276 1500 2394 1569 ejus
2426 1499 2608 1554 loculo
2646 1498 2964 1569 impositum
3007 1501 3060 1554 in
3103 1501 3338 1571 quodam
3383 1519 3484 1558 au-

248 1612 350 1647 τινι
402 1592 668 1663 κατετέθη
727 1593 873 1663 σορῷ
921 1593 1042 1645 τότε
1083 1592 1193 1645 τῶν
1239 1594 1296 1646 ὲν
1338 1594 1403 1663 τῇ
1450 1590 1808 1662 βασιλευούσῃ

1915 1589 2109 1660 gustali
2176 1589 2541 1661 imperatoria:
2594 1591 2769 1646 urbis.
2833 1592 2940 1647 Iste
2998 1607 3130 1647 vero
3188 1594 3486 1649 sceleratus

248 1684 528 1753 σεμνείων.
586 1683 727 1736 Ἀλλ’
753 1684 845 1750 ὅγε
898 1683 1239 1752 παλαμναῖος
1289 1677 1446 1747 οὗτος
1477 1683 1615 1755 ἀνὴρ
1669 1682 1809 1753 μετά

1915 1678 2077 1734 homo
2119 1694 2244 1735 cum
2284 1680 2427 1749 apud
2455 1680 2755 1737 Saracenos
2796 1682 3028 1748 viveret,
3077 1683 3487 1752 pollicitationi-

247 1774 572 1845 Σαρακηνῶν
604 1772 802 1838 διαζῶν
838 1773 969 1843 (96),
1008 1774 1330 1842 ὑποσχέσεσι
1382 1774 1606 1836 τούτους
1646 1773 1805 1827 ἐπαίο

1915 1769 2015 1824 bus
2059 1769 2192 1829 istos
2225 1771 2562 1838 sollicitavit,
2596 1788 2653 1828 se
2688 1772 3037 1828 tributarium
3078 1773 3185 1828 illis
3212 1774 3484 1830 facturum

252 1881 331 1934 ρει
352 1864 395 1897 ⁸⁸
425 1864 727 1933 λαμπραῖς,
785 1863 859 1924 ὡς
892 1863 1126 1935 ὑποτελῆ
1179 1865 1428 1934 ποιήσειν
1478 1864 1659 1929 αὐτοῖς
1708 1866 1808 1934 τὴν

1915 1861 2284 1916 Romanorum
2338 1862 2653 1931 imperium,
2698 1863 2741 1917 si
2790 1871 2846 1917 et
2887 1864 3171 1934 pecunias,
3221 1874 3485 1933 quantum

244 1157 325 1193 ται
353 1139 463 1210 (9i)
494 1138 907 1192 Κωνσταντῖνον
943 1132 1080 1189 εἶναι
1114 1136 1277 1189 αὑτὸν
1308 1133 1697 1203 εἰσηγούμενος
1712 1131 1803 1184 τὸν

243 1234 463 1293 Λέοντος
518 1230 614 1282 καὶ
680 1230 937 1298 Εἰρήνης.
1002 1221 1169 1291 Οὗτος
1204 1226 1260 1280 δὲ
1290 1224 1403 1297 (95)
1443 1226 1550 1296 ἄρα
1576 1223 1665 1277 διὰ
1707 1222 1805 1293 τὴν

247 1322 543 1394 μοχθηρίαν
574 1321 684 1374 τῶν
714 1319 931 1392 τρόπων
958 1319 1094 1389 μετά
1127 1319 1239 1371 τῶν
1267 1316 1562 1389 ὀφθαλμῶν
1593 1314 1806 1384 καὶτῆς

1913 1949 2068 2014 satis,
2100 1958 2157 2003 et
2186 1951 2489 2005 exercitum
2532 1951 2794 2005 idoneum
2839 1952 2905 2005 ad
2945 1968 3065 2005 eam
3105 1968 3220 2007 rem
3267 1956 3319 2007 ei
3350 1971 3492 2023 prae-

1912 2039 2097 2094 beant.
2142 2041 2211 2094 Et
2253 2056 2383 2096 ecce
2432 2041 2620 2111 petitis
2658 2042 2867 2111 potitus
2918 2057 3042 2096 mox
3084 2043 3488 2113 expeditionem

1912 2127 2143 2198 suscipit
2187 2128 2243 2182 in
2288 2129 2601 2185 Romanos:
2630 2130 2857 2201 ad0ptat
2901 2132 3062 2186 etiam
3116 2144 3339 2202 propter
3371 2149 3490 2188 ma-

1912 2216 2255 2286 gnitudinem
2291 2232 2475 2272 rerum
2520 2229 2923 2286 susceptarum,
2952 2210 3122 2274 ﬁlium
3164 2222 3492 2279 homuncio-

1912 2322 2039 2363 nem
2092 2304 2385 2378 quemdam
2434 2304 2868 2364 semibarbarum
2901 2321 3115 2374 nactus,
3153 2326 3278 2366 cum
3322 2316 3490 2371 animi

1914 2398 2266 2468 improbitate
2296 2407 2353 2453 et
2380 2400 2620 2453 amentia
2663 2400 2829 2453 etiam
2874 2400 3121 2469 corporis
3147 2408 3204 2455 et
3235 2402 3496 2458 deformi-

1915 2496 2026 2546 tate
2045 2498 2101 2546 et
2117 2492 2329 2546 caeteris
2357 2492 2715 2558 laborantem,
2734 2500 2899 2561 atque
2928 2491 3309 2548 Constantium
3336 2495 3497 2565 jubet

1916 2580 2208 2650 appellari,
2264 2595 2501 2650 cumque
2550 2588 2763 2651 partem
2809 2580 2859 2635 ei
2895 2572 3296 2636 Saracenorum
3337 2599 3497 2640 exer-

1917 2670 2060 2726 citus
2084 2671 2419 2736 tradidisset,
2454 2682 2578 2727 cum
2609 2673 2703 2727 illo
2736 2672 2790 2726 in
2824 2673 3195 2727 Romanorum
3226 2674 3495 2730 ditionem

260 1953 539 2024 Ῥωμαίων
560 1954 756 2024 ἀρχὴν,
790 1954 837 2006 εί
870 1958 964 2007 καὶ
989 1955 1250 2024 χρήματα
1285 1956 1446 2009 ἱκανὰ
1500 1956 1592 2008 καὶ
1648 1973 1805 2028 στραο

249 2046 336 2098 τὸν
396 2046 691 2115 ἀξιόχρεων
737 2046 877 2099 δοῖεν
926 2047 1064 2116 πρὸς
1092 2046 1152 2098 τὸ
1191 2045 1353 2117 ἔργον
1385 2047 1551 2117 αὐτῷ.
1586 2049 1695 2100 Καὶ
1745 2048 1809 2117 δὴ

248 2131 355 2184 τῶν
378 2133 710 2199 αἰτουμένων
743 2131 921 2203 τυχὼν
957 2134 1312 2204 ὲκστρατεύει
1346 2137 1488 2189 κατά
1526 2134 1810 2205 Ῥωμαίων

252 2221 436 2285 εὐθὺς,
468 2225 700 2275 ποιεῖται
716 2223 769 2276 δὲ
794 2224 886 2277 καὶ
914 2223 1004 2277 διὰ
1024 2224 1084 2277 τὸ
1108 2225 1336 2295 μέγεθος
1367 2226 1478 2296 (97)
1505 2226 1612 2279 τῶν
1634 2229 1813 2296 ὲγχει-

258 2314 533 2384 ρουμένων
550 2316 660 2366 υίδν
686 2315 993 2384 ἀνθρώπιόν
1018 2333 1070 2368 τι
1097 2316 1505 2388 μιξοϐάρϐαρον
1534 2317 1809 2389 εὑρηκὼς,

254 2406 390 2475 μετά
422 2406 522 2473 τῆς
572 2405 803 2477 ψυχικῆς
834 2406 946 2479 (98)
988 2407 1327 2480 φαυλότητος
1364 2409 1461 2462 καὶ
1511 2409 1696 2470 ἀνοίας
1731 2407 1812 2460 ἔτι

246 2500 312 2571 δὴ
336 2500 431 2553 καὶ
455 2500 789 2570 δυσμορφίαν
808 2500 1057 2570 σώματος
1079 2500 1377 2571 δυστυχοῦν
1398 2502 1491 2553 καὶ
1516 2498 1687 2553 τᾶλλα
1704 2500 1815 2552 τῶν

245 2592 438 2645 τούτου
459 2608 473 2623 ο
497 2591 526 2644 ὃ
547 2591 609 2662 δὴ
625 2591 669 2622 δ’
690 2592 786 2644 καὶ
807 2591 1185 2645 Κωνστάντιον
1201 2590 1485 2661 ἐπιτρέπει
1511 2589 1605 2643 κα)
1616 2589 1813 2655 εἶσθαι,

244 2682 551 2755 ἀπόμοιραν
576 2699 634 2734 τε
662 2681 839 2751 τούτῳ
893 2681 1226 2753 Σαρακηνῶν
1263 2681 1669 2752 στρατεύματος
1694 2679 1818 2744 δοὺς

246 2775 346 2827 σὺν
372 2774 521 2844 αὑτῷ
543 2774 621 2836 εἰς
644 2774 713 2826 τά
754 2774 1041 2844 Ῥωμαίων
1072 2774 1345 2828 είσσάλλει
1398 2773 1526 2846 ἢθη.
1555 2772 1706 2827 Λέων
1759 2770 1815 2825 δὲ

1919 2764 2181 2834 impetum
2228 2762 2377 2819 facit.
2418 2755 2529 2819 Leo
2572 2766 2665 2820 illo
2705 2773 2950 2835 tempore
3007 2775 3128 2821 erat
3177 2766 3496 2837 imperator,

240 2862 366 2915 τότε
390 2863 584 2934 καιροῦ
626 2862 831 2916 τούτων
882 2858 951 2933 ἦν
982 2862 1254 2933 βασιλεὺς,
1292 2864 1320 2917 ὁ
1354 2864 1534 2936 Βάρδα
1576 2864 1676 2933 μὲν
1720 2862 1815 2918 τοῦ

1919 2854 2109 2911 Bal-da:
2150 2856 2377 2927 quidem
2421 2856 2632 2927 patricii
2678 2857 2846 2924 ﬁlius,
2875 2848 2971 2913 sed
3002 2874 3175 2926 genus
3203 2859 3413 2915 ducens
3432 2877 3499 2916 ex

241 2954 541 3023 πατρικίου
573 2952 711 3017 υίὸς,
747 2954 805 3019 ἐξ
842 2955 1143 3024 Ἀρμενίων
1170 2956 1227 3007 δὲ
1268 2954 1520 3025 κατάγων
1546 2956 1606 3009 τὸ
1638 2956 1814 3021 γένοςσ

1919 2952 2219 3043 Armeniis:
2252 2952 2387 3007 Cum
2417 2962 2597 3007 autem
2624 2952 2717 3007 hic
2744 2968 2855 3007 non
2881 2969 3075 3023 magna
3113 2969 3241 3009 cura
3273 2955 3496 3026 dignum

238 3046 307 3098 οὐ
365 3043 674 3113 πολυωρίας
724 3044 782 3097 δὲ
831 3044 1071 3109 ἀξιώσας
1114 3047 1173 3099 τὸ
1234 3049 1464 3116 ὲπιφυὲν
1525 3047 1815 3118 Ῥωμαίοις

1916 3025 2254 3100 ειὶεῑίηιοτὲι
2306 3045 2599 3098 imminens
2645 3032 2909 3098 Romanis
2956 3045 3180 3110 malum,
3218 3055 3502 3117 extempo-

239 3136 420 3190 κακδν
472 3136 608 3206 (99).
676 3136 963 3205 σχεδιάσας
1022 3138 1081 3190 δὲ
1144 3138 1347 3209 πλῆθος
1414 3139 1817 3210 στρατεύματος

242 3228 427 3297 βραχὺ
442 3224 487 3258 ⁵⁸
505 3227 596 3279 καὶ
612 3226 965 3297 καθηγεμόνα
992 3228 1328 3299 στρατιώτην
1354 3229 1602 3301 μᾶλλονῆ
1624 3247 1822 3300 στρατ·

238 3316 389 3384 ηγὸν
445 3315 743 3384 ἐπιστήσας
804 3317 947 3368 κατὰ
1000 3316 1173 3386 Θωμᾶ
1226 3318 1566 3371 ἀποστέλλει.
1596 3321 1706 3373 Καὶ
1754 3322 1821 3394 δὴ

236 3404 364 3459 τῶν
418 3404 841 3474 στρατευμάτων
890 3406 1215 3478 ἀμφοτέρων
1247 3410 1633 3479 συμπεσόντων
1662 3412 1825 3483 ἀλλή-

234 3497 367 3556 λοις
404 3494 547 3549 κατά
569 3513 623 3549 τι
651 3496 761 3549 τῶν
793 3497 851 3549 ὲν
873 3499 941 3567 τῇ
976 3500 1051 3568 ἕῳ
1079 3497 1315 3570 χωρίων,
1348 3501 1532 3553 πταίει
1565 3502 1663 3571 μὲν
1686 3505 1713 3555 ὁ
1733 3498 1824 3556 τοῦ

237 3585 520 3654 βασιλέως
593 3586 820 3656 στρατὸς
894 3589 989 3640 καὶ
1043 3591 1145 3658 είς⁴
1176 3591 1354 3660 φυγὴν
1400 3592 1691 3662 τρέπεται·
1739 3596 1827 3647 ἐπ’

228 3676 439 3740 ἀδείας
467 3676 543 3747 (1)
592 3678 649 3729 δὲ
695 3679 723 3731 ὁ
766 3679 1082 3748 ἀποστάτης
1119 3681 1406 3752 γενόμενος
1460 3684 1636 3741 πάντα
1691 3686 1828 3756 πρὸς

230 3770 545 3839 ἀνίσχοντα
573 3769 724 3841 ἥλιον
749 3771 1029 3843 ἐπιτρέχει
1068 3774 1327 3846 καὶπρὸς
1367 3774 1487 3845 βίαν
1532 3777 1600 3831 τὰ
1634 3778 1827 3832 ἑαυτοῦ

1915 3138 2014 3192 rali
2064 3153 2232 3207 opera
2285 3128 2506 3207 collegit
2542 3152 2835 3191 numerum
2890 3136 3171 3206 copiarum
3217 3139 3495 3210 exiguum.

1917 3227 2285 3296 impositoque
2314 3226 2394 3281 eis
2434 3227 2596 3292 duce,
2630 3234 2727 3280 aut
2773 3227 3024 3297 gregario
3070 3228 3255 3297 potius
3298 3231 3496 3285 milite.

1920 3335 2081 3389 quam
2107 3318 2268 3384 duce,
2303 3327 2492 3373 contra
2520 3308 2783 3373 Thomam
2816 3319 2984 3373 misit.
3026 3319 3093 3373 At
3121 3322 3501 3377 concurrenti-

1922 3412 2029 3467 bus
2062 3411 2320 3480 utrinque
2358 3408 2693 3466 exercitibus
2733 3409 2877 3479 apud
2910 3409 3170 3479 oppidum
3227 3411 3503 3480 quoddam

1925 3507 1980 3560 in
2012 3500 2259 3567 Oriente,
2294 3500 2536 3556 vincitur
2560 3492 2909 3570 imperatoris
2938 3501 3210 3555 exercitus
3241 3509 3405 3571 atque
3447 3504 3504 3557 in

1926 3596 2106 3665 fugam
2148 3592 2402 3647 vertitur.
2434 3588 2682 3660 Cumque
2714 3591 2833 3645 sine
2865 3598 3013 3645 metu
3051 3599 3198 3645 esset
3229 3591 3503 3659 desertor,

1925 3703 2025 3758 per
2057 3692 2228 3739 totum
2254 3678 2533 3737 Orientem
2564 3675 2919 3751 grassabatur
2946 3694 3246 3752 omnesque
3269 3682 3323 3736 vi
3347 3698 3506 3754 coge-

1926 3780 2022 3835 bat
2054 3792 2276 3835 suarum
2305 3791 2425 3830 esse
2450 3774 2708 3843 partium.

230 3863 494 3915 ποιεῖται
527 3862 766 3931 φρονεῖν.

302 3950 401 4008 οὐ
427 3952 564 4007 πολὺ
618 3953 675 4007 δὲ
740 3954 801 4007 τὸ
847 3957 904 4007 ὲν
941 3954 1092 4025 μέσῳ
1115 3955 1216 4025 (2),
1259 3956 1355 4010 καὶ
1388 3958 1607 4029 Μιχαὴλ
1633 3960 1815 4014 Λέοντι

2002 3958 2115 4012 Nec
2172 3955 2346 4011 multo
2394 3954 2684 4026 interjecto
2736 3961 2981 4024 tempore
3035 3950 3262 4011 Michael
3325 3956 3510 4010 Leone

228 4047 476 4119 φονεύει
498 4046 595 4099 καὶ
631 4044 731 4115 τὴν
764 4044 1037 4115 βασιλείαν
1093 4048 1394 4119 ἐκδέχεται.
1442 4050 1500 4103 ’0
1525 4050 1581 4103 δέ
1609 4068 1671 4120 γε
1708 4069 1815 4105 στα-

1932 4047 2226 4104 interfecto
2258 4046 2546 4118 imperium
2582 4038 2836 4123 suscipit.
2872 4040 3135 4116 Princeps
3161 4056 3342 4102 autem
3365 4048 3511 4101 sedi-

227 4144 493 4212 σιάρχης
526 4138 750 4208 Θωμᾶς,
803 4138 879 4203 ὡς
912 4140 986 4210 μὴ
1029 4141 1308 4212 ἀρχούσης
1361 4141 1511 4213 αὐτῷ
1546 4144 1646 4214 τῆς
1695 4145 1815 4198 κατε

1934 4142 2099 4197 tionis
2137 4140 2395 4204 Thomas,
2431 4138 2493 4194 ut
2523 4139 2613 4194 cui
2645 4156 2754 4194 non
2776 4147 2923 4195 esset
2963 4140 3095 4195 satis
3124 4139 3230 4210 37
3260 4139 3511 4194 obtinere

224 4233 347 4303 γῆν
394 4227 761 4299 ἐπικρατείας
826 4230 1012 4299 σχεδὸν
1058 4231 1296 4302 ἀπάσης,
1344 4233 1444 4305 ἤδη
1474 4233 1535 4286 τὸ
1583 4234 1815 4288 ναυτικὸς

1934 4243 2137 4289 terram
2175 4231 2290 4287 fere
2339 4245 2581 4293 omnem.
2605 4231 2769 4285 etiam
2804 4229 3241 4285 remnauticam
3290 4229 3512 4284 univer-

220 4327 396 4381 ἅπαν
427 4321 494 4375 τὸ
516 4320 621 4373 ὑπὸ
658 4318 964 4389 Ῥωμαίους
1007 4319 1066 4373 ὃν
1090 4322 1188 4393 (5),
1221 4324 1362 4393 πλὴν
1398 4323 1490 4377 τοῦ
1549 4322 1815 4394 βασιλικοί

1935 4341 2049 4382 sam
2090 4326 2483 4391 Romanorum,
2515 4324 2740 4393 excepta
2782 4322 2955 4378 classe
2986 4320 3077 4376 illa
3105 4337 3227 4392 quae
3273 4322 3511 4391 impera-

219 4416 573 4488 κληθέντος,
597 4410 963 4477 ὑποποιεῖται,
989 4414 1082 4466 καὶ
1118 4413 1250 4477 ναῦς
1291 4418 1548 4480 πλείστας
1576 4416 1650 4488 (4)
1695 4435 1815 4471 ναυ-

1934 4416 2073 4473 toria
2108 4416 2417 4481 dicebatur,
2461 4415 2518 4469 in
2559 4430 2711 4470 suam
2760 4422 3086 4485 potestatem
3140 4412 3370 4484 redegit,
3413 4429 3514 4467 na-

214 4506 518 4577 πηγήσας
572 4500 766 4569 ἑτέρας
795 4499 943 4553 σίτου
972 4515 1032 4553 τε
1087 4506 1493 4574 παραπομποὺς
1523 4508 1617 4559 καὶ
1649 4507 1815 4561 imum

1936 4525 2141 4580 vesque
2185 4510 2452 4580 plurimas
2508 4508 2806 4563 fabricatus
2847 4506 2982 4560 alias
3033 4505 3217 4561 tritico
3255 4513 3311 4561 et
3355 4506 3515 4576 equis

213 4600 328 4661 τάς
366 4614 441 4650 τε
478 4592 961 4662 πολεμιστηρίους,
996 4593 1197 4658 ταύτας
1236 4595 1377 4648 κατά
1398 4595 1602 4649 Λέσϐον
1627 4598 1812 4651 κελεύε

1939 4599 2248 4670 portandis,
2280 4597 2508 4654 bellicas
2551 4598 2704 4663 item,
2735 4594 2879 4668 apud
2918 4594 3157 4651 Lesbum
3194 4593 3514 4667 exspectare

1534 4691 1771 4748 νΑῆιιΕ
1800 4693 2209 4750 LECTIONES.

307 4785 365 4818 “
404 4782 634 4849 τούτοις
669 4783 876 4855 ἐξαίρει
904 4780 967 4838 L.
1042 4783 1085 4815 "’
1115 4782 1204 4855 δὴ]
1232 4784 1289 4837 δὲ
1316 4783 1379 4843 L.
1445 4786 1490 4819 ⁸⁸
1530 4786 1590 4841 οὐ
1630 4787 1799 4857 βραχὺ
1836 4789 1898 4843 L.

1424 4879 1668 4937 STEPH.
1703 4881 2048 4939 BEBGLERI
2089 4884 2325 4939 ΝΟΤᾹ..

2018 4978 2137 5051 (97)
2159 4972 2321 5051 Cant.
2358 4996 2411 5049 p.
2443 4978 2533 5051 55,
2571 4978 2708 5034 Zon.
2732 4993 2788 5049 p.
2819 4976 2948 5032 157.

2014 5049 2125 5120 (98)
2165 5049 2323 5120 Com.
2354 5065 2410 5119 p.
2438 5050 2527 5104 55.

2018 5115 2336 5190 (99)Αο901.
2358 5115 2425 5190 ρ.
2459 5120 2549 5190 55,
2572 5118 2741 5175 Cedr.
2764 5134 2831 5190 rp.
2867 5115 2991 5173 50L

2044 5186 2293 5260 “Cedr.
2335 5182 2674 5260 p'.‘50|,ubi
2718 5182 2901 5260 ἁδείας
2936 5182 3132 5260 ⁸ίυχιῦν.

2044 5194 2095 5257 1)
2128 5194 2293 5245 Cedr.
2335 5204 2393 5260 p.
2423 5194 2548 5251 501,
2580 5194 2674 5243 ubi
2718 5194 2901 5249 ἁδείας
2936 5194 3132 5253 τυχών.

2016 5194 2090 5327 (2)
2119 5259 2279 5314 Cont.
2314 5274 2369 5329 p.
2405 5258 2494 5321 55,
2520 5259 2660 5315 Zon.
2690 5274 2745 5329 p.
2782 5258 2906 5319 156,
2939 5253 3101 5329 Cedr.
3151 5269 3222 5329 p._
3237 5251 3364 5313 199.
3395 5251 3520 5307 500.

2019 5324 2098 5397 (5)
2130 5330 2235 5385 Alii
2272 5324 2485 5383 addunt
2527 5324 3141 5398 etiam'imperatpriam
3176 5324 3428 5398 classem,
3461 5330 3521 5377 ut

1946 5391 2111 5455 Cedr.
2137 5415 2194 5470 p.
2224 5400 2348 5463 501,
2382 5408 2438 5454 et
2460 5398 2595 5470 zon.
2621 5415 2676 5469 p.
2711 5391 3104 5470 157',_ctCout.
3125 5409 3181 5464 p.
3212 5395 3281 5449 55
3306 5393 3363 5448 in
3392 5391 3518 5457 fine,

1948 5471 2041 5525 ubi
2068 5468 2216 5539 apud
2243 5470 2407 5525 istum
2441 5469 2536 5521 τοῦ
2567 5468 2889 5539 θεματικοῦ.

2019 5536 2287 5596 ιιγεοηι.
2320 5555 2374 5610 p.
2405 5539 2558 5609 55in
2592 5536 2719 5592 ﬁne.

321 4976 438 5044 91)
482 4972 643 5046 Cedr.
674 4990 731 5046 p.
754 4974 880 5039 499,
907 4972 1065 5046 Cant.
1083 4988 1157 5046 p.
1192 4975 1282 5030 55.

321 4988 438 5044 91)
482 4988 643 5029 bear.
674 4990 731 5046 p.
754 4988 880 5039 sua,
907 4988 1157 5099 uent.
1194 4988 1282 5030 na.

321 5048 437 5117 92)
478 5044 627 5116 Sym.
656 5046 789 5117 Log.
817 5060 874 5116 p.
917 5044 1079 5117 412,”
1117 5059 1267 5117 eorg.
1304 5044 1535 5117 Mon.ﬁp.
1573 5047 1694 5101 511.
1735 5046 1843 5102 Sed

198 5115 455 5201 ϐυξιιζ-
477 5115 536 5201 p.
578 5117 668 5181 55,
698 5115 835 5201 πρὸς
869 5116 994 5178 τοὺς
1029 5115 1086 5179 ἐξ
1116 5116 1317 5187 Ἀγαρ,
1352 5125 1407 5171 et
1432 5115 1593 5172 Cédr.
1627 5133 1682 5186 p.
1715 5117 1840 5182 499,

202 5188 806 5260 πρὸςξλὲγαρηνούξτ

290 5251 441 5331 (93)
475 5251 725 5325 Ctanth.
761 5255 850 5317 55,
878 5251 1040 5309 Cedr.
1064 5269 1122 5324 p.
1153 5255 1275 5311 499.
1784 5328 1788 5332 _

292 5329 462 5401 (94)_
485 5324 649 5401 Cont_.
680 5341 737 5395 p.
791 5322 1081 5401 55,,96012
1116 5340 1168 5394 p.
1197 5326 1323 5401 499,
1365 5325 1500 5382 Zon.
1542 5325 1742 5401 _p_.4l56
1783 5341 1841 5380 in

292 5342 442 5401 (94)
485 5342 649 5383 bunt.
680 5342 737 5395 p.
791 5342 877 5385 oo,
916 5342 1080 5391 year.
1116 5342 1168 5394 p.
1197 5342 1323 5389 433,
1365 5342 1500 5382 'LOD.
1641 5342 1660 5381 1

195 5398 585 5475 ﬁne.__Sy{n.
618 5395 835 5475 Log.'p.
867 5392 1241 5475 412ςλῧθοτε.
1272 5396 1417 5452 Μοη.
1442 5414 1507 5475 p.
1578 5398 1660 5453 H.

287 5416 367 5456 ne.
419 5414 585 5468 aym.
618 5414 835 5520 Logcp.
867 5414 1241 5475 sudaueorg.
1272 5414 1507 5524 51011.8.

287 5469 437 5543 (95)
508 5465 713 5543 Nempe
800 5473 1144 5519 onstantmus
1198 5482 1383 5524 verus.
1479 5483 1511 5523 0

190 5536 421 5615 083,17:
455 5552 523 5615 9.:
556 5536 679 5615 ‘99'

281 5610 436 5682 (96')
456 5602 644 5661 'Cont.
672 5620 727 5674 p.
762 5605 852 5671 55,
880 5602 1040 5660 Cedr.
1074 5619 1127 5672 p.
1156 5604 1277 5662 499.

561 5697 837 5757 Ριτιιοι..
888 5694 1006 5754 Gn.
1055 5694 1219 5759 CIX.

1515 5477 1594 5526 nt.
1643 5483 1698 5538 p.
1745 5467 1835 5532 55,

3063 5691 3141 5748 33
