4028 6226
542 248 679 312 1035
1807 242 2119 302 JOSEPHI
2162 240 2474 303 GENESII
3685 238 3829 302 1036

528 360 725 433 jubet:
765 358 883 427 ipse
926 365 1109 411 autem
1156 369 1282 410 cum
1323 353 1634 407 innumeris
1687 352 1861 418 copiis
1895 360 2119 422 occupat

2240 352 2417 424 μένειν
2437 350 2603 406 αὐτόν
2639 348 2749 422 (5)·
2797 350 2826 403 6
2855 349 2911 404 δὲ
2975 348 3091 418 ἅμα
3144 348 3321 419 μυρίῳ
3358 348 3422 419 δή
3457 365 3565 402 τινι
3601 351 3831 422 στρατῷ

528 460 730 508 tretum
770 449 918 504 inter
950 448 1171 503 Sestum
1194 455 1252 499 et
1280 444 1555 516 Abydum.
1594 444 1843 514 Cumque
1874 444 2119 499 Pseudo-

2239 443 2649 514 καταλαμϐάνει
2709 442 2801 496 τὸν
2857 441 3061 513 μεταξὺ
3115 439 3324 511 Σηστοῦ
3355 442 3400 472 ⁸⁸
3434 442 3531 493 καὶ
3590 442 3830 496 Ἀὃύδου

528 544 923 608 constantium,
975 556 1140 611 quem
1197 539 1558 611 adoptaverat
1623 539 1679 593 in
1738 538 1935 605 ﬁlium,
1998 554 2119 595 cum

2238 537 2501 609 πορθμὸν,
2535 535 2679 591 κατὰ
2700 534 2870 591 νώτου
2912 536 2971 589 δὲ
3005 535 3180 589 λιπὼν
3220 534 3416 588 ἑαυτοῦ
3442 535 3519 605 (6)
3566 536 3666 589 τὸν
3689 537 3829 605 ψευ-

526 639 765 695 maxima
818 633 1175 691 multitudine
1227 648 1257 687 a
1302 641 1460 703 tergo
1514 630 1851 701 reliquisset,
1898 647 1963 686 ea
2003 645 2117 700 qua

2239 630 2658 685 Βοκωνστάντιον
2704 629 2801 683 καὶ
2874 629 3173 699 ποιηθέντα
3230 628 3347 680 υἱον
3406 626 3526 697 ἅμα
3586 631 3830 703 μεγίστῃ

526 734 645 803 ipse
679 729 926 785 nondum
966 732 1295 797 occupasset
1331 732 1389 781 et
1418 725 1630 795 reliqua
1661 733 1845 780 essent
1875 740 2117 795 pergras-

2239 724 2529 795 δυναστείᾳ
2579 723 2688 778 τῶν
2739 720 3308 795 προκατειλημμένων
3346 720 3500 792 αὐτῷ
3532 722 3602 775 τὰ
3656 721 3830 777 λοιπὰ

496 880 499 883 λ
526 822 634 878 sari
663 820 841 893 jubet.
884 820 992 875 Iste
1019 833 1190 888 porro
1220 818 1532 873 daemonum
1587 817 1814 873 monitis
1846 826 1902 871 et
1936 817 2081 871 vatic

2237 815 2603 886 καταδραμεῖν
2626 815 2933 886 ἐπιτρέπει.
2956 813 3238 882 Δαιμόνων
3262 812 3319 864 δὲ
3351 811 3429 883 (7)
3460 815 3733 885 είσηγήσε
3746 833 3828 867 σιν

525 914 637 969 niis
681 913 955 983 impulsus
1004 920 1224 981 tempus
1262 920 1318 966 et
1381 911 1528 965 diem
1580 910 1833 981 praedicit
1884 908 2116 964 convivi:

2236 901 2390 970 οὗτος
2425 907 2519 959 καὶ
2551 905 2835 976 μαντείαις
2890 905 3135 974 ήγμένος
3184 902 3380 974 χρόνου
3436 905 3662 975 ἡμέραν
3714 909 3827 971 τοῖς

525 1005 646 1061 suis
686 1021 797 1075 quo
842 1004 1257 1074 imperatoriam
1317 1004 1517 1058 urbem
1569 1012 1720 1059 esset
1758 1002 2116 1078 .ingressuru:

2240 998 2541 1069 συμπόταις
2564 999 2826 1069 προλέγει
2864 996 2986 1051 καθ’
3024 997 3168 1067 ὂντῇ
3216 995 3577 1067 βασιλευούσῃ
3637 1000 3831 1069 προέλ-

535 1113 660 1152 cum
690 1096 865 1167 gloria
890 1094 1131 1165 quadam
1166 1092 1457 1148 ineffabili.
1488 1094 1720 1164 Jamque
1751 1093 1993 1148 instante
2018 1103 2126 1148 sta-

2239 1089 2314 1143 θοι
2349 1088 2501 1141 πόλει
2549 1090 2605 1142 ὲν
2634 1089 2864 1161 ἀρρήτῳ
2898 1088 3026 1159 δόξῃ
3058 1086 3195 1139 τινί·
3250 1086 3349 1158 ἤδη
3412 1086 3470 1139 δὲ
3500 1087 3602 1156 τῆς
3629 1088 3830 1158 κυρίας

528 1198 653 1246 tuto
694 1190 788 1244 illo
822 1189 934 1254 die,
973 1188 1031 1243 in
1074 1187 1294 1243 Olbiani
1337 1186 1649 1241 exercitum
1694 1184 1923 1251 incidit;
1974 1186 2119 1256 cujus

2236 1180 2501 1249 ἐνστάσης
2550 1179 2722 1249 αὐτῆς
2770 1179 2847 1250 τῷ
2889 1179 2997 1233 ὑπὸ
3041 1177 3133 1231 τὸν
3176 1178 3454 1231 ὐλὸιανὸν
3500 1181 3827 1249 περιπίπτει

523 1283 788 1350 impetum
811 1294 935 1333 cum
964 1278 1034 1333 ad
1056 1281 1217 1333 breve
1246 1286 1459 1333 tantum
1493 1287 1714 1346 tempus
1740 1277 2105 1332 sustinuisset

2238 1270 2472 1343 στρατῷ,
2534 1266 2598 1324 οὗ
2647 1272 2783 1345 πρὸς
2843 1272 3016 1342 βραχὺ
3054 1269 3130 1341 μὴ
3179 1270 3422 1337 ἐνεγκὼν
3477 1271 3581 1341 τὴν
3648 1274 3827 1343 ὁρμὴν

460 1434 484 1455 κ
522 1375 705 1444 fugam
766 1370 963 1441 arripit
1021 1370 1322 1439 statimque
1382 1369 1620 1439 capitur.
1663 1370 1907 1440 Ejusquc
1966 1385 2051 1438 cat

2237 1364 2432 1434 φεύγει
2462 1381 2521 1418 τε
2553 1366 2648 1419 καὶ
2670 1363 2871 1428 εὐθέως
2922 1363 3224 1418 ἁλίσκεται.
3257 1364 3369 1417 Καὶ⁸
3423 1364 3526 1434 τὴν
3580 1365 3826 1434 κεφαλήν

484 1452 496 1505 ἶ
521 1465 778 1537 egregius
826 1464 917 1519 ille
973 1462 1243 1517 Olbianus
1292 1470 1635 1532 amputatum
1674 1461 1845 1515 mittit
1894 1459 2071 1530 imper

2234 1458 2398 1512 αὐτοῦ
2452 1459 2482 1510 ό
2535 1459 2778 1527 γενναῖος
2840 1456 3133 1519 Ὀλϐιανὸς
3186 1455 3437 1527 ἐκτεμὼν
3492 1457 3708 1526 πέμπει
3748 1458 3825 1528 τῷ

523 1559 632 1614 tori
698 1556 993 1613 Michaeli:
1029 1556 1135 1611 iste
1187 1563 1381 1610 autem
1445 1554 1636 1609 rebelli
1685 1560 1741 1608 et
1805 1551 1947 1622 patri
2012 1551 2113 1605 fals

2239 1550 2452 1621 βασιλεῖ
2476 1552 2699 1623 Μιχαήλ
2721 1569 2733 1581 ο
2769 1553 2797 1605 ό
2828 1552 2884 1605 δὲ
2910 1552 2988 1623 τῷ
3029 1550 3308 1623 στασιώτῃ
3334 1550 3538 1620 ταύτην
3564 1554 3662 1604 καὶ
3690 1552 3824 1620 dsu-

521 1650 765 1707 nominis
797 1648 1143 1705 transmittit.
1188 1647 1300 1704 Sed
1323 1649 1370 1703 is
1408 1646 1547 1702 nihil
1587 1662 1619 1701 a
1655 1645 1938 1700 dementia
1965 1643 2112 1698 remi-

2238 1647 2472 1717 δωνύμῳ
2503 1647 2578 1716 (8)
2611 1646 2933 1700 ἀποστέλλει
2962 1646 3155 1716 πατρί.
3204 1644 3344 1697 Ἀλλ’
3374 1639 3521 1706 οὗτος
3541 1646 3649 1713 μὲν
3665 1646 3822 1699 οὐδέν

521 1743 615 1808 sit,
658 1757 855 1797 verum
903 1756 1013 1796 una
1064 1755 1190 1794 cum
1231 1741 1409 1795 classe
1452 1755 1484 1793 a
1536 1738 1717 1793 Lesbo
1764 1735 2043 1801 veniente,
2075 1751 2104 1790 e

2233 1757 2286 1793 τι
2315 1705 2415 1808 τῆς
2444 1705 2710 1802 ἀπονοίας
2740 1740 2951 1808 ἠφίετο,
2995 1705 3110 1790 ἀλλ’
3141 1737 3257 1808 ἅμα
3312 1735 3387 1807 τῷ
3415 1705 3566 1807 vain};
3602 1736 3822 1791 Λέσϐο-

521 1834 639 1902 ipse
669 1832 1065 1904 hippaginibus
1117 1838 1301 1896 utens,
1352 1839 1515 1887 nocte
1556 1830 1853 1885 observata
1892 1828 2112 1889 illuni,:

2235 1829 2327 1885 θεν
2379 1832 2569 1901 ἥκοντι
2609 1831 2823 1901 στόλῳ,
2889 1830 2984 1884 καὶ
3008 1830 3171 1892 αὐτὸς
3216 1830 3410 1883 ναυσὶν
3468 1830 3823 1897 ἱππαγωγοῖς

523 1923 802 1977 maritimo
840 1924 1080 1993 quodam
1108 1924 1311 1993 oppido
1341 1922 1490 1992 quod
1529 1922 1598 1978 ab
1638 1922 1787 1976 illius
1814 1921 1924 1976 loci
1953 1919 2114 1973 homi

2234 1922 2604 1994 κεχρημένος,
2632 1922 2803 1975 νύκτα
2822 1923 3199 1991 διασκοπήσας
3220 1920 3508 1991 ἀσέληνον,
3534 1920 3598 1972 ὲκ
3638 1920 3818 1990 παρά-

529 2015 696 2069 nibus
766 2023 995 2069 vocatur
1063 2013 1431 2077 Horcosium,
1475 2015 1532 2069 in
1588 2014 1825 2069 diversis
1884 2013 2120 2070 Thracia

2234 2015 2325 2069 λου
2358 2015 2546 2068 τοπίου
2601 2014 2745 2078 τινος
2774 2014 2801 2067 ὃ
2830 2013 2896 2084 δὴ
2943 2014 3080 2082 πρὸς
3103 2013 3211 2066 τῶν
3239 2012 3531 2083 ἐγχωρίων
3567 2011 3816 2066 καλεῖται

522 2108 662 2178 locis
712 2109 854 2163 clam
900 2106 1118 2179 appulit
1181 2106 1505 2175 invenitque
1557 2105 1803 2164 Thraces
1839 2106 2113 2160 universos

2263 2109 2547 2177 υρκόσιον,
2579 2106 2850 2176 πολλαχοῦ
2883 2104 3207 2177 περαιοῦται
3231 2105 3331 2174 τῆς
3361 2105 3591 2176 Θρᾴκης
3616 2104 3815 2165 λαθὼν,

537 2200 647 2255 sibi
676 2200 962 2265 addictos;
1014 2196 1268 2269 quamvis
1294 2197 1622 2266 imperator,
1653 2208 1780 2251 cum
1811 2194 1956 2249 fama
1986 2210 2128 2253 nun_

2233 2198 2411 2269 εὑρὼν
2441 2201 2491 2230 ⁵ο
2516 2199 2580 2267 δὴ
2620 2198 2828 2259 πάντας
2864 2197 3085 2269 Θρᾷκας
3113 2197 3423 2267 κατηκόους
3454 2195 3628 2265 αὐτῷ,
3646 2196 3820 2249 καίτοι

522 2292 686 2346 tiaret
746 2289 1013 2345 rebellem
1070 2287 1311 2343 navibus
1380 2286 1638 2358 trajicere
1715 2285 1917 2340 fretum
1982 2285 2113 2356 aput

2232 2289 2325 2342 τοῦ
2360 2289 2624 2358 βασιλέως
2655 2291 2753 2361 \9),
2814 2292 2903 2343 ὅτε
2952 2290 3016 2360 δὴ
3072 2290 3235 2362 φήμῃ
3269 2288 3613 2360 περιηγγέλη
3643 2292 3688 2321 ’ί
3752 2290 3822 2351 ὡς

521 2381 796 2452 Abydum,
864 2378 1172 2436 exercitum
1243 2377 1529 2447 quendam
1591 2376 1703 2447 38
1764 2377 2112 2447 perexiguun

2231 2379 2497 2434 διαϐαίνει
2521 2383 2712 2434 ναυσὶν
2741 2383 2768 2434 6
2798 2381 3115 2450 ἀποστάτης
3166 2380 3258 2433 τὸν
3289 2380 3434 2434 κατὰ
3454 2383 3556 2448 τὴν
3590 2380 3822 2433 ’Δὸυδον

522 2473 806 2528 eduxisset
857 2480 1049 2527 contra
1112 2485 1240 2526 cum
1292 2480 1349 2525 et
1386 2486 1454 2524 ex
1509 2469 1769 2527 omnibus
1812 2470 2113 2525 civitatibus

2232 2474 2331 2543 τῆς
2389 2473 2665 2545 θαλάττης
2718 2473 2989 2544 πορθμὸν,
3049 2472 3543 2545 ἐνστρατεύσαντός
3589 2490 3652 2525 τε
3699 2492 3804 2527 κατ

523 2563 812 2619 Thracicis
840 2562 1006 2617 ﬁdem
1038 2561 1230 2617 auxilii
1272 2559 1571 2630 praestandi
1622 2569 1678 2613 et
1718 2559 1999 2614 societatis
2039 2576 2114 2615 ac-

2239 2564 2405 2619 αὖτοῦ
2452 2565 2712 2637 ὀλιγίστῳ
2784 2564 3002 2636 στρατῷ
3049 2565 3148 2619 καὶ
3224 2566 3291 2620 ἐκ
3361 2565 3546 2619 πασῶν
3603 2565 3820 2617 πόλεων

523 2655 783 2725 cepisset.
828 2651 937 2707 Sed
985 2651 1107 2707 istis
1146 2666 1267 2706 eam
1327 2648 1756 2720 negligentibus,
1798 2666 1995 2720 magna
2045 2650 2114 2704 in-

2236 2658 2524 2730 Θρᾳκικῶν
2563 2659 2637 2722 ὡς
2672 2658 3092 2728 συμμαχήσουσι
3134 2658 3343 2728 βασιλεῖ
3383 2658 3606 2730 πίστεις
3632 2657 3827 2711 3.0.66»;-

523 2752 807 2801 crementa
830 2744 978 2814 capit
1018 2750 1306 2814 tyrannus,
1346 2741 1436 2797 bis
1488 2741 1658 2797 etiam
1704 2743 1773 2796 ad
1821 2757 1947 2796 eum
1998 2758 2114 2797 con-

2233 2729 2354 2813 τος·
2414 2751 2565 2819 ὅμως
2617 2749 2822 2813 ταύτας
2880 2736 3100 2815 ἁπάσας
3158 2752 3289 2820 παρ’
3352 2729 3509 2803 {om
3580 2749 3824 2818 θεμένων

522 2839 848 2896 ﬂuentibus.
894 2837 1094 2892 Statim
1140 2836 1309 2905 igitur
1355 2836 1661 2906 imperator
1720 2835 1774 2889 in
1808 2836 2003 2889 urbem
2041 2852 2113 2890 re-

2237 2844 2410 2896 αὐτῶν
2436 2843 2573 2913 (10),
2603 2844 2771 2906 πολὺς
2801 2846 2828 2898 6
2852 2843 3124 2913 τύραννος
3163 2845 3430 2912 ἐγεγόνει,
3474 2844 3571 2897 καὶ
3614 2844 3828 2897 τούτων

521 2932 780 2997 vertitur,
837 2938 1004 2999 atque
1054 2936 1117 2983 ut
1164 2928 1373 2984 licebat
1414 2944 1479 2983 ea
1533 2928 1773 2992 ﬁrmata,
1833 2938 2112 2983 terrestres

2238 2936 2625 3006 προσρυέντων
2674 2936 2846 3007 αὐτῷ.
2902 2940 3259 3009 Παραχρῆμα
3303 2938 3332 2988 6
3386 2936 3652 3005 βασιλεὺς
3689 2937 3829 3007 πρὸς

522 3022 689 3079 simul
734 3030 791 3077 et
837 3020 1061 3074 navales
1091 3019 1318 3089 collegit
1374 3017 1564 3088 copias
1614 3032 1680 3072 ex
1723 3018 2113 3074 Orientalibus.

2237 3028 2329 3094 τὴν
2380 3029 2535 3081 πόλιν
2589 3029 2878 3082 ὑπονοστεῖ
2922 3029 3059 3099 (11),
3100 3030 3194 3082 καὶ
3252 3028 3328 3094 ὡς
3400 3029 3531 3097 ἐνῆν
3581 3032 3653 3082 τὰ
3706 3028 3828 3082 κατ’

524 3112 620 3182 qui
672 3119 795 3181 post
849 3110 1159 3166 discessum
1213 3108 1516 3165 desertoris
1562 3111 1675 3181 jam
1730 3108 2115 3181 aliquantisper

2241 3120 2408 3186 αὐτὴν
2440 3122 3267 3189 ἁσφαλέσταταδιαθεὶς,πεζὸν
3314 3124 3431 3191 ἅμα
3484 3124 3582 3177 καὶ
3631 3139 3832 3176 ναυτι-

526 3202 818 3276 tyrannide
850 3201 1069 3258 liberati
1113 3212 1291 3258 erant.
1324 3202 1559 3257 Immisit
1596 3210 1783 3257 autem
1831 3202 2117 3273 imperator

2241 3211 2396 3265 κὺν⁸²
2458 3214 2799 3283 συναθροίζει
2849 3214 3079 3284 στρατὸν
3133 3216 3197 3268 ὲκ
3257 3216 3365 3268 τῶν
3397 3215 3517 3268 κατ’
3544 3216 3832 3284 ἀνατολὴν

523 3300 689 3354 etiam
734 3298 917 3370 ignem
968 3298 1232 3354 bellicum
1280 3298 1540 3364 navibus,
1574 3307 1741 3369 atque
1777 3298 2011 3354 ferream
2040 3314 2114 3353 ca-

2244 3306 2333 3377 ήδη
2366 3306 2459 3359 τοῦ
2508 3306 2818 3361 ἀποστάτου
2849 3308 3307 3377 ὑποχωρήσαντος
3329 3309 3463 3377 πρός
3490 3324 3557 3374 γε
3606 3309 3835 3380 βραχὺν

524 3400 713 3447 tenam
770 3391 839 3446 ab
886 3406 1015 3446 arce
1048 3406 1223 3460 usque
1254 3391 1311 3445 in
1358 3391 1643 3446 castellum
1676 3407 1743 3446 ex
1777 3390 2009 3446 adverso
2036 3407 2115 3446 ex-

2239 3396 2424 3467 χρόνον
2441 3396 2486 3428 ⁸³
2506 3397 2618 3467 (12)
2656 3397 2755 3467 τῆς
2786 3396 3103 3468 τυραννίδος
3125 3397 3593 3468 ἀπηλλαγμένων.
3611 3378 3830 3469 Ἐνίησι

526 3484 728 3547 tendit,
762 3500 831 3538 ne
877 3482 1033 3537 urbis
1066 3483 1235 3574 Keras
1275 3482 1424 3550 quod
1454 3491 1689 3537 vocatur
1735 3483 1796 3547 (i.
1829 3500 1881 3537 e.
1916 3482 2117 3552 Cornu]

2235 3489 2288 3542 δὲ
2318 3488 2571 3559 βασιλεὺς
2602 3490 2695 3542 καὶ
2722 3487 2831 3560 πῦρ
2857 3489 3286 3561 πολεμιστήριον
3320 3492 3443 3553 ταῖς
3486 3492 3655 3545 ναυσὶ
3682 3493 3826 3560 (15),

525 3579 595 3633 ab
652 3578 847 3631 hostili
892 3576 1067 3631 classe
1123 3573 1507 3628 infestaretur.
1554 3574 1729 3629 Porro
1775 3574 2116 3645 Gregorium,

2235 3583 2332 3635 καὶ
2357 3581 2453 3651 τὴν
2476 3582 2702 3653 σιδηρᾶν
2739 3584 2950 3652 σχοῖνον
2975 3583 3071 3636 ἀπ’
3121 3582 3474 3653 ἀκροπόλεως
3524 3583 3698 3652 μέχρι
3727 3584 3826 3639 τοῦ

526 3667 621 3736 qui
652 3667 782 3721 olim
816 3663 1042 3735 quidem
1069 3662 1250 3718 fuerat
1284 3662 1395 3717 dux
1426 3662 1703 3729 militaris,
1731 3662 1828 3719 sed
1864 3664 1919 3717 in
1945 3663 2117 3719 oﬁ‘en-

2234 3673 2467 3743 πέραθεν
2490 3674 2754 3759 φρουρίου
2789 3675 3046 3729 διέτεινεν
3074 3676 3209 3747 (14),
3247 3676 3323 3739 ὡς
3344 3676 3412 3729 ἂν
3440 3676 3504 3728 τὸ
3537 3679 3687 3731 κατὰ
3723 3679 3825 3748 τὴν

526 3758 741 3813 sionem
777 3755 1127 3826 imperatoris
1160 3763 1390 3809 venerat
1420 3763 1585 3826 atque
1616 3754 1687 3810 ob
1713 3754 1768 3809 id
1796 3754 1850 3809 in
1890 3753 2117 3826 Scyrum

2236 3765 2385 3820 πόλιν
2442 3753 2783 3839 καλούμενον
2821 3769 3009 3839 Κέρας
3064 3768 3141 3839 μὴ
3190 3770 3255 3825 ὲκ
3301 3768 3397 3823 τοῦ
3450 3770 3654 3823 στόλου
3714 3773 3827 3824 τῶν

526 3865 693 3906 unam
727 3865 795 3905 ex
836 3848 1166 3919 Cycladibus
1200 3847 1397 3904 insulis
1431 3846 1939 3919 relegatus'fuerat,
1977 3848 2117 3904 hunc

2237 3858 2538 3913 hvrtrroiitwv
2556 3859 2907 3929 πημαίνοιτο.
2935 3860 3235 3931 Γρηγόριον
3266 3858 3380 3931 (15)
3401 3860 3483 3926 δὲ,
3525 3861 3707 3915 πάλαι
3730 3863 3828 3932 μὲν

525 3934 754 4015 inquam
794 3953 990 3999 nactus
1018 3942 1292 4005 desertor,
1335 3948 1529 4014 utpote
1561 3942 1630 3997 ad
1672 3942 1855 4013 ipsum
1898 3957 1957 3997 se
1989 3958 2116 3997 con-

2239 3949 2646 4022 ίρηματίσαντα
2704 3952 3055 4023 στρατηγὸν,
3118 3952 3186 4006 δι’
3248 3952 3428 4016 αἰτίας
3490 3952 3551 4006 δὲ
3604 3953 3830 4023 βασιλεῖ

522 4035 815 4103 ferentem,
847 4034 1075 4107 praeﬁcit
1103 4033 1371 4090 exercitui
1420 4032 1615 4088 decem
1664 4032 1816 4088 mille
1850 4034 2113 4102 virorum,

2235 4045 2489 4115 γεγονότα
2538 4044 2634 4099 καὶ
2690 4044 2780 4097 διὰ
2843 4046 3004 4098 τοῦτο
3055 4045 3137 4108 είς
3198 4043 3451 4114 Σκῦρον,
3517 4046 3655 4114 μίαν
3720 4049 3826 4101 τῶν

523 4137 690 4199 atque
733 4128 883 4183 hunc
912 4142 1314 4197 praecursorem
1365 4141 1527 4181 suum
1572 4125 1844 4181 adversus
1884 4126 2114 4197 impera-

2235 4137 2523 4192 Κυκλάδων
2553 4139 2754 4208 νήσων,
2773 4136 3203 4207 φυγαδευθέντα,
3221 4136 3402 4191 λαϐὼν
3420 4138 3448 4189 6
3470 4138 3826 4210 ἀποστάτης,

524 4219 722 4274 loriam
785 4218 977 4273 urbem
1043 4218 1250 4284 mittit,
1304 4217 1469 4273 simul
1526 4227 1711 4274 autem
1775 4228 1831 4273 et
1890 4220 2115 4274 classem

2237 4224 2318 4279 ire
2349 4223 2413 4294 δὴ
2443 4225 2918 4295 προσχωρήσαντα
2937 4224 3107 4296 αὐτῷ,
3130 4228 3432 4297 χειροτονεῖ
3458 4230 3828 4298 στρατεύμα-

522 4311 920 4380 nauticumque
975 4310 1303 4378 exercitum,
1352 4319 1413 4364 ut
1443 4310 1607 4365 ambo
1646 4310 1841 4365 eodem
1875 4319 2113 4380 tempore

2235 4331 2314 4380 τος
2341 4315 2588 4387 ἡγεμόνα
2620 4317 2834 4389 μυρίων
2883 4318 3116 4389 ἀνδρῶν,
3172 4319 3269 4373 καὶ
3320 4318 3517 4372 τοῦτον
3580 4322 3826 4393 πρόδρο-

521 4402 1039 4472 Constantinopolin
1067 4401 1442 4473 pervenirent.
1478 4401 1537 4456 Id
1571 4402 1719 4472 quod
1770 4402 1882 4458 cito
1919 4402 2112 4457 admo-

2231 4424 2323 4476 μον
2352 4406 2467 4478 (16)
2492 4406 2656 4461 αὐτοῦ
2702 4407 2849 4463 κατὰ
2877 4409 2978 4480 τῆς
3014 4408 3406 4479 βασιλευούσης
3457 4412 3822 4481 προπέμπει,

522 4497 655 4551 dum
702 4495 906 4550 factum
940 4495 1067 4561 fuit,
1095 4511 1222 4551 cum
1268 4496 1660 4553 convenissent
1696 4505 1837 4551 terra
1865 4497 2113 4568 marique

2236 4497 2362 4552 Ξιλλὰ
2390 4497 2455 4569 δὴ
2483 4499 2579 4553 καὶ
2610 4498 2795 4552 στόλον
2829 4500 3097 4555 ναυτίλων
3146 4501 3379 4572 ἀνδρῶν,
3419 4501 3511 4556 τνα
3542 4502 3611 4571 δὴ
3646 4504 3827 4575 ἄμφω

522 4587 597 4643 ad
630 4587 857 4658 Barbysi
909 4587 1061 4642 ﬁuvii
1115 4588 1278 4652 ostia,
1344 4603 1522 4658 neque
1566 4587 1741 4643 ferrea
1795 4586 1886 4642 illa
1921 4599 2113 4644 catena

2230 4589 2366 4642 κατὰ
2396 4589 2593 4643 ταυτὸν
2620 4590 2666 4623 ⁵⁵
2700 4590 2757 4644 ἐν
2779 4593 2845 4662 τῇ
2888 4592 3301 4646 Κωνσταντίνου
3341 4593 3591 4662 γένοιντο
3633 4596 3821 4649 πόλει.

524 4681 785 4737 valuisset
806 4679 1102 4751 prohibere
1120 4680 1418 4735 adventum
1439 4681 1659 4735 navium
1679 4681 1982 4736 hostilium.
2002 4681 2115 4736 Nec

2225 4682 2334 4735 Καὶ
2366 4682 2429 4752 δὴ
2473 4683 2666 4750 γέγονε
2718 4682 2878 4737 τοῦτο
2928 4683 3141 4754 ταχέως
3169 4685 3236 4751 ⁵⁵,
3299 4684 3667 4749 συνελθόντες
3704 4685 3816 4756 (17)

1802 4819 2042 4874 VARIZE
2083 4817 2499 4875 LECTIONES.

627 4912 673 4944 δ’
695 4910 907 4965 σειστοῦ
932 4910 992 4965 L.
1028 4984 1037 4987 _
1148 4910 1491 4987 "firptbvﬁé
1532 4911 1591 4987 L_.
1708 4912 1751 4987 f‘
1793 4912 1952 4987 φήμη
1984 4912 2340 4987 περιηγγέ-λει
2543 4913 2587 4945 ⁸⁸
2618 4915 2801 4987 πεζῷν
2841 4932 2869 4967 ο
2898 4930 3063 4985 supra
3117 4916 3287 4986 script
3340 4917 3458 4987 ἃμα
3492 4917 3589 4970 καὶ
3622 4935 3819 4973 ναυτι-

526 4984 641 5038 κῶν
667 5000 696 5036 ο
726 4998 897 5054 supra
932 4984 1126 5053 script.
1208 4983 1253 5016 ⁸³
1278 4982 1454 5052 βραχὺ
1488 4983 1680 5051 χρόνον
1710 4981 1770 5038 L.
1837 4985 1884 5014 “
1915 4982 2037 5037 κατ’
2067 4983 2309 5036 autin/1..
2393 4984 2438 5015 ⁸⁸
2463 4985 2705 5055 ταχαίως
2739 4986 2800 5039 l..

1782 5122 2026 5187 STEPll.
2062 5126 2409 5184 BERGLERI
2455 5128 2687 5201 Nom}.

595 5224 673 5296 κδ)
709 5225 873 5281 Cedr.
911 5242 965 5297 p.
1004 5223 1126 5280 501.
1177 5224 1297 5280 Non
1326 5233 1553 5295 apparet
1585 5238 1695 5293 quo
1724 5224 1983 5294 respiciat
2010 5225 2107 5278 αὐ·
2284 5226 2396 5297 (ll)
2427 5227 2587 5282 Cont.
2625 5244 2680 5297 p.
2710 5227 2799 5291 '56,
2824 5228 2986 5283 Cctlr.
3024 5243 3081 5296 p.
3109 5227 3231 5282 502.

520 5272 828 5370 τόλίϐρῐιι.
863 5272 1044 5370 ρῖὅίξτ
1124 5366 1149 5370 μ
1207 5367 1219 5370 _
1600 5272 1619 5293 ⁸
1813 5272 1844 5294 Γ
2284 5272 2394 5367 iiii
2434 5300 2513 5353 lta
2540 5272 2688 5353 recite
2712 5272 2838 5363 mi,
2870 5272 3057 5352 nescio
3088 5308 3270 5370 tamen
3308 5286 3437 5365 uuis
3471 5298 3529 5352 in
3559 5300 3804 5370 margine

533 5398 536 5402 ~
699 5367 860 5453 gout.
897 5383 951 5437 p.
1110 5366 1274 5453 (ἔειφ’.
1321 5384 1377 5437 p.
1398 5366 1542 5453 ωερε.
2210 5366 2646 5453 Bosiani‘apogr.
2668 5370 3108 5453 _anno_tavit‘leg.
3140 5369 3370 5439 χρόνω-αι

617 5436 671 5510 ἶ)
700 5436 859 5510 gout.
904 5436 957 5506 p.
991 5439 1079 5501 56,
1113 5438 1275 5493 Cedr.
1303 5436 1358 5508 p.
1394 5437 1518 5491 501.
1559 5508 1569 5510 _
1683 5508 1690 5510 _
1771 5508 1802 5510 υ
1849 5508 1857 5510 _
2289 5442 2404 5507 (13)
2428 5436 2626 5496 Alieno
2666 5441 2784 5494 haec
2817 5441 2939 5495 loco
2970 5440 3045 5495 de
3064 5436 3220 5510 igne.

706 5507 771 5592 Et
796 5508 887 5561 hic
913 5510 1251 5592 contrarium
1278 5506 1398 5592 ejus
1425 5508 1889 5592 qupdqvultdicit
1922 5525 1936 5562 :
1982 5525 2104 5565 nam
2423 5511 2584 5592 gout.
2614 5526 2668 5581 p.
2704 5512 2793 5592 3_6_,
2820 5512 2922 5592 51;
2952 5506 3120 5592 ί]εάτῖ
3136 5511 3375 5592 pn.~502;
3410 5511 3553 5567 Zon.
3590 5528 3641 5581 p.
3674 5512 3795 5565 i321

522 5586 649 5651 non“
665 5584 838 5651 pater,
865 5579 957 5632 sed
1004 5581 1155 5651 ﬁlius
1179 5576 1469 5651 adoptivus
1500 5580 1603 5634 fuit
1624 5579 1998 5651 ψευδώνυμος.
2282 5576 2392 5651 (15)
2429 5582 2589 5637 Cont.
2726 5584 2815 5644 57,
2855 5582 3016 5637 Cezlr.
3047 5600 3100 5651 p.
3134 5576 3257 5635 302.
3592 5576 3608 5581 ’
3808 5576 3811 5583 ’

594 5642 870 5721 (ξιξ-εφη.
918 5666 970 5718 p.
1007 5652 1096 5715 56,
1127 5642 1301 5705 Ccdr:
1327 5667 1382 5721 p.
1410 5652 1534 5705 502.
1639 5642 1650 5649 ’
1879 5642 1891 5651 ’
1959 5642 1970 5645 ⁷
2282 5642 2392 5717 (16)
2422 5652 2580 5706 Cont.
2723 5642 2813 5716 57,
2840 5653 3003 5708 Cetlr.
3132 5653 3255 5707 50:2.

594 5710 709 5783 (to)
742 5710 992 5789 eom.'p.
1026 5710 1115 5788 56,
1157 5710 1343 5775 cedri
1370 5738 1423 5790 ρ.
1457 5722 1579 5776 502.
2282 5710 2391 5791 (ιτ)
2423 5724 2558 5778 ibid.
2598 5710 2683 5777 1'9.
2717 5710 3114 5795 Requireretur
3146 5723 3535 5779 συνελιέντων-
3568 5722 3656 5779 scd
3695 5734 3805 5793 pro
