4028 6226
224 316 289 381 10
305 322 361 386 ιε
1529 325 1812 386 REGUM

1884 327 2002 387 .IB.
2041 325 2125 384 ΙΙ.
3340 323 3475 384 1016

220 432 351 484 ὲσΰα
387 429 550 499 μέγα,
587 448 605 480 ι
659 430 914 501 Ἐλέησόν
943 449 1034 503 με,
1086 432 1302 501 ἀληθῶς
1348 431 1570 502 βασιλεῦ
1603 433 1735 504 (80).
1776 452 1795 486 ι

1903 432 2095 496 vitam,
2133 445 2322 485 mense
2353 428 2576 485 Octobri
2593 431 2705 501 jam
2742 428 2851 501 55
2888 429 3090 485 medio.
3133 427 3251 483 Mox
3296 439 3478 487 autem

232 520 520 591 Ἐρομένου
540 522 605 575 ’δὲ
627 522 719 574 τοῦ
746 523 1014 592 βασιλέως
1043 524 1207 579 αὐτὸν
1252 526 1306 579 εί
1334 542 1479 589 τινες
1523 525 1636 579 εἷεν
1672 542 1799 595 κρυ-

1904 523 2124 593 cognito
2155 522 2419 577 rebellem
2450 521 2823 586 interfectum,
2851 521 3016 576 etiam
3047 522 3398 577 Anastasium
3415 540 3481 580 ex

223 612 363 681 φίως
410 613 815 679 συνεγνωκότες
867 614 968 683 τῆς
1022 616 1288 680 ἀπονοίας
1341 614 1517 685 αὐτῷ,
1555 615 1698 685 τάχα
1730 616 1797 669 ἂν

1905 614 2045 686 Byza
2074 613 2394 669 constrictis
2422 614 2676 668 manibus
2714 614 3057 683 pedibusque
3088 615 3155 668 ad
3186 615 3482 685 imperato-

224 703 434 755 πολλῶν
463 708 686 759 κατεῖπε
714 706 925 776 ψευδῶς
945 707 1057 761 τῶν
1102 708 1401 777 βασιλικῶν
1441 709 1609 777 φίλων
1630 724 1643 737 ο
1679 708 1794 762 ἀλλ’

1905 723 2021 763 rem
2058 707 2363 771 adducunt,
2400 723 2564 776 quem
2595 707 2788 761 eadem
2831 721 2938 776 qua
2968 706 3087 761 falsi
3122 708 3363 765 nominis
3388 725 3486 780 pa.

235 793 487 865 Ἰωάννης
532 797 669 867 ἀνὴρ
698 798 988 868 ἐπίκλησιν
1029 800 1403 865 Ἑξαὸούλλιος
1438 799 1574 871 (81).
1605 800 1662 853 ἐν
1694 817 1799 852 πα-

1029 800 1403 865 Ἐξαὸούλλιος
1438 799 1574 871 (81).
1605 800 1662 853 ἐν
1694 817 1799 852 πα·
1906 808 2047 854 trem
2075 799 2406 854 condemnat
2434 815 2612 867 poena.

220 885 450 953 τρικίοις
496 886 689 956 τελῶν,
718 889 812 942 τὸν
859 891 1124 962 τύραννον
1174 891 1409 962 ἐπέσχεν
1430 894 1632 959 [εἰπεῖν
1659 890 1795 962 (82),
1838 891 2014 961 φήσας
2043 890 2123 961 τῷ
2159 890 2371 959 βασιλεῖ
2401 891 2475 953 ὡς
2504 891 2565 943 οὐ
2603 889 2722 943 δέον
2772 888 2913 942 κατὰ
2970 891 3139 958 φίλων
3197 890 3474 945 πιστεύειν

221 976 457 1047 ἐχθροῖς.
528 980 667 1033 Ἀλλ’
718 983 748 1035 ό
813 983 917 1053 μὲν
976 984 1238 1055 τύραννος
1292 984 1465 1050 οὓτως
1517 985 1796 1056 δυστυχῶς
1830 985 2199 1054 καταστρέφει
2244 985 2335 1038 τὸν
2380 984 2495 1054 βίον
2551 982 2719 1053 μηνὸς
2763 983 3095 1053 Ὀκτωϐρίου
3184 985 3297 1055 (85)
3381 1002 3484 1054 μευ

224 1072 448 1136 σοῦντος
492 1074 627 1145 ἥδηο
678 1075 840 1140 εὐθὺς
880 1077 940 1130 δὲ
987 1079 1081 1131 καὶ
1130 1079 1490 1134 Ἀναστάσιον
1541 1080 1592 1132 οἱ
1637 1079 1686 1111 ⁷⁸
1733 1082 1798 1132 ὲκ
1834 1077 2013 1146 Βύζης
2035 1077 2383 1148 (81),ἐπειδὴ
2406 1078 2499 1129 τὸν
2542 1076 2862 1145 ἀποστάτην
2907 1077 3109 1146 ἔμαθον
3142 1079 3475 1150 ἀνῃρῆσθαι,

222 1169 559 1237 πεδήσαντες
588 1170 776 1237 χεῖρας
814 1170 907 1223 καὶ
939 1170 1104 1234 πόδας
1136 1171 1272 1242 πρὸς
1294 1170 1520 1240 βασιλέα
1543 1167 1886 1240 κομίζουσιν,
1920 1169 2104 1222 ὅντινα
2132 1168 2197 1239 δὴ
2232 1170 2299 1238 τῇ
2366 1168 2502 1237 αὐτῇ
2536 1165 2649 1237 (85)
2706 1166 2799 1219 τοῦ
2860 1167 3220 1238 ψευδωνύμου
3281 1172 3486 1244 πατρὸς

221 1260 578 1322 καταδικάζει
603 1263 785 1331 ποινῇ.
1662 1274 1669 1278 ·

308 1351 462 1404 Ἐπεὶ
489 1350 547 1403 δέ
576 1350 686 1423 (86)
729 1369 872 1415 τινες
896 1353 1007 1405 τῶν
1033 1352 1128 1407 τοῦ
1158 1354 1424 1426 τυράννου
1465 1355 1564 1424 τὴν
1604 1354 1798 1407 καλου-

1978 1350 2253 1406 Caeterum
2299 1346 2523 1417 quidam
2569 1362 2635 1400 ex
2684 1346 2900 1416 tyranni
2953 1347 3178 1402 asseelis
3221 1358 3488 1417 occupata

222 1443 399 1514 μένην
439 1443 639 1496 Πάνιον
688 1444 1051 1513 κατασχόντες
1086 1446 1261 1510 πόλιν,
1308 1446 1434 1515 άρτι
1479 1446 1577 1517 μὶν
1604 1445 1796 1499 τούτου

1906 1441 2045 1497 urbe
2099 1456 2221 1511 qua:
2270 1439 2481 1495 Panion
2544 1439 2778 1504 dicitur,
2815 1454 2972 1505 cum,
3018 1440 3272 1510 quamvis
3323 1441 3489 1495 modo

218 1535 618 1605 ἀπεφθορότος.
654 1536 736 1599 είς
756 1537 818 1590 τὸ
840 1538 1097 1607 πολεμεῖν
1130 1537 1341 1607 βασιλεῖ
1365 1539 1664 1608 διέγνωσαν
1698 1556 1800 1592 καο

1904 1533 2239 1603 interempto
2263 1532 2381 1595 illo,
2413 1531 2623 1586 bellum
2648 1546 2841 1601 gerere
2874 1539 3069 1588 contra
3098 1533 3489 1603 imperatorem

217 1611 509 1696 ταστῆναι,
533 1627 669 1697 πρὸς
696 1628 764 1698 ἦν
789 1627 900 1700 (87)
934 1629 1103 1683 ἐλθὼν
1129 1632 1159 1683 ό
1188 1629 1441 1699 βασιλεὺς
1466 1630 1682 1702 Μιχαὴλ
1702 1630 1798 1685 καὶ

1902 1624 2255 1689 statuissent,
2311 1623 2380 1679 ad
2430 1638 2555 1679 eam
2604 1622 2800 1679 urbem
2854 1624 3136 1693 profectus
3192 1625 3492 1696 imperator

219 1716 419 1784 λόγους
471 1716 782 1787 εἰρηνικοὺς
834 1720 1252 1790 προτεινόμενος
1307 1721 1559 1792 οὐδαμῶς
1619 1720 1796 1775 πείθει

1905 1715 2133 1771 Michael
2179 1728 2467 1772 sermones
2505 1712 2767 1785 paciﬁcos
2807 1716 3157 1785 pretendens
3197 1717 3488 1787 haudqua-

220 1807 559 1862 καταθέσθαι
588 1809 656 1863 τὰ
684 1810 845 1877 ὅπλα,
893 1812 1105 1879 γίνεται
1132 1813 1195 1884 δή
1242 1830 1297 1867 τι
1339 1814 1524 1868 θεόθεν
1570 1816 1799 1887 σημεῖον

1901 1823 2067 1878 quam
2120 1807 2402 1877 persuasit
2455 1814 2518 1860 ut
2566 1821 2720 1861 arma
2770 1805 3132 1877 deponerent.
3190 1809 3276 1863 Fit
3305 1819 3488 1865 autem

217 1903 443 1967 αὐτοῖς·
507 1904 729 1975 σεισμὸς
787 1903 897 1974 γὰρ
946 1905 1177 1974 σφοδρὸς
1225 1906 1287 1959 τό
1328 1924 1386 1961 τε
1433 1909 1611 1977 τεῖχος
1665 1923 1799 1961 κατ-

1901 1900 2170 1956 divinitus
2190 1898 2502 1970 prodigium
2531 1898 2665 1969 ipsis
2691 1916 2705 1953 :
2740 1915 2867 1954 nam
2902 1908 3063 1954 terra:
3104 1908 3287 1954 motus
3318 1902 3486 1957 vehe-

218 1994 386 2049 ἔϐαλε
418 1994 527 2066 (88)
555 1997 778 2059 καὶτοῖς
803 1996 896 2050 τοῦ
922 1995 1186 2065 βασιλέως
1212 1996 1312 2068 τὴν
1328 1998 1406 2061 είς
1432 1997 1584 2050 πόλιν
1596 1997 1798 2051 δέδωκε

1901 2008 2058 2049 mens
2090 1993 2254 2049 simul
2290 2007 2511 2048 murum
2533 1992 2755 2063 deiecit,
2794 2001 2851 2047 et
2878 1994 2946 2048 iis
2971 1994 3065 2063 qui
3093 2010 3220 2049 cum
3250 1995 3490 2064 impera-

220 2085 463 2156 πάροδον
483 2101 498 2117 ο
527 2086 555 2139 ὃ
570 2088 679 2151 τοῖς
710 2087 1132 2156 σεισμοσκόποις
1154 2090 1378 2159 σημεῖον
1398 2090 1588 2158 ἥττης,
1616 2088 1737 2142 ὅθεν
1754 2089 1799 2120 ⁷⁵

1903 2094 2023 2141 tore
2070 2093 2229 2140 erant
2284 2084 2340 2139 in
2397 2083 2591 2139 urbem
2654 2084 3005 2155 ingrediendi
3046 2086 3261 2156 copiam
3313 2088 3484 2143 fecit:

216 2177 522 2247 γεγένηται
567 2178 724 2230 τοῦτο
750 2177 885 2246 (89).
922 2177 1084 2230 Ἀλλά
1119 2178 1184 2247 δὴ
1218 2176 1315 2230 καὶ
1363 2178 1657 2247 Ἡράκλεια
1688 2177 1798 2248 (90)

1901 2177 2051 2248 quod
2098 2175 2630 2245 contemplatoribus
2656 2186 2713 2230 et
2742 2177 3154 2247 coniectoribus
3182 2189 3344 2235 teme
3366 2196 3486 2236 mo-

218 2270 252 2338 ἡ
294 2267 463 2323 πάλαι
499 2268 757 2339 Πέρινθος
786 2268 1114 2338 καλουμένη,
1144 2270 1213 2323 τὰ
1244 2270 1339 2322 τοῦ
1377 2270 1640 2340 τυράννου
1679 2270 1800 2324 λίαν

1902 2279 2059 2325 tuum
2092 2268 2310 2338 signum
2335 2274 2421 2321 est
2456 2267 2651 2333 cladis,
2686 2267 2834 2322 unde
2861 2268 3027 2322 etiam
3056 2267 3111 2321 id
3153 2270 3357 2324 factum
3381 2280 3486 2325 est.

219 2358 480 2419 νοσοῦσα.
549 2359 687 2430 πρὸς
712 2358 833 2430 ίτὴν
870 2359 960 2413 διὰ
1000 2360 1113 2413 τῶν
1168 2360 1262 2414 τοῦ
1312 2360 1578 2429 βασιλέως
1626 2361 1799 2429 λόγων

1902 2358 2045 2424 Quin
2078 2366 2136 2412 et
2162 2355 2446 2417 Heraclea,
2469 2369 2592 2423 qua:
2624 2354 2757 2408 olim
2785 2356 3084 2409 Perinthus
3107 2356 3277 2421 dicta,
3308 2360 3488 2413 rebel-

222 2447 523 2518 θεραπείαν
554 2451 813 2520 ἀντέσχεν
832 2467 845 2480 ο
876 2451 1000 2506 ὅθεν
1052 2452 1117 2522 δὴ
1149 2452 1249 2521 τῆς
1291 2453 1355 2505 ἐκ
1387 2452 1480 2505 τοῦ
1511 2453 1800 2506 θαλαττίου

1904 2446 2072 2499 lionis
2105 2443 2299 2498 morbo
2336 2442 2596 2497 laborans
2620 2442 2689 2496 ad
2716 2443 2886 2497 verba
2916 2444 3265 2513 imperatoris
3287 2447 3486 2502 volun-

226 2540 436 2611 μέρους
465 2541 560 2594 τοῦ
596 2543 811 2611 τείχους
831 2543 1133 2613 ἐπιδρομῆς
1149 2544 1258 2596 τῶν
1292 2543 1589 2612 βασιλικῶν
1608 2561 1802 2614 πειρα-

1908 2544 2075 2590 tatem
2104 2549 2233 2604 erga
2273 2534 2424 2603 ipsos
2452 2535 2794 2589 declarantia
2823 2535 3101 2591 obstinata
3135 2537 3260 2593 fuit.
3296 2537 3485 2609 Itaque

227 2630 386 2687 θεῐσα
429 2634 777 2705 στρατιωτῶν
807 2633 1091 2686 ἀλίσκεταί
1120 2650 1180 2685 τε
1222 2635 1315 2686 καὶ
1346 2634 1447 2702 τῆς
1474 2635 1802 2704 τυραννικῆς

1904 2640 1972 2679 ex
2012 2624 2287 2678 maritima
2314 2632 2470 2693 parte
2508 2626 2654 2679 muri
2689 2625 3063 2682 incursionem
3105 2627 3491 2697 imperatorio-

220 2722 630 2776 ἀπαλλάττεται
673 2723 831 2776 νόσου
896 2722 1174 2792 ἀναιμωτὶ
1222 2722 1476 2789 καθάπαξ
1538 2722 1643 2775 ὑπὸ
1694 2724 1804 2777 τῶν

1905 2733 2026 2771 rum
2058 2725 2285 2786 experta
2329 2718 2601 2781 militum,
2644 2718 2861 2788 capitur
2900 2727 2957 2773 et
3000 2718 3318 2774 rebellionis
3351 2721 3487 2776 libe-

221 2812 487 2868 ἐναντίων
519 2815 788 2883 ληφθεῖσα
806 2814 872 2869 ⁷⁸.
916 2813 1199 2867 Ἐντεῦθεν
1230 2814 1294 2884 δὴ
1334 2815 1592 2885 βασιλεὺς
1626 2819 1803 2871 πάντα

1907 2817 2063 2864 ratur
2106 2808 2303 2863 morbo
2346 2808 2467 2864 sine
2499 2810 2647 2865 caede
2674 2818 2730 2863 et
2758 2810 3022 2880 sanguine
3056 2809 3124 2863 ab
3155 2809 3485 2867 adversariis

222 2906 479 2974 κατήκοα
538 2905 717 2958 λαϐὼν
766 2906 961 2959 ἐαυτοῦ
1005 2906 1141 2977 πρὸς
1190 2906 1289 2977 τὴν
1348 2906 1594 2977 βασιλίδα
1648 2908 1803 2962 πόλιν

1905 2909 2192 2969 occupata.
2244 2899 2385 2956 Hinc
2434 2901 2751 2970 imperator,
2804 2910 3094 2971 postquam
3137 2902 3321 2956 omnia
3379 2902 3485 2961 sibi

221 2991 535 3057 ΰπονοστεῖ,
582 2996 677 3048 καὶ
724 2996 957 3067 ἱππικὴν
990 2998 1311 3061 ἐπιτελέσας
1334 2998 1626 3069 ἁμίλλησιν
1647 2998 1802 3052 οὐδὲν

1906 2993 2248 3064 subjeeerat,
2308 2995 2364 3049 in
2427 2993 2844 3063 imperatoriam
2912 2994 3109 3049 urbem
3165 2991 3481 3057 revertitur.

219 3084 529 3153 ἀνήκεστον
572 3087 683 3156 (9|)
722 3089 836 3149 τοῖς
872 3086 1195 3151 στασιώταις
1240 3092 1498 3153 ποιεῖται,
1540 3090 1679 3161 πλὴν
1707 3089 1803 3143 τοῦ

1903 3084 2305 3153 celebratisque
2354 3084 2504 3140 ludis
2562 3084 2902 3139 circensibus
2956 3086 3161 3139 nullam
3219 3087 3482 3141 saevitiam

220 3152 329 3226 διά
353 3175 524 3245 μέσης
548 3152 644 3243 τῆς
666 3152 1037 3249 -ἰπποδρομίας
1074 3176 1153 3241 είς
1181 3180 1250 3232 τὰ
1281 3180 1455 3233 ὀπίσω
1486 3152 1802 3251 δεδεμένους

1907 3181 2129 3227 exercet
2168 3173 2225 3227 in
2265 3173 2536 3237 rebelles,
2587 3173 2693 3227 nisi
2748 3182 2807 3227 ut
2859 3190 2955 3242 per
2998 3175 3237 3230 medium
3276 3176 3483 3233 circum

221 3260 333 3322 τὰς
358 3265 545 3332 χεῖρας
569 3266 724 3327 ἰέναι,
756 3266 849 3318 καί
878 3284 1027 3329 τινας
1046 3267 1209 3329 εὐθὺς
1238 3268 1578 3335 φυγαδεῦσαι
1598 3270 1799 3322 αὐτῶν.

1909 3265 2164 3320 manibus
2212 3274 2338 3335 post
2375 3273 2523 3334 terga
2556 3265 2756 3319 vinctis
2791 3265 2967 3329 irent,
2998 3275 3055 3319 et
3080 3267 3191 3338 46
3218 3269 3485 3338 quosdam

222 3351 347 3406 Καὶ
375 3352 519 3408 οὕτω
549 3356 870 3426 θριαμϐεύει
908 3357 1007 3425 τὴν
1033 3357 1211 3425 νίκην.

1908 3372 2098 3412 eorum
2142 3357 2325 3412 statim
2381 3358 2436 3411 in
2462 3356 2715 3411 exsilium
2747 3364 2951 3427 ageret.
2979 3357 3156 3427 Atque
3189 3359 3269 3414 sic
3292 3360 3486 3416 trium-

1909 3448 2096 3519 phavit
2118 3450 2189 3504 ob
2223 3449 2529 3504 victoriam.

308 3534 437 3589 Ἐπὶ
464 3537 656 3606 χρόνου
684 3539 725 3569 ⁷⁷
763 3537 873 3609 (92)
924 3540 980 3592 δὲ
1012 3542 1071 3592 ἐν
1113 3533 1158 3605 ᾧ
1192 3541 1499 3594 ἀποστασία
1528 3542 1800 3611 προδεδή-

1978 3540 2247 3609 Tempore
2281 3549 2463 3593 autem
2492 3556 2602 3608 quo
2639 3539 2870 3593 rebellio
2917 3540 3139 3596 Thomas
3198 3540 3482 3613 grassaba-

215 3644 313 3679 κει
345 3628 377 3695 ἡ
408 3626 598 3695 Θωμᾶ,
627 3628 797 3691 ἀδεῶς
823 3630 931 3683 ἀπὸ
968 3629 1246 3692 Ἱσπανίας
1292 3632 1583 3701 Ἀγαρηνοὶ
1610 3631 1799 3702 ἐδῄουν

1905 3637 2016 3690 tur,
2072 3629 2307 3697 Agareni
2354 3630 2633 3699 Hispanici
2684 3645 2878 3685 secure
2922 3634 2997 3698 et;
3027 3632 3259 3687 licenter
3302 3641 3484 3687 vasta-

212 3718 322 3788 τὴν
358 3717 688 3786 Ῥωμαῖτιδα
733 3719 837 3787 γῆν
864 3720 964 3772 σὺν
1005 3721 1136 3773 δέκα
1189 3722 1566 3791 περικαμπέσι
1612 3723 1795 3786 ναυσὶ,

1904 3720 2037 3774 bant
2066 3720 2366 3775 Romanam
2393 3720 2661 3775 ditionem
2691 3736 2815 3776 cum
2852 3721 3044 3777 decem
3091 3724 3345 3778 rotundis
3382 3739 3481 3779 na-

214 3807 368 3861 κατά
402 3809 459 3861 δέ
502 3825 653 3872 τινας
686 3816 754 3875 κ’,
789 3810 978 3881 τρόπῳ
1018 3810 1207 3881 τοιῷδε
1236 3828 1249 3842 ·
1283 3812 1675 3882 Προσώχθισαν
1728 3814 1795 3883 τῇ

1899 3811 2084 3877 vibus,
2110 3820 2205 3865 aut
2236 3812 2540 3865 secundum
2562 3812 2700 3866 alios
2728 3812 2944 3882 viginti,
2970 3813 3071 3869 hac
3099 3816 3314 3871 ratione
3339 3835 3351 3871 :
3381 3816 3479 3872 Of-

213 3898 381 3971 χώρᾳ
414 3899 594 3953 αὐτῶν
622 3898 710 3953 διὰ
748 3900 809 3953 τὸ
852 3902 927 3970 μὴ
962 3901 1225 3971 πιοτάτην
1266 3901 1533 3970 ὑπάρχειν
1570 3901 1665 3953 καὶ
1705 3900 1797 3953 εὖ·

1900 3901 2273 3957 fendebantur
2319 3917 2419 3956 sua
2463 3903 2719 3973 regione,
2762 3904 2909 3972 quod
2951 3921 3058 3960 non
3090 3918 3237 3964 esset
3264 3910 3483 3981 pinguis

212 4007 418 4061 φορον,
458 3991 552 4044 καὶ
592 3990 726 4061 πρὸς
781 3990 893 4061 (95)
949 3990 1041 4045 τὸν
1104 3992 1348 4063 ἀρχηγὸν
1410 3991 1591 4045 αὐτῶν
1646 3986 1801 4044 εἷπον

1902 4009 2007 4048 nec
2025 3993 2243 4058 fertilis,
2264 4002 2428 4064 atque
2451 3994 2517 4049 ad
2544 3995 2739 4050 ducem
2771 4012 2931 4051 suum
2957 4000 3305 4070 Apocbapsin
3331 4002 3484 4056 dixe-

238 4082 540 4153 Δπόχαψιν
597 4082 731 4152 (94).
771 4100 789 4133 ι
846 4078 1019 4153 ’Δρον
1070 4084 1219 4153 ἡμᾶς
1265 4082 1373 4137 τῶν
1410 4080 1663 4137 ἐντεῦθεν
1706 4081 1802 4136 κα)¹

1904 4093 2070 4139 runt:
2108 4103 2125 4136 ι
2164 4085 2316 4139 Tolle
2363 4100 2465 4139 nos
2504 4084 2633 4140 hinc
2663 4092 2719 4142 et
2757 4088 2939 4144 abduc
2980 4090 3033 4142 in
3074 4090 3368 4145 fecundum
3392 4106 3480 4146 so-

207 4174 483 4242 άπάγαγε
514 4177 593 4238 είς
636 4175 848 4243 εὔγειον
879 4177 1062 4241 τόπον,
1088 4174 1196 4228 ’καὶ
1223 4174 1514 4244 εὐζωῶμεν
1540 4174 1738 4227 ἐκεῖσε.
1775 4192 1793 4224 ι

1904 4175 2043 4241 lum,
2074 4184 2135 4230 ut
2166 4176 2307 4231 bene
2338 4176 2588 4231 vivamus
2626 4177 2757 4233 illic.
2796 4198 2814 4231 ι
2859 4179 3101 4246 Quorum
3132 4182 3314 4235 verbis
3353 4197 3479 4251 per-

204 4256 315 4316 ’Ὡν
364 4264 488 4325 τοῖς
528 4263 712 4332 λόγοις
747 4263 1119 4335 παρακληθεὶς
1169 4264 1431 4329 γενναίων
1460 4262 1667 4332 ἀνδρῶν
1704 4263 1795 4317 καὶ

1908 4275 2090 4321 motus
2139 4267 2380 4321 strenuis
2424 4267 2559 4322 viris
2608 4278 2665 4323 et
2730 4270 2868 4325 bene
2927 4272 3154 4326 annalis
3218 4272 3475 4327 instruxit

206 4353 473 4407 εὐόπ).ων
535 4355 717 4407 στόλον
758 4354 1098 4425 εὐτρέπισεν,
1150 4355 1209 4415 ἐξ
1249 4347 1324 4408 ὧν
1380 4353 1572 4408 πασῶν
1617 4357 1796 4421 νήσων

1904 4358 2155 4417 classem.
2206 4373 2329 4412 cum
2362 4358 2566 4427 quibus
2591 4375 2782 4414 omnes
2824 4360 3028 4417 insulas
3066 4362 3117 4416 in
3154 4372 3475 4432 potestatem

1497 4513 1735 4568 VARIE
1771 4513 2177 4570 LEC'I‘IONES.

276 4607 327 4732 ζ
366 4606 571 4730 oiLom.
601 4606 661 4660 L.
738 4609 781 4639 ⁷⁵
810 4605 957 4677 ὅθεν]
992 4606 1120 4663 fort.
1150 4606 1345 4661 ὁπόθεν
1391 4607 1595 4661 cladem
1623 4609 1735 4677 fore
1758 4627 1908 4680 aqua
1941 4620 2091 4679 parte
2128 4611 2283 4665 ruina
2308 4613 2451 4680 facta
2482 4614 2663 4681 fuerit.
2798 4617 2840 4645 ⁷⁸
2870 4615 3148 4685 λειφθεῖσα
3176 4616 3239 4671 L.
3316 4615 3357 4645 ⁷⁷
3383 4615 3475 4671 ἐπὶ

310 4694 391 4732 νω
469 4714 483 4729 .

199 4694 391 4751 κρονφ
421 4694 483 4730 ιιι

1377 4787 1624 4842 STEPll.
1664 4789 2011 4847 BERGLERI
2038 4793 2271 4851 NOTAE.

436 4908 599 4994 CQM-
632 4925 686 4979 1)-
716 4908 1031 4994 λρέηίίδάθηὶ
1065 4908 1177 4963 fere
1214 4906 1417 4962 verbis»
1442 4906 1603 4961 Cedr-
1627 4909 1795 4964 ﬁliam
1830 4914 1873 4970 D
1977 4915 2087 4983 (89)
2120 4914 2591 4994 llomo_miriﬁcus.
2614 4917 2918 4994 ld_q_uide_m
2943 4918 3026 4994 vel
3047 4930 3263 4994 sutores
3286 4924 3469 4994 conje-

204 4998 264 5052 p.
296 4978 704 5055 _5:07,_Zou.p.
733 4980 863 5055 158.
916 5048 929 5055 _
1068 5047 1102 5055 _
1373 5046 1463 5055 ,μ
1514 5045 1547 5055 η
1753 5052 1761 5055 _
1897 4978 2304 5055 ctu‘ra'assequi
2334 4996 2610 5055 poterunt,
2644 4989 2690 5042 si
2714 4978 2901 5043 'hostis
2955 4990 3245 5047 intraverit
3284 4978 3470 5049 obsés—

282 5052 407 5121 (81)
448 5049 611 5104 Cont.
642 5046 697 5103 et
725 5049 885 5104 Cedr.
915 5048 955 5101 l.
989 5064 1041 5101 c.
1068 5047 1203 5102 Zon.
1254 5062 1306 5115 p.
1367 5046 1467 5100 159
1513 5046 1612 5100 lin.
1682 5052 1797 5118 pri-
1896 5071 2012 5112 sam
2044 5046 2262 5121 urbem',
2306 5046 2545 5111 u'rbanos
2576 5046 2751 5113 victos
2780 5059 2976 5113 videri.

207 5136 402 5201 mm.-.
445 5188 482 5201 η
570 5199 576 5201 Α
734 5188 781 5201 ..
839 5188 872 5201 ..
1259 5186 1367 5201 η.
1970 5126 2081 5201 eo)
2110 5126 2270 5201 ροιιι-
2306 5143 2360 5197 p-
2393 5127 2482 5201 4:55.
2508 5128 2640 5201 zon-
2668 5144 2721 5197 ρ.
2757 5130 2878 5201 139.
2913 5129 3075 5201 cedr-
3111 5148 3168 5201 ρο
3196 5132 3319 5186 sos.

280 5136 324 5175 ι.
1534 5186 1560 5199 υ
1970 5130 2060 5183 (90
2110 5130 2270 5181 Com.
2306 5143 2360 5197 p.
2393 5130 2482 5189 45,
2508 5130 2640 5182 Zon.
2668 5144 2721 5197 p.
2757 5130 2878 5192 159,
2913 5130 3075 5183 Cedr.
3111 5148 3168 5201 p.
3196 5132 3298 5185 508

280 5190 406 5270 (ἓξ)
440 5188 602 5270 90m.
636 5204 691 5257 p-
721 5188 823 5270 ff;
839 5188 973 5244 Zou.
1008 5203 1060 5258 p.
1092 5188 1212 5252 159,
1255 5186 1419 5243 Cedr.
1448 5201 1502 5253 ρ.
1530 5187 1655 5243 ῡο7ο
2109 5195 2269 5270 (lout.
2304 5214 2358 5267 p.
2384 5197 2474 5270 15,
2508 5198 2642 5270 ζου.
2668 5215 2722 5267 p.
2752 5200 2875 5258 159.
2899 5200 3061 5254 Cedr.
3095 5219 3148 5270 p.
3180 5202 3304 5257 508.

438 5258 600 5340 gout.
633 5275 688 5329 p-
722 5259 877 5340 ξφ...
1099 5329 1192 5340 .-Α
1295 5329 1306 5340 _
1335 5330 1345 5339 _
1378 5331 1414 5340 __
1450 5334 1501 5340 __
1633 5330 1666 5340 ﬂ
1722 5330 1736 5340 _
1970 5258 2081 5340 (9g)
2106 5268 2264 5340 (_lont.
2392 5258 2486 5340 46⁷,
2512 5258 2736 5340 Ζοη.’ρ.
2772 5271 2891 5340 159,
2927 5258 3171 5340 (Ζεότίρ.
3201 5272 3325 5328 508.

281 5328 409 5408 (ss)
448 5327 809 5408 Copt._'p._u,
843 5330 976 5408 ξομ..
1010 5329 1215 5408 p.150.
1254 5329 1345 5383 ubi
1378 5331 1596 5408 signa
1626 5330 1791 5408 Cedr.
1970 5327 2082 5408 (93)
2118 5337 2251 5390 Zon.
2295 5327 2349 5407 ῤ.
2396 5327 2516 5399 159,
2543 5327 2705 5392 Cedr..
2740 5356 2793 5408 p.
2828 5327 2951 5394 δοες.

205 5417 264 5470 p.
492 5398 583 5480 ubi
614 5399 802 5480 itidem
829 5398 1068 5480 .BtCﬁ'qq,
1119 5401 1196 5453 uti
1248 5408 1303 5455 et
1336 5416 1391 5470 ρ.
1415 5398 1541 5457 506'
1566 5406 1618 5457 in
1667 5402 1795 5457 fine.
1972 5398 3468 5480 (95)Estdui(Agarenorumilispanorum.quiet’Aer-

429 5468 596 5553 ραις.
628 5485 663 5538 p
828 5470 1007 5553 initio;
1176 5540 1211 5553 η
1336 5468 1352 5470 “
1462 5544 1552 5553 .-Α
1636 5546 1666 5553 Δ
1724 5546 1737 5553 _
1901 5468 2030 5553 χαψ.
2063 5468 2281 5547 Syllaba
2324 5468 2415 5553 illi
2450 5478 2755 5553 terminalis
2778 5468 3000 5553 additur
3022 5481 3099 5553 ad
3122 5468 3470 5553 distinguen-

431 5538 593 5593 Cont.
648 5556 702 5609 p.
731 5540 801 5594 Η
846 5541 900 5595 in
977 5540 1084 5595 ﬁne
1110 5579 1125 5606 ,
1176 5540 1311 5597 Zou.
1354 5559 1408 5612 p.
1458 5544 1576 5608 l59,
1628 5546 1791 5602 Cedr.
1898 5538 2008 5621 dos
2036 5538 2317 5621 c_a§us,__ut
2348 5548 2401 5621 in
2428 5546 2580 5621 aliis;
2618 5549 2863 5621 ’Δπρχαψ
2891 5552 3033 5620 apud
3060 5550 3222 5607 Cont.
3374 5554 3466 5621 46,

212 5608 492 5690 p.
780 5688 786 5690 _
901 5679 922 5690 ‘
1205 5682 1217 5690 _
1356 5608 1370 5612 ”
1896 5608 3463 5690 et(_1edr.p.;598.Apud_$ym.[Iog:p.'4l5vocatur"Andl

431 5676 643 5759 Eos-uit
666 5688 860 5759 aucto:
896 5679 961 5749 ἢν
997 5682 1345 5759 prof-361mm
1897 5684 2027 5757 χαψ,
2072 5676 2214 5756 apud
2244 5676 2453 5755 Zomp.
2490 5676 2607 5743 159'
2632 5676 2822 5759 Ἀχάψῖ

194 5768 203 5775 ’
278 5746 401 5822 (88)
425 5746 588 5807 Cont.
618 5764 673 5818 p.
704 5750 793 5817 «55,
826 5746 957 5808 Ζοὴ.
1080 5750 1205 5819 159,
1237 5746 1395 5809 Cedr.
1435 5770 1489 5824 p.
1526 5754 1650 5811 508.
