  <div class='ocr_page' id='page_1' title='image "/cluster/home/n/w/nwhite01/storage/ocr_20150623/109/hvd.32044073502312/548.png"; bbox 0 0 4028 6226; ppageno 0'>
   <div class='ocr_carea' id='block_1_1' title="bbox 239 331 372 396">
    <p class='ocr_par' dir='ltr' id='par_1_1' title="bbox 239 331 372 396">
     <span class='ocr_line' id='line_1_1' title="bbox 239 331 372 396; baseline 0 0"><span class='ocrx_word' id='word_1_1' title='bbox 239 331 372 396; x_wconf 72' lang='grc'><strong>1019</strong></span> 
     </span>
    </p>
   </div>
   <div class='ocr_carea' id='block_1_2' title="bbox 1580 344 2154 408">
    <p class='ocr_par' dir='ltr' id='par_1_2' title="bbox 1580 344 2154 408">
     <span class='ocr_line' id='line_1_2' title="bbox 1580 344 2154 408; baseline 0.007 -4"><span class='ocrx_word' id='word_1_2' title='bbox 1580 344 1852 405; x_wconf 82' lang='lat' dir='ltr'><strong>REGUM</strong></span> <span class='ocrx_word' id='word_1_3' title='bbox 1888 346 2035 406; x_wconf 87' lang='lat' dir='ltr'><strong>LIB.</strong></span> <span class='ocrx_word' id='word_1_4' title='bbox 2070 347 2154 408; x_wconf 84' lang='lat' dir='ltr'><strong>II.</strong></span> 
     </span>
    </p>
   </div>
   <div class='ocr_carea' id='block_1_3' title="bbox 3352 355 3488 423">
    <p class='ocr_par' dir='ltr' id='par_1_3' title="bbox 3352 355 3488 423">
     <span class='ocr_line' id='line_1_3' title="bbox 3352 355 3488 423; baseline 0.037 -4"><span class='ocrx_word' id='word_1_5' title='bbox 3352 355 3488 423; x_wconf 85' lang='grc'><strong>1050</strong></span> 
     </span>
    </p>
   </div>
   <div class='ocr_carea' id='block_1_4' title="bbox 235 440 1818 533">
    <p class='ocr_par' dir='ltr' id='par_1_4' title="bbox 235 440 1813 527">
     <span class='ocr_line' id='line_1_4' title="bbox 235 440 1813 527; baseline 0.004 -24"><span class='ocrx_word' id='word_1_6' title='bbox 235 449 338 504; x_wconf 76' lang='grc' dir='ltr'><strong>τῶν</strong></span> <span class='ocrx_word' id='word_1_7' title='bbox 370 446 672 518; x_wconf 79' lang='grc' dir='ltr'><strong>οἰκητόρων</strong></span> <span class='ocrx_word' id='word_1_8' title='bbox 702 447 873 517; x_wconf 79' lang='grc' dir='ltr'><strong>αὐτῆς</strong></span> <span class='ocrx_word' id='word_1_9' title='bbox 916 450 1014 503; x_wconf 74' lang='grc' dir='ltr'><strong>σὺν</strong></span> <span class='ocrx_word' id='word_1_10' title='bbox 1055 449 1339 523; x_wconf 74' lang='grc' dir='ltr'><strong>ἐλευθερίᾳ</strong></span> <span class='ocrx_word' id='word_1_11' title='bbox 1375 455 1549 507; x_wconf 81' lang='grc' dir='ltr'>ποιεῖν</span> <span class='ocrx_word' id='word_1_12' title='bbox 1572 440 1639 508; x_wconf 88' lang='grc' dir='ltr'><strong>τά</strong></span> <span class='ocrx_word' id='word_1_13' title='bbox 1675 456 1813 527; x_wconf 84' lang='grc' dir='ltr'><strong>Χρι-</strong></span> 
     </span>
    </p>
   </div>
   <div class='ocr_carea' id='block_1_5' title="bbox 1916 440 3485 533">
    <p class='ocr_par' dir='ltr' id='par_1_5' title="bbox 1917 457 3485 533">
     <span class='ocr_line' id='line_1_5' title="bbox 1917 457 3485 533; baseline 0.01 -23"><span class='ocrx_word' id='word_1_14' title='bbox 1917 457 2296 528; x_wconf 88' lang='lat' dir='ltr'><strong>Agarenorum</strong></span> <span class='ocrx_word' id='word_1_15' title='bbox 2353 459 2691 515; x_wconf 83' lang='lat' dir='ltr'><strong>incursionis</strong></span> <span class='ocrx_word' id='word_1_16' title='bbox 2720 467 2775 515; x_wconf 89' lang='lat' dir='ltr'><strong>et</strong></span> <span class='ocrx_word' id='word_1_17' title='bbox 2813 464 3233 533; x_wconf 72' lang='lat' dir='ltr'><strong>expugnationis</strong></span> <span class='ocrx_word' id='word_1_18' title='bbox 3267 470 3485 526; x_wconf 84' lang='lat' dir='ltr'><strong>urbium</strong></span> 
     </span>
    </p>
   </div>
   <div class='ocr_carea' id='block_1_6' title="bbox 235 533 1806 617">
    <p class='ocr_par' dir='ltr' id='par_1_6' title="bbox 235 533 1806 617">
     <span class='ocr_line' id='line_1_6' title="bbox 235 533 1806 617; baseline 0.004 -24"><span class='ocrx_word' id='word_1_19' title='bbox 235 538 462 593; x_wconf 82' lang='grc' dir='ltr'><strong>στιανῶν</strong></span> <span class='ocrx_word' id='word_1_20' title='bbox 490 538 797 608; x_wconf 72' lang='grc' dir='ltr'><strong>εἰθισμένα.</strong></span> <span class='ocrx_word' id='word_1_21' title='bbox 824 533 920 591; x_wconf 71' lang='grc' dir='ltr'><strong>’Ὧν</strong></span> <span class='ocrx_word' id='word_1_22' title='bbox 954 541 1065 609; x_wconf 67' lang='grc'><strong>(12)</strong></span> <span class='ocrx_word' id='word_1_23' title='bbox 1096 543 1194 611; x_wconf 81' lang='grc' dir='ltr'><strong>τῆς</strong></span> <span class='ocrx_word' id='word_1_24' title='bbox 1230 544 1530 614; x_wconf 75' lang='grc' dir='ltr'><strong>ἐπιδρομῆς</strong></span> <span class='ocrx_word' id='word_1_25' title='bbox 1550 547 1578 598; x_wconf 81' lang='grc' dir='ltr'><strong>ὁ</strong></span> <span class='ocrx_word' id='word_1_26' title='bbox 1602 547 1806 617; x_wconf 82' lang='grc' dir='ltr'><strong>Θωμᾶς</strong></span> 
     </span>
    </p>
   </div>
   <div class='ocr_carea' id='block_1_7' title="bbox 235 628 1807 703">
    <p class='ocr_par' dir='ltr' id='par_1_7' title="bbox 235 628 1807 703">
     <span class='ocr_line' id='line_1_7' title="bbox 235 628 1807 703; baseline 0.004 -19"><span class='ocrx_word' id='word_1_27' title='bbox 235 630 325 684; x_wconf 77' lang='grc' dir='ltr'><strong>καὶ</strong></span> <span class='ocrx_word' id='word_1_28' title='bbox 355 628 611 693; x_wconf 81' lang='grc' dir='ltr'><strong>ἁλώσεως</strong></span> <span class='ocrx_word' id='word_1_29' title='bbox 636 630 830 695; x_wconf 79' lang='grc' dir='ltr'><strong>αἴτιος,</strong></span> <span class='ocrx_word' id='word_1_30' title='bbox 873 630 1169 701; x_wconf 83' lang='grc' dir='ltr'><strong>Ἀπόχαψις</strong></span> <span class='ocrx_word' id='word_1_31' title='bbox 1192 634 1239 665; x_wconf 81' lang='grc'><strong>⁸⁷</strong></span> <span class='ocrx_word' id='word_1_32' title='bbox 1288 635 1346 689; x_wconf 77' lang='grc' dir='ltr'><strong>δὲ</strong></span> <span class='ocrx_word' id='word_1_33' title='bbox 1388 634 1525 703; x_wconf 80' lang='grc'><strong>(15).</strong></span> <span class='ocrx_word' id='word_1_34' title='bbox 1577 628 1639 689; x_wconf 76' lang='grc' dir='ltr'><strong>οὗ</strong></span> <span class='ocrx_word' id='word_1_35' title='bbox 1677 640 1807 701; x_wconf 85' lang='grc' dir='ltr'><strong>παῖς</strong></span> 
     </span>
    </p>
   </div>
   <div class='ocr_carea' id='block_1_8' title="bbox 236 721 1807 792">
    <p class='ocr_par' dir='ltr' id='par_1_8' title="bbox 236 721 1807 792">
     <span class='ocr_line' id='line_1_8' title="bbox 236 721 1807 792; baseline 0.006 -19"><span class='ocrx_word' id='word_1_36' title='bbox 236 721 329 792; x_wconf 81' lang='grc' dir='ltr'><strong>μὲν</strong></span> <span class='ocrx_word' id='word_1_37' title='bbox 365 721 579 791; x_wconf 76' lang='grc' dir='ltr'><strong>Σαῖπης</strong></span> <span class='ocrx_word' id='word_1_38' title='bbox 611 722 896 791; x_wconf 70' lang='grc' dir='ltr'><strong>ἐτύγχανε,</strong></span> <span class='ocrx_word' id='word_1_39' title='bbox 933 724 1139 777; x_wconf 82' lang='grc' dir='ltr'><strong>Σαΐπου</strong></span> <span class='ocrx_word' id='word_1_40' title='bbox 1167 725 1225 778; x_wconf 78' lang='grc' dir='ltr'><strong>δὲ</strong></span> <span class='ocrx_word' id='word_1_41' title='bbox 1258 726 1481 791; x_wconf 76' lang='grc' dir='ltr'><strong>Βάὸδελ,</strong></span> <span class='ocrx_word' id='word_1_42' title='bbox 1513 728 1572 792; x_wconf 80' lang='grc' dir='ltr'><strong>ὃς</strong></span> <span class='ocrx_word' id='word_1_43' title='bbox 1611 731 1670 781; x_wconf 79' lang='grc' dir='ltr'><strong>ὲν</strong></span> <span class='ocrx_word' id='word_1_44' title='bbox 1700 732 1807 782; x_wconf 84' lang='grc' dir='ltr'><strong>Πε-</strong></span> 
     </span>
    </p>
   </div>
   <div class='ocr_carea' id='block_1_9' title="bbox 233 814 1808 893">
    <p class='ocr_par' dir='ltr' id='par_1_9' title="bbox 233 814 1808 893">
     <span class='ocr_line' id='line_1_9' title="bbox 233 814 1808 893; baseline 0.005 -26"><span class='ocrx_word' id='word_1_45' title='bbox 233 814 548 885; x_wconf 80' lang='grc' dir='ltr'><strong>λοποννήσῳ</strong></span> <span class='ocrx_word' id='word_1_46' title='bbox 563 815 609 847; x_wconf 77' lang='grc'><strong>⁸⁸</strong></span> <span class='ocrx_word' id='word_1_47' title='bbox 634 815 780 868; x_wconf 86' lang='grc' dir='ltr'><strong>κατά</strong></span> <span class='ocrx_word' id='word_1_48' title='bbox 809 833 862 867; x_wconf 89' lang='grc' dir='ltr'><strong>τι</strong></span> <span class='ocrx_word' id='word_1_49' title='bbox 894 815 1172 886; x_wconf 79' lang='grc' dir='ltr'><strong>θαλάσσης</strong></span> <span class='ocrx_word' id='word_1_50' title='bbox 1200 818 1494 873; x_wconf 81' lang='grc' dir='ltr'>κλυδώνιον</span> <span class='ocrx_word' id='word_1_51' title='bbox 1523 822 1662 892; x_wconf 80' lang='grc' dir='ltr'><strong>πρὸς</strong></span> <span class='ocrx_word' id='word_1_52' title='bbox 1701 823 1808 893; x_wconf 83' lang='grc' dir='ltr'><strong>γῆν</strong></span> 
     </span>
    </p>
   </div>
   <div class='ocr_carea' id='block_1_10' title="bbox 233 904 1806 984">
    <p class='ocr_par' dir='ltr' id='par_1_10' title="bbox 233 904 1806 984">
     <span class='ocr_line' id='line_1_10' title="bbox 233 904 1806 984; baseline 0.004 -25"><span class='ocrx_word' id='word_1_53' title='bbox 233 907 326 959; x_wconf 80' lang='grc' dir='ltr'><strong>σὺν</strong></span> <span class='ocrx_word' id='word_1_54' title='bbox 357 904 449 974; x_wconf 76' lang='grc' dir='ltr'><strong>νηῒ</strong></span> <span class='ocrx_word' id='word_1_55' title='bbox 476 908 542 974; x_wconf 83' lang='grc' dir='ltr'><strong>τῇ</strong></span> <span class='ocrx_word' id='word_1_56' title='bbox 578 906 774 959; x_wconf 78' lang='grc' dir='ltr'><strong>ἑαυτοῦ</strong></span> <span class='ocrx_word' id='word_1_57' title='bbox 806 908 1171 979; x_wconf 77' lang='grc' dir='ltr'><strong>προσπαρεὶς,</strong></span> <span class='ocrx_word' id='word_1_58' title='bbox 1217 912 1274 962; x_wconf 85' lang='grc' dir='ltr'><strong>ὲν</strong></span> <span class='ocrx_word' id='word_1_59' title='bbox 1305 910 1542 981; x_wconf 77' lang='grc' dir='ltr'><strong>ἡμέραις</strong></span> <span class='ocrx_word' id='word_1_60' title='bbox 1570 913 1663 965; x_wconf 87' lang='grc' dir='ltr'><strong>τοῦ</strong></span> <span class='ocrx_word' id='word_1_61' title='bbox 1699 932 1806 984; x_wconf 84' lang='grc' dir='ltr'><strong>μα-</strong></span> 
     </span>
    </p>
   </div>
   <div class='ocr_carea' id='block_1_11' title="bbox 231 997 1811 1075">
    <p class='ocr_par' dir='ltr' id='par_1_11' title="bbox 231 997 1811 1075">
     <span class='ocr_line' id='line_1_11' title="bbox 231 997 1811 1075; baseline 0.004 -23"><span class='ocrx_word' id='word_1_62' title='bbox 231 997 455 1066; x_wconf 76' lang='grc' dir='ltr'><strong>καρίτου</strong></span> <span class='ocrx_word' id='word_1_63' title='bbox 483 997 711 1060; x_wconf 84' lang='grc' dir='ltr'><strong>Λέοντος</strong></span> <span class='ocrx_word' id='word_1_64' title='bbox 735 997 1021 1068; x_wconf 77' lang='grc' dir='ltr'><strong>βασιλέως,</strong></span> <span class='ocrx_word' id='word_1_65' title='bbox 1051 1000 1420 1069; x_wconf 79' lang='grc' dir='ltr'><strong>τηνικαῦταδὲ</strong></span> <span class='ocrx_word' id='word_1_66' title='bbox 1442 1006 1811 1075; x_wconf 86' lang='grc' dir='ltr'><strong>στρατηγοῦν-</strong></span> 
     </span>
    </p>
   </div>
   <div class='ocr_carea' id='block_1_12' title="bbox 230 1090 1809 1166">
    <p class='ocr_par' dir='ltr' id='par_1_12' title="bbox 230 1090 1809 1166">
     <span class='ocr_line' id='line_1_12' title="bbox 230 1090 1809 1166; baseline 0.005 -24"><span class='ocrx_word' id='word_1_67' title='bbox 230 1106 316 1152; x_wconf 86' lang='grc' dir='ltr'><strong>τος</strong></span> <span class='ocrx_word' id='word_1_68' title='bbox 346 1090 762 1142; x_wconf 84' lang='grc' dir='ltr'><strong>Κωνσταντίνου</strong></span> <span class='ocrx_word' id='word_1_69' title='bbox 792 1090 889 1143; x_wconf 84' lang='grc' dir='ltr'><strong>τοῦ</strong></span> <span class='ocrx_word' id='word_1_70' title='bbox 922 1093 1332 1161; x_wconf 81' lang='grc' dir='ltr'><strong>συνετόφρονος,</strong></span> <span class='ocrx_word' id='word_1_71' title='bbox 1374 1097 1730 1166; x_wconf 76' lang='grc' dir='ltr'><strong>ὲκεκράτητο,</strong></span> <span class='ocrx_word' id='word_1_72' title='bbox 1764 1090 1809 1165; x_wconf 86' lang='grc' dir='ltr'>ᾧ</span> 
     </span>
    </p>
   </div>
   <div class='ocr_carea' id='block_1_13' title="bbox 228 1181 1810 1256">
    <p class='ocr_par' dir='ltr' id='par_1_13' title="bbox 228 1181 1810 1256">
     <span class='ocr_line' id='line_1_13' title="bbox 228 1181 1810 1256; baseline 0.006 -25"><span class='ocrx_word' id='word_1_73' title='bbox 228 1181 823 1251; x_wconf 75' lang='grc' dir='ltr'><strong>τεσσαρακοντάπηχυς</strong></span> <span class='ocrx_word' id='word_1_74' title='bbox 870 1182 915 1214; x_wconf 75' lang='grc'><strong>⁸⁸</strong></span> <span class='ocrx_word' id='word_1_75' title='bbox 966 1181 1078 1253; x_wconf 71' lang='grc'><strong>(14)</strong></span> <span class='ocrx_word' id='word_1_76' title='bbox 1138 1184 1198 1236; x_wconf 78' lang='grc' dir='ltr'><strong>τὸ</strong></span> <span class='ocrx_word' id='word_1_77' title='bbox 1235 1185 1555 1256; x_wconf 77' lang='grc' dir='ltr'><strong>ἐπώνυμον·</strong></span> <span class='ocrx_word' id='word_1_78' title='bbox 1602 1181 1810 1252; x_wconf 75' lang='grc' dir='ltr'><strong>οὗτινος</strong></span> 
     </span>
    </p>
   </div>
   <div class='ocr_carea' id='block_1_14' title="bbox 228 1270 1810 1346">
    <p class='ocr_par' dir='ltr' id='par_1_14' title="bbox 228 1270 1810 1346">
     <span class='ocr_line' id='line_1_14' title="bbox 228 1270 1810 1346; baseline 0.005 -23"><span class='ocrx_word' id='word_1_79' title='bbox 228 1270 437 1324; x_wconf 79' lang='grc' dir='ltr'><strong>Βάὸδελ</strong></span> <span class='ocrx_word' id='word_1_80' title='bbox 479 1270 651 1323; x_wconf 81' lang='grc' dir='ltr'><strong>ὲτέλει</strong></span> <span class='ocrx_word' id='word_1_81' title='bbox 673 1271 701 1323; x_wconf 85' lang='grc' dir='ltr'>ὁ</span> <span class='ocrx_word' id='word_1_82' title='bbox 725 1273 1035 1342; x_wconf 86' lang='grc' dir='ltr'><strong>Ζερκουνῆς</strong></span> <span class='ocrx_word' id='word_1_83' title='bbox 1063 1273 1344 1341; x_wconf 79' lang='grc' dir='ltr'><strong>σύγγονος,</strong></span> <span class='ocrx_word' id='word_1_84' title='bbox 1382 1277 1410 1328; x_wconf 79' lang='grc' dir='ltr'><strong>ὁ</strong></span> <span class='ocrx_word' id='word_1_85' title='bbox 1452 1277 1558 1346; x_wconf 79' lang='grc' dir='ltr'><strong>πρὸ</strong></span> <span class='ocrx_word' id='word_1_86' title='bbox 1590 1276 1685 1330; x_wconf 85' lang='grc' dir='ltr'><strong>τοῦ</strong></span> <span class='ocrx_word' id='word_1_87' title='bbox 1715 1277 1810 1331; x_wconf 83' lang='grc' dir='ltr'><strong>νῦν</strong></span> 
     </span>
    </p>
   </div>
   <div class='ocr_carea' id='block_1_15' title="bbox 225 1361 1371 1434">
    <p class='ocr_par' dir='ltr' id='par_1_15' title="bbox 225 1361 1371 1434">
     <span class='ocr_line' id='line_1_15' title="bbox 225 1361 1371 1434; baseline 0.003 -19"><span class='ocrx_word' id='word_1_88' title='bbox 225 1361 479 1432; x_wconf 81' lang='grc' dir='ltr'><strong>ἀρχηγοῦ</strong></span> <span class='ocrx_word' id='word_1_89' title='bbox 503 1362 606 1431; x_wconf 76' lang='grc' dir='ltr'><strong>τῆς</strong></span> <span class='ocrx_word' id='word_1_90' title='bbox 638 1361 863 1431; x_wconf 84' lang='grc' dir='ltr'><strong>Κρήτης</strong></span> <span class='ocrx_word' id='word_1_91' title='bbox 893 1364 1371 1434; x_wconf 78' lang='grc' dir='ltr'><strong>καθηγησάμενος.</strong></span> 
     </span>
    </p>
   </div>
   <div class='ocr_carea' id='block_1_16' title="bbox 310 1452 1809 1529">
    <p class='ocr_par' dir='ltr' id='par_1_16' title="bbox 310 1452 1809 1529">
     <span class='ocr_line' id='line_1_16' title="bbox 310 1452 1809 1529; baseline 0.006 -24"><span class='ocrx_word' id='word_1_92' title='bbox 310 1453 402 1505; x_wconf 86' lang='grc' dir='ltr'><strong>Ἐν</strong></span> <span class='ocrx_word' id='word_1_93' title='bbox 422 1452 597 1525; x_wconf 80' lang='grc' dir='ltr'><strong>ταύτῃ</strong></span> <span class='ocrx_word' id='word_1_94' title='bbox 628 1452 739 1523; x_wconf 79' lang='grc'><strong>(15)</strong></span> <span class='ocrx_word' id='word_1_95' title='bbox 774 1453 831 1505; x_wconf 86' lang='grc' dir='ltr'><strong>δὲ</strong></span> <span class='ocrx_word' id='word_1_96' title='bbox 863 1456 931 1524; x_wconf 83' lang='grc' dir='ltr'><strong>τῇ</strong></span> <span class='ocrx_word' id='word_1_97' title='bbox 954 1456 1103 1524; x_wconf 84' lang='grc' dir='ltr'><strong>νήσῳ</strong></span> <span class='ocrx_word' id='word_1_98' title='bbox 1138 1456 1406 1526; x_wconf 81' lang='grc' dir='ltr'><strong>Κύριλλος</strong></span> <span class='ocrx_word' id='word_1_99' title='bbox 1428 1460 1457 1510; x_wconf 81' lang='grc' dir='ltr'>ὁ</span> <span class='ocrx_word' id='word_1_100' title='bbox 1487 1458 1809 1529; x_wconf 83' lang='grc' dir='ltr'><strong>θαυμάσιος,</strong></span> 
     </span>
    </p>
   </div>
   <div class='ocr_carea' id='block_1_17' title="bbox 227 1545 1809 1626">
    <p class='ocr_par' dir='ltr' id='par_1_17' title="bbox 227 1545 1809 1626">
     <span class='ocr_line' id='line_1_17' title="bbox 227 1545 1809 1626; baseline 0.007 -29"><span class='ocrx_word' id='word_1_101' title='bbox 227 1548 255 1598; x_wconf 85' lang='grc' dir='ltr'>ὁ</span> <span class='ocrx_word' id='word_1_102' title='bbox 281 1545 559 1616; x_wconf 81' lang='grc' dir='ltr'><strong>Γορτύνης</strong></span> <span class='ocrx_word' id='word_1_103' title='bbox 578 1546 622 1577; x_wconf 77' lang='grc' dir='ltr'><strong><em>ὀ</em></strong></span> <span class='ocrx_word' id='word_1_104' title='bbox 655 1546 1035 1617; x_wconf 81' lang='grc' dir='ltr'><strong>ἐπισκοπήσας</strong></span> <span class='ocrx_word' id='word_1_105' title='bbox 1078 1550 1178 1618; x_wconf 80' lang='grc' dir='ltr'><strong>τῆς</strong></span> <span class='ocrx_word' id='word_1_106' title='bbox 1220 1550 1452 1615; x_wconf 85' lang='grc' dir='ltr'><strong>πόλεως,</strong></span> <span class='ocrx_word' id='word_1_107' title='bbox 1504 1553 1644 1626; x_wconf 82' lang='grc' dir='ltr'><strong>ὑπὲρ</strong></span> <span class='ocrx_word' id='word_1_108' title='bbox 1672 1556 1809 1626; x_wconf 86' lang='grc' dir='ltr'><strong>Χρι-</strong></span> 
     </span>
    </p>
   </div>
   <div class='ocr_carea' id='block_1_18' title="bbox 228 1636 1813 1714">
    <p class='ocr_par' dir='ltr' id='par_1_18' title="bbox 228 1636 1813 1714">
     <span class='ocr_line' id='line_1_18' title="bbox 228 1636 1813 1714; baseline 0.006 -24"><span class='ocrx_word' id='word_1_109' title='bbox 228 1637 355 1690; x_wconf 86' lang='grc' dir='ltr'><strong>στοῦ</strong></span> <span class='ocrx_word' id='word_1_110' title='bbox 402 1636 484 1700; x_wconf 87' lang='grc' dir='ltr'><strong>ὡς</strong></span> <span class='ocrx_word' id='word_1_111' title='bbox 537 1638 733 1707; x_wconf 79' lang='grc' dir='ltr'><strong>ἱερεῖον</strong></span> <span class='ocrx_word' id='word_1_112' title='bbox 767 1638 1000 1708; x_wconf 80' lang='grc' dir='ltr'><strong>ἄμωμον</strong></span> <span class='ocrx_word' id='word_1_113' title='bbox 1043 1640 1399 1709; x_wconf 79' lang='grc' dir='ltr'><strong>ἐσφαγίαστο.</strong></span> <span class='ocrx_word' id='word_1_114' title='bbox 1435 1636 1509 1696; x_wconf 78' lang='grc' dir='ltr'><strong>Οὖ</strong></span> <span class='ocrx_word' id='word_1_115' title='bbox 1542 1644 1604 1697; x_wconf 80' lang='grc' dir='ltr'><strong>τὸ</strong></span> <span class='ocrx_word' id='word_1_116' title='bbox 1629 1646 1813 1714; x_wconf 80' lang='grc' dir='ltr'><strong>τίμιον</strong></span> 
     </span>
    </p>
   </div>
   <div class='ocr_carea' id='block_1_19' title="bbox 230 1724 1813 1804">
    <p class='ocr_par' dir='ltr' id='par_1_19' title="bbox 230 1724 1813 1804">
     <span class='ocr_line' id='line_1_19' title="bbox 230 1724 1813 1804; baseline 0.006 -23"><span class='ocrx_word' id='word_1_117' title='bbox 230 1724 370 1798; x_wconf 70' lang='grc' dir='ltr'><strong>αἷμα</strong></span> <span class='ocrx_word' id='word_1_118' title='bbox 406 1728 572 1798; x_wconf 72' lang='grc' dir='ltr'><strong>μέχρι</strong></span> <span class='ocrx_word' id='word_1_119' title='bbox 610 1728 709 1798; x_wconf 83' lang='grc' dir='ltr'><strong>τῆς</strong></span> <span class='ocrx_word' id='word_1_120' title='bbox 731 1728 893 1800; x_wconf 84' lang='grc' dir='ltr'><strong>δεῦρο</strong></span> <span class='ocrx_word' id='word_1_121' title='bbox 922 1733 1065 1786; x_wconf 86' lang='grc' dir='ltr'><strong>κατά</strong></span> <span class='ocrx_word' id='word_1_122' title='bbox 1086 1750 1207 1785; x_wconf 87' lang='grc' dir='ltr'><strong>τινα</strong></span> <span class='ocrx_word' id='word_1_123' title='bbox 1236 1733 1432 1804; x_wconf 87' lang='grc' dir='ltr'><strong>χῶρον,</strong></span> <span class='ocrx_word' id='word_1_124' title='bbox 1462 1734 1645 1799; x_wconf 80' lang='grc' dir='ltr'><strong>καθώς</strong></span> <span class='ocrx_word' id='word_1_125' title='bbox 1669 1738 1813 1802; x_wconf 83' lang='grc' dir='ltr'><strong>τινές</strong></span> 
     </span>
    </p>
   </div>
   <div class='ocr_carea' id='block_1_20' title="bbox 231 1806 1885 1894">
    <p class='ocr_par' dir='ltr' id='par_1_20' title="bbox 231 1806 1885 1894">
     <span class='ocr_line' id='line_1_20' title="bbox 231 1806 1885 1894; baseline 0.006 -22"><span class='ocrx_word' id='word_1_126' title='bbox 231 1835 422 1888; x_wconf 71' lang='grc' dir='ltr'><strong>φασιν,</strong></span> <span class='ocrx_word' id='word_1_127' title='bbox 462 1820 853 1883; x_wconf 82' lang='grc' dir='ltr'><strong>ἀνεξάλειπτον</strong></span> <span class='ocrx_word' id='word_1_128' title='bbox 882 1825 1275 1894; x_wconf 82' lang='grc' dir='ltr'><strong>συντετήρηται</strong></span> <span class='ocrx_word' id='word_1_129' title='bbox 1300 1840 1315 1853; x_wconf 79' lang='grc'><strong>⁸</strong></span> <span class='ocrx_word' id='word_1_130' title='bbox 1347 1825 1469 1878; x_wconf 90' lang='grc' dir='ltr'><strong>καθ’</strong></span> <span class='ocrx_word' id='word_1_131' title='bbox 1495 1826 1554 1881; x_wconf 86' lang='grc' dir='ltr'><strong>ὃν</strong></span> <span class='ocrx_word' id='word_1_132' title='bbox 1583 1829 1629 1880; x_wconf 77' lang='grc' dir='ltr'><strong>οἱ</strong></span> <span class='ocrx_word' id='word_1_133' title='bbox 1654 1828 1809 1881; x_wconf 72' lang='grc' dir='ltr'><strong>εὐσεο</strong></span> <span class='ocrx_word' id='word_1_134' title='bbox 1845 1806 1885 1859; x_wconf 75' lang='grc' dir='ltr'><strong>Β</strong></span> 
     </span>
    </p>
   </div>
   <div class='ocr_carea' id='block_1_21' title="bbox 230 1911 1813 1989">
    <p class='ocr_par' dir='ltr' id='par_1_21' title="bbox 230 1911 1813 1989">
     <span class='ocr_line' id='line_1_21' title="bbox 230 1911 1813 1989; baseline 0.007 -27"><span class='ocrx_word' id='word_1_135' title='bbox 230 1912 347 1974; x_wconf 74' lang='grc' dir='ltr'><strong>ὁεῐς</strong></span> <span class='ocrx_word' id='word_1_136' title='bbox 376 1911 676 1981; x_wconf 84' lang='grc' dir='ltr'><strong>φοιτῶντες</strong></span> <span class='ocrx_word' id='word_1_137' title='bbox 723 1912 821 1966; x_wconf 77' lang='grc' dir='ltr'><strong>καὶ</strong></span> <span class='ocrx_word' id='word_1_138' title='bbox 866 1913 1026 1968; x_wconf 83' lang='grc' dir='ltr'><strong>τοῦτο</strong></span> <span class='ocrx_word' id='word_1_139' title='bbox 1067 1916 1295 1987; x_wconf 83' lang='grc' dir='ltr'><strong>σπόγγῳ</strong></span> <span class='ocrx_word' id='word_1_140' title='bbox 1346 1919 1813 1989; x_wconf 72' lang='grc' dir='ltr'><strong>ἑναπομάττοντες</strong></span> 
     </span>
    </p>
   </div>
   <div class='ocr_carea' id='block_1_22' title="bbox 228 2002 1813 2077">
    <p class='ocr_par' dir='ltr' id='par_1_22' title="bbox 228 2002 1813 2077">
     <span class='ocr_line' id='line_1_22' title="bbox 228 2002 1813 2077; baseline 0.006 -22"><span class='ocrx_word' id='word_1_141' title='bbox 228 2002 296 2055; x_wconf 80' lang='grc' dir='ltr'><strong>δι’</strong></span> <span class='ocrx_word' id='word_1_142' title='bbox 325 2002 495 2055; x_wconf 83' lang='grc' dir='ltr'><strong>αὐτοῦ</strong></span> <span class='ocrx_word' id='word_1_143' title='bbox 534 2020 598 2070; x_wconf 85' lang='grc' dir='ltr'><strong>γε</strong></span> <span class='ocrx_word' id='word_1_144' title='bbox 626 2003 771 2061; x_wconf 78' lang='grc' dir='ltr'><strong>θεῖον</strong></span> <span class='ocrx_word' id='word_1_145' title='bbox 820 2003 992 2077; x_wconf 87' lang='grc' dir='ltr'><strong>μύρον</strong></span> <span class='ocrx_word' id='word_1_146' title='bbox 1020 2006 1336 2077; x_wconf 82' lang='grc' dir='ltr'><strong>ὑδρεύονται</strong></span> <span class='ocrx_word' id='word_1_147' title='bbox 1376 2010 1471 2063; x_wconf 70' lang='grc' dir='ltr'><strong>καὶ</strong></span> <span class='ocrx_word' id='word_1_148' title='bbox 1508 2011 1627 2064; x_wconf 81' lang='grc' dir='ltr'><strong>κατ’</strong></span> <span class='ocrx_word' id='word_1_149' title='bbox 1658 2012 1813 2065; x_wconf 83' lang='grc' dir='ltr'><strong>οὐδὲν</strong></span> 
     </span>
    </p>
   </div>
   <div class='ocr_carea' id='block_1_23' title="bbox 229 2094 1813 2172">
    <p class='ocr_par' dir='ltr' id='par_1_23' title="bbox 229 2094 1813 2172">
     <span class='ocr_line' id='line_1_23' title="bbox 229 2094 1813 2172; baseline 0.006 -26"><span class='ocrx_word' id='word_1_150' title='bbox 229 2094 512 2148; x_wconf 80' lang='grc' dir='ltr'><strong>ἀλλοιοῦσι</strong></span> <span class='ocrx_word' id='word_1_151' title='bbox 538 2095 597 2147; x_wconf 85' lang='grc' dir='ltr'><strong>τὸ</strong></span> <span class='ocrx_word' id='word_1_152' title='bbox 630 2096 831 2166; x_wconf 84' lang='grc' dir='ltr'><strong>χρῶμα</strong></span> <span class='ocrx_word' id='word_1_153' title='bbox 858 2095 954 2150; x_wconf 84' lang='grc' dir='ltr'><strong>τοῦ</strong></span> <span class='ocrx_word' id='word_1_154' title='bbox 985 2097 1241 2167; x_wconf 82' lang='grc' dir='ltr'><strong>αἵματος.</strong></span> <span class='ocrx_word' id='word_1_155' title='bbox 1280 2101 1401 2154; x_wconf 84' lang='grc' dir='ltr'><strong>Ἔτι</strong></span> <span class='ocrx_word' id='word_1_156' title='bbox 1426 2101 1485 2154; x_wconf 76' lang='grc' dir='ltr'><strong>δὲ</strong></span> <span class='ocrx_word' id='word_1_157' title='bbox 1514 2103 1609 2157; x_wconf 69' lang='grc' dir='ltr'><strong>κα)⁸</strong></span> <span class='ocrx_word' id='word_1_158' title='bbox 1645 2104 1678 2172; x_wconf 83' lang='grc' dir='ltr'>ἠ</span> <span class='ocrx_word' id='word_1_159' title='bbox 1705 2104 1813 2156; x_wconf 84' lang='grc' dir='ltr'><strong>τῶν</strong></span> 
     </span>
    </p>
   </div>
   <div class='ocr_carea' id='block_1_24' title="bbox 226 2185 1841 2268">
    <p class='ocr_par' dir='ltr' id='par_1_24' title="bbox 226 2185 1841 2268">
     <span class='ocr_line' id='line_1_24' title="bbox 226 2185 1841 2268; baseline 0.005 -28"><span class='ocrx_word' id='word_1_160' title='bbox 226 2186 523 2255; x_wconf 73' lang='grc' dir='ltr'><strong>τροφίμων</strong></span> <span class='ocrx_word' id='word_1_161' title='bbox 576 2185 852 2241; x_wconf 80' lang='grc' dir='ltr'><strong>σεϐαστῶν</strong></span> <span class='ocrx_word' id='word_1_162' title='bbox 907 2188 1117 2243; x_wconf 78' lang='grc' dir='ltr'><strong>παίδων</strong></span> <span class='ocrx_word' id='word_1_163' title='bbox 1173 2191 1345 2261; x_wconf 81' lang='grc' dir='ltr'><strong>αὐτῆς</strong></span> <span class='ocrx_word' id='word_1_164' title='bbox 1400 2192 1635 2262; x_wconf 75' lang='grc' dir='ltr'><strong>ἑϐδομὰς</strong></span> <span class='ocrx_word' id='word_1_165' title='bbox 1698 2194 1841 2268; x_wconf 75' lang='grc'><strong>(16)</strong></span> 
     </span>
    </p>
   </div>
   <div class='ocr_carea' id='block_1_25' title="bbox 235 2277 1814 2354">
    <p class='ocr_par' dir='ltr' id='par_1_25' title="bbox 235 2277 1814 2354">
     <span class='ocr_line' id='line_1_25' title="bbox 235 2277 1814 2354; baseline 0.006 -25"><span class='ocrx_word' id='word_1_166' title='bbox 235 2278 383 2346; x_wconf 85' lang='grc' dir='ltr'><strong>μετά</strong></span> <span class='ocrx_word' id='word_1_167' title='bbox 428 2277 634 2330; x_wconf 82' lang='grc' dir='ltr'>πολλῶν</span> <span class='ocrx_word' id='word_1_168' title='bbox 660 2277 835 2333; x_wconf 77' lang='grc' dir='ltr'><strong>ἄλλων</strong></span> <span class='ocrx_word' id='word_1_169' title='bbox 869 2283 1013 2350; x_wconf 81' lang='grc' dir='ltr'><strong>ταφῇ</strong></span> <span class='ocrx_word' id='word_1_170' title='bbox 1045 2282 1368 2352; x_wconf 74' lang='grc' dir='ltr'><strong>ἀφιέρωται,</strong></span> <span class='ocrx_word' id='word_1_171' title='bbox 1414 2284 1814 2354; x_wconf 80' lang='grc' dir='ltr'><strong>ἀναιρεθέντων</strong></span> 
     </span>
    </p>
   </div>
   <div class='ocr_carea' id='block_1_26' title="bbox 233 2369 1815 2449">
    <p class='ocr_par' dir='ltr' id='par_1_26' title="bbox 233 2369 1815 2449">
     <span class='ocr_line' id='line_1_26' title="bbox 233 2369 1815 2449; baseline 0.005 -26"><span class='ocrx_word' id='word_1_172' title='bbox 233 2369 382 2440; x_wconf 75' lang='grc' dir='ltr'><strong>ὑπὲρ</strong></span> <span class='ocrx_word' id='word_1_173' title='bbox 429 2369 531 2439; x_wconf 78' lang='grc' dir='ltr'><strong>τῆς</strong></span> <span class='ocrx_word' id='word_1_174' title='bbox 584 2371 664 2433; x_wconf 77' lang='grc' dir='ltr'><strong>εἰς</strong></span> <span class='ocrx_word' id='word_1_175' title='bbox 711 2371 946 2442; x_wconf 77' lang='grc' dir='ltr'><strong>Χριστὸν</strong></span> <span class='ocrx_word' id='word_1_176' title='bbox 981 2373 1306 2427; x_wconf 86' lang='grc' dir='ltr'><strong>ἀδιστάκτου</strong></span> <span class='ocrx_word' id='word_1_177' title='bbox 1353 2378 1446 2429; x_wconf 72' lang='grc' dir='ltr'><strong>καὶ</strong></span> <span class='ocrx_word' id='word_1_178' title='bbox 1490 2377 1815 2449; x_wconf 73' lang='grc' dir='ltr'><strong>εἰλικρινοῦς</strong></span> 
     </span>
    </p>
   </div>
   <div class='ocr_carea' id='block_1_27' title="bbox 233 2461 501 2523">
    <p class='ocr_par' dir='ltr' id='par_1_27' title="bbox 233 2461 501 2523">
     <span class='ocr_line' id='line_1_27' title="bbox 233 2461 501 2523; baseline 0.007 -10"><span class='ocrx_word' id='word_1_179' title='bbox 233 2461 501 2523; x_wconf 76' lang='grc' dir='ltr'><strong>πίστεως.</strong></span> 
     </span>
    </p>
   </div>
   <div class='ocr_carea' id='block_1_28' title="bbox 300 2554 1816 2627">
    <p class='ocr_par' dir='ltr' id='par_1_28' title="bbox 300 2554 1816 2627">
     <span class='ocr_line' id='line_1_28' title="bbox 300 2554 1816 2627; baseline -0.001 -18"><span class='ocrx_word' id='word_1_180' title='bbox 300 2555 418 2609; x_wconf 79' lang='grc' dir='ltr'><strong>Καὶ</strong></span> <span class='ocrx_word' id='word_1_181' title='bbox 448 2554 512 2625; x_wconf 79' lang='grc' dir='ltr'><strong>δὴ</strong></span> <span class='ocrx_word' id='word_1_182' title='bbox 537 2554 646 2623; x_wconf 84' lang='grc'><strong>(17)</strong></span> <span class='ocrx_word' id='word_1_183' title='bbox 671 2554 859 2610; x_wconf 75' lang='grc' dir='ltr'><strong>ἔκτοτε</strong></span> <span class='ocrx_word' id='word_1_184' title='bbox 892 2557 1373 2627; x_wconf 85' lang='grc' dir='ltr'><strong>κατακεκράτηντο</strong></span> <span class='ocrx_word' id='word_1_185' title='bbox 1395 2557 1461 2610; x_wconf 80' lang='grc' dir='ltr'><strong>ἀν</strong></span> <span class='ocrx_word' id='word_1_186' title='bbox 1489 2558 1621 2625; x_wconf 86' lang='grc' dir='ltr'><strong>παρ’</strong></span> <span class='ocrx_word' id='word_1_187' title='bbox 1653 2558 1816 2623; x_wconf 84' lang='grc' dir='ltr'><strong>Ἀγα-</strong></span> 
     </span>
    </p>
   </div>
   <div class='ocr_carea' id='block_1_29' title="bbox 231 2644 1811 2715">
    <p class='ocr_par' dir='ltr' id='par_1_29' title="bbox 231 2644 1811 2715">
     <span class='ocr_line' id='line_1_29' title="bbox 231 2644 1811 2715; baseline 0 -19"><span class='ocrx_word' id='word_1_188' title='bbox 231 2644 421 2713; x_wconf 82' lang='grc' dir='ltr'><strong>ρηνῶν</strong></span> <span class='ocrx_word' id='word_1_189' title='bbox 462 2646 517 2697; x_wconf 79' lang='grc' dir='ltr'><strong>αἱ</strong></span> <span class='ocrx_word' id='word_1_190' title='bbox 548 2646 724 2715; x_wconf 83' lang='grc' dir='ltr'><strong>νῆσοι,</strong></span> <span class='ocrx_word' id='word_1_191' title='bbox 756 2646 807 2698; x_wconf 83' lang='grc' dir='ltr'><strong>εἰ</strong></span> <span class='ocrx_word' id='word_1_192' title='bbox 838 2644 913 2714; x_wconf 84' lang='grc' dir='ltr'><strong>μὴ</strong></span> <span class='ocrx_word' id='word_1_193' title='bbox 945 2645 1198 2713; x_wconf 81' lang='grc' dir='ltr'><strong>βασιλεὺς</strong></span> <span class='ocrx_word' id='word_1_194' title='bbox 1236 2644 1457 2714; x_wconf 84' lang='grc' dir='ltr'><strong>Μιχαὴλ</strong></span> <span class='ocrx_word' id='word_1_195' title='bbox 1485 2646 1515 2697; x_wconf 78' lang='grc' dir='ltr'>ὁ</span> <span class='ocrx_word' id='word_1_196' title='bbox 1544 2644 1603 2707; x_wconf 76' lang='grc' dir='ltr'><strong>ἐξ</strong></span> <span class='ocrx_word' id='word_1_197' title='bbox 1648 2645 1811 2713; x_wconf 79' lang='grc' dir='ltr'><strong>Ἀμοο</strong></span> 
     </span>
    </p>
   </div>
   <div class='ocr_carea' id='block_1_30' title="bbox 228 2735 1816 2807">
    <p class='ocr_par' dir='ltr' id='par_1_30' title="bbox 228 2735 1816 2807">
     <span class='ocr_line' id='line_1_30' title="bbox 228 2735 1816 2807; baseline 0.001 -21"><span class='ocrx_word' id='word_1_198' title='bbox 228 2736 352 2805; x_wconf 74' lang='grc' dir='ltr'><strong>ρίου</strong></span> <span class='ocrx_word' id='word_1_199' title='bbox 388 2736 517 2807; x_wconf 78' lang='grc' dir='ltr'><strong>ἔσχε</strong></span> <span class='ocrx_word' id='word_1_200' title='bbox 561 2737 996 2806; x_wconf 77' lang='grc' dir='ltr'><strong>φιλονεικότερον</strong></span> <span class='ocrx_word' id='word_1_201' title='bbox 1035 2735 1442 2806; x_wconf 77' lang='grc' dir='ltr'><strong>ὲλευθεριάσειν</strong></span> <span class='ocrx_word' id='word_1_202' title='bbox 1467 2736 1672 2799; x_wconf 70' lang='grc' dir='ltr'><strong>αὐτάς*</strong></span> <span class='ocrx_word' id='word_1_203' title='bbox 1719 2735 1816 2788; x_wconf 74' lang='grc' dir='ltr'><strong>καὶ</strong></span> 
     </span>
    </p>
   </div>
   <div class='ocr_carea' id='block_1_31' title="bbox 223 2824 1817 2897">
    <p class='ocr_par' dir='ltr' id='par_1_31' title="bbox 223 2824 1817 2897">
     <span class='ocr_line' id='line_1_31' title="bbox 223 2824 1817 2897; baseline -0.002 -18"><span class='ocrx_word' id='word_1_204' title='bbox 223 2824 292 2895; x_wconf 76' lang='grc' dir='ltr'><strong>δὴ</strong></span> <span class='ocrx_word' id='word_1_205' title='bbox 324 2825 693 2896; x_wconf 87' lang='grc' dir='ltr'><strong>πολυωρήσας</strong></span> <span class='ocrx_word' id='word_1_206' title='bbox 724 2824 1017 2897; x_wconf 77' lang='grc' dir='ltr'><strong>ἐνδελεχῶς</strong></span> <span class='ocrx_word' id='word_1_207' title='bbox 1059 2824 1329 2896; x_wconf 80' lang='grc' dir='ltr'><strong>Κρατερῷ</strong></span> <span class='ocrx_word' id='word_1_208' title='bbox 1365 2824 1444 2896; x_wconf 81' lang='grc' dir='ltr'><strong>τῷ</strong></span> <span class='ocrx_word' id='word_1_209' title='bbox 1470 2824 1817 2897; x_wconf 75' lang='grc' dir='ltr'><strong>πρατηγέτῃ</strong></span> 
     </span>
    </p>
   </div>
   <div class='ocr_carea' id='block_1_32' title="bbox 222 2902 1816 2987">
    <p class='ocr_par' dir='ltr' id='par_1_32' title="bbox 222 2902 1816 2987">
     <span class='ocr_line' id='line_1_32' title="bbox 222 2902 1816 2987; baseline -0.001 -18"><span class='ocrx_word' id='word_1_210' title='bbox 222 2902 614 2987; x_wconf 77' lang='grc' dir='ltr'><strong>Κυδερεωτῶν</strong></span> <span class='ocrx_word' id='word_1_211' title='bbox 652 2917 765 2986; x_wconf 82' lang='grc'><strong>(18)</strong></span> <span class='ocrx_word' id='word_1_212' title='bbox 807 2917 1114 2973; x_wconf 69' lang='grc' dir='ltr'><strong>ἐνετείλατο</strong></span> <span class='ocrx_word' id='word_1_213' title='bbox 1150 2918 1330 2981; x_wconf 84' lang='grc' dir='ltr'><strong>πάσας</strong></span> <span class='ocrx_word' id='word_1_214' title='bbox 1375 2917 1473 2980; x_wconf 80' lang='grc' dir='ltr'><strong>τὰς</strong></span> <span class='ocrx_word' id='word_1_215' title='bbox 1518 2917 1609 2970; x_wconf 85' lang='grc' dir='ltr'><strong>ὑπ’</strong></span> <span class='ocrx_word' id='word_1_216' title='bbox 1653 2915 1816 2970; x_wconf 81' lang='grc' dir='ltr'><strong>αὐτὸν</strong></span> 
     </span>
    </p>
   </div>
   <div class='ocr_carea' id='block_1_33' title="bbox 220 3007 1817 3080">
    <p class='ocr_par' dir='ltr' id='par_1_33' title="bbox 220 3007 1817 3080">
     <span class='ocr_line' id='line_1_33' title="bbox 220 3007 1817 3080; baseline 0 -20"><span class='ocrx_word' id='word_1_217' title='bbox 220 3007 362 3071; x_wconf 87' lang='grc' dir='ltr'><strong>ναῦς</strong></span> <span class='ocrx_word' id='word_1_218' title='bbox 400 3007 914 3079; x_wconf 86' lang='grc' dir='ltr'><strong>παρετοιμάσασθαι</strong></span> <span class='ocrx_word' id='word_1_219' title='bbox 953 3010 1047 3061; x_wconf 76' lang='grc' dir='ltr'><strong>καὶ</strong></span> <span class='ocrx_word' id='word_1_220' title='bbox 1085 3010 1296 3080; x_wconf 80' lang='grc' dir='ltr'><strong>ἀπᾶραι</strong></span> <span class='ocrx_word' id='word_1_221' title='bbox 1329 3011 1409 3073; x_wconf 85' lang='grc' dir='ltr'><strong>εις</strong></span> <span class='ocrx_word' id='word_1_222' title='bbox 1453 3010 1683 3079; x_wconf 79' lang='grc' dir='ltr'><strong>Κρήτην</strong></span> <span class='ocrx_word' id='word_1_223' title='bbox 1721 3009 1817 3061; x_wconf 64' lang='grc' dir='ltr'><strong>καῖ⁵</strong></span> 
     </span>
    </p>
   </div>
   <div class='ocr_carea' id='block_1_34' title="bbox 1909 546 3484 624">
    <p class='ocr_par' dir='ltr' id='par_1_34' title="bbox 1909 546 3484 624">
     <span class='ocr_line' id='line_1_34' title="bbox 1909 546 3484 624; baseline 0.01 -24"><span class='ocrx_word' id='word_1_224' title='bbox 1909 546 2148 602; x_wconf 84' lang='lat' dir='ltr'><strong>Thomas</strong></span> <span class='ocrx_word' id='word_1_225' title='bbox 2173 558 2294 602; x_wconf 90' lang='lat' dir='ltr'><strong>erat</strong></span> <span class='ocrx_word' id='word_1_226' title='bbox 2324 564 2509 604; x_wconf 88' lang='lat' dir='ltr'><strong>causa.</strong></span> <span class='ocrx_word' id='word_1_227' title='bbox 2559 550 2831 606; x_wconf 71' lang='lat' dir='ltr'><strong>Caeterum</strong></span> <span class='ocrx_word' id='word_1_228' title='bbox 2881 554 3280 624; x_wconf 80' lang='lat' dir='ltr'><strong>Apochapsidis</strong></span> <span class='ocrx_word' id='word_1_229' title='bbox 3338 559 3484 615; x_wconf 76' lang='lat' dir='ltr'><strong>illius</strong></span> 
     </span>
    </p>
   </div>
   <div class='ocr_carea' id='block_1_35' title="bbox 1906 635 3484 714">
    <p class='ocr_par' dir='ltr' id='par_1_35' title="bbox 1906 635 3484 714">
     <span class='ocr_line' id='line_1_35' title="bbox 1906 635 3484 714; baseline 0.011 -26"><span class='ocrx_word' id='word_1_230' title='bbox 1906 644 2025 689; x_wconf 90' lang='lat' dir='ltr'><strong>erat</strong></span> <span class='ocrx_word' id='word_1_231' title='bbox 2062 635 2420 709; x_wconf 63' lang='lat' dir='ltr'><strong>Saipes,’58</strong></span> <span class='ocrx_word' id='word_1_232' title='bbox 2445 639 2622 709; x_wconf 74' lang='lat' dir='ltr'><strong>Saipa:</strong></span> <span class='ocrx_word' id='word_1_233' title='bbox 2643 650 2825 696; x_wconf 89' lang='lat' dir='ltr'><strong>autem</strong></span> <span class='ocrx_word' id='word_1_234' title='bbox 2864 642 3089 707; x_wconf 88' lang='lat' dir='ltr'><strong>Babdel,</strong></span> <span class='ocrx_word' id='word_1_235' title='bbox 3118 647 3211 714; x_wconf 89' lang='lat' dir='ltr'><strong>qni</strong></span> <span class='ocrx_word' id='word_1_236' title='bbox 3244 647 3299 700; x_wconf 91' lang='lat' dir='ltr'><strong>in</strong></span> <span class='ocrx_word' id='word_1_237' title='bbox 3325 650 3484 705; x_wconf 87' lang='lat' dir='ltr'><strong>Pelo-</strong></span> 
     </span>
    </p>
   </div>
   <div class='ocr_carea' id='block_1_36' title="bbox 1906 732 3478 800">
    <p class='ocr_par' dir='ltr' id='par_1_36' title="bbox 1906 732 3478 800">
     <span class='ocr_line' id='line_1_36' title="bbox 1906 732 3478 800; baseline 0.01 -20"><span class='ocrx_word' id='word_1_238' title='bbox 1906 741 2150 797; x_wconf 89' lang='lat' dir='ltr'><strong>ponneso</strong></span> <span class='ocrx_word' id='word_1_239' title='bbox 2180 736 2506 798; x_wconf 90' lang='lat' dir='ltr'><strong>tempestate</strong></span> <span class='ocrx_word' id='word_1_240' title='bbox 2532 732 2768 800; x_wconf 88' lang='lat' dir='ltr'><strong>quadam</strong></span> <span class='ocrx_word' id='word_1_241' title='bbox 2800 734 2970 789; x_wconf 89' lang='lat' dir='ltr'><strong>maris</strong></span> <span class='ocrx_word' id='word_1_242' title='bbox 2999 736 3067 789; x_wconf 86' lang='lat' dir='ltr'><strong>ad</strong></span> <span class='ocrx_word' id='word_1_243' title='bbox 3098 747 3302 792; x_wconf 88' lang='lat' dir='ltr'><strong>terram</strong></span> <span class='ocrx_word' id='word_1_244' title='bbox 3352 756 3478 797; x_wconf 90' lang='lat' dir='ltr'><strong>cum</strong></span> 
     </span>
    </p>
   </div>
   <div class='ocr_carea' id='block_1_37' title="bbox 1909 820 3485 900">
    <p class='ocr_par' dir='ltr' id='par_1_37' title="bbox 1909 820 3485 900">
     <span class='ocr_line' id='line_1_37' title="bbox 1909 820 3485 900; baseline 0.01 -28"><span class='ocrx_word' id='word_1_245' title='bbox 1909 834 2042 873; x_wconf 90' lang='lat' dir='ltr'><strong>nave</strong></span> <span class='ocrx_word' id='word_1_246' title='bbox 2061 834 2156 873; x_wconf 83' lang='lat' dir='ltr'><strong>sua</strong></span> <span class='ocrx_word' id='word_1_247' title='bbox 2184 820 2394 887; x_wconf 86' lang='lat' dir='ltr'><strong>allisus,</strong></span> <span class='ocrx_word' id='word_1_248' title='bbox 2432 825 2775 893; x_wconf 88' lang='lat' dir='ltr'><strong>temporibus</strong></span> <span class='ocrx_word' id='word_1_249' title='bbox 2808 825 2956 881; x_wconf 84' lang='lat' dir='ltr'><strong>beati</strong></span> <span class='ocrx_word' id='word_1_250' title='bbox 2992 827 3192 884; x_wconf 87' lang='lat' dir='ltr'><strong>Leonis</strong></span> <span class='ocrx_word' id='word_1_251' title='bbox 3244 831 3485 900; x_wconf 84' lang='lat' dir='ltr'><strong>impera-</strong></span> 
     </span>
    </p>
   </div>
   <div class='ocr_carea' id='block_1_38' title="bbox 1908 911 3482 988">
    <p class='ocr_par' dir='ltr' id='par_1_38' title="bbox 1908 911 3482 988">
     <span class='ocr_line' id='line_1_38' title="bbox 1908 911 3482 988; baseline 0.008 -25"><span class='ocrx_word' id='word_1_252' title='bbox 1908 911 2065 975; x_wconf 88' lang='lat' dir='ltr'><strong>toris,</strong></span> <span class='ocrx_word' id='word_1_253' title='bbox 2099 912 2237 966; x_wconf 91' lang='lat' dir='ltr'><strong>duce</strong></span> <span class='ocrx_word' id='word_1_254' title='bbox 2259 911 2619 968; x_wconf 82' lang='lat' dir='ltr'><strong>Constantino</strong></span> <span class='ocrx_word' id='word_1_255' title='bbox 2648 915 2743 969; x_wconf 87' lang='lat' dir='ltr'><strong>illo</strong></span> <span class='ocrx_word' id='word_1_256' title='bbox 2770 916 3069 985; x_wconf 88' lang='lat' dir='ltr'><strong>prudente,</strong></span> <span class='ocrx_word' id='word_1_257' title='bbox 3113 929 3307 988; x_wconf 88' lang='lat' dir='ltr'><strong>captus</strong></span> <span class='ocrx_word' id='word_1_258' title='bbox 3358 922 3482 987; x_wconf 83' lang='lat' dir='ltr'><strong>fuit,</strong></span> 
     </span>
    </p>
   </div>
   <div class='ocr_carea' id='block_1_39' title="bbox 1908 1004 3487 1079">
    <p class='ocr_par' dir='ltr' id='par_1_39' title="bbox 1908 1004 3487 1079">
     <span class='ocr_line' id='line_1_39' title="bbox 1908 1004 3487 1079; baseline -0.001 -22"><span class='ocrx_word' id='word_1_259' title='bbox 1908 1004 1995 1057; x_wconf 90' lang='lat' dir='ltr'><strong>cui</strong></span> <span class='ocrx_word' id='word_1_260' title='bbox 2033 1016 2338 1073; x_wconf 84' lang='lat' dir='ltr'><strong>cognomen</strong></span> <span class='ocrx_word' id='word_1_261' title='bbox 2390 1008 2989 1075; x_wconf 75' lang='grc' dir='ltr'><strong>τεσσαρακοντάπηχυς</strong></span> <span class='ocrx_word' id='word_1_262' title='bbox 3045 1007 3120 1077; x_wconf 89' lang='lat' dir='ltr'><strong>(i.</strong></span> <span class='ocrx_word' id='word_1_263' title='bbox 3158 1024 3209 1063; x_wconf 91' lang='lat' dir='ltr'><strong>e.</strong></span> <span class='ocrx_word' id='word_1_264' title='bbox 3249 1011 3487 1079; x_wconf 75' lang='lat' dir='ltr'><strong>quadra-</strong></span> 
     </span>
    </p>
   </div>
   <div class='ocr_carea' id='block_1_40' title="bbox 1909 1095 3483 1167">
    <p class='ocr_par' dir='ltr' id='par_1_40' title="bbox 1909 1095 3483 1167">
     <span class='ocr_line' id='line_1_40' title="bbox 1909 1095 3483 1167; baseline 0.004 -19"><span class='ocrx_word' id='word_1_265' title='bbox 1909 1095 2059 1166; x_wconf 86' lang='lat' dir='ltr'><strong>ginta</strong></span> <span class='ocrx_word' id='word_1_266' title='bbox 2082 1095 2397 1149; x_wconf 88' lang='lat' dir='ltr'><strong>cubitorum</strong></span> <span class='ocrx_word' id='word_1_267' title='bbox 2420 1095 2461 1165; x_wconf 94' lang='lat'><strong>).</strong></span> <span class='ocrx_word' id='word_1_268' title='bbox 2495 1096 2671 1167; x_wconf 80' lang='lat' dir='ltr'><strong>Hujus</strong></span> <span class='ocrx_word' id='word_1_269' title='bbox 2699 1108 2882 1150; x_wconf 87' lang='lat' dir='ltr'><strong>autem</strong></span> <span class='ocrx_word' id='word_1_270' title='bbox 2912 1098 3112 1153; x_wconf 86' lang='lat' dir='ltr'><strong>Babdel</strong></span> <span class='ocrx_word' id='word_1_271' title='bbox 3138 1108 3251 1153; x_wconf 90' lang='lat' dir='ltr'><strong>erat</strong></span> <span class='ocrx_word' id='word_1_272' title='bbox 3277 1101 3483 1155; x_wconf 84' lang='lat' dir='ltr'><strong>Zcrcn-</strong></span> 
     </span>
    </p>
   </div>
   <div class='ocr_carea' id='block_1_41' title="bbox 1910 1185 3485 1257">
    <p class='ocr_par' dir='ltr' id='par_1_41' title="bbox 1910 1185 3485 1257">
     <span class='ocr_line' id='line_1_41' title="bbox 1910 1185 3485 1257; baseline 0.003 -15"><span class='ocrx_word' id='word_1_273' title='bbox 1910 1202 2009 1242; x_wconf 87' lang='lat' dir='ltr'><strong>nes</strong></span> <span class='ocrx_word' id='word_1_274' title='bbox 2041 1185 2231 1248; x_wconf 81' lang='lat' dir='ltr'><strong>frater,</strong></span> <span class='ocrx_word' id='word_1_275' title='bbox 2275 1186 2371 1255; x_wconf 87' lang='lat' dir='ltr'><strong>qui</strong></span> <span class='ocrx_word' id='word_1_276' title='bbox 2405 1195 2533 1241; x_wconf 83' lang='lat' dir='ltr'><strong>ante</strong></span> <span class='ocrx_word' id='word_1_277' title='bbox 2584 1188 2750 1241; x_wconf 86' lang='lat' dir='ltr'><strong>istum</strong></span> <span class='ocrx_word' id='word_1_278' title='bbox 2811 1189 2905 1257; x_wconf 86' lang='lat' dir='ltr'><strong>qui</strong></span> <span class='ocrx_word' id='word_1_279' title='bbox 2949 1204 3097 1243; x_wconf 91' lang='lat' dir='ltr'><strong>nunc</strong></span> <span class='ocrx_word' id='word_1_280' title='bbox 3152 1198 3235 1243; x_wconf 87' lang='lat' dir='ltr'><strong>est</strong></span> <span class='ocrx_word' id='word_1_281' title='bbox 3288 1191 3485 1246; x_wconf 86' lang='lat' dir='ltr'><strong>ducem</strong></span> 
     </span>
    </p>
   </div>
   <div class='ocr_carea' id='block_1_42' title="bbox 1908 1277 2344 1349">
    <p class='ocr_par' dir='ltr' id='par_1_42' title="bbox 1908 1277 2344 1349">
     <span class='ocr_line' id='line_1_42' title="bbox 1908 1277 2344 1349; baseline -0.002 -15"><span class='ocrx_word' id='word_1_282' title='bbox 1908 1277 2085 1334; x_wconf 71' lang='lat' dir='ltr'><strong>Cretae</strong></span> <span class='ocrx_word' id='word_1_283' title='bbox 2104 1278 2344 1349; x_wconf 78' lang='lat' dir='ltr'><strong>praefuit.</strong></span> 
     </span>
    </p>
   </div>
   <div class='ocr_carea' id='block_1_43' title="bbox 1981 1455 3491 1529">
    <p class='ocr_par' dir='ltr' id='par_1_43' title="bbox 1981 1455 3491 1529">
     <span class='ocr_line' id='line_1_43' title="bbox 1981 1455 3491 1529; baseline 0.003 -20"><span class='ocrx_word' id='word_1_284' title='bbox 1981 1455 2152 1509; x_wconf 89' lang='lat' dir='ltr'><strong>Porro</strong></span> <span class='ocrx_word' id='word_1_285' title='bbox 2179 1455 2236 1509; x_wconf 85' lang='lat' dir='ltr'><strong>in</strong></span> <span class='ocrx_word' id='word_1_286' title='bbox 2276 1455 2379 1509; x_wconf 88' lang='lat' dir='ltr'><strong>hac</strong></span> <span class='ocrx_word' id='word_1_287' title='bbox 2406 1456 2583 1511; x_wconf 90' lang='lat' dir='ltr'><strong>insula</strong></span> <span class='ocrx_word' id='word_1_288' title='bbox 2610 1455 2845 1527; x_wconf 86' lang='lat' dir='ltr'><strong>Cyrillus</strong></span> <span class='ocrx_word' id='word_1_289' title='bbox 2875 1456 2965 1512; x_wconf 89' lang='lat' dir='ltr'><strong>ille</strong></span> <span class='ocrx_word' id='word_1_290' title='bbox 2995 1457 3370 1524; x_wconf 88' lang='lat' dir='ltr'><strong>admirandus,</strong></span> <span class='ocrx_word' id='word_1_291' title='bbox 3394 1459 3491 1529; x_wconf 83' lang='lat' dir='ltr'><strong>qui</strong></span> 
     </span>
    </p>
   </div>
   <div class='ocr_carea' id='block_1_44' title="bbox 1911 1546 3491 1618">
    <p class='ocr_par' dir='ltr' id='par_1_44' title="bbox 1911 1546 3491 1618">
     <span class='ocr_line' id='line_1_44' title="bbox 1911 1546 3491 1618; baseline 0.003 -16"><span class='ocrx_word' id='word_1_292' title='bbox 1911 1546 2017 1602; x_wconf 78' lang='lat' dir='ltr'><strong>fuit</strong></span> <span class='ocrx_word' id='word_1_293' title='bbox 2052 1546 2307 1617; x_wconf 65' lang='lat' dir='ltr'><strong>Gortyna:</strong></span> <span class='ocrx_word' id='word_1_294' title='bbox 2334 1547 2489 1602; x_wconf 88' lang='lat' dir='ltr'><strong>urbis</strong></span> <span class='ocrx_word' id='word_1_295' title='bbox 2542 1548 2855 1617; x_wconf 89' lang='lat' dir='ltr'><strong>episcopus,</strong></span> <span class='ocrx_word' id='word_1_296' title='bbox 2906 1564 3009 1618; x_wconf 90' lang='lat' dir='ltr'><strong>pro</strong></span> <span class='ocrx_word' id='word_1_297' title='bbox 3057 1548 3279 1605; x_wconf 88' lang='lat' dir='ltr'><strong>Christo</strong></span> <span class='ocrx_word' id='word_1_298' title='bbox 3335 1552 3491 1607; x_wconf 87' lang='lat' dir='ltr'><strong>velut</strong></span> 
     </span>
    </p>
   </div>
   <div class='ocr_carea' id='block_1_45' title="bbox 1912 1636 3492 1720">
    <p class='ocr_par' dir='ltr' id='par_1_45' title="bbox 1912 1636 3492 1720">
     <span class='ocr_line' id='line_1_45' title="bbox 1912 1636 3492 1720; baseline 0.003 -30"><span class='ocrx_word' id='word_1_299' title='bbox 1912 1637 2279 1720; x_wconf 58' lang='lat' dir='ltr'><strong>immaculata</strong></span> <span class='ocrx_word' id='word_1_300' title='bbox 2297 1637 2479 1691; x_wconf 88' lang='lat' dir='ltr'><strong>hostia</strong></span> <span class='ocrx_word' id='word_1_301' title='bbox 2509 1636 2615 1691; x_wconf 81' lang='lat' dir='ltr'><strong>fuit</strong></span> <span class='ocrx_word' id='word_1_302' title='bbox 2641 1638 2978 1693; x_wconf 86' lang='lat' dir='ltr'><strong>immolatus.</strong></span> <span class='ocrx_word' id='word_1_303' title='bbox 3012 1637 3184 1709; x_wconf 86' lang='lat' dir='ltr'><strong>Cujus</strong></span> <span class='ocrx_word' id='word_1_304' title='bbox 3213 1640 3492 1708; x_wconf 86' lang='lat' dir='ltr'><strong>pretiosus</strong></span> 
     </span>
    </p>
   </div>
   <div class='ocr_carea' id='block_1_46' title="bbox 1914 1727 3494 1799">
    <p class='ocr_par' dir='ltr' id='par_1_46' title="bbox 1914 1727 3494 1799">
     <span class='ocr_line' id='line_1_46' title="bbox 1914 1727 3494 1799; baseline -0.001 -14"><span class='ocrx_word' id='word_1_305' title='bbox 1914 1729 2138 1799; x_wconf 80' lang='lat' dir='ltr'><strong>sanguis</strong></span> <span class='ocrx_word' id='word_1_306' title='bbox 2163 1743 2338 1797; x_wconf 88' lang='lat' dir='ltr'><strong>usque</strong></span> <span class='ocrx_word' id='word_1_307' title='bbox 2368 1727 2437 1782; x_wconf 88' lang='lat' dir='ltr'><strong>ad</strong></span> <span class='ocrx_word' id='word_1_308' title='bbox 2490 1728 2640 1783; x_wconf 88' lang='lat' dir='ltr'><strong>hunc</strong></span> <span class='ocrx_word' id='word_1_309' title='bbox 2688 1729 2840 1783; x_wconf 85' lang='lat' dir='ltr'><strong>diem</strong></span> <span class='ocrx_word' id='word_1_310' title='bbox 2893 1730 3132 1799; x_wconf 88' lang='lat' dir='ltr'><strong>quodam</strong></span> <span class='ocrx_word' id='word_1_311' title='bbox 3168 1729 3222 1784; x_wconf 90' lang='lat' dir='ltr'><strong>in</strong></span> <span class='ocrx_word' id='word_1_312' title='bbox 3252 1730 3397 1793; x_wconf 92' lang='lat' dir='ltr'><strong>loco,</strong></span> <span class='ocrx_word' id='word_1_313' title='bbox 3431 1738 3494 1785; x_wconf 94' lang='lat' dir='ltr'><strong>ut</strong></span> 
     </span>
    </p>
   </div>
   <div class='ocr_carea' id='block_1_47' title="bbox 1913 1820 3493 1892">
    <p class='ocr_par' dir='ltr' id='par_1_47' title="bbox 1913 1820 3493 1892">
     <span class='ocr_line' id='line_1_47' title="bbox 1913 1820 3493 1892; baseline 0.001 -17"><span class='ocrx_word' id='word_1_314' title='bbox 1913 1821 2144 1892; x_wconf 88' lang='lat' dir='ltr'><strong>quidam</strong></span> <span class='ocrx_word' id='word_1_315' title='bbox 2162 1821 2337 1885; x_wconf 88' lang='lat' dir='ltr'><strong>aiunt,</strong></span> <span class='ocrx_word' id='word_1_316' title='bbox 2355 1820 2669 1876; x_wconf 79' lang='lat' dir='ltr'><strong>indelebilis</strong></span> <span class='ocrx_word' id='word_1_317' title='bbox 2694 1828 3091 1876; x_wconf 84' lang='lat' dir='ltr'><strong>conservatur:</strong></span> <span class='ocrx_word' id='word_1_318' title='bbox 3121 1837 3284 1889; x_wconf 88' lang='lat' dir='ltr'><strong>quem</strong></span> <span class='ocrx_word' id='word_1_319' title='bbox 3306 1822 3493 1876; x_wconf 88' lang='lat' dir='ltr'><strong>locum</strong></span> 
     </span>
    </p>
   </div>
   <div class='ocr_carea' id='block_1_48' title="bbox 1912 1912 3491 1983">
    <p class='ocr_par' dir='ltr' id='par_1_48' title="bbox 1912 1912 3491 1983">
     <span class='ocr_line' id='line_1_48' title="bbox 1912 1912 3491 1983; baseline 0 -17"><span class='ocrx_word' id='word_1_320' title='bbox 1912 1913 1991 1983; x_wconf 89' lang='lat' dir='ltr'><strong>pii</strong></span> <span class='ocrx_word' id='word_1_321' title='bbox 2046 1913 2306 1967; x_wconf 89' lang='lat' dir='ltr'><strong>homines</strong></span> <span class='ocrx_word' id='word_1_322' title='bbox 2380 1912 2798 1981; x_wconf 74' lang='lat' dir='ltr'><strong>frequentantes</strong></span> <span class='ocrx_word' id='word_1_323' title='bbox 2848 1913 3114 1982; x_wconf 89' lang='lat' dir='ltr'><strong>illumque</strong></span> <span class='ocrx_word' id='word_1_324' title='bbox 3169 1914 3491 1982; x_wconf 84' lang='lat' dir='ltr'><strong>sanguinem</strong></span> 
     </span>
    </p>
   </div>
   <div class='ocr_carea' id='block_1_49' title="bbox 1914 2003 3493 2074">
    <p class='ocr_par' dir='ltr' id='par_1_49' title="bbox 1914 2003 3493 2074">
     <span class='ocr_line' id='line_1_49' title="bbox 1914 2003 3493 2074; baseline -0.001 -16"><span class='ocrx_word' id='word_1_325' title='bbox 1914 2004 2160 2074; x_wconf 82' lang='lat' dir='ltr'><strong>spongiis</strong></span> <span class='ocrx_word' id='word_1_326' title='bbox 2189 2003 2513 2059; x_wconf 77' lang='lat' dir='ltr'><strong>aﬂ‘ricantes</strong></span> <span class='ocrx_word' id='word_1_327' title='bbox 2564 2019 2665 2072; x_wconf 91' lang='lat' dir='ltr'><strong>per</strong></span> <span class='ocrx_word' id='word_1_328' title='bbox 2696 2018 2824 2058; x_wconf 89' lang='lat' dir='ltr'><strong>eum</strong></span> <span class='ocrx_word' id='word_1_329' title='bbox 2857 2003 3106 2058; x_wconf 85' lang='lat' dir='ltr'><strong>divinum</strong></span> <span class='ocrx_word' id='word_1_330' title='bbox 3149 2012 3493 2074; x_wconf 78' lang='lat' dir='ltr'><strong>unguentum</strong></span> 
     </span>
    </p>
   </div>
   <div class='ocr_carea' id='block_1_50' title="bbox 1914 2095 3495 2167">
    <p class='ocr_par' dir='ltr' id='par_1_50' title="bbox 1914 2095 3495 2167">
     <span class='ocr_line' id='line_1_50' title="bbox 1914 2095 3495 2167; baseline 0.001 -18"><span class='ocrx_word' id='word_1_331' title='bbox 1914 2095 2176 2150; x_wconf 88' lang='lat' dir='ltr'><strong>hauriunt</strong></span> <span class='ocrx_word' id='word_1_332' title='bbox 2201 2102 2256 2148; x_wconf 91' lang='lat' dir='ltr'><strong>et</strong></span> <span class='ocrx_word' id='word_1_333' title='bbox 2294 2095 2613 2148; x_wconf 88' lang='lat' dir='ltr'><strong>nullatenus</strong></span> <span class='ocrx_word' id='word_1_334' title='bbox 2661 2095 2905 2150; x_wconf 86' lang='lat' dir='ltr'><strong>colorem</strong></span> <span class='ocrx_word' id='word_1_335' title='bbox 2957 2097 3240 2167; x_wconf 89' lang='lat' dir='ltr'><strong>sanguinis</strong></span> <span class='ocrx_word' id='word_1_336' title='bbox 3288 2096 3495 2151; x_wconf 90' lang='lat' dir='ltr'><strong>immu-</strong></span> 
     </span>
    </p>
   </div>
   <div class='ocr_carea' id='block_1_51' title="bbox 1914 2187 3496 2253">
    <p class='ocr_par' dir='ltr' id='par_1_51' title="bbox 1914 2187 3496 2253">
     <span class='ocr_line' id='line_1_51' title="bbox 1914 2187 3496 2253; baseline 0.001 -12"><span class='ocrx_word' id='word_1_337' title='bbox 1914 2196 2052 2241; x_wconf 89' lang='lat' dir='ltr'><strong>tant.</strong></span> <span class='ocrx_word' id='word_1_338' title='bbox 2085 2187 2358 2241; x_wconf 64' lang='lat' dir='ltr'><strong>Praeterea</strong></span> <span class='ocrx_word' id='word_1_339' title='bbox 2390 2187 2556 2241; x_wconf 90' lang='lat' dir='ltr'><strong>etiam</strong></span> <span class='ocrx_word' id='word_1_340' title='bbox 2589 2187 2942 2241; x_wconf 85' lang='lat' dir='ltr'><strong>alumnorum</strong></span> <span class='ocrx_word' id='word_1_341' title='bbox 2995 2188 3398 2253; x_wconf 79' lang='lat' dir='ltr'><strong>venerabilium</strong></span> <span class='ocrx_word' id='word_1_342' title='bbox 3437 2196 3496 2243; x_wconf 88' lang='lat' dir='ltr'><strong>et</strong></span> 
     </span>
    </p>
   </div>
   <div class='ocr_carea' id='block_1_52' title="bbox 1915 2276 3491 2347">
    <p class='ocr_par' dir='ltr' id='par_1_52' title="bbox 1915 2276 3491 2347">
     <span class='ocr_line' id='line_1_52' title="bbox 1915 2276 3491 2347; baseline -0.001 -14"><span class='ocrx_word' id='word_1_343' title='bbox 1915 2278 2152 2333; x_wconf 82' lang='lat' dir='ltr'><strong>ﬁliorum</strong></span> <span class='ocrx_word' id='word_1_344' title='bbox 2179 2278 2301 2347; x_wconf 89' lang='lat' dir='ltr'><strong>ejus</strong></span> <span class='ocrx_word' id='word_1_345' title='bbox 2336 2276 2531 2331; x_wconf 66' lang='lat' dir='ltr'><strong>insulae</strong></span> <span class='ocrx_word' id='word_1_346' title='bbox 2561 2277 2929 2346; x_wconf 87' lang='lat' dir='ltr'><strong>septenarius,</strong></span> <span class='ocrx_word' id='word_1_347' title='bbox 2971 2294 3095 2331; x_wconf 81' lang='lat' dir='ltr'><strong>cum</strong></span> <span class='ocrx_word' id='word_1_348' title='bbox 3125 2280 3314 2332; x_wconf 90' lang='lat' dir='ltr'><strong>multis</strong></span> <span class='ocrx_word' id='word_1_349' title='bbox 3344 2278 3491 2342; x_wconf 86' lang='lat' dir='ltr'><strong>aliis,</strong></span> 
     </span>
    </p>
   </div>
   <div class='ocr_carea' id='block_1_53' title="bbox 1915 2368 3496 2439">
    <p class='ocr_par' dir='ltr' id='par_1_53' title="bbox 1915 2368 3496 2439">
     <span class='ocr_line' id='line_1_53' title="bbox 1915 2368 3496 2439; baseline 0 -16"><span class='ocrx_word' id='word_1_350' title='bbox 1915 2370 2580 2438; x_wconf 31' lang='lat' dir='ltr'><strong>sepultura‘consecratus</strong></span> <span class='ocrx_word' id='word_1_351' title='bbox 2612 2375 2718 2431; x_wconf 85' lang='lat' dir='ltr'><strong>est.</strong></span> <span class='ocrx_word' id='word_1_352' title='bbox 2749 2368 2842 2437; x_wconf 91' lang='lat' dir='ltr'><strong>qui</strong></span> <span class='ocrx_word' id='word_1_353' title='bbox 2903 2368 3178 2423; x_wconf 79' lang='lat' dir='ltr'><strong>interfecti</strong></span> <span class='ocrx_word' id='word_1_354' title='bbox 3238 2378 3366 2423; x_wconf 91' lang='lat' dir='ltr'><strong>sunt</strong></span> <span class='ocrx_word' id='word_1_355' title='bbox 3396 2385 3496 2439; x_wconf 84' lang='lat' dir='ltr'><strong>pro</strong></span> 
     </span>
    </p>
   </div>
   <div class='ocr_carea' id='block_1_54' title="bbox 1914 2459 3009 2528">
    <p class='ocr_par' dir='ltr' id='par_1_54' title="bbox 1914 2459 3009 2528">
     <span class='ocr_line' id='line_1_54' title="bbox 1914 2459 3009 2528; baseline -0.001 -15"><span class='ocrx_word' id='word_1_356' title='bbox 1914 2462 2023 2514; x_wconf 82' lang='lat' dir='ltr'><strong>ﬁde</strong></span> <span class='ocrx_word' id='word_1_357' title='bbox 2047 2461 2103 2513; x_wconf 92' lang='lat' dir='ltr'><strong>in</strong></span> <span class='ocrx_word' id='word_1_358' title='bbox 2135 2459 2417 2513; x_wconf 88' lang='lat' dir='ltr'><strong>Christum</strong></span> <span class='ocrx_word' id='word_1_359' title='bbox 2447 2459 2756 2513; x_wconf 84' lang='lat' dir='ltr'><strong>indubitata</strong></span> <span class='ocrx_word' id='word_1_360' title='bbox 2792 2467 2849 2512; x_wconf 92' lang='lat' dir='ltr'><strong>et</strong></span> <span class='ocrx_word' id='word_1_361' title='bbox 2871 2475 3009 2528; x_wconf 86' lang='lat' dir='ltr'><strong>pura</strong></span> 
     </span>
    </p>
   </div>
   <div class='ocr_carea' id='block_1_55' title="bbox 1988 2544 3496 2615">
    <p class='ocr_par' dir='ltr' id='par_1_55' title="bbox 1988 2544 3496 2615">
     <span class='ocr_line' id='line_1_55' title="bbox 1988 2544 3496 2615; baseline 0.002 -16"><span class='ocrx_word' id='word_1_362' title='bbox 1988 2545 2055 2599; x_wconf 87' lang='lat' dir='ltr'><strong>Et</strong></span> <span class='ocrx_word' id='word_1_363' title='bbox 2079 2560 2210 2599; x_wconf 91' lang='lat' dir='ltr'><strong>sane</strong></span> <span class='ocrx_word' id='word_1_364' title='bbox 2241 2545 2310 2599; x_wconf 87' lang='lat' dir='ltr'><strong>ab</strong></span> <span class='ocrx_word' id='word_1_365' title='bbox 2337 2544 2431 2598; x_wconf 92' lang='lat' dir='ltr'><strong>illo</strong></span> <span class='ocrx_word' id='word_1_366' title='bbox 2464 2554 2711 2614; x_wconf 88' lang='lat' dir='ltr'><strong>tempore</strong></span> <span class='ocrx_word' id='word_1_367' title='bbox 2760 2546 3092 2600; x_wconf 86' lang='lat' dir='ltr'><strong>mansissent</strong></span> <span class='ocrx_word' id='word_1_368' title='bbox 3118 2545 3173 2599; x_wconf 88' lang='lat' dir='ltr'><strong>in</strong></span> <span class='ocrx_word' id='word_1_369' title='bbox 3221 2554 3496 2615; x_wconf 85' lang='lat' dir='ltr'><strong>potestate</strong></span> 
     </span>
    </p>
   </div>
   <div class='ocr_carea' id='block_1_56' title="bbox 1915 2636 3496 2708">
    <p class='ocr_par' dir='ltr' id='par_1_56' title="bbox 1915 2636 3496 2708">
     <span class='ocr_line' id='line_1_56' title="bbox 1915 2636 3496 2708; baseline -0.001 -16"><span class='ocrx_word' id='word_1_370' title='bbox 1915 2636 2291 2708; x_wconf 80' lang='lat' dir='ltr'><strong>Agarenorum</strong></span> <span class='ocrx_word' id='word_1_371' title='bbox 2324 2637 2539 2702; x_wconf 64' lang='lat' dir='ltr'><strong>insulae,</strong></span> <span class='ocrx_word' id='word_1_372' title='bbox 2571 2636 2677 2691; x_wconf 90' lang='lat' dir='ltr'><strong>nisi</strong></span> <span class='ocrx_word' id='word_1_373' title='bbox 2727 2636 3033 2707; x_wconf 89' lang='lat' dir='ltr'><strong>imperator</strong></span> <span class='ocrx_word' id='word_1_374' title='bbox 3068 2636 3300 2691; x_wconf 82' lang='lat' dir='ltr'><strong>Michael</strong></span> <span class='ocrx_word' id='word_1_375' title='bbox 3330 2638 3496 2691; x_wconf 80' lang='lat' dir='ltr'><strong>Amo-</strong></span> 
     </span>
    </p>
   </div>
   <div class='ocr_carea' id='block_1_57' title="bbox 1917 2728 3498 2799">
    <p class='ocr_par' dir='ltr' id='par_1_57' title="bbox 1917 2728 3498 2799">
     <span class='ocr_line' id='line_1_57' title="bbox 1917 2728 3498 2799; baseline -0.001 -14"><span class='ocrx_word' id='word_1_376' title='bbox 1917 2729 2117 2785; x_wconf 87' lang='lat' dir='ltr'><strong>riensis</strong></span> <span class='ocrx_word' id='word_1_377' title='bbox 2146 2738 2435 2798; x_wconf 88' lang='lat' dir='ltr'><strong>tantopere</strong></span> <span class='ocrx_word' id='word_1_378' title='bbox 2497 2728 2806 2785; x_wconf 85' lang='lat' dir='ltr'><strong>studuisset</strong></span> <span class='ocrx_word' id='word_1_379' title='bbox 2850 2744 2945 2785; x_wconf 89' lang='lat' dir='ltr'><strong>eas</strong></span> <span class='ocrx_word' id='word_1_380' title='bbox 2991 2729 3249 2784; x_wconf 87' lang='lat' dir='ltr'><strong>liberare.</strong></span> <span class='ocrx_word' id='word_1_381' title='bbox 3306 2729 3498 2799; x_wconf 86' lang='lat' dir='ltr'><strong>Itaque</strong></span> 
     </span>
    </p>
   </div>
   <div class='ocr_carea' id='block_1_58' title="bbox 1918 2819 3501 2891">
    <p class='ocr_par' dir='ltr' id='par_1_58' title="bbox 1918 2819 3501 2891">
     <span class='ocr_line' id='line_1_58' title="bbox 1918 2819 3501 2891; baseline -0.001 -14"><span class='ocrx_word' id='word_1_382' title='bbox 1918 2836 2044 2877; x_wconf 89' lang='lat' dir='ltr'><strong>cum</strong></span> <span class='ocrx_word' id='word_1_383' title='bbox 2078 2829 2225 2877; x_wconf 88' lang='lat' dir='ltr'><strong>esset</strong></span> <span class='ocrx_word' id='word_1_384' title='bbox 2250 2821 2472 2876; x_wconf 89' lang='lat' dir='ltr'><strong>assidue</strong></span> <span class='ocrx_word' id='word_1_385' title='bbox 2503 2821 2795 2885; x_wconf 87' lang='lat' dir='ltr'><strong>sollicitus,</strong></span> <span class='ocrx_word' id='word_1_386' title='bbox 2832 2821 3061 2877; x_wconf 88' lang='lat' dir='ltr'><strong>Cratero</strong></span> <span class='ocrx_word' id='word_1_387' title='bbox 3109 2820 3366 2890; x_wconf 79' lang='lat' dir='ltr'><strong>praefecto</strong></span> <span class='ocrx_word' id='word_1_388' title='bbox 3391 2819 3501 2891; x_wconf 82' lang='lat' dir='ltr'><strong>Cy-</strong></span> 
     </span>
    </p>
   </div>
   <div class='ocr_carea' id='block_1_59' title="bbox 1917 2913 3499 2984">
    <p class='ocr_par' dir='ltr' id='par_1_59' title="bbox 1917 2913 3499 2984">
     <span class='ocr_line' id='line_1_59' title="bbox 1917 2913 3499 2984; baseline -0.002 -14"><span class='ocrx_word' id='word_1_389' title='bbox 1917 2915 2273 2970; x_wconf 87' lang='lat' dir='ltr'><strong>bereotarum</strong></span> <span class='ocrx_word' id='word_1_390' title='bbox 2295 2914 2559 2984; x_wconf 72' lang='lat' dir='ltr'><strong>praecepit</strong></span> <span class='ocrx_word' id='word_1_391' title='bbox 2589 2920 2648 2967; x_wconf 92' lang='lat' dir='ltr'><strong>ut</strong></span> <span class='ocrx_word' id='word_1_392' title='bbox 2665 2928 2859 2969; x_wconf 86' lang='lat' dir='ltr'><strong>omnes</strong></span> <span class='ocrx_word' id='word_1_393' title='bbox 2884 2929 3021 2983; x_wconf 85' lang='lat' dir='ltr'><strong>quas</strong></span> <span class='ocrx_word' id='word_1_394' title='bbox 3053 2913 3156 2967; x_wconf 89' lang='lat' dir='ltr'><strong>sub</strong></span> <span class='ocrx_word' id='word_1_395' title='bbox 3179 2928 3239 2967; x_wconf 88' lang='lat' dir='ltr'><strong>se</strong></span> <span class='ocrx_word' id='word_1_396' title='bbox 3258 2913 3499 2967; x_wconf 84' lang='lat' dir='ltr'><strong>haberet</strong></span> 
     </span>
    </p>
   </div>
   <div class='ocr_carea' id='block_1_60' title="bbox 1917 3006 3499 3077">
    <p class='ocr_par' dir='ltr' id='par_1_60' title="bbox 1917 3006 3499 3077">
     <span class='ocr_line' id='line_1_60' title="bbox 1917 3006 3499 3077; baseline -0.001 -15"><span class='ocrx_word' id='word_1_397' title='bbox 1917 3024 2086 3064; x_wconf 80' lang='lat' dir='ltr'><strong>naves</strong></span> <span class='ocrx_word' id='word_1_398' title='bbox 2105 3008 2409 3064; x_wconf 86' lang='lat' dir='ltr'><strong>instrueret</strong></span> <span class='ocrx_word' id='word_1_399' title='bbox 2435 3016 2491 3062; x_wconf 93' lang='lat' dir='ltr'><strong>et</strong></span> <span class='ocrx_word' id='word_1_400' title='bbox 2522 3009 2578 3061; x_wconf 90' lang='lat' dir='ltr'><strong>in</strong></span> <span class='ocrx_word' id='word_1_401' title='bbox 2606 3006 2826 3063; x_wconf 89' lang='lat' dir='ltr'><strong>Cretam</strong></span> <span class='ocrx_word' id='word_1_402' title='bbox 2858 3008 3301 3077; x_wconf 77' lang='lat' dir='ltr'><strong>proficisceretur</strong></span> <span class='ocrx_word' id='word_1_403' title='bbox 3330 3014 3499 3076; x_wconf 86' lang='lat' dir='ltr'><strong>atque</strong></span> 
     </span>
    </p>
   </div>
   <div class='ocr_carea' id='block_1_61' title="bbox 220 3095 1818 3171">
    <p class='ocr_par' dir='ltr' id='par_1_61' title="bbox 220 3099 1816 3171">
     <span class='ocr_line' id='line_1_61' title="bbox 220 3099 1816 3171; baseline -0.002 -16"><span class='ocrx_word' id='word_1_404' title='bbox 220 3099 449 3169; x_wconf 80' lang='grc' dir='ltr'><strong>σπουδῇ</strong></span> <span class='ocrx_word' id='word_1_405' title='bbox 501 3101 654 3171; x_wconf 84' lang='grc' dir='ltr'><strong>πάσῃ</strong></span> <span class='ocrx_word' id='word_1_406' title='bbox 703 3100 830 3163; x_wconf 78' lang='grc' dir='ltr'><strong>τοὺς</strong></span> <span class='ocrx_word' id='word_1_407' title='bbox 875 3100 1079 3170; x_wconf 81' lang='grc' dir='ltr'><strong>ταύτης</strong></span> <span class='ocrx_word' id='word_1_408' title='bbox 1132 3102 1425 3170; x_wconf 76' lang='grc' dir='ltr'><strong>οἰκήτορας</strong></span> <span class='ocrx_word' id='word_1_409' title='bbox 1465 3100 1816 3170; x_wconf 85' lang='grc' dir='ltr'><strong>Σαρακηνοὺς</strong></span> 
     </span>
    </p>
   </div>
   <div class='ocr_carea' id='block_1_62' title="bbox 1916 3095 3502 3171">
    <p class='ocr_par' dir='ltr' id='par_1_62' title="bbox 1917 3095 3502 3156">
     <span class='ocr_line' id='line_1_62' title="bbox 1917 3095 3502 3156; baseline -0.001 -1"><span class='ocrx_word' id='word_1_410' title='bbox 1917 3101 2068 3156; x_wconf 89' lang='lat' dir='ltr'><strong>omni</strong></span> <span class='ocrx_word' id='word_1_411' title='bbox 2091 3095 2274 3155; x_wconf 85' lang='lat' dir='ltr'><strong>studio</strong></span> <span class='ocrx_word' id='word_1_412' title='bbox 2305 3099 2611 3155; x_wconf 87' lang='lat' dir='ltr'><strong>Saracenos</strong></span> <span class='ocrx_word' id='word_1_413' title='bbox 2657 3116 2780 3154; x_wconf 89' lang='lat' dir='ltr'><strong>eam</strong></span> <span class='ocrx_word' id='word_1_414' title='bbox 2812 3100 3187 3155; x_wconf 86' lang='lat' dir='ltr'><strong>inhabitantes</strong></span> <span class='ocrx_word' id='word_1_415' title='bbox 3240 3099 3502 3154; x_wconf 80' lang='lat' dir='ltr'><strong>extermi-</strong></span> 
     </span>
    </p>
   </div>
   <div class='ocr_carea' id='block_1_63' title="bbox 217 3191 1821 3261">
    <p class='ocr_par' dir='ltr' id='par_1_63' title="bbox 217 3191 1821 3261">
     <span class='ocr_line' id='line_1_63' title="bbox 217 3191 1821 3261; baseline -0.002 -15"><span class='ocrx_word' id='word_1_416' title='bbox 217 3191 565 3260; x_wconf 76' lang='grc' dir='ltr'><strong>ὀλοθρεῦσαι</strong></span> <span class='ocrx_word' id='word_1_417' title='bbox 597 3192 733 3261; x_wconf 88' lang='grc'><strong>(19).</strong></span> <span class='ocrx_word' id='word_1_418' title='bbox 765 3193 861 3253; x_wconf 88' lang='grc' dir='ltr'><strong>Ὃς</strong></span> <span class='ocrx_word' id='word_1_419' title='bbox 892 3194 1074 3244; x_wconf 85' lang='grc' dir='ltr'><strong>ὲκείσε</strong></span> <span class='ocrx_word' id='word_1_420' title='bbox 1095 3193 1538 3261; x_wconf 77' lang='grc' dir='ltr'><strong>παραγενόμενος</strong></span> <span class='ocrx_word' id='word_1_421' title='bbox 1566 3192 1663 3246; x_wconf 79' lang='grc' dir='ltr'><strong>σὺν</strong></span> <span class='ocrx_word' id='word_1_422' title='bbox 1689 3208 1821 3244; x_wconf 87' lang='grc' dir='ltr'><strong>ναυ-</strong></span> 
     </span>
    </p>
   </div>
   <div class='ocr_carea' id='block_1_64' title="bbox 222 3279 1821 3353">
    <p class='ocr_par' dir='ltr' id='par_1_64' title="bbox 222 3279 1821 3353">
     <span class='ocr_line' id='line_1_64' title="bbox 222 3279 1821 3353; baseline -0.002 -15"><span class='ocrx_word' id='word_1_423' title='bbox 222 3287 315 3338; x_wconf 70' lang='grc' dir='ltr'><strong>σὶν</strong></span> <span class='ocrx_word' id='word_1_424' title='bbox 344 3283 394 3337; x_wconf 89' lang='lat' dir='ltr'><strong>o&#39;</strong></span> <span class='ocrx_word' id='word_1_425' title='bbox 423 3285 549 3337; x_wconf 78' lang='grc' dir='ltr'><strong>κατ’</strong></span> <span class='ocrx_word' id='word_1_426' title='bbox 578 3283 758 3337; x_wconf 78' lang='grc' dir='ltr'><strong>αὐτῶν</strong></span> <span class='ocrx_word' id='word_1_427' title='bbox 800 3284 1036 3353; x_wconf 87' lang='grc' dir='ltr'><strong>πόλεμον</strong></span> <span class='ocrx_word' id='word_1_428' title='bbox 1082 3279 1216 3353; x_wconf 77' lang='grc' dir='ltr'><strong>ἦρεν</strong></span> <span class='ocrx_word' id='word_1_429' title='bbox 1257 3283 1317 3348; x_wconf 79' lang='grc' dir='ltr'>ἐξ</span> <span class='ocrx_word' id='word_1_430' title='bbox 1364 3282 1631 3351; x_wconf 81' lang='grc' dir='ltr'><strong>ἀνατολῆς</strong></span> <span class='ocrx_word' id='word_1_431' title='bbox 1669 3282 1821 3353; x_wconf 77' lang='grc' dir='ltr'><strong>ήλιου</strong></span> 
     </span>
    </p>
   </div>
   <div class='ocr_carea' id='block_1_65' title="bbox 226 3374 1825 3446">
    <p class='ocr_par' dir='ltr' id='par_1_65' title="bbox 226 3374 1825 3446">
     <span class='ocr_line' id='line_1_65' title="bbox 226 3374 1825 3446; baseline 0.001 -19"><span class='ocrx_word' id='word_1_432' title='bbox 226 3376 403 3446; x_wconf 75' lang='grc' dir='ltr'><strong>μέχρι</strong></span> <span class='ocrx_word' id='word_1_433' title='bbox 442 3374 544 3444; x_wconf 82' lang='grc' dir='ltr'><strong>τῆς</strong></span> <span class='ocrx_word' id='word_1_434' title='bbox 573 3374 781 3437; x_wconf 86' lang='grc' dir='ltr'><strong>δύσεως</strong></span> <span class='ocrx_word' id='word_1_435' title='bbox 814 3374 949 3445; x_wconf 75' lang='grc'><strong>(20).</strong></span> <span class='ocrx_word' id='word_1_436' title='bbox 999 3376 1150 3429; x_wconf 68' lang='lat' dir='ltr'><strong>xui.“</strong></span> <span class='ocrx_word' id='word_1_437' title='bbox 1181 3375 1322 3427; x_wconf 89' lang='grc' dir='ltr'><strong>κατά</strong></span> <span class='ocrx_word' id='word_1_438' title='bbox 1360 3374 1614 3427; x_wconf 87' lang='grc' dir='ltr'><strong>τοσοῦτον</strong></span> <span class='ocrx_word' id='word_1_439' title='bbox 1643 3375 1825 3429; x_wconf 75' lang='grc' dir='ltr'><strong>αὐτῶν</strong></span> 
     </span>
    </p>
   </div>
   <div class='ocr_carea' id='block_1_66' title="bbox 220 3466 1826 3538">
    <p class='ocr_par' dir='ltr' id='par_1_66' title="bbox 220 3466 1826 3538">
     <span class='ocr_line' id='line_1_66' title="bbox 220 3466 1826 3538; baseline 0.002 -20"><span class='ocrx_word' id='word_1_440' title='bbox 220 3467 565 3535; x_wconf 75' lang='grc' dir='ltr'><strong>ἐκυρίευσεν</strong></span> <span class='ocrx_word' id='word_1_441' title='bbox 620 3466 760 3520; x_wconf 85' lang='grc' dir='ltr'><strong>ὥστε</strong></span> <span class='ocrx_word' id='word_1_442' title='bbox 814 3469 1022 3530; x_wconf 83' lang='grc' dir='ltr'><strong>πάντας</strong></span> <span class='ocrx_word' id='word_1_443' title='bbox 1085 3470 1180 3521; x_wconf 72' lang='grc' dir='ltr'><strong>καὶ</strong></span> <span class='ocrx_word' id='word_1_444' title='bbox 1255 3468 1575 3538; x_wconf 78' lang='grc' dir='ltr'><strong>ἀναιρήσειν</strong></span> <span class='ocrx_word' id='word_1_445' title='bbox 1635 3467 1826 3537; x_wconf 79' lang='grc' dir='ltr'><strong>βεσού-</strong></span> 
     </span>
    </p>
   </div>
   <div class='ocr_carea' id='block_1_67' title="bbox 220 3556 1827 3627">
    <p class='ocr_par' dir='ltr' id='par_1_67' title="bbox 220 3556 1827 3627">
     <span class='ocr_line' id='line_1_67' title="bbox 220 3556 1827 3627; baseline 0 -17"><span class='ocrx_word' id='word_1_446' title='bbox 220 3558 366 3627; x_wconf 83' lang='grc' dir='ltr'><strong>λητο</strong></span> <span class='ocrx_word' id='word_1_447' title='bbox 408 3556 552 3625; x_wconf 71' lang='grc'><strong>(21).</strong></span> <span class='ocrx_word' id='word_1_448' title='bbox 597 3557 755 3612; x_wconf 82' lang='grc' dir='ltr'><strong>’Δλλὰ</strong></span> <span class='ocrx_word' id='word_1_449' title='bbox 797 3558 962 3611; x_wconf 78' lang='grc' dir='ltr'><strong>κακοὶ</strong></span> <span class='ocrx_word' id='word_1_450' title='bbox 1000 3558 1234 3627; x_wconf 73' lang='grc' dir='ltr'><strong>ἀρχηγοὶ</strong></span> <span class='ocrx_word' id='word_1_451' title='bbox 1265 3558 1515 3620; x_wconf 80' lang='grc' dir='ltr'><strong>συνόντες</strong></span> <span class='ocrx_word' id='word_1_452' title='bbox 1555 3557 1701 3625; x_wconf 74' lang='grc' dir='ltr'><strong>αὐτῷ</strong></span> <span class='ocrx_word' id='word_1_453' title='bbox 1726 3559 1827 3611; x_wconf 85' lang='grc' dir='ltr'><strong>οὐκ</strong></span> 
     </span>
    </p>
   </div>
   <div class='ocr_carea' id='block_1_68' title="bbox 228 3646 1827 3718">
    <p class='ocr_par' dir='ltr' id='par_1_68' title="bbox 228 3646 1827 3718">
     <span class='ocr_line' id='line_1_68' title="bbox 228 3646 1827 3718; baseline 0 -17"><span class='ocrx_word' id='word_1_454' title='bbox 228 3646 521 3709; x_wconf 71' lang='grc' dir='ltr'><strong>εὐϐούλως</strong></span> <span class='ocrx_word' id='word_1_455' title='bbox 552 3647 869 3702; x_wconf 79' lang='grc' dir='ltr'><strong>ἀνέστειλαν</strong></span> <span class='ocrx_word' id='word_1_456' title='bbox 898 3648 1212 3717; x_wconf 77' lang='grc' dir='ltr'><strong>εἰρηκότες·</strong></span> <span class='ocrx_word' id='word_1_457' title='bbox 1250 3666 1268 3698; x_wconf 78' lang='grc' dir='ltr'><strong>ι</strong></span> <span class='ocrx_word' id='word_1_458' title='bbox 1312 3649 1503 3718; x_wconf 78' lang='grc' dir='ltr'><strong>Ἡμεῖς</strong></span> <span class='ocrx_word' id='word_1_459' title='bbox 1533 3663 1595 3715; x_wconf 87' lang='grc' dir='ltr'><strong>γε</strong></span> <span class='ocrx_word' id='word_1_460' title='bbox 1617 3648 1827 3711; x_wconf 84' lang='grc' dir='ltr'><strong>πάντας</strong></span> 
     </span>
    </p>
   </div>
   <div class='ocr_carea' id='block_1_69' title="bbox 227 3731 1826 3810">
    <p class='ocr_par' dir='ltr' id='par_1_69' title="bbox 227 3731 1826 3810">
     <span class='ocr_line' id='line_1_69' title="bbox 227 3731 1826 3810; baseline 0.001 -16"><span class='ocrx_word' id='word_1_461' title='bbox 227 3739 645 3801; x_wconf 77' lang='grc' dir='ltr'><strong>ὑποπιέσαντες</strong></span> <span class='ocrx_word' id='word_1_462' title='bbox 670 3738 804 3807; x_wconf 70' lang='lat'><strong>(22),</strong></span> <span class='ocrx_word' id='word_1_463' title='bbox 837 3740 938 3792; x_wconf 85' lang='grc' dir='ltr'><strong>οὐκ</strong></span> <span class='ocrx_word' id='word_1_464' title='bbox 961 3738 1042 3792; x_wconf 71' lang='grc' dir='ltr'><strong>ἔτι</strong></span> <span class='ocrx_word' id='word_1_465' title='bbox 1074 3740 1291 3802; x_wconf 82' lang='grc' dir='ltr'><strong>πάντως</strong></span> <span class='ocrx_word' id='word_1_466' title='bbox 1319 3731 1464 3793; x_wconf 76' lang='grc' dir='ltr'><strong>οὗτοι</strong></span> <span class='ocrx_word' id='word_1_467' title='bbox 1495 3740 1826 3810; x_wconf 85' lang='grc' dir='ltr'><strong>τολμήσειαν</strong></span> 
     </span>
    </p>
   </div>
   <div class='ocr_carea' id='block_1_70' title="bbox 226 3832 1825 3903">
    <p class='ocr_par' dir='ltr' id='par_1_70' title="bbox 226 3832 1825 3903">
     <span class='ocr_line' id='line_1_70' title="bbox 226 3832 1825 3903; baseline 0.001 -17"><span class='ocrx_word' id='word_1_468' title='bbox 226 3832 330 3886; x_wconf 80' lang='grc' dir='ltr'><strong>τοῦ</strong></span> <span class='ocrx_word' id='word_1_469' title='bbox 359 3832 558 3886; x_wconf 88' lang='grc' dir='ltr'><strong>λοιποῦ</strong></span> <span class='ocrx_word' id='word_1_470' title='bbox 590 3834 726 3902; x_wconf 79' lang='grc' dir='ltr'><strong>πρὸς</strong></span> <span class='ocrx_word' id='word_1_471' title='bbox 754 3834 899 3903; x_wconf 78' lang='grc' dir='ltr'><strong>ἡμᾶς</strong></span> <span class='ocrx_word' id='word_1_472' title='bbox 933 3832 1350 3895; x_wconf 72' lang='grc' dir='ltr'><strong>ἀντιτάξασθαι.</strong></span> <span class='ocrx_word' id='word_1_473' title='bbox 1390 3833 1542 3902; x_wconf 79' lang='grc' dir='ltr'><strong>Ἤδη</strong></span> <span class='ocrx_word' id='word_1_474' title='bbox 1573 3836 1688 3898; x_wconf 78' lang='grc' dir='ltr'><strong>νὺξ</strong></span> <span class='ocrx_word' id='word_1_475' title='bbox 1734 3852 1825 3889; x_wconf 82' lang='grc' dir='ltr'><strong>τε-</strong></span> 
     </span>
    </p>
   </div>
   <div class='ocr_carea' id='block_1_71' title="bbox 223 3924 1823 3993">
    <p class='ocr_par' dir='ltr' id='par_1_71' title="bbox 223 3924 1823 3993">
     <span class='ocr_line' id='line_1_71' title="bbox 223 3924 1823 3993; baseline 0 -14"><span class='ocrx_word' id='word_1_476' title='bbox 223 3925 427 3988; x_wconf 73' lang='grc' dir='ltr'><strong>λέθει,</strong></span> <span class='ocrx_word' id='word_1_477' title='bbox 473 3925 614 3977; x_wconf 85' lang='grc' dir='ltr'><strong>κατά</strong></span> <span class='ocrx_word' id='word_1_478' title='bbox 660 3924 750 3977; x_wconf 80' lang='grc' dir='ltr'><strong>τὸν</strong></span> <span class='ocrx_word' id='word_1_479' title='bbox 780 3925 1046 3993; x_wconf 81' lang='grc' dir='ltr'><strong>ποιητὴν,</strong></span> <span class='ocrx_word' id='word_1_480' title='bbox 1110 3924 1338 3992; x_wconf 80' lang='grc' dir='ltr'><strong>ἀγαθὸν</strong></span> <span class='ocrx_word' id='word_1_481' title='bbox 1383 3925 1481 3977; x_wconf 77' lang='grc' dir='ltr'><strong>καὶ</strong></span> <span class='ocrx_word' id='word_1_482' title='bbox 1521 3927 1695 3979; x_wconf 77' lang='grc' dir='ltr'><strong>νυκτὶ</strong></span> <span class='ocrx_word' id='word_1_483' title='bbox 1726 3943 1823 3979; x_wconf 85' lang='grc' dir='ltr'><strong>πι-</strong></span> 
     </span>
    </p>
   </div>
   <div class='ocr_carea' id='block_1_72' title="bbox 225 4012 1822 4083">
    <p class='ocr_par' dir='ltr' id='par_1_72' title="bbox 225 4012 1822 4083">
     <span class='ocr_line' id='line_1_72' title="bbox 225 4012 1822 4083; baseline -0.001 -15"><span class='ocrx_word' id='word_1_484' title='bbox 225 4014 457 4068; x_wconf 80' lang='grc' dir='ltr'><strong>θέσθαι</strong></span> <span class='ocrx_word' id='word_1_485' title='bbox 484 4013 528 4045; x_wconf 82' lang='grc'><strong>⁹²</strong></span> <span class='ocrx_word' id='word_1_486' title='bbox 564 4012 700 4082; x_wconf 70' lang='grc'><strong>(25).</strong></span> <span class='ocrx_word' id='word_1_487' title='bbox 732 4013 1126 4081; x_wconf 85' lang='grc' dir='ltr'><strong>Δυσπεφόρηκε</strong></span> <span class='ocrx_word' id='word_1_488' title='bbox 1172 4013 1278 4082; x_wconf 86' lang='grc' dir='ltr'><strong>γὰρ</strong></span> <span class='ocrx_word' id='word_1_489' title='bbox 1309 4013 1338 4064; x_wconf 81' lang='grc' dir='ltr'>ὁ</span> <span class='ocrx_word' id='word_1_490' title='bbox 1381 4013 1531 4075; x_wconf 82' lang='grc' dir='ltr'><strong>λαός.</strong></span> <span class='ocrx_word' id='word_1_491' title='bbox 1564 4015 1822 4083; x_wconf 74' lang='grc' dir='ltr'><strong>’Ἄγωμεν</strong></span> 
     </span>
    </p>
   </div>
   <div class='ocr_carea' id='block_1_73' title="bbox 224 4102 1825 4174">
    <p class='ocr_par' dir='ltr' id='par_1_73' title="bbox 224 4102 1825 4174">
     <span class='ocr_line' id='line_1_73' title="bbox 224 4102 1825 4174; baseline 0 -17"><span class='ocrx_word' id='word_1_492' title='bbox 224 4107 312 4165; x_wconf 82' lang='grc' dir='ltr'><strong>εἰς</strong></span> <span class='ocrx_word' id='word_1_493' title='bbox 340 4103 454 4167; x_wconf 83' lang='grc' dir='ltr'><strong>τὰς</strong></span> <span class='ocrx_word' id='word_1_494' title='bbox 483 4103 757 4173; x_wconf 84' lang='grc' dir='ltr'><strong>ἡμετέρας</strong></span> <span class='ocrx_word' id='word_1_495' title='bbox 793 4102 1016 4171; x_wconf 84' lang='grc' dir='ltr'><strong>σκηνὰς,</strong></span> <span class='ocrx_word' id='word_1_496' title='bbox 1043 4103 1137 4155; x_wconf 76' lang='grc' dir='ltr'><strong>καὶ</strong></span> <span class='ocrx_word' id='word_1_497' title='bbox 1164 4103 1380 4172; x_wconf 82' lang='grc' dir='ltr'><strong>πρωΐας</strong></span> <span class='ocrx_word' id='word_1_498' title='bbox 1405 4103 1825 4174; x_wconf 88' lang='grc' dir='ltr'><strong>ὲπιλαμπούσης</strong></span> 
     </span>
    </p>
   </div>
   <div class='ocr_carea' id='block_1_74' title="bbox 222 4192 1825 4267">
    <p class='ocr_par' dir='ltr' id='par_1_74' title="bbox 222 4192 1825 4267">
     <span class='ocr_line' id='line_1_74' title="bbox 222 4192 1825 4267; baseline 0.001 -21"><span class='ocrx_word' id='word_1_499' title='bbox 222 4194 576 4267; x_wconf 61' lang='grc' dir='ltr'><strong>ἀφιξώμεθα</strong></span> <span class='ocrx_word' id='word_1_500' title='bbox 617 4195 711 4247; x_wconf 80' lang='grc' dir='ltr'><strong>καὶ</strong></span> <span class='ocrx_word' id='word_1_501' title='bbox 744 4193 1106 4264; x_wconf 86' lang='grc' dir='ltr'><strong>κατάσχωμεν</strong></span> <span class='ocrx_word' id='word_1_502' title='bbox 1139 4192 1355 4257; x_wconf 79' lang='grc' dir='ltr'><strong>αὐτούς.</strong></span> <span class='ocrx_word' id='word_1_503' title='bbox 1391 4211 1410 4246; x_wconf 70' lang='grc' dir='ltr'><strong>ι</strong></span> <span class='ocrx_word' id='word_1_504' title='bbox 1456 4194 1568 4248; x_wconf 77' lang='grc' dir='ltr'><strong>Καὶ</strong></span> <span class='ocrx_word' id='word_1_505' title='bbox 1613 4194 1678 4263; x_wconf 81' lang='grc' dir='ltr'><strong>δὴ</strong></span> <span class='ocrx_word' id='word_1_506' title='bbox 1711 4196 1825 4258; x_wconf 78' lang='grc' dir='ltr'><strong>τοῖς</strong></span> 
     </span>
    </p>
   </div>
   <div class='ocr_carea' id='block_1_75' title="bbox 1916 3190 3504 3263">
    <p class='ocr_par' dir='ltr' id='par_1_75' title="bbox 1916 3190 3504 3263">
     <span class='ocr_line' id='line_1_75' title="bbox 1916 3190 3504 3263; baseline -0.002 -15"><span class='ocrx_word' id='word_1_507' title='bbox 1916 3201 2095 3248; x_wconf 89' lang='lat' dir='ltr'><strong>naret.</strong></span> <span class='ocrx_word' id='word_1_508' title='bbox 2132 3191 2364 3263; x_wconf 68' lang='grc' dir='ltr'><strong>49ρυί</strong></span> <span class='ocrx_word' id='word_1_509' title='bbox 2399 3200 2690 3260; x_wconf 88' lang='lat' dir='ltr'><strong>postquam</strong></span> <span class='ocrx_word' id='word_1_510' title='bbox 2728 3206 2796 3245; x_wconf 91' lang='lat' dir='ltr'><strong>eo</strong></span> <span class='ocrx_word' id='word_1_511' title='bbox 2820 3190 3160 3259; x_wconf 83' lang='lat' dir='ltr'><strong>pervenisset</strong></span> <span class='ocrx_word' id='word_1_512' title='bbox 3203 3205 3327 3244; x_wconf 89' lang='lat' dir='ltr'><strong>cum</strong></span> <span class='ocrx_word' id='word_1_513' title='bbox 3377 3205 3504 3260; x_wconf 86' lang='lat' dir='ltr'><strong>sep-</strong></span> 
     </span>
    </p>
   </div>
   <div class='ocr_carea' id='block_1_76' title="bbox 1920 3281 3485 3350">
    <p class='ocr_par' dir='ltr' id='par_1_76' title="bbox 1920 3281 3485 3350">
     <span class='ocr_line' id='line_1_76' title="bbox 1920 3281 3485 3350; baseline -0.003 -12"><span class='ocrx_word' id='word_1_514' title='bbox 1920 3285 2163 3350; x_wconf 81' lang='lat' dir='ltr'><strong>tuaginta</strong></span> <span class='ocrx_word' id='word_1_515' title='bbox 2192 3283 2449 3345; x_wconf 87' lang='lat' dir='ltr'><strong>navibus,</strong></span> <span class='ocrx_word' id='word_1_516' title='bbox 2480 3298 2605 3337; x_wconf 91' lang='lat' dir='ltr'><strong>cum</strong></span> <span class='ocrx_word' id='word_1_517' title='bbox 2634 3281 2743 3336; x_wconf 86' lang='lat' dir='ltr'><strong>illis</strong></span> <span class='ocrx_word' id='word_1_518' title='bbox 2771 3282 2917 3335; x_wconf 90' lang='lat' dir='ltr'><strong>bello</strong></span> <span class='ocrx_word' id='word_1_519' title='bbox 2946 3281 3196 3335; x_wconf 82' lang='lat' dir='ltr'><strong>conﬂixit</strong></span> <span class='ocrx_word' id='word_1_520' title='bbox 3238 3282 3308 3335; x_wconf 90' lang='lat' dir='ltr'><strong>ab</strong></span> <span class='ocrx_word' id='word_1_521' title='bbox 3359 3289 3485 3335; x_wconf 91' lang='lat' dir='ltr'><strong>ortu</strong></span> 
     </span>
    </p>
   </div>
   <div class='ocr_carea' id='block_1_77' title="bbox 1920 3373 3499 3444">
    <p class='ocr_par' dir='ltr' id='par_1_77' title="bbox 1920 3373 3499 3444">
     <span class='ocr_line' id='line_1_77' title="bbox 1920 3373 3499 3444; baseline -0.003 -13"><span class='ocrx_word' id='word_1_522' title='bbox 1920 3377 2050 3431; x_wconf 85' lang='lat' dir='ltr'><strong>solis</strong></span> <span class='ocrx_word' id='word_1_523' title='bbox 2079 3376 2145 3431; x_wconf 89' lang='lat' dir='ltr'><strong>ad</strong></span> <span class='ocrx_word' id='word_1_524' title='bbox 2176 3390 2454 3438; x_wconf 88' lang='lat' dir='ltr'><strong>occasum,</strong></span> <span class='ocrx_word' id='word_1_525' title='bbox 2488 3375 2885 3444; x_wconf 88' lang='lat' dir='ltr'><strong>superavitque</strong></span> <span class='ocrx_word' id='word_1_526' title='bbox 2916 3373 3056 3427; x_wconf 87' lang='lat' dir='ltr'><strong>adeo</strong></span> <span class='ocrx_word' id='word_1_527' title='bbox 3086 3382 3145 3427; x_wconf 93' lang='lat' dir='ltr'><strong>ut</strong></span> <span class='ocrx_word' id='word_1_528' title='bbox 3182 3388 3377 3428; x_wconf 89' lang='lat' dir='ltr'><strong>omnes</strong></span> <span class='ocrx_word' id='word_1_529' title='bbox 3407 3373 3499 3426; x_wconf 84' lang='lat' dir='ltr'><strong>in-</strong></span> 
     </span>
    </p>
   </div>
   <div class='ocr_carea' id='block_1_78' title="bbox 1922 3466 3503 3538">
    <p class='ocr_par' dir='ltr' id='par_1_78' title="bbox 1922 3466 3503 3538">
     <span class='ocr_line' id='line_1_78' title="bbox 1922 3466 3503 3538; baseline -0.001 -17"><span class='ocrx_word' id='word_1_530' title='bbox 1922 3469 2176 3522; x_wconf 86' lang='lat' dir='ltr'><strong>terticere</strong></span> <span class='ocrx_word' id='word_1_531' title='bbox 2203 3468 2487 3538; x_wconf 85' lang='lat' dir='ltr'><strong>cogitaret.</strong></span> <span class='ocrx_word' id='word_1_532' title='bbox 2547 3467 2654 3522; x_wconf 88' lang='lat' dir='ltr'><strong>Sed</strong></span> <span class='ocrx_word' id='word_1_533' title='bbox 2716 3467 2899 3537; x_wconf 85' lang='lat' dir='ltr'><strong>ignavi</strong></span> <span class='ocrx_word' id='word_1_534' title='bbox 2948 3466 3139 3530; x_wconf 87' lang='lat' dir='ltr'><strong>duces,</strong></span> <span class='ocrx_word' id='word_1_535' title='bbox 3199 3466 3294 3534; x_wconf 89' lang='lat' dir='ltr'><strong>qui</strong></span> <span class='ocrx_word' id='word_1_536' title='bbox 3341 3471 3503 3520; x_wconf 87' lang='lat' dir='ltr'><strong>erant</strong></span> 
     </span>
    </p>
   </div>
   <div class='ocr_carea' id='block_1_79' title="bbox 1924 3559 3501 3629">
    <p class='ocr_par' dir='ltr' id='par_1_79' title="bbox 1924 3559 3501 3629">
     <span class='ocr_line' id='line_1_79' title="bbox 1924 3559 3501 3629; baseline -0.001 -15"><span class='ocrx_word' id='word_1_537' title='bbox 1924 3559 2070 3629; x_wconf 91' lang='lat' dir='ltr'><strong>apud</strong></span> <span class='ocrx_word' id='word_1_538' title='bbox 2103 3560 2307 3629; x_wconf 90' lang='lat' dir='ltr'><strong>ipsum,</strong></span> <span class='ocrx_word' id='word_1_539' title='bbox 2340 3560 2584 3629; x_wconf 88' lang='lat' dir='ltr'><strong>pessimo</strong></span> <span class='ocrx_word' id='word_1_540' title='bbox 2632 3560 2867 3615; x_wconf 91' lang='lat' dir='ltr'><strong>consilio</strong></span> <span class='ocrx_word' id='word_1_541' title='bbox 2910 3568 3301 3629; x_wconf 88' lang='lat' dir='ltr'><strong>represserunt</strong></span> <span class='ocrx_word' id='word_1_542' title='bbox 3348 3574 3501 3622; x_wconf 85' lang='lat' dir='ltr'><strong>eum.</strong></span> 
     </span>
    </p>
   </div>
   <div class='ocr_carea' id='block_1_80' title="bbox 1925 3650 3501 3726">
    <p class='ocr_par' dir='ltr' id='par_1_80' title="bbox 1925 3650 3501 3726">
     <span class='ocr_line' id='line_1_80' title="bbox 1925 3650 3501 3726; baseline -0.001 -21"><span class='ocrx_word' id='word_1_543' title='bbox 1925 3650 2218 3707; x_wconf 90' lang='lat' dir='ltr'><strong>dicentes:</strong></span> <span class='ocrx_word' id='word_1_544' title='bbox 2256 3671 2273 3704; x_wconf 79' lang='grc' dir='ltr'><strong>ι</strong></span> <span class='ocrx_word' id='word_1_545' title='bbox 2310 3651 2447 3707; x_wconf 93' lang='lat' dir='ltr'><strong>Cum</strong></span> <span class='ocrx_word' id='word_1_546' title='bbox 2477 3668 2580 3707; x_wconf 89' lang='lat' dir='ltr'><strong>nos</strong></span> <span class='ocrx_word' id='word_1_547' title='bbox 2620 3653 2912 3708; x_wconf 88' lang='lat' dir='ltr'><strong>universos</strong></span> <span class='ocrx_word' id='word_1_548' title='bbox 2954 3652 3080 3707; x_wconf 86' lang='lat' dir='ltr'><strong>illos</strong></span> <span class='ocrx_word' id='word_1_549' title='bbox 3118 3652 3252 3708; x_wconf 89' lang='lat' dir='ltr'><strong>satis</strong></span> <span class='ocrx_word' id='word_1_550' title='bbox 3294 3650 3501 3726; x_wconf 60' lang='lat' dir='ltr'><strong>afﬂixe-</strong></span> 
     </span>
    </p>
   </div>
   <div class='ocr_carea' id='block_1_81' title="bbox 1921 3743 3502 3814">
    <p class='ocr_par' dir='ltr' id='par_1_81' title="bbox 1921 3743 3502 3814">
     <span class='ocr_line' id='line_1_81' title="bbox 1921 3743 3502 3814; baseline 0.001 -18"><span class='ocrx_word' id='word_1_551' title='bbox 1921 3743 2117 3809; x_wconf 84' lang='lat' dir='ltr'><strong>rimus,</strong></span> <span class='ocrx_word' id='word_1_552' title='bbox 2145 3744 2289 3799; x_wconf 88' lang='lat' dir='ltr'><strong>haud</strong></span> <span class='ocrx_word' id='word_1_553' title='bbox 2318 3746 2553 3814; x_wconf 88' lang='lat' dir='ltr'><strong>amplius</strong></span> <span class='ocrx_word' id='word_1_554' title='bbox 2590 3744 2872 3799; x_wconf 88' lang='lat' dir='ltr'><strong>audebunt</strong></span> <span class='ocrx_word' id='word_1_555' title='bbox 2898 3744 3165 3814; x_wconf 88' lang='lat' dir='ltr'><strong>deinceps</strong></span> <span class='ocrx_word' id='word_1_556' title='bbox 3214 3745 3332 3799; x_wconf 86' lang='lat' dir='ltr'><strong>acie</strong></span> <span class='ocrx_word' id='word_1_557' title='bbox 3363 3758 3502 3798; x_wconf 88' lang='lat' dir='ltr'><strong>con-</strong></span> 
     </span>
    </p>
   </div>
   <div class='ocr_carea' id='block_1_82' title="bbox 1928 3834 3503 3905">
    <p class='ocr_par' dir='ltr' id='par_1_82' title="bbox 1928 3834 3503 3905">
     <span class='ocr_line' id='line_1_82' title="bbox 1928 3834 3503 3905; baseline -0.001 -17"><span class='ocrx_word' id='word_1_558' title='bbox 1928 3834 2085 3905; x_wconf 87' lang='lat' dir='ltr'><strong>gredi</strong></span> <span class='ocrx_word' id='word_1_559' title='bbox 2112 3853 2126 3889; x_wconf 87' lang='lat'><strong>:</strong></span> <span class='ocrx_word' id='word_1_560' title='bbox 2158 3836 2223 3888; x_wconf 86' lang='lat' dir='ltr'><strong>Et</strong></span> <span class='ocrx_word' id='word_1_561' title='bbox 2245 3836 2364 3904; x_wconf 83' lang='lat' dir='ltr'><strong>jam</strong></span> <span class='ocrx_word' id='word_1_562' title='bbox 2393 3851 2495 3887; x_wconf 78' lang='lat' dir='ltr'><strong>nox</strong></span> <span class='ocrx_word' id='word_1_563' title='bbox 2528 3835 2744 3887; x_wconf 81' lang='lat' dir='ltr'><strong>humida</strong></span> <span class='ocrx_word' id='word_1_564' title='bbox 2770 3835 2900 3887; x_wconf 70' lang='lat' dir='ltr'><strong>calo</strong></span> <span class='ocrx_word' id='word_1_565' title='bbox 2926 3834 3257 3904; x_wconf 67' lang='lat' dir='ltr'><strong>Praecipitat,</strong></span> <span class='ocrx_word' id='word_1_566' title='bbox 3297 3849 3503 3888; x_wconf 84' lang='lat' dir='ltr'><strong>secun—</strong></span> 
     </span>
    </p>
   </div>
   <div class='ocr_carea' id='block_1_83' title="bbox 1927 3925 3501 3995">
    <p class='ocr_par' dir='ltr' id='par_1_83' title="bbox 1927 3925 3501 3995">
     <span class='ocr_line' id='line_1_83' title="bbox 1927 3925 3501 3995; baseline 0 -17"><span class='ocrx_word' id='word_1_567' title='bbox 1927 3925 2056 3978; x_wconf 92' lang='lat' dir='ltr'><strong>dum</strong></span> <span class='ocrx_word' id='word_1_568' title='bbox 2089 3934 2327 3992; x_wconf 89' lang='lat' dir='ltr'><strong>poetam,</strong></span> <span class='ocrx_word' id='word_1_569' title='bbox 2379 3926 2703 3995; x_wconf 83' lang='lat' dir='ltr'><strong>suadentque</strong></span> <span class='ocrx_word' id='word_1_570' title='bbox 2752 3926 2996 3979; x_wconf 76' lang='lat' dir='ltr'><strong>cadentia</strong></span> <span class='ocrx_word' id='word_1_571' title='bbox 3059 3926 3237 3978; x_wconf 78' lang='lat' dir='ltr'><strong>sidera</strong></span> <span class='ocrx_word' id='word_1_572' title='bbox 3264 3942 3501 3978; x_wconf 79' lang='lat' dir='ltr'><strong>somnos.</strong></span> 
     </span>
    </p>
   </div>
   <div class='ocr_carea' id='block_1_84' title="bbox 1930 4016 3506 4086">
    <p class='ocr_par' dir='ltr' id='par_1_84' title="bbox 1930 4016 3506 4086">
     <span class='ocr_line' id='line_1_84' title="bbox 1930 4016 3506 4086; baseline 0.001 -18"><span class='ocrx_word' id='word_1_573' title='bbox 1930 4016 2257 4085; x_wconf 83' lang='lat' dir='ltr'><strong>indignatur</strong></span> <span class='ocrx_word' id='word_1_574' title='bbox 2300 4017 2445 4070; x_wconf 88' lang='lat' dir='ltr'><strong>enim</strong></span> <span class='ocrx_word' id='word_1_575' title='bbox 2500 4017 2756 4086; x_wconf 91' lang='lat' dir='ltr'><strong>populus.</strong></span> <span class='ocrx_word' id='word_1_576' title='bbox 2812 4017 3018 4071; x_wconf 89' lang='lat' dir='ltr'><strong>Eamus</strong></span> <span class='ocrx_word' id='word_1_577' title='bbox 3042 4016 3096 4070; x_wconf 93' lang='lat' dir='ltr'><strong>in</strong></span> <span class='ocrx_word' id='word_1_578' title='bbox 3150 4016 3506 4071; x_wconf 88' lang='lat' dir='ltr'><strong>tabernacula</strong></span> 
     </span>
    </p>
   </div>
   <div class='ocr_carea' id='block_1_85' title="bbox 1932 4107 3507 4179">
    <p class='ocr_par' dir='ltr' id='par_1_85' title="bbox 1932 4107 3507 4179">
     <span class='ocr_line' id='line_1_85' title="bbox 1932 4107 3507 4179; baseline 0.001 -17"><span class='ocrx_word' id='word_1_579' title='bbox 1932 4116 2142 4171; x_wconf 90' lang='lat' dir='ltr'><strong>nostra,</strong></span> <span class='ocrx_word' id='word_1_580' title='bbox 2169 4117 2226 4163; x_wconf 91' lang='lat' dir='ltr'><strong>et</strong></span> <span class='ocrx_word' id='word_1_581' title='bbox 2251 4125 2409 4163; x_wconf 89' lang='lat' dir='ltr'><strong>mane</strong></span> <span class='ocrx_word' id='word_1_582' title='bbox 2443 4110 2797 4166; x_wconf 86' lang='lat' dir='ltr'><strong>illucescente</strong></span> <span class='ocrx_word' id='word_1_583' title='bbox 2835 4107 3123 4166; x_wconf 86' lang='lat' dir='ltr'><strong>veniamus</strong></span> <span class='ocrx_word' id='word_1_584' title='bbox 3174 4124 3381 4179; x_wconf 89' lang='lat' dir='ltr'><strong>eosque</strong></span> <span class='ocrx_word' id='word_1_585' title='bbox 3406 4124 3507 4178; x_wconf 85' lang='lat' dir='ltr'><strong>op-</strong></span> 
     </span>
    </p>
   </div>
   <div class='ocr_carea' id='block_1_86' title="bbox 1932 4202 3509 4274">
    <p class='ocr_par' dir='ltr' id='par_1_86' title="bbox 1932 4202 3509 4274">
     <span class='ocr_line' id='line_1_86' title="bbox 1932 4202 3509 4274; baseline 0 -20"><span class='ocrx_word' id='word_1_586' title='bbox 1932 4202 2257 4271; x_wconf 87' lang='lat' dir='ltr'><strong>primamus.</strong></span> <span class='ocrx_word' id='word_1_587' title='bbox 2292 4221 2310 4255; x_wconf 81' lang='grc'><strong>»</strong></span> <span class='ocrx_word' id='word_1_588' title='bbox 2339 4202 2518 4274; x_wconf 85' lang='lat' dir='ltr'><strong>Atque</strong></span> <span class='ocrx_word' id='word_1_589' title='bbox 2549 4202 2635 4258; x_wconf 91' lang='lat' dir='ltr'><strong>his</strong></span> <span class='ocrx_word' id='word_1_590' title='bbox 2660 4205 2848 4259; x_wconf 81' lang='lat' dir='ltr'><strong>verbis</strong></span> <span class='ocrx_word' id='word_1_591' title='bbox 2877 4204 3143 4273; x_wconf 87' lang='lat' dir='ltr'><strong>deceptus</strong></span> <span class='ocrx_word' id='word_1_592' title='bbox 3173 4203 3228 4257; x_wconf 91' lang='lat' dir='ltr'><strong>in</strong></span> <span class='ocrx_word' id='word_1_593' title='bbox 3255 4202 3509 4256; x_wconf 87' lang='lat' dir='ltr'><strong>taberna-</strong></span> 
     </span>
    </p>
   </div>
   <div class='ocr_carea' id='block_1_87' title="bbox 1542 4333 2236 4399">
    <p class='ocr_par' dir='ltr' id='par_1_87' title="bbox 1542 4333 2236 4399">
     <span class='ocr_line' id='line_1_87' title="bbox 1542 4333 2236 4399; baseline 0.012 -9"><span class='ocrx_word' id='word_1_594' title='bbox 1542 4333 1780 4390; x_wconf 65' lang='lat' dir='ltr'><strong>VARIE</strong></span> <span class='ocrx_word' id='word_1_595' title='bbox 1826 4335 2236 4399; x_wconf 83' lang='lat' dir='ltr'><strong>LECTIONES.</strong></span> 
     </span>
    </p>
   </div>
   <div class='ocr_carea' id='block_1_88' title="bbox 295 4424 3509 4504">
    <p class='ocr_par' dir='ltr' id='par_1_88' title="bbox 295 4424 3509 4504">
     <span class='ocr_line' id='line_1_88' title="bbox 295 4424 3509 4504; baseline -0.002 -16"><span class='ocrx_word' id='word_1_596' title='bbox 295 4435 347 4467; x_wconf 71' lang='grc' dir='ltr'><strong>’ν</strong></span> <span class='ocrx_word' id='word_1_597' title='bbox 378 4435 508 4488; x_wconf 88' lang='lat' dir='ltr'><strong>imo</strong></span> <span class='ocrx_word' id='word_1_598' title='bbox 533 4426 933 4504; x_wconf 24' lang='lat' dir='ltr'><strong>A’AAﬂ’SX‘qd/fEn</strong></span> <span class='ocrx_word' id='word_1_599' title='bbox 978 4424 1403 4504; x_wconf 59' lang='lat' dir='ltr'><strong>”_7:elomvﬁaw</strong></span> <span class='ocrx_word' id='word_1_600' title='bbox 1428 4424 1490 4481; x_wconf 86' lang='grc' dir='ltr'><strong>Ι..</strong></span> <span class='ocrx_word' id='word_1_601' title='bbox 1564 4427 1610 4460; x_wconf 73' lang='grc'>⁸⁸</span> <span class='ocrx_word' id='word_1_602' title='bbox 1638 4427 2221 4502; x_wconf 81' lang='grc' dir='ltr'><strong>ὅ-τεσαρακοντάπηχυς</strong></span> <span class='ocrx_word' id='word_1_603' title='bbox 2254 4431 2314 4486; x_wconf 90' lang='lat' dir='ltr'><strong>L.</strong></span> <span class='ocrx_word' id='word_1_604' title='bbox 2406 4432 2454 4465; x_wconf 83' lang='lat'><strong>”</strong></span> <span class='ocrx_word' id='word_1_605' title='bbox 2477 4431 2536 4498; x_wconf 77' lang='grc' dir='ltr'><strong>ὃς</strong></span> <span class='ocrx_word' id='word_1_606' title='bbox 2564 4431 2831 4504; x_wconf 85' lang='grc' dir='ltr'><strong>γορτύνης</strong></span> <span class='ocrx_word' id='word_1_607' title='bbox 2857 4432 2919 4487; x_wconf 88' lang='lat' dir='ltr'><strong>L.</strong></span> <span class='ocrx_word' id='word_1_608' title='bbox 2993 4432 3037 4465; x_wconf 80' lang='grc'><strong>⁹¹</strong></span> <span class='ocrx_word' id='word_1_609' title='bbox 3079 4432 3173 4486; x_wconf 70' lang='grc' dir='ltr'><strong>καὶ</strong></span> <span class='ocrx_word' id='word_1_610' title='bbox 3203 4440 3330 4486; x_wconf 87' lang='lat' dir='ltr'><strong>ante</strong></span> <span class='ocrx_word' id='word_1_611' title='bbox 3364 4426 3509 4484; x_wconf 84' lang='grc' dir='ltr'><strong>κατά</strong></span> 
     </span>
    </p>
   </div>
   <div class='ocr_carea' id='block_1_89' title="bbox 220 4496 1065 4566">
    <p class='ocr_par' dir='ltr' id='par_1_89' title="bbox 220 4496 1065 4566">
     <span class='ocr_line' id='line_1_89' title="bbox 220 4496 1065 4566; baseline -0.008 -6"><span class='ocrx_word' id='word_1_612' title='bbox 220 4522 342 4560; x_wconf 86' lang='lat' dir='ltr'><strong>om.</strong></span> <span class='ocrx_word' id='word_1_613' title='bbox 370 4504 439 4559; x_wconf 85' lang='lat' dir='ltr'><strong>L.</strong></span> <span class='ocrx_word' id='word_1_614' title='bbox 528 4502 573 4534; x_wconf 81' lang='lat'><strong>”</strong></span> <span class='ocrx_word' id='word_1_615' title='bbox 599 4496 882 4553; x_wconf 79' lang='grc' dir='ltr'><strong>πειθέσθαι</strong></span> <span class='ocrx_word' id='word_1_616' title='bbox 909 4496 975 4551; x_wconf 90' lang='lat' dir='ltr'><strong>L.</strong></span> <span class='ocrx_word' id='word_1_617' title='bbox 1018 4499 1065 4566; x_wconf 66' lang='grc' dir='ltr'><strong>ε.</strong></span> 
     </span>
    </p>
   </div>
   <div class='ocr_carea' id='block_1_90' title="bbox 1401 4609 2287 4672">
    <p class='ocr_par' dir='ltr' id='par_1_90' title="bbox 1401 4609 2287 4672">
     <span class='ocr_line' id='line_1_90' title="bbox 1401 4609 2287 4672; baseline 0.007 -7"><span class='ocrx_word' id='word_1_618' title='bbox 1401 4609 1645 4665; x_wconf 83' lang='lat' dir='ltr'><strong>STEPH.</strong></span> <span class='ocrx_word' id='word_1_619' title='bbox 1676 4611 2021 4671; x_wconf 78' lang='lat' dir='ltr'><strong>BERGLERI</strong></span> <span class='ocrx_word' id='word_1_620' title='bbox 2059 4616 2287 4672; x_wconf 61' lang='grc' dir='ltr'><strong>ΝΟΤᾸΕ.</strong></span> 
     </span>
    </p>
   </div>
   <div class='ocr_carea' id='block_1_91' title="bbox 219 4704 3503 4785">
    <p class='ocr_par' dir='ltr' id='par_1_91' title="bbox 219 4704 3503 4785">
     <span class='ocr_line' id='line_1_91' title="bbox 219 4704 3503 4785; baseline -0.005 -14"><span class='ocrx_word' id='word_1_621' title='bbox 219 4732 339 4785; x_wconf 75' lang='lat' dir='ltr'><strong>q&#39;te</strong></span> <span class='ocrx_word' id='word_1_622' title='bbox 375 4709 753 4785; x_wconf 73' lang='lat' dir='ltr'><strong>divinandum</strong></span> <span class='ocrx_word' id='word_1_623' title='bbox 773 4705 1060 4785; x_wconf 84' lang='lat' dir='ltr'><strong>_l_&#39;uitquod</strong></span> <span class='ocrx_word' id='word_1_624' title='bbox 1084 4704 1344 4785; x_wconf 75' lang='lat' dir='ltr'><strong>voluerit.</strong></span> <span class='ocrx_word' id='word_1_625' title='bbox 1377 4705 1582 4785; x_wconf 63' lang='lat' dir='ltr'><strong>Nempe</strong></span> <span class='ocrx_word' id='word_1_626' title='bbox 1626 4706 1822 4785; x_wconf 80' lang='lat' dir='ltr'><strong>viden-</strong></span> <span class='ocrx_word' id='word_1_627' title='bbox 1856 4712 1900 4766; x_wconf 89' lang='lat' dir='ltr'><strong>D</strong></span> <span class='ocrx_word' id='word_1_628' title='bbox 1932 4710 2057 4763; x_wconf 80' lang='grc' dir='ltr'><strong>στοῦ</strong></span> <span class='ocrx_word' id='word_1_629' title='bbox 2083 4712 2201 4785; x_wconf 75' lang='grc' dir='ltr'><strong>τότε</strong></span> <span class='ocrx_word' id='word_1_630' title='bbox 2229 4707 2699 4785; x_wconf 50' lang='grc' dir='ltr'><strong>μαρεὲρῃσάγςων</strong></span> <span class='ocrx_word' id='word_1_631' title='bbox 2722 4706 2830 4785; x_wconf 43' lang='lat' dir='ltr'><strong>regit</strong></span> <span class='ocrx_word' id='word_1_632' title='bbox 2843 4705 2950 4758; x_wconf 80' lang='grc' dir='ltr'><strong>τῶν</strong></span> <span class='ocrx_word' id='word_1_633' title='bbox 2966 4705 3099 4758; x_wconf 82' lang='grc' dir='ltr'><strong>δέκα</strong></span> <span class='ocrx_word' id='word_1_634' title='bbox 3134 4704 3503 4785; x_wconf 57' lang='grc' dir='ltr'><strong>περιωνύμςιξν</strong></span> 
     </span>
    </p>
   </div>
   <div class='ocr_carea' id='block_1_92' title="bbox 224 4773 1826 4849">
    <p class='ocr_par' dir='ltr' id='par_1_92' title="bbox 224 4773 1826 4849">
     <span class='ocr_line' id='line_1_92' title="bbox 224 4773 1826 4849; baseline -0.005 -10"><span class='ocrx_word' id='word_1_635' title='bbox 224 4773 322 4839; x_wconf 84' lang='grc' dir='ltr'><strong>ιίιι·</strong></span> <span class='ocrx_word' id='word_1_636' title='bbox 348 4801 415 4839; x_wconf 88' lang='lat' dir='ltr'><strong>se</strong></span> <span class='ocrx_word' id='word_1_637' title='bbox 444 4790 650 4849; x_wconf 87' lang='lat' dir='ltr'><strong>sponte</strong></span> <span class='ocrx_word' id='word_1_638' title='bbox 684 4773 1010 4849; x_wconf 23' lang='lat' dir='ltr'><strong>dedissegea</strong></span> <span class='ocrx_word' id='word_1_639' title='bbox 1034 4773 1349 4849; x_wconf 85' lang='lat' dir='ltr'><strong>conditione</strong></span> <span class='ocrx_word' id='word_1_640' title='bbox 1377 4783 1437 4828; x_wconf 92' lang='lat' dir='ltr'><strong>ut</strong></span> <span class='ocrx_word' id='word_1_641' title='bbox 1459 4773 1699 4829; x_wconf 86' lang='lat' dir='ltr'><strong>liberum</strong></span> <span class='ocrx_word' id='word_1_642' title='bbox 1729 4778 1826 4832; x_wconf 86' lang='lat' dir='ltr'><strong>ha-</strong></span> 
     </span>
    </p>
   </div>
   <div class='ocr_carea' id='block_1_93' title="bbox 220 4846 1100 4915">
    <p class='ocr_par' dir='ltr' id='par_1_93' title="bbox 220 4846 1100 4915">
     <span class='ocr_line' id='line_1_93' title="bbox 220 4846 1100 4915; baseline -0.016 -3"><span class='ocrx_word' id='word_1_643' title='bbox 220 4856 406 4911; x_wconf 81' lang='lat' dir='ltr'><strong>beant</strong></span> <span class='ocrx_word' id='word_1_644' title='bbox 429 4846 766 4906; x_wconf 70' lang='lat' dir='ltr'><strong>eiercitinm</strong></span> <span class='ocrx_word' id='word_1_645' title='bbox 800 4846 1100 4915; x_wconf 83' lang='lat' dir='ltr'><strong>religionis.</strong></span> 
     </span>
    </p>
   </div>
   <div class='ocr_carea' id='block_1_94' title="bbox 300 4912 1822 4995">
    <p class='ocr_par' dir='ltr' id='par_1_94' title="bbox 300 4912 1822 4995">
     <span class='ocr_line' id='line_1_94' title="bbox 300 4912 1822 4995; baseline -0.005 -18"><span class='ocrx_word' id='word_1_646' title='bbox 300 4924 428 4995; x_wconf 75' lang='grc' dir='ltr'><strong>(Ιὲ)</strong></span> <span class='ocrx_word' id='word_1_647' title='bbox 470 4921 512 4995; x_wconf 82' lang='lat' dir='ltr'><strong>l_.</strong></span> <span class='ocrx_word' id='word_1_648' title='bbox 542 4935 592 4995; x_wconf 90' lang='lat' dir='ltr'><strong>e_.</strong></span> <span class='ocrx_word' id='word_1_649' title='bbox 622 4935 867 4995; x_wconf 60' lang='lat' dir='ltr'><strong>quorum.</strong></span> <span class='ocrx_word' id='word_1_650' title='bbox 893 4912 1014 4995; x_wconf 69' lang='lat' dir='ltr'><strong>quae</strong></span> <span class='ocrx_word' id='word_1_651' title='bbox 1046 4912 1428 4995; x_wconf 69' lang='lat' dir='ltr'><strong>esttransitio</strong></span> <span class='ocrx_word' id='word_1_652' title='bbox 1452 4923 1508 4968; x_wconf 91' lang='lat' dir='ltr'><strong>et</strong></span> <span class='ocrx_word' id='word_1_653' title='bbox 1529 4915 1822 4995; x_wconf 57' lang='lat' dir='ltr'><strong>connesio,</strong></span> 
     </span>
    </p>
   </div>
   <div class='ocr_carea' id='block_1_95' title="bbox 222 4984 1821 5065">
    <p class='ocr_par' dir='ltr' id='par_1_95' title="bbox 222 4984 1821 5065">
     <span class='ocr_line' id='line_1_95' title="bbox 222 4984 1821 5065; baseline -0.004 -20"><span class='ocrx_word' id='word_1_654' title='bbox 222 4984 439 5065; x_wconf 71' lang='lat' dir='ltr'><strong>quales</strong></span> <span class='ocrx_word' id='word_1_655' title='bbox 493 4984 655 5044; x_wconf 81' lang='lat' dir='ltr'><strong>istius</strong></span> <span class='ocrx_word' id='word_1_656' title='bbox 708 4984 948 5065; x_wconf 82' lang='lat' dir='ltr'><strong>hominis</strong></span> <span class='ocrx_word' id='word_1_657' title='bbox 982 4984 1629 5065; x_wconf 34' lang='lat' dir='ltr'><strong>solentessehobscura.</strong></span> <span class='ocrx_word' id='word_1_658' title='bbox 1671 4985 1821 5065; x_wconf 51' lang='lat' dir='ltr'><strong>llaec</strong></span> 
     </span>
    </p>
   </div>
   <div class='ocr_carea' id='block_1_96' title="bbox 222 5052 1822 5139">
    <p class='ocr_par' dir='ltr' id='par_1_96' title="bbox 222 5052 1822 5139">
     <span class='ocr_line' id='line_1_96' title="bbox 222 5052 1822 5139; baseline -0.009 -17"><span class='ocrx_word' id='word_1_659' title='bbox 222 5052 431 5121; x_wconf 65' lang='lat' dir='ltr'><strong>autem</strong></span> <span class='ocrx_word' id='word_1_660' title='bbox 473 5068 704 5139; x_wconf 67' lang='lat' dir='ltr'><strong>monent</strong></span> <span class='ocrx_word' id='word_1_661' title='bbox 754 5057 938 5139; x_wconf 68' lang='lat' dir='ltr'><strong>cazteri</strong></span> <span class='ocrx_word' id='word_1_662' title='bbox 964 5055 1244 5109; x_wconf 85' lang='lat' dir='ltr'><strong>ordientes</strong></span> <span class='ocrx_word' id='word_1_663' title='bbox 1280 5052 1637 5108; x_wconf 84' lang='lat' dir='ltr'><strong>rebellionem</strong></span> <span class='ocrx_word' id='word_1_664' title='bbox 1671 5054 1822 5109; x_wconf 79' lang='lat' dir='ltr'><strong>Tho-</strong></span> 
     </span>
    </p>
   </div>
   <div class='ocr_carea' id='block_1_97' title="bbox 224 5130 1825 5276">
    <p class='ocr_par' dir='ltr' id='par_1_97' title="bbox 224 5130 1825 5276">
     <span class='ocr_line' id='line_1_97' title="bbox 224 5130 1790 5205; baseline -0.015 -16"><span class='ocrx_word' id='word_1_665' title='bbox 224 5152 359 5193; x_wconf 64' lang='lat' dir='ltr'><strong>mre.</strong></span> <span class='ocrx_word' id='word_1_666' title='bbox 393 5145 551 5202; x_wconf 83' lang='lat' dir='ltr'><strong>quos</strong></span> <span class='ocrx_word' id='word_1_667' title='bbox 580 5130 655 5183; x_wconf 88' lang='lat' dir='ltr'><strong>ibi</strong></span> <span class='ocrx_word' id='word_1_668' title='bbox 682 5130 961 5182; x_wconf 88' lang='lat' dir='ltr'><strong>annotavi.</strong></span> <span class='ocrx_word' id='word_1_669' title='bbox 1056 5188 1069 5205; x_wconf 45' lang='lat'><strong><em>.</em></strong></span> <span class='ocrx_word' id='word_1_670' title='bbox 1312 5192 1323 5203; x_wconf 42' lang='grc'><strong>⁸</strong></span> <span class='ocrx_word' id='word_1_671' title='bbox 1475 5193 1506 5204; x_wconf 49' lang='lat' dir='ltr'>n</span> <span class='ocrx_word' id='word_1_672' title='bbox 1779 5193 1790 5205; x_wconf 44' lang='lat'><strong><em>.</em></strong></span> 
     </span>
     <span class='ocr_line' id='line_1_98' title="bbox 304 5192 1825 5276; baseline -0.009 -18"><span class='ocrx_word' id='word_1_673' title='bbox 304 5205 430 5276; x_wconf 76' lang='lat' dir='ltr'><strong>(t5)</strong></span> <span class='ocrx_word' id='word_1_674' title='bbox 459 5200 542 5254; x_wconf 89' lang='lat' dir='ltr'><strong>De</strong></span> <span class='ocrx_word' id='word_1_675' title='bbox 571 5201 655 5276; x_wconf 78' lang='lat' dir='ltr'><strong>his</strong></span> <span class='ocrx_word' id='word_1_676' title='bbox 678 5193 1101 5276; x_wconf 58' lang='lat' dir='ltr'><strong>Aposchapsiclts</strong></span> <span class='ocrx_word' id='word_1_677' title='bbox 1126 5199 1437 5276; x_wconf 48' lang='lat' dir='ltr'><strong>poste‘nset</strong></span> <span class='ocrx_word' id='word_1_678' title='bbox 1474 5208 1693 5276; x_wconf 49' lang='lat' dir='ltr'><strong>nanua:</strong></span> <span class='ocrx_word' id='word_1_679' title='bbox 1729 5192 1825 5276; x_wconf 54' lang='lat' dir='ltr'><strong>di:</strong></span> 
     </span>
    </p>
   </div>
   <div class='ocr_carea' id='block_1_98' title="bbox 224 5262 1825 5338">
    <p class='ocr_par' dir='ltr' id='par_1_98' title="bbox 224 5262 1825 5338">
     <span class='ocr_line' id='line_1_99' title="bbox 224 5262 1825 5338; baseline -0.006 -11"><span class='ocrx_word' id='word_1_680' title='bbox 224 5262 324 5330; x_wconf 70' lang='grc' dir='ltr'><strong>«ιη’</strong></span> <span class='ocrx_word' id='word_1_681' title='bbox 371 5262 566 5338; x_wconf 71' lang='lat' dir='ltr'><strong>usque</strong></span> <span class='ocrx_word' id='word_1_682' title='bbox 586 5270 651 5323; x_wconf 90' lang='lat' dir='ltr'><strong>ad</strong></span> <span class='ocrx_word' id='word_1_683' title='bbox 674 5262 1005 5324; x_wconf 79' lang='lat' dir='ltr'><strong>mentionem</strong></span> <span class='ocrx_word' id='word_1_684' title='bbox 1032 5262 1219 5335; x_wconf 79' lang='lat' dir='ltr'><strong>Cyrilli</strong></span> <span class='ocrx_word' id='word_1_685' title='bbox 1247 5262 1503 5334; x_wconf 75' lang='lat' dir='ltr'><strong>Gortyna:</strong></span> <span class='ocrx_word' id='word_1_686' title='bbox 1535 5263 1634 5332; x_wconf 88' lang='lat' dir='ltr'><strong>Ep.</strong></span> <span class='ocrx_word' id='word_1_687' title='bbox 1687 5263 1825 5317; x_wconf 91' lang='lat' dir='ltr'><strong>nihil</strong></span> 
     </span>
    </p>
   </div>
   <div class='ocr_carea' id='block_1_99' title="bbox 224 5341 670 5402">
    <p class='ocr_par' dir='ltr' id='par_1_99' title="bbox 224 5341 670 5402">
     <span class='ocr_line' id='line_1_100' title="bbox 224 5341 670 5402; baseline -0.02 -1"><span class='ocrx_word' id='word_1_688' title='bbox 224 5347 435 5402; x_wconf 73' lang='lat' dir='ltr'><strong>adhuc</strong></span> <span class='ocrx_word' id='word_1_689' title='bbox 462 5341 670 5395; x_wconf 84' lang='lat' dir='ltr'><strong>inveni.</strong></span> 
     </span>
    </p>
   </div>
   <div class='ocr_carea' id='block_1_100' title="bbox 314 5405 1822 5486">
    <p class='ocr_par' dir='ltr' id='par_1_100' title="bbox 314 5405 1822 5486">
     <span class='ocr_line' id='line_1_101' title="bbox 314 5405 1822 5486; baseline -0.015 -17"><span class='ocrx_word' id='word_1_690' title='bbox 314 5414 440 5486; x_wconf 76' lang='grc'><strong>(14)</strong></span> <span class='ocrx_word' id='word_1_691' title='bbox 476 5412 557 5486; x_wconf 79' lang='lat' dir='ltr'><strong>Ita</strong></span> <span class='ocrx_word' id='word_1_692' title='bbox 586 5409 871 5480; x_wconf 83' lang='lat' dir='ltr'><strong>scriptum,</strong></span> <span class='ocrx_word' id='word_1_693' title='bbox 903 5406 1043 5462; x_wconf 83' lang='lat' dir='ltr'><strong>forte</strong></span> <span class='ocrx_word' id='word_1_694' title='bbox 1074 5417 1175 5471; x_wconf 89' lang='lat' dir='ltr'><strong>pro</strong></span> <span class='ocrx_word' id='word_1_695' title='bbox 1210 5405 1652 5475; x_wconf 80' lang='grc' dir='ltr'><strong>τεσσαράπηχυς,</strong></span> <span class='ocrx_word' id='word_1_696' title='bbox 1683 5418 1822 5473; x_wconf 73' lang='lat' dir='ltr'><strong>qua-</strong></span> 
     </span>
    </p>
   </div>
   <div class='ocr_carea' id='block_1_101' title="bbox 234 5480 770 5543">
    <p class='ocr_par' dir='ltr' id='par_1_101' title="bbox 234 5480 770 5543">
     <span class='ocr_line' id='line_1_102' title="bbox 234 5480 770 5543; baseline -0.015 -2"><span class='ocrx_word' id='word_1_697' title='bbox 234 5480 383 5543; x_wconf 80' lang='lat' dir='ltr'><strong>tuor</strong></span> <span class='ocrx_word' id='word_1_698' title='bbox 424 5480 770 5536; x_wconf 86' lang='lat' dir='ltr'><strong>cubitorum.</strong></span> 
     </span>
    </p>
   </div>
   <div class='ocr_carea' id='block_1_102' title="bbox 310 5541 1828 5623">
    <p class='ocr_par' dir='ltr' id='par_1_102' title="bbox 310 5541 1828 5623">
     <span class='ocr_line' id='line_1_103' title="bbox 310 5541 1828 5623; baseline -0.008 -15"><span class='ocrx_word' id='word_1_699' title='bbox 310 5554 444 5623; x_wconf 82' lang='grc'><strong>(15)</strong></span> <span class='ocrx_word' id='word_1_700' title='bbox 485 5550 645 5623; x_wconf 73' lang='lat' dir='ltr'><strong>Cont.</strong></span> <span class='ocrx_word' id='word_1_701' title='bbox 672 5566 726 5618; x_wconf 89' lang='lat' dir='ltr'><strong>p.</strong></span> <span class='ocrx_word' id='word_1_702' title='bbox 756 5550 848 5623; x_wconf 58' lang='grc' dir='ltr'><strong>ιβ,</strong></span> <span class='ocrx_word' id='word_1_703' title='bbox 871 5548 1020 5623; x_wconf 73' lang='lat' dir='ltr'><strong>Sym.</strong></span> <span class='ocrx_word' id='word_1_704' title='bbox 1057 5547 1189 5623; x_wconf 84' lang='lat' dir='ltr'><strong>L_og.</strong></span> <span class='ocrx_word' id='word_1_705' title='bbox 1222 5562 1278 5616; x_wconf 89' lang='lat' dir='ltr'><strong>p.</strong></span> <span class='ocrx_word' id='word_1_706' title='bbox 1303 5544 1427 5609; x_wconf 73' lang='lat' dir='ltr'><strong>4H,</strong></span> <span class='ocrx_word' id='word_1_707' title='bbox 1454 5543 1590 5598; x_wconf 85' lang='lat' dir='ltr'><strong>Zon.</strong></span> <span class='ocrx_word' id='word_1_708' title='bbox 1626 5559 1682 5613; x_wconf 89' lang='lat' dir='ltr'><strong>p.</strong></span> <span class='ocrx_word' id='word_1_709' title='bbox 1726 5541 1828 5598; x_wconf 78' lang='grc'><strong>1⁵59</strong></span> 
     </span>
    </p>
   </div>
   <div class='ocr_carea' id='block_1_103' title="bbox 231 5618 1155 5688">
    <p class='ocr_par' dir='ltr' id='par_1_103' title="bbox 231 5618 1155 5688">
     <span class='ocr_line' id='line_1_104' title="bbox 231 5618 1155 5688; baseline -0.014 -5"><span class='ocrx_word' id='word_1_710' title='bbox 231 5627 293 5682; x_wconf 75' lang='lat' dir='ltr'><strong>in</strong></span> <span class='ocrx_word' id='word_1_711' title='bbox 322 5618 485 5681; x_wconf 46' lang='lat' dir='ltr'><strong>&#39;ﬁne.</strong></span> <span class='ocrx_word' id='word_1_712' title='bbox 516 5619 678 5674; x_wconf 87' lang='lat' dir='ltr'><strong>Cedr.</strong></span> <span class='ocrx_word' id='word_1_713' title='bbox 711 5635 764 5688; x_wconf 91' lang='lat' dir='ltr'><strong>p.</strong></span> <span class='ocrx_word' id='word_1_714' title='bbox 793 5620 915 5682; x_wconf 81' lang='grc'><strong>510,</strong></span> <span class='ocrx_word' id='word_1_715' title='bbox 946 5618 1155 5686; x_wconf 88' lang='lat' dir='ltr'><strong>paucis.</strong></span> 
     </span>
    </p>
   </div>
   <div class='ocr_carea' id='block_1_104' title="bbox 317 5683 1825 5757">
    <p class='ocr_par' dir='ltr' id='par_1_104' title="bbox 317 5683 1825 5757">
     <span class='ocr_line' id='line_1_105' title="bbox 317 5683 1825 5757; baseline -0.007 -10"><span class='ocrx_word' id='word_1_716' title='bbox 317 5693 450 5757; x_wconf 76' lang='grc'><strong>(16)</strong></span> <span class='ocrx_word' id='word_1_717' title='bbox 483 5690 643 5743; x_wconf 83' lang='lat' dir='ltr'><strong>Cont.</strong></span> <span class='ocrx_word' id='word_1_718' title='bbox 679 5683 734 5757; x_wconf 57' lang='grc' dir='ltr'><strong>ρ]</strong></span> <span class='ocrx_word' id='word_1_719' title='bbox 761 5689 850 5749; x_wconf 63' lang='grc'><strong>48,</strong></span> <span class='ocrx_word' id='word_1_720' title='bbox 878 5683 1097 5757; x_wconf 71' lang='grc' dir='ltr'><strong>προσέτι</strong></span> <span class='ocrx_word' id='word_1_721' title='bbox 1139 5686 1264 5757; x_wconf 14' lang='grc' dir='ltr'><strong>μὴν,</strong></span> <span class='ocrx_word' id='word_1_722' title='bbox 1290 5685 1474 5757; x_wconf 74' lang='grc' dir='ltr'><strong>αὐτόθι</strong></span> <span class='ocrx_word' id='word_1_723' title='bbox 1535 5683 1825 5757; x_wconf 45' lang='grc' dir='ltr'><strong>σοροὶῌκαὶ</strong></span> 
     </span>
    </p>
   </div>
   <div class='ocr_carea' id='block_1_105' title="bbox 234 5754 1825 5835">
    <p class='ocr_par' dir='ltr' id='par_1_105' title="bbox 234 5754 1825 5835">
     <span class='ocr_line' id='line_1_106' title="bbox 234 5754 1825 5835; baseline -0.003 -26"><span class='ocrx_word' id='word_1_724' title='bbox 234 5785 260 5817; x_wconf 75' lang='grc' dir='ltr'><strong>τ</strong></span> <span class='ocrx_word' id='word_1_725' title='bbox 278 5754 820 5835; x_wconf 52' lang='grc' dir='ltr'><strong>ἠῴοιάνεγήγέρται</strong></span> <span class='ocrx_word' id='word_1_726' title='bbox 852 5754 1021 5810; x_wconf 77' lang='grc' dir='ltr'><strong>ἄλλων</strong></span> <span class='ocrx_word' id='word_1_727' title='bbox 1060 5773 1115 5808; x_wconf 83' lang='grc' dir='ltr'><strong>τε</strong></span> <span class='ocrx_word' id='word_1_728' title='bbox 1154 5755 1360 5809; x_wconf 73' lang='grc' dir='ltr'><strong>πολλῶν</strong></span> <span class='ocrx_word' id='word_1_729' title='bbox 1380 5754 1486 5808; x_wconf 82' lang='grc' dir='ltr'><strong>τῶν</strong></span> <span class='ocrx_word' id='word_1_730' title='bbox 1526 5754 1666 5824; x_wconf 73' lang='grc' dir='ltr'><strong>ὑπὲρ</strong></span> <span class='ocrx_word' id='word_1_731' title='bbox 1694 5754 1825 5825; x_wconf 85' lang='grc' dir='ltr'><strong>Χρι-</strong></span> 
     </span>
    </p>
   </div>
   <div class='ocr_carea' id='block_1_106' title="bbox 1937 4773 3511 4849">
    <p class='ocr_par' dir='ltr' id='par_1_106' title="bbox 1937 4773 3511 4849">
     <span class='ocr_line' id='line_1_107' title="bbox 1937 4773 3511 4849; baseline -0.003 -18"><span class='ocrx_word' id='word_1_732' title='bbox 1937 4773 2250 4849; x_wconf 48' lang='grc' dir='ltr'><strong>μαρτύρων.</strong></span> <span class='ocrx_word' id='word_1_733' title='bbox 2289 4773 2511 4849; x_wconf 56' lang='grc' dir='ltr'><strong>Ᾰιίἵιῐςι</strong></span> <span class='ocrx_word' id='word_1_734' title='bbox 2554 4778 2642 4832; x_wconf 90' lang='lat' dir='ltr'><strong>his</strong></span> <span class='ocrx_word' id='word_1_735' title='bbox 2696 4777 2855 4842; x_wconf 87' lang='lat' dir='ltr'><strong>nihil,</strong></span> <span class='ocrx_word' id='word_1_736' title='bbox 2914 4791 3056 4845; x_wconf 88' lang='lat' dir='ltr'><strong>quos</strong></span> <span class='ocrx_word' id='word_1_737' title='bbox 3100 4773 3355 4831; x_wconf 83' lang='lat' dir='ltr'><strong>viderim.</strong></span> <span class='ocrx_word' id='word_1_738' title='bbox 3406 4776 3511 4828; x_wconf 77' lang='grc' dir='ltr'><strong>Αὐ-</strong></span> 
     </span>
    </p>
   </div>
   <div class='ocr_carea' id='block_1_107' title="bbox 1930 4847 2615 4918">
    <p class='ocr_par' dir='ltr' id='par_1_107' title="bbox 1930 4847 2615 4918">
     <span class='ocr_line' id='line_1_108' title="bbox 1930 4847 2615 4918; baseline -0.001 -17"><span class='ocrx_word' id='word_1_739' title='bbox 1930 4847 2028 4918; x_wconf 74' lang='grc' dir='ltr'><strong>τῆς</strong></span> <span class='ocrx_word' id='word_1_740' title='bbox 2062 4847 2241 4904; x_wconf 81' lang='lat' dir='ltr'><strong>refero</strong></span> <span class='ocrx_word' id='word_1_741' title='bbox 2270 4849 2337 4903; x_wconf 88' lang='lat' dir='ltr'><strong>ad</strong></span> <span class='ocrx_word' id='word_1_742' title='bbox 2356 4847 2615 4918; x_wconf 79' lang='lat' dir='ltr'><strong>insulam.</strong></span> 
     </span>
    </p>
   </div>
   <div class='ocr_carea' id='block_1_108' title="bbox 1930 4913 3508 5043">
    <p class='ocr_par' dir='ltr' id='par_1_108' title="bbox 1930 4913 3508 5043">
     <span class='ocr_line' id='line_1_109' title="bbox 1930 4913 3508 5043; baseline -0.022 -52"><span class='ocrx_word' id='word_1_743' title='bbox 1930 4913 2117 5043; x_wconf 50' lang='lat' dir='ltr'><strong>b1”)</strong></span> <span class='ocrx_word' id='word_1_744' title='bbox 2166 4918 2314 4990; x_wconf 62' lang='grc' dir='ltr'><strong>εγω.</strong></span> <span class='ocrx_word' id='word_1_745' title='bbox 2353 4917 2519 4988; x_wconf 65' lang='grc' dir='ltr'><strong>ιοω</strong></span> <span class='ocrx_word' id='word_1_746' title='bbox 2544 4917 2728 4988; x_wconf 70' lang='grc' dir='ltr'><strong>ρ.414</strong></span> <span class='ocrx_word' id='word_1_747' title='bbox 2759 4916 2938 4982; x_wconf 90' lang='lat' dir='ltr'><strong>initio,</strong></span> <span class='ocrx_word' id='word_1_748' title='bbox 2991 4914 3184 4971; x_wconf 89' lang='lat' dir='ltr'><strong>iisdem</strong></span> <span class='ocrx_word' id='word_1_749' title='bbox 3232 4913 3343 4970; x_wconf 79' lang='lat' dir='ltr'><strong>fere</strong></span> <span class='ocrx_word' id='word_1_750' title='bbox 3379 4930 3508 4970; x_wconf 83' lang='lat' dir='ltr'><strong>ver-</strong></span> 
     </span>
     <span class='ocr_line' id='line_1_110' title="bbox 1971 5003 2038 5042; baseline 0 0"><span class='ocrx_word' id='word_1_751' title='bbox 1971 5003 2038 5042; x_wconf 77' lang='grc' dir='ltr'><strong>ιε.</strong></span> 
     </span>
    </p>
   </div>
   <div class='ocr_carea' id='block_1_109' title="bbox 1971 5003 2038 5042">
    <p class='ocr_par' dir='ltr' id='par_1_109' title="bbox 1971 5003 2038 5042">
     <span class='ocr_line' id='line_1_111' title="bbox 1971 5003 2038 5042; baseline 0 0"><span class='ocrx_word' id='word_1_752' title='bbox 1971 5003 2038 5042; x_wconf 74' lang='lat' dir='ltr'><strong>IS.</strong></span> 
     </span>
    </p>
   </div>
   <div class='ocr_carea' id='block_1_110' title="bbox 2028 5055 3510 5129">
    <p class='ocr_par' dir='ltr' id='par_1_110' title="bbox 2028 5055 3510 5129">
     <span class='ocr_line' id='line_1_112' title="bbox 2028 5055 3510 5129; baseline -0.004 -18"><span class='ocrx_word' id='word_1_753' title='bbox 2028 5058 2109 5122; x_wconf 85' lang='lat' dir='ltr'><strong>l8)</strong></span> <span class='ocrx_word' id='word_1_754' title='bbox 2136 5055 2269 5129; x_wconf 85' lang='lat' dir='ltr'><strong>Zon.</strong></span> <span class='ocrx_word' id='word_1_755' title='bbox 2296 5073 2351 5129; x_wconf 12' lang='lat' dir='ltr'><strong>pg.</strong></span> <span class='ocrx_word' id='word_1_756' title='bbox 2380 5058 2503 5121; x_wconf 73' lang='lat' dir='ltr'><strong>MO,</strong></span> <span class='ocrx_word' id='word_1_757' title='bbox 2536 5057 2689 5129; x_wconf 83' lang='lat' dir='ltr'><strong>Sym.</strong></span> <span class='ocrx_word' id='word_1_758' title='bbox 2726 5057 2858 5129; x_wconf 23' lang='lat' dir='ltr'><strong>Log‘.</strong></span> <span class='ocrx_word' id='word_1_759' title='bbox 2897 5057 2935 5111; x_wconf 92' lang='lat' dir='ltr'><strong>l.</strong></span> <span class='ocrx_word' id='word_1_760' title='bbox 2962 5071 3013 5129; x_wconf 66' lang='grc' dir='ltr'><strong>(ς.</strong></span> <span class='ocrx_word' id='word_1_761' title='bbox 3038 5094 3052 5116; x_wconf 87' lang='lat'><strong>.</strong></span> <span class='ocrx_word' id='word_1_762' title='bbox 3089 5056 3199 5129; x_wconf 71' lang='lat' dir='ltr'><strong>ubi</strong></span> <span class='ocrx_word' id='word_1_763' title='bbox 3241 5055 3366 5129; x_wconf 68' lang='grc' dir='ltr'><strong>τῶν</strong></span> <span class='ocrx_word' id='word_1_764' title='bbox 3407 5056 3510 5106; x_wconf 86' lang='grc' dir='ltr'><strong>Κι-</strong></span> 
     </span>
    </p>
   </div>
   <div class='ocr_carea' id='block_1_111' title="bbox 1929 5124 3510 5198">
    <p class='ocr_par' dir='ltr' id='par_1_111' title="bbox 1929 5124 3510 5198">
     <span class='ocr_line' id='line_1_113' title="bbox 1929 5124 3510 5198; baseline -0.002 -19"><span class='ocrx_word' id='word_1_765' title='bbox 1929 5124 2396 5198; x_wconf 60' lang='grc' dir='ltr'><strong>ϐυῤῥαιωτῷνζῐῑθ</strong></span> <span class='ocrx_word' id='word_1_766' title='bbox 2428 5124 2593 5182; x_wconf 74' lang='lat' dir='ltr'><strong>etiam</strong></span> <span class='ocrx_word' id='word_1_767' title='bbox 2621 5126 3140 5198; x_wconf 71' lang='lat' dir='ltr'><strong>Cont.Tbeopha_nis</strong></span> <span class='ocrx_word' id='word_1_768' title='bbox 3160 5124 3510 5195; x_wconf 77' lang='grc' dir='ltr'><strong>Κιϐυρῥαιω-</strong></span> 
     </span>
    </p>
   </div>
   <div class='ocr_carea' id='block_1_112' title="bbox 1932 5196 3127 5268">
    <p class='ocr_par' dir='ltr' id='par_1_112' title="bbox 1932 5196 3127 5268">
     <span class='ocr_line' id='line_1_114' title="bbox 1932 5196 3127 5268; baseline -0.001 -18"><span class='ocrx_word' id='word_1_769' title='bbox 1932 5196 2047 5251; x_wconf 78' lang='grc' dir='ltr'><strong>τῶν</strong></span> <span class='ocrx_word' id='word_1_770' title='bbox 2071 5213 2125 5268; x_wconf 89' lang='lat' dir='ltr'><strong>p.</strong></span> <span class='ocrx_word' id='word_1_771' title='bbox 2160 5197 2249 5252; x_wconf 72' lang='grc'><strong>49.</strong></span> <span class='ocrx_word' id='word_1_772' title='bbox 2279 5197 2441 5254; x_wconf 87' lang='lat' dir='ltr'><strong>Cedr.</strong></span> <span class='ocrx_word' id='word_1_773' title='bbox 2469 5214 2525 5268; x_wconf 77' lang='lat' dir='ltr'><strong>p.</strong></span> <span class='ocrx_word' id='word_1_774' title='bbox 2549 5198 2674 5261; x_wconf 80' lang='grc'><strong>511,</strong></span> <span class='ocrx_word' id='word_1_775' title='bbox 2710 5196 3127 5268; x_wconf 76' lang='grc' dir='ltr'><strong>Κιῦυραιωτῶν.</strong></span> 
     </span>
    </p>
   </div>
   <div class='ocr_carea' id='block_1_113' title="bbox 1930 5262 3494 5393">
    <p class='ocr_par' dir='ltr' id='par_1_113' title="bbox 1930 5262 3494 5393">
     <span class='ocr_line' id='line_1_115' title="bbox 2005 5262 3494 5338; baseline -0.002 -16"><span class='ocrx_word' id='word_1_776' title='bbox 2005 5262 2113 5337; x_wconf 79' lang='grc'><strong>(19)</strong></span> <span class='ocrx_word' id='word_1_777' title='bbox 2165 5268 2242 5322; x_wconf 87' lang='lat' dir='ltr'><strong>ita</strong></span> <span class='ocrx_word' id='word_1_778' title='bbox 2282 5262 2547 5338; x_wconf 77' lang='lat' dir='ltr'><strong>scriptum</strong></span> <span class='ocrx_word' id='word_1_779' title='bbox 2582 5283 2680 5337; x_wconf 89' lang='lat' dir='ltr'><strong>per</strong></span> <span class='ocrx_word' id='word_1_780' title='bbox 2726 5262 3039 5322; x_wconf 52' lang='lat' dir='ltr'><strong>o.—&#39;Cont.</strong></span> <span class='ocrx_word' id='word_1_781' title='bbox 3093 5282 3147 5335; x_wconf 93' lang='lat' dir='ltr'><strong>p.</strong></span> <span class='ocrx_word' id='word_1_782' title='bbox 3182 5264 3247 5320; x_wconf 64' lang='lat'><strong>49</strong></span> <span class='ocrx_word' id='word_1_783' title='bbox 3274 5265 3330 5319; x_wconf 90' lang='lat' dir='ltr'><strong>in</strong></span> <span class='ocrx_word' id='word_1_784' title='bbox 3366 5262 3494 5325; x_wconf 75' lang='lat' dir='ltr'><strong>fine,</strong></span> 
     </span>
     <span class='ocr_line' id='line_1_116' title="bbox 1930 5335 2343 5393; baseline 0 0"><span class='ocrx_word' id='word_1_785' title='bbox 1930 5335 2093 5393; x_wconf 85' lang='lat' dir='ltr'><strong>Cedr.</strong></span> <span class='ocrx_word' id='word_1_786' title='bbox 2130 5354 2181 5393; x_wconf 83' lang='grc' dir='ltr'><strong>ι).</strong></span> <span class='ocrx_word' id='word_1_787' title='bbox 2219 5338 2343 5393; x_wconf 83' lang='grc'><strong>511.</strong></span> 
     </span>
    </p>
   </div>
   <div class='ocr_carea' id='block_1_114' title="bbox 1976 5340 2343 5397">
    <p class='ocr_par' dir='ltr' id='par_1_114' title="bbox 1976 5340 2343 5397">
     <span class='ocr_line' id='line_1_117' title="bbox 1976 5340 2343 5397; baseline -0.003 -5"><span class='ocrx_word' id='word_1_788' title='bbox 1976 5340 2093 5392; x_wconf 85' lang='lat' dir='ltr'><strong>edr.</strong></span> <span class='ocrx_word' id='word_1_789' title='bbox 2130 5354 2181 5397; x_wconf 84' lang='grc' dir='ltr'><strong>ι).</strong></span> <span class='ocrx_word' id='word_1_790' title='bbox 2219 5340 2343 5397; x_wconf 84' lang='grc'><strong>511.</strong></span> 
     </span>
    </p>
   </div>
   <div class='ocr_carea' id='block_1_115' title="bbox 2005 5354 2958 5477">
    <p class='ocr_par' dir='ltr' id='par_1_115' title="bbox 2005 5354 2958 5477">
     <span class='ocr_line' id='line_1_118' title="bbox 2005 5354 2958 5477; baseline 0.001 -18"><span class='ocrx_word' id='word_1_791' title='bbox 2005 5354 2401 5477; x_wconf 65' lang='grc' dir='ltr'><strong>ῗὲό›¹’ὸοῗι¹ιῖ’ρ.</strong></span> <span class='ocrx_word' id='word_1_792' title='bbox 2431 5406 2521 5471; x_wconf 84' lang='lat'><strong>50,</strong></span> <span class='ocrx_word' id='word_1_793' title='bbox 2550 5404 2715 5463; x_wconf 89' lang='lat' dir='ltr'><strong>Cedr.</strong></span> <span class='ocrx_word' id='word_1_794' title='bbox 2744 5422 2801 5477; x_wconf 89' lang='lat' dir='ltr'><strong>p.</strong></span> <span class='ocrx_word' id='word_1_795' title='bbox 2832 5406 2958 5462; x_wconf 81' lang='lat' dir='ltr'><strong>su.</strong></span> 
     </span>
    </p>
   </div>
   <div class='ocr_carea' id='block_1_116' title="bbox 2027 5476 2528 5547">
    <p class='ocr_par' dir='ltr' id='par_1_116' title="bbox 2027 5476 2528 5547">
     <span class='ocr_line' id='line_1_119' title="bbox 2027 5476 2528 5547; baseline 0.002 -19"><span class='ocrx_word' id='word_1_796' title='bbox 2027 5476 2118 5547; x_wconf 72' lang='grc'><strong>21)</strong></span> <span class='ocrx_word' id='word_1_797' title='bbox 2144 5477 2279 5532; x_wconf 75' lang='lat' dir='ltr'><strong>Zon.</strong></span> <span class='ocrx_word' id='word_1_798' title='bbox 2313 5476 2369 5546; x_wconf 13' lang='lat' dir='ltr'><strong>p7.</strong></span> <span class='ocrx_word' id='word_1_799' title='bbox 2408 5477 2528 5530; x_wconf 74' lang='lat' dir='ltr'><strong>MO.</strong></span> 
     </span>
    </p>
   </div>
   <div class='ocr_carea' id='block_1_117' title="bbox 2028 5543 3219 5618">
    <p class='ocr_par' dir='ltr' id='par_1_117' title="bbox 2028 5543 3219 5618">
     <span class='ocr_line' id='line_1_120' title="bbox 2028 5543 3219 5618; baseline 0 -19"><span class='ocrx_word' id='word_1_800' title='bbox 2028 5543 2117 5618; x_wconf 51' lang='lat'><strong>2?)</strong></span> <span class='ocrx_word' id='word_1_801' title='bbox 2156 5543 2488 5618; x_wconf 79' lang='lat' dir='ltr'><strong>Nominativi</strong></span> <span class='ocrx_word' id='word_1_802' title='bbox 2516 5562 2616 5616; x_wconf 93' lang='lat' dir='ltr'><strong>pro</strong></span> <span class='ocrx_word' id='word_1_803' title='bbox 2644 5546 2902 5618; x_wconf 89' lang='lat' dir='ltr'><strong>genitivis</strong></span> <span class='ocrx_word' id='word_1_804' title='bbox 2930 5543 3219 5618; x_wconf 79' lang='lat' dir='ltr'><strong>absolutis.</strong></span> 
     </span>
    </p>
   </div>
   <div class='ocr_carea' id='block_1_118' title="bbox 2027 5614 3506 5688">
    <p class='ocr_par' dir='ltr' id='par_1_118' title="bbox 2027 5614 3506 5688">
     <span class='ocr_line' id='line_1_121' title="bbox 2027 5614 3506 5688; baseline 0.001 -18"><span class='ocrx_word' id='word_1_805' title='bbox 2027 5616 2119 5683; x_wconf 74' lang='lat'><strong>23)</strong></span> <span class='ocrx_word' id='word_1_806' title='bbox 2153 5617 2424 5688; x_wconf 88' lang='lat' dir='ltr'><strong>Scriptum</strong></span> <span class='ocrx_word' id='word_1_807' title='bbox 2458 5614 2618 5688; x_wconf 80' lang='lat' dir='ltr'><strong>antea</strong></span> <span class='ocrx_word' id='word_1_808' title='bbox 2648 5614 2785 5673; x_wconf 66' lang='lat' dir='ltr'><strong>vitio</strong></span> <span class='ocrx_word' id='word_1_809' title='bbox 2814 5617 3033 5688; x_wconf 77' lang='lat' dir='ltr'><strong>gemino</strong></span> <span class='ocrx_word' id='word_1_810' title='bbox 3063 5615 3364 5671; x_wconf 80' lang='grc' dir='ltr'><strong>πειθέσοαι.</strong></span> <span class='ocrx_word' id='word_1_811' title='bbox 3405 5614 3506 5673; x_wconf 66' lang='lat' dir='ltr'><strong>Est</strong></span> 
     </span>
    </p>
   </div>
   <div class='ocr_carea' id='block_1_119' title="bbox 1934 5686 2611 5744">
    <p class='ocr_par' dir='ltr' id='par_1_119' title="bbox 1934 5686 2611 5744">
     <span class='ocr_line' id='line_1_122' title="bbox 1934 5686 2611 5744; baseline -0.004 -1"><span class='ocrx_word' id='word_1_812' title='bbox 1934 5697 2116 5744; x_wconf 86' lang='lat' dir='ltr'><strong>autem</strong></span> <span class='ocrx_word' id='word_1_813' title='bbox 2150 5702 2341 5744; x_wconf 82' lang='lat' dir='ltr'><strong>versus</strong></span> <span class='ocrx_word' id='word_1_814' title='bbox 2366 5687 2535 5743; x_wconf 91' lang='lat' dir='ltr'><strong>llome</strong></span> <span class='ocrx_word' id='word_1_815' title='bbox 2545 5686 2611 5741; x_wconf 90' lang='lat' dir='ltr'><strong>ri.</strong></span> 
     </span>
    </p>
   </div>
  </div>
