4028 6226
519 295 657 359 1655

1850 298 2168 362 JOSEPHI
2205 304 2519 367 GENESII

3646 319 3785 385 1056

514 411 732 467 Etenim
766 411 1005 467 habebat
1031 426 1217 467 secum
1246 412 1552 468 Manuelem
1583 412 1748 468 etiam
1772 413 1925 469 illum
1942 424 2089 471 stre-

2194 422 2524 493 ὲπισυλλογῇ
2557 424 2693 495 (52).
2730 426 2840 479 Καὶ
2864 425 2973 498 γὰρ
3000 422 3114 499 εἶχε
3155 428 3276 496 μεθ’
3305 428 3501 484 ἑαυτοῦ
3532 434 3635 487 καὶ
3663 438 3786 490 Μα-

516 519 686 559 nuum
718 520 786 559 ex
813 504 1097 567 Armenia,
1155 505 1315 574 cujus
1367 504 1639 560 fortitudo
1705 504 2094 562 celebrabatur

514 610 615 666 per
663 610 881 649 omnem
926 594 1140 666 Syriam
1194 596 1607 666 Romanamque
1647 596 1937 661 ditionem;
1994 599 2093 654 sed

514 689 687 742 multo
723 686 896 755 magis
920 687 1096 755 pietas
1118 688 1175 741 in
1209 688 1404 752 Deum,
1432 698 1598 759 prout
1649 690 1728 745 rei
1760 691 1963 747 veritas
1992 692 2091 747 de-

514 779 779 845 clarabit;
832 793 959 833 cum
991 780 1085 834 illo
1119 789 1175 835 et
1226 781 1650 851 TheOphobum,
1700 782 1852 851 pium
1910 783 2091 839 virum

512 870 795 940 multaque
850 871 1141 940 praeditum
1194 873 1342 926 virili
1393 882 1451 927 et
1513 874 1739 943 antiqua
1796 874 2089 942 facundia;

510 963 974 1034 quemadmodum
999 965 1129 1019 olim
1159 965 1333 1021 Moses
1354 966 1573 1022 Josuam
1604 967 1776 1023 filium
1822 969 1964 1023 Num
2014 978 2070 1025 et

509 1055 812 1111 Cbalebum
836 1065 1093 1112 strenuos
1122 1058 1271 1113 viros
1294 1073 1482 1113 secum
1516 1058 1742 1125 habuit;
1772 1077 2089 1131 quanquam

511 1148 711 1202 horum
741 1149 943 1219 pietate
964 1148 1283 1204 Christiana
1303 1165 1415 1203 non
1447 1150 1515 1205 ad
1546 1152 1806 1220 placitum
1837 1153 1931 1207 Dei
1956 1169 2092 1209 usus

510 1249 595 1294 est
628 1258 641 1294 :
678 1257 777 1311 per
804 1257 944 1310 quos
994 1242 1292 1310 aliquando
1328 1241 1551 1312 quidem
1606 1244 1886 1313 Agarenos
1935 1245 2087 1311 vicit,

510 1333 810 1403 aliquando
842 1342 1026 1388 autem
1054 1334 1394 1389 calamitates
1425 1341 1481 1389 et
1514 1334 1698 1390 clades
1725 1337 1960 1405 accepit,
1990 1338 2091 1390 im-

511 1427 901 1497 perscrutabili
935 1427 1031 1481 Dei
1059 1427 1293 1482 consilio
1327 1428 1513 1482 omnia
1556 1429 1836 1498 sapienter
1892 1430 2091 1500 guber-

512 1522 717 1579 nantis.
754 1524 913 1579 Unde
944 1538 1069 1579 cum
1102 1522 1341 1593 Agareni
1362 1523 1659 1592 aliquando
1684 1525 1948 1582 vicissent
1982 1525 2088 1580 im-

511 1625 845 1685 peratorem,
900 1616 1347 1686 quandoquidem
1389 1617 1620 1671 victoria
1672 1619 1727 1671 in
1775 1633 1939 1700 manu
1990 1618 2088 1673 Dei

510 1717 616 1773 est,
640 1723 785 1778 aegre
811 1709 880 1763 ab
917 1709 1024 1763 illis
1045 1709 1222 1763 evasit
1252 1709 1566 1773 incolumis,
1628 1711 1879 1778 quamvis
1927 1710 2086 1767 multi

508 1812 577 1851 ex
598 1798 780 1854 Persis
806 1808 1032 1868 propter
1060 1800 1242 1854 clades
1270 1800 1335 1853 ad
1358 1800 1636 1870 Agarenos
1659 1799 1977 1866 deficerent,
1996 1800 2090 1870 qui

512 1896 694 1943 tamen
746 1889 1096 1943 redibantad
1123 1890 1533 1958 imperatorem,
1584 1904 1709 1944 cum
1748 1890 1863 1959 ipse
1898 1890 2093 1944 adver-

509 1996 607 2035 sus
631 1980 818 2035 hostes
841 1981 1309 2050 proficisceretur,
1346 1996 1414 2036 eo
1443 1980 1793 2051 potissimum
1816 1980 1962 2052 quod
1987 1981 2090 2053 ipsi

509 2070 803 2142 diligerent
824 2069 1245 2140 Theophobum.

579 2246 687 2318 53
710 2247 860 2302 Talis
888 2255 1071 2302 autem
1098 2256 1182 2303 est
1209 2247 1276 2304 de
1308 2247 1412 2303 isto
1449 2248 1795 2305 diversorum
1823 2251 1939 2321 ’per
1967 2267 2092 2308 suc-

508 2337 815 2392 cessionem
845 2337 1064 2392 divcrsa
1108 2338 1458 2408 aliquatenus
1504 2343 1980 2408 commemoratio,
2028 2352 2091 2399 ut

508 2430 955 2486 accuratioribus
1004 2431 1289 2487 historicis
1339 2431 1606 2486 usitatum
1654 2433 1821 2488 etiam
1871 2434 2091 2491 diversa

509 2522 752 2577 tradere.
777 2521 1235 2593 Quandoquidem
1268 2523 1384 2578 haec
1427 2523 1706 2579 mundana
1742 2525 1798 2579 in
1845 2525 1995 2580 ﬂuxu
2035 2536 2092 2582 et

507 2613 730 2669 defluxu
760 2622 911 2680 sunt,
942 2614 1108 2669 etiam
1134 2615 1393 2678 interitus
1422 2615 1709 2670 nationum
1735 2631 1835 2686 per
1878 2616 2092 2687 disper-

506 2706 692 2762 siones
720 2705 1053 2778 quibusdam
1079 2706 1148 2761 de
1189 2706 1372 2762 causis
1415 2707 1731 2762 exsistunt:
1768 2707 1900 2763 hinc
1924 2708 2089 2763 etiam

506 2795 739 2854 Persicae
763 2797 984 2875 gentis:
1015 2814 1137 2868 qua:
1184 2797 1318 2852 olim
1352 2797 1578 2867 quidem
1631 2799 1687 2853 in
1721 2799 2091 2855 tabernaculis

506 2888 741 2955 vixerat,
769 2888 994 2962 pellium
1030 2888 1234 2945 amictu
1296 2890 1536 2957 inopiam
1590 2905 1745 2947 suam
1793 2901 1890 2947 aut
1956 2894 2092 2949 tole-

506 2978 742 3033 rantiam
803 2986 1112 3044 ostentans,
1164 2988 1465 3049 posteaque
1524 2981 1695 3036 rebus
1753 2982 1972 3038 fortiter
1994 3001 2090 3055 ge-

2197 516 2362 584 νουὴλ
2389 516 2481 569 τὸν
2513 519 2776 584 γεννάδαν
2796 520 2816 551 ³
2842 520 2953 573 τῶν
3006 520 3313 591 Ἀρμενίων
3335 523 3474 593 (53),
3517 518 3583 578 οὗ
3628 528 3785 594 κλέος

2195 605 2295 674 τῆς
2350 606 2601 678 ἀνδρείας
2655 611 2797 663 κατά
2846 612 3025 664 πᾶσαν
3067 611 3273 682 Συρίαν
3323 615 3419 667 καὶ
3465 615 3786 689 Ῥωμαϊκὴν

2197 696 2578 768 ἐπικράτειαν,
2607 700 2793 771 πολλῷ
2815 702 2872 755 δέ
2905 702 3090 771 μεῖζον
3123 704 3217 756 καὶ
3246 704 3558 771 εὐσεϐείας,
3594 710 3721 763 καθ’
3750 713 3784 766 ἀ

2195 786 2229 855 ἡ
2260 785 2368 838 τῶν
2400 789 2748 858 πραγμάτων
2779 790 3165 862 παραδηλὼσει
3197 793 3450 863 ἀλήθεια,
3492 798 3592 851 σὺν
3636 800 3783 870 αὐτῷ

2195 879 2290 931 καὶ
2325 879 2418 931 τὸν
2446 881 2512 931 ἐκ
2549 881 2814 951 Περσίδος
2859 882 3130 951 Θεόφοϐον
3166 884 3301 952 (54),
3342 888 3516 957 ἀνδρα
3555 889 3781 964 θεοσεϐῆ

2196 964 2291 1017 καὶ
2325 967 2527 1037 πολλῆς
2556 968 2817 1038 ἐχόμενον
2849 972 3173 1043 ἀρῤενωποῦ
3205 976 3299 1029 καὶ
3328 976 3579 1042 παλαιᾶς
3606 980 3782 1050 λογιό-

2192 1071 2378 1124 τητος,
2407 1055 2482 1120 ὡς
2531 1059 2698 1113 πάλαι
2742 1061 2985 1131 Μωυσῆς
3029 1063 3238 1133 Ἰησοῦν
3291 1067 3389 1120 τοῦ
3439 1069 3650 1140 Ναυὴδ
3692 1075 3778 1126 καὶ

2194 1146 2374 1201 Χάλεϐ
2427 1152 2555 1215 τοὺς
2609 1155 3040 1224 γενναιόφρονας
3074 1156 3211 1226 (55),
3260 1160 3353 1212 καὶ
3410 1162 3629 1227 τούτοις
3678 1169 3778 1237 τῇ⁸

2192 1238 2315 1325 καθ’
2350 1241 2498 1310 ἡμᾶς
2552 1244 2809 1317 εὐσεϐείᾳ
2859 1247 2922 1306 ού
2974 1247 3236 1316 θεοφιλῶς
3297 1250 3681 1325 ὲπεκέχρητο·
3717 1257 3778 1310 δι’

2191 1321 2266 1383 ὧν
2297 1330 2409 1402 (56)
2444 1333 2577 1387 ποτὲ
2629 1335 2728 1403 μὲν
2760 1337 2870 1390 τῶν
2919 1338 2979 1402 ἐξ
3019 1341 3199 1412 Ἀγαρ
3237 1321 3526 1414 κατίσχυε,
3561 1321 3697 1401 ποτὲ
3726 1349 3777 1402 δὲ

2192 1422 2301 1475 τῶν
2329 1424 2764 1497 δυστυχημάτων
2804 1430 3102 1500 ἀντείχετο,
3148 1433 3448 1503 ἀφράστοις
3480 1438 3621 1492 Θεοῦ
3654 1458 3776 1511 προ-

2194 1512 2493 1581 μηθεύσεσι
2540 1517 2633 1569 τοῦ
2682 1518 2858 1571 πάντα
2888 1522 3065 1590 σοφῶς
3094 1523 3439 1591 διιθύνοντος,
3477 1528 3644 1583 Ὅθεν
3676 1532 3777 1586 τῶν

2204 1603 2525 1675 ’Δγαρηνῶν
2553 1624 2685 1660 ποτε
2717 1614 3149 1679 περιγεγονότων
3172 1615 3267 1668 τοῦ
3308 1618 3583 1686 βασιλέως,
3615 1624 3749 1675 ἐπεί
3767 1654 3779 1664 -

2192 1712 2299 1764 περ
2328 1695 2452 1767 νίκη
2474 1697 2609 1752 Θεοῦ
2635 1701 2691 1753 ἐν
2720 1702 2946 1770 γούνασι
2967 1708 3171 1773 κεῖται,
3206 1709 3454 1781 καθάπερ
3475 1715 3503 1765 ὁ
3533 1717 3778 1786 ποιητής

2192 1786 2534 1878 ἀπεφήνατο,
2558 1791 2713 1860 μόλις
2742 1796 2869 1863 παρ’
2893 1796 3073 1850 αὐτῶν
3094 1798 3448 1864 διασέσωστο,
3474 1806 3523 1856 εί
3543 1806 3640 1858 καὶ
3657 1806 3772 1878 (5η

2194 1876 2405 1932 πολλῶν
2429 1880 2450 1910 ⁸
2497 1881 2609 1936 τῶν
2654 1884 2876 1953 Περσῶν
2906 1884 2995 1938 διά
3027 1903 3089 1954 γε
3125 1891 3222 1953 τὰς
3252 1892 3421 1962 ἥττας
3453 1897 3568 1958 τοῖς
3609 1876 3780 1965 ’Δγαέ

2194 1973 2381 2042 ρηνοῖς
2399 1974 2802 2043 προσετίθεντο,
2845 1977 2948 2029 κᾶν
2978 1976 3090 2048 (58)
3131 1982 3520 2038 ἐπαλινόστουν
3540 1986 3619 2057 τῷ
3655 1988 3779 2042 ἄνα-

2192 2077 2314 2127 κτι,
2370 2063 2533 2126 αὐτὸς
2585 2066 2821 2134 ὁπηνίκα
2880 2070 3018 2135 πρὸς
3075 2072 3410 2139 ἀντιπάλους
3464 2076 3641 2149 ἐξῄει,
3682 2082 3779 2153 οὐχ

2194 2152 2392 2222 ἣκιστα
2418 2154 2497 2225 τῷ
2527 2156 2814 2226 στέργειντ
2848 2160 3045 2226 αὐτοὺς
3074 2162 3167 2217 τὸν
3194 2165 3489 2234 θεόφοϐον.

2263 2245 2501 2316 Τοιαύτη
2536 2247 2594 2299 δὲ
2615 2250 2649 2319 ὴ
2677 2250 2819 2302 κατά
2848 2250 3039 2305 τοῦτον
3065 2255 3172 2308 ἀπὸ
3198 2256 3477 2329 διαφόρων
3498 2261 3615 2327 (59)
3646 2264 3784 2318 κατά

2188 2336 2443 2408 διαδοχὴν
2470 2340 2726 2411 διάφορος
2752 2344 2896 2398 κατά
2930 2363 2980 2399 τι
3008 2349 3225 2410 πάντως
3263 2351 3778 2423 ἀπομνημόνευσις,

2188 2428 2266 2489 ὡς
2319 2432 2431 2492 τοῖς
2497 2432 2772 2502 ἱστοροῦσι
2838 2438 2977 2506 πρὸς
3040 2441 3430 2511 ἀκριϐολογίαν
3480 2446 3770 2511 ἐξιίθιστο.

2203 2518 2420 2591 Ἐπειδὴ
2442 2522 2509 2575 τὰ
2526 2525 2796 2594 ὲγκόσμια
2817 2529 3034 2592 πάντως
3057 2534 3196 2584 κατᾶ
3225 2533 3356 2604 ῥοὴν
3380 2536 3467 2588 καὶ
3492 2537 3771 2608 ἀπορροὴν

2189 2613 2625 2683 καθεστήκεσαν,
2683 2620 2780 2672 καὶ
2807 2620 3101 2692 διαφθοραὶ
3131 2624 3153 2656 ⁸
3182 2625 3366 2692 φύλων
3400 2628 3596 2692 αίτὶαις
3658 2630 3777 2683 τισὶ

2189 2706 2332 2761 κατά
2361 2707 2660 2779 διασπορὰς
2695 2714 3162 2783 παρυφίστανται,
3210 2719 3335 2772 ὅθεν
3375 2722 3597 2776 καὶτοῦ
3637 2724 3783 2795 Περ-

2191 2800 2347 2853 σικοῦ
2381 2800 2590 2865 ἔθνους,
2626 2804 2795 2859 πάλαι
2829 2808 2931 2876 μὲν
2956 2808 3049 2862 τὸν
3084 2812 3343 2883 σκηνίτην
3392 2815 3511 2885 βίον
3548 2835 3778 2888 περιπε-

2144 2922 2145 2925 η
2190 2894 2492 2962 ποιήμένου
2516 2895 2611 2949 καὶ
2637 2896 2816 2967 δέρεσι
2844 2900 2864 2931 ⁹
2892 2901 3035 2954 κατά
3071 2904 3398 2974 περιστολὴν
3420 2906 3524 2975 τὴν
3545 2908 3780 2978 ἀπορίαν

2187 2983 2222 3053 ἢ
2258 2984 2319 3036 τὸ
2346 2989 2595 3052 γενναῖον
2645 2988 3115 3061 ἐπιδεικνυμένου,
3150 2994 3229 3048 ἔτι
3258 2996 3315 3049 δὲ
3344 3000 3467 3060 ταῖς
3501 2999 3784 3069 ἀνδραγα-

504 3067 698 3123 rendis
744 3068 933 3123 multis
976 3069 1237 3139 gentibus
1278 3069 1560 3125 dominata
1610 3080 1751 3137 erat,
1797 3082 1962 3141 atque
2014 3076 2083 3130 ad

2193 3076 2334 3141 θίαις
2363 3078 2576 3132 πολλῶν
2606 3080 2777 3134 ἐθνῶν
2800 3083 3190 3150 κυριεύσαντος
3230 3091 3292 3154 ’⁸,
3324 3091 3419 3143 καὶ
3452 3093 3535 3155 εἰς

508 3159 833 3214 insolentias
864 3175 930 3214 ex
963 3159 1206 3214 secunda
1242 3159 1461 3215 fortuna
1489 3161 1653 3226 elata,
1684 3162 1947 3236 deinceps
1974 3182 2090 3223 ma-

505 3250 682 3305 ximas
714 3249 1053 3305 calamitates
1082 3266 1345 3321 perpessa
1371 3259 1429 3306 et
1455 3250 1705 3322 dispersa
1744 3254 1869 3321 fuit,
1906 3258 2090 3328 qualia

504 3342 711 3398 Judaais
736 3341 969 3412 aliisque
1005 3342 1261 3414 gentibus
1288 3342 1637 3399 acciderunt.
1670 3346 2090 3405 Consueverant

505 3444 688 3490 autem
713 3435 897 3489 Persa:
921 3449 1051 3488 suos
1080 3449 1239 3504 reges
1263 3449 1331 3488 ex
1359 3434 1510 3505 regia
1538 3436 1711 3507 stirpe
1736 3454 1963 3495 creare:
1992 3441 2089 3497 sed

505 3541 633 3579 cum
655 3523 817 3579 bellis
847 3522 1060 3578 crebris
1091 3530 1148 3575 et
1178 3521 1439 3587 assiduis,
1471 3524 1703 3593 aliisque
1744 3526 2003 3583 civilibus
2035 3538 2093 3584 et

506 3616 787 3672 intestinis
809 3616 1221 3671 calamitatibus
1256 3616 1403 3686 regia
1433 3616 1639 3672 familia
1680 3618 1737 3672 in
1774 3622 1954 3689 patria
1996 3622 2094 3677 de.

504 3706 748 3769 fecisset,
778 3706 995 3775 ipsique
1026 3705 1081 3759 in
1136 3706 1410 3776 angustiis
1453 3718 1641 3763 essent
1691 3718 1750 3764 et
1795 3710 1863 3766 de
1900 3711 2092 3782 inqui-

506 3798 684 3852 rendo
708 3796 956 3864 solliciti,
999 3796 1370 3869 significatum
1397 3807 1483 3853 est
1509 3798 1639 3869 ipsis
1670 3816 1698 3854 a
1731 3802 1967 3871 quodam
1999 3804 2094 3874 qui

504 3886 917 3943 ministraverat
963 3886 1262 3957 aliquando
1300 3886 1521 3941 cuidam
1553 3903 1621 3941 ex
1654 3886 1722 3941 iis
1768 3890 1861 3958 qui
1915 3905 2090 3959 genus

506 3979 717 4050 regium
745 3978 1106 4051 attingebant,
1148 3993 1292 4048 saepe
1337 3978 1405 4033 ad
1447 3978 1777 4049 legationem
1826 3981 2086 4050 profectis

503 4074 1042 4145 Constantinopolin,
1071 4073 1149 4129 ibi
1173 4089 1231 4129 se
1260 4088 1387 4128 eum
1430 4074 1709 4131 invenisse
1744 4078 1837 4147 qui
1868 4093 2085 4147 quaere-

2191 3169 2311 3222 νίαν
2332 3168 2393 3234 ἐξ
2424 3170 2682 3242 εὐτυχίας
2720 3173 3000 3243 ἀρθέντος,
3033 3176 3127 3230 καὶ
3164 3180 3302 3248 μετὰ
3331 3182 3485 3235 τοῦτο
3519 3185 3586 3236 τὰ
3611 3186 3779 3253 μέγι-

2191 3277 2292 3315 στα
2319 3261 2753 3334 δυστυχήσαντος
2786 3267 2882 3321 καὶ
2925 3267 3347 3339 διανεμηθέντος
3378 3274 3509 3343 (60),
3538 3269 3629 3327 οἷα
3664 3281 3781 3342 τοῖς

2202 3354 2481 3420 Ἰουδαίοις
2515 3357 2609 3411 καὶ
2638 3359 2843 3428 ἑτέροις
2898 3360 3247 3431 συμϐέϐηκεν
3277 3364 3513 3421 ἔθνεσιν.
3548 3368 3781 3433 Ἐξεξθιο

2193 3464 2286 3501 στο
2304 3448 2361 3502 δὲ
2386 3451 2499 3511 τοῖς
2534 3448 2777 3520 Πέρσαις
2806 3452 2932 3514 τοὺς
2960 3452 3173 3508 ἑαυτῶν
3227 3455 3489 3524 βασιλέας
3524 3459 3589 3512 ἐκ
3622 3459 3781 3529 βασι-

2191 3536 2339 3593 λείου
2405 3539 2579 3609 φυλῆς
2640 3540 2862 3611 ὑπέχειν
2923 3542 3264 3614 ἀνάρρησιν·
3328 3546 3468 3601 ἀλλά
3521 3550 3784 3619 πολέμοις

2194 3627 2252 3681 ὲν
2275 3628 2386 3699 (6i)
2417 3630 2745 3701 ἐπαλλήλοις
2768 3634 2860 3686 καὶ
2889 3636 3009 3696 ταῖς
3037 3634 3146 3688 τῶν
3178 3635 3237 3701 ἐξ
3261 3637 3547 3707 ὁμογενῶν
3589 3641 3784 3705 ἄλλαις

2192 3721 2512 3790 ἐπαγωγαῖς
2537 3725 2681 3779 κατά
2707 3726 2808 3795 τὴν
2834 3727 3069 3797 πατρίδα
3102 3729 3385 3793 παντελῶς
3437 3732 3539 3801 τῆς
3569 3732 3785 3802 βασιλι-

2190 3810 2296 3880 κῆς
2341 3814 2529 3883 σειρᾶς
2579 3815 2912 3887 ἐκλιπούσης
2945 3817 3081 3889 (62),
3141 3819 3201 3871 ἐν
3229 3820 3519 3893 ἀμηχανίᾳ
3558 3840 3620 3876 τε
3655 3826 3784 3896 περὶ

2191 3899 2382 3959 τούτου
2438 3902 2831 3976 διατιθεμένων
2884 3909 2977 3960 καὶ
3009 3907 3076 3960 δι’
3126 3908 3354 3981 ἐρεύνης
3381 3911 3499 3983 (63)
3540 3914 3783 3985 ἐμμερι-

2200 3990 2481 4062 μνώντων,
2518 3998 2672 4067 παρά
2713 4016 2855 4062 τινος
2891 4000 3250 4073 ἐδηλοποιήθη
3292 4004 3477 4067 αὐτοῖς
3504 4006 3615 4059 τῶν
3648 4024 3783 4061 ποτε

2195 4082 2698 4157 ὑπηρετησαμένων
2724 4089 2837 4161 (64)
2870 4094 2976 4146 τινὶ
3023 4093 3134 4148 τῶν
3168 4095 3310 4149 κατὰ
3338 4095 3628 4166 βασιλικοῦ
3667 4098 3781 4169 (65)

1783 4190 2037 4261 vitam:
2078 4190 2488 4256 LECTlONES.

574 4286 850 4377 ³ΙγεννἾὰδς
875 4283 937 4338 L.
964 4353 985 4377 λ
1010 4281 1034 4316 ⁸
1062 4280 1261 4377 νανξξιι
1298 4282 1344 4377 λ’
1374 4281 1497 4377 ῖηξίο
1535 4282 1873 4377 κᾶνπτΰῦξαέν
1896 4288 1973 4377 τῇ
1998 4287 2286 4377 Βεςϐξῑθτειιε
2315 4294 2592 4377 expressit
2617 4295 2653 4367 ἡ
2684 4301 3044 4377 ῖ-Δεύσέϐειᾳ.
3080 4312 3264 4359 nostra
3288 4306 3493 4377 religio.

502 4351 658 4411 lo‘tli.
712 4358 754 4434 _’
785 4354 860 4423 τῷ
894 4353 1145 4434 στέργειν
1175 4354 1231 4416 ll,
1262 4352 1322 4405 τὸ
1354 4354 1603 4421 στέργειν
1638 4351 1700 4409 L.
1778 4351 2190 4428 ε’διαιρ’ί)ορα).”Β,
2215 4351 2473 4434 διαφοραὶ
2522 4364 2587 4425 L.

502 4444 669 4497 supra
701 4426 776 4479 ῶν
806 4422 1034 4494 scripto,
1059 4422 1123 4476 L.

3591 4309 3615 4339 ⁶
3649 4308 3780 4361 πολ.

3167 4375 3209 4407 ¹⁰
3236 4375 3672 4447 κυριεήυσάντων,
3702 4398 3772 4445 ος

2691 4370 2712 4400 ⁹
2740 4370 2955 4441 δέρρεσι
2993 4371 3057 4428 L.

1708 4511 1952 4571 STEPH.
1973 4517 2322 4574 BERGLERI
2351 4521 2582 4581 NOTAE.

572 4605 686 4674 (ΒΞ)
712 4605 873 4662 Cont.
912 4607 950 4661 l.
987 4620 1037 4660 c.
1073 4603 1236 4660 Cedr.
1265 4620 1320 4675 p.
1354 4606 1479 4675 525.

572 4676 682 4748 (55)
722 4677 883 4748 (lout.
912 4677 950 4729 l.
974 4691 1024 4729 c.
1049 4677 1183 4748 Zon_.
1206 4674 1409 4748 ιλιι-ι,
1441 4674 1639 4748 Georg.
1684 4691 1832 4731 mon.
1864 4693 1917 4748 p.
1950 4678 2074 4734 5l7.

498 4744 673 4804 Cedr.
716 4763 771 4817 p.
828 4747 951 4801 525.
982 4776 1063 4817 7—
1098 4744 1238 4817 Tini,
1286 4746 1363 4801 ita
1429 4744 1718 4817 scriptum.
1787 4744 2079 4803 Priestaret

498 4820 612 4873 τόν.
650 4815 819 4873 Valde
850 4816 1131 4887 negligens
1163 4816 1426 4871 librarius
1457 4815 1560 4887 fuit
1593 4816 1742 4887 circa
1767 4834 1796 4871 ο
1822 4827 1879 4874 et
1901 4837 1965 4872 ω.

716 4888 876 4945 Cout.
905 4884 1094 4989 thB.
1124 4887 1286 4943 Cedr.
1330 4902 1387 4957 p.
1432 4886 1554 4940 525.
1586 4884 1786 4960 Georg.
1824 4904 1975 4943 mon.
2020 4904 2075 4958 p.

499 4958 791 5041 5l§i__._Zo.n.
824 4958 1031 5041 μιιτ.

567 5031 683 5100 (55)
729 5026 1006 5102 Scriptum
1042 5047 1090 5081 ιν
1112 5026 1229 5102 τοῦ,
1271 5030 1371 5093 Ita,
1410 5029 1653 5097 inquam,
1694 5028 1850 5102 artic.
1892 5030 1951 5084 in
1979 5047 2075 5102 ge-

499 5102 696 5164 nitivo,
739 5117 862 5155 cum
898 5099 1129 5154 deberet
1176 5100 1268 5153 τὸν
1304 5107 1530 5169 propter
1573 5111 1690 5166 seq.
1724 5101 1871 5163 τούς.
1898 5099 2070 5166 Alias,

499 5173 627 5239 quia
679 5172 931 5241 sequitur
977 5170 1246 5241 ἐκέχρητο
1271 5210 1285 5237 ,
1336 5169 1622 5226 debuisset
1663 5169 1740 5239 τῷ
1777 5201 1846 5210 -
1884 5180 2074 5243 postea

500 5246 632 5309 τοῖς,
668 5253 777 5297 εις.

570 5315 682 5382 (56)
712 5314 789 5367 lta
824 5313 1114 5383 scriptum,
1145 5326 1270 5367 cum
1308 5311 1493 5381 potius
1512 5309 1740 5368 deberet
1766 5309 1834 5364 δι’
1862 5312 1910 5366 ὃ.

568 5384 684 5455 (5‘7)
720 5383 952 5455 Negligit
973 5383 1366 5455 connexiones.

569 5454 681 5521 (58)
715 5450 829 5508 Κάν
859 5450 1107 5515 abusive.
1137 5462 1198 5508 ut
1216 5453 1436 5523 saepius,
1477 5450 1623 5521 quod
1673 5451 1810 5507 alias
1833 5450 2078 5510 efﬁceret

500 5529 558 5577 ιιι
581 5537 817 5595 sequens
837 5524 1171 5595 significaret
1195 5523 1496 5595 rediissent.

570 5590 685 5655 (59')
715 5590 990 5665 Mquetide
1019 5594 1338 5649 diversitate
1359 5602 1415 5649 et
1452 5590 1613 5651 Cout.
1672 5609 1727 5663 p.
1771 5593 1861 5659 69,
1907 5609 2075 5665 expo-

496 5663 693 5787 nit%uc
720 5663 799 5716 uti
819 5673 875 5717 et
902 5664 1100 5718 Noster
1130 5680 1185 5734 p.
1218 5665 1340 5720 l38.

571 5744 583 5787 ι
629 5734 683 5787 0)
748 5732 1069 5787 lmnerfeeta
1113 5735 1328 5787 oratio.

629 5734 683 5799 Ο)
748 5732 1069 5803 lmperfeeta
1113 5732 1328 5800 oratio,
1411 5734 1516 5791 nisi
1578 5734 1791 5805 legatur
1847 5734 2073 5789 ἐδυστύ-

2111 4615 2333 4742 ῡέεἱπσῇ
2380 4617 2475 4671 καὶ
2532 4618 2854 4692 διενεμήθη,
2895 4630 2993 4676 aut
3048 4623 3301 4682 deleatur
3339 4629 3398 4682 δέ
3449 4637 3578 4700 post
3633 4633 3779 4699 ἑξείο

2275 4754 2365 4840 “6-1)
2407 4756 2580 4840 (ἶσοι.¹
2604 4775 2660 4829 p.
2693 4759 2799 4840 '69
2839 4762 2963 4840 init.
3014 4764 3164 4837 Sym.
3194 4765 3328 4837 Log.
3364 4784 3420 4840 p.
3447 4770 3576 4826 ιιδ.
3602 4772 3772 4829 Cedr.

2176 4842 2234 4898 p.
2264 4826 2387 4880 5l3.
2412 4857 2481 4869 —-
2518 4826 2640 4883 Ἐκ.
2693 4831 2773 4886 lta
2805 4826 3092 4904 scripturn,
3144 4847 3201 4891 et
3229 4826 3414 4907 potest
3458 4826 3631 4898 ferri:
3656 4826 3774 4899 'Swed

2179 4895 2398 4951 mallem
2430 4897 2874 4955 ἀλλεπαλλήλοις.
2905 4914 2964 4955 ιιι.
2987 4906 3134 4955 anud
3166 4907 3528 4955 methetam
3571 4930 3605 4955 ιι
3662 4916 3766 4955 At;

2179 4905 2398 4963 mallem
2430 4905 2874 4972 ἀλλεπαλλήλοις,
2905 4914 2964 4959 ιιι
2987 4906 3135 4974 apud
3166 4905 3529 4978 Logotbetam
3571 4930 3627 4984 p.
3662 4916 3766 4969 415

2179 4967 2247 5053 de
2272 4968 2464 5053 eadem
2486 4982 2564 5031 re,
2597 4970 2866 5053 ὅθεν-τοϊς
2894 4974 3327 5053 ἀλλεπαλλήλοις
3368 4982 3641 5052 πολέμοις
3671 4987 3770 5053 τῆς

2182 5036 2471 5113 βασιλικῇς
2500 5042 2707 5113 σειράςΔ
2722 5042 3074 5113 ἐκλιπούσης,
3108 5036 3222 5102 ειιέ.

2251 5107 2366 5187 (62)
2398 5107 2556 5187 cont.
2589 5107 2649 5179 ’p.
2682 5110 2785 5187 69,
2807 5114 2881 5167 ita
2917 5132 2946 5187 ε,
2970 5107 3251 5180 Ἑξέλιπον
3282 5117 3340 5172 δὲ
3372 5120 3440 5175 ὲκ
3502 5122 3617 5176 τῶν
3650 5142 3771 5178 συν-

2176 5179 2317 5262 εχῶν
2361 5179 2614 5262 πολέμων
2637 5221 2652 5243 ,
2706 5184 2799 5262 καὶ
2837 5185 2983 5262 μτῇδε
3014 5189 3269 5262 ’κάκεῖσε
3290 5195 3772 5262 μετασκηνῶσεων

2178 5248 2439 5333 ὑπέζτῶν,
2479 5250 2799 5333 Ἀγαρηνῶν
2834 5248 3186 5327 ἐλαυνόμενοι
3223 5248 3428 5332 οῖ’τῆς
3485 5248 3769 5333 βασιλικῆς

2178 5316 2372 5390 φυλῇς.
2404 5316 2561 5390 Ζοηζ
2583 5316 2638 5390 p.
2677 5316 2803 5381 H7.

2251 5388 2365 5465 (βᾷ)
2394 5388 2673 5465 §criptum
2702 5392 2987 5465 διερεύνης
3017 5413 3125 5453 una
3148 5412 3308 5455 voce.

2251 5458 2555 5545 (ϐέμῖοιιῑ.
2621 5478 2674 5532 p.
2731 5458 2820 5519 69.
2903 5458 3039 5521 an.
3090 5485 3144 5539 p.
3200 5470 3322 5525 M7.
3371 5471 3652 5545 Loquitur
3686 5482 3761 5528 ln-

2179 5529 2424 5585 condite.

2220 5601 2364 5686 ltiti)
2395 5600 2672 5686 Scriptum
2699 5604 2877 5686 βασις.
2902 5608 3209 5686 requiritur
3235 5611 3553 5682 βασιλικοῦ,
3583 5629 3766 5686 quam-

2183 5671 2264 5725 vis
2288 5671 2550 5742 βασιλέως
2580 5671 2830 5732 excusari
2861 5671 3051 5747 possit.
