4028 6226
276 246 411 313 1057

1598 251 1747 311 REG
1763 252 1870 311 ΗΜ
1916 252 2062 311 LIB.
2106 252 2221 314 III.

3396 260 3532 326 1058

270 363 459 428 γένους
510 360 809 429 συνάφειαν
850 361 1137 430 πολλαχῶς
1172 362 1252 425 εἰς
1282 360 1579 432 πρεσϐείαν
1607 362 1840 431 ἡκόντων

1954 361 2140 425 batur,
2195 361 2449 430 quamvis
2507 376 2615 416 non
2656 378 2723 417 ex
2779 363 3038 435 legitimis
3091 365 3321 435 nuptiis,
3352 368 3533 440 legato

269 451 685 503 Κωνσταντίνου
741 453 808 521 τῇ
846 450 1019 513 πόλει,
1074 452 1254 504 ὲκεϊσὲ
1302 468 1367 519 γε
1405 452 1444 481 ¹¹
1493 451 1606 522 (66)
1636 450 1727 503 τὸν
1768 452 1848 514 εἰς

268 542 497 613 ζήτησιν
516 544 833 613 εὑρηκέναι,
860 547 907 596 εἰ
933 545 1024 597 καὶ
1052 542 1129 615 μὴ
1150 546 1215 598 ὲκ
1231 546 1481 617 νομίμων
1497 545 1692 615 γάμων
1710 545 1845 617 (67),

265 635 383 689 ἀλλ’
414 636 564 706 ὅμως
591 636 924 707 γεννηθέντα
944 636 1040 689 τοῦ
1080 637 1384 708 πρέσϐεως.
1425 638 1589 691 Ὅθεν
1616 655 1848 709 παρεισ-

264 728 469 784 δύντων
494 730 630 800 αὐτῇ
662 730 770 783 τῶν
800 729 930 801 περ)⁸
958 729 1151 784 τούτου
1180 731 1621 801 διατεταγμένων
1660 730 1845 801 κρύφα

264 821 801 891 καταστοχάσασθαι,
835 824 930 877 καὶ
971 824 1460 894 ἀναγνωρισάντων
1489 822 1580 877 τὸν
1627 822 1845 877 νεανίαν

266 912 633 985 (συγκατῴκει
692 913 801 982 γὰρ
832 988 837 991 ἢ
863 916 933 985 τῇ
992 915 1228 987 τεκούσῃ
1287 917 1346 968 ὲν
1405 917 1522 978 ταῖς
1574 915 1715 969 κατὰ
1745 915 1845 987 τὴν

277 1004 486 1070 Ὀξεῖαν
514 1004 627 1073 (68)
658 1004 963 1076 διατριϐαῖς
983 1046 998 1071 ,
1064 1006 1119 1059 αἶ
1166 1005 1258 1059 τοῦ
1289 1006 1595 1077 Βοοσπύρου
1623 1007 1715 1060 καὶ
1745 1006 1841 1060 τοῦ

262 1096 459 1166 Κέρως
483 1095 664 1167 Βύζης
691 1095 962 1166 θυγατρὸς
984 1097 1092 1167 (69)
1114 1097 1385 1161 Βύζαντος
1404 1099 1629 1168 ἀντικρὺ
1649 1099 1841 1153 τούτου

262 1190 360 1243 καὶ
390 1189 597 1244 ἄνωθεν
626 1190 1083 1261 καθεστήκασιν),
1118 1192 1217 1245 ούκ
1253 1194 1316 1245 ὲκ
1354 1192 1462 1245 τῶν
1502 1193 1656 1253 me;
1681 1193 1843 1263 μόνον

262 1280 408 1333 κατὰ
439 1280 784 1351 συμὸεὸηκδς
816 1282 1184 1351 εἰκασμάτων,
1213 1282 1346 1335 ἀλλὰ
1392 1283 1497 1354 μὴν
1528 1283 1620 1335 καὶ
1648 1282 1708 1347 ἐξ
1745 1284 1844 1338 αὑ-

259 1373 374 1426 τῶν
422 1372 533 1425 τῶν
589 1373 932 1426 ἐπουσιωδῶν
969 1373 1306 1443 ἰνδαλμάτων
1356 1376 1448 1426 καὶ
1505 1374 1716 1443 φρενῶν
1750 1374 1842 1428 καὶ

257 1464 442 1535 ψυχῆς
474 1460 641 1527 ἕξεως
683 1480 739 1515 τε
773 1462 868 1516 κα)⁸
914 1465 1304 1527 καταστάσεως
1335 1463 1471 1530 (70),
1508 1464 1568 1517 τὸ
1600 1464 1722 1517 κατ’
1755 1466 1843 1518 εὑ-

259 1556 479 1624 γένειαν
510 1553 790 1624 βασιλικόν
813 1572 873 1607 τε
896 1556 990 1607 καὶ
1023 1555 1297 1626 εὐπρεπὲς
1320 1556 1530 1625 συνῳδὰ
1558 1556 1670 1626 (71)
1699 1573 1841 1627 παρ-

264 1646 559 1711 ιστιῖνιτων,
624 1647 720 1699 καὶ
749 1646 849 1715 τῆς
886 1645 1029 1699 κατὰ
1057 1647 1328 1715 γειτονίαν
1357 1647 1841 1718 ὲπιμαρτυρούσης

258 1740 323 1792 τὸ
349 1738 544 1809 ἀληθὲς
573 1738 813 1808 ὁμιλίας,
841 1738 1030 1808 ἐπειδὴ
1066 1739 1178 1807 (72)
1209 1738 1275 1792 τὰ
1303 1738 1422 1793 κατ’
1452 1739 1614 1792 αὐτὸν
1638 1738 1839 1803 εὐθέως

259 1829 359 1884 καὶ
395 1830 552 1901 μέχρι
578 1830 689 1882 τῶν
736 1830 1075 1882 δεσποτικῶν
1104 1829 1282 1883 ἀκοῶν
1312 1829 1582 1900 ἐληλύθει,
1614 1830 1839 1901 εὐδόκη-

262 1921 361 1975 σάν
389 1938 445 1973 τε
481 1921 521 1950 ⁸⁸
554 1920 713 1990 χάριν
734 1922 834 1989 τῆς
854 1918 1113 1989 τοιαύτης
1133 1937 1196 1987 γε
1226 1921 1479 1993 σκήψεως
1506 1921 1622 1993 [καὶ
1647 1922 1840 1975 ὑποτε-

258 2013 458 2083 τάχθαι
489 2014 683 2075 αὐτοὺς
714 2010 851 2083 (75)]
881 2014 989 2075 τοῖς
1016 2011 1310 2081 Ῥωμαίοις
1342 2012 1838 2083 ἐπικηρυκεύεσθαι

256 2105 412 2169 ἔθνος
444 2105 504 2158 τὸ
532 2104 798 2175 Περσικὸν
824 2104 1163 2172 ἀναγκαίως,
1208 2104 1305 2157 καὶ
1338 2105 1705 2175 ὑποτετάχθαι
1742 2104 1839 2157 αὑ-

256 2198 374 2257 τοῖς
426 2197 505 2258 είς
558 2194 791 2257 σπονδὰς
818 2190 953 2265 ἧκον
981 2193 1268 2264 εἰρηνικῆς
1315 2193 1654 2265 τελειότητος
1703 2193 1836 2264 (74).

260 2278 472 2355 Ὠνπερ
506 2286 911 2355 ἡκουτισμένων
939 2288 1056 2347 τοῖς
1081 2288 1140 2338 ὲν
1174 2285 1395 2354 Περσίδι
1425 2285 1490 2339 ἐκ
1518 2302 1578 2338 τε
1618 2285 1727 2338 τῶν
1758 2286 1839 2349 εἰς

258 2375 563 2446 ἀποττολὴν
616 2378 1002 2447 προσηκόντων
1051 2375 1282 2430 καὶτῶν
1326 2375 1414 2451 διὰ
1443 2376 1534 2429 τὸν
1567 2375 1839 2444 Θεόφοὸον

257 2465 423 2535 δῆθεν
440 2466 654 2536 βασιλεῖ
674 2484 737 2537 γε
768 2467 1163 2532 συναξιούντων
1190 2467 1231 2498 ’³
1260 2466 1395 2538 (75),
1412 2465 1690 2519 ἀσπαστὸν
1718 2465 1839 2515 ἐλο-

256 2557 482 2626 γίσαντο
507 2558 608 2627 τῆς
630 2558 840 2621 οίκείας
869 2559 1051 2629 χώρας
1077 2557 1493 2611 ἀπαναστεῦσαι
1542 2555 1638 2608 καὶ
1663 2569 1831 2624 προσ-

256 2650 528 2720 χωρήσειν
561 2650 604 2681 ⁸⁸
638 2650 751 2720 (76)
789 2653 855 2719 τῇ
903 2649 1186 2718 Ῥωμαῖδι,
1238 2649 1388 2710 ὅπως
1444 2646 1540 2701 τοῦ
1578 2646 1721 2700 κατὰ
1746 2644 1839 2714 γέ-

254 2753 346 2799 νος
379 2738 422 2769 “
453 2738 702 2809 ἀρχηγοῦ
758 2737 1130 2803 ὲπιτεύξοιντο
1176 2737 1313 2807 (77),
1350 2736 1447 2790 καὶ
1486 2736 1721 2807 μάλιστα
1755 2737 1838 2789 ὅτι

253 2829 351 2882 καὶ
384 2832 412 2883 ὁ
441 2832 666 2901 Περσῶν
696 2832 937 2902 ἀρχηγὸς
964 2812 1145 2884 Βάδεκ
1173 2830 1475 2884 ἀποστάσει
1497 2831 1564 2900 τῇ
1591 2827 1728 2900 πρὸς
1747 2827 1838 2881 τὸν

266 2919 689 2990 Ἀμεραμνουνῆ
703 2925 796 2974 ἐπὶ
815 2921 854 2973 ε’
872 2924 1014 2975 ἔτεσι
1033 2921 1406 2993 κεκορύφωτο,
1425 2914 1499 2975 ὧν
1523 2919 1836 2991 ἀναμεταξὺ

256 3011 507 3081 μέγιστοι
542 3012 770 3081 πόλεμοι
809 3013 1215 3083 συμϐεδηκότες
1262 3014 1358 3067 καὶ
1390 3012 1643 3083 ἡττηθεὶς
1674 3013 1702 3065 ὁ
1730 3011 1837 3064 Βά-

1953 461 2140 507 tamen
2178 463 2530 523 prognatum.
2557 454 2794 511 Proinde
2824 471 2950 511 cum
2999 458 3137 511 clam
3181 458 3533 529 irrepsissent

1949 542 2006 596 in
2037 557 2159 597 eam
2191 543 2260 596 ad
2293 544 2731 613 investigandum
2757 554 2813 600 et
2837 546 3530 615 agnovissentadolescen-

1946 643 2058 690 tem
2099 635 2408 706 (habitabat
2434 638 2581 691 enim
2616 652 2741 691 cum
2766 638 3033 709 genitrice
3058 638 3111 691 in
3143 638 3250 709 54
3271 640 3377 695 illis
3407 657 3531 711 qua:

1945 737 2074 782 sunt
2104 728 2175 783 ad
2205 728 2395 784 Oxiam
2420 731 2823 797 mansionibus,
2853 748 2975 801 quae
2995 732 3240 802 Bosporo
3266 741 3321 787 et
3345 734 3529 791 Cornu

1944 820 2098 892 Bysae
2133 821 2260 877 ﬁlia:
2301 822 2559 894 Byzontis
2614 839 2645 877 e
2696 823 2919 894 regione
2969 832 3099 879 sunt
3144 823 3284 895 sitae)
3317 840 3427 878 non
3460 841 3531 881 ex

1944 914 2189 969 externis
2228 914 2407 968 solum
2439 922 2496 969 et
2528 914 2964 969 accidentalibus
3008 916 3179 978 notis,
3216 916 3315 971 sed
3356 916 3525 972 etiam

1943 1019 2010 1060 ex
2040 1005 2151 1081 illis
2184 1006 2577 1062 essentialibus
2619 1006 2841 1061 indiciis
2871 1008 3077 1063 mentis
3111 1017 3168 1063 et
3209 1010 3377 1063 animi
3429 1010 3527 1064 ha-

1944 1098 2204 1169 bitusque
2239 1109 2296 1154 et
2322 1098 2656 1165 affectionis,
2688 1100 2990 1154 notabilem
3033 1101 3253 1170 generis
3288 1101 3529 1170 regium-

1942 1205 2050 1260 que
2074 1191 2329 1245 decorem
2356 1200 2727 1261 congruenter
2748 1191 3294 1261 reprmsentantibus,
3312 1193 3528 1248 viciniae

1941 1283 2110 1336 etiam
2170 1283 2589 1338 conversatione
2660 1283 2991 1338 testiﬁcante
3053 1283 3132 1338 rei
3202 1284 3523 1349 veritatem,
3590 1350 3591 1353 η

1943 1386 2182 1442 eumque
2224 1373 2290 1427 de
2321 1388 2388 1426 eo
2418 1371 2558 1426 fama
2590 1372 2774 1427 statim
2826 1373 2993 1427 etiam
3024 1373 3091 1426 ad
3145 1373 3526 1443 imperatorias

1942 1480 2107 1519 aures
2131 1465 2492 1534 pervenisset,
2528 1465 2707 1519 visum
2739 1474 2823 1520 est
2852 1466 2935 1520 eis
2972 1477 3198 1535 propter
3221 1466 3363 1522 hanc
3396 1481 3527 1520 cau-

1943 1569 2059 1609 sam
2094 1553 2170 1625 [et
2195 1565 2257 1610 ut
2285 1554 2714 1627 subjicerentur]
2748 1564 2811 1610 ιιι
2837 1572 2963 1611 cum
3010 1557 3273 1611 Romanis
3307 1572 3407 1626 per
3442 1559 3524 1612 le-

1943 1636 2218 1715 gationem
2246 1662 2378 1717 gens
2392 1647 2611 1702 Persica
2638 1657 2847 1717 ageret,
2877 1657 2935 1702 et
2964 1656 3025 1700 ut
3062 1648 3147 1700 liis
3181 1648 3526 1718 subjicercn-

1872 1723 1913 1778 Β
1944 1745 2034 1791 ιιιι·
2068 1737 2137 1792 ad
2179 1737 2388 1793 foedera
2437 1739 2591 1808 pacis
2626 1740 2816 1794 solida:
2849 1749 3143 1795 venerunt.
3177 1740 3390 1805 Quibus
3426 1756 3525 1794 auo

1940 1828 2072 1883 ditis
2101 1830 2159 1883 in
2184 1827 2395 1896 Persia,
2431 1846 2557 1885 cum
2594 1847 2663 1886 ex
2698 1832 2767 1885 iis
2813 1832 2908 1901 qui
2961 1832 3253 1901 legationis
3298 1833 3524 1886 nomine

1940 1930 2225 1982 venerant.
2250 1932 2365 1977 tum
2387 1938 2453 1977 ex
2478 1923 2547 1978 iis
2580 1925 2673 1993 qui
2700 1933 2927 1994 propter
2955 1924 3352 1993 Theophobum
3378 1923 3523 1978 idem

1940 2013 2087 2082 quod
2115 2014 2416 2084 imperator
2445 2016 2817 2085 postulabant,
2843 2031 2955 2071 rem
2988 2024 3230 2084 optatam
3256 2028 3524 2085 putarunt

1940 2103 2117 2171 patria
2144 2104 2383 2174 migrare
2401 2114 2456 2159 et
2485 2106 2554 2159 ad
2580 2106 2881 2160 Romanam
2902 2106 3168 2160 ditionem
3190 2108 3520 2171 concedere,

1939 2200 2001 2245 ut
2028 2194 2246 2262 generis
2279 2195 2416 2265 regii
2444 2195 2643 2251 ducem
2675 2197 3132 2251 nanciscerentur
3157 2214 3173 2262 ;
3202 2212 3266 2252 ac
3294 2198 3381 2252 vel
3409 2213 3525 2251 ma-

1939 2283 2083 2339 xime
2113 2284 2259 2353 quod
2309 2294 2364 2338 et
2412 2286 2702 2340 Persarum
2737 2286 2851 2340 dux
2885 2287 3061 2341 Babec
3091 2286 3403 2341 defectione
3450 2288 3519 2341 ad

1940 2373 2410 2429 Anteramnunem
2457 2389 2555 2442 per
2592 2375 2839 2443 quinque
2885 2389 3060 2427 annos
3115 2376 3518 2440 contineretur,

1938 2477 2049 2531 quo
2072 2464 2271 2532 spatio,
2294 2478 2417 2517 cum
2451 2464 2683 2518 maxima
2712 2464 2856 2519 bella
2880 2464 3211 2520 accidissent
3230 2468 3520 2538 victusque

1940 2553 2136 2608 fuisset
2158 2553 2361 2618 Babec,
2394 2555 2679 2625 ingressus
2721 2555 2826 2611 fuit
2854 2572 2981 2611 cum
3033 2566 3245 2626 septem
3274 2560 3519 2616 millibus

1942 2644 1998 2699 in
2032 2646 2334 2701 Romanam
2364 2647 2652 2711 ditionem,
2680 2648 2825 2718 apud
2856 2649 3048 2703 urbem
3077 2649 3317 2720 Sinopen
3363 2651 3520 2707 inve-

1942 2736 2151 2805 stigans
2172 2747 2386 2807 patrem
2417 2739 2768 2810 Theophobi.
2804 2739 2949 2809 apud
2990 2739 3187 2795 Persas
3225 2741 3385 2796 valde
3420 2741 3524 2796 bo-

1939 2836 2219 2895 noratum,
2250 2829 2514 2884 Romanis
2566 2830 2894 2885 militantem
2923 2847 2935 2883 :
2967 2846 3132 2900 quem
3181 2846 3308 2885 cum
3341 2831 3527 2887 Babec,

1940 2921 2244 2976 invenisset
2276 2929 2440 2991 atque
2488 2922 2558 2975 ab
2610 2922 2941 2991 imperatore
2990 2923 3305 2979 securitatis
3354 2922 3519 2979 ﬁdem

1941 3013 2266 3081 accepisset,
2318 3027 2438 3067 eam
2471 3012 2560 3067 cui
2606 3022 2839 3082 praterat
2867 3013 2972 3084 55
3008 3014 3245 3067 militum
3293 3030 3519 3069 manum

250 3078 358 3157 δεδι
386 3103 560 3174 εἰσ-(γει
589 3078 701 3174 (78)
741 3105 800 3157 ἐν
832 3078 1067 3175 χιλιάσιν
1092 3106 1234 3160 ἑπτὰ
1285 3078 1422 3175 πρὸς
1450 3078 1549 3175 τῆν
1596 3104 1839 3174 Ῥωμαῖ-

1941 3117 2111 3172 seque
2151 3103 2331 3172 ipsum
2360 3104 2681 3173 imperatori
2711 3106 2967 3176 subjecit.
3004 3107 3179 3162 Porro
3221 3106 3522 3176 imperator

250 3194 361 3265 κὴν
408 3195 788 3265 ἐπικράτειαν,
842 3197 985 3251 κατὰ
1030 3197 1187 3251 πόλιν
1236 3196 1487 3266 Σινώπην
1532 3194 1841 3265 ἀνερευνῶν

248 3286 349 3338 τὸν
374 3286 647 3357 Θεοφόόου
693 3288 928 3359 πατέρα,
971 3289 1121 3359 παρὰ
1156 3288 1394 3359 Πέρσαις
1421 3288 1563 3341 πάνυ
1593 3286 1840 3357 τιμώμε-

248 3393 367 3445 νον,
415 3378 706 3451 Ῥωμαίων
758 3382 888 3434 ὄντα
939 3384 1052 3445 τοῖς
1084 3382 1129 3414 ¹⁶
1178 3379 1499 3448 καταλόγοις
1524 3395 1538 3410 ·
1579 3380 1637 3433 ὃν
1677 3381 1703 3433 ὁ
1735 3379 1840 3432 Βά-

248 3468 357 3523 6εκ
388 3470 500 3540 (79)
532 3472 876 3543 κατειληφὼς
900 3475 1105 3542 ἐγγύας
1130 3490 1191 3526 τε
1221 3474 1374 3543 παρὰ
1395 3472 1661 3543 βασιλέως
1687 3472 1841 3537 δεξά-

248 3579 421 3633 μενος
449 3568 541 3617 τὸν
569 3566 662 3618 ὑπ’
691 3566 855 3620 αὐτόν
882 3583 946 3634 γε
977 3566 1108 3619 λαὸν
1142 3566 1239 3620 καὶ
1293 3564 1489 3619 ἑαυτὸν
1516 3565 1595 3635 τῷ
1625 3564 1837 3634 βασιλεῖ

244 3656 495 3726 ὑπήκοον
548 3658 816 3712 τέθεικεν.
864 3658 921 3711 '0
952 3658 1008 3711 δὲ
1045 3656 1300 3728 βασιλεὺς
1328 3656 1584 3724 Θεόφιλος
1610 3657 1701 3710 τὸν
1731 3657 1833 3727 μὲν

240 3746 451 3820 εὐγενῆ
482 3748 698 3803 νεανίαν
724 3748 994 3819 Θεόφοὸον
1026 3748 1419 3819 καταγεραίρει
1450 3747 1829 3819 πατρικιότητι

1938 3192 2281 3263 Theophilus
2307 3210 2639 3266 generosum
2671 3195 3077 3251 adolescentem
3112 3197 3516 3267 Theopbobum

1937 3286 2168 3355 patricia
2223 3286 2491 3357 dignitate
2549 3288 2897 3351 cohonestat,
2948 3303 3309 3357 sororemque
3361 3303 3520 3344 suam

1938 3377 1988 3432 ei
2020 3376 2077 3430 in
2107 3376 2520 3431 matrimonium
2553 3377 2739 3443 tradit,
2787 3386 2951 3448 atque
2996 3378 3054 3431 in
3079 3377 3356 3433 civitatem
3408 3379 3520 3432 Ro-

1940 3483 2159 3523 manam
2186 3478 2439 3540 receptos
2468 3470 2665 3525 Persas
2718 3469 2785 3523 ad
2820 3469 3152 3539 dignitatum
3208 3468 3416 3539 gradus
3464 3476 3521 3523 et

1940 3562 2151 3617 militiae
2178 3564 2671 3635 cognationemque
2707 3577 2833 3619 cum
2879 3563 3140 3618 Romanis
3184 3578 3287 3635 per
3331 3562 3522 3617 matri-

1940 3655 2125 3710 monia
2161 3656 2361 3727 jungit,
2391 3656 2495 3712 etsi
2546 3655 2945 3727 Theophobum
3004 3655 3348 3712 interfecerit
3399 3659 3522 3725 post

1937 3747 2056 3804 haec
2083 3748 2208 3803 dolo
2232 3750 2694 3805 circumventum.

240 3844 345 3897 καὶ
370 3843 469 3915 τὴν
502 3844 698 3899 ἑαυτοῦ
740 3845 976 3916 ἀδελφὴν
1018 3843 1196 3914 τούτῳ
1228 3841 1365 3913 πρὸς
1391 3842 1570 3913 γάμον
1637 3841 1920 3895 ἐκδίδωσιν
1949 3841 2085 3913 (80),
2129 3841 2209 3914 τῷ
2284 3859 2345 3895 τε
2394 3840 2694 3912 Ῥωμαϊκῷ
2777 3841 2892 3913 (81)
2948 3842 3307 3913 πολιτεύματι
3394 3832 3523 3894 τοὺς

1560 4001 1795 4058 VARUE
1828 4001 2241 4059 LECTIONES.

342 4108 384 4139 “
417 4106 505 4179 γε]
532 4125 591 4162 τε
623 4108 682 4179 [λ.
760 4108 805 4179 ’ξ
829 4104 1088 4179 ἐδόκησέν
1106 4122 1167 4159 τε
1190 4104 1273 4179 L._
1333 4104 1378 4136 "
1410 4102 1765 4179 συναξιόντων
1797 4098 1858 4179 ξι.
1881 4101 1984 4179 _“
2014 4104 2407 4176 προσχωρῆσαι
2450 4103 2685 4175 Symeon
2730 4103 2936 4174 logoth.
2971 4119 3025 4174 p.
3063 4102 3170 4155 4Ιῦ
3202 4100 3261 4155 Ι).
3345 4102 3387 4134 ⁸⁵
3426 4098 3521 4155 τοῦ

235 4172 592 4247 καταγείους
626 4177 689 4243 L,
716 4177 808 4231 τοῦ
842 4172 987 4231 κατα
1013 4177 1206 4246 γένους
1240 4173 1497 4247 Symeon.
1559 4176 1603 4206 ⁸⁸
1640 4175 1698 4227 ὲν
1734 4175 1847 4236 τοῖς
1880 4172 1943 4228 Β.

1431 4308 1676 4370 STEPH.
1730 4309 2080 4368 BERGLERI
2113 4308 2345 4366 NOTE.

318 4432 440 4503 (66)
475 4433 739 4489 Alienum
773 4433 862 4488 hic
893 4441 975 4488 est
1004 4450 1085 4488 τε.

312 4502 439 4574 (67)
479 4504 643 4559 Cedr.
674 4520 728 4574 p.
769 4506 892 4560 515.

314 4573 439 4647 (68)
471 4575 596 4647 Ipse
634 4573 738 4647 feci
779 4573 1174 4644 parentheseos
1194 4575 1380 4647 signa.
1412 4575 1521 4647 Est
1539 4583 1727 4630 autem
1748 4590 1838 4642 ea,

232 4644 448 4717 quales
464 4644 681 4717 plures.
717 4644 1052 4717 importuna.
1081 4672 1149 4686 —
1180 4644 1341 4701 Cont.
1375 4660 1432 4716 ι).
1466 4646 1554 4699 69.

312 4715 439 4786 (69)
462 4715 652 4786 Inepta
682 4716 1063 4786 topographia.

314 4784 441 4854 (70)
475 4784 635 4840 Cont.
672 4802 723 4854 p.
750 4784 851 4840 ⁷69⁷.

313 4855 441 4926 (7t)
472 4856 993 4927 ltaiscriptum,aut
1020 4857 1167 4926 quod
1193 4855 1386 4927 magis,
1408 4864 1658 4927 apparet,
1709 4874 1839 4911 συν-

232 4926 724 5000 φὰῃέιυιὶιίιιιι-
759 4926 941 4982 autem
969 4928 1155 4997 potius
1188 4926 1443 5000 συνῳδόν.

319 4942 389 4989 α,
422 4942 724 5048 ιέιὲιιηιυι·
759 4942 941 4982 autem
969 4942 1155 4997 potius
1188 4942 1443 4996 συνῳοον.

319 4997 453 5070 (72)
486 4999 498 5016 '
551 4999 703 5069 πειόὴ
730 5029 797 5039 οσ-
824 5000 991 5070 Περσ.
1032 5001 1256 5067 ἀναγκ.,
1277 4997 1440 5053 Com.
1475 5013 1529 5070 p.
1555 4996 1644 5053 69.
1673 4997 1838 5054 Cedr.

239 5086 306 5141 ρο
344 5069 486 5141 ἕξι-

314 5139 445 5209 (75)
496 5136 755 5210 Turbata
797 5138 1047 5207 loquitur
1095 5148 1157 5210 et
1198 5139 1475 5210 ambigue.
1526 5137 1841 5210 [Bergierus

232 5208 428 5268 vertit
473 5218 522 5263 et
567 5217 625 5260 ιιι
664 5209 1061 5277 subjiceremur
1087 5208 1480 5277 Romanis,‘per
1526 5208 1838 5277 legationem

236 5297 411 5355 agere
450 5295 567 5355 carm
602 5276 1050 5355 gente’Persiro.)
1082 5279 1270 5355 Potest.
1292 5276 1473 5355 etiam
1509 5276 1741 5355 intelligi
1778 5289 1839 5336 ut

236 5350 478 5410 P'ersiea
506 5352 705 5419 legatio
751 5351 924 5417 egerit
966 5350 1034 5404 de
1086 5350 1237 5419 pacis
1286 5350 1512 5415 fmdere,
1573 5359 1635 5404 ut
1676 5350 1837 5407 Cont.

238 5425 283 5480 l.
331 5438 389 5478 (ε.
426 5425 611 5489 Itaque
640 5422 779 5473 verti
820 5422 987 5474 etiam
1022 5429 1241 5489 potest:
1274 5421 1451 5474 visum
1497 5429 1581 5477 est
1622 5421 1725 5476 hac
1772 5422 1841 5476 de

239 5510 425 5550 causa
456 5494 542 5545 vel
575 5495 871 5553 occasione,
913 5500 971 5544 et
1008 5498 1069 5545 ut
1109 5492 1518 5560 subjicerentur
1554 5492 1837 5557 Romanis,

238 5581 356 5637 per
386 5563 724 5637 legationem
750 5576 908 5629 agere
950 5562 1225 5637 Persicam
1260 5572 1477 5637 gentem
1497 5563 1838 5637 necessario.

242 5631 543 5704 Atque'ut
584 5631 1012 5704 subjicerentur,
1056 5631 1261 5704 fmdera
1295 5632 1444 5702 pacis
1476 5632 1663 5690 solida:
1699 5634 1841 5688 inie-

248 5702 415 5773 runt,
447 5712 555 5759 etc.
599 5702 899 5773 Ἀποστολὴ
934 5702 1040 5757 erit
1067 5702 1315 5760 aPersis.

422 4718 441 4926 ξ

1858 4433 1915 4495 D

2035 4432 2126 4504 74)
2151 4430 2326 4504 Cont.
2347 4446 2403 4501 p.
2436 4429 2524 4504 70.

2036 4496 2126 4568 75)
2171 4504 2250 4559 lta
2287 4496 2407 4557 sine
2440 4500 2609 4555 dubio
2626 4499 2821 4555 vitiose
2845 4498 3134 4568 scriptum.
3164 4496 3349 4568 Forte
3400 4511 3523 4568 cov-

1940 4564 2240 4639 αξίούντων
2268 4581 2364 4629 aut
2397 4571 2772 4638 συνεξιόντων,
2796 4584 2857 4627 ιιι
2889 4564 3107 4638 βασιλεῖ
3142 4567 3214 4623 sit
3259 4564 3394 4635 πρὸς
3430 4565 3524 4635 βα-

1939 4646 2113 4719 σιλέα,
2154 4644 2300 4719 quod
2340 4642 2594 4719 quamvis
2627 4642 2812 4712 inepte
2859 4641 3179 4704 diceretur,
3223 4646 3404 4707 potest
3444 4646 3523 4690 ta-

1938 4729 2066 4769 men
2095 4718 2151 4771 in
2172 4713 2339 4770 ‘bunc
2361 4713 2586 4770 cadere.
2674 4752 2677 4755 ν

2011 4787 2122 4853 (76)
2148 4784 2308 4841 Cont.
2341 4799 2399 4853 p.
2431 4782 2519 4837 70.

2009 4847 2309 4927 (77),Sym.
2341 4847 2481 4927 1.0g.
2514 4868 2569 4925 p.
2608 4852 2711 4908 “6
2741 4852 2889 4918 init.,
2920 4848 3112 4905 iisdem
3145 4848 3330 4904 verbis
3357 4847 3518 4904 Cont.

1944 4924 2301 5004 Theophanis
2325 4941 2381 4996 p.
2416 4924 2525 4981 70.’
2558 4992 2571 5004 .
2656 4992 2689 5004 Α.
3163 4990 3176 5002 ⁵

2017 4988 2130 5069 (78)
2172 4988 2385 5069 Rursus
2424 4992 2794 5050 nominativos
2828 5007 2930 5062 pro
2951 4990 3209 5062 genitivis
3248 4988 3518 5044 absolute.

1941 5067 2104 5125 Cont.
2140 5084 2196 5125 ι).
2232 5068 2318 5122 70.

2017 5084 2502 5208 ('73)pllgq)uiritur
2550 5137 2612 5208 ὲν
2649 5137 2790 5208 τοῖς.
2852 5132 2958 5188 Sed
2999 5130 3192 5208 ξιίἰιιί,Δ
3232 5137 3368 5208 tum;
3410 5129 3520 5187 hic.

1942 5201 2127 5283 omisit
2186 5201 2327 5283 hanc
2380 5204 2850 5283 praepositionem.
2895 5204 3119 5283 -τιξοξοο
3242 5201 3525 5283 Baden:—

1942 5280 2131 5345 ὺπήκ,
2164 5269 2448 5340 τέθεικέν,
2480 5269 2629 5347 Sym.
2665 5274 2799 5345 Log.
2830 5290 2886 5343 p.
2923 5271 3051 5335 “6,
3085 5271 3277 5327 iisdem
3317 5269 3519 5325 verbis.

1943 5349 2071 5405 llarc
2119 5362 2244 5403 cum
2295 5346 2751 5402 antecedentibus
2796 5353 2852 5399 et
2889 5342 3249 5411 sequentibus
3290 5340 3522 5395 inferius

1940 5435 2051 5474 non
2096 5420 2354 5474 videntur
2410 5432 2737 5486 congruere,
2796 5410 3090 5469 traduntur
3136 5420 3316 5465 tamen
3366 5410 3521 5467 etab

1943 5490 2233 5563 aliis‘quos
2262 5488 2542 5563 annotavi.
2587 5556 2618 5563 _
2674 5555 2689 5563 _
2876 5554 2973 5563 Μ,
3042 5554 3077 5563 __
3330 5552 3345 5563 .
3370 5552 3427 5563 ._
3463 5552 3474 5563 .

2015 5552 2127 5632 (80)
2156 5560 2317 5616 Cont.
2355 5576 2408 5629 p.
2460 5557 2548 5611 70.
2579 5555 2743 5611 Cedr.
2781 5570 2836 5626 p.
2874 5554 3001 5610 524.
3042 5554 3176 5609 Zon.
3214 5569 3267 5625 p.
3325 5552 3427 5609 M7
3462 5552 3518 5607 in

1942 5630 2128 5774 milii)
2160 5698 2530 5756 Theodoram.
2549 5696 2747 5769 Georg.
2774 5696 2921 5753 Mon.
2950 5711 3005 5767 p.
3033 5694 3155 5750 516.
