4028 6226
511 215 650 281 1053

1827 205 2149 267 JOSEPHi
2188 204 2502 267 GENESII

3680 197 3813 267 1080

508 332 727 405 Πέρσας
756 331 1173 403 συναριθμήσας
1217 324 1547 395 ἀξιωμάτων
1596 339 1655 375 τε
1711 320 1824 392 (82)
1871 320 2099 391 βαθμοῖς
2139 320 2233 374 καὶ
2267 320 2557 391 στρατείας
2581 320 2715 390 πρδς
2761 318 3080 390 ἀγχιστείαν
3112 335 3169 371 τε
3215 318 3510 389 Ῥωμαίων
3583 319 3652 371 ὲν
3719 319 3809 384 γά·

513 441 635 499 μοις
660 424 963 494 ἁρμόζεται
996 421 1132 492 (85),
1186 421 1234 472 εί
1267 419 1363 472 καὶ
1416 417 1509 470 τὸν
1563 413 1836 483 Θεόφοὸον
1883 416 2102 484 ἀναιρεῖ
2137 416 2275 483 μετὰ
2302 414 2478 467 ταῦτα
2508 414 2907 479 δολιωσάμενος
2939 413 3076 483 (ὃί).

579 519 758 575 Etiam
782 519 943 572 aliter
972 524 1156 568 autem
1189 514 1256 569 de
1287 511 1634 582 TheOphobo
1666 526 1765 580 per
1789 510 2087 564 historiam
2118 510 2171 569 Α

514 611 799 674 traditum,
848 608 923 662 ita
958 616 1016 660 ut
1047 608 1251 662 similia
1296 605 1520 676 quidem
1556 605 1815 659 dicantur
1862 603 1931 657 iis
1977 620 2100 673 qua:

512 706 773 766 diximus,
820 700 1051 755 minime
1092 708 1274 755 tamen
1306 698 1624 752 nullatenus
1664 693 1958 757 variantia,
2000 706 2102 762 pro

2281 510 2369 574 Ὣς
2400 512 2456 564 δέ
2486 529 2648 577 τινες,
2682 513 2774 564 καὶ
2799 512 2972 574 ἄλλως
3012 512 3081 564 τὰ
3119 510 3264 565 κατά
3299 511 3579 581 Θεόφοὸον
3607 515 3807 570 διιστόο

2209 601 2445 674 ρηται,“ἃ
2468 602 2576 655 τῶν
2597 602 2898 671 λεχθέντων
2920 603 3133 655 τελοῦσι
3156 603 3435 673 παρόμοια
3455 605 3598 675 (85).
3630 609 3812 681 ἀπαρ-

2208 696 2452 750 άλλακτα
2494 695 2824 763 δέούδαμῶς,
2875 696 3015 748 κατὰ
3074 695 3135 747 τὸ
3203 696 3462 766 διάφορον
3488 698 3604 750 τῶν
3640 702 3812 756 ταῦτα

512 797 835 853 diversitate
861 809 1055 849 eorum
1105 780 1197 863 qui
1228 808 1293 848 ea
1352 791 1620 853 referunt,
1652 789 1785 843 dum
1842 787 1929 841 vel
1997 784 2103 855 ipsi

2216 790 2510 856 5ιεξιόντων
2540 790 2639 860 τῆς
2668 805 2725 841 τε
2758 788 3022 857 αύτούίας
3057 789 3152 841 καὶ
3183 789 3283 857 τῆς
3316 790 3453 858 πρὸς
3482 791 3721 862 ἐτέρους
3754 795 3806 845 ἐν

512 896 814 959 praesentes
840 893 1223 957 cognoverunt
1257 884 1343 937 vel
1403 880 1671 935 memoria
1704 878 1981 933 narrando
2032 876 2101 931 ad

514 979 664 1049 ipsos
689 986 984 1047 propagata
1016 974 1142 1028 fuit.
1166 973 1303 1028 Cum
1332 988 1363 1027 e
1390 971 1573 1027 Persis
1598 969 1925 1024 excessisset
1950 975 2106 1037 pater

514 1069 842 1140 Theophobi
870 1068 1020 1137 regio
1050 1065 1320 1135 sanguine
1356 1071 1679 1133 prognatus,
1706 1061 1859 1115 venit
1891 1060 2103 1130 Byzan-

516 1163 654 1216 tium
708 1175 877 1229 egens
927 1168 1095 1227 atque
1148 1172 1250 1226 pro
1306 1153 1566 1208 mercede
1618 1152 1849 1206 servivit
1884 1150 2105 1204 cuidam

516 1252 741 1309 mulieri
778 1267 899 1322 qua:
929 1265 1047 1305 rem
1084 1247 1477 1318 cauponariam
1504 1245 1823 1300 exercebat.
1854 1242 2106 1312 Cumque

513 1348 608 1402 diu
634 1346 1009 1401 ministrasset
1033 1343 1109 1408 ei,
1144 1343 1264 1397 haec
1291 1355 1479 1396 amore
1506 1341 1628 1409 ejus
1658 1338 1904 1407 capitur,
1942 1344 2108 1405 atque

514 1439 821 1509 voluptatis
845 1453 1007 1491 causa
1040 1436 1456 1505 coniunguntur
1482 1449 1495 1486 :
1531 1448 1596 1487 ex
1621 1446 1731 1500 quo
1756 1429 1956 1483 mu‘licr
1984 1443 2108 1483 cum

516 1533 884 1602 concepisset,
917 1528 1224 1583 masculum
1259 1525 1423 1581 enixa
1459 1534 1563 1579 est.
1613 1523 1886 1579 Cancrum
1924 1519 2111 1577 Persis

517 1643 615 1697 per
644 1626 894 1680 diversas
927 1621 1179 1692 regiones
1206 1619 1493 1688 dispersis,
1534 1616 1787 1670 nonnulli
1831 1630 1895 1669 ex
1940 1614 2009 1668 iis
2055 1628 2113 1667 a-

527 1717 854 1773 stronomia
882 1714 1084 1768 addicti
1110 1721 1301 1768 erant:
1344 1710 1462 1765 haec
1476 1709 1621 1764 enim
1645 1708 1712 1762 ab
1742 1706 1850 1761 illis
1878 1722 1991 1776 prae
2012 1720 2115 1759 ca:-

515 1811 651 1864 teris
675 1808 932 1863 scientiis
958 1806 1285 1865 aestimatur,
1320 1803 1387 1857 ad
1415 1817 1683 1856 summam
1717 1798 2111 1870 perfectionem

516 1901 778 1966 deducta,
810 1909 866 1954 et
900 1900 1139 1953 fortasse
1176 1897 1297 1950 aliae
1332 1896 1500 1949 etiam
1534 1891 1875 1947 vaticinandi
1920 1898 1977 1945 et
2022 1889 2112 1943 fu-

517 2000 643 2047 tura
672 1990 1008 2060 pra-dicendi
1049 1988 1398 2056 disciplinae:
1432 2000 1671 2054 quarum
1703 2000 1807 2053 ope
1846 1983 1991 2037 forte
2015 1997 2113 2037 co-

518 2092 824 2154 gnoverant
855 2095 1149 2149 superesse
1201 2078 1607 2146 Tlieophobum
1658 2077 1713 2129 in
1761 2074 2114 2157 Qonstantini

518 2174 674 2230 urbe.
711 2173 951 2228 Proinde
999 2170 1232 2240 profecti
1286 2169 1353 2223 ad
1400 2168 1508 2239 56
1560 2165 1929 2237 Theophilum
1983 2176 2115 2220 tunc

518 2266 817 2335 imperium
866 2263 1370 2325 administrantem,
1407 2262 1684 2314 instanter
1725 2259 2009 2329 petierunt
2055 2265 2116 2312 ut

518 2358 624 2413 sibi
655 2357 815 2411 ﬁeret
848 2355 1082 2409 facultas
1115 2352 1404 2423 quaerendi
1435 2353 1591 2405 illum
1624 2351 1721 2421 qui
1749 2351 1928 2421 palam
1964 2350 2020 2404 in
2049 2365 2114 2405 ea

520 2450 659 2504 urbe
698 2463 812 2503 non
850 2453 1166 2501 versaretur
1193 2462 1207 2499 :
1240 2446 1388 2514 ipsos
1414 2454 1599 2498 autem
1631 2443 1744 2513 regi
1775 2442 2117 2496 indicaturos

519 2557 663 2597 esse.
702 2540 917 2607 Quibus
953 2539 1167 2594 lubenti
1208 2538 1394 2592 animo
1421 2536 1628 2590 auditis
1683 2536 1986 2604 imperator
2019 2549 2117 2603 per

521 2644 693 2690 totam
727 2633 1047 2690 sciscitatus
1070 2641 1155 2686 est
1187 2630 1403 2695 urbem,
1439 2630 1694 2699 famaque
1718 2629 1785 2684 de
1818 2644 1881 2683 ea
1918 2643 1977 2682 re
2010 2628 2117 2682 uti-

520 2740 629 2797 que
659 2727 980 2795 pervulgata
1015 2724 1192 2793 spatio
1216 2724 1522 2778 multorum
1569 2722 1812 2787 dierum,
1848 2721 1903 2775 in
1939 2737 2117 2791 angu-

522 2816 629 2870 stia
656 2829 828 2885 super
858 2829 925 2868 eo
952 2813 1047 2882 qui
1082 2812 1439 2882 quaerebatur
1464 2813 1576 2882 jam
1620 2810 1959 2873 constitutis,
1993 2809 2117 2878 qni-

522 2908 648 2962 dam
683 2922 751 2961 ex
804 2906 1008 2960 vicinia
1062 2904 1338 2975 praedictae
1374 2904 1739 2965 mulierculae,
1790 2903 2118 2973 coniunctus

521 2997 758 3062 exstitit,
798 3010 828 3050 a
862 3011 972 3065 quo
1002 2994 1422 3066 significabatur
1451 3009 1571 3048 eam
1604 3009 1671 3048 ex
1712 2994 1879 3048 Persa
1913 3008 2115 3047 conce-

521 3089 691 3159 pisse,
722 3101 893 3157 seque
920 3100 1045 3141 cum
1080 3086 1175 3140 illo
1202 3085 1410 3154 saepius
1456 3095 1865 3149 conversatum,
1901 3100 2027 3139 cum
2071 3085 2117 3140 is

522 3178 816 3234 ministerii
869 3177 1186 3233 functiones
1238 3184 1563 3247 perageret,
1615 3185 1781 3245 atque
1836 3174 2116 3229 audivisse

522 3279 790 3340 certoque
816 3271 1139 3341 cognovisse
1166 3270 1321 3325 illum
1347 3286 1413 3325 ex
1454 3269 1641 3324 Persia
1677 3283 1798 3323 esse
1854 3268 2116 3338 regioque

523 3361 790 3433 sanguine
822 3370 1071 3416 cretum:
1106 3361 1264 3430 isque
1296 3360 1473 3415 fertur
1496 3358 1907 3429 quasitoribus
1928 3358 2115 3413 omnia

522 3456 593 3511 de
640 3456 737 3511 illo
789 3455 1088 3511 indicasse.
1118 3454 1257 3508 Cum
1312 3454 1390 3507 illi
1440 3467 1613 3522 porro
1648 3453 1939 3507 mulierem
1974 3452 2116 3506 arri-

522 3569 773 3638 puissent
799 3582 924 3622 cum
948 3581 1056 3635 qua
1081 3565 1175 3619 ille
1202 3565 1371 3619 Persa
1397 3564 1859 3619 consuetudinem
1889 3565 2115 3619 habuis-

523 3670 628 3727 set,
661 3669 825 3729 atque
850 3659 1143 3730 diligenter
1173 3666 1540 3728 accurateque
1587 3657 1901 3729 percontati
1926 3666 2114 3713 essent

523 3754 594 3807 de
648 3752 771 3823 ejus
804 3751 900 3821 qui
931 3750 1287 3821 quarebatur
1332 3749 1556 3805 vivendi
1595 3749 1812 3805 ratione
1863 3759 1919 3805 et
1961 3766 2119 3804 man-

524 3846 701 3909 sione,
721 3859 848 3900 eum
877 3843 1103 3915 quidem
1128 3843 1224 3914 qui
1251 3860 1376 3899 cum
1405 3844 1637 3899 muliere
1659 3841 2120 3897 consuetudinem

525 3937 813 3993 habuisset
830 3938 942 4010 jam
970 3949 1251 3991 mortuum
1285 3952 1406 3991 esse
1442 3935 1898 4008 testabaturzqui
1935 3943 2120 3990 autem

524 4030 624 4085 illo
650 4040 959 4103 prognatus
982 4038 1134 4085 esset
1159 4045 1226 4085 ex
1254 4046 1318 4084 ea
1342 4027 1908 4093 consuetudine,eum
1938 4038 2127 4083 osten-

2141 1865 2188 1924 B

2205 884 2455 953 διηγήσει
2486 882 2947 953 μετοχετεύσεως.
2966 879 3061 933 Ἐκ
3089 881 3317 951 Περσῶν
3344 881 3455 952 (86)
3491 885 3679 937 τοίνυν
3713 890 3806 940 ἀπ’

2207 978 2444 1039 αναστὰς
2461 978 2486 1029 ὁ
2515 977 2693 1047 πατὴρ
2712 975 2979 1046 Θεοφόὸσῢ
2994 976 3275 1047 βασιλικοῦ
3309 977 3547 1045 αἵματος
3564 998 3800 1051 προενη-

2218 1072 2484 1139 νεγμένος
2516 1072 2555 1101 ⁸⁷
2631 1070 2802 1141 εἰσῄει
2863 1069 2941 1140 τῷ
2997 1071 3278 1141 Βυζαντίῳ
3332 1073 3663 1142 πενόμενος,
3716 1078 3802 1127 καὶ

2208 1164 2351 1216 κατὰ
2371 1162 2699 1233 μισθαρνίαν
2724 1162 3050 1232 ἐξυπηρέτει
3071 1162 3179 1215 τινὶ
3210 1164 3433 1231 γυναικὶ
3460 1164 3503 1193 ¹⁸
3526 1166 3644 1231 (87)
3744 1166 3801 1217 τὸ

2209 1251 2546 1323 καπηλεύειν
2582 1255 2660 1315 είς
2698 1252 2965 1323 ἐργασίαν
3033 1254 3237 1323 παρῆν.
3304 1254 3429 1307 Ἐπὶ
3486 1254 3703 1325 μακρὸν
3750 1255 3799 1307 δὲ

2211 1345 2670 1416 καθυπουργήσας
2704 1346 2862 1414 αὐτῇ,
2894 1343 3057 1413 ἔρωτι
3088 1345 3282 1397 τούτου
3313 1347 3797 1413 περικατάληπτος

2210 1436 2421 1504 γίνεται
2461 1436 2595 1505 (88),
2633 1436 2726 1488 καὶ
2763 1438 2897 1505 πρὸς
2928 1434 3120 1505 ἡδονὴν
3178 1434 3611 1503 συμόιὸἀζονται
3640 1438 3707 1468 ’θ’
3744 1436 3797 1501 ἐξ

2210 1525 2271 1585 οὗ
2306 1530 2665 1599 συνειληφυῖα
2720 1528 2833 1597 (89)
2885 1529 3214 1599 ἐγγάστριον
3263 1530 3427 1598 ἅῤῥεν
3482 1530 3795 1587 ἐκτέτοκεν.

2213 1624 2335 1678 Τῶν
2359 1618 2452 1677 οὖν
2488 1625 2553 1676 ὲκ
2585 1605 2843 1691 Περσίδος
2880 1622 3023 1675 κατά
3076 1621 3366 1692 διαφόρους
3392 1620 3566 1691 χώρας
3618 1640 3798 1693 μεμε-

2216 1715 2512 1785 ρισμένων,
2541 1713 2744 1766 τούτων
2776 1712 2920 1775 τινὲς
2952 1710 3322 1781 ἀστρονομίαν
3352 1712 3607 1781 μετῄεσαν
3632 1715 3747 1781 (9η)
3778 1731 3789 1742 ·

2216 1802 2355 1873 αὕτη
2383 1806 2494 1874 γὰρ
2518 1803 2727 1865 τούτοις
2779 1803 2889 1854 τῶν
2923 1802 3101 1856 ἄλλων
3126 1801 3333 1872 τεχνῶν
3362 1802 3456 1855 καὶ
3482 1804 3797 1872 ἐπιστημῶν

2218 1897 2613 1967 προτετίμηται
2639 1897 2720 1958 είς
2744 1895 2804 1948 τὸ
2837 1895 3066 1966 ἀκριϐὲς
3108 1896 3530 1965 ἐκπεπονημένη
3579 1896 3646 1960 ³⁸,
3702 1896 3791 1947 καὶ

2216 1990 2375 2042 ἄλλαι
2403 1988 2565 2058 τυχὸν
2598 1988 2856 2058 μαντικαί
2906 2005 2965 2040 τε
3002 1986 3095 2040 καὶ
3144 1990 3557 2056 προγνωστικαὶ
3580 1988 3622 2018 ¹¹
3668 1988 3789 2058 μέθ-

2216 2083 2323 2135 οδοι
2349 2098 2362 2111 '
2388 2083 2455 2135 δι’
2479 2076 2554 2135 ὧν
2580 2082 2711 2145 ἴσως
2746 2080 3116 2151 διεγνώκεσαν
3140 2083 3411 2152 περιεῖναι
3444 2083 3489 2112 ²¹
3522 2081 3791 2153 (9!)Kmv-

2217 2177 2497 2229 σταντίνου
2514 2178 2578 2248 τῇ
2611 2175 2765 2228 πόλει
2792 2174 3081 2243 Θεόφοὸον.
3120 2173 3362 2229 Ἐνθένδε
3391 2177 3702 2246 προσιόντες
3726 2176 3794 2243 τῷ

2216 2268 2520 2339 τηνικαῦτα
2579 2266 2822 2321 διέποντι
2881 2266 3126 2339 θεοφίλῳ
3156 2268 3216 2319 τὸ
3254 2268 3531 2337 βασίλειον
3582 2270 3791 2339 κράτοε,

2220 2360 2462 2437 συνεχῶς
2488 2360 2768 2434 ἐδεδέηντο
2811 2362 2904 2415 τοῦ
2936 2362 3166 2434 ἐρεύνης
3211 2367 3395 2434 τυχεῖν
3432 2364 3538 2436 (92)
3566 2366 3623 2416 ἐν
3659 2368 3787 2433 alti;

2220 2455 2469 2526 φανερῶς
2503 2456 2582 2525 μὴ
2633 2455 2892 2525 διάγοντα
2932 2456 3065 2527 (95),
3099 2458 3191 2509 καὶ
3222 2461 3433 2520 τούτοις
3461 2461 3535 2521 είς
3573 2457 3789 2527 βασιλέα

2220 2546 2734 2616 φανερωθήσεσθαι.
2767 2549 2857 2611 Ὠς
2882 2545 2977 2602 οὖν
3010 2549 3263 2616 ἀσμένως
3290 2550 3448 2603 τοῦτο
3470 2550 3746 2619 διηκηκόει
3764 2551 3795 2602 ὁ

2222 2639 2508 2710 βασιλεὺς,
2544 2640 2635 2695 διὰ
2665 2642 2847 2713 πάσης
2876 2642 3291 2714 ἡκριϐολογείτο
3322 2644 3420 2713 τῆς
3448 2644 3655 2705 πόλεως
3674 2643 3795 2714 (θό).

2220 2734 2333 2803 Τῆς
2357 2735 2411 2787 δὲ
2440 2736 2568 2804 περὶ
2596 2734 2789 2789 τούτου
2828 2737 3020 2806 φήμης
3081 2736 3391 2805 πανταχόσε
3444 2736 3795 2805 ergatam“-

2220 2826 2379 2889 κυίας
2409 2826 2505 2879 ἐπὶ
2529 2828 2867 2897 παρεκτάσει
2897 2828 3109 2881 πολλῶν
3145 2830 3249 2899 ημε
3261 2828 3390 2898 ρῶν,
3429 2829 3531 2882 καὶ
3560 2832 3635 2891 εἰς
3664 2829 3799 2897 ἀμηο

2220 2916 2411 2988 χανίαν
2444 2916 2538 2969 τοῦ
2591 2919 2968 2987 ἐρευνωμένου
3032 2920 3444 2989 συνεστηκότων
3467 2961 3482 2984 ,
3520 2921 3632 2974 τῶν
3672 2920 3803 2972 κατά

2220 3011 2495 3077 γειτονίαν
2526 3012 2571 3042 ’³
2593 3028 2675 3074 τις
2706 3011 2784 3081 τῷ
2812 3012 3031 3084 ῥηθέντι
3054 3011 3263 3084 γυναίῳ
3296 3013 3499 3079 συνὼν,
3564 3014 3668 3083 ὅτῳ
3697 3010 3804 3085 (95)

2223 3103 2600 3173 συνειληφέναι
2633 3105 2785 3173 παρὰ
2817 3103 2910 3158 τοῦ
2966 3106 3180 3177 Πέρσου
3216 3106 3632 3178 διετετράνωτο,
3683 3107 3805 3161 καθ’

2146 3210 2186 3266 C
2218 3195 2435 3263 ὁμιλίαν
2464 3213 2522 3248 τε
2557 3196 2840 3267 πολλαχῶς
2863 3196 3012 3268 αύτῷ
3046 3198 3321 3253 συνελθεῖν
3360 3200 3429 3252 τὰ
3449 3200 3588 3267 πρὸς
3610 3201 3811 3268 ὑπηρε-

2222 3286 2345 3340 σίαν
2370 3288 2761 3359 διενεργοῦντι,
2794 3289 3063 3344 πυθέσθαι
3092 3308 3153 3343 τε
3176 3291 3271 3345 καὶ
3296 3290 3492 3361 σαφῶς
3516 3291 3813 3361 tum

2221 3379 2417 3450 ὅτιπερ
2464 3382 2527 3433 ἐκ
2565 3380 2792 3452 Περσῶν
2829 3382 2939 3453 εἴη,
2972 3381 3258 3453 βασιλικοῦ
3287 3383 3345 3436 δὲ
3372 3383 3628 3453 πέφυκεν
3654 3384 3809 3453 αἵμα-

2219 3489 2312 3534 τος
2338 3488 2351 3503 ⁸
2384 3473 2611 3537 καὶτοῖς
2643 3474 2910 3544 ἐρευνῶσι
2940 3475 3009 3529 τὰ
3042 3479 3171 3546 περὶ
3194 3475 3385 3528 τούτου
3417 3477 3810 3545 κατασημήνα-

2222 3565 2368 3619 σθαι.
2401 3562 2521 3617 Τῶν
2546 3565 2603 3617 δέ
2621 3564 2681 3619 τὸ
2710 3566 2812 3637 μὲν
2849 3565 3071 3633 γύναιον
3102 3566 3496 3635 κατασχόντων
3521 3565 3594 3629 ’⁸,
3621 3565 3734 3635 μεθ’
3758 3555 3809 3615 οὗ

2220 3658 2248 3708 ὁ
2280 3655 2497 3727 Πέρσης
2526 3656 2626 3727 τὴν
2686 3657 3033 3729 ἀναστροφὴν
3088 3658 3405 3727 ἐπεποίητο,
3462 3658 3566 3711 καὶ
3616 3656 3811 3710 ἐνδελε-

2216 3749 2478 3820 χέστερον
2507 3749 2769 3819 ἀσφαλῶς
2796 3750 3226 3815 διεξετασάντων
3251 3751 3349 3822 τὴν
3376 3750 3479 3804 τοῦ
3511 3749 3807 3821 ἐρευνωμέ-

2219 3856 2312 3892 νου
2345 3838 2625 3912 διαγωγὴν
2648 3841 2785 3909 (96),
2826 3841 2917 3894 τὸν
2948 3842 3048 3912 μὲν
3096 3844 3163 3912 τῇ
3208 3841 3438 3909 ’γυναικὶ⁸
3500 3840 3812 3893 συνελθόντι

2220 3932 2783 4003 προτετελευτηκέναι
2842 3933 3273 4005 διεμαρτύρατο,
3301 3934 3395 3986 τὸν
3424 3934 3487 3986 δὲ
3519 3935 3589 3985 ἐκ
3638 3934 3810 3985 τούτου

2224 4026 2696 4097 προενηνεγμένον
2722 4026 2865 4081 κατά
2895 4026 3159 4097 συζυγίαν
3180 4029 3387 4081 ἇὸόενα
3414 4027 3596 4079 παῖδα
3620 4027 3813 4085 τούττις

1841 4137 2073 4192 VARl/E
2112 4139 2512 4197 LECTIONES.

598 4240 645 4271 η
670 4237 1105 4309 προηγμένοςῖίλ.
1184 4236 1226 4267 ¹³
1248 4251 1469 4302 γυναικι
1578 4248 1746 4309 supra
1779 4234 1973 4309 script.
2053 4234 2096 4309 ’ξ
2131 4236 2535 4309 συμΰιὸἀζεται
2563 4236 2885 4309 Symeonp.
2918 4236 3023 4291 416
3042 4236 3103 4290 Β.
3182 4236 3228 4267 ¹⁶
3261 4237 3722 4306 ἑκπεπονημένηι
3756 4235 3811 4286 1.·

527 4310 570 4341 ’ί
602 4303 1008 4380 προγνωστικοὶ
1027 4308 1089 4362 L.
1166 4309 1210 4339 ¹²
1240 4310 1489 4376 περιέναι
1521 4305 1583 4358 ιλ.
1653 4303 1706 4336 ⁷⁸³
1737 4303 2029 4371 γειτωνίαν
2070 4305 2134 4359 ι..
2206 4303 2258 4338 ’⁸
2293 4303 2755 4379 καταστοχιῖἰντων
2793 4303 2855 4362 ιζ

1716 4397 1963 4453 8ΤΕΡΙΙ.
1994 4399 2346 4458 BERGLERI
2377 4403 2609 4459 NOTAE.

620 4500 710 4570 8'2)
745 4496 909 4570 Cont.
941 4514 997 4570 p.
1032 4498 1125 4554 70.

599 4566 713 4644 (85)
771 4566 966 4644 Cedr;
1008 4585 1065 4640 p.
1321 4566 1595 4644 Ἕκαστόν
1665 4584 1725 4644 τε
1797 4566 1908 4644 τῶν
1971 4567 2114 4644 [lep-

527 4638 638 4699 σων
686 4638 969 4713 νομοτεθεῖ
1008 4638 1146 4694 ’κατ’
1212 4639 1515 4711 ἐπιγαμίαν
1569 4638 1943 4693 συνάπτεσθαι
1982 4640 2118 4693 Ῥω-

529 4714 736 4789 μαίοις.

623 4786 714 4852 84)
746 4784 823 4838 De
856 4798 967 4852 quo
992 4780 1247 4839 inferius.

623 4788 691 4839 84
746 4788 823 4838 De
856 4798 967 4852 quo
992 4788 1118 4838 inl‘ei

599 4788 714 4925 ‘85;
742 4853 905 4910 Cont.
943 4869 998 4923 p.
1031 4854 1118 4925 (i9.

599 4921 712 5051 (ῗθ)
750 4925 912 4981 Cont.
944 4921 1000 4995 ἰ).
1035 4923 1124 4979 69.
1151 4923 1302 4995 Sym.
1338 4922 1473 4995 Log.
1505 4940 1562 4996 p.
1598 4922 1728 4989 416,
1770 4922 1965 4979 iisdem
2006 4921 2124 4977 fere

602 5017 624 5051 r
671 5015 737 5051 IS.

526 5015 737 5055 vernis.

601 5071 717 5140 (87)
765 5066 1037 5138 Ambigue
1067 5065 1360 5140 scriptum,
1411 5074 1483 5140 nt_
1508 5064 1900 5140 et__lioc_possit
1926 5063 2030 5135 legi
2073 5071 2129 5118 et

528 5134 764 5210 γυναίῳ,
802 5134 1045 5210 superne
1097 5134 1307 5210 scripto
1333 5157 1397 5189 ω.
1434 5134 1763 5210 ,Βοτίθειιᾴο
1790 5134 1999 5210 ιιιιιειιι
2026 5150 2126 5201 γυ-

528 5200 664 5284 ναίῳ
696 5200 826 5266 mo:
862 5200 962 5279 pro
1101 5200 1397 5284 lege-udum
1527 5215 1583 5261 et
1633 5206 1759 5261 dein
1801 5207 1961 5284 abtﬁ,
2012 5200 2131 5259 ma-

528 5277 731 5353 netque
765 5277 891 5337 moi
918 5277 1177 5353 τούτουςί
1196 5277 1502 5353 Scribendo
1526 5285 1709 5353 autem
1736 5279 1978 5353 γυναικὶ,
2018 5292 2135 5353 ma-

530 5362 627 5426 net
644 5347 689 5426 ’ᾖ
728 5363 785 5409 et
840 5352 1035 5426 ταύτῃ,
1084 5350 1181 5406 sed
1233 5365 1364 5426 mos
1400 5348 1691 5426 legendum
1741 5348 1968 5426 ταύτης,
2015 5347 2125 5401 nisi

530 5418 1014 5494 καθύπσυργήσαξ
1037 5429 1289 5478 sumatur
1317 5418 1570 5476 absolute
1604 5435 1706 5491 pro
1746 5418 1988 5491 genitivo
2023 5433 2126 5473 no-

530 5491 851 5558 minativus,
880 5491 943 5551 ut
969 5495 1130 5550 verti.

603 5564 718 5633 (88)
757 5564 914 5618 Cont.
956 5581 1009 5634 ῃ.
1064 5566 1152 5619 69.

600 5624 712 5704 (89]
739 5634 886 5705 Syln.
916 5624 1046 5705 Log.
1082 5652 1135 5705 p.
1159 5637 1285 5691 HG.
1316 5644 1532 5691 tantum
1578 5635 1651 5690 ita
1687 5653 1699 5687 :
1738 5633 1831 5697 ἘΞ
1852 5624 1913 5686 οὗ
1946 5650 2123 5705 συνει-

528 5703 733 5783 ληφυῖα
768 5703 973 5776 ἄρρενα
1008 5703 1311 5764 ἑκτὲτοκεν.
1369 5708 1479 5763 Sed
1524 5708 1603 5762 ibi
1660 5706 1857 5762 vitiose
1908 5703 2120 5760 editum

2152 4504 2194 4557 υ
2222 4500 2572 4555 ἐκατὲτοκεν.

2292 4570 2404 4645 (90)
2431 4571 2594 4645 Cont.
2627 4588 2681 4645 p.
2710 4572 2800 4627 69.
2825 4571 2976 4645 Syrm2
3169 4570 3208 4625 Ι.
3250 4585 3300 4625 c.

2292 4588 2404 4639 (νυ)
2431 4588 2594 4627 cont.
2710 4588 2800 4627 ον.
2825 4588 2976 4645 bym.
3006 4588 3139 4642 Log.
3170 4588 3208 4625 ι.
3250 4588 3300 4625 c.

2291 4643 2403 4711 (9|)
2441 4644 2589 4715 Sym.
2646 4657 2758 4712 tog.
2789 4659 2845 4712 p.
2880 4642 2984 4695 416
3049 4643 3104 4696 in
3134 4657 3199 4697 ea
3245 4658 3304 4696 re
3334 4643 3653 4714 περίεστιν.
3687 4644 3816 4697 Rur-

2219 4728 2315 4784 sus
2343 4722 2529 4769 autem
2564 4715 2773 4768 omittit
2804 4729 3041 4784 praepos.
3072 4716 3149 4784 ἐν.

2294 4782 2403 4855 (92)
2452 4786 2509 4839 ld
2560 4794 2645 4839 est
2691 4782 3055 4855 ἐρευνηθῆναι
3107 4783 3225 4838 sive
3280 4784 3723 4854 ἐρευνήσασθαι,
3764 4792 3813 4833 ιιι

2223 4856 2372 4910 Svm.
2406 4854 2538 4910 Log.
2572 4870 2627 4910 n.
2660 4855 2784 4909 416.
3809 4882 3813 4886 .

2265 4870 2372 4925 ym.
2406 4855 2538 4925 Log.
2572 4870 2627 4925 p.
2660 4855 2784 4909 416.
2930 4924 2934 4925 ί
3809 4882 3813 4886 -

2298 4925 2409 4997 (9'5)
2437 4926 2598 4982 Cont.
2638 4943 2692 4997 p.
2734 4924 2802 4981 69
2835 4924 3039 4997 infine.

2299 4943 2409 4997 (νο)
2437 4943 2598 4982 bunt.
2680 4969 2692 4981 .
2734 4943 2802 4981 ou
2835 4943 2886 4979 ιιι
2914 4943 3004 4980 une

2299 4997 2411 5135 (94)
2446 4998 2594 5068 Sym.
2633 4943 2767 5065 Bog.
2795 5012 2850 5078 p:
2877 4996 3004 5051 416.

2320 5069 2411 5135 95)
2444 5069 2521 5122 lta
2559 5069 2707 5122 clare
2738 5076 3004 5135 scriptum

2320 5069 2411 5138 95)
2444 5066 2521 5122 lta
2559 5069 2707 5122 clare
2738 5068 3032 5137 scriptum,
3064 5077 3121 5140 et
3167 5068 3244 5121 ita
3270 5068 3454 5123 Attice
3488 5084 3664 5140 supra
3695 5066 3811 5119 seri-

2227 5142 2407 5238 psisse
2429 5139 3433 5238 αὶίςυῢὶωοῑιιοιοτεχιρᾴρορέἱοίεθὶιιηιεε.
3467 5141 3811 5238 Ponitur‘p‘tt:

2228 5209 2381 5265 ὧτινι
2439 5228 2453 5264 :
2513 5210 2568 5265 id
2634 5210 2833 5265 Noster
2872 5209 3110 5265 barbare
3160 5225 3263 5279 pro
3290 5210 3513 5279 τούτῳ,
3576 5216 3810 5264 manente

2232 5292 2417 5339 tamen
2462 5292 2519 5336 et
2557 5281 2639 5336 sic
2676 5280 2957 5336 incondita
2986 5280 3237 5335 oratione
3289 5288 3346 5335 et
3382 5282 3733 5352 imperfecta.
3762 5282 3807 5326 ιιι

2233 5353 2379 5410 desit
2403 5353 2634 5409 verbum
2663 5352 2930 5420 ἀνεφάνη.

2307 5425 2417 5494 (96)
2451 5416 2786 5484 Notandum,
2818 5416 3099 5494 auctorem
3139 5421 3206 5477 de
3236 5423 3640 5494 conjuncuone
3662 5416 3803 5491 patris

2233 5508 2293 5552 ct
2318 5492 2534 5550 matris
2572 5494 2897 5563 Tlieophobi
2947 5493 3204 5562 ambigue
3251 5492 3367 5547 fere
3402 5495 3585 5563 loqui,
3628 5500 3797 5563 utnon

2233 5568 2368 5623 satis
2401 5576 2662 5635 appareat
2707 5562 2945 5617 fueritne
3004 5564 3246 5635 legitima
3278 5579 3346 5617 an
3378 5562 3513 5618 non.
3554 5566 3613 5618 In
3651 5562 3802 5632 priore

2234 5634 2549 5694 narratione
2576 5645 2834 5705 tanquam
2868 5649 2976 5689 non
3005 5634 3247 5705 legitima
3272 5634 3612 5689 habebatur.
