4028 6226
240 247 375 312 1061

1554 239 1701 300 REG
1716 242 1824 300 ΠΜ
1861 241 2006 301 LIB.
2058 241 2177 303 III.

3381 244 3520 309 1062

236 361 505 413 ἐδείκνυεν
561 356 656 412 ἐπὶ
705 357 827 411 δυσ)⁵
861 358 956 411 καὶ
986 362 1033 410 ,ι’
1087 356 1209 409 καθ’
1242 355 1462 426 ἡλικίαν
1513 356 1815 426 χρονίζοντο

1935 356 2099 410 debat
2128 355 2298 410 ﬁlium
2334 355 2721 409 duodecimum
2771 357 2948 412 relatis
2982 372 3185 412 annum
3240 370 3513 428 agentem-

236 453 412 505 ἐτεσιν
458 449 591 520 (97).
625 450 837 520 Ὂνπερ
887 447 1009 502 κατ’
1059 447 1182 517 ὃψιν
1229 447 1378 500 ἰόντα
1414 449 1554 516 μετὰ
1586 446 1820 500 καὶτῶν

235 543 503 597 συνόντων
529 543 715 606 αὐτοῖς
744 540 1139 610 κατειληφότες
1195 539 1448 610 Περσῶν,
1506 539 1740 606 ἐπείπερ
1770 539 1817 569 ⁸⁸

234 636 397 690 αὐτὸν
433 636 497 689 ἐκ
532 653 591 688 τε
648 635 743 688 τοῦ
801 633 1084 703 βασιλικοῦ
1120 634 1468 703 όμοιώματος
1527 630 1591 684 ἐκ
1623 647 1682 682 τε
1720 631 1820 699 τῆς

233 727 373 780 κατὰ
405 725 585 797 Κῦρον
608 725 948 794 γρυπότητος
997 723 1545 792 συμόολαιωσάμενοι
1577 721 1690 792 (98)
1725 720 1819 774 καὶ

233 818 293 884 ἐξ
322 817 497 871 ἄλλων
544 814 706 869 τινῶν
749 814 859 866 τῶν
892 814 1374 886 ὲφωμαρτηκότων
1404 817 1451 848 ³⁸
1481 813 1652 883 αὐτῷ,
1706 815 1820 876 τοῖς

230 910 422 963 τούτου
461 910 589 961 ποσὶ
617 907 1039 978 προσεκύνησαν
1068 908 1163 960 καὶ
1192 906 1527 978 ἀνῃρημένοι
1556 905 1691 977 πρὸς
1719 904 1817 973 βα-

232 1002 385 1055 σιλέα
410 1001 702 1070 ἠγάγοντο.
735 1000 924 1063 Ὅστις
956 998 1294 1069 θεασάμενος
1343 997 1527 1060 αὐτὸν,
1589 997 1685 1048 καὶ
1720 996 1818 1066 τὴν

229 1093 501 1146 τεκοῦσαν
526 1091 967 1162 προσηκάμενος,
998 1088 1347 1158 πεπυσμένος
1371 1104 1455 1152 τε,
1492 1089 1520 1141 6
1554 1087 1692 1157 πρὸς
1721 1088 1820 1151 γά-

231 1201 334 1254 μον
364 1185 581 1253 Πέρσης
612 1184 749 1252 σεύτῇ
780 1181 978 1235 συνιὼν
1016 1181 1100 1243 τίς
1129 1179 1237 1251 ἄρα
1271 1179 1509 1248 ὑπάρχοι
1531 1178 1622 1229 καὶ
1654 1176 1818 1229 πόθεν

226 1275 593 1343 ἑκτέθραπτο,
645 1274 850 1343 ταύτης
895 1274 1267 1344 παρεδηλοῦτο
1326 1273 1401 1335 ὡς
1448 1272 1557 1327 ἀπὸ
1589 1273 1817 1342 Περσῶν

223 1366 317 1427 εἴη
378 1365 476 1432 τῆς
507 1367 721 1432 γενεᾶς,
778 1366 1060 1433 εὐγενείας
1088 1382 1149 1419 τε
1202 1364 1471 1435 βασιλίδος
1510 1364 1814 1434 ὲξέχεσθαι.

224 1455 454 1519 Τούτοις
488 1460 608 1510 κατ’
633 1456 899 1525 εὐθυμίαν
959 1460 986 1511 6
1046 1459 1404 1528 αὐτοκράτωρ
1432 1457 1700 1521 διατεθεὶς
1727 1456 1818 1511 τὸν

226 1548 335 1616 μὲν
356 1547 626 1616 Θεόφοϐον
652 1548 763 1619 (99)
798 1550 855 1601 ἐν
879 1552 991 1612 τοῖς
1028 1550 1320 1619 βασιλείοις
1346 1551 1656 1620 ἐσκήνωσεν
1686 1551 1816 1603 ἁνα-

221 1638 439 1708 τροφῆς
471 1656 529 1692 τε
581 1640 970 1709 προσηκούσης
1026 1641 1123 1693 καὶ¹
1178 1641 1275 1709 τῆς
1323 1642 1462 1695 κατὰ
1513 1641 1812 1712 μαθητείαν

221 1727 382 1797 ἠξίου
414 1728 749 1793 παιδεύσεως
776 1747 792 1763 θ
825 1733 852 1782 6
880 1731 938 1783 δὲ
966 1731 1185 1799 φύσεως
1217 1732 1502 1803 εὐκληρίᾳ,
1540 1733 1637 1802 ούχ
1655 1730 1817 1804 ἦττον
1845 1724 1892 1782 Β

220 1820 285 1873 δὲ
329 1821 423 1874 καὶ
468 1821 917 1893 μεγαλοπρεπείᾳ
977 1823 1466 1893 συνδιαιτώμενος,
1516 1826 1593 1887 είς
1646 1826 1818 1897 ἄκρον

218 1905 364 1979 ἧκεν
418 1911 705 1983 ἐλλογίμου
740 1914 1097 1980 παιδεύσεως,
1144 1916 1220 1979 ὡς
1253 1915 1502 1969 ἐντεῦθεν
1543 1916 1694 1988 παρὰ
1740 1918 1819 1987 τῷ

210 2003 445 2073 βασιλεῖ
484 2005 713 2061 πλεῖστα
749 2007 1114 2078 στεργόμενος
1144 2008 1472 2078 εύμοιρῆσαι
1529 2009 1818 2080 πατρικιόο

215 2111 369 2164 τητα
407 2096 506 2166 (l),
567 2096 900 2169 δορυφορίας
950 2115 1009 2151 τε
1044 2100 1138 2152 καὶ
1191 2099 1619 2170 σεϐασμιότητος
1659 2118 1815 2169 περι-

216 2186 397 2251 δόξων
430 2188 531 2257 (2),
560 2189 698 2244 ἀλλὰ
728 2190 843 2261 μὴν
874 2191 971 2245 καὶ⁸
1001 2191 1108 2257 τῆς
1154 2194 1297 2246 κατὰ
1318 2192 1617 2263 θεραπείαν
1654 2193 1817 2246 πολυ-

215 2279 412 2341 τελοῦς
446 2282 542 2333 καὶ
588 2282 932 2353 ίκανοτάτης,
971 2268 1309 2352 ἐφάψασθαι.
1343 2284 1453 2337 Διά.
1477 2302 1561 2338 τοι
1598 2286 1759 2339 τοῦτο
1786 2287 1815 2339 6

219 2371 330 2440 μὲν
357 2370 610 2440 βασιλεὺς
638 2374 765 2437 τοὺς
792 2375 1013 2445 Πέρσας
1043 2376 1109 2428 ὲκ
1134 2375 1323 2429 τούτου
1349 2377 1423 2439 ὡς
1448 2378 1731 2439 νεανικοὺς
1756 2380 1815 2430 ἐν

1929 448 2103 514 Quem
2170 448 2225 502 in
2265 464 2562 518 conspeeu
2599 450 2843 517 ipsorum
2897 465 3253 519 progressum
3286 463 3510 508 caztero-

1932 558 2165 610 rumque
2197 543 2290 611 qui
2322 558 2447 596 cum
2491 542 2626 611 ipsis
2670 550 2829 595 erant
2859 542 3176 605 Persarum,
3208 550 3268 596 ut
3315 559 3518 615 cogno-

1930 642 2151 697 verunt,
2182 632 2249 687 de
2275 649 2341 687 eo
2364 650 2429 688 ex
2460 635 2609 703 regio
2640 634 2963 688 charactere
3004 645 3060 687 et
3096 650 3162 687 ex
3195 635 3513 693 aduncitate

1928 724 2220 794 nasi,qua3
2269 724 2324 778 in
2374 724 2516 795 Cyro
2563 725 2761 791 fuerat,
2815 725 3190 796 conjecturam
3245 728 3515 785 facientes

1927 815 2164 884 aliisque
2222 816 2401 886 ipsum
2461 818 3001 882 concomitantibus,
3055 819 3121 872 ad
3180 818 3299 889 cjus
3348 823 3516 890 pedes

1927 911 2230 964 adorarunt
2256 920 2707 980 assumptumque
2735 911 2801 965 ad
2846 912 3239 981 imperatorem
3276 913 3379 984 57
3409 916 3513 969 du-

1927 1015 2148 1059 xerunt.
2204 1002 2308 1070 Qui
2374 1004 2527 1057 illum
2582 1004 2952 1074 conspicatus,
3021 1007 3288 1061 accersita
3338 1016 3514 1062 matre

1926 1104 2090 1166 atque
2122 1097 2458 1167 interrogata
2489 1097 2614 1165 quis
2645 1097 2734 1151 ille
2765 1095 2987 1151 fuissset
3033 1098 3200 1151 Persa
3232 1100 3325 1167 qui
3376 1114 3512 1152 con-

1921 1189 2057 1260 jugii
2088 1203 2252 1243 causa
2284 1203 2409 1243 cum
2442 1187 2559 1257 ipsa
2591 1188 2806 1251 fuisset,
2845 1196 2899 1241 et
2928 1188 3075 1242 unde
3110 1190 3511 1259 prognatus,ab

1925 1298 1988 1336 ea
2017 1281 2359 1337 edocebatur
2385 1280 2539 1333 illum
2588 1295 2656 1334 ex
2706 1289 2869 1350 gente
2903 1280 3195 1335 Persarum
3230 1281 3399 1335 fuisse
3456 1290 3511 1335 ct

1925 1386 1991 1424 ex
2026 1370 2177 1439 regia
2204 1369 2434 1423 familia.
2476 1368 2689 1435 Quibus
2726 1369 2944 1423 laetatus
2988 1370 3299 1439 imperator
3333 1370 3514 1423 Theo-

1925 1458 2176 1527 phobum
2215 1457 2271 1511 in
2302 1459 2426 1512 aula
2466 1458 2717 1512 habitare
2755 1458 3093 1528 educarique
3139 1467 3511 1528 congruenter

1924 1560 1981 1605 et
2009 1550 2062 1604 in
2093 1549 2400 1620 disciplinis
2424 1549 2634 1603 erudiri
2669 1550 2852 1619 jussit.
2880 1550 2931 1603 Is
2952 1565 3120 1620 porro
3154 1550 3358 1621 ingenii
3392 1550 3508 1604 Μῖ-

1927 1644 2091 1698 citate
2125 1659 2229 1698 nec
2269 1642 2453 1697 minus
2485 1643 2743 1697 convictu
2784 1642 3079 1712 splendido
3129 1651 3184 1697 et
3216 1642 3510 1712 magnifico

1924 1748 2085 1790 utens
2107 1736 2174 1790 ad
2199 1750 2469 1790 summam
2494 1735 2865 1790 eruditionem
2889 1735 3165 1804 pervenit,
3190 1745 3251 1789 ut
3274 1736 3510 1805 proinde

1918 1826 1986 1880 ab
2021 1829 2358 1894 imperatore
2392 1826 2696 1896 plurimum
2730 1825 3058 1895 diligeretur
3099 1826 3508 1897 patriciamquc

1917 1918 2243 1989 dignitatem
2286 1926 2747 1985 consequeretur,
2778 1917 3104 1971 comitatum
3152 1917 3282 1971 item
3314 1928 3372 1971 et
3415 1932 3512 1972 vc-

1915 2009 2261 2062 neratiunem
2288 2008 2608 2072 illustrium,
2632 2022 2733 2061 nec
2753 2023 2863 2061 non
2886 2008 3271 2063 ministrorum
3295 2010 3509 2079 copiam

1914 2098 2458 2153 suﬂlcientissimam.
2509 2097 2649 2152 Hinc
2708 2098 3014 2167 imperator
3070 2099 3272 2153 Persas
3328 2099 3506 2155 fortes

1923 2206 2047 2245 esse
2098 2199 2155 2246 et
2206 2200 2464 2244 strenuos
2525 2205 2822 2258 persuasus
2846 2190 2901 2244 in
2937 2189 3204 2246 militares
3245 2206 3509 2245 numeros

1922 2281 2113 2337 retulit
2188 2281 2576 2349 Persicamque
2643 2281 2916 2348 legionem
2964 2296 3032 2334 ex
3097 2281 3166 2336 iis
3216 2283 3509 2336 constituit

1926 2376 2185 2445 ipsosque
2215 2372 2480 2427 Romanis
2508 2372 3227 2445 exercitibusannumerari
3254 2374 3438 2442 jussit.

214 2462 486 2532 πολέμοις
513 2465 607 2517 καὶ
661 2443 1073 2536 μεγαλόφρονας
1101 2466 1464 2535 ἐπιστάμενος
1487 2468 1599 2529 τοῖς
1630 2443 2048 2534 στρατιωτικοῖς
2081 2443 2461 2529 ἀναγράφεται
2492 2458 2710 2524 κώδιξιν
2762 2463 2806 2492 ’⁷
2837 2443 2936 2529 (3),
2968 2463 3065 2515 καὶ
3113 2463 3323 2525 τούτοις
3366 2465 3507 2534 Περ-

122 2560 125 2563 ⁷
217 2560 380 2613 σικὸν
405 2558 664 2628 σύλλογον
693 2561 1091 2630 ἐγκατέστησε,
1159 2562 1255 2613 καὶ
1308 2561 1505 2623 αὐτοὺς
1560 2564 1682 2623 ταῖς
1741 2560 2079 2631 Ῥωμαϊκαῖς
2115 2556 2638 2627 στρατοπεδαρχίαις
2676 2556 3117 2628 συνηριθμῆσθαι
3149 2557 3504 2628 προσέταξεν,

295 2646 374 2706 Οὗ
430 2653 577 2707 κατὰ
633 2654 745 2706 τῶν
790 2651 1153 2722 Ἰσμαηλιτῶν
1206 2650 1494 2719 πολλαχῶς
1530 2649 1813 2719 ἐφοδεύον-

214 2763 317 2810 τος
375 2746 475 2818 (4),
508 2744 605 2799 τοῦ
659 2743 935 2812 Θεοφόδου
975 2742 1126 2814 αὐτῷ
1157 2742 1542 2813 συμπαρόντος
1576 2742 1678 2813 (5),
1722 2743 1817 2796 ἐπὶ

214 2838 482 2890 τοσοῦτον
506 2837 585 2906 τῷ
615 2836 662 2879 2⁸
694 2838 833 2905 πρὸς
879 2836 1043 2890 αὐτὸν
1078 2834 1231 2904 πόθῳ
1258 2836 1385 2897 τοὺς
1432 2835 1648 2905 Πέρσας
1678 2834 1811 2906 θαρο

217 2928 489 2999 ρύνεσθαι
519 2928 613 2979 καὶ
639 2927 878 2996 θυμηδίᾳ
894 2926 1276 2996 διακεχύσθαι,
1315 2926 1391 2988 ὡς
1425 2926 1622 2995 μόνους
1642 2927 1735 2980 τὸν
1762 2927 1808 2959 ³⁸

1988 2649 2093 2716 Qui
2154 2664 2279 2703 cum
2315 2648 2623 2703 Ismaelitas
2675 2663 2820 2718 saepe
2878 2648 3169 2705 invaderet
3218 2668 3323 2707 una
3379 2669 3505 2708 cum

1915 2741 2278 2811 Theopliobo,
2312 2741 2494 2795 Persae
2522 2756 2590 2794 ex
2624 2755 2817 2796 amore
2844 2756 2972 2813 erga
3011 2742 3165 2796 illum
3200 2752 3404 2798 tantam
3434 2744 3502 2799 ft-

1913 2833 2134 2889 duciam
2182 2842 2453 2903 ceperunt
2501 2840 2761 2903 tantaque
2795 2834 3164 2890 delectatione
3208 2837 3503 2893 exhilarati

1912 2935 2061 2991 sunt,
2088 2933 2150 2979 ut
2182 2925 2283 2979 soli
2338 2925 2394 2979 in
2447 2939 2507 2980 se
2565 2925 2914 2995 susciperent
2967 2926 3175 2981 bellum
3231 2927 3501 2983 adversus

212 3019 370 3072 κατὰ
390 3016 497 3069 τῶν
538 3017 857 3085 Ἀγαρηνῶν
906 3016 1144 3085 ᾑρῆσθαι
1184 3016 1444 3085 πόλεμον,
1467 3017 1697 3088 τρέπειν
1749 3034 1809 3069 τε

1919 3020 2214 3088 Agarenos,
2240 3031 2450 3087 eosque
2497 3017 2857 3087 profligarent
2904 3018 3108 3073 invicta
3138 3020 3342 3075 virtute
3371 3038 3385 3074 :
3429 3021 3499 3076 de

210 3108 452 3171 τούτους
490 3107 549 3171 ἐξ
605 3083 875 3175 ἀηττήτου
905 3083 1192 3175 δυνάμεως
1224 3083 1346 3176 (6))
1396 3083 1589 3174 ἐφὀἷς
1634 3124 1807 3176 μεγα-

1919 3113 2115 3181 quibus
2144 3112 2447 3182 imperator
2478 3112 2693 3166 bonum
2723 3111 2973 3166 animum
3016 3112 3232 3167 habens
3262 3128 3325 3168 ac
3355 3115 3500 3168 veri-

210 3198 542 3268 λοψυχήσας
570 3198 598 3250 ὁ
642 3198 779 3262 ἅναξ
826 3199 921 3250 καί⁹
958 3200 1024 3269 τῇ
1059 3197 1289 3268 ἀληθείᾳ
1334 3197 1444 3252 τῶν
1487 3198 1809 3253 ἀποϐάντων

209 3289 586 3360 τεθαρρηκὼς
621 3289 980 3360 ἡγεμονεύειν
1008 3290 1065 3341 ὲν
1120 3288 1358 3359 Πέρσαις
1404 3289 1494 3344 τὸν
1538 3289 1808 3359 Θεόφοϐον

210 3380 614 3452 προτεθύμητο
646 3383 743 3449 (7).
778 3380 885 3434 Τοῦ
916 3376 1009 3435 οὖν
1050 3380 1315 3449 βασιλέως
1343 3382 1486 3436 κατά
1511 3398 1635 3435 τινα
1669 3381 1807 3451 πρό-

208 3487 395 3541 φασιν
421 3472 842 3543 διεσπουδακυίᾳ
872 3471 949 3542 (8)
1002 3473 1319 3540 ἀναγκαίως
1355 3474 1491 3544 πρὸς
1516 3474 1613 3543 τὴν
1655 3472 1806 3543 βασι-

202 3561 488 3616 λεύουσαν
516 3562 561 3594 ³⁰
594 3563 985 3628 ἀναλύσαντος,
1044 3563 1121 3634 τῷ
1171 3564 1228 3616 δὲ
1281 3564 1538 3635 Θεοφόϐῳ
1580 3565 1649 3617 τὰ
1699 3565 1809 3620 τῶν

202 3653 455 3729 Περσῶν
484 3654 921 3729 ἐγκεχειρικότος
943 3655 987 3686 ³¹
1013 3653 1296 3708 διαθέσθαι
1324 3655 1711 3724 στρατηγικῶς
1738 3655 1808 3708 τὰ

202 3744 610 3817 στρατεύματα
643 3746 744 3816 (9),
784 3742 903 3799 εἶτα
924 3746 1063 3815 πρὸς
1085 3744 1183 3816 τὴν
1209 3744 1459 3815 βασιλίδα
1492 3745 1682 3799 τοῦτον
1705 3748 1806 3799 ὲπ-

200 3842 438 3896 ανιέναι
492 3839 872 3902 κελεύσαντος,
904 3839 984 3901 είς
1032 3838 1263 3891 ἀτοπίαν
1289 3838 1339 3891 οί
1369 3837 1577 3908 Πέρσαι
1605 3853 1806 3906 προκε-

196 3934 548 4006 χωρήκεσαν
603 3933 650 3964 ³⁸
705 3932 770 3983 ὲκ
801 3930 1191 3997 στασιόφρονος
1242 3927 1558 3991 διαθέσεως,
1601 3929 1693 3980 καὶ
1724 3927 1800 3997 μὴ

193 4022 532 4095 ἑκόνταῌθ)
545 4019 1096 4093 περιστοιχίσαντες⁸⁸
1113 4023 1171 4073 ὲν
1191 4018 1382 4091 μέρεσι
1398 4018 1686 4089 παραλίοις
1702 4017 1802 4088 τῆς

192 4114 607 4186 Παφλαγονίας
643 4113 755 4184 (Ii)
777 4112 898 4183 ἥτις
922 4111 1031 4164 ἀπὸ
1057 4110 1411 4180 Παφλαγόνος
1459 4108 1576 4163 υίοῦ
1598 4110 1801 4174 Φινέως

1911 3210 2022 3257 tate
2050 3209 2353 3255 eventuum
2388 3201 2584 3262 fretus,
2610 3214 2848 3269 praesse
2878 3200 3063 3255 Persis
3094 3201 3497 3270 The0phobum

1907 3290 2103 3344 voluit.
2139 3290 2276 3345 Cum
2309 3290 2421 3360 58
2463 3301 2650 3344 autem
2682 3289 2983 3359 imperator
3019 3300 3248 3359 prOpter
3272 3308 3494 3347 causam

1907 3381 2182 3451 quandam
2208 3391 2493 3449 urgentem
2518 3379 2834 3435 necessario
2865 3380 2921 3433 in
2951 3380 3366 3450 imperatoriam
3402 3399 3495 3437 ur-

1906 3469 2032 3524 bem
2057 3470 2414 3540 proﬁciscens
2435 3469 2776 3538 Theophoho
2801 3484 2917 3524 rem
2939 3470 3233 3525 Persarum
3262 3472 3491 3526 deman-

1906 3560 2112 3625 dasset,
2149 3572 2210 3617 ut
2247 3561 2587 3616 exercitibus
2618 3561 2955 3615 auctoritate
2991 3561 3151 3616 ducis
3206 3572 3490 3632 praeesset,

1905 3651 2108 3706 deinde
2139 3651 2196 3706 in
2218 3651 2634 3722 imperatoriam
2663 3651 2862 3706 urbem
2887 3652 3095 3707 reverti
3113 3653 3391 3723 jussisset,
3421 3655 3491 3708 ad

1906 3744 2254 3800 insolentiam
2290 3744 2533 3815 prolapsi
2569 3752 2699 3799 sunt
2724 3744 2905 3799 Persae
2939 3744 3126 3799 animo
3154 3744 3487 3809 rebellandi,

1905 3843 2073 3905 atque
2097 3835 2336 3890 invitum
2357 3835 2833 3890 circumsistentes
2853 3833 3253 3905 The0phobum
3287 3837 3340 3890 in
3372 3852 3491 3890 ma-

1907 3927 2113 3982 ritimis
2161 3926 2417 3996 partibus
2457 3927 2844 4001 Paphlagoniae
2885 3928 3031 3997 (qua:
3076 3944 3107 3984 a
3142 3928 3489 4000 Paphlagone

1908 4015 2021 4071 ﬁlio
2039 4017 2239 4073 Phinei
2259 4016 2409 4073 illius
2437 4026 2596 4073 terra
2619 4018 2751 4074 olim
2775 4018 3003 4074 domino
3026 4020 3104 4075 sic
3134 4020 3485 4093 appellatur),

1909 4124 2035 4165 cum
2088 4110 2201 4180 jam
2238 4108 2483 4180 Sinopen
2534 4110 2730 4167 urbem
2783 4119 2881 4166 aut
2932 4111 3241 4167 secundum
3273 4112 3485 4180 aliquos

1532 4248 1775 4317 VARIE,
1798 4249 2202 4308 LECTIONES.

269 4394 325 4426 "
355 4389 493 4445 fort.
521 4387 749 4459 ἐπείπερ
771 4388 1029 4459 *ἔγνωσαν
1053 4384 1241 4442 αὐτὸν.
1315 4385 1363 4459 ‘_‘
1404 4385 1868 4459 ὲφρμαρτηκότων
1905 4387 1966 4443 L.

2066 4390 2111 4422 ’⁷
2137 4389 2336 4463 κόδιξιν
2370 4390 2442 4463 L.
2570 4390 2617 4423 "
2654 4390 2754 4463 τῷ]
2779 4393 2840 4445 τδ
2858 4391 2920 4447 L.
3031 4391 3095 4463 _”
3125 4388 3241 4463 τὸν]
3272 4389 3380 4445 τῶν
3420 4389 3482 4445 L.

187 4468 241 4502 ³⁸
275 4456 743 4521 διεσπουδακυίαι
768 4456 835 4514 L.
914 4457 958 4490 ³¹
981 4456 1440 4528 ὲγκεχειρηκότος
1467 4456 1530 4514 L.
1596 4456 1650 4505 "ﬁ
1682 4456 2229 4532 προσκεχωρήκεσαν
2263 4461 2323 4517 L.
2402 4461 2448 4493 ⁸³
2477 4456 3000 4533 περιστοίγίήσαντες
3031 4459 3092 4516 L.

1400 4569 1645 4627 STEPH.
1678 4570 2025 4630 BERGLERI
2060 4574 2291 4632 NOTAE.

263 4698 397 4775 (97)
430 4696 739 4775 ξῖῐυοῖέοεο
767 4695 975 4775 Ρ·.⁴¹⁶·
1036 4761 1067 4775 _.
1109 4763 1120 4775 .
1167 4761 1179 4773 .

264 4762 397 4847 (98)
435 4762 811 4847 Soloecismus
837 4766 896 4847 in
927 4762 1402 4847 partigipioncum
1451 4762 1795 4829 praecesserit

177 4833 346 4907 ἑπὲί,
373 4833 540 4909 ’(ιυοιί
569 4836 893 4909 requirebat
915 4833 1460 4909 tgup6okazdmmo.

262 4904 587 4986 (θῶς-εγω.
630 4904 762 4978 Log.
790 4923 847 4977 p.
869 4904 1145 4969 416,ctc.,
1173 4912 1234 4958 ut
1259 4916 1449 4972 supra.

292 4986 347 5038 Ι)
372 4980 469 5035 ὐι
501 4992 690 5038 supra.

256 4986 347 5053 (Ι)
393 4986 469 5035 Ut
501 4992 690 5047 supra.

256 5055 349 5124 (2)
394 5044 856 5124 [laseriptum‘i‘n
884 5063 1014 5124 gen.
1037 5044 1618 5124 Loquitu5__ambigue.

256 5112 345 5196 (5)
390 5120 564 5196 Cedr.
616 5112 683 5196 'p.
735 5116 839 5196 524
876 5112 934 5196 et
976 5112 1153 5196 Colat;
1180 5114 1365 5196 p.10.
1413 5112 1649 5175 Πολλοὺς
1675 5112 1796 5166 τούο

172 5182 468 5253 τω’ν’τοῖς
528 5182 829 5259 βασιλικοῖς
883 5182 1197 5258 ἐμπρέπειν
1239 5182 1517 5259 ἀξιῴμασι
1569 5201 1799 5259 πεποιη-

171 5268 326 5329 κώς.
392 5254 560 5316 Ἀλλᾶ
597 5260 691 5311 καὶ
726 5254 927 5329 κώδιξι
964 5254 1380 5329 στρατιωτικοῖς
1431 5254 1630 5329 αὐτοὺς
1670 5256 1801 5329 ἁνα-

171 5324 511 5409 γρᾶιρεται,
563 5329 661 5382 καὶ
689 5328 877 5409 τάγμα
928 5324 1103 5409 οὕτως
1160 5324 1498 5409 καλούμενον
1530 5325 1800 5409 Περσικδν

171 5404 609 5478 ἐγκατέστησε,
641 5406 758 5478 etc.
791 5404 984 5477 Georg:
1020 5404 1282 5478 Mon.ﬁp.
1314 5404 1356 5477 ἐξ

171 5465 431 5552 χριᾼτεέὖ
462 5465 555 5527 νῦν
596 5470 846 5538 λέγονται
892 5465 1133 5538 τοῦρμαι
1172 5466 1422 5535 Περσῶν.
1473 5468 1623 5538 Sym.
1661 5465 1797 5537 Log.

169 5545 477 5685 ρ’(ἒῗϐίιο
528 5613 795 5685 scriptum
825 5630 839 5677 ;
874 5611 1013 5665 forte
1068 5608 1245 5685 voluit
1285 5607 1642 5685 εὐοδωθέντος
1691 5616 1788 5662 aut

168 5677 537 5747 εὐοδοῦντος.
574 5677 772 5739 Studui
805 5694 986 5741 tamen
1012 5694 1122 5735 uno
1157 5677 1221 5750 [ἲ]
1250 5679 1580 5747 exprimere.
1605 5679 1781 5744 Quam

1899 5047 2115 5117 νάμεως
2148 5048 2370 5103 additur
2398 5048 2755 5112 διεόεὸαίουν,

1898 5117 1990 5172 hic
2022 5119 2211 5184 etiam,
2244 5128 2337 5172 aut
2368 5119 2520 5173 aliud
2546 5119 2769 5189 aliquod
2801 5117 2867 5172 ad
2897 5117 3274 5188 διακεχύσθαι.

869 5414 984 5468 org.
1020 5397 1206 5468 Non:
1227 5410 1282 5463 p.
1314 5396 1418 5468 5t5
1459 5411 1577 5464 seq.
1600 5395 1682 5468 A2_
1704 5395 1802 5464 μέ-
1896 5412 1953 5456 ει

1821 4695 1867 4753 D
1897 4697 2069 4751 multa
2096 4697 2264 4752 verba
2288 4695 2649 4765 (consumpsit
2683 4694 2738 4749 in
2788 4693 3190 4764 The0phobum
3219 4694 3233 4747 l
3270 4691 3477 4765 Bellum

1901 4783 2085 4838 porro.
2114 4769 2272 4838 cujus
2308 4763 2607 4838 descriptio
2644 4766 2732 4820 hic
2765 4776 2884 4838 erat
2937 4763 3277 4838 necessaria,
3304 4763 3479 4820 tribus

1896 4834 2083 4892 verbis
2122 4834 2380 4892 absolvit.
2419 4834 2508 4893 De'
2525 4852 2592 4891 eo
2621 4838 2731 4890 vid.
2758 4835 2917 4891 Cont.
2954 4850 3012 4906 p.
3042 4834 3110 4889 70
3139 4844 3195 4889 et
3226 4834 3312 4888 7f.

1971 4908 2047 4978 (5)
2079 4908 2274 4962 Zonar.
2304 4924 2358 4977 p.
2385 4908 2509 4963 “8.

1974 4974 2048 5048 (6)
2073 4974 2330 5056 (ἆσθμ’-ρ’.
2372 4979 2429 5056 7]
2486 4978 2684 5056 iisdem
2740 4978 2855 5032 fere
2878 4975 3086 5056 verbis.
3116 4975 3195 5029 lbi
3235 4974 3479 5056 postoau-

2787 5047 2933 5117 quod
2989 5056 3072 5100 est
3099 5047 3474 5101 necessariam

1972 5189 2047 5258 (‘7)
2079 5190 2241 5243 Com.
2267 5202 2321 5259 p.
2352 5189 2439 5243 7i.

1971 5260 2049 5329 (8)
2080 5258 2356 5330 Ζοηατξι).
2387 5259 2491 5313 148
2520 5268 2576 5313 et
2614 5259 2735 5323 151,
2772 5258 2872 5312 lin.
2912 5258 2963 5330 1ι

1970 5328 2458 5470 ἓίέᾱξοιέορέὲὲξί.
2486 5330 2721 5400 Pr0pter
2754 5328 3027 5398 stipendia
3043 5341 3150 5381 non
3182 5329 3382 5395 soluta,
3414 5339 3476 5387 ut

1970 5470 2082 5543 (10)
2129 5468 2290 5543 Cont.
2340 5488 2397 5542 p.
2451 5472 2507 5527 7i
2582 5472 2763 5527 aliter.
2819 5468 3172 5543 Sym.__Log.
3230 5485 3286 5540 p.
3342 5471 3467 5526 45%.

1894 5540 2091 5613 θοοῖς.
2134 5542 2281 5596 Mon.
2310 5540 2365 5613 p'.
2411 5543 2535 5598 521.
2573 5543 2709 5597 Ζοη.
2735 5543 2773 5595 ι.
2799 5540 2943 5596 (τίοι
2969 5540 3185 5613 Noster.

1966 5612 2079 5687 (Η)
2110 5613 2236 5670 Haec
2258 5614 2378 5685 ipse
2409 5613 2583 5684 signis
2608 5613 3005 5684 parentheseos
3034 5612 3255 5667 inclusi.
