  <div class='ocr_page' id='page_1' title='image "/cluster/home/n/w/nwhite01/storage/ocr_20150623/109/hvd.32044073502312/556.png"; bbox 0 0 4028 6226; ppageno 0'>
   <div class='ocr_carea' id='block_1_1' title="bbox 284 300 1857 375">
    <p class='ocr_par' dir='ltr' id='par_1_1' title="bbox 284 307 1857 369">
     <span class='ocr_line' id='line_1_1' title="bbox 284 307 1857 369; baseline 0.001 -4"><span class='ocrx_word' id='word_1_1' title='bbox 284 307 421 369; x_wconf 78' lang='lat'><strong>1065</strong></span> <span class='ocrx_word' id='word_1_2' title='bbox 1590 307 1857 368; x_wconf 77' lang='lat' dir='ltr'><strong>REGUM</strong></span> 
     </span>
    </p>
   </div>
   <div class='ocr_carea' id='block_1_2' title="bbox 1964 300 3533 375">
    <p class='ocr_par' dir='ltr' id='par_1_2' title="bbox 1964 300 3533 375">
     <span class='ocr_line' id='line_1_2' title="bbox 1964 300 3533 375; baseline 0.003 -9"><span class='ocrx_word' id='word_1_3' title='bbox 1964 308 2040 366; x_wconf 58' lang='lat' dir='ltr'><strong>éB.</strong></span> <span class='ocrx_word' id='word_1_4' title='bbox 2086 308 2202 367; x_wconf 86' lang='lat' dir='ltr'><strong>IlI.</strong></span> <span class='ocrx_word' id='word_1_5' title='bbox 3286 300 3291 311; x_wconf 61' lang='grc'><em>’</em></span> <span class='ocrx_word' id='word_1_6' title='bbox 3396 307 3533 375; x_wconf 79' lang='grc'><strong>1066</strong></span> 
     </span>
    </p>
   </div>
   <div class='ocr_carea' id='block_1_3' title="bbox 277 417 1857 495">
    <p class='ocr_par' dir='ltr' id='par_1_3' title="bbox 277 417 1853 495">
     <span class='ocr_line' id='line_1_3' title="bbox 277 417 1853 495; baseline -0.001 -22"><span class='ocrx_word' id='word_1_7' title='bbox 277 420 387 473; x_wconf 88' lang='grc' dir='ltr'><strong>τῶν</strong></span> <span class='ocrx_word' id='word_1_8' title='bbox 413 418 553 495; x_wconf 65' lang='grc' dir='ltr'><strong>κατὰ</strong></span> <span class='ocrx_word' id='word_1_9' title='bbox 585 417 982 495; x_wconf 77' lang='grc' dir='ltr'><strong>στρατηγεσίαν</strong></span> <span class='ocrx_word' id='word_1_10' title='bbox 1005 422 1212 491; x_wconf 85' lang='grc' dir='ltr'><strong>καιροῖς</strong></span> <span class='ocrx_word' id='word_1_11' title='bbox 1234 419 1345 492; x_wconf 78' lang='lat'><strong>(‘25)</strong></span> <span class='ocrx_word' id='word_1_12' title='bbox 1369 420 1739 489; x_wconf 79' lang='grc' dir='ltr'><strong>τεταγμένων,</strong></span> <span class='ocrx_word' id='word_1_13' title='bbox 1766 420 1853 488; x_wconf 67' lang='grc' dir='ltr'><strong>ἐφ’</strong></span> 
     </span>
    </p>
   </div>
   <div class='ocr_carea' id='block_1_4' title="bbox 1964 417 3540 495">
    <p class='ocr_par' dir='ltr' id='par_1_4' title="bbox 1964 419 3540 493">
     <span class='ocr_line' id='line_1_4' title="bbox 1964 419 3540 493; baseline 0.003 -17"><span class='ocrx_word' id='word_1_14' title='bbox 1964 423 2194 493; x_wconf 87' lang='lat' dir='ltr'><strong>quisque</strong></span> <span class='ocrx_word' id='word_1_15' title='bbox 2219 429 2465 491; x_wconf 88' lang='lat' dir='ltr'><strong>tempore</strong></span> <span class='ocrx_word' id='word_1_16' title='bbox 2490 420 2667 475; x_wconf 88' lang='lat' dir='ltr'><strong>duces</strong></span> <span class='ocrx_word' id='word_1_17' title='bbox 2689 419 2974 474; x_wconf 83' lang='lat' dir='ltr'><strong>constituti</strong></span> <span class='ocrx_word' id='word_1_18' title='bbox 2996 428 3181 475; x_wconf 84' lang='lat' dir='ltr'><strong>essent</strong></span> <span class='ocrx_word' id='word_1_19' title='bbox 3205 438 3217 474; x_wconf 88' lang='lat'><strong>:</strong></span> <span class='ocrx_word' id='word_1_20' title='bbox 3251 420 3456 489; x_wconf 79' lang='lat' dir='ltr'><strong>quibus</strong></span> <span class='ocrx_word' id='word_1_21' title='bbox 3482 436 3540 480; x_wconf 88' lang='lat' dir='ltr'><strong>et</strong></span> 
     </span>
    </p>
   </div>
   <div class='ocr_carea' id='block_1_5' title="bbox 273 494 1857 584">
    <p class='ocr_par' dir='ltr' id='par_1_5' title="bbox 273 494 1857 583">
     <span class='ocr_line' id='line_1_5' title="bbox 273 494 1857 583; baseline -0.001 -18"><span class='ocrx_word' id='word_1_22' title='bbox 273 504 352 565; x_wconf 75' lang='grc' dir='ltr'><strong>ὦν</strong></span> <span class='ocrx_word' id='word_1_23' title='bbox 380 510 476 564; x_wconf 74' lang='grc' dir='ltr'><strong>καὶ</strong></span> <span class='ocrx_word' id='word_1_24' title='bbox 500 494 845 582; x_wconf 78' lang='grc' dir='ltr'><strong>τουρμάρχαι</strong></span> <span class='ocrx_word' id='word_1_25' title='bbox 870 510 913 542; x_wconf 66' lang='grc' dir='ltr'><strong>δι</strong></span> <span class='ocrx_word' id='word_1_26' title='bbox 953 512 1158 564; x_wconf 82' lang='grc' dir='ltr'><strong>τούτων</strong></span> <span class='ocrx_word' id='word_1_27' title='bbox 1192 510 1305 583; x_wconf 71' lang='lat'><strong>(26)</strong></span> <span class='ocrx_word' id='word_1_28' title='bbox 1337 512 1653 564; x_wconf 75' lang='grc' dir='ltr'><strong>ἐπιστατεῖν</strong></span> <span class='ocrx_word' id='word_1_29' title='bbox 1682 510 1857 582; x_wconf 85' lang='grc' dir='ltr'><strong>διωρί-</strong></span> 
     </span>
    </p>
   </div>
   <div class='ocr_carea' id='block_1_6' title="bbox 1964 494 3543 584">
    <p class='ocr_par' dir='ltr' id='par_1_6' title="bbox 1967 512 3543 584">
     <span class='ocr_line' id='line_1_6' title="bbox 1967 512 3543 584; baseline 0.001 -15"><span class='ocrx_word' id='word_1_30' title='bbox 1967 514 2297 570; x_wconf 68' lang='lat' dir='ltr'><strong>turmarcha:</strong></span> <span class='ocrx_word' id='word_1_31' title='bbox 2329 514 2425 584; x_wconf 87' lang='lat' dir='ltr'><strong>qui</strong></span> <span class='ocrx_word' id='word_1_32' title='bbox 2470 521 2773 584; x_wconf 64' lang='lat' dir='ltr'><strong>praeessent</strong></span> <span class='ocrx_word' id='word_1_33' title='bbox 2823 512 3273 567; x_wconf 83' lang='lat' dir='ltr'><strong>instituebantur.</strong></span> <span class='ocrx_word' id='word_1_34' title='bbox 3309 514 3378 569; x_wconf 84' lang='lat' dir='ltr'><strong>Et</strong></span> <span class='ocrx_word' id='word_1_35' title='bbox 3407 530 3543 570; x_wconf 83' lang='lat' dir='ltr'><strong>sane</strong></span> 
     </span>
    </p>
   </div>
   <div class='ocr_carea' id='block_1_7' title="bbox 274 600 1857 675">
    <p class='ocr_par' dir='ltr' id='par_1_7' title="bbox 274 600 1857 673">
     <span class='ocr_line' id='line_1_7' title="bbox 274 600 1857 673; baseline -0.001 -18"><span class='ocrx_word' id='word_1_36' title='bbox 274 603 449 667; x_wconf 69' lang='grc' dir='ltr'><strong>ζοντο.</strong></span> <span class='ocrx_word' id='word_1_37' title='bbox 520 601 737 671; x_wconf 78' lang='grc' dir='ltr'><strong>Ἀμέλει</strong></span> <span class='ocrx_word' id='word_1_38' title='bbox 787 601 879 653; x_wconf 75' lang='grc' dir='ltr'><strong>καὶ</strong></span> <span class='ocrx_word' id='word_1_39' title='bbox 932 600 1037 664; x_wconf 73' lang='grc' dir='ltr'><strong>ἕως</strong></span> <span class='ocrx_word' id='word_1_40' title='bbox 1085 603 1193 655; x_wconf 87' lang='grc' dir='ltr'><strong>τῶν</strong></span> <span class='ocrx_word' id='word_1_41' title='bbox 1227 602 1477 656; x_wconf 75' lang='grc' dir='ltr'><strong>ἐνταυθοῖ</strong></span> <span class='ocrx_word' id='word_1_42' title='bbox 1524 601 1732 673; x_wconf 80' lang='grc' dir='ltr'><strong>χρόνων</strong></span> <span class='ocrx_word' id='word_1_43' title='bbox 1760 601 1857 671; x_wconf 79' lang='grc' dir='ltr'><strong>τὴν</strong></span> 
     </span>
    </p>
   </div>
   <div class='ocr_carea' id='block_1_8' title="bbox 1964 600 3541 675">
    <p class='ocr_par' dir='ltr' id='par_1_8' title="bbox 1965 606 3541 675">
     <span class='ocr_line' id='line_1_8' title="bbox 1965 606 3541 675; baseline 0.001 -14"><span class='ocrx_word' id='word_1_44' title='bbox 1965 620 2140 675; x_wconf 87' lang='lat' dir='ltr'><strong>usque</strong></span> <span class='ocrx_word' id='word_1_45' title='bbox 2171 606 2238 660; x_wconf 91' lang='lat' dir='ltr'><strong>ad</strong></span> <span class='ocrx_word' id='word_1_46' title='bbox 2292 606 2411 660; x_wconf 57' lang='lat' dir='ltr'><strong>hac</strong></span> <span class='ocrx_word' id='word_1_47' title='bbox 2456 615 2706 675; x_wconf 87' lang='lat' dir='ltr'><strong>tempora</strong></span> <span class='ocrx_word' id='word_1_48' title='bbox 2732 619 3037 675; x_wconf 77' lang='lat' dir='ltr'><strong>cognomen</strong></span> <span class='ocrx_word' id='word_1_49' title='bbox 3068 606 3216 661; x_wconf 82' lang='lat' dir='ltr'><strong>istud</strong></span> <span class='ocrx_word' id='word_1_50' title='bbox 3249 606 3541 663; x_wconf 75' lang='lat' dir='ltr'><strong>Persarum</strong></span> 
     </span>
    </p>
   </div>
   <div class='ocr_carea' id='block_1_9' title="bbox 272 692 1857 767">
    <p class='ocr_par' dir='ltr' id='par_1_9' title="bbox 272 692 1857 767">
     <span class='ocr_line' id='line_1_9' title="bbox 272 692 1857 767; baseline -0.002 -19"><span class='ocrx_word' id='word_1_51' title='bbox 272 695 651 767; x_wconf 83' lang='grc' dir='ltr'><strong>προσηγορίαν</strong></span> <span class='ocrx_word' id='word_1_52' title='bbox 680 695 791 766; x_wconf 68' lang='grc'>(27)</span> <span class='ocrx_word' id='word_1_53' title='bbox 820 694 1047 764; x_wconf 84' lang='grc' dir='ltr'><strong>Περσῶν</strong></span> <span class='ocrx_word' id='word_1_54' title='bbox 1094 697 1149 747; x_wconf 78' lang='grc' dir='ltr'><strong>αἱ</strong></span> <span class='ocrx_word' id='word_1_55' title='bbox 1180 693 1289 748; x_wconf 89' lang='grc' dir='ltr'><strong>τῶν</strong></span> <span class='ocrx_word' id='word_1_56' title='bbox 1334 693 1587 765; x_wconf 80' lang='grc' dir='ltr'><strong>θεμάτων</strong></span> <span class='ocrx_word' id='word_1_57' title='bbox 1622 692 1857 765; x_wconf 88' lang='grc' dir='ltr'><strong>τοῦρμαι</strong></span> 
     </span>
    </p>
   </div>
   <div class='ocr_carea' id='block_1_10' title="bbox 1964 692 3544 767">
    <p class='ocr_par' dir='ltr' id='par_1_10' title="bbox 1967 694 3544 767">
     <span class='ocr_line' id='line_1_10' title="bbox 1967 694 3544 767; baseline 0.001 -14"><span class='ocrx_word' id='word_1_58' title='bbox 1967 709 2161 753; x_wconf 84' lang='lat' dir='ltr'><strong>turmae</strong></span> <span class='ocrx_word' id='word_1_59' title='bbox 2191 699 2347 767; x_wconf 89' lang='lat' dir='ltr'><strong>quasi</strong></span> <span class='ocrx_word' id='word_1_60' title='bbox 2382 698 2797 753; x_wconf 64' lang='lat' dir='ltr'><strong>haereditarium</strong></span> <span class='ocrx_word' id='word_1_61' title='bbox 2848 694 3055 753; x_wconf 85' lang='lat' dir='ltr'><strong>habent</strong></span> <span class='ocrx_word' id='word_1_62' title='bbox 3087 697 3144 751; x_wconf 94' lang='lat' dir='ltr'><strong>in</strong></span> <span class='ocrx_word' id='word_1_63' title='bbox 3173 697 3435 754; x_wconf 75' lang='lat' dir='ltr'><strong>thematis</strong></span> <span class='ocrx_word' id='word_1_64' title='bbox 3474 698 3544 754; x_wconf 87' lang='lat' dir='ltr'><strong>ad</strong></span> 
     </span>
    </p>
   </div>
   <div class='ocr_carea' id='block_1_11' title="bbox 271 783 1857 859">
    <p class='ocr_par' dir='ltr' id='par_1_11' title="bbox 271 783 1329 859">
     <span class='ocr_line' id='line_1_11' title="bbox 271 783 1329 859; baseline -0.002 -18"><span class='ocrx_word' id='word_1_65' title='bbox 271 788 669 859; x_wconf 85' lang='grc' dir='ltr'><strong>κεκλήρωνται,</strong></span> <span class='ocrx_word' id='word_1_66' title='bbox 705 788 789 858; x_wconf 76' lang='grc' dir='ltr'><strong>ἐφ’</strong></span> <span class='ocrx_word' id='word_1_67' title='bbox 820 783 901 852; x_wconf 75' lang='grc' dir='ltr'><strong>οἷς</strong></span> <span class='ocrx_word' id='word_1_68' title='bbox 926 788 1329 858; x_wconf 84' lang='grc' dir='ltr'><strong>διεσπάρησαν.</strong></span> 
     </span>
    </p>
   </div>
   <div class='ocr_carea' id='block_1_12' title="bbox 1964 783 2668 859">
    <p class='ocr_par' dir='ltr' id='par_1_12' title="bbox 1964 788 2668 858">
     <span class='ocr_line' id='line_1_12' title="bbox 1964 788 2668 858; baseline 0 -16"><span class='ocrx_word' id='word_1_69' title='bbox 1964 803 2085 858; x_wconf 76' lang='lat' dir='ltr'><strong>qua:</strong></span> <span class='ocrx_word' id='word_1_70' title='bbox 2116 788 2194 842; x_wconf 86' lang='lat' dir='ltr'><strong>illi</strong></span> <span class='ocrx_word' id='word_1_71' title='bbox 2222 788 2458 858; x_wconf 86' lang='lat' dir='ltr'><strong>dispersi</strong></span> <span class='ocrx_word' id='word_1_72' title='bbox 2489 797 2668 843; x_wconf 87' lang='lat' dir='ltr'><strong>erant.</strong></span> 
     </span>
    </p>
   </div>
   <div class='ocr_carea' id='block_1_13' title="bbox 343 877 1863 952">
    <p class='ocr_par' dir='ltr' id='par_1_13' title="bbox 343 877 1863 952">
     <span class='ocr_line' id='line_1_13' title="bbox 343 877 1863 952; baseline 0.001 -20"><span class='ocrx_word' id='word_1_73' title='bbox 343 880 601 933; x_wconf 72' lang='grc' dir='ltr'><strong>Τοιούτον</strong></span> <span class='ocrx_word' id='word_1_74' title='bbox 624 879 687 950; x_wconf 87' lang='grc' dir='ltr'><strong>δὴ</strong></span> <span class='ocrx_word' id='word_1_75' title='bbox 718 880 955 952; x_wconf 79' lang='grc' dir='ltr'><strong>πέρατος</strong></span> <span class='ocrx_word' id='word_1_76' title='bbox 982 880 1051 934; x_wconf 86' lang='grc' dir='ltr'><strong>τὰ</strong></span> <span class='ocrx_word' id='word_1_77' title='bbox 1079 879 1187 932; x_wconf 89' lang='grc' dir='ltr'><strong>τῶν</strong></span> <span class='ocrx_word' id='word_1_78' title='bbox 1218 880 1446 951; x_wconf 85' lang='grc' dir='ltr'><strong>Περσῶν</strong></span> <span class='ocrx_word' id='word_1_79' title='bbox 1473 880 1609 943; x_wconf 83' lang='grc' dir='ltr'><strong>ὅλως</strong></span> <span class='ocrx_word' id='word_1_80' title='bbox 1636 877 1863 949; x_wconf 81' lang='grc' dir='ltr'><strong>τετύχη-</strong></span> 
     </span>
    </p>
   </div>
   <div class='ocr_carea' id='block_1_14' title="bbox 272 968 1859 1042">
    <p class='ocr_par' dir='ltr' id='par_1_14' title="bbox 272 968 1859 1042">
     <span class='ocr_line' id='line_1_14' title="bbox 272 968 1859 1042; baseline -0.004 -17"><span class='ocrx_word' id='word_1_81' title='bbox 272 988 338 1025; x_wconf 84' lang='grc' dir='ltr'><strong>κε</strong></span> <span class='ocrx_word' id='word_1_82' title='bbox 372 970 509 1041; x_wconf 80' lang='grc' dir='ltr'><strong>μετὰ</strong></span> <span class='ocrx_word' id='word_1_83' title='bbox 538 971 638 1042; x_wconf 78' lang='grc' dir='ltr'><strong>τὴν</strong></span> <span class='ocrx_word' id='word_1_84' title='bbox 666 970 959 1024; x_wconf 88' lang='grc' dir='ltr'><strong>στασιῶτιν</strong></span> <span class='ocrx_word' id='word_1_85' title='bbox 986 971 1031 1002; x_wconf 69' lang='grc'><strong>⁵⁸</strong></span> <span class='ocrx_word' id='word_1_86' title='bbox 1072 969 1185 1042; x_wconf 75' lang='grc'>(28)</span> <span class='ocrx_word' id='word_1_87' title='bbox 1220 970 1513 1024; x_wconf 84' lang='grc' dir='ltr'><strong>κακόνοιαν</strong></span> <span class='ocrx_word' id='word_1_88' title='bbox 1548 968 1692 1023; x_wconf 82' lang='grc' dir='ltr'><strong>οὕτω</strong></span> <span class='ocrx_word' id='word_1_89' title='bbox 1736 968 1859 1021; x_wconf 84' lang='grc' dir='ltr'><strong>δια-</strong></span> 
     </span>
    </p>
   </div>
   <div class='ocr_carea' id='block_1_15' title="bbox 272 1061 1857 1133">
    <p class='ocr_par' dir='ltr' id='par_1_15' title="bbox 272 1061 1857 1133">
     <span class='ocr_line' id='line_1_15' title="bbox 272 1061 1857 1133; baseline -0.001 -18"><span class='ocrx_word' id='word_1_90' title='bbox 272 1061 622 1133; x_wconf 80' lang='grc' dir='ltr'><strong>νεμηθέντων</strong></span> <span class='ocrx_word' id='word_1_91' title='bbox 650 1063 747 1115; x_wconf 67' lang='lat' dir='ltr'><strong>ita).</strong></span> <span class='ocrx_word' id='word_1_92' title='bbox 779 1062 966 1133; x_wconf 82' lang='grc' dir='ltr'><strong>σχεδὸν</strong></span> <span class='ocrx_word' id='word_1_93' title='bbox 1002 1061 1082 1125; x_wconf 84' lang='grc' dir='ltr'><strong>είς</strong></span> <span class='ocrx_word' id='word_1_94' title='bbox 1125 1062 1431 1132; x_wconf 74' lang='grc' dir='ltr'><strong>ἀφανισμὸν</strong></span> <span class='ocrx_word' id='word_1_95' title='bbox 1464 1062 1857 1133; x_wconf 79' lang='grc' dir='ltr'><strong>χωρησάντων.</strong></span> 
     </span>
    </p>
   </div>
   <div class='ocr_carea' id='block_1_16' title="bbox 271 1151 1860 1226">
    <p class='ocr_par' dir='ltr' id='par_1_16' title="bbox 271 1151 1860 1226">
     <span class='ocr_line' id='line_1_16' title="bbox 271 1151 1860 1226; baseline -0.003 -17"><span class='ocrx_word' id='word_1_96' title='bbox 271 1152 381 1209; x_wconf 87' lang='grc' dir='ltr'><strong>Τοῦ</strong></span> <span class='ocrx_word' id='word_1_97' title='bbox 410 1151 503 1209; x_wconf 78' lang='grc' dir='ltr'><strong>οὖν</strong></span> <span class='ocrx_word' id='word_1_98' title='bbox 533 1155 801 1225; x_wconf 84' lang='grc' dir='ltr'><strong>βασιλέως</strong></span> <span class='ocrx_word' id='word_1_99' title='bbox 860 1155 1220 1226; x_wconf 82' lang='grc' dir='ltr'><strong>θανατηφόρῳ</strong></span> <span class='ocrx_word' id='word_1_100' title='bbox 1270 1154 1409 1225; x_wconf 87' lang='grc' dir='ltr'><strong>νόσῳ</strong></span> <span class='ocrx_word' id='word_1_101' title='bbox 1465 1152 1860 1225; x_wconf 81' lang='grc' dir='ltr'><strong>περιπεσόντος</strong></span> 
     </span>
    </p>
   </div>
   <div class='ocr_carea' id='block_1_17' title="bbox 270 1244 1861 1317">
    <p class='ocr_par' dir='ltr' id='par_1_17' title="bbox 270 1244 1861 1317">
     <span class='ocr_line' id='line_1_17' title="bbox 270 1244 1861 1317; baseline 0.001 -20"><span class='ocrx_word' id='word_1_102' title='bbox 270 1244 616 1316; x_wconf 58' lang='grc' dir='ltr'><strong>ὑησμὺχετό</strong></span> <span class='ocrx_word' id='word_1_103' title='bbox 644 1264 729 1310; x_wconf 86' lang='grc' dir='ltr'><strong>τις</strong></span> <span class='ocrx_word' id='word_1_104' title='bbox 759 1248 979 1313; x_wconf 85' lang='grc' dir='ltr'><strong>σκοπὸς,</strong></span> <span class='ocrx_word' id='word_1_105' title='bbox 1006 1246 1071 1300; x_wconf 78' lang='grc' dir='ltr'><strong>ὲκ</strong></span> <span class='ocrx_word' id='word_1_106' title='bbox 1122 1246 1361 1317; x_wconf 76' lang='grc' dir='ltr'><strong>ματαίας</strong></span> <span class='ocrx_word' id='word_1_107' title='bbox 1384 1245 1640 1316; x_wconf 68' lang='grc' dir='ltr'><strong>διαϐολῆς</strong></span> <span class='ocrx_word' id='word_1_108' title='bbox 1666 1262 1861 1316; x_wconf 81' lang='grc' dir='ltr'><strong>χαιρε-</strong></span> 
     </span>
    </p>
   </div>
   <div class='ocr_carea' id='block_1_18' title="bbox 270 1332 1862 1409">
    <p class='ocr_par' dir='ltr' id='par_1_18' title="bbox 270 1332 1862 1409">
     <span class='ocr_line' id='line_1_18' title="bbox 270 1332 1862 1409; baseline 0.001 -20"><span class='ocrx_word' id='word_1_109' title='bbox 270 1332 484 1399; x_wconf 77' lang='grc' dir='ltr'><strong>κάκων,</strong></span> <span class='ocrx_word' id='word_1_110' title='bbox 522 1336 662 1405; x_wconf 83' lang='grc' dir='ltr'><strong>μετά</strong></span> <span class='ocrx_word' id='word_1_111' title='bbox 692 1336 790 1407; x_wconf 83' lang='grc' dir='ltr'><strong>τὴν</strong></span> <span class='ocrx_word' id='word_1_112' title='bbox 822 1337 1081 1408; x_wconf 79' lang='grc' dir='ltr'><strong>τελευτὴν</strong></span> <span class='ocrx_word' id='word_1_113' title='bbox 1138 1337 1304 1391; x_wconf 84' lang='grc' dir='ltr'><strong>αὑτοῦ</strong></span> <span class='ocrx_word' id='word_1_114' title='bbox 1340 1336 1640 1401; x_wconf 66' lang='grc' dir='ltr'><strong>ἐπιθέσεως</strong></span> <span class='ocrx_word' id='word_1_115' title='bbox 1706 1338 1862 1409; x_wconf 73' lang='grc' dir='ltr'><strong>παρὰ</strong></span> 
     </span>
    </p>
   </div>
   <div class='ocr_carea' id='block_1_19' title="bbox 270 1414 1863 1508">
    <p class='ocr_par' dir='ltr' id='par_1_19' title="bbox 270 1414 1863 1508">
     <span class='ocr_line' id='line_1_19' title="bbox 270 1414 1863 1508; baseline 0.001 -27"><span class='ocrx_word' id='word_1_116' title='bbox 270 1426 547 1508; x_wconf 71' lang='grc' dir='ltr'><strong>Θεοφὸδου</strong></span> <span class='ocrx_word' id='word_1_117' title='bbox 574 1430 671 1482; x_wconf 85' lang='grc' dir='ltr'><strong>σὺν</strong></span> <span class='ocrx_word' id='word_1_118' title='bbox 700 1428 817 1498; x_wconf 77' lang='grc' dir='ltr'><strong>ἅμα</strong></span> <span class='ocrx_word' id='word_1_119' title='bbox 848 1431 1085 1502; x_wconf 76' lang='grc' dir='ltr'><strong>Πέρσαις</strong></span> <span class='ocrx_word' id='word_1_120' title='bbox 1141 1414 1287 1485; x_wconf 80' lang='grc' dir='ltr'><strong>κατᾶ</strong></span> <span class='ocrx_word' id='word_1_121' title='bbox 1311 1431 1420 1485; x_wconf 85' lang='grc' dir='ltr'><strong>τῶν</strong></span> <span class='ocrx_word' id='word_1_122' title='bbox 1458 1430 1626 1485; x_wconf 90' lang='grc' dir='ltr'><strong>αὑτοῦ</strong></span> <span class='ocrx_word' id='word_1_123' title='bbox 1659 1429 1863 1502; x_wconf 76' lang='grc' dir='ltr'><strong>κληροο</strong></span> 
     </span>
    </p>
   </div>
   <div class='ocr_carea' id='block_1_20' title="bbox 269 1519 1857 1596">
    <p class='ocr_par' dir='ltr' id='par_1_20' title="bbox 269 1519 1857 1596">
     <span class='ocr_line' id='line_1_20' title="bbox 269 1519 1857 1596; baseline 0.004 -24"><span class='ocrx_word' id='word_1_124' title='bbox 269 1519 455 1591; x_wconf 82' lang='grc' dir='ltr'><strong>νόμων</strong></span> <span class='ocrx_word' id='word_1_125' title='bbox 498 1521 725 1574; x_wconf 76' lang='grc' dir='ltr'><strong>καὶτῶν</strong></span> <span class='ocrx_word' id='word_1_126' title='bbox 753 1522 875 1576; x_wconf 83' lang='grc' dir='ltr'><strong>κατ’</strong></span> <span class='ocrx_word' id='word_1_127' title='bbox 901 1524 1257 1596; x_wconf 70' lang='grc' dir='ltr'><strong>ἐπιτροπείαν</strong></span> <span class='ocrx_word' id='word_1_128' title='bbox 1305 1523 1691 1595; x_wconf 72' lang='grc' dir='ltr'><strong>ἑκριπισθῆναι</strong></span> <span class='ocrx_word' id='word_1_129' title='bbox 1724 1523 1857 1595; x_wconf 75' lang='lat'><strong>(‘39).</strong></span> 
     </span>
    </p>
   </div>
   <div class='ocr_carea' id='block_1_21' title="bbox 268 1612 1860 1688">
    <p class='ocr_par' dir='ltr' id='par_1_21' title="bbox 268 1612 1860 1688">
     <span class='ocr_line' id='line_1_21' title="bbox 268 1612 1860 1688; baseline 0.002 -22"><span class='ocrx_word' id='word_1_130' title='bbox 268 1613 371 1667; x_wconf 77' lang='grc' dir='ltr'><strong>Διὰ</strong></span> <span class='ocrx_word' id='word_1_131' title='bbox 420 1612 578 1667; x_wconf 88' lang='grc' dir='ltr'><strong>τοῦτο</strong></span> <span class='ocrx_word' id='word_1_132' title='bbox 612 1616 707 1668; x_wconf 75' lang='grc' dir='ltr'><strong>καὶ</strong></span> <span class='ocrx_word' id='word_1_133' title='bbox 735 1616 871 1686; x_wconf 85' lang='grc' dir='ltr'><strong>πρὸς</strong></span> <span class='ocrx_word' id='word_1_134' title='bbox 904 1618 1024 1680; x_wconf 84' lang='grc' dir='ltr'><strong>ταῖς</strong></span> <span class='ocrx_word' id='word_1_135' title='bbox 1057 1617 1318 1688; x_wconf 63' lang='grc' dir='ltr'><strong>ἐσχάταις</strong></span> <span class='ocrx_word' id='word_1_136' title='bbox 1369 1617 1469 1688; x_wconf 79' lang='grc' dir='ltr'><strong>ἤδη</strong></span> <span class='ocrx_word' id='word_1_137' title='bbox 1533 1616 1729 1681; x_wconf 84' lang='grc' dir='ltr'><strong>πύλαις</strong></span> <span class='ocrx_word' id='word_1_138' title='bbox 1764 1615 1860 1670; x_wconf 88' lang='grc' dir='ltr'><strong>τοῦ</strong></span> 
     </span>
    </p>
   </div>
   <div class='ocr_carea' id='block_1_22' title="bbox 270 1704 1862 1779">
    <p class='ocr_par' dir='ltr' id='par_1_22' title="bbox 270 1704 1862 1779">
     <span class='ocr_line' id='line_1_22' title="bbox 270 1704 1862 1779; baseline 0.003 -21"><span class='ocrx_word' id='word_1_139' title='bbox 270 1704 502 1759; x_wconf 75' lang='grc' dir='ltr'><strong>θανάτου</strong></span> <span class='ocrx_word' id='word_1_140' title='bbox 564 1705 929 1779; x_wconf 85' lang='grc' dir='ltr'><strong>παρεστηκὼς</strong></span> <span class='ocrx_word' id='word_1_141' title='bbox 989 1708 1340 1779; x_wconf 57' lang='grc' dir='ltr'><strong>καθειργνιὴι</strong></span> <span class='ocrx_word' id='word_1_142' title='bbox 1381 1709 1495 1779; x_wconf 81' lang='grc'>(50)</span> <span class='ocrx_word' id='word_1_143' title='bbox 1547 1708 1862 1779; x_wconf 81' lang='grc' dir='ltr'><strong>κευθμῶσιν</strong></span> 
     </span>
    </p>
   </div>
   <div class='ocr_carea' id='block_1_23' title="bbox 2034 880 3547 953">
    <p class='ocr_par' dir='ltr' id='par_1_23' title="bbox 2034 880 3547 953">
     <span class='ocr_line' id='line_1_23' title="bbox 2034 880 3547 953; baseline 0 -18"><span class='ocrx_word' id='word_1_144' title='bbox 2034 880 2425 952; x_wconf 82' lang='lat' dir='ltr'><strong>ilujuscemodi</strong></span> <span class='ocrx_word' id='word_1_145' title='bbox 2454 880 2619 937; x_wconf 82' lang='lat' dir='ltr'><strong>ﬁnem</strong></span> <span class='ocrx_word' id='word_1_146' title='bbox 2645 890 2825 953; x_wconf 87' lang='lat' dir='ltr'><strong>coepta</strong></span> <span class='ocrx_word' id='word_1_147' title='bbox 2858 880 3153 937; x_wconf 80' lang='lat' dir='ltr'><strong>Persarum</strong></span> <span class='ocrx_word' id='word_1_148' title='bbox 3175 880 3402 936; x_wconf 87' lang='lat' dir='ltr'><strong>omnino</strong></span> <span class='ocrx_word' id='word_1_149' title='bbox 3425 896 3547 936; x_wconf 86' lang='lat' dir='ltr'><strong>sor-</strong></span> 
     </span>
    </p>
   </div>
   <div class='ocr_carea' id='block_1_24' title="bbox 1964 970 3547 1041">
    <p class='ocr_par' dir='ltr' id='par_1_24' title="bbox 1964 970 3547 1041">
     <span class='ocr_line' id='line_1_24' title="bbox 1964 970 3547 1041; baseline 0 -16"><span class='ocrx_word' id='word_1_150' title='bbox 1964 971 2063 1025; x_wconf 90' lang='lat' dir='ltr'><strong>tita</strong></span> <span class='ocrx_word' id='word_1_151' title='bbox 2111 980 2260 1038; x_wconf 90' lang='lat' dir='ltr'><strong>sunt,</strong></span> <span class='ocrx_word' id='word_1_152' title='bbox 2291 971 2424 1041; x_wconf 86' lang='lat' dir='ltr'><strong>ipsis</strong></span> <span class='ocrx_word' id='word_1_153' title='bbox 2486 972 2567 1025; x_wconf 92' lang='lat' dir='ltr'><strong>sic</strong></span> <span class='ocrx_word' id='word_1_154' title='bbox 2604 971 2874 1041; x_wconf 82' lang='lat' dir='ltr'><strong>dispersis</strong></span> <span class='ocrx_word' id='word_1_155' title='bbox 2902 986 2966 1025; x_wconf 90' lang='lat' dir='ltr'><strong>ac</strong></span> <span class='ocrx_word' id='word_1_156' title='bbox 3021 970 3421 1041; x_wconf 79' lang='lat' dir='ltr'><strong>prapemodum</strong></span> <span class='ocrx_word' id='word_1_157' title='bbox 3477 970 3547 1025; x_wconf 88' lang='lat' dir='ltr'><strong>ad</strong></span> 
     </span>
    </p>
   </div>
   <div class='ocr_carea' id='block_1_25' title="bbox 1963 1062 3549 1135">
    <p class='ocr_par' dir='ltr' id='par_1_25' title="bbox 1963 1062 3549 1135">
     <span class='ocr_line' id='line_1_25' title="bbox 1963 1062 3549 1135; baseline -0.001 -17"><span class='ocrx_word' id='word_1_158' title='bbox 1963 1064 2198 1119; x_wconf 88' lang='lat' dir='ltr'><strong>nihilum</strong></span> <span class='ocrx_word' id='word_1_159' title='bbox 2227 1063 2485 1119; x_wconf 87' lang='lat' dir='ltr'><strong>redactis.</strong></span> <span class='ocrx_word' id='word_1_160' title='bbox 2520 1062 2659 1118; x_wconf 87' lang='lat' dir='ltr'><strong>Cum</strong></span> <span class='ocrx_word' id='word_1_161' title='bbox 2692 1064 2860 1133; x_wconf 81' lang='lat' dir='ltr'><strong>igitur</strong></span> <span class='ocrx_word' id='word_1_162' title='bbox 2896 1064 3201 1132; x_wconf 83' lang='lat' dir='ltr'><strong>imperator</strong></span> <span class='ocrx_word' id='word_1_163' title='bbox 3246 1063 3301 1120; x_wconf 90' lang='lat' dir='ltr'><strong>in</strong></span> <span class='ocrx_word' id='word_1_164' title='bbox 3326 1063 3438 1135; x_wconf 76' lang='lat'><strong>60</strong></span> <span class='ocrx_word' id='word_1_165' title='bbox 3465 1062 3549 1118; x_wconf 88' lang='lat' dir='ltr'><strong>le-</strong></span> 
     </span>
    </p>
   </div>
   <div class='ocr_carea' id='block_1_26' title="bbox 1965 1156 3547 1220">
    <p class='ocr_par' dir='ltr' id='par_1_26' title="bbox 1965 1156 3547 1220">
     <span class='ocr_line' id='line_1_26' title="bbox 1965 1156 3547 1220; baseline -0.001 -8"><span class='ocrx_word' id='word_1_166' title='bbox 1965 1159 2188 1213; x_wconf 80' lang='lat' dir='ltr'><strong>tiferum</strong></span> <span class='ocrx_word' id='word_1_167' title='bbox 2223 1157 2481 1211; x_wconf 88' lang='lat' dir='ltr'><strong>morbum</strong></span> <span class='ocrx_word' id='word_1_168' title='bbox 2513 1156 2824 1220; x_wconf 83' lang='lat' dir='ltr'><strong>incidisset,</strong></span> <span class='ocrx_word' id='word_1_169' title='bbox 2855 1156 3204 1210; x_wconf 85' lang='lat' dir='ltr'><strong>conﬂabatur</strong></span> <span class='ocrx_word' id='word_1_170' title='bbox 3230 1157 3547 1211; x_wconf 83' lang='lat' dir='ltr'><strong>criminatio</strong></span> 
     </span>
    </p>
   </div>
   <div class='ocr_carea' id='block_1_27' title="bbox 1960 1248 3549 1319">
    <p class='ocr_par' dir='ltr' id='par_1_27' title="bbox 1960 1248 3549 1319">
     <span class='ocr_line' id='line_1_27' title="bbox 1960 1248 3549 1319; baseline 0 -16"><span class='ocrx_word' id='word_1_171' title='bbox 1960 1265 2101 1304; x_wconf 85' lang='lat' dir='ltr'><strong>vana</strong></span> <span class='ocrx_word' id='word_1_172' title='bbox 2151 1258 2208 1304; x_wconf 91' lang='lat' dir='ltr'><strong>et</strong></span> <span class='ocrx_word' id='word_1_173' title='bbox 2261 1248 2606 1303; x_wconf 88' lang='lat' dir='ltr'><strong>calumniosa</strong></span> <span class='ocrx_word' id='word_1_174' title='bbox 2638 1264 2671 1303; x_wconf 88' lang='lat' dir='ltr'><strong>a</strong></span> <span class='ocrx_word' id='word_1_175' title='bbox 2718 1248 3027 1313; x_wconf 84' lang='lat' dir='ltr'><strong>malevolis,</strong></span> <span class='ocrx_word' id='word_1_176' title='bbox 3063 1248 3222 1317; x_wconf 88' lang='lat' dir='ltr'><strong>quasi</strong></span> <span class='ocrx_word' id='word_1_177' title='bbox 3251 1255 3377 1317; x_wconf 89' lang='lat' dir='ltr'><strong>post</strong></span> <span class='ocrx_word' id='word_1_178' title='bbox 3428 1248 3549 1319; x_wconf 80' lang='lat' dir='ltr'><strong>ejus</strong></span> 
     </span>
    </p>
   </div>
   <div class='ocr_carea' id='block_1_28' title="bbox 1963 1336 3550 1409">
    <p class='ocr_par' dir='ltr' id='par_1_28' title="bbox 1963 1336 3550 1409">
     <span class='ocr_line' id='line_1_28' title="bbox 1963 1336 3550 1409; baseline 0 -17"><span class='ocrx_word' id='word_1_179' title='bbox 1963 1346 2195 1393; x_wconf 87' lang='lat' dir='ltr'><strong>mortem</strong></span> <span class='ocrx_word' id='word_1_180' title='bbox 2227 1340 2460 1394; x_wconf 85' lang='lat' dir='ltr'><strong>rebellio</strong></span> <span class='ocrx_word' id='word_1_181' title='bbox 2482 1355 2512 1394; x_wconf 87' lang='lat' dir='ltr'><strong>a</strong></span> <span class='ocrx_word' id='word_1_182' title='bbox 2539 1339 2885 1409; x_wconf 83' lang='lat' dir='ltr'><strong>&#39;l‘heophobo</strong></span> <span class='ocrx_word' id='word_1_183' title='bbox 2928 1349 2988 1394; x_wconf 85' lang='lat' dir='ltr'><strong>et</strong></span> <span class='ocrx_word' id='word_1_184' title='bbox 3012 1338 3198 1394; x_wconf 83' lang='lat' dir='ltr'><strong>Persis</strong></span> <span class='ocrx_word' id='word_1_185' title='bbox 3226 1346 3419 1394; x_wconf 88' lang='lat' dir='ltr'><strong>contra</strong></span> <span class='ocrx_word' id='word_1_186' title='bbox 3446 1336 3550 1393; x_wconf 61' lang='lat' dir='ltr'><strong>be-</strong></span> 
     </span>
    </p>
   </div>
   <div class='ocr_carea' id='block_1_29' title="bbox 1962 1430 3549 1505">
    <p class='ocr_par' dir='ltr' id='par_1_29' title="bbox 1962 1430 3549 1505">
     <span class='ocr_line' id='line_1_29' title="bbox 1962 1430 3549 1505; baseline -0.002 -17"><span class='ocrx_word' id='word_1_187' title='bbox 1962 1434 2122 1489; x_wconf 86' lang='lat' dir='ltr'><strong>redes</strong></span> <span class='ocrx_word' id='word_1_188' title='bbox 2171 1436 2293 1505; x_wconf 85' lang='lat' dir='ltr'><strong>ejus</strong></span> <span class='ocrx_word' id='word_1_189' title='bbox 2323 1443 2381 1489; x_wconf 89' lang='lat' dir='ltr'><strong>et</strong></span> <span class='ocrx_word' id='word_1_190' title='bbox 2411 1442 2621 1489; x_wconf 82' lang='lat' dir='ltr'><strong>tutores</strong></span> <span class='ocrx_word' id='word_1_191' title='bbox 2668 1442 2817 1488; x_wconf 87' lang='lat' dir='ltr'><strong>esset</strong></span> <span class='ocrx_word' id='word_1_192' title='bbox 2845 1433 3161 1488; x_wconf 77' lang='lat' dir='ltr'><strong>excitanda.</strong></span> <span class='ocrx_word' id='word_1_193' title='bbox 3200 1430 3549 1501; x_wconf 82' lang='lat' dir='ltr'><strong>Quapropter</strong></span> 
     </span>
    </p>
   </div>
   <div class='ocr_carea' id='block_1_30' title="bbox 1961 1522 3547 1594">
    <p class='ocr_par' dir='ltr' id='par_1_30' title="bbox 1961 1522 3547 1594">
     <span class='ocr_line' id='line_1_30' title="bbox 1961 1522 3547 1594; baseline -0.001 -15"><span class='ocrx_word' id='word_1_194' title='bbox 1961 1524 2020 1579; x_wconf 91' lang='lat' dir='ltr'><strong>in</strong></span> <span class='ocrx_word' id='word_1_195' title='bbox 2049 1526 2312 1580; x_wconf 72' lang='lat' dir='ltr'><strong>extremis</strong></span> <span class='ocrx_word' id='word_1_196' title='bbox 2338 1526 2449 1594; x_wconf 89' lang='lat' dir='ltr'><strong>jam</strong></span> <span class='ocrx_word' id='word_1_197' title='bbox 2471 1524 2687 1579; x_wconf 79' lang='lat' dir='ltr'><strong>foribus</strong></span> <span class='ocrx_word' id='word_1_198' title='bbox 2714 1525 2910 1579; x_wconf 89' lang='lat' dir='ltr'><strong>mortis</strong></span> <span class='ocrx_word' id='word_1_199' title='bbox 2932 1523 3286 1585; x_wconf 88' lang='lat' dir='ltr'><strong>constitutus,</strong></span> <span class='ocrx_word' id='word_1_200' title='bbox 3316 1522 3547 1577; x_wconf 86' lang='lat' dir='ltr'><strong>missum</strong></span> 
     </span>
    </p>
   </div>
   <div class='ocr_carea' id='block_1_31' title="bbox 1963 1612 3547 1683">
    <p class='ocr_par' dir='ltr' id='par_1_31' title="bbox 1963 1612 3547 1683">
     <span class='ocr_line' id='line_1_31' title="bbox 1963 1612 3547 1683; baseline -0.002 -14"><span class='ocrx_word' id='word_1_201' title='bbox 1963 1615 2019 1670; x_wconf 92' lang='lat' dir='ltr'><strong>in</strong></span> <span class='ocrx_word' id='word_1_202' title='bbox 2046 1630 2308 1671; x_wconf 80' lang='lat' dir='ltr'><strong>cavernas</strong></span> <span class='ocrx_word' id='word_1_203' title='bbox 2344 1616 2697 1671; x_wconf 87' lang='lat' dir='ltr'><strong>Bucoleontis</strong></span> <span class='ocrx_word' id='word_1_204' title='bbox 2727 1615 2967 1670; x_wconf 88' lang='lat' dir='ltr'><strong>includit</strong></span> <span class='ocrx_word' id='word_1_205' title='bbox 2993 1612 3417 1683; x_wconf 82' lang='lat' dir='ltr'><strong>TheOphobum,</strong></span> <span class='ocrx_word' id='word_1_206' title='bbox 3442 1626 3547 1667; x_wconf 82' lang='lat' dir='ltr'><strong>no-</strong></span> 
     </span>
    </p>
   </div>
   <div class='ocr_carea' id='block_1_32' title="bbox 1962 1704 3544 1779">
    <p class='ocr_par' dir='ltr' id='par_1_32' title="bbox 1962 1704 3544 1779">
     <span class='ocr_line' id='line_1_32' title="bbox 1962 1704 3544 1779; baseline -0.004 -16"><span class='ocrx_word' id='word_1_207' title='bbox 1962 1717 2167 1779; x_wconf 91' lang='lat' dir='ltr'><strong>ctuque</strong></span> <span class='ocrx_word' id='word_1_208' title='bbox 2199 1708 2448 1778; x_wconf 87' lang='lat' dir='ltr'><strong>capitalis</strong></span> <span class='ocrx_word' id='word_1_209' title='bbox 2496 1708 2752 1779; x_wconf 87' lang='lat' dir='ltr'><strong>supplicii</strong></span> <span class='ocrx_word' id='word_1_210' title='bbox 2778 1707 3012 1778; x_wconf 88' lang='lat' dir='ltr'><strong>imponit</strong></span> <span class='ocrx_word' id='word_1_211' title='bbox 3036 1704 3089 1762; x_wconf 89' lang='lat' dir='ltr'><strong>ei</strong></span> <span class='ocrx_word' id='word_1_212' title='bbox 3112 1704 3544 1769; x_wconf 84' lang='lat' dir='ltr'><strong>exsecutionem,</strong></span> 
     </span>
    </p>
   </div>
   <div class='ocr_carea' id='block_1_33' title="bbox 268 1787 1857 1873">
    <p class='ocr_par' dir='ltr' id='par_1_33' title="bbox 268 1798 1857 1873">
     <span class='ocr_line' id='line_1_33' title="bbox 268 1798 1857 1873; baseline 0.003 -21"><span class='ocrx_word' id='word_1_213' title='bbox 268 1798 561 1870; x_wconf 67' lang='grc' dir='ltr'><strong>ὲκπέμψας</strong></span> <span class='ocrx_word' id='word_1_214' title='bbox 596 1800 692 1853; x_wconf 88' lang='grc' dir='ltr'><strong>τοῦ</strong></span> <span class='ocrx_word' id='word_1_215' title='bbox 730 1800 1119 1865; x_wconf 82' lang='grc' dir='ltr'><strong>Βουκολέοντος</strong></span> <span class='ocrx_word' id='word_1_216' title='bbox 1151 1804 1244 1855; x_wconf 78' lang='grc' dir='ltr'><strong>τὸν</strong></span> <span class='ocrx_word' id='word_1_217' title='bbox 1284 1802 1559 1871; x_wconf 79' lang='grc' dir='ltr'><strong>Θεόφοδον</strong></span> <span class='ocrx_word' id='word_1_218' title='bbox 1596 1802 1733 1873; x_wconf 79' lang='lat' dir='ltr'><strong>(5i),</strong></span> <span class='ocrx_word' id='word_1_219' title='bbox 1766 1801 1857 1856; x_wconf 74' lang='grc' dir='ltr'><strong>καὶ</strong></span> 
     </span>
    </p>
   </div>
   <div class='ocr_carea' id='block_1_34' title="bbox 1964 1787 3548 1873">
    <p class='ocr_par' dir='ltr' id='par_1_34' title="bbox 1965 1797 3548 1873">
     <span class='ocr_line' id='line_1_34' title="bbox 1965 1797 3548 1873; baseline -0.003 -18"><span class='ocrx_word' id='word_1_220' title='bbox 1965 1801 2123 1873; x_wconf 87' lang='lat' dir='ltr'><strong>quasi</strong></span> <span class='ocrx_word' id='word_1_221' title='bbox 2178 1801 2538 1856; x_wconf 86' lang='lat' dir='ltr'><strong>immanitatis</strong></span> <span class='ocrx_word' id='word_1_222' title='bbox 2612 1808 2896 1856; x_wconf 86' lang='lat' dir='ltr'><strong>certamen</strong></span> <span class='ocrx_word' id='word_1_223' title='bbox 2954 1799 3191 1855; x_wconf 81' lang='lat' dir='ltr'><strong>funebre</strong></span> <span class='ocrx_word' id='word_1_224' title='bbox 3236 1797 3548 1853; x_wconf 84' lang='lat' dir='ltr'><strong>instituens</strong></span> 
     </span>
    </p>
   </div>
   <div class='ocr_carea' id='block_1_35' title="bbox 266 1889 1857 1966">
    <p class='ocr_par' dir='ltr' id='par_1_35' title="bbox 266 1892 1856 1966">
     <span class='ocr_line' id='line_1_35' title="bbox 266 1892 1856 1966; baseline 0.002 -23"><span class='ocrx_word' id='word_1_225' title='bbox 266 1895 427 1945; x_wconf 79' lang='grc' dir='ltr'><strong>νυκτὶ</strong></span> <span class='ocrx_word' id='word_1_226' title='bbox 448 1892 547 1963; x_wconf 82' lang='grc' dir='ltr'><strong>τὴν</strong></span> <span class='ocrx_word' id='word_1_227' title='bbox 577 1892 665 1946; x_wconf 79' lang='grc' dir='ltr'><strong>διὰ</strong></span> <span class='ocrx_word' id='word_1_228' title='bbox 695 1894 999 1962; x_wconf 77' lang='grc' dir='ltr'><strong>κεφαλικῆς</strong></span> <span class='ocrx_word' id='word_1_229' title='bbox 1022 1894 1295 1966; x_wconf 80' lang='grc' dir='ltr'><strong>τιμωρίας</strong></span> <span class='ocrx_word' id='word_1_230' title='bbox 1329 1893 1677 1966; x_wconf 79' lang='grc' dir='ltr'><strong>περιτίθησιν</strong></span> <span class='ocrx_word' id='word_1_231' title='bbox 1704 1893 1856 1965; x_wconf 85' lang='grc' dir='ltr'><strong>αὑτῷ</strong></span> 
     </span>
    </p>
   </div>
   <div class='ocr_carea' id='block_1_36' title="bbox 1964 1889 3546 1966">
    <p class='ocr_par' dir='ltr' id='par_1_36' title="bbox 1967 1889 3546 1965">
     <span class='ocr_line' id='line_1_36' title="bbox 1967 1889 3546 1965; baseline -0.003 -16"><span class='ocrx_word' id='word_1_232' title='bbox 1967 1893 2220 1965; x_wconf 88' lang='lat' dir='ltr'><strong>perditus</strong></span> <span class='ocrx_word' id='word_1_233' title='bbox 2246 1894 2360 1949; x_wconf 90' lang='lat' dir='ltr'><strong>ille.</strong></span> <span class='ocrx_word' id='word_1_234' title='bbox 2404 1894 2595 1963; x_wconf 87' lang='lat' dir='ltr'><strong>Itaque</strong></span> <span class='ocrx_word' id='word_1_235' title='bbox 2623 1894 2754 1963; x_wconf 88' lang='lat' dir='ltr'><strong>quia</strong></span> <span class='ocrx_word' id='word_1_236' title='bbox 2785 1894 3004 1948; x_wconf 87' lang='lat' dir='ltr'><strong>occulte</strong></span> <span class='ocrx_word' id='word_1_237' title='bbox 3048 1892 3155 1946; x_wconf 80' lang='lat' dir='ltr'><strong>fuit</strong></span> <span class='ocrx_word' id='word_1_238' title='bbox 3197 1889 3546 1953; x_wconf 77' lang='lat' dir='ltr'><strong>interfectus,</strong></span> 
     </span>
    </p>
   </div>
   <div class='ocr_carea' id='block_1_37' title="bbox 266 1979 1857 2058">
    <p class='ocr_par' dir='ltr' id='par_1_37' title="bbox 266 1979 1856 2057">
     <span class='ocr_line' id='line_1_37' title="bbox 266 1979 1856 2057; baseline 0.003 -22"><span class='ocrx_word' id='word_1_239' title='bbox 266 1981 638 2048; x_wconf 78' lang='grc' dir='ltr'><strong>ὑπεξέλευσιν,</strong></span> <span class='ocrx_word' id='word_1_240' title='bbox 673 1979 834 2038; x_wconf 82' lang='grc' dir='ltr'><strong>ἆθλον</strong></span> <span class='ocrx_word' id='word_1_241' title='bbox 861 1986 1256 2057; x_wconf 82' lang='grc' dir='ltr'><strong>ἀπανθρωπίας</strong></span> <span class='ocrx_word' id='word_1_242' title='bbox 1284 1987 1545 2055; x_wconf 80' lang='grc' dir='ltr'><strong>ἐντάφιον</strong></span> <span class='ocrx_word' id='word_1_243' title='bbox 1568 1989 1596 2040; x_wconf 87' lang='grc' dir='ltr'><strong>ὁ</strong></span> <span class='ocrx_word' id='word_1_244' title='bbox 1626 1986 1856 2051; x_wconf 83' lang='grc' dir='ltr'><strong>δείλαιος</strong></span> 
     </span>
    </p>
   </div>
   <div class='ocr_carea' id='block_1_38' title="bbox 1964 1979 3548 2058">
    <p class='ocr_par' dir='ltr' id='par_1_38' title="bbox 1964 1983 3548 2058">
     <span class='ocr_line' id='line_1_38' title="bbox 1964 1983 3548 2058; baseline -0.003 -17"><span class='ocrx_word' id='word_1_245' title='bbox 1964 1987 2289 2058; x_wconf 88' lang='lat' dir='ltr'><strong>percrebuit</strong></span> <span class='ocrx_word' id='word_1_246' title='bbox 2309 1987 2452 2041; x_wconf 79' lang='lat' dir='ltr'><strong>fama</strong></span> <span class='ocrx_word' id='word_1_247' title='bbox 2479 1988 2625 2041; x_wconf 88' lang='lat' dir='ltr'><strong>inter</strong></span> <span class='ocrx_word' id='word_1_248' title='bbox 2643 1988 2837 2041; x_wconf 79' lang='lat' dir='ltr'><strong>Persas</strong></span> <span class='ocrx_word' id='word_1_249' title='bbox 2863 1999 3041 2056; x_wconf 88' lang='lat' dir='ltr'><strong>usque</strong></span> <span class='ocrx_word' id='word_1_250' title='bbox 3062 1983 3128 2039; x_wconf 93' lang='lat' dir='ltr'><strong>ad</strong></span> <span class='ocrx_word' id='word_1_251' title='bbox 3153 1983 3270 2039; x_wconf 59' lang='lat' dir='ltr'><strong>haec</strong></span> <span class='ocrx_word' id='word_1_252' title='bbox 3299 1992 3548 2052; x_wconf 82' lang='lat' dir='ltr'><strong>tempora</strong></span> 
     </span>
    </p>
   </div>
   <div class='ocr_carea' id='block_1_39' title="bbox 263 2074 1857 2151">
    <p class='ocr_par' dir='ltr' id='par_1_39' title="bbox 263 2074 1855 2149">
     <span class='ocr_line' id='line_1_39' title="bbox 263 2074 1855 2149; baseline 0.004 -23"><span class='ocrx_word' id='word_1_253' title='bbox 263 2074 691 2146; x_wconf 71' lang='grc' dir='ltr'><strong>ἐνστησάμενος.</strong></span> <span class='ocrx_word' id='word_1_254' title='bbox 756 2077 854 2130; x_wconf 83' lang='grc' dir='ltr'><strong>Διά</strong></span> <span class='ocrx_word' id='word_1_255' title='bbox 880 2077 942 2130; x_wconf 78' lang='grc' dir='ltr'><strong>τὸ</strong></span> <span class='ocrx_word' id='word_1_256' title='bbox 972 2074 1066 2132; x_wconf 85' lang='grc' dir='ltr'><strong>οῦν</strong></span> <span class='ocrx_word' id='word_1_257' title='bbox 1112 2077 1385 2149; x_wconf 81' lang='grc' dir='ltr'><strong>λαθραίαν</strong></span> <span class='ocrx_word' id='word_1_258' title='bbox 1430 2079 1713 2149; x_wconf 81' lang='grc' dir='ltr'><strong>γεγονέναι</strong></span> <span class='ocrx_word' id='word_1_259' title='bbox 1756 2078 1855 2148; x_wconf 82' lang='grc' dir='ltr'><strong>τὴν</strong></span> 
     </span>
    </p>
   </div>
   <div class='ocr_carea' id='block_1_40' title="bbox 1964 2074 3074 2151">
    <p class='ocr_par' dir='ltr' id='par_1_40' title="bbox 1964 2078 3074 2151">
     <span class='ocr_line' id='line_1_40' title="bbox 1964 2078 3074 2151; baseline 0 -17"><span class='ocrx_word' id='word_1_260' title='bbox 1964 2089 2196 2136; x_wconf 89' lang='lat' dir='ltr'><strong>mortem</strong></span> <span class='ocrx_word' id='word_1_261' title='bbox 2224 2095 2335 2135; x_wconf 91' lang='lat' dir='ltr'><strong>non</strong></span> <span class='ocrx_word' id='word_1_262' title='bbox 2365 2090 2616 2151; x_wconf 76' lang='lat' dir='ltr'><strong>gustasse</strong></span> <span class='ocrx_word' id='word_1_263' title='bbox 2646 2078 3074 2150; x_wconf 89' lang='lat' dir='ltr'><strong>Theophobum.</strong></span> 
     </span>
    </p>
   </div>
   <div class='ocr_carea' id='block_1_41' title="bbox 263 2167 3547 2249">
    <p class='ocr_par' dir='ltr' id='par_1_41' title="bbox 263 2167 3547 2249">
     <span class='ocr_line' id='line_1_41' title="bbox 263 2167 3547 2249; baseline 0.001 -27"><span class='ocrx_word' id='word_1_264' title='bbox 263 2167 432 2224; x_wconf 88' lang='grc' dir='ltr'><strong>αὑτοῦ</strong></span> <span class='ocrx_word' id='word_1_265' title='bbox 452 2171 710 2241; x_wconf 76' lang='grc' dir='ltr'><strong>τελευτὴν</strong></span> <span class='ocrx_word' id='word_1_266' title='bbox 736 2172 1087 2244; x_wconf 75' lang='grc' dir='ltr'><strong>διαϐεϐόηται</strong></span> <span class='ocrx_word' id='word_1_267' title='bbox 1115 2174 1228 2246; x_wconf 78' lang='grc'>(⁸52)</span> <span class='ocrx_word' id='word_1_268' title='bbox 1267 2174 1419 2248; x_wconf 75' lang='grc' dir='ltr'><strong>παρὰ</strong></span> <span class='ocrx_word' id='word_1_269' title='bbox 1451 2174 1690 2249; x_wconf 84' lang='grc' dir='ltr'><strong>Πέρσαις</strong></span> <span class='ocrx_word' id='word_1_270' title='bbox 1724 2175 1853 2247; x_wconf 77' lang='grc' dir='ltr'><strong>ἄχρι</strong></span> <span class='ocrx_word' id='word_1_271' title='bbox 1872 2176 1982 2229; x_wconf 89' lang='grc' dir='ltr'><strong>τῶν</strong></span> <span class='ocrx_word' id='word_1_272' title='bbox 2021 2171 2125 2233; x_wconf 80' lang='grc' dir='ltr'><strong>ὧδε</strong></span> <span class='ocrx_word' id='word_1_273' title='bbox 2165 2179 2375 2249; x_wconf 81' lang='grc' dir='ltr'><strong>χρόνων</strong></span> <span class='ocrx_word' id='word_1_274' title='bbox 2406 2178 2637 2232; x_wconf 83' lang='grc' dir='ltr'><strong>θανάτου</strong></span> <span class='ocrx_word' id='word_1_275' title='bbox 2702 2178 2777 2249; x_wconf 83' lang='grc' dir='ltr'><strong>μὴ</strong></span> <span class='ocrx_word' id='word_1_276' title='bbox 2826 2175 3131 2245; x_wconf 83' lang='grc' dir='ltr'><strong>γεύσασθαι</strong></span> <span class='ocrx_word' id='word_1_277' title='bbox 3190 2174 3285 2227; x_wconf 74' lang='grc' dir='ltr'><strong>τὸν</strong></span> <span class='ocrx_word' id='word_1_278' title='bbox 3342 2172 3547 2243; x_wconf 67' lang='grc' dir='ltr'><strong>Θεόφος</strong></span> 
     </span>
    </p>
   </div>
   <div class='ocr_carea' id='block_1_42' title="bbox 263 2264 381 2317">
    <p class='ocr_par' dir='ltr' id='par_1_42' title="bbox 263 2264 381 2317">
     <span class='ocr_line' id='line_1_42' title="bbox 263 2264 381 2317; baseline 0 0"><span class='ocrx_word' id='word_1_279' title='bbox 263 2264 381 2317; x_wconf 75' lang='grc' dir='ltr'><strong>δον.</strong></span> 
     </span>
    </p>
   </div>
   <div class='ocr_carea' id='block_1_43' title="bbox 339 2358 1857 2435">
    <p class='ocr_par' dir='ltr' id='par_1_43' title="bbox 339 2358 1857 2435">
     <span class='ocr_line' id='line_1_43' title="bbox 339 2358 1857 2435; baseline 0.006 -24"><span class='ocrx_word' id='word_1_280' title='bbox 339 2360 401 2412; x_wconf 73' lang='lat' dir='ltr'><strong>Et</strong></span> <span class='ocrx_word' id='word_1_281' title='bbox 435 2358 530 2412; x_wconf 76' lang='grc' dir='ltr'><strong>καὶ</strong></span> <span class='ocrx_word' id='word_1_282' title='bbox 563 2358 739 2423; x_wconf 75' lang='grc' dir='ltr'><strong>ἄλλως</strong></span> <span class='ocrx_word' id='word_1_283' title='bbox 770 2361 913 2425; x_wconf 75' lang='grc' dir='ltr'><strong>τινες</strong></span> <span class='ocrx_word' id='word_1_284' title='bbox 937 2361 1273 2432; x_wconf 74' lang='grc' dir='ltr'><strong>διειλήφασιν</strong></span> <span class='ocrx_word' id='word_1_285' title='bbox 1298 2363 1436 2435; x_wconf 78' lang='lat'><strong>(55),</strong></span> <span class='ocrx_word' id='word_1_286' title='bbox 1482 2365 1567 2418; x_wconf 84' lang='grc' dir='ltr'><strong>ὅτι</strong></span> <span class='ocrx_word' id='word_1_287' title='bbox 1595 2364 1691 2419; x_wconf 89' lang='grc' dir='ltr'><strong>τοῦ</strong></span> <span class='ocrx_word' id='word_1_288' title='bbox 1724 2366 1857 2419; x_wconf 83' lang='grc' dir='ltr'><strong>Θεο-</strong></span> 
     </span>
    </p>
   </div>
   <div class='ocr_carea' id='block_1_44' title="bbox 268 2452 1863 2527">
    <p class='ocr_par' dir='ltr' id='par_1_44' title="bbox 268 2452 1863 2527">
     <span class='ocr_line' id='line_1_44' title="bbox 268 2452 1863 2527; baseline 0.006 -25"><span class='ocrx_word' id='word_1_289' title='bbox 268 2452 424 2522; x_wconf 72' lang='grc' dir='ltr'><strong>φίλου</strong></span> <span class='ocrx_word' id='word_1_290' title='bbox 458 2452 601 2506; x_wconf 85' lang='grc' dir='ltr'><strong>κατά</strong></span> <span class='ocrx_word' id='word_1_291' title='bbox 623 2469 741 2505; x_wconf 85' lang='grc' dir='ltr'><strong>τινα</strong></span> <span class='ocrx_word' id='word_1_292' title='bbox 777 2455 1133 2525; x_wconf 81' lang='grc' dir='ltr'><strong>περιπέτειαν</strong></span> <span class='ocrx_word' id='word_1_293' title='bbox 1178 2455 1617 2527; x_wconf 84' lang='grc' dir='ltr'><strong>δυστυχήσαντος</strong></span> <span class='ocrx_word' id='word_1_294' title='bbox 1652 2461 1709 2511; x_wconf 83' lang='grc' dir='ltr'><strong>ὲν</strong></span> <span class='ocrx_word' id='word_1_295' title='bbox 1764 2475 1863 2513; x_wconf 88' lang='grc' dir='ltr'><strong>πο-</strong></span> 
     </span>
    </p>
   </div>
   <div class='ocr_carea' id='block_1_45' title="bbox 264 2545 1862 2619">
    <p class='ocr_par' dir='ltr' id='par_1_45' title="bbox 264 2545 1862 2619">
     <span class='ocr_line' id='line_1_45' title="bbox 264 2545 1862 2619; baseline 0.003 -21"><span class='ocrx_word' id='word_1_296' title='bbox 264 2545 547 2617; x_wconf 72' lang='grc' dir='ltr'><strong>λέμῳ(ἱ54)</strong></span> <span class='ocrx_word' id='word_1_297' title='bbox 581 2547 797 2617; x_wconf 82' lang='grc' dir='ltr'><strong>εἰρήκει</strong></span> <span class='ocrx_word' id='word_1_298' title='bbox 826 2546 987 2600; x_wconf 70' lang='grc' dir='ltr'><strong>αὑτὸν</strong></span> <span class='ocrx_word' id='word_1_299' title='bbox 1012 2546 1057 2578; x_wconf 78' lang='grc'><strong>’⁵³</strong></span> <span class='ocrx_word' id='word_1_300' title='bbox 1085 2548 1114 2599; x_wconf 84' lang='grc' dir='ltr'><strong>ό</strong></span> <span class='ocrx_word' id='word_1_301' title='bbox 1141 2547 1411 2615; x_wconf 77' lang='grc' dir='ltr'><strong>Θεόφοϐος</strong></span> <span class='ocrx_word' id='word_1_302' title='bbox 1451 2547 1743 2601; x_wconf 79' lang='grc' dir='ltr'><strong>συνθέσθαι</strong></span> <span class='ocrx_word' id='word_1_303' title='bbox 1765 2550 1862 2619; x_wconf 89' lang='grc' dir='ltr'><strong>μό-</strong></span> 
     </span>
    </p>
   </div>
   <div class='ocr_carea' id='block_1_46' title="bbox 266 2634 1859 2713">
    <p class='ocr_par' dir='ltr' id='par_1_46' title="bbox 266 2634 1859 2713">
     <span class='ocr_line' id='line_1_46' title="bbox 266 2634 1859 2713; baseline 0.003 -26"><span class='ocrx_word' id='word_1_304' title='bbox 266 2653 356 2689; x_wconf 89' lang='grc' dir='ltr'><strong>νον</strong></span> <span class='ocrx_word' id='word_1_305' title='bbox 388 2636 525 2706; x_wconf 75' lang='grc' dir='ltr'><strong>μετὰ</strong></span> <span class='ocrx_word' id='word_1_306' title='bbox 563 2634 786 2706; x_wconf 71' lang='grc' dir='ltr'><strong>[ιερσῖῦν</strong></span> <span class='ocrx_word' id='word_1_307' title='bbox 814 2636 1218 2706; x_wconf 84' lang='grc' dir='ltr'><strong>νυκτοπόλεμον</strong></span> <span class='ocrx_word' id='word_1_308' title='bbox 1273 2638 1386 2708; x_wconf 78' lang='grc'>(55)</span> <span class='ocrx_word' id='word_1_309' title='bbox 1436 2639 1532 2691; x_wconf 78' lang='grc' dir='ltr'><strong>καὶ</strong></span> <span class='ocrx_word' id='word_1_310' title='bbox 1565 2641 1859 2713; x_wconf 74' lang='grc' dir='ltr'><strong>συμμαχίᾳ</strong></span> 
     </span>
    </p>
   </div>
   <div class='ocr_carea' id='block_1_47' title="bbox 264 2726 1861 2799">
    <p class='ocr_par' dir='ltr' id='par_1_47' title="bbox 264 2726 1861 2799">
     <span class='ocr_line' id='line_1_47' title="bbox 264 2726 1861 2799; baseline 0.003 -18"><span class='ocrx_word' id='word_1_311' title='bbox 264 2726 399 2781; x_wconf 84' lang='grc' dir='ltr'><strong>Θεοῦ</strong></span> <span class='ocrx_word' id='word_1_312' title='bbox 430 2728 540 2781; x_wconf 86' lang='grc' dir='ltr'><strong>τῶν</strong></span> <span class='ocrx_word' id='word_1_313' title='bbox 571 2727 781 2799; x_wconf 83' lang='grc' dir='ltr'><strong>ἐχθρῶν</strong></span> <span class='ocrx_word' id='word_1_314' title='bbox 806 2728 1329 2783; x_wconf 86' lang='grc' dir='ltr'><strong>καταδυναστεῦσαι.</strong></span> <span class='ocrx_word' id='word_1_315' title='bbox 1353 2730 1443 2794; x_wconf 85' lang='grc' dir='ltr'><strong>Ὠς</strong></span> <span class='ocrx_word' id='word_1_316' title='bbox 1468 2728 1561 2784; x_wconf 80' lang='grc' dir='ltr'><strong>οὖν</strong></span> <span class='ocrx_word' id='word_1_317' title='bbox 1583 2732 1861 2786; x_wconf 75' lang='grc' dir='ltr'><strong>ἐπέπυστο</strong></span> 
     </span>
    </p>
   </div>
   <div class='ocr_carea' id='block_1_48' title="bbox 265 2820 1857 2898">
    <p class='ocr_par' dir='ltr' id='par_1_48' title="bbox 265 2820 1857 2898">
     <span class='ocr_line' id='line_1_48' title="bbox 265 2820 1857 2898; baseline 0.005 -26"><span class='ocrx_word' id='word_1_318' title='bbox 265 2822 395 2893; x_wconf 69' lang='grc' dir='ltr'><strong>περὶ</strong></span> <span class='ocrx_word' id='word_1_319' title='bbox 422 2820 611 2898; x_wconf 70' lang='grc' dir='ltr'><strong>τοῦτου</strong></span> <span class='ocrx_word' id='word_1_320' title='bbox 641 2824 667 2873; x_wconf 78' lang='grc' dir='ltr'><strong>ὁ</strong></span> <span class='ocrx_word' id='word_1_321' title='bbox 693 2820 968 2890; x_wconf 76' lang='grc' dir='ltr'><strong>βασιλεὺς,</strong></span> <span class='ocrx_word' id='word_1_322' title='bbox 999 2821 1220 2894; x_wconf 79' lang='grc' dir='ltr'><strong>ἐσείσθη</strong></span> <span class='ocrx_word' id='word_1_323' title='bbox 1254 2823 1348 2875; x_wconf 83' lang='grc' dir='ltr'><strong>τὸν</strong></span> <span class='ocrx_word' id='word_1_324' title='bbox 1373 2823 1633 2896; x_wconf 79' lang='grc' dir='ltr'><strong>λογισμὸν</strong></span> <span class='ocrx_word' id='word_1_325' title='bbox 1662 2828 1754 2880; x_wconf 80' lang='grc' dir='ltr'><strong>καὶ</strong></span> <span class='ocrx_word' id='word_1_326' title='bbox 1780 2827 1857 2898; x_wconf 87' lang='grc' dir='ltr'>τῷ</span> 
     </span>
    </p>
   </div>
   <div class='ocr_carea' id='block_1_49' title="bbox 263 2890 1858 2991">
    <p class='ocr_par' dir='ltr' id='par_1_49' title="bbox 263 2890 1858 2991">
     <span class='ocr_line' id='line_1_49' title="bbox 263 2890 1858 2991; baseline 0.004 -27"><span class='ocrx_word' id='word_1_327' title='bbox 263 2890 540 2981; x_wconf 73' lang='grc' dir='ltr'><strong>πνεύματι</strong></span> <span class='ocrx_word' id='word_1_328' title='bbox 571 2914 924 2984; x_wconf 71' lang='grc' dir='ltr'><strong>ἐτετάρακτο,</strong></span> <span class='ocrx_word' id='word_1_329' title='bbox 956 2914 1321 2987; x_wconf 85' lang='grc' dir='ltr'><strong>ὀνειροπολῶν</strong></span> <span class='ocrx_word' id='word_1_330' title='bbox 1352 2918 1426 2991; x_wconf 84' lang='grc' dir='ltr'><strong>μή</strong></span> <span class='ocrx_word' id='word_1_331' title='bbox 1457 2936 1509 2971; x_wconf 89' lang='grc' dir='ltr'><strong>τι</strong></span> <span class='ocrx_word' id='word_1_332' title='bbox 1534 2919 1858 2989; x_wconf 63' lang='grc' dir='ltr'><strong>νεωτερίσαι</strong></span> 
     </span>
    </p>
   </div>
   <div class='ocr_carea' id='block_1_50' title="bbox 2028 2363 3545 2436">
    <p class='ocr_par' dir='ltr' id='par_1_50' title="bbox 2028 2363 3545 2436">
     <span class='ocr_line' id='line_1_50' title="bbox 2028 2363 3545 2436; baseline -0.003 -15"><span class='ocrx_word' id='word_1_333' title='bbox 2028 2369 2353 2436; x_wconf 86' lang='lat' dir='ltr'><strong>Quanquam</strong></span> <span class='ocrx_word' id='word_1_334' title='bbox 2384 2367 2549 2419; x_wconf 88' lang='lat' dir='ltr'><strong>etiam</strong></span> <span class='ocrx_word' id='word_1_335' title='bbox 2585 2366 2746 2420; x_wconf 86' lang='lat' dir='ltr'><strong>aliter</strong></span> <span class='ocrx_word' id='word_1_336' title='bbox 2784 2365 2955 2434; x_wconf 80' lang='lat' dir='ltr'><strong>aliqui</strong></span> <span class='ocrx_word' id='word_1_337' title='bbox 3006 2363 3377 2429; x_wconf 86' lang='lat' dir='ltr'><strong>tradiderunt,</strong></span> <span class='ocrx_word' id='word_1_338' title='bbox 3416 2378 3545 2420; x_wconf 90' lang='lat' dir='ltr'><strong>cum</strong></span> 
     </span>
    </p>
   </div>
   <div class='ocr_carea' id='block_1_51' title="bbox 1959 2455 3545 2535">
    <p class='ocr_par' dir='ltr' id='par_1_51' title="bbox 1959 2455 3545 2535">
     <span class='ocr_line' id='line_1_51' title="bbox 1959 2455 3545 2535; baseline -0.001 -23"><span class='ocrx_word' id='word_1_339' title='bbox 1959 2459 2306 2527; x_wconf 86' lang='lat' dir='ltr'><strong>Theophilus</strong></span> <span class='ocrx_word' id='word_1_340' title='bbox 2345 2472 2472 2511; x_wconf 88' lang='lat' dir='ltr'><strong>casu</strong></span> <span class='ocrx_word' id='word_1_341' title='bbox 2525 2456 2765 2535; x_wconf 83' lang='lat' dir='ltr'><strong>quodam</strong></span> <span class='ocrx_word' id='word_1_342' title='bbox 2801 2456 2855 2509; x_wconf 93' lang='lat' dir='ltr'><strong>in</strong></span> <span class='ocrx_word' id='word_1_343' title='bbox 2898 2456 3045 2510; x_wconf 90' lang='lat' dir='ltr'><strong>bello</strong></span> <span class='ocrx_word' id='word_1_344' title='bbox 3080 2472 3195 2510; x_wconf 90' lang='lat' dir='ltr'><strong>rem</strong></span> <span class='ocrx_word' id='word_1_345' title='bbox 3245 2455 3545 2511; x_wconf 79' lang='lat' dir='ltr'><strong>infeliciter</strong></span> 
     </span>
    </p>
   </div>
   <div class='ocr_carea' id='block_1_52' title="bbox 1958 2548 3544 2622">
    <p class='ocr_par' dir='ltr' id='par_1_52' title="bbox 1958 2548 3544 2622">
     <span class='ocr_line' id='line_1_52' title="bbox 1958 2548 3544 2622; baseline -0.002 -17"><span class='ocrx_word' id='word_1_346' title='bbox 1958 2551 2240 2622; x_wconf 86' lang='lat' dir='ltr'><strong>gessisset,</strong></span> <span class='ocrx_word' id='word_1_347' title='bbox 2289 2549 2494 2603; x_wconf 79' lang='lat' dir='ltr'><strong>dixisse</strong></span> <span class='ocrx_word' id='word_1_348' title='bbox 2525 2549 2577 2603; x_wconf 90' lang='lat' dir='ltr'><strong>ei</strong></span> <span class='ocrx_word' id='word_1_349' title='bbox 2619 2548 3024 2618; x_wconf 82' lang='lat' dir='ltr'><strong>TheOphobum</strong></span> <span class='ocrx_word' id='word_1_350' title='bbox 3076 2563 3134 2603; x_wconf 88' lang='lat' dir='ltr'><strong>se</strong></span> <span class='ocrx_word' id='word_1_351' title='bbox 3188 2548 3368 2603; x_wconf 91' lang='lat' dir='ltr'><strong>solum</strong></span> <span class='ocrx_word' id='word_1_352' title='bbox 3416 2563 3544 2603; x_wconf 90' lang='lat' dir='ltr'><strong>cum</strong></span> 
     </span>
    </p>
   </div>
   <div class='ocr_carea' id='block_1_53' title="bbox 1959 2639 3543 2709">
    <p class='ocr_par' dir='ltr' id='par_1_53' title="bbox 1959 2639 3543 2709">
     <span class='ocr_line' id='line_1_53' title="bbox 1959 2639 3543 2709; baseline -0.002 -12"><span class='ocrx_word' id='word_1_353' title='bbox 1959 2641 2144 2697; x_wconf 87' lang='lat' dir='ltr'><strong>Persis</strong></span> <span class='ocrx_word' id='word_1_354' title='bbox 2161 2650 2493 2695; x_wconf 90' lang='lat' dir='ltr'><strong>nocturnum</strong></span> <span class='ocrx_word' id='word_1_355' title='bbox 2514 2639 3055 2709; x_wconf 73' lang='lat' dir='ltr'><strong>przeliumfacturum</strong></span> <span class='ocrx_word' id='word_1_356' title='bbox 3080 2656 3093 2692; x_wconf 90' lang='lat'>:</span> <span class='ocrx_word' id='word_1_357' title='bbox 3128 2639 3266 2700; x_wconf 83' lang='lat' dir='ltr'><strong>fore,</strong></span> <span class='ocrx_word' id='word_1_358' title='bbox 3303 2648 3363 2693; x_wconf 92' lang='lat' dir='ltr'><strong>ut</strong></span> <span class='ocrx_word' id='word_1_359' title='bbox 3384 2641 3543 2694; x_wconf 79' lang='lat' dir='ltr'><strong>auxi-</strong></span> 
     </span>
    </p>
   </div>
   <div class='ocr_carea' id='block_1_54' title="bbox 1958 2728 3547 2801">
    <p class='ocr_par' dir='ltr' id='par_1_54' title="bbox 1958 2728 3547 2801">
     <span class='ocr_line' id='line_1_54' title="bbox 1958 2728 3547 2801; baseline -0.001 -15"><span class='ocrx_word' id='word_1_360' title='bbox 1958 2732 2128 2787; x_wconf 83' lang='lat' dir='ltr'><strong>liante</strong></span> <span class='ocrx_word' id='word_1_361' title='bbox 2158 2731 2270 2787; x_wconf 89' lang='lat' dir='ltr'><strong>Deo</strong></span> <span class='ocrx_word' id='word_1_362' title='bbox 2309 2731 2496 2785; x_wconf 85' lang='lat' dir='ltr'><strong>hostes</strong></span> <span class='ocrx_word' id='word_1_363' title='bbox 2534 2738 2843 2801; x_wconf 87' lang='lat' dir='ltr'><strong>superaret.</strong></span> <span class='ocrx_word' id='word_1_364' title='bbox 2882 2730 3036 2795; x_wconf 85' lang='lat' dir='ltr'><strong>Quod</strong></span> <span class='ocrx_word' id='word_1_365' title='bbox 3087 2738 3149 2784; x_wconf 90' lang='lat' dir='ltr'><strong>ut</strong></span> <span class='ocrx_word' id='word_1_366' title='bbox 3196 2728 3408 2785; x_wconf 86' lang='lat' dir='ltr'><strong>audivit</strong></span> <span class='ocrx_word' id='word_1_367' title='bbox 3440 2730 3547 2785; x_wconf 65' lang='lat' dir='ltr'><strong>imo</strong></span> 
     </span>
    </p>
   </div>
   <div class='ocr_carea' id='block_1_55' title="bbox 1967 2825 3546 2893">
    <p class='ocr_par' dir='ltr' id='par_1_55' title="bbox 1967 2825 3546 2893">
     <span class='ocr_line' id='line_1_55' title="bbox 1967 2825 3546 2893; baseline -0.001 -15"><span class='ocrx_word' id='word_1_368' title='bbox 1967 2832 2210 2893; x_wconf 85' lang='lat' dir='ltr'><strong>perator,</strong></span> <span class='ocrx_word' id='word_1_369' title='bbox 2258 2825 2443 2878; x_wconf 89' lang='lat' dir='ltr'><strong>animo</strong></span> <span class='ocrx_word' id='word_1_370' title='bbox 2478 2832 2787 2879; x_wconf 89' lang='lat' dir='ltr'><strong>commotus</strong></span> <span class='ocrx_word' id='word_1_371' title='bbox 2842 2831 2897 2878; x_wconf 88' lang='lat' dir='ltr'><strong>et</strong></span> <span class='ocrx_word' id='word_1_372' title='bbox 2944 2832 3131 2879; x_wconf 86' lang='lat' dir='ltr'><strong>mente</strong></span> <span class='ocrx_word' id='word_1_373' title='bbox 3182 2825 3546 2893; x_wconf 80' lang='lat' dir='ltr'><strong>perturbatus</strong></span> 
     </span>
    </p>
   </div>
   <div class='ocr_carea' id='block_1_56' title="bbox 1968 2915 3544 2987">
    <p class='ocr_par' dir='ltr' id='par_1_56' title="bbox 1968 2915 3544 2987">
     <span class='ocr_line' id='line_1_56' title="bbox 1968 2915 3544 2987; baseline 0.001 -18"><span class='ocrx_word' id='word_1_374' title='bbox 1968 2915 2091 2980; x_wconf 80' lang='lat' dir='ltr'><strong>fuit,</strong></span> <span class='ocrx_word' id='word_1_375' title='bbox 2125 2916 2282 2985; x_wconf 87' lang='lat' dir='ltr'><strong>quasi</strong></span> <span class='ocrx_word' id='word_1_376' title='bbox 2316 2931 2414 2986; x_wconf 89' lang='lat' dir='ltr'><strong>per</strong></span> <span class='ocrx_word' id='word_1_377' title='bbox 2441 2931 2696 2972; x_wconf 89' lang='lat' dir='ltr'><strong>somnum</strong></span> <span class='ocrx_word' id='word_1_378' title='bbox 2730 2915 2838 2971; x_wconf 90' lang='lat' dir='ltr'><strong>sibi</strong></span> <span class='ocrx_word' id='word_1_379' title='bbox 2881 2915 3091 2986; x_wconf 80' lang='lat' dir='ltr'><strong>ﬁngens</strong></span> <span class='ocrx_word' id='word_1_380' title='bbox 3133 2932 3203 2972; x_wconf 91' lang='lat' dir='ltr'><strong>ne</strong></span> <span class='ocrx_word' id='word_1_381' title='bbox 3233 2916 3376 2972; x_wconf 80' lang='lat' dir='ltr'><strong>forte</strong></span> <span class='ocrx_word' id='word_1_382' title='bbox 3409 2917 3544 2987; x_wconf 89' lang='lat' dir='ltr'><strong>quid</strong></span> 
     </span>
    </p>
   </div>
   <div class='ocr_carea' id='block_1_57' title="bbox 265 3004 1857 3078">
    <p class='ocr_par' dir='ltr' id='par_1_57' title="bbox 265 3004 1853 3078">
     <span class='ocr_line' id='line_1_57' title="bbox 265 3004 1853 3078; baseline 0.006 -22"><span class='ocrx_word' id='word_1_383' title='bbox 265 3005 393 3058; x_wconf 89' lang='grc' dir='ltr'><strong>σθαι</strong></span> <span class='ocrx_word' id='word_1_384' title='bbox 436 3004 679 3072; x_wconf 82' lang='grc' dir='ltr'><strong>βούλοιτο</strong></span> <span class='ocrx_word' id='word_1_385' title='bbox 704 3020 719 3035; x_wconf 79' lang='grc' dir='ltr'><strong>ο</strong></span> <span class='ocrx_word' id='word_1_386' title='bbox 750 3004 895 3057; x_wconf 84' lang='grc' dir='ltr'><strong>οὑτω</strong></span> <span class='ocrx_word' id='word_1_387' title='bbox 928 3005 1038 3075; x_wconf 75' lang='grc' dir='ltr'><strong>γὰρ</strong></span> <span class='ocrx_word' id='word_1_388' title='bbox 1069 3007 1230 3059; x_wconf 80' lang='grc' dir='ltr'><strong>αὑτὸν</strong></span> <span class='ocrx_word' id='word_1_389' title='bbox 1264 3008 1659 3078; x_wconf 77' lang='grc' dir='ltr'><strong>φιλοὸἀσκανοί</strong></span> <span class='ocrx_word' id='word_1_390' title='bbox 1707 3028 1853 3075; x_wconf 89' lang='grc' dir='ltr'><strong>τινες</strong></span> 
     </span>
    </p>
   </div>
   <div class='ocr_carea' id='block_1_58' title="bbox 1964 3004 3547 3078">
    <p class='ocr_par' dir='ltr' id='par_1_58' title="bbox 1964 3006 3547 3076">
     <span class='ocr_line' id='line_1_58' title="bbox 1964 3006 3547 3076; baseline 0.001 -16"><span class='ocrx_word' id='word_1_391' title='bbox 1964 3022 2226 3061; x_wconf 88' lang='lat' dir='ltr'><strong>novarum</strong></span> <span class='ocrx_word' id='word_1_392' title='bbox 2254 3021 2438 3061; x_wconf 88' lang='lat' dir='ltr'><strong>rerum</strong></span> <span class='ocrx_word' id='word_1_393' title='bbox 2467 3007 2514 3061; x_wconf 91' lang='lat' dir='ltr'><strong>is</strong></span> <span class='ocrx_word' id='word_1_394' title='bbox 2537 3007 2862 3061; x_wconf 85' lang='lat' dir='ltr'><strong>moliretur:</strong></span> <span class='ocrx_word' id='word_1_395' title='bbox 2897 3008 2972 3062; x_wconf 91' lang='lat' dir='ltr'><strong>ita</strong></span> <span class='ocrx_word' id='word_1_396' title='bbox 2995 3006 3144 3061; x_wconf 89' lang='lat' dir='ltr'><strong>enim</strong></span> <span class='ocrx_word' id='word_1_397' title='bbox 3168 3006 3219 3061; x_wconf 88' lang='lat' dir='ltr'><strong>ei</strong></span> <span class='ocrx_word' id='word_1_398' title='bbox 3247 3006 3547 3076; x_wconf 62' lang='lat' dir='ltr'><strong>persuada~</strong></span> 
     </span>
    </p>
   </div>
   <div class='ocr_carea' id='block_1_59' title="bbox 262 3096 1853 3168">
    <p class='ocr_par' dir='ltr' id='par_1_59' title="bbox 262 3096 1853 3168">
     <span class='ocr_line' id='line_1_59' title="bbox 262 3096 1853 3168; baseline 0.004 -18"><span class='ocrx_word' id='word_1_399' title='bbox 262 3096 617 3165; x_wconf 82' lang='grc' dir='ltr'><strong>ἁνεχαίτισαν</strong></span> <span class='ocrx_word' id='word_1_400' title='bbox 673 3097 769 3149; x_wconf 72' lang='grc' dir='ltr'><strong>καὶ</strong></span> <span class='ocrx_word' id='word_1_401' title='bbox 805 3096 941 3168; x_wconf 68' lang='grc' dir='ltr'><strong>πρὸς</strong></span> <span class='ocrx_word' id='word_1_402' title='bbox 971 3096 1231 3152; x_wconf 83' lang='grc' dir='ltr'><strong>ὑπόνοιαν</strong></span> <span class='ocrx_word' id='word_1_403' title='bbox 1268 3100 1463 3168; x_wconf 81' lang='grc' dir='ltr'><strong>ἄλογον</strong></span> <span class='ocrx_word' id='word_1_404' title='bbox 1508 3102 1853 3168; x_wconf 78' lang='grc' dir='ltr'><strong>ἐξεκύλισαν,</strong></span> 
     </span>
    </p>
   </div>
   <div class='ocr_carea' id='block_1_60' title="bbox 264 3186 1856 3261">
    <p class='ocr_par' dir='ltr' id='par_1_60' title="bbox 264 3186 1856 3261">
     <span class='ocr_line' id='line_1_60' title="bbox 264 3186 1856 3261; baseline 0.004 -20"><span class='ocrx_word' id='word_1_405' title='bbox 264 3188 569 3256; x_wconf 85' lang='grc' dir='ltr'><strong>φάσκοντες</strong></span> <span class='ocrx_word' id='word_1_406' title='bbox 595 3188 669 3257; x_wconf 84' lang='grc' dir='ltr'><strong>μὴ</strong></span> <span class='ocrx_word' id='word_1_407' title='bbox 725 3188 1018 3258; x_wconf 76' lang='grc' dir='ltr'><strong>πεισθῆναι</strong></span> <span class='ocrx_word' id='word_1_408' title='bbox 1070 3189 1146 3259; x_wconf 80' lang='grc' dir='ltr'><strong>τῷ</strong></span> <span class='ocrx_word' id='word_1_409' title='bbox 1175 3190 1432 3261; x_wconf 71' lang='grc' dir='ltr'><strong>Θεοφόδῳ</strong></span> <span class='ocrx_word' id='word_1_410' title='bbox 1466 3193 1550 3261; x_wconf 73' lang='grc' dir='ltr'><strong>ἐφ’</strong></span> <span class='ocrx_word' id='word_1_411' title='bbox 1600 3186 1675 3247; x_wconf 87' lang='grc' dir='ltr'><strong>ὧν</strong></span> <span class='ocrx_word' id='word_1_412' title='bbox 1703 3194 1856 3247; x_wconf 85' lang='grc' dir='ltr'><strong>λυσι-</strong></span> 
     </span>
    </p>
   </div>
   <div class='ocr_carea' id='block_1_61' title="bbox 266 3272 1858 3358">
    <p class='ocr_par' dir='ltr' id='par_1_61' title="bbox 266 3272 1858 3358">
     <span class='ocr_line' id='line_1_61' title="bbox 266 3272 1858 3358; baseline 0.002 -25"><span class='ocrx_word' id='word_1_413' title='bbox 266 3278 440 3343; x_wconf 80' lang='grc' dir='ltr'><strong>τελῶς</strong></span> <span class='ocrx_word' id='word_1_414' title='bbox 471 3280 581 3349; x_wconf 79' lang='grc'>(56)</span> <span class='ocrx_word' id='word_1_415' title='bbox 642 3272 991 3346; x_wconf 73' lang='grc' dir='ltr'><strong>ἐϐεϐούλητο,</strong></span> <span class='ocrx_word' id='word_1_416' title='bbox 1026 3283 1356 3337; x_wconf 86' lang='grc' dir='ltr'><strong>καθοσιώσει</strong></span> <span class='ocrx_word' id='word_1_417' title='bbox 1409 3284 1571 3356; x_wconf 83' lang='grc' dir='ltr'><strong>δῆθεν</strong></span> <span class='ocrx_word' id='word_1_418' title='bbox 1623 3288 1858 3358; x_wconf 80' lang='grc' dir='ltr'><strong>ἔνεὶρον-</strong></span> 
     </span>
    </p>
   </div>
   <div class='ocr_carea' id='block_1_62' title="bbox 262 3368 1856 3446">
    <p class='ocr_par' dir='ltr' id='par_1_62' title="bbox 262 3368 1856 3446">
     <span class='ocr_line' id='line_1_62' title="bbox 262 3368 1856 3446; baseline 0.006 -25"><span class='ocrx_word' id='word_1_419' title='bbox 262 3385 359 3431; x_wconf 90' lang='grc' dir='ltr'><strong>τες</strong></span> <span class='ocrx_word' id='word_1_420' title='bbox 380 3368 425 3401; x_wconf 70' lang='grc'><strong>⁵⁸</strong></span> <span class='ocrx_word' id='word_1_421' title='bbox 456 3370 589 3441; x_wconf 77' lang='lat'><strong>(37).</strong></span> <span class='ocrx_word' id='word_1_422' title='bbox 612 3373 709 3433; x_wconf 87' lang='grc' dir='ltr'><strong>Ὃς</strong></span> <span class='ocrx_word' id='word_1_423' title='bbox 733 3371 884 3442; x_wconf 76' lang='grc' dir='ltr'><strong>ζήλῳ</strong></span> <span class='ocrx_word' id='word_1_424' title='bbox 910 3372 1039 3443; x_wconf 82' lang='grc' dir='ltr'><strong>θείῳ</strong></span> <span class='ocrx_word' id='word_1_425' title='bbox 1055 3374 1431 3446; x_wconf 73' lang='grc' dir='ltr'><strong>πυρποληθεὶς</strong></span> <span class='ocrx_word' id='word_1_426' title='bbox 1457 3376 1638 3440; x_wconf 84' lang='grc' dir='ltr'><strong>καθὼς</strong></span> <span class='ocrx_word' id='word_1_427' title='bbox 1674 3378 1856 3431; x_wconf 83' lang='grc' dir='ltr'><strong>Ἦ).ιοὺ</strong></span> 
     </span>
    </p>
   </div>
   <div class='ocr_carea' id='block_1_63' title="bbox 260 3458 1854 3535">
    <p class='ocr_par' dir='ltr' id='par_1_63' title="bbox 260 3458 1854 3535">
     <span class='ocr_line' id='line_1_63' title="bbox 260 3458 1854 3535; baseline 0.006 -24"><span class='ocrx_word' id='word_1_428' title='bbox 260 3460 291 3511; x_wconf 79' lang='grc' dir='ltr'><strong>ὁ</strong></span> <span class='ocrx_word' id='word_1_429' title='bbox 325 3458 612 3528; x_wconf 80' lang='grc' dir='ltr'><strong>Θεσϐἱτης,</strong></span> <span class='ocrx_word' id='word_1_430' title='bbox 650 3460 913 3529; x_wconf 77' lang='grc' dir='ltr'><strong>θεοφίλως</strong></span> <span class='ocrx_word' id='word_1_431' title='bbox 943 3459 1039 3515; x_wconf 88' lang='grc' dir='ltr'><strong>τοῦ</strong></span> <span class='ocrx_word' id='word_1_432' title='bbox 1067 3461 1336 3532; x_wconf 76' lang='grc' dir='ltr'><strong>βασιλέως</strong></span> <span class='ocrx_word' id='word_1_433' title='bbox 1358 3466 1854 3535; x_wconf 77' lang='grc' dir='ltr'><strong>κατεμσριθεὺεται</strong></span> 
     </span>
    </p>
   </div>
   <div class='ocr_carea' id='block_1_64' title="bbox 260 3549 1854 3628">
    <p class='ocr_par' dir='ltr' id='par_1_64' title="bbox 260 3549 1854 3628">
     <span class='ocr_line' id='line_1_64' title="bbox 260 3549 1854 3628; baseline 0.006 -25"><span class='ocrx_word' id='word_1_434' title='bbox 260 3552 357 3603; x_wconf 69' lang='grc' dir='ltr'><strong>καὶ</strong></span> <span class='ocrx_word' id='word_1_435' title='bbox 383 3549 539 3613; x_wconf 78' lang='grc' dir='ltr'><strong>ἄλλος</strong></span> <span class='ocrx_word' id='word_1_436' title='bbox 562 3551 749 3613; x_wconf 74' lang='grc' dir='ltr'><strong>Φινεὲς</strong></span> <span class='ocrx_word' id='word_1_437' title='bbox 779 3551 1030 3623; x_wconf 78' lang='grc' dir='ltr'><strong>ζηλωτὴς</strong></span> <span class='ocrx_word' id='word_1_438' title='bbox 1059 3554 1445 3609; x_wconf 83' lang='grc' dir='ltr'><strong>ἀναδείκνυται</strong></span> <span class='ocrx_word' id='word_1_439' title='bbox 1474 3557 1608 3626; x_wconf 80' lang='grc'>(58),</span> <span class='ocrx_word' id='word_1_440' title='bbox 1637 3558 1854 3628; x_wconf 83' lang='grc' dir='ltr'><strong>τέμνων</strong></span> 
     </span>
    </p>
   </div>
   <div class='ocr_carea' id='block_1_65' title="bbox 259 3642 1851 3719">
    <p class='ocr_par' dir='ltr' id='par_1_65' title="bbox 259 3642 1851 3719">
     <span class='ocr_line' id='line_1_65' title="bbox 259 3642 1851 3719; baseline 0.004 -25"><span class='ocrx_word' id='word_1_441' title='bbox 259 3644 338 3706; x_wconf 80' lang='grc' dir='ltr'><strong>ὡς</strong></span> <span class='ocrx_word' id='word_1_442' title='bbox 366 3642 703 3714; x_wconf 79' lang='grc' dir='ltr'><strong>σειρομάστῃ</strong></span> <span class='ocrx_word' id='word_1_443' title='bbox 733 3642 813 3712; x_wconf 84' lang='grc' dir='ltr'><strong>τῷ</strong></span> <span class='ocrx_word' id='word_1_444' title='bbox 839 3643 983 3714; x_wconf 84' lang='grc' dir='ltr'><strong>λόγῳ</strong></span> <span class='ocrx_word' id='word_1_445' title='bbox 1010 3647 1111 3715; x_wconf 80' lang='grc' dir='ltr'><strong>τὴν</strong></span> <span class='ocrx_word' id='word_1_446' title='bbox 1144 3646 1309 3699; x_wconf 83' lang='grc' dir='ltr'><strong>αὑτοῦ</strong></span> <span class='ocrx_word' id='word_1_447' title='bbox 1340 3648 1527 3701; x_wconf 80' lang='grc' dir='ltr'><strong>ἄδικον</strong></span> <span class='ocrx_word' id='word_1_448' title='bbox 1553 3650 1851 3719; x_wconf 74' lang='grc' dir='ltr'><strong>ὑπόληψιν,</strong></span> 
     </span>
    </p>
   </div>
   <div class='ocr_carea' id='block_1_66' title="bbox 260 3733 1851 3811">
    <p class='ocr_par' dir='ltr' id='par_1_66' title="bbox 260 3733 1851 3811">
     <span class='ocr_line' id='line_1_66' title="bbox 260 3733 1851 3811; baseline -0.003 -25"><span class='ocrx_word' id='word_1_449' title='bbox 260 3734 359 3786; x_wconf 69' lang='grc' dir='ltr'><strong>καὶ</strong></span> <span class='ocrx_word' id='word_1_450' title='bbox 401 3733 557 3786; x_wconf 81' lang='grc' dir='ltr'><strong>τοῦτό</strong></span> <span class='ocrx_word' id='word_1_451' title='bbox 611 3748 777 3801; x_wconf 79' lang='grc' dir='ltr'><strong>φησιν</strong></span> <span class='ocrx_word' id='word_1_452' title='bbox 828 3734 1111 3802; x_wconf 68' lang='grc' dir='ltr'><strong>ἐμφανῶς,</strong></span> <span class='ocrx_word' id='word_1_453' title='bbox 1184 3735 1259 3799; x_wconf 84' lang='grc' dir='ltr'><strong>ὡς</strong></span> <span class='ocrx_word' id='word_1_454' title='bbox 1312 3737 1413 3809; x_wconf 80' lang='grc' dir='ltr'><strong>τὴν</strong></span> <span class='ocrx_word' id='word_1_455' title='bbox 1467 3739 1690 3809; x_wconf 76' lang='grc' dir='ltr'><strong>ὀφειλὴν</strong></span> <span class='ocrx_word' id='word_1_456' title='bbox 1749 3742 1851 3811; x_wconf 77' lang='grc' dir='ltr'><strong>ὑφ-</strong></span> 
     </span>
    </p>
   </div>
   <div class='ocr_carea' id='block_1_67' title="bbox 262 3825 1852 3907">
    <p class='ocr_par' dir='ltr' id='par_1_67' title="bbox 262 3825 1852 3907">
     <span class='ocr_line' id='line_1_67' title="bbox 262 3825 1852 3907; baseline 0.003 -23"><span class='ocrx_word' id='word_1_457' title='bbox 262 3827 376 3891; x_wconf 68' lang='grc' dir='ltr'><strong>ἕξει</strong></span> <span class='ocrx_word' id='word_1_458' title='bbox 406 3826 452 3857; x_wconf 74' lang='grc'><strong>⁸⁸</strong></span> <span class='ocrx_word' id='word_1_459' title='bbox 483 3826 591 3898; x_wconf 81' lang='grc'>(59)</span> <span class='ocrx_word' id='word_1_460' title='bbox 622 3825 718 3879; x_wconf 83' lang='grc' dir='ltr'><strong>τοῦ</strong></span> <span class='ocrx_word' id='word_1_461' title='bbox 745 3826 1137 3897; x_wconf 82' lang='grc' dir='ltr'><strong>Χριστιανικοῦ</strong></span> <span class='ocrx_word' id='word_1_462' title='bbox 1191 3830 1477 3900; x_wconf 85' lang='grc' dir='ltr'><strong>τροπαίου,</strong></span> <span class='ocrx_word' id='word_1_463' title='bbox 1511 3834 1577 3904; x_wconf 83' lang='grc' dir='ltr'><strong>ἥν</strong></span> <span class='ocrx_word' id='word_1_464' title='bbox 1610 3834 1685 3907; x_wconf 82' lang='grc' dir='ltr'><strong>μὴ</strong></span> <span class='ocrx_word' id='word_1_465' title='bbox 1717 3836 1852 3900; x_wconf 83' lang='grc' dir='ltr'><strong>Θεὸς</strong></span> 
     </span>
    </p>
   </div>
   <div class='ocr_carea' id='block_1_68' title="bbox 261 3918 1849 4000">
    <p class='ocr_par' dir='ltr' id='par_1_68' title="bbox 261 3918 1849 4000">
     <span class='ocr_line' id='line_1_68' title="bbox 261 3918 1849 4000; baseline 0.006 -29"><span class='ocrx_word' id='word_1_466' title='bbox 261 3920 694 3989; x_wconf 76' lang='grc' dir='ltr'><strong>συγχωρήσειεν,</strong></span> <span class='ocrx_word' id='word_1_467' title='bbox 754 3919 847 3972; x_wconf 73' lang='grc' dir='ltr'><strong>ἐπὶ</strong></span> <span class='ocrx_word' id='word_1_468' title='bbox 906 3918 1118 3983; x_wconf 84' lang='grc' dir='ltr'><strong>τούτοις</strong></span> <span class='ocrx_word' id='word_1_469' title='bbox 1170 3922 1265 3974; x_wconf 90' lang='grc' dir='ltr'><strong>τοῦ</strong></span> <span class='ocrx_word' id='word_1_470' title='bbox 1290 3921 1556 3992; x_wconf 78' lang='grc' dir='ltr'><strong>βασιλέως</strong></span> <span class='ocrx_word' id='word_1_471' title='bbox 1611 3928 1849 4000; x_wconf 67' lang='grc' dir='ltr'><strong>ἀμετρίᾳ</strong></span> 
     </span>
    </p>
   </div>
   <div class='ocr_carea' id='block_1_69' title="bbox 259 4006 1856 4089">
    <p class='ocr_par' dir='ltr' id='par_1_69' title="bbox 259 4006 1856 4089">
     <span class='ocr_line' id='line_1_69' title="bbox 259 4006 1856 4089; baseline 0.006 -25"><span class='ocrx_word' id='word_1_472' title='bbox 259 4011 437 4081; x_wconf 74' lang='grc' dir='ltr'><strong>θυμοῦ</strong></span> <span class='ocrx_word' id='word_1_473' title='bbox 495 4011 903 4083; x_wconf 71' lang='grc' dir='ltr'><strong>χαλεπήναντος</strong></span> <span class='ocrx_word' id='word_1_474' title='bbox 958 4006 1062 4082; x_wconf 79' lang='grc' dir='ltr'><strong>(ἦν</strong></span> <span class='ocrx_word' id='word_1_475' title='bbox 1102 4012 1149 4044; x_wconf 74' lang='grc'><strong>⁸⁸</strong></span> <span class='ocrx_word' id='word_1_476' title='bbox 1214 4014 1343 4086; x_wconf 71' lang='grc' dir='ltr'><strong>γὰρ)</strong></span> <span class='ocrx_word' id='word_1_477' title='bbox 1376 4017 1856 4089; x_wconf 83' lang='grc' dir='ltr'><strong>,ὑποκεκινημένος</strong></span> 
     </span>
    </p>
   </div>
   <div class='ocr_carea' id='block_1_70' title="bbox 256 4099 1855 4184">
    <p class='ocr_par' dir='ltr' id='par_1_70' title="bbox 256 4099 1855 4184">
     <span class='ocr_line' id='line_1_70' title="bbox 256 4099 1855 4184; baseline 0.008 -29"><span class='ocrx_word' id='word_1_478' title='bbox 256 4104 453 4175; x_wconf 78' lang='grc' dir='ltr'><strong>ὀργίλῃ</strong></span> <span class='ocrx_word' id='word_1_479' title='bbox 475 4108 539 4174; x_wconf 82' lang='grc' dir='ltr'><strong>τῇ</strong></span> <span class='ocrx_word' id='word_1_480' title='bbox 567 4104 737 4171; x_wconf 77' lang='grc' dir='ltr'><strong>ζέσει,</strong></span> <span class='ocrx_word' id='word_1_481' title='bbox 766 4099 855 4159; x_wconf 73' lang='grc' dir='ltr'><strong>οἷα</strong></span> <span class='ocrx_word' id='word_1_482' title='bbox 884 4105 977 4159; x_wconf 85' lang='grc' dir='ltr'><strong>τὸν</strong></span> <span class='ocrx_word' id='word_1_483' title='bbox 1003 4106 1130 4158; x_wconf 83' lang='grc' dir='ltr'><strong>νοῦν</strong></span> <span class='ocrx_word' id='word_1_484' title='bbox 1162 4110 1283 4171; x_wconf 83' lang='grc' dir='ltr'><strong>ταῖς</strong></span> <span class='ocrx_word' id='word_1_485' title='bbox 1316 4115 1656 4179; x_wconf 85' lang='grc' dir='ltr'><strong>σωματικαῖς</strong></span> <span class='ocrx_word' id='word_1_486' title='bbox 1718 4131 1855 4184; x_wconf 86' lang='grc' dir='ltr'><strong>καχ-</strong></span> 
     </span>
    </p>
   </div>
   <div class='ocr_carea' id='block_1_71' title="bbox 259 4190 1852 4269">
    <p class='ocr_par' dir='ltr' id='par_1_71' title="bbox 259 4190 1852 4269">
     <span class='ocr_line' id='line_1_71' title="bbox 259 4190 1852 4269; baseline 0.004 -20"><span class='ocrx_word' id='word_1_487' title='bbox 259 4196 440 4260; x_wconf 64' lang='lat' dir='ltr'><strong>sitat;</strong></span> <span class='ocrx_word' id='word_1_488' title='bbox 474 4190 993 4267; x_wconf 82' lang='grc' dir='ltr'><strong>ὲμπαθαινόμενος),</strong></span> <span class='ocrx_word' id='word_1_489' title='bbox 1057 4197 1152 4249; x_wconf 73' lang='grc' dir='ltr'><strong>καὶ</strong></span> <span class='ocrx_word' id='word_1_490' title='bbox 1181 4196 1225 4228; x_wconf 75' lang='grc'><strong>⁸⁷</strong></span> <span class='ocrx_word' id='word_1_491' title='bbox 1260 4198 1371 4252; x_wconf 87' lang='grc' dir='ltr'><strong>τῶν</strong></span> <span class='ocrx_word' id='word_1_492' title='bbox 1424 4201 1779 4269; x_wconf 73' lang='grc' dir='ltr'><strong>συκοφαντῶν</strong></span> <span class='ocrx_word' id='word_1_493' title='bbox 1806 4203 1852 4234; x_wconf 71' lang='grc'><strong><em>³³</em></strong></span> 
     </span>
    </p>
   </div>
   <div class='ocr_carea' id='block_1_72' title="bbox 256 4287 1849 4366">
    <p class='ocr_par' dir='ltr' id='par_1_72' title="bbox 256 4287 1849 4366">
     <span class='ocr_line' id='line_1_72' title="bbox 256 4287 1849 4366; baseline 0.006 -25"><span class='ocrx_word' id='word_1_494' title='bbox 256 4291 314 4354; x_wconf 66' lang='grc' dir='ltr'><strong>ξς</strong></span> <span class='ocrx_word' id='word_1_495' title='bbox 352 4289 463 4360; x_wconf 72' lang='grc'>(40)</span> <span class='ocrx_word' id='word_1_496' title='bbox 511 4288 571 4341; x_wconf 83' lang='grc' dir='ltr'><strong>τὸ</strong></span> <span class='ocrx_word' id='word_1_497' title='bbox 601 4287 801 4358; x_wconf 81' lang='grc' dir='ltr'><strong>ἀληθὲς</strong></span> <span class='ocrx_word' id='word_1_498' title='bbox 835 4287 1339 4359; x_wconf 71' lang='grc' dir='ltr'><strong>ἐποικοδομοῦντων</strong></span> <span class='ocrx_word' id='word_1_499' title='bbox 1376 4296 1528 4363; x_wconf 72' lang='grc' dir='ltr'><strong>παρὰ</strong></span> <span class='ocrx_word' id='word_1_500' title='bbox 1557 4296 1724 4363; x_wconf 84' lang='grc' dir='ltr'><strong>φύσιν</strong></span> <span class='ocrx_word' id='word_1_501' title='bbox 1755 4296 1849 4366; x_wconf 85' lang='grc' dir='ltr'><strong>λη-</strong></span> 
     </span>
    </p>
   </div>
   <div class='ocr_carea' id='block_1_73' title="bbox 1957 3098 3544 3172">
    <p class='ocr_par' dir='ltr' id='par_1_73' title="bbox 1957 3098 3544 3172">
     <span class='ocr_line' id='line_1_73' title="bbox 1957 3098 3544 3172; baseline 0.002 -19"><span class='ocrx_word' id='word_1_502' title='bbox 1957 3098 2091 3153; x_wconf 87' lang='lat' dir='ltr'><strong>bant</strong></span> <span class='ocrx_word' id='word_1_503' title='bbox 2125 3099 2377 3153; x_wconf 87' lang='lat' dir='ltr'><strong>malevoli</strong></span> <span class='ocrx_word' id='word_1_504' title='bbox 2409 3100 2633 3168; x_wconf 91' lang='lat' dir='ltr'><strong>quidam</strong></span> <span class='ocrx_word' id='word_1_505' title='bbox 2672 3112 2728 3155; x_wconf 90' lang='lat' dir='ltr'><strong>et</strong></span> <span class='ocrx_word' id='word_1_506' title='bbox 2761 3100 2933 3154; x_wconf 88' lang='lat' dir='ltr'><strong>invidi</strong></span> <span class='ocrx_word' id='word_1_507' title='bbox 2964 3113 3131 3171; x_wconf 85' lang='lat' dir='ltr'><strong>atque</strong></span> <span class='ocrx_word' id='word_1_508' title='bbox 3176 3102 3232 3155; x_wconf 90' lang='lat' dir='ltr'><strong>in</strong></span> <span class='ocrx_word' id='word_1_509' title='bbox 3267 3102 3544 3172; x_wconf 84' lang='lat' dir='ltr'><strong>suspicio-</strong></span> 
     </span>
    </p>
   </div>
   <div class='ocr_carea' id='block_1_74' title="bbox 1956 3182 3591 3262">
    <p class='ocr_par' dir='ltr' id='par_1_74' title="bbox 1956 3182 3591 3262">
     <span class='ocr_line' id='line_1_74' title="bbox 1956 3182 3591 3262; baseline 0.001 -14"><span class='ocrx_word' id='word_1_510' title='bbox 1956 3209 2085 3248; x_wconf 90' lang='lat' dir='ltr'><strong>nem</strong></span> <span class='ocrx_word' id='word_1_511' title='bbox 2136 3191 2557 3262; x_wconf 74' lang='lat' dir='ltr'><strong>Emprobabilem</strong></span> <span class='ocrx_word' id='word_1_512' title='bbox 2604 3192 2997 3262; x_wconf 87' lang='lat' dir='ltr'><strong>conjiciebant,</strong></span> <span class='ocrx_word' id='word_1_513' title='bbox 3052 3192 3391 3249; x_wconf 81' lang='lat' dir='ltr'><strong>aliirmantes</strong></span> <span class='ocrx_word' id='word_1_514' title='bbox 3432 3209 3542 3249; x_wconf 89' lang='lat' dir='ltr'><strong>non</strong></span> <span class='ocrx_word' id='word_1_515' title='bbox 3584 3182 3591 3187; x_wconf 63' lang='grc'><strong>’</strong></span> 
     </span>
    </p>
   </div>
   <div class='ocr_carea' id='block_1_75' title="bbox 1957 3280 3547 3351">
    <p class='ocr_par' dir='ltr' id='par_1_75' title="bbox 1957 3280 3547 3351">
     <span class='ocr_line' id='line_1_75' title="bbox 1957 3280 3547 3351; baseline -0.003 -13"><span class='ocrx_word' id='word_1_516' title='bbox 1957 3299 2079 3338; x_wconf 84' lang='lat' dir='ltr'><strong>esse</strong></span> <span class='ocrx_word' id='word_1_517' title='bbox 2103 3281 2598 3351; x_wconf 89' lang='lat' dir='ltr'><strong>obtemperandum</strong></span> <span class='ocrx_word' id='word_1_518' title='bbox 2629 3280 2972 3349; x_wconf 85' lang='lat' dir='ltr'><strong>Theophobo</strong></span> <span class='ocrx_word' id='word_1_519' title='bbox 3000 3280 3056 3333; x_wconf 90' lang='lat' dir='ltr'><strong>in</strong></span> <span class='ocrx_word' id='word_1_520' title='bbox 3103 3280 3212 3333; x_wconf 89' lang='lat' dir='ltr'><strong>illis</strong></span> <span class='ocrx_word' id='word_1_521' title='bbox 3240 3295 3362 3349; x_wconf 70' lang='lat' dir='ltr'><strong>qua:</strong></span> <span class='ocrx_word' id='word_1_522' title='bbox 3401 3296 3547 3349; x_wconf 68' lang='lat' dir='ltr'><strong>prae-</strong></span> 
     </span>
    </p>
   </div>
   <div class='ocr_carea' id='block_1_76' title="bbox 1964 3371 3546 3441">
    <p class='ocr_par' dir='ltr' id='par_1_76' title="bbox 1964 3371 3546 3441">
     <span class='ocr_line' id='line_1_76' title="bbox 1964 3371 3546 3441; baseline -0.004 -10"><span class='ocrx_word' id='word_1_523' title='bbox 1964 3386 2044 3431; x_wconf 89' lang='lat' dir='ltr'><strong>ter</strong></span> <span class='ocrx_word' id='word_1_524' title='bbox 2074 3390 2189 3429; x_wconf 89' lang='lat' dir='ltr'><strong>rem</strong></span> <span class='ocrx_word' id='word_1_525' title='bbox 2229 3382 2287 3429; x_wconf 89' lang='lat' dir='ltr'><strong>et</strong></span> <span class='ocrx_word' id='word_1_526' title='bbox 2314 3374 2612 3429; x_wconf 87' lang='lat' dir='ltr'><strong>utilitatem</strong></span> <span class='ocrx_word' id='word_1_527' title='bbox 2642 3371 2923 3435; x_wconf 82' lang='lat' dir='ltr'><strong>suaderet,</strong></span> <span class='ocrx_word' id='word_1_528' title='bbox 2979 3371 3283 3441; x_wconf 87' lang='lat' dir='ltr'><strong>majestatis</strong></span> <span class='ocrx_word' id='word_1_529' title='bbox 3329 3371 3546 3425; x_wconf 82' lang='lat' dir='ltr'><strong>scilicet</strong></span> 
     </span>
    </p>
   </div>
   <div class='ocr_carea' id='block_1_77' title="bbox 1960 3463 3542 3529">
    <p class='ocr_par' dir='ltr' id='par_1_77' title="bbox 1960 3463 3542 3529">
     <span class='ocr_line' id='line_1_77' title="bbox 1960 3463 3542 3529; baseline -0.004 -7"><span class='ocrx_word' id='word_1_530' title='bbox 1960 3467 2193 3523; x_wconf 87' lang='lat' dir='ltr'><strong>crimine</strong></span> <span class='ocrx_word' id='word_1_531' title='bbox 2223 3481 2349 3521; x_wconf 87' lang='lat' dir='ltr'><strong>eum</strong></span> <span class='ocrx_word' id='word_1_532' title='bbox 2381 3466 2746 3519; x_wconf 86' lang='lat' dir='ltr'><strong>involventes.</strong></span> <span class='ocrx_word' id='word_1_533' title='bbox 2772 3463 2877 3529; x_wconf 90' lang='lat' dir='ltr'><strong>Qui</strong></span> <span class='ocrx_word' id='word_1_534' title='bbox 2905 3463 3024 3517; x_wconf 84' lang='lat' dir='ltr'><strong>zelo</strong></span> <span class='ocrx_word' id='word_1_535' title='bbox 3045 3464 3236 3517; x_wconf 86' lang='lat' dir='ltr'><strong>divino</strong></span> <span class='ocrx_word' id='word_1_536' title='bbox 3259 3464 3542 3526; x_wconf 83' lang='lat' dir='ltr'><strong>incensus,</strong></span> 
     </span>
    </p>
   </div>
   <div class='ocr_carea' id='block_1_78' title="bbox 1958 3555 3545 3625">
    <p class='ocr_par' dir='ltr' id='par_1_78' title="bbox 1958 3555 3545 3625">
     <span class='ocr_line' id='line_1_78' title="bbox 1958 3555 3545 3625; baseline -0.003 -10"><span class='ocrx_word' id='word_1_537' title='bbox 1958 3562 2101 3615; x_wconf 87' lang='lat' dir='ltr'><strong>sicut</strong></span> <span class='ocrx_word' id='word_1_538' title='bbox 2124 3559 2308 3613; x_wconf 81' lang='lat' dir='ltr'><strong>Helias</strong></span> <span class='ocrx_word' id='word_1_539' title='bbox 2334 3558 2644 3619; x_wconf 89' lang='lat' dir='ltr'><strong>Thcsbites,</strong></span> <span class='ocrx_word' id='word_1_540' title='bbox 2678 3555 2768 3625; x_wconf 90' lang='lat' dir='ltr'><strong>pic</strong></span> <span class='ocrx_word' id='word_1_541' title='bbox 2800 3565 2855 3609; x_wconf 90' lang='lat' dir='ltr'><strong>et</strong></span> <span class='ocrx_word' id='word_1_542' title='bbox 2879 3556 3119 3625; x_wconf 82' lang='lat' dir='ltr'><strong>graviter</strong></span> <span class='ocrx_word' id='word_1_543' title='bbox 3152 3557 3545 3625; x_wconf 83' lang='lat' dir='ltr'><strong>imperatorem</strong></span> 
     </span>
    </p>
   </div>
   <div class='ocr_carea' id='block_1_79' title="bbox 1959 3647 3543 3721">
    <p class='ocr_par' dir='ltr' id='par_1_79' title="bbox 1959 3647 3543 3721">
     <span class='ocr_line' id='line_1_79' title="bbox 1959 3647 3543 3721; baseline -0.003 -15"><span class='ocrx_word' id='word_1_544' title='bbox 1959 3654 2208 3721; x_wconf 90' lang='lat' dir='ltr'><strong>increpat</strong></span> <span class='ocrx_word' id='word_1_545' title='bbox 2239 3652 2487 3717; x_wconf 85' lang='lat' dir='ltr'><strong>alterque</strong></span> <span class='ocrx_word' id='word_1_546' title='bbox 2544 3647 2781 3703; x_wconf 88' lang='lat' dir='ltr'><strong>Phinees</strong></span> <span class='ocrx_word' id='word_1_547' title='bbox 2840 3648 3043 3701; x_wconf 87' lang='lat' dir='ltr'><strong>zelotes</strong></span> <span class='ocrx_word' id='word_1_548' title='bbox 3096 3647 3301 3711; x_wconf 88' lang='lat' dir='ltr'><strong>evadit,</strong></span> <span class='ocrx_word' id='word_1_549' title='bbox 3347 3662 3543 3702; x_wconf 63' lang='lat' dir='ltr'><strong>means</strong></span> 
     </span>
    </p>
   </div>
   <div class='ocr_carea' id='block_1_80' title="bbox 1959 3739 3535 3815">
    <p class='ocr_par' dir='ltr' id='par_1_80' title="bbox 1959 3739 3535 3815">
     <span class='ocr_line' id='line_1_80' title="bbox 1959 3739 3535 3815; baseline -0.003 -16"><span class='ocrx_word' id='word_1_550' title='bbox 1959 3753 2217 3815; x_wconf 89' lang='lat' dir='ltr'><strong>tanquam</strong></span> <span class='ocrx_word' id='word_1_551' title='bbox 2264 3743 2444 3813; x_wconf 89' lang='lat' dir='ltr'><strong>gladio</strong></span> <span class='ocrx_word' id='word_1_552' title='bbox 2501 3755 2759 3795; x_wconf 87' lang='lat' dir='ltr'><strong>sermone</strong></span> <span class='ocrx_word' id='word_1_553' title='bbox 2809 3754 2912 3793; x_wconf 88' lang='lat' dir='ltr'><strong>suo</strong></span> <span class='ocrx_word' id='word_1_554' title='bbox 2966 3739 3227 3811; x_wconf 83' lang='lat' dir='ltr'><strong>injustam</strong></span> <span class='ocrx_word' id='word_1_555' title='bbox 3280 3742 3404 3811; x_wconf 83' lang='lat' dir='ltr'><strong>ejus</strong></span> <span class='ocrx_word' id='word_1_556' title='bbox 3429 3741 3535 3811; x_wconf 75' lang='lat'><strong>61</strong></span> 
     </span>
    </p>
   </div>
   <div class='ocr_carea' id='block_1_81' title="bbox 1956 3830 3538 3907">
    <p class='ocr_par' dir='ltr' id='par_1_81' title="bbox 1956 3830 3538 3907">
     <span class='ocr_line' id='line_1_81' title="bbox 1956 3830 3538 3907; baseline -0.003 -16"><span class='ocrx_word' id='word_1_557' title='bbox 1956 3837 2350 3907; x_wconf 90' lang='lat' dir='ltr'><strong>suspicionem,</strong></span> <span class='ocrx_word' id='word_1_558' title='bbox 2376 3842 2537 3901; x_wconf 88' lang='lat' dir='ltr'><strong>atque</strong></span> <span class='ocrx_word' id='word_1_559' title='bbox 2559 3831 2740 3900; x_wconf 85' lang='lat' dir='ltr'><strong>palam</strong></span> <span class='ocrx_word' id='word_1_560' title='bbox 2764 3830 2869 3885; x_wconf 92' lang='lat' dir='ltr'><strong>hoc</strong></span> <span class='ocrx_word' id='word_1_561' title='bbox 2892 3830 3179 3895; x_wconf 86' lang='lat' dir='ltr'><strong>dicit,i&#39;ore</strong></span> <span class='ocrx_word' id='word_1_562' title='bbox 3206 3840 3267 3886; x_wconf 90' lang='lat' dir='ltr'><strong>ut</strong></span> <span class='ocrx_word' id='word_1_563' title='bbox 3290 3832 3538 3887; x_wconf 90' lang='lat' dir='ltr'><strong>debitum</strong></span> 
     </span>
    </p>
   </div>
   <div class='ocr_carea' id='block_1_82' title="bbox 1960 3920 3538 3990">
    <p class='ocr_par' dir='ltr' id='par_1_82' title="bbox 1960 3920 3538 3990">
     <span class='ocr_line' id='line_1_82' title="bbox 1960 3920 3538 3990; baseline -0.002 -9"><span class='ocrx_word' id='word_1_564' title='bbox 1960 3927 2231 3981; x_wconf 86' lang='lat' dir='ltr'><strong>sustineat</strong></span> <span class='ocrx_word' id='word_1_565' title='bbox 2255 3924 2697 3978; x_wconf 89' lang='lat' dir='ltr'><strong>Christianorum</strong></span> <span class='ocrx_word' id='word_1_566' title='bbox 2725 3920 2939 3990; x_wconf 66' lang='lat' dir='ltr'><strong>tropaei,</strong></span> <span class='ocrx_word' id='word_1_567' title='bbox 2960 3920 3107 3990; x_wconf 90' lang='lat' dir='ltr'><strong>quod</strong></span> <span class='ocrx_word' id='word_1_568' title='bbox 3131 3922 3275 3977; x_wconf 87' lang='lat' dir='ltr'><strong>Deus</strong></span> <span class='ocrx_word' id='word_1_569' title='bbox 3304 3932 3538 3978; x_wconf 86' lang='lat' dir='ltr'><strong>avertat.</strong></span> 
     </span>
    </p>
   </div>
   <div class='ocr_carea' id='block_1_83' title="bbox 1956 4012 3540 4085">
    <p class='ocr_par' dir='ltr' id='par_1_83' title="bbox 1956 4012 3540 4085">
     <span class='ocr_line' id='line_1_83' title="bbox 1956 4012 3540 4085; baseline -0.003 -12"><span class='ocrx_word' id='word_1_570' title='bbox 1956 4019 2038 4073; x_wconf 82' lang='lat' dir='ltr'><strong>Ad</strong></span> <span class='ocrx_word' id='word_1_571' title='bbox 2074 4018 2191 4073; x_wconf 63' lang='lat' dir='ltr'><strong>haec</strong></span> <span class='ocrx_word' id='word_1_572' title='bbox 2218 4032 2341 4072; x_wconf 90' lang='lat' dir='ltr'><strong>cum</strong></span> <span class='ocrx_word' id='word_1_573' title='bbox 2378 4016 2683 4085; x_wconf 85' lang='lat' dir='ltr'><strong>imperator</strong></span> <span class='ocrx_word' id='word_1_574' title='bbox 2717 4012 3085 4068; x_wconf 87' lang='lat' dir='ltr'><strong>immoderato</strong></span> <span class='ocrx_word' id='word_1_575' title='bbox 3115 4015 3299 4069; x_wconf 90' lang='lat' dir='ltr'><strong>animo</strong></span> <span class='ocrx_word' id='word_1_576' title='bbox 3331 4016 3540 4071; x_wconf 88' lang='lat' dir='ltr'><strong>irasce-</strong></span> 
     </span>
    </p>
   </div>
   <div class='ocr_carea' id='block_1_84' title="bbox 1957 4106 3542 4182">
    <p class='ocr_par' dir='ltr' id='par_1_84' title="bbox 1957 4106 3542 4182">
     <span class='ocr_line' id='line_1_84' title="bbox 1957 4106 3542 4182; baseline -0.004 -15"><span class='ocrx_word' id='word_1_577' title='bbox 1957 4123 2110 4169; x_wconf 90' lang='lat' dir='ltr'><strong>retur</strong></span> <span class='ocrx_word' id='word_1_578' title='bbox 2147 4114 2290 4182; x_wconf 88' lang='lat' dir='ltr'><strong>(erat</strong></span> <span class='ocrx_word' id='word_1_579' title='bbox 2324 4110 2471 4165; x_wconf 86' lang='lat' dir='ltr'><strong>enim</strong></span> <span class='ocrx_word' id='word_1_580' title='bbox 2504 4108 2835 4163; x_wconf 91' lang='lat' dir='ltr'><strong>commotior</strong></span> <span class='ocrx_word' id='word_1_581' title='bbox 2881 4106 3147 4161; x_wconf 91' lang='lat' dir='ltr'><strong>iracundo</strong></span> <span class='ocrx_word' id='word_1_582' title='bbox 3197 4106 3436 4169; x_wconf 83' lang='lat' dir='ltr'><strong>fervore,</strong></span> <span class='ocrx_word' id='word_1_583' title='bbox 3479 4117 3542 4161; x_wconf 91' lang='lat' dir='ltr'><strong>ut</strong></span> 
     </span>
    </p>
   </div>
   <div class='ocr_carea' id='block_1_85' title="bbox 1953 4197 3539 4275">
    <p class='ocr_par' dir='ltr' id='par_1_85' title="bbox 1953 4197 3539 4275">
     <span class='ocr_line' id='line_1_85' title="bbox 1953 4197 3539 4275; baseline -0.002 -17"><span class='ocrx_word' id='word_1_584' title='bbox 1953 4205 2111 4275; x_wconf 82' lang='lat' dir='ltr'><strong>cujus</strong></span> <span class='ocrx_word' id='word_1_585' title='bbox 2140 4203 2357 4256; x_wconf 89' lang='lat' dir='ltr'><strong>animus</strong></span> <span class='ocrx_word' id='word_1_586' title='bbox 2388 4216 2451 4255; x_wconf 80' lang='lat' dir='ltr'><strong>ex</strong></span> <span class='ocrx_word' id='word_1_587' title='bbox 2483 4199 2681 4254; x_wconf 91' lang='lat' dir='ltr'><strong>vitiosa</strong></span> <span class='ocrx_word' id='word_1_588' title='bbox 2706 4198 2957 4268; x_wconf 90' lang='lat' dir='ltr'><strong>corporis</strong></span> <span class='ocrx_word' id='word_1_589' title='bbox 2998 4197 3325 4253; x_wconf 87' lang='lat' dir='ltr'><strong>habitudine</strong></span> <span class='ocrx_word' id='word_1_590' title='bbox 3357 4197 3539 4255; x_wconf 86' lang='lat' dir='ltr'><strong>labem</strong></span> 
     </span>
    </p>
   </div>
   <div class='ocr_carea' id='block_1_86' title="bbox 1952 4288 3539 4364">
    <p class='ocr_par' dir='ltr' id='par_1_86' title="bbox 1952 4288 3539 4364">
     <span class='ocr_line' id='line_1_86' title="bbox 1952 4288 3539 4364; baseline -0.004 -14"><span class='ocrx_word' id='word_1_591' title='bbox 1952 4291 2354 4364; x_wconf 86' lang='lat' dir='ltr'><strong>contraheret),</strong></span> <span class='ocrx_word' id='word_1_592' title='bbox 2390 4288 2894 4347; x_wconf 88' lang='lat' dir='ltr'><strong>calumniatoribus</strong></span> <span class='ocrx_word' id='word_1_593' title='bbox 2942 4288 3113 4347; x_wconf 88' lang='lat' dir='ltr'><strong>etiam</strong></span> <span class='ocrx_word' id='word_1_594' title='bbox 3161 4303 3296 4345; x_wconf 87' lang='lat' dir='ltr'><strong>vero</strong></span> <span class='ocrx_word' id='word_1_595' title='bbox 3343 4302 3539 4360; x_wconf 56' lang='lat' dir='ltr'><strong>super.</strong></span> 
     </span>
    </p>
   </div>
   <div class='ocr_carea' id='block_1_87' title="bbox 1572 4386 2251 4445">
    <p class='ocr_par' dir='ltr' id='par_1_87' title="bbox 1572 4386 2251 4445">
     <span class='ocr_line' id='line_1_87' title="bbox 1572 4386 2251 4445; baseline -0.004 -2"><span class='ocrx_word' id='word_1_596' title='bbox 1572 4388 1805 4445; x_wconf 73' lang='lat' dir='ltr'><strong>VABUE</strong></span> <span class='ocrx_word' id='word_1_597' title='bbox 1844 4386 2251 4443; x_wconf 84' lang='lat' dir='ltr'><strong>LECTIONES.</strong></span> 
     </span>
    </p>
   </div>
   <div class='ocr_carea' id='block_1_88' title="bbox 329 4477 1420 4552">
    <p class='ocr_par' dir='ltr' id='par_1_88' title="bbox 329 4477 1420 4552">
     <span class='ocr_line' id='line_1_88' title="bbox 329 4477 1420 4552; baseline 0.001 -18"><span class='ocrx_word' id='word_1_598' title='bbox 329 4480 372 4511; x_wconf 74' lang='lat'>“</span> <span class='ocrx_word' id='word_1_599' title='bbox 408 4480 762 4552; x_wconf 75' lang='grc' dir='ltr'><strong>τρυρμάρχας</strong></span> <span class='ocrx_word' id='word_1_600' title='bbox 937 4477 981 4509; x_wconf 71' lang='grc' dir='ltr'><strong>δ’</strong></span> <span class='ocrx_word' id='word_1_601' title='bbox 1013 4481 1322 4552; x_wconf 64' lang='grc' dir='ltr'><strong>στασιώτην</strong></span> <span class='ocrx_word' id='word_1_602' title='bbox 1359 4483 1420 4536; x_wconf 80' lang='lat'><strong>1..</strong></span> 
     </span>
    </p>
   </div>
   <div class='ocr_carea' id='block_1_89' title="bbox 250 4548 1082 4618">
    <p class='ocr_par' dir='ltr' id='par_1_89' title="bbox 250 4548 1082 4618">
     <span class='ocr_line' id='line_1_89' title="bbox 250 4548 1082 4618; baseline -0.005 -13"><span class='ocrx_word' id='word_1_603' title='bbox 250 4551 399 4605; x_wconf 68' lang='grc' dir='ltr'><strong>κατὰ</strong></span> <span class='ocrx_word' id='word_1_604' title='bbox 430 4550 491 4605; x_wconf 88' lang='lat' dir='ltr'><strong>L.</strong></span> <span class='ocrx_word' id='word_1_605' title='bbox 509 4548 520 4552; x_wconf 72' lang='grc'><strong><em>“</em></strong></span> <span class='ocrx_word' id='word_1_606' title='bbox 548 4548 605 4582; x_wconf 51' lang='grc'><strong>³⁸</strong></span> <span class='ocrx_word' id='word_1_607' title='bbox 629 4548 985 4618; x_wconf 74' lang='grc' dir='ltr'><strong>συκοφαντῶν</strong></span> <span class='ocrx_word' id='word_1_608' title='bbox 1020 4548 1082 4601; x_wconf 87' lang='lat' dir='ltr'><strong>L.</strong></span> 
     </span>
    </p>
   </div>
   <div class='ocr_carea' id='block_1_90' title="bbox 1518 4476 3537 4559">
    <p class='ocr_par' dir='ltr' id='par_1_90' title="bbox 1518 4476 3537 4559">
     <span class='ocr_line' id='line_1_90' title="bbox 1518 4476 3537 4559; baseline -0.001 -22"><span class='ocrx_word' id='word_1_609' title='bbox 1518 4486 1562 4516; x_wconf 68' lang='grc'><strong>⁵³</strong></span> <span class='ocrx_word' id='word_1_610' title='bbox 1585 4485 1751 4539; x_wconf 79' lang='grc' dir='ltr'><strong>αὑτὸν</strong></span> <span class='ocrx_word' id='word_1_611' title='bbox 1789 4485 1850 4540; x_wconf 89' lang='lat' dir='ltr'><strong>L.</strong></span> <span class='ocrx_word' id='word_1_612' title='bbox 1928 4487 1973 4517; x_wconf 70' lang='lat'><strong>“</strong></span> <span class='ocrx_word' id='word_1_613' title='bbox 1994 4487 2283 4558; x_wconf 82' lang='grc' dir='ltr'><strong>ἐνὴροντες</strong></span> <span class='ocrx_word' id='word_1_614' title='bbox 2316 4486 2376 4540; x_wconf 90' lang='lat' dir='ltr'><strong>L.</strong></span> <span class='ocrx_word' id='word_1_615' title='bbox 2458 4486 2501 4517; x_wconf 76' lang='lat'>&quot;</span> <span class='ocrx_word' id='word_1_616' title='bbox 2528 4483 2749 4553; x_wconf 74' lang='grc' dir='ltr'><strong>ὑφέξειν</strong></span> <span class='ocrx_word' id='word_1_617' title='bbox 2787 4483 2850 4538; x_wconf 91' lang='lat' dir='ltr'><strong>L.</strong></span> <span class='ocrx_word' id='word_1_618' title='bbox 2929 4480 2976 4515; x_wconf 78' lang='lat'><strong>&quot;</strong></span> <span class='ocrx_word' id='word_1_619' title='bbox 3006 4476 3096 4552; x_wconf 74' lang='grc' dir='ltr'><strong>ἦν]</strong></span> <span class='ocrx_word' id='word_1_620' title='bbox 3126 4482 3192 4551; x_wconf 74' lang='grc' dir='ltr'><strong>ἢν</strong></span> <span class='ocrx_word' id='word_1_621' title='bbox 3223 4481 3284 4535; x_wconf 86' lang='lat' dir='ltr'><strong>L.</strong></span> <span class='ocrx_word' id='word_1_622' title='bbox 3350 4484 3395 4515; x_wconf 67' lang='grc' dir='ltr'><strong>δ’</strong></span> <span class='ocrx_word' id='word_1_623' title='bbox 3422 4483 3537 4559; x_wconf 65' lang='grc' dir='ltr'><strong>καὶ)</strong></span> 
     </span>
    </p>
   </div>
   <div class='ocr_carea' id='block_1_91' title="bbox 1459 4619 2347 4679">
    <p class='ocr_par' dir='ltr' id='par_1_91' title="bbox 1459 4619 2347 4679">
     <span class='ocr_line' id='line_1_91' title="bbox 1459 4619 2347 4679; baseline 0.001 -5"><span class='ocrx_word' id='word_1_624' title='bbox 1459 4619 1703 4675; x_wconf 84' lang='lat' dir='ltr'><strong>STEPH.</strong></span> <span class='ocrx_word' id='word_1_625' title='bbox 1738 4621 2083 4677; x_wconf 80' lang='lat' dir='ltr'><strong>BERGLERI</strong></span> <span class='ocrx_word' id='word_1_626' title='bbox 2118 4622 2347 4679; x_wconf 68' lang='lat' dir='ltr'><strong>NOTAE.</strong></span> 
     </span>
    </p>
   </div>
   <div class='ocr_carea' id='block_1_92' title="bbox 326 4713 3536 4798">
    <p class='ocr_par' dir='ltr' id='par_1_92' title="bbox 326 4713 3536 4798">
     <span class='ocr_line' id='line_1_92' title="bbox 326 4713 3536 4798; baseline 0.001 -27"><span class='ocrx_word' id='word_1_627' title='bbox 326 4716 697 4798; x_wconf 63' lang='lat' dir='ltr'><strong>(25)_Katpoig</strong></span> <span class='ocrx_word' id='word_1_628' title='bbox 737 4713 1416 4798; x_wconf 44' lang='lat' dir='ltr'><strong>.tantum__turbat,&#39;_nec</strong></span> <span class='ocrx_word' id='word_1_629' title='bbox 1473 4714 1643 4798; x_wconf 69' lang='lat' dir='ltr'><strong>habet</strong></span> <span class='ocrx_word' id='word_1_630' title='bbox 1672 4714 1833 4798; x_wconf 77' lang='lat' dir='ltr'><strong>(_30n_t.</strong></span> <span class='ocrx_word' id='word_1_631' title='bbox 1871 4723 1913 4775; x_wconf 79' lang='grc' dir='ltr'>υ</span> <span class='ocrx_word' id='word_1_632' title='bbox 2017 4718 2130 4785; x_wconf 78' lang='grc'>(35)</span> <span class='ocrx_word' id='word_1_633' title='bbox 2162 4717 2328 4798; x_wconf 67' lang='grc' dir='ltr'><strong>βοᾶν.</strong></span> <span class='ocrx_word' id='word_1_634' title='bbox 2364 4733 2422 4789; x_wconf 94' lang='lat' dir='ltr'><strong>p.</strong></span> <span class='ocrx_word' id='word_1_635' title='bbox 2466 4719 2595 4798; x_wconf 51' lang='lat'><strong>5&#39;22.</strong></span> <span class='ocrx_word' id='word_1_636' title='bbox 2621 4719 2932 4798; x_wconf 85' lang='lat' dir='ltr'><strong>Est_autem</strong></span> <span class='ocrx_word' id='word_1_637' title='bbox 2959 4720 3387 4798; x_wconf 67' lang='lat' dir='ltr'><strong>_wxrorzdlapo;</strong></span> <span class='ocrx_word' id='word_1_638' title='bbox 3440 4738 3536 4779; x_wconf 78' lang='grc' dir='ltr'><strong>νυο</strong></span> 
     </span>
    </p>
   </div>
   <div class='ocr_carea' id='block_1_93' title="bbox 248 4786 1836 4859">
    <p class='ocr_par' dir='ltr' id='par_1_93' title="bbox 248 4786 1836 4859">
     <span class='ocr_line' id='line_1_93' title="bbox 248 4786 1836 4859; baseline -0.003 -16"><span class='ocrx_word' id='word_1_639' title='bbox 248 4786 630 4857; x_wconf 59' lang='grc' dir='ltr'><strong>τὴεοιώαηὶε,</strong></span> <span class='ocrx_word' id='word_1_640' title='bbox 656 4788 753 4857; x_wconf 88' lang='lat' dir='ltr'><strong>qui</strong></span> <span class='ocrx_word' id='word_1_641' title='bbox 784 4791 856 4843; x_wconf 91' lang='lat' dir='ltr'><strong>ita</strong></span> <span class='ocrx_word' id='word_1_642' title='bbox 882 4806 935 4859; x_wconf 91' lang='lat' dir='ltr'><strong>p.</strong></span> <span class='ocrx_word' id='word_1_643' title='bbox 970 4789 1037 4843; x_wconf 83' lang='grc' dir='ltr'><strong>’Π</strong></span> <span class='ocrx_word' id='word_1_644' title='bbox 1063 4805 1075 4840; x_wconf 91' lang='lat'><strong>:</strong></span> <span class='ocrx_word' id='word_1_645' title='bbox 1102 4788 1389 4859; x_wconf 52' lang='lat'><strong>5:515:91</strong></span> <span class='ocrx_word' id='word_1_646' title='bbox 1411 4786 1590 4859; x_wconf 75' lang='grc' dir='ltr'><strong>τελεῖν</strong></span> <span class='ocrx_word' id='word_1_647' title='bbox 1616 4791 1727 4859; x_wconf 79' lang='grc' dir='ltr'><strong>τοῖς</strong></span> <span class='ocrx_word' id='word_1_648' title='bbox 1757 4789 1836 4850; x_wconf 79' lang='grc' dir='ltr'><strong>είς</strong></span> 
     </span>
    </p>
   </div>
   <div class='ocr_carea' id='block_1_94' title="bbox 249 4854 1843 4983">
    <p class='ocr_par' dir='ltr' id='par_1_94' title="bbox 249 4854 1843 4983">
     <span class='ocr_line' id='line_1_94' title="bbox 250 4854 1843 4931; baseline -0.001 -18"><span class='ocrx_word' id='word_1_649' title='bbox 250 4854 595 4931; x_wconf 77' lang='grc' dir='ltr'><strong>στρατηγίαν</strong></span> <span class='ocrx_word' id='word_1_650' title='bbox 646 4854 1023 4926; x_wconf 64' lang='grc' dir='ltr'><strong>τεταγμένοις,</strong></span> <span class='ocrx_word' id='word_1_651' title='bbox 1080 4860 1169 4927; x_wconf 75' lang='grc' dir='ltr'><strong>ἐφ’</strong></span> <span class='ocrx_word' id='word_1_652' title='bbox 1200 4854 1275 4911; x_wconf 80' lang='grc' dir='ltr'><strong>ὧν</strong></span> <span class='ocrx_word' id='word_1_653' title='bbox 1324 4854 1431 4910; x_wconf 70' lang='grc' dir='ltr'><strong>καὶ</strong></span> <span class='ocrx_word' id='word_1_654' title='bbox 1484 4858 1843 4929; x_wconf 77' lang='grc' dir='ltr'><strong>τουρμὰρχας</strong></span> 
     </span>
     <span class='ocr_line' id='line_1_95' title="bbox 249 4927 894 4983; baseline 0 0"><span class='ocrx_word' id='word_1_655' title='bbox 249 4930 573 4983; x_wconf 72' lang='grc' dir='ltr'><strong>ἐπιστατεῖν</strong></span> <span class='ocrx_word' id='word_1_656' title='bbox 598 4927 894 4983; x_wconf 73' lang='grc' dir='ltr'><strong>ἐξετίθετο.</strong></span> 
     </span>
    </p>
   </div>
   <div class='ocr_carea' id='block_1_95' title="bbox 284 4945 894 4984">
    <p class='ocr_par' dir='ltr' id='par_1_95' title="bbox 284 4945 894 4984">
     <span class='ocr_line' id='line_1_96' title="bbox 284 4945 894 4984; baseline 0.003 -2"><span class='ocrx_word' id='word_1_657' title='bbox 284 4945 573 4983; x_wconf 79' lang='grc' dir='ltr'><strong>πιστατειν</strong></span> <span class='ocrx_word' id='word_1_658' title='bbox 598 4945 894 4984; x_wconf 80' lang='grc' dir='ltr'><strong>εςετιυετο.</strong></span> 
     </span>
    </p>
   </div>
   <div class='ocr_carea' id='block_1_96' title="bbox 330 4948 1844 5071">
    <p class='ocr_par' dir='ltr' id='par_1_96' title="bbox 330 4948 1844 5071">
     <span class='ocr_line' id='line_1_97' title="bbox 334 4948 894 4992; baseline 0.005 -11"><span class='ocrx_word' id='word_1_659' title='bbox 334 4948 573 4983; x_wconf 74' lang='grc' dir='ltr'><strong>ιστατειν</strong></span> <span class='ocrx_word' id='word_1_660' title='bbox 598 4948 894 4992; x_wconf 79' lang='grc' dir='ltr'><strong>εςετιυετο.</strong></span> 
     </span>
     <span class='ocr_line' id='line_1_98' title="bbox 330 4997 1844 5071; baseline 0.002 -19"><span class='ocrx_word' id='word_1_661' title='bbox 330 4998 443 5067; x_wconf 66' lang='lat'><strong>(&#39;26)</strong></span> <span class='ocrx_word' id='word_1_662' title='bbox 474 4997 692 5071; x_wconf 68' lang='grc' dir='ltr'><strong>Τούτων</strong></span> <span class='ocrx_word' id='word_1_663' title='bbox 719 5014 828 5054; x_wconf 87' lang='lat' dir='ltr'><strong>non</strong></span> <span class='ocrx_word' id='word_1_664' title='bbox 872 5008 958 5054; x_wconf 94' lang='lat' dir='ltr'><strong>est</strong></span> <span class='ocrx_word' id='word_1_665' title='bbox 989 4999 1389 5065; x_wconf 89' lang='lat' dir='ltr'><strong>necessarium,</strong></span> <span class='ocrx_word' id='word_1_666' title='bbox 1435 5015 1539 5055; x_wconf 86' lang='lat' dir='ltr'><strong>nec</strong></span> <span class='ocrx_word' id='word_1_667' title='bbox 1589 5009 1677 5054; x_wconf 91' lang='lat' dir='ltr'><strong>cst</strong></span> <span class='ocrx_word' id='word_1_668' title='bbox 1701 4998 1844 5071; x_wconf 86' lang='lat' dir='ltr'><strong>apud</strong></span> 
     </span>
    </p>
   </div>
   <div class='ocr_carea' id='block_1_97' title="bbox 250 5069 721 5125">
    <p class='ocr_par' dir='ltr' id='par_1_97' title="bbox 250 5069 721 5125">
     <span class='ocr_line' id='line_1_99' title="bbox 250 5069 721 5125; baseline -0.011 1"><span class='ocrx_word' id='word_1_669' title='bbox 250 5070 420 5125; x_wconf 85' lang='lat' dir='ltr'><strong>Cont.</strong></span> <span class='ocrx_word' id='word_1_670' title='bbox 458 5077 520 5123; x_wconf 87' lang='lat' dir='ltr'><strong>ut</strong></span> <span class='ocrx_word' id='word_1_671' title='bbox 545 5069 721 5122; x_wconf 85' lang='lat' dir='ltr'><strong>vides.</strong></span> 
     </span>
    </p>
   </div>
   <div class='ocr_carea' id='block_1_98' title="bbox 352 5138 1389 5210">
    <p class='ocr_par' dir='ltr' id='par_1_98' title="bbox 352 5138 1389 5210">
     <span class='ocr_line' id='line_1_100' title="bbox 352 5138 1389 5210; baseline 0.004 -17"><span class='ocrx_word' id='word_1_672' title='bbox 352 5139 444 5210; x_wconf 81' lang='lat'><strong>‘27)</strong></span> <span class='ocrx_word' id='word_1_673' title='bbox 473 5139 642 5210; x_wconf 63' lang='lat' dir='ltr'><strong>Qont.</strong></span> <span class='ocrx_word' id='word_1_674' title='bbox 677 5138 713 5192; x_wconf 93' lang='lat' dir='ltr'><strong>l.</strong></span> <span class='ocrx_word' id='word_1_675' title='bbox 744 5154 796 5194; x_wconf 94' lang='lat' dir='ltr'><strong>c.</strong></span> <span class='ocrx_word' id='word_1_676' title='bbox 833 5140 1028 5197; x_wconf 90' lang='lat' dir='ltr'><strong>eadem</strong></span> <span class='ocrx_word' id='word_1_677' title='bbox 1059 5141 1173 5197; x_wconf 79' lang='lat' dir='ltr'><strong>fere</strong></span> <span class='ocrx_word' id='word_1_678' title='bbox 1201 5142 1389 5200; x_wconf 85' lang='lat' dir='ltr'><strong>verba.</strong></span> 
     </span>
    </p>
   </div>
   <div class='ocr_carea' id='block_1_99' title="bbox 350 5209 1847 5278">
    <p class='ocr_par' dir='ltr' id='par_1_99' title="bbox 350 5209 1847 5278">
     <span class='ocr_line' id='line_1_101' title="bbox 350 5209 1847 5278; baseline 0.003 -15"><span class='ocrx_word' id='word_1_679' title='bbox 350 5211 440 5277; x_wconf 70' lang='lat'><strong>28)</strong></span> <span class='ocrx_word' id='word_1_680' title='bbox 470 5209 552 5263; x_wconf 84' lang='lat' dir='ltr'><strong>ita</strong></span> <span class='ocrx_word' id='word_1_681' title='bbox 585 5209 879 5278; x_wconf 82' lang='lat' dir='ltr'><strong>scriptum,</strong></span> <span class='ocrx_word' id='word_1_682' title='bbox 915 5228 1040 5266; x_wconf 87' lang='lat' dir='ltr'><strong>cum</strong></span> <span class='ocrx_word' id='word_1_683' title='bbox 1075 5214 1309 5268; x_wconf 86' lang='lat' dir='ltr'><strong>deberet</strong></span> <span class='ocrx_word' id='word_1_684' title='bbox 1359 5212 1710 5273; x_wconf 80' lang='grc' dir='ltr'><strong>στασιώτιδα,</strong></span> <span class='ocrx_word' id='word_1_685' title='bbox 1750 5225 1847 5268; x_wconf 88' lang='lat' dir='ltr'><strong>aut</strong></span> 
     </span>
    </p>
   </div>
   <div class='ocr_carea' id='block_1_100' title="bbox 248 5280 1841 5355">
    <p class='ocr_par' dir='ltr' id='par_1_100' title="bbox 248 5280 1841 5355">
     <span class='ocr_line' id='line_1_102' title="bbox 248 5280 1841 5355; baseline 0.001 -20"><span class='ocrx_word' id='word_1_686' title='bbox 248 5280 910 5355; x_wconf 45' lang='grc' dir='ltr'><strong>στασιωτῶνηΡοειετὶιιε</strong></span> <span class='ocrx_word' id='word_1_687' title='bbox 936 5283 1173 5355; x_wconf 79' lang='lat' dir='ltr'><strong>omnino</strong></span> <span class='ocrx_word' id='word_1_688' title='bbox 1201 5299 1393 5337; x_wconf 87' lang='lat' dir='ltr'><strong>verum</strong></span> <span class='ocrx_word' id='word_1_689' title='bbox 1418 5293 1647 5355; x_wconf 89' lang='lat' dir='ltr'><strong>propter</strong></span> <span class='ocrx_word' id='word_1_690' title='bbox 1682 5298 1841 5355; x_wconf 74' lang='lat' dir='ltr'><strong>seqq.</strong></span> 
     </span>
    </p>
   </div>
   <div class='ocr_carea' id='block_1_101' title="bbox 329 5350 1843 5423">
    <p class='ocr_par' dir='ltr' id='par_1_101' title="bbox 329 5350 1843 5423">
     <span class='ocr_line' id='line_1_103' title="bbox 329 5350 1843 5423; baseline 0 -19"><span class='ocrx_word' id='word_1_691' title='bbox 329 5350 443 5420; x_wconf 66' lang='grc'>(29)</span> <span class='ocrx_word' id='word_1_692' title='bbox 466 5350 574 5423; x_wconf 69' lang='lat' dir='ltr'><strong>Pro</strong></span> <span class='ocrx_word' id='word_1_693' title='bbox 598 5352 1120 5423; x_wconf 78' lang='grc' dir='ltr'><strong>ὲκριπισθήσεσθαι.</strong></span> <span class='ocrx_word' id='word_1_694' title='bbox 1143 5353 1295 5423; x_wconf 81' lang='lat' dir='ltr'><strong>Solet</strong></span> <span class='ocrx_word' id='word_1_695' title='bbox 1317 5350 1467 5409; x_wconf 70' lang='lat' dir='ltr'><strong>enim</strong></span> <span class='ocrx_word' id='word_1_696' title='bbox 1490 5350 1728 5410; x_wconf 76' lang='lat' dir='ltr'><strong>abristos</strong></span> <span class='ocrx_word' id='word_1_697' title='bbox 1752 5350 1843 5423; x_wconf 77' lang='lat' dir='ltr'><strong>qui</strong></span> 
     </span>
    </p>
   </div>
   <div class='ocr_carea' id='block_1_102' title="bbox 243 5421 1565 5497">
    <p class='ocr_par' dir='ltr' id='par_1_102' title="bbox 243 5421 1565 5497">
     <span class='ocr_line' id='line_1_104' title="bbox 243 5421 1565 5497; baseline 0.002 -20"><span class='ocrx_word' id='word_1_698' title='bbox 243 5421 522 5497; x_wconf 60' lang='lat' dir='ltr'><strong>praeteriti</strong></span> <span class='ocrx_word' id='word_1_699' title='bbox 550 5421 682 5477; x_wconf 84' lang='lat' dir='ltr'><strong>sunt</strong></span> <span class='ocrx_word' id='word_1_700' title='bbox 709 5422 977 5497; x_wconf 63' lang='lat' dir='ltr'><strong>temporis</strong></span> <span class='ocrx_word' id='word_1_701' title='bbox 1003 5439 1103 5493; x_wconf 88' lang='lat' dir='ltr'><strong>pro</strong></span> <span class='ocrx_word' id='word_1_702' title='bbox 1132 5422 1318 5479; x_wconf 80' lang='lat' dir='ltr'><strong>futuro</strong></span> <span class='ocrx_word' id='word_1_703' title='bbox 1339 5440 1565 5497; x_wconf 85' lang='lat' dir='ltr'><strong>ponere.</strong></span> 
     </span>
    </p>
   </div>
   <div class='ocr_carea' id='block_1_103' title="bbox 324 5491 856 5564">
    <p class='ocr_par' dir='ltr' id='par_1_103' title="bbox 324 5491 856 5564">
     <span class='ocr_line' id='line_1_105' title="bbox 324 5491 856 5564; baseline 0.004 -19"><span class='ocrx_word' id='word_1_704' title='bbox 324 5491 439 5564; x_wconf 79' lang='lat'><strong>(30)</strong></span> <span class='ocrx_word' id='word_1_705' title='bbox 471 5493 609 5564; x_wconf 52' lang='lat' dir='ltr'><strong>gon.</strong></span> <span class='ocrx_word' id='word_1_706' title='bbox 642 5508 700 5562; x_wconf 91' lang='lat' dir='ltr'><strong>p.</strong></span> <span class='ocrx_word' id='word_1_707' title='bbox 734 5491 856 5564; x_wconf 66' lang='grc'><strong>15⁵2.</strong></span> 
     </span>
    </p>
   </div>
   <div class='ocr_carea' id='block_1_104' title="bbox 325 5561 837 5632">
    <p class='ocr_par' dir='ltr' id='par_1_104' title="bbox 325 5561 837 5632">
     <span class='ocr_line' id='line_1_106' title="bbox 325 5561 837 5632; baseline 0.002 -17"><span class='ocrx_word' id='word_1_708' title='bbox 325 5561 442 5631; x_wconf 74' lang='grc'>(51)</span> <span class='ocrx_word' id='word_1_709' title='bbox 466 5561 713 5632; x_wconf 52' lang='grc' dir='ltr'><strong>(Ζοηῑίρ.</strong></span> <span class='ocrx_word' id='word_1_710' title='bbox 748 5562 837 5616; x_wconf 71' lang='lat' dir='ltr'><strong>Si.</strong></span> 
     </span>
    </p>
   </div>
   <div class='ocr_carea' id='block_1_105' title="bbox 324 5631 1093 5760">
    <p class='ocr_par' dir='ltr' id='par_1_105' title="bbox 324 5631 1093 5760">
     <span class='ocr_line' id='line_1_107' title="bbox 324 5631 1093 5760; baseline 0.008 -74"><span class='ocrx_word' id='word_1_711' title='bbox 324 5634 443 5760; x_wconf 50' lang='grc' dir='ltr'><strong>ξε)</strong></span> <span class='ocrx_word' id='word_1_712' title='bbox 467 5631 628 5688; x_wconf 87' lang='lat' dir='ltr'><strong>Cont.</strong></span> <span class='ocrx_word' id='word_1_713' title='bbox 659 5631 724 5703; x_wconf 18' lang='lat' dir='ltr'><strong>7p.</strong></span> <span class='ocrx_word' id='word_1_714' title='bbox 750 5635 840 5698; x_wconf 72' lang='grc'><strong>84,</strong></span> <span class='ocrx_word' id='word_1_715' title='bbox 874 5634 927 5688; x_wconf 91' lang='lat' dir='ltr'><strong>in</strong></span> <span class='ocrx_word' id='word_1_716' title='bbox 966 5635 1093 5721; x_wconf 59' lang='lat' dir='ltr'><strong>line:</strong></span> 
     </span>
     <span class='ocr_line' id='line_1_108' title="bbox 324 5703 1093 5760; baseline 0 0"><span class='ocrx_word' id='word_1_717' title='bbox 324 5710 358 5760; x_wconf 63' lang='lat' dir='ltr'><strong>l&#39;</strong></span> <span class='ocrx_word' id='word_1_718' title='bbox 383 5705 415 5758; x_wconf 78' lang='grc'>5</span> <span class='ocrx_word' id='word_1_719' title='bbox 466 5703 628 5759; x_wconf 84' lang='lat' dir='ltr'><strong>Tales</strong></span> <span class='ocrx_word' id='word_1_720' title='bbox 650 5704 830 5758; x_wconf 88' lang='lat' dir='ltr'><strong>solent</strong></span> <span class='ocrx_word' id='word_1_721' title='bbox 860 5719 981 5760; x_wconf 88' lang='lat' dir='ltr'><strong>esse</strong></span> <span class='ocrx_word' id='word_1_722' title='bbox 1003 5706 1093 5760; x_wconf 87' lang='lat' dir='ltr'><strong>hm</strong></span> 
     </span>
    </p>
   </div>
   <div class='ocr_carea' id='block_1_106' title="bbox 319 5703 1578 5777">
    <p class='ocr_par' dir='ltr' id='par_1_106' title="bbox 319 5703 1578 5777">
     <span class='ocr_line' id='line_1_109' title="bbox 319 5703 1578 5777; baseline 0.004 -17"><span class='ocrx_word' id='word_1_723' title='bbox 319 5703 437 5777; x_wconf 58' lang='grc' dir='ltr'>(δῦ)</span> <span class='ocrx_word' id='word_1_724' title='bbox 459 5703 628 5777; x_wconf 62' lang='grc' dir='ltr'><strong>Ῑοιοε</strong></span> <span class='ocrx_word' id='word_1_725' title='bbox 650 5704 830 5777; x_wconf 72' lang='lat' dir='ltr'><strong>solent</strong></span> <span class='ocrx_word' id='word_1_726' title='bbox 860 5719 981 5760; x_wconf 88' lang='lat' dir='ltr'><strong>esse</strong></span> <span class='ocrx_word' id='word_1_727' title='bbox 1003 5706 1166 5777; x_wconf 84' lang='lat' dir='ltr'><strong>hujus</strong></span> <span class='ocrx_word' id='word_1_728' title='bbox 1193 5708 1578 5767; x_wconf 86' lang='lat' dir='ltr'><strong>transitiones.</strong></span> 
     </span>
    </p>
   </div>
   <div class='ocr_carea' id='block_1_107' title="bbox 449 5772 1840 5853">
    <p class='ocr_par' dir='ltr' id='par_1_107' title="bbox 449 5772 1840 5853">
     <span class='ocr_line' id='line_1_110' title="bbox 449 5772 1840 5853; baseline 0.006 -24"><span class='ocrx_word' id='word_1_729' title='bbox 449 5772 614 5829; x_wconf 84' lang='lat' dir='ltr'><strong>Cont.</strong></span> <span class='ocrx_word' id='word_1_730' title='bbox 636 5789 690 5842; x_wconf 93' lang='lat' dir='ltr'><strong>p.</strong></span> <span class='ocrx_word' id='word_1_731' title='bbox 711 5772 1107 5830; x_wconf 47' lang='grc' dir='ltr'><strong>δικ-Αὐτόιί</strong></span> <span class='ocrx_word' id='word_1_732' title='bbox 1133 5777 1211 5832; x_wconf 82' lang='lat' dir='ltr'><strong>ita</strong></span> <span class='ocrx_word' id='word_1_733' title='bbox 1232 5780 1520 5852; x_wconf 78' lang='lat' dir='ltr'><strong>scriptum,</strong></span> <span class='ocrx_word' id='word_1_734' title='bbox 1545 5798 1652 5853; x_wconf 90' lang='lat' dir='ltr'><strong>non</strong></span> <span class='ocrx_word' id='word_1_735' title='bbox 1672 5782 1840 5853; x_wconf 69' lang='grc' dir='ltr'><strong>αὐτῷ.</strong></span> 
     </span>
    </p>
   </div>
   <div class='ocr_carea' id='block_1_108' title="bbox 587 5874 1241 5940">
    <p class='ocr_par' dir='ltr' id='par_1_108' title="bbox 587 5874 1241 5940">
     <span class='ocr_line' id='line_1_111' title="bbox 587 5874 1241 5940; baseline 0.011 -7"><span class='ocrx_word' id='word_1_736' title='bbox 587 5874 862 5935; x_wconf 67' lang='grc' dir='ltr'><strong>Ριτιιοι.</strong></span> <span class='ocrx_word' id='word_1_737' title='bbox 912 5875 1030 5938; x_wconf 70' lang='lat' dir='ltr'><strong>(in.</strong></span> <span class='ocrx_word' id='word_1_738' title='bbox 1080 5878 1241 5940; x_wconf 72' lang='lat' dir='ltr'><strong>CIX.</strong></span> 
     </span>
    </p>
   </div>
   <div class='ocr_carea' id='block_1_109' title="bbox 318 5774 409 5844">
    <p class='ocr_par' dir='ltr' id='par_1_109' title="bbox 318 5774 409 5844">
     <span class='ocr_line' id='line_1_112' title="bbox 318 5774 409 5844; baseline -0.011 -17"><span class='ocrx_word' id='word_1_739' title='bbox 318 5774 409 5844; x_wconf 71' lang='grc' dir='ltr'><strong>(δι</strong></span> 
     </span>
    </p>
   </div>
   <div class='ocr_carea' id='block_1_110' title="bbox 1942 4788 3089 4858">
    <p class='ocr_par' dir='ltr' id='par_1_110' title="bbox 1942 4788 3089 4858">
     <span class='ocr_line' id='line_1_113' title="bbox 1942 4788 3089 4858; baseline 0.003 -17"><span class='ocrx_word' id='word_1_740' title='bbox 1942 4792 2236 4857; x_wconf 81' lang='grc' dir='ltr'><strong>κτομαχία,</strong></span> <span class='ocrx_word' id='word_1_741' title='bbox 2266 4788 2375 4858; x_wconf 90' lang='lat' dir='ltr'><strong>qua</strong></span> <span class='ocrx_word' id='word_1_742' title='bbox 2395 4804 2528 4843; x_wconf 87' lang='lat' dir='ltr'><strong>voce</strong></span> <span class='ocrx_word' id='word_1_743' title='bbox 2553 4788 2865 4845; x_wconf 85' lang='lat' dir='ltr'><strong>Herodotus</strong></span> <span class='ocrx_word' id='word_1_744' title='bbox 2893 4791 3089 4846; x_wconf 88' lang='lat' dir='ltr'><strong>utitur.</strong></span> 
     </span>
    </p>
   </div>
   <div class='ocr_carea' id='block_1_111' title="bbox 2018 4858 3575 4928">
    <p class='ocr_par' dir='ltr' id='par_1_111' title="bbox 2018 4858 3575 4928">
     <span class='ocr_line' id='line_1_114' title="bbox 2018 4858 3575 4928; baseline 0.003 -17"><span class='ocrx_word' id='word_1_745' title='bbox 2018 4860 2129 4928; x_wconf 80' lang='grc'>(56)</span> <span class='ocrx_word' id='word_1_746' title='bbox 2163 4858 2392 4923; x_wconf 82' lang='lat' dir='ltr'><strong>Utiliter,</strong></span> <span class='ocrx_word' id='word_1_747' title='bbox 2443 4874 2642 4928; x_wconf 90' lang='lat' dir='ltr'><strong>nempe</strong></span> <span class='ocrx_word' id='word_1_748' title='bbox 2674 4876 2739 4915; x_wconf 78' lang='lat' dir='ltr'><strong>ex</strong></span> <span class='ocrx_word' id='word_1_749' title='bbox 2784 4871 2968 4915; x_wconf 90' lang='lat' dir='ltr'><strong>mente</strong></span> <span class='ocrx_word' id='word_1_750' title='bbox 3009 4863 3275 4927; x_wconf 85' lang='lat' dir='ltr'><strong>auctoris,</strong></span> <span class='ocrx_word' id='word_1_751' title='bbox 3332 4860 3426 4916; x_wconf 87' lang='lat' dir='ltr'><strong>sed</strong></span> <span class='ocrx_word' id='word_1_752' title='bbox 3476 4869 3537 4915; x_wconf 92' lang='lat' dir='ltr'><strong>ut</strong></span> <span class='ocrx_word' id='word_1_753' title='bbox 3572 4902 3575 4909; x_wconf 90' lang='lat'><strong>.</strong></span> 
     </span>
    </p>
   </div>
   <div class='ocr_carea' id='block_1_112' title="bbox 1945 4930 3531 5005">
    <p class='ocr_par' dir='ltr' id='par_1_112' title="bbox 1945 4930 3531 5005">
     <span class='ocr_line' id='line_1_115' title="bbox 1945 4930 3531 5005; baseline 0.001 -22"><span class='ocrx_word' id='word_1_754' title='bbox 1945 4931 2373 5005; x_wconf 65' lang='lat' dir='ltr'><strong>calumniatores</strong></span> <span class='ocrx_word' id='word_1_755' title='bbox 2421 4930 2719 5005; x_wconf 81' lang='lat' dir='ltr'><strong>dicebant,</strong></span> <span class='ocrx_word' id='word_1_756' title='bbox 2764 4931 3047 4998; x_wconf 80' lang='lat' dir='ltr'><strong>inutiliter,</strong></span> <span class='ocrx_word' id='word_1_757' title='bbox 3102 4933 3251 5005; x_wconf 89' lang='lat' dir='ltr'><strong>quod</strong></span> <span class='ocrx_word' id='word_1_758' title='bbox 3305 4932 3531 5001; x_wconf 80' lang='lat' dir='ltr'><strong>clarius,</strong></span> 
     </span>
    </p>
   </div>
   <div class='ocr_carea' id='block_1_113' title="bbox 1946 5001 2707 5063">
    <p class='ocr_par' dir='ltr' id='par_1_113' title="bbox 1946 5001 2707 5063">
     <span class='ocr_line' id='line_1_116' title="bbox 1946 5001 2707 5063; baseline 0.001 -10"><span class='ocrx_word' id='word_1_759' title='bbox 1946 5001 2298 5063; x_wconf 84' lang='grc' dir='ltr'><strong>ἀλυσιτελῶς.</strong></span> <span class='ocrx_word' id='word_1_760' title='bbox 2334 5001 2403 5056; x_wconf 85' lang='grc' dir='ltr'><strong>Ει</strong></span> <span class='ocrx_word' id='word_1_761' title='bbox 2431 5003 2507 5056; x_wconf 87' lang='lat' dir='ltr'><strong>ita</strong></span> <span class='ocrx_word' id='word_1_762' title='bbox 2541 5002 2707 5056; x_wconf 82' lang='lat' dir='ltr'><strong>verti.</strong></span> 
     </span>
    </p>
   </div>
   <div class='ocr_carea' id='block_1_114' title="bbox 2015 5069 2535 5142">
    <p class='ocr_par' dir='ltr' id='par_1_114' title="bbox 2015 5069 2535 5142">
     <span class='ocr_line' id='line_1_117' title="bbox 2015 5069 2535 5142; baseline 0.002 -17"><span class='ocrx_word' id='word_1_763' title='bbox 2015 5071 2125 5139; x_wconf 78' lang='lat'><strong>(37)</strong></span> <span class='ocrx_word' id='word_1_764' title='bbox 2160 5069 2322 5126; x_wconf 88' lang='lat' dir='ltr'><strong>Cont.</strong></span> <span class='ocrx_word' id='word_1_765' title='bbox 2358 5088 2412 5142; x_wconf 92' lang='lat' dir='ltr'><strong>p.</strong></span> <span class='ocrx_word' id='word_1_766' title='bbox 2445 5072 2535 5127; x_wconf 64' lang='lat'><strong>8-1.</strong></span> 
     </span>
    </p>
   </div>
   <div class='ocr_carea' id='block_1_115' title="bbox 2012 5142 2801 5209">
    <p class='ocr_par' dir='ltr' id='par_1_115' title="bbox 2012 5142 2801 5209">
     <span class='ocr_line' id='line_1_118' title="bbox 2012 5142 2801 5209; baseline 0.003 -14"><span class='ocrx_word' id='word_1_767' title='bbox 2012 5144 2123 5209; x_wconf 79' lang='lat'><strong>(58)</strong></span> <span class='ocrx_word' id='word_1_768' title='bbox 2155 5142 2344 5209; x_wconf 85' lang='lat' dir='ltr'><strong>inepte</strong></span> <span class='ocrx_word' id='word_1_769' title='bbox 2378 5143 2627 5197; x_wconf 82' lang='lat' dir='ltr'><strong>abutitur</strong></span> <span class='ocrx_word' id='word_1_770' title='bbox 2657 5142 2801 5197; x_wconf 88' lang='lat' dir='ltr'><strong>istis.</strong></span> 
     </span>
    </p>
   </div>
   <div class='ocr_carea' id='block_1_116' title="bbox 2025 5213 3536 5298">
    <p class='ocr_par' dir='ltr' id='par_1_116' title="bbox 2025 5213 3536 5298">
     <span class='ocr_line' id='line_1_119' title="bbox 2025 5213 3536 5298; baseline 0.005 -32"><span class='ocrx_word' id='word_1_771' title='bbox 2162 5213 2432 5298; x_wconf 73' lang='lat' dir='ltr'><strong>Ambigue</strong></span> <span class='ocrx_word' id='word_1_772' title='bbox 2467 5214 2737 5298; x_wconf 68' lang='lat' dir='ltr'><strong>loquitur,</strong></span> <span class='ocrx_word' id='word_1_773' title='bbox 2788 5214 2995 5284; x_wconf 87' lang='lat' dir='ltr'><strong>duplici</strong></span> <span class='ocrx_word' id='word_1_774' title='bbox 3038 5213 3536 5298; x_wconf 71' lang='lat' dir='ltr'><strong>a_n1biguitate,_ut</strong></span> 
     </span>
    </p>
   </div>
   <div class='ocr_carea' id='block_1_117' title="bbox 1947 5283 3536 5358">
    <p class='ocr_par' dir='ltr' id='par_1_117' title="bbox 1947 5283 3536 5358">
     <span class='ocr_line' id='line_1_120' title="bbox 1947 5283 3536 5358; baseline 0.006 -21"><span class='ocrx_word' id='word_1_775' title='bbox 1947 5292 2039 5358; x_wconf 87' lang='lat' dir='ltr'><strong>aut</strong></span> <span class='ocrx_word' id='word_1_776' title='bbox 2066 5283 2174 5358; x_wconf 82' lang='lat' dir='ltr'><strong>sit:</strong></span> <span class='ocrx_word' id='word_1_777' title='bbox 2204 5284 2316 5358; x_wconf 56' lang='lat' dir='ltr'><strong>fore</strong></span> <span class='ocrx_word' id='word_1_778' title='bbox 2341 5283 2410 5358; x_wconf 55' lang='lat' dir='ltr'><strong>tu</strong></span> <span class='ocrx_word' id='word_1_779' title='bbox 2442 5287 2640 5358; x_wconf 72' lang='lat' dir='ltr'><strong>sentiat</strong></span> <span class='ocrx_word' id='word_1_780' title='bbox 2675 5294 2724 5338; x_wconf 86' lang='lat' dir='ltr'><strong>et</strong></span> <span class='ocrx_word' id='word_1_781' title='bbox 2768 5283 2884 5339; x_wconf 76' lang='lat' dir='ltr'><strong>curn</strong></span> <span class='ocrx_word' id='word_1_782' title='bbox 2909 5288 3163 5358; x_wconf 73' lang='lat' dir='ltr'><strong>paeniteat</strong></span> <span class='ocrx_word' id='word_1_783' title='bbox 3197 5283 3536 5358; x_wconf 68' lang='lat' dir='ltr'><strong>impediris&quot;</strong></span> 
     </span>
    </p>
   </div>
   <div class='ocr_carea' id='block_1_118' title="bbox 1948 5353 3529 5426">
    <p class='ocr_par' dir='ltr' id='par_1_118' title="bbox 1948 5353 3529 5426">
     <span class='ocr_line' id='line_1_121' title="bbox 1948 5353 3529 5426; baseline 0.004 -18"><span class='ocrx_word' id='word_1_784' title='bbox 1948 5353 2682 5426; x_wconf 15' lang='lat' dir='ltr'><strong>riclariamC/Airisliqnorum</strong></span> <span class='ocrx_word' id='word_1_785' title='bbox 2734 5372 2853 5425; x_wconf 70' lang='lat' dir='ltr'><strong>quia</strong></span> <span class='ocrx_word' id='word_1_786' title='bbox 2893 5353 3073 5425; x_wconf 77' lang='lat' dir='ltr'><strong>futura</strong></span> <span class='ocrx_word' id='word_1_787' title='bbox 3122 5353 3327 5426; x_wconf 71' lang='lat' dir='ltr'><strong>fuisset,</strong></span> <span class='ocrx_word' id='word_1_788' title='bbox 3388 5371 3529 5414; x_wconf 88' lang='lat' dir='ltr'><strong>aut:</strong></span> 
     </span>
    </p>
   </div>
   <div class='ocr_carea' id='block_1_119' title="bbox 1951 5424 3535 5498">
    <p class='ocr_par' dir='ltr' id='par_1_119' title="bbox 1951 5424 3535 5498">
     <span class='ocr_line' id='line_1_122' title="bbox 1951 5424 3535 5498; baseline 0.004 -19"><span class='ocrx_word' id='word_1_789' title='bbox 1951 5426 2064 5498; x_wconf 63' lang='lat' dir='ltr'><strong>[ore</strong></span> <span class='ocrx_word' id='word_1_790' title='bbox 2100 5434 2173 5498; x_wconf 55' lang='lat' dir='ltr'><strong>ut</strong></span> <span class='ocrx_word' id='word_1_791' title='bbox 2194 5424 2399 5481; x_wconf 85' lang='lat' dir='ltr'><strong>cladem</strong></span> <span class='ocrx_word' id='word_1_792' title='bbox 2438 5424 2863 5498; x_wconf 79' lang='lat' dir='ltr'><strong>Christianorum</strong></span> <span class='ocrx_word' id='word_1_793' title='bbox 2894 5424 3180 5498; x_wconf 65' lang='lat' dir='ltr'><strong>patiatur,</strong></span> <span class='ocrx_word' id='word_1_794' title='bbox 3209 5444 3328 5498; x_wconf 70' lang='lat' dir='ltr'><strong>qua</strong></span> <span class='ocrx_word' id='word_1_795' title='bbox 3349 5429 3535 5489; x_wconf 76' lang='lat' dir='ltr'><strong>debeat</strong></span> 
     </span>
    </p>
   </div>
   <div class='ocr_carea' id='block_1_120' title="bbox 1948 5495 3535 5571">
    <p class='ocr_par' dir='ltr' id='par_1_120' title="bbox 1948 5495 3535 5571">
     <span class='ocr_line' id='line_1_123' title="bbox 1948 5495 3535 5571; baseline 0.004 -23"><span class='ocrx_word' id='word_1_796' title='bbox 1948 5495 2085 5571; x_wconf 62' lang='lat' dir='ltr'><strong>fieri.</strong></span> <span class='ocrx_word' id='word_1_797' title='bbox 2122 5495 2247 5571; x_wconf 68' lang='lat' dir='ltr'><strong>Sive</strong></span> <span class='ocrx_word' id='word_1_798' title='bbox 2275 5498 2347 5549; x_wconf 90' lang='lat' dir='ltr'><strong>ita</strong></span> <span class='ocrx_word' id='word_1_799' title='bbox 2383 5496 2625 5571; x_wconf 79' lang='lat' dir='ltr'><strong>primum</strong></span> <span class='ocrx_word' id='word_1_800' title='bbox 2656 5516 2667 5547; x_wconf 88' lang='lat'><strong>:</strong></span> <span class='ocrx_word' id='word_1_801' title='bbox 2705 5500 2817 5566; x_wconf 80' lang='lat' dir='ltr'><strong>fore</strong></span> <span class='ocrx_word' id='word_1_802' title='bbox 2840 5505 2897 5549; x_wconf 82' lang='lat' dir='ltr'><strong>ut</strong></span> <span class='ocrx_word' id='word_1_803' title='bbox 2917 5495 3106 5571; x_wconf 72' lang='lat' dir='ltr'><strong>poenas</strong></span> <span class='ocrx_word' id='word_1_804' title='bbox 3133 5495 3245 5551; x_wconf 77' lang='grc' dir='ltr'><strong>ιιιαί</strong></span> <span class='ocrx_word' id='word_1_805' title='bbox 3268 5500 3535 5571; x_wconf 69' lang='lat' dir='ltr'><strong>impedita-</strong></span> 
     </span>
    </p>
   </div>
   <div class='ocr_carea' id='block_1_121' title="bbox 1950 5566 3529 5638">
    <p class='ocr_par' dir='ltr' id='par_1_121' title="bbox 1950 5566 3529 5638">
     <span class='ocr_line' id='line_1_124' title="bbox 1950 5566 3529 5638; baseline 0.004 -17"><span class='ocrx_word' id='word_1_806' title='bbox 1950 5566 2374 5622; x_wconf 76' lang='lat' dir='ltr'><strong>Cliristianorum</strong></span> <span class='ocrx_word' id='word_1_807' title='bbox 2395 5567 2649 5638; x_wconf 65' lang='lat' dir='ltr'><strong>victoria,</strong></span> <span class='ocrx_word' id='word_1_808' title='bbox 2693 5583 2810 5637; x_wconf 71' lang='lat' dir='ltr'><strong>qua:</strong></span> <span class='ocrx_word' id='word_1_809' title='bbox 2864 5576 2979 5621; x_wconf 82' lang='lat' dir='ltr'><strong>erat</strong></span> <span class='ocrx_word' id='word_1_810' title='bbox 3019 5568 3224 5638; x_wconf 76' lang='lat' dir='ltr'><strong>futura,</strong></span> <span class='ocrx_word' id='word_1_811' title='bbox 3285 5566 3529 5633; x_wconf 79' lang='lat' dir='ltr'><strong>deinde:</strong></span> 
     </span>
    </p>
   </div>
   <div class='ocr_carea' id='block_1_122' title="bbox 1949 5637 2820 5706">
    <p class='ocr_par' dir='ltr' id='par_1_122' title="bbox 1949 5637 2820 5706">
     <span class='ocr_line' id='line_1_125' title="bbox 1949 5637 2820 5706; baseline 0.002 -17"><span class='ocrx_word' id='word_1_812' title='bbox 1949 5638 2062 5706; x_wconf 77' lang='lat' dir='ltr'><strong>fore</strong></span> <span class='ocrx_word' id='word_1_813' title='bbox 2101 5644 2157 5689; x_wconf 86' lang='lat' dir='ltr'><strong>ut</strong></span> <span class='ocrx_word' id='word_1_814' title='bbox 2186 5638 2426 5705; x_wconf 74' lang='lat' dir='ltr'><strong>patiatur</strong></span> <span class='ocrx_word' id='word_1_815' title='bbox 2448 5637 2674 5700; x_wconf 84' lang='lat' dir='ltr'><strong>cladem,</strong></span> <span class='ocrx_word' id='word_1_816' title='bbox 2713 5646 2820 5693; x_wconf 88' lang='lat' dir='ltr'><strong>etc.</strong></span> 
     </span>
    </p>
   </div>
   <div class='ocr_carea' id='block_1_123' title="bbox 2024 5708 3532 5781">
    <p class='ocr_par' dir='ltr' id='par_1_123' title="bbox 2024 5708 3532 5781">
     <span class='ocr_line' id='line_1_126' title="bbox 2024 5708 3532 5781; baseline 0.001 -18"><span class='ocrx_word' id='word_1_817' title='bbox 2024 5708 2133 5781; x_wconf 73' lang='grc'>(40)</span> <span class='ocrx_word' id='word_1_818' title='bbox 2167 5709 2561 5781; x_wconf 73' lang='lat' dir='ltr'><strong>ltascriptum,</strong></span> <span class='ocrx_word' id='word_1_819' title='bbox 2594 5709 2689 5781; x_wconf 83' lang='lat' dir='ltr'><strong>sed</strong></span> <span class='ocrx_word' id='word_1_820' title='bbox 2740 5724 2845 5763; x_wconf 89' lang='lat' dir='ltr'><strong>una</strong></span> <span class='ocrx_word' id='word_1_821' title='bbox 2896 5722 3053 5764; x_wconf 87' lang='lat' dir='ltr'><strong>voce.</strong></span> <span class='ocrx_word' id='word_1_822' title='bbox 3093 5709 3289 5781; x_wconf 82' lang='lat' dir='ltr'><strong>Inepte</strong></span> <span class='ocrx_word' id='word_1_823' title='bbox 3344 5724 3532 5772; x_wconf 79' lang='lat' dir='ltr'><strong>autem</strong></span> 
     </span>
    </p>
   </div>
   <div class='ocr_carea' id='block_1_124' title="bbox 1954 5777 3034 5852">
    <p class='ocr_par' dir='ltr' id='par_1_124' title="bbox 1954 5777 3034 5852">
     <span class='ocr_line' id='line_1_127' title="bbox 1954 5777 3034 5852; baseline 0.005 -20"><span class='ocrx_word' id='word_1_824' title='bbox 1954 5779 2222 5834; x_wconf 82' lang='lat' dir='ltr'><strong>atticissat</strong></span> <span class='ocrx_word' id='word_1_825' title='bbox 2258 5777 2370 5847; x_wconf 82' lang='lat' dir='ltr'><strong>hic,</strong></span> <span class='ocrx_word' id='word_1_826' title='bbox 2404 5779 2448 5833; x_wconf 91' lang='lat' dir='ltr'><strong>si</strong></span> <span class='ocrx_word' id='word_1_827' title='bbox 2479 5779 2595 5852; x_wconf 86' lang='lat' dir='ltr'><strong>ipse</strong></span> <span class='ocrx_word' id='word_1_828' title='bbox 2624 5780 2696 5833; x_wconf 88' lang='lat' dir='ltr'><strong>ita</strong></span> <span class='ocrx_word' id='word_1_829' title='bbox 2716 5781 3034 5850; x_wconf 84' lang='lat' dir='ltr'><strong>scripserat.</strong></span> 
     </span>
    </p>
   </div>
   <div class='ocr_carea' id='block_1_125' title="bbox 3105 5877 3180 5945">
    <p class='ocr_par' dir='ltr' id='par_1_125' title="bbox 3105 5877 3180 5945">
     <span class='ocr_line' id='line_1_128' title="bbox 3105 5877 3180 5945; baseline 0.027 -2"><span class='ocrx_word' id='word_1_830' title='bbox 3105 5877 3180 5945; x_wconf 70' lang='grc'>34</span> 
     </span>
    </p>
   </div>
  </div>
