4028 6226
304 249 441 317 1077

1619 250 1892 314 REGUM
1930 250 2079 313 LIB.
2119 251 2235 313 III.

3444 253 3586 322 1078

298 382 423 420 τινα
449 363 560 418 τῶν
605 362 1027 435 ὑπερκειμένων
1058 362 1241 418 τόπων
1284 363 1380 419 τοῦ
1404 362 1665 438 Μανουὴλ
1691 366 1888 437 προσι-

1996 367 2297 423 excrcitum
2331 366 2601 423 minorem
2631 381 2755 423 esse
2785 366 3035 422 exercitu
3062 366 3445 423 Romanorum
3473 386 3489 425 :
3517 371 3602 427 ad‘

300 458 592 523 δάσαντος,
619 456 998 529 στοχαστικῶς
1017 455 1133 527 (25)
1162 456 1380 511 κατεῖδε
1412 459 1647 531 στρατδν
1666 460 1761 515 τὸν
1788 460 1892 513 Σα-

304 549 604 622 ρακηνικὸν
659 550 768 605 τῶν
816 549 1106 618 Ῥωμαίων
1157 550 1441 605 ἐλάττονα.
1492 551 1640 624 Πρὸς
1672 552 1734 607 δν
1778 570 1890 606 στο-

302 630 515 716 χασμδν
551 642 866 696 συντίθεται
895 640 1176 713 Μανουὴλ,
1207 642 1323 696 ἀλλ’
1357 644 1510 715 ὅμως
1536 644 1686 717 αὐτῷ
1708 646 1893 699 ἀντει-

305 716 498 806 ρήκειζ
530 753 549 786 ι
594 731 668 786 Ὦ
693 734 955 796 δέσποτα.
985 732 1081 786 τὸν
1124 732 1172 766 ⁸⁸
1199 734 1288 786 ἐπ’
1320 736 1529 806 ἀμφοῖν
1554 737 1619 790 ὲκ
1648 736 1892 808 δοράτων

303 827 607 899 καλαμῶνα
633 825 987 897 στοχάσθητι,
1027 824 1088 892 ἐξ
1121 817 1183 879 οὗ
1230 825 1419 900 γνώσῃ
1454 827 1515 882 τὸ
1556 829 1893 902 καρτερώτε-

304 940 418 994 ρον.
453 940 473 976 ι
506 918 1053 991 Συμϐεῦουλευκότες
1078 919 1195 992 (‘26)
1223 918 1319 973 οὖν
1346 921 1375 974 ὅ
1400 937 1461 974 τε
1486 921 1748 991 Θεόφιλος
1795 922 1894 976 καὶ

301 1015 350 1067 oi
403 1014 535 1085 περ).
564 1012 729 1067 αὑτὸν
769 1013 1122 1086 μεγιστᾶνες,
1176 1014 1204 1066 ό
1263 1012 1364 1083 μὲν
1411 1014 1672 1086 Μανουὴλ
1721 1015 1818 1069 καὶ
1864 1017 1894 1068 ό

301 1105 571 1175 Θεόφοϐος
607 1103 928 1160 ῦπετίθοντο
988 1104 1102 1175 (2'7)
1144 1106 1407 1175 συνιστᾷν
1437 1106 1497 1159 ὲν
1531 1105 1689 1160 νυκτὶ
1728 1106 1894 1160 πόλει·

306 1216 427 1268 μον,
481 1199 625 1252 κατὰ
677 1198 776 1269 τὴν
836 1197 1055 1269 ἡμέραν
1105 1197 1164 1250 δὲ
1202 1196 1420 1267 ’ἑτεροιο
1458 1198 1510 1251 οἳ
1550 1197 1756 1268 μᾶλλον
1799 1200 1893 1252 καὶ

303 1290 738 1363 προτετίμηνται
794 1289 931 1365 (18).
984 1288 1145 1344 Κατὰ
1196 1289 1327 1360 γοῦν
1383 1291 1446 1345 τὸ
1508 1291 1646 1363 πρὸς
1703 1290 1894 1364 αὔριον

303 1386 597 1456 γεγονυίας
648 1385 955 1457 προσϐολῆς
1019 1384 1072 1439 οί
1126 1387 1473 1457 Ἰσμαηλίται
1525 1388 1705 1458 τροπῇ
1768 1404 1895 1440 συν·-

306 1480 614 1549 εσχέθησαν
669 1477 808 1551 (29),
846 1479 967 1535 ὃθεν
1002 1480 1054 1533 οί
1101 1479 1338 1555 Τοῦρκοι
1402 1481 1680 1552 ἑπιμόνως
1711 1479 1895 1553 τοξείᾳ

301 1571 642 1641 χρησάμενοι
673 1571 803 1635 τοὺς
860 1570 1213 1642 Ἰσμαηλίτας
1241 1571 1680 1643 θαρσαλεότητος
1716 1570 1766 1604 ⁸⁸
1800 1572 1895 1626 καὶ

306 1662 491 1737 ίσχύος
529 1664 879 1734 ἐπλήρωσαν,
917 1665 1047 1729 τοὺς
1083 1664 1140 1718 δὲ
1188 1664 1500 1736 Ῥωμαίους
1530 1666 1669 1740 πρὸς
1716 1683 1896 1736 φυγαο

298 1755 447 1811 δείαν
476 1756 777 1828 ἐτρέψαντο
797 1773 813 1788 ·
846 1758 943 1811 καὶ
994 1757 1148 1830 μόνοι
1200 1758 1281 1829 τῷ
1330 1758 1544 1829 βασιλεῖ
1577 1760 1627 1812 oi
1655 1759 1894 1831 ἀρχηγοὶ

300 1852 408 1907 τῶν
441 1853 741 1923 ταγμάτων
761 1851 874 1927 (50)
901 1855 1433 1927 προσεκαρτέρησαν
1466 1856 1609 1927 μετὰ
1633 1857 1894 1930 Μανουὴλ

304 1946 401 1999 καὶ
440 1945 687 2016 Περσῶν,
714 1946 810 2013 οὒς
843 1946 1031 2017 κύκλῳ
1055 1949 1568 2020 περιστοιχίσαντες
1600 1950 1711 2024 (51)
1745 1952 1795 2005 οί
1834 1951 1895 2017 ἐξ

304 2038 487 2110 Ἀγαρ
524 2037 712 2108 βιαίως
741 2041 987 2111 συνεῖχον
1016 2040 1089 2105 ⁸⁸,
1141 2039 1244 2095 κᾶν
1278 2042 1330 2095 οί
1365 2040 1607 2113 Τοῦρκθι
1635 2043 1697 2096 τὸ
1733 2042 1894 2109 τοξὰ-

305 2129 419 2197 ζειν
477 2130 784 2185 κεκώλυντο
814 2132 973 2187 ὑετοῦ
1009 2150 1075 2201 γε
1107 2132 1420 2205 συμϐάντος
1452 2135 1562 2189 τῶν
1588 2153 1659 2195 τε
1683 2136 1895 2210 νευρῶν

304 2220 414 2273 τῶν
464 2221 634 2294 τόξων
660 2222 1047 2301 χαυνωθεισῶν
1093 2226 1161 2297 τῇ
1200 2224 1485 2297 ὑγρότητι.
1525 2227 1746 2298 Ἀμέλει
1785 2229 1893 2283 τῶν

315 2312 647 2383 Ῥωμαϊκῶν
668 2316 1095 2386 στρατευμάτων
1125 2318 1555 2390 πημαινομένων
1582 2320 1611 2373 ὁ
1633 2321 1894 2393 Μανουὴλ

304 2404 650 2474 διηκούτιστο
703 2408 769 2477 τῇ
808 2408 1159 2482 Σαρακηνικῇ
1190 2409 1304 2481 (52)
1353 2410 1568 2484 γλώττῃ
1614 2415 1752 2482 πρὸς
1792 2413 1895 2466 αὐ-

302 2498 429 2559 τοὺς
475 2495 583 2550 τῶν
635 2498 863 2568 Περσῶν
897 2501 1022 2555 καθ’
1045 2501 1266 2571 ὁμιλίαν
1286 2502 1452 2554 οἱονει)⁸
1486 2502 1893 2572 σπενδομένων,

300 2591 395 2641 καὶ
430 2587 508 2658 τῷ
538 2587 782 2659 Θεοφίλῳ
813 2592 1003 2658 φησίνο
1027 2609 1046 2642 ι
1077 2587 1269 2660 Οἶμαι,
1292 2585 1575 2662 ὦβασιλεῦ
1601 2592 1738 2663 (55),
1757 2594 1839 2646 ὅτι
1859 2595 1893 2665 ἡ

313 2678 597 2751 Ῥωμαῖκὴ
612 2680 708 2735 νῦν
730 2681 997 2753 δυσφορία
1106 2683 1499 2756 ἀμεραμνουνῇ
1526 2684 1655 2748 τοὺς
1681 2685 1897 2757 Πέρσας

300 2787 369 2825 πε
380 2775 721 2844 ριποιήσεται
751 2775 833 2838 είς
853 2774 916 2828 τὸ
940 2773 1234 2845 προδοῦναί
1252 2792 1311 2828 σε
1338 2774 1507 2846 αὐτῷ,
1530 2776 1594 2829 τὸ
1617 2779 1747 2849 πρὶν
1767 2781 1899 2834 ἀπο-

303 2865 538 2929 στάντας
552 2865 716 2918 αὐτοῦ
732 2866 843 2939 (54)
853 2907 867 2920 .
883 2865 1096 2921 Οὐκοῦν
1106 2867 1288 2932 καλῶς
1304 2852 1637 2940 συμϐουλευο
1643 2871 1789 2943 μένῳ
1805 2889 1896 2943 μοι

305 2954 543 3011 σύνθοιο,
566 2956 863 3029 Συναγερῶ
892 2960 956 3013 ἐκ
972 2958 1067 3012 τοῦ
1087 2959 1212 3013 καθ’
1235 2960 1382 3031 ἡμᾶς
1405 2961 1816 3034 στρατεύματος
1832 2964 1896 3017 τὸ

1996 457 2162 530 quam
2211 461 2593 531 coniecturam
2646 474 2935 516 assensum
2988 474 3153 515 suum
3209 463 3598 518 accommodat

1995 554 2232 619 Manuel,
2257 554 2625 623 nihilominus
2656 563 2840 609 tamen
2874 553 2926 608 ei
2958 553 3255 623 respondet
3282 570 3294 607 :
3341 572 3360 605 ι
3388 553 3588 610 Consi-

1995 644 2149 707 dera,
2186 644 2432 708 domine,
2460 644 2515 699 in
2541 653 2778 714 utroque
2818 652 3063 714 segetem
3104 643 3389 698 hastarum
3415 662 3429 698 :
3454 645 3589 701 hinc

1994 714 2298 810 cogno'sces
2327 738 2512 793 utrius
2545 738 2618 793 sit
2651 738 2823 793 robur
2862 737 3061 807 majus.
3123 756 3143 789 ι
3199 737 3336 792 Cum
3398 750 3587 794 autem

1995 830 2141 884 inter
2162 844 2222 885 se
2247 830 2656 885 consultassent
2674 830 3017 900 Theophilus
3039 839 3093 884 ct
3117 829 3213 899 qui
3235 830 3383 885 circa
3406 830 3588 900 ipsum

1995 931 2153 978 erant
2183 933 2487 995 magnates,
2516 922 2735 978 Manuel
2777 932 2834 979 et
2859 922 3238 993 Theophohus
3280 933 3585 979 suaserunt

1997 1025 2058 1071 ut
2102 1023 2263 1071 nocte
2310 1015 2566 1085 praelium
2598 1015 2996 1081 committeret,
3046 1016 3140 1069 alii
3182 1025 3244 1071 ut
3295 1016 3587 1085 interdiu;

1995 1108 2088 1179 qui
2120 1115 2176 1164 et
2214 1110 2653 1177 przevalueruut.
2706 1109 2897 1178 itaque
2950 1109 3221 1179 postridie
3253 1111 3416 1165 mane
3445 1110 3590 1165 facto

1996 1196 2258 1253 conﬂictu
2294 1197 2584 1253 lsmaelitse
2609 1198 2663 1252 in
2696 1196 2879 1268 fugam
2911 1186 3085 1253 versi.
3130 1198 3345 1254 Exinde
3396 1200 3591 1256 Turcse

1997 1287 2222 1343 assiduo
2274 1286 2600 1358 sagittarum
2654 1303 2756 1342 usu
2798 1286 3081 1343 instantes
3125 1287 3438 1345 lsmaelitas
3486 1305 3589 1344 au-

1996 1379 2153 1435 dacia
2200 1388 2257 1434 et
2289 1378 2504 1435 viribus
2538 1379 2933 1450 impleverunt,
2969 1380 3250 1436 Romanos
3284 1389 3479 1437 contra
3532 1381 3589 1436 in

1996 1471 2180 1546 fugam
2211 1481 2541 1529 verterunt:
2571 1473 2786 1543 solique
2810 1473 2959 1544 apud
2991 1473 3388 1544 imperatorem
3416 1475 3590 1531 duces

1990 1566 2278 1638 legionum
2328 1566 2783 1636 praetorianarum
2836 1575 3250 1632 remanserunt,
3296 1583 3421 1623 cum
3478 1568 3597 1622 Ma-

1997 1660 2161 1715 nuele
2189 1673 2255 1714 ac
2280 1657 2485 1723 Persis,
2518 1672 2662 1727 quos
2704 1657 2943 1729 Agareni
2979 1658 3301 1715 circumfusi
3346 1659 3607 1715 inclusos.

1999 1751 2281 1817 tenebant,
2314 1749 2573 1822 quamvis
2609 1748 2777 1805 Turci
2820 1750 2879 1805 in
2910 1765 3015 1806 usu
3048 1751 3377 1822 sagittarum
3414 1752 3590 1821 impe-

1995 1846 2252 1902 direntur
2289 1847 2477 1919 pluvia
2512 1847 2745 1904 cadente
2787 1846 3089 1917 nervisque
3117 1859 3346 1899 arcuum
3391 1843 3592 1898 laxatis

1996 1941 2252 1997 humore.
2273 1941 2502 1997 Interim
2528 1951 2714 1998 tamen
2749 1954 2875 1996 cum
2898 1938 3132 1993 Romani
3166 1935 3280 2007 69
3311 1934 3590 1990 exercitus

1995 2033 2393 2104 amigerentur,
2440 2031 2659 2087 Manuel
2704 2030 2993 2086 audiverat
3037 2029 3233 2085 Persas
3261 2027 3588 2083 Saracenica

1992 2126 2182 2197 lingua
2209 2125 2581 2196 colloquendo
2616 2140 2743 2180 eum
2772 2122 2882 2180 illis
2910 2121 3070 2194 quasi
3102 2121 3470 2192 paciscentes,
3509 2129 3591 2175 at-

1995 2234 2110 2289 que
2158 2218 2228 2274 ad
2280 2219 2654 2288 Theophilum
2703 2216 2881 2272 dicit:
2923 2235 2942 2268 ι
2999 2216 3257 2270 Arbitror
3299 2213 3585 2283 equidem,

1995 2312 2321 2381 imperator,
2383 2316 2716 2379 prmsentem
2776 2310 3157 2362 Romanorum
3212 2308 3584 2363 calamitatem

1997 2402 2380 2457 amcramnuni
2410 2401 2613 2456 Persas
2658 2400 3072 2470 adjuncturam,
3119 2400 3188 2453 ad
3233 2399 3582 2468 prodendum

2000 2502 2053 2546 te
2088 2492 2167 2545 illi
2200 2506 2229 2545 a
2256 2506 2366 2561 quo
2411 2491 2570 2560 prius
2621 2488 2995 2545 desciverant.
3032 2489 3224 2559 Itaque
3264 2500 3419 2545 recte
3447 2490 3597 2544 mihi.

1997 2584 2255 2641 suadenti
2300 2584 2656 2654 obtemperes
2698 2584 2886 2639 velim.
2934 2582 3201 2654 Colligam
3237 2582 3597 2647 delectorum.

2000 2662 2237 2735 militum
2264 2679 2486 2751 globum
2513 2695 2582 2735 ex
2612 2686 2804 2734 nostro
2832 2678 3103 2742 exercitu,
3127 2678 3286 2750 cujus
3307 2691 3412 2747 ope
3435 2684 3582 2730 tuam

2000 2775 2345 2845 maiestatem
2371 2788 2439 2829 ex
2474 2772 2736 2828 hostibus
2758 2771 3016 2841 eripiam.
3057 2788 3079 2822 ι
3112 2768 3214 2826 Cui
3245 2769 3583 2839 imperator:

2007 2884 2025 2918 ι
2057 2866 2173 2922 Ηοο
2192 2872 2375 2920 autem
2402 2865 2549 2921 facto
2579 2864 2711 2935 quid
2747 2862 2841 2919 ﬁet
2868 2863 3145 2918 universa:
3171 2859 3597 2915 multitudini‘h

2001 2957 2134 3013 Ille:
2182 2975 2200 3009 ι
2243 2956 2289 3013 Ο
2321 2956 2643 3027 imperator,
2670 2955 2769 3010 tibi
2804 2953 3075 3010 divinitus
3119 2951 3346 3009 dabitur
3391 2960 3456 3006 ut
3502 2951 3587 3005 in.

304 3047 429 3102 κατ’
485 3048 716 3120 ἐκλογὴν
759 3050 1039 3121 σύστημα,
1089 3051 1158 3106 δι’
1208 3046 1270 3106 οὗ
1321 3053 1384 3108 τὸ
1438 3054 1532 3111 σὸν
1574 3055 1777 3127 κράτος
1832 3057 1893 3110 ὲκ

2002 3052 2238 3109 colurnis
2261 3051 2500 3107 evadas:
2529 3048 2869 3105 multitudini
2899 3056 3085 3104 autem
3109 3056 3167 3103 et
3185 3046 3317 3118 ipsi,
3356 3053 3420 3101 ut
3434 3043 3587 3101 arbi-

303 3140 413 3194 τῶν
472 3141 751 3212 πολεμίων
812 3144 1090 3218 ὲξοίσομαι
1123 3146 1261 3217 (55).
1299 3165 1319 3199 ι
1357 3146 1416 3201 '0
1472 3146 1529 3201 δὲ
1591 3147 1845 3218 βασιλεύς
1876 3165 1889 3181 ⁸

311 3253 331 3284 ι
368 3235 475 3288 Καὶ
512 3235 702 3290 τούτου
731 3238 777 3269 ⁸⁷
817 3238 1137 3309 γινομένου,
1195 3234 1241 3293 ὦ
1288 3239 1569 3309 Μανουὴλ,
1594 3240 1671 3309 τῷ
1698 3241 1815 3313 λαῷ
1839 3243 1895 3295 τί

310 3329 651 3401 συμϐήσεται
671 3331 809 3404 (56);
837 3351 857 3385 r
891 3364 961 3373 —
998 3350 1017 3384 ι
1040 3329 1111 3386 Ὦ
1130 3332 1376 3403 βασιλεῦ,
1398 3334 1481 3388 σοὶ
1502 3333 1548 3366 ⁵³⁸
1581 3334 1681 3405 μὲν
1711 3336 1894 3389 θεόθεν

307 3422 581 3492 παρέσται
603 3421 665 3477 τδ
695 3421 964 3488 σώζεσθαι
1019 3425 1155 3498 (57),
1212 3426 1241 3479 ὀ
1301 3425 1360 3480 δὲ
1399 3424 1529 3491 λαὸς
1583 3429 1678 3481 καὶ
1728 3427 1893 3491 αὐτὸς

305 3512 526 3581 ὑψόθεν,
554 3512 732 3586 οἶμαι,
760 3517 1204 3589 προνοηθήσεται
1249 3518 1385 3590 (58).
1424 3538 1443 3573 ι
1488 3518 1596 3574 Τοῦ
1630 3518 1763 3588 γοῦν
1790 3520 1891 3590 βα-

305 3603 500 3668 σιλέως
528 3607 690 3676 μόγις
721 3608 834 3663 τῶν
868 3609 1147 3679 πολεμίων
1175 3612 1493 3676 ἐκστάντος,
1523 3611 1663 3665 κατὰ
1694 3613 1751 3667 δὲ
1777 3612 1888 3684 (59)

303 3696 395 3751 τὸν
452 3698 795 3773 Χιλιόκωμον
851 3703 1329 3773 παραγεναμένου,
1396 3704 1445 3756 oi
1520 3704 1632 3759 τῶν
1687 3723 1890 3777 στρατ-

304 3790 525 3859 ηγετῶν
562 3791 624 3844 τὸ
675 3792 917 3856 συνειδὸς
984 3794 1279 3866 λιποταξία
1320 3795 1366 3827 ⁸³
1427 3797 1708 3862 πιέζοντες
1772 3797 1886 3870 (40)

304 3880 485 3935 ἐκεῖσε
545 3883 624 3954 τῷ
673 3883 919 3956 Θεοφίλῳ
968 3885 1331 3954 γονυπετοῦσι
1381 3888 1476 3940 καὶ
1519 3888 1620 3955 τὰς
1674 3890 1891 3952 σπάθας

1998 3157 2136 3208 tror,
2170 3161 2240 3201 ex
2282 3145 2394 3200 alto
2444 3144 2839 3214 prospicietur.
2907 3162 2927 3196 ι
2962 3142 3236 3198 Caeterum
3288 3150 3584 3212 postquam

1997 3239 2301 3309 imperator
2323 3251 2467 3309 aegre
2488 3252 2556 3293 ex
2576 3234 2835 3290 hostibus
2862 3244 3172 3290 recesserat
3204 3241 3370 3303 atque
3389 3247 3598 3287 versus

1994 3331 2399 3388 Chiliocomum
2446 3344 2507 3385 se
2555 3327 2889 3391 contulerat,
2920 3325 3092 3381 duces
3125 3324 3205 3379 illi
3251 3338 3392 3394 quos
3447 3338 3582 3378 con-

1996 3426 2230 3483 scientia
2284 3425 2355 3479 ob
2411 3423 2693 3479 desertum
2733 3421 2986 3477 ordinem
3035 3420 3324 3491 premebat
3375 3417 3583 3474 ibidem

1996 3518 2308 3589 Theophilo
2338 3515 2619 3588 supplices
2649 3514 2790 3570 ﬁunt
2817 3522 2984 3584 atque
3012 3512 3277 3585 depositis
3306 3512 3505 3585 gladiis
3523 3529 3583 3571 se

1997 3614 2148 3683 ipsos
2188 3610 2257 3667 ad
2292 3616 2525 3665 mortem
2556 3606 2971 3664 condemnant:
3015 3622 3145 3676 erga
3177 3622 3319 3677 quos
3350 3606 3584 3677 impera-

1996 3713 2084 3759 tor
2137 3701 2575 3759 misericorditer
2628 3700 2863 3756 aﬂ‘ectus
2914 3714 3039 3756 cum
3070 3699 3258 3755 debito
3304 3700 3455 3754 luctu
3486 3712 3583 3755 eoo.

1996 3793 2302 3859 excusavit,
2358 3792 2599 3848 dicens:
2641 3809 2660 3843 ι
2712 3790 3172 3862 Quandoquidem
3224 3793 3581 3850 miseratione

1997 3885 2188 3939 divina
2218 3884 2450 3953 contigit
2477 3891 2539 3937 ut
2565 3897 2669 3953 ego
2694 3883 2863 3937 etiam
2894 3881 3117 3938 deserto
3144 3882 3343 3939 ordine
3375 3883 3579 3939 evade-

1615 4017 1853 4079 VARIIE
1885 4016 2294 4074 LECTIONES.

373 4124 427 4202 ξε
444 4124 682 4202 τδνῙτῷν
704 4128 765 4183 L.
818 4130 888 4202 _”
917 4128 1377 4200 θαρσαλαιότητος
1404 4128 1465 4183 L.
1543 4129 1587 4163 ³⁸
1617 4129 2132 4202 περιστοιχήσαντες
2171 4129 2234 4186 L.
2310 4129 2354 4161 ⁸⁷
2393 4127 2610 4202 τούτου]
2636 4128 2731 4185 τοῦ
2758 4130 2819 4184 L.
2898 4131 2943 4164 ⁸⁸
2974 4130 3085 4202 σοὶ]
3116 4131 3181 4187 σὺ
3208 4131 3272 4189 L.
3350 4131 3397 4169 ⁸¹
3422 4132 3585 4195 λιπο-

302 4197 466 4265 ταξία
503 4197 792 4263 πιέζοντας
818 4199 881 4255 L.

1498 4338 1742 4399 STEPH.
1779 4334 2125 4393 BERGLERI
2152 4337 2389 4401 NOTAE.

378 4451 491 4520 (25)
520 4452 679 4508 Cont.
753 4493 767 4506 .
799 4454 889 4519 79,
918 4456 1011 4508 καί
1042 4474 1159 4523 πως
1191 4459 1254 4510 ἐκ
1279 4452 1592 4528 στοχασμοῦ
1623 4456 1885 4528 βοαχύτεο
1915 4460 1960 4517 D
1992 4474 2100 4512 σωτ
2148 4459 2273 4528 ρίας
2302 4460 2456 4531 μόλις
2483 4459 2685 4514 ἔδωκεν
2714 4458 2992 4531 ἀφορμάς.
3024 4460 3114 4518 Uti
3151 4470 3207 4517 et
3234 4461 3430 4521 iisdem
3457 4479 3581 4518 ver-

378 4539 399 4574 ν
450 4524 629 4577 ἐδόκει
683 4470 744 4578 1g
788 4523 899 4578 τῶν
942 4527 1279 4578 Σαοακηνῶν
1311 4528 1535 4578 πλῆθος.
1566 4510 1691 4578 Viri.
1722 4543 1879 4578 seua.
1991 4528 2078 4578 bis
2107 4477 2278 4578 Eadm
2310 4547 2365 4578 η-
2392 4531 2518 4578 550.

306 4510 399 4603 ρον
450 4510 629 4577 ἐδόκει
683 4510 744 4578 τὶ
788 4510 899 4579 τῶν
942 4510 1691 4609 ξαρακῆνῶνήπλῆθοξ.νίδ.
1722 4510 1879 4611 seqq.

305 4592 403 4647 lbl.
428 4591 595 4651 Cedr.
622 4609 679 4666 p.
710 4593 814 4651 550
835 4636 849 4664 ,
884 4595 979 4654 ubi
1020 4598 1164 4655 male
1210 4596 1509 4673 βαρύτερον
1544 4613 1644 4668 pro
1677 4599 1884 4672 βραχυ-

520 4733 681 4792 Cont.
714 4751 776 4819 ρ.
814 4737 904 4804 79,
938 4735 1101 4794 Cedr.
1131 4754 1186 4809 p.
1212 4738 1339 4796 550.

395 4807 465 4862 27
512 4807 592 4862 Ita
619 4816 889 4879 scriptum
918 4808 1257 4873 ὑπετίθοντο,
1289 4828 1339 4866 nt

312 4946 342 4952 _
519 4877 681 4952 ϐοῇ),
727 4894 784 4950 p.
821 4880 911 4947 79,
969 4880 1045 4944 ὡς
1098 4879 1192 4936 οὖν
1237 4881 1333 4936 ἔλα

395 4807 487 4879 27)
512 4807 592 4879 Ita
619 4807 889 4879 scriptum
918 4807 1257 4873 ὑπετίθοντο,
1289 4826 1400 4868 non
1432 4811 1771 4870 ὑπετίθεντο.

378 4875 490 4952 (28)
519 4877 681 4934 Cont.
821 4880 911 4947 79,
969 4880 1045 4944 ὡς
1098 4879 1192 4936 οὖν
1237 4881 1480 4956 ἔλαμψεν
1530 4884 1739 4957 ἡμέρα,
1771 4892 1879 4941 etc.

303 4946 464 5004 Cedr.
494 4965 551 5020 p.
584 4948 708 5005 550.

375 5021 488 5091 (29)
519 5022 679 5099 αρηιο
713 5035 770 5099 βλ
807 5020 910 5099 7.9=
953 5022 1173 5099 Ἀᾎλᾲοε
1202 5025 1437 5099 Isim:
1462 5024 1716 5099 ἐπιμόνῳ
1743 5024 1887 5096 x913-

306 5090 981 5168 tLe-vot’toﬁefq._'Cedr._p.
1014 5092 1132 5168 550
1157 5090 1328 5168 εᾼΤῷκί
1363 5095 1421 5148 δὲ
1461 5090 1888 5168 Τούρκοὶνῖπι-

307 5161 487 5237 μόνως
512 5161 816 5237 χρωμένων
847 5166 912 5235 τῇ
928 5161 1145 5237 τοξείᾳ.
1172 5165 1333 5220 Cedr.
1374 5180 1430 5235 ι).
1464 5161 1591 5221 551ξ
1624 5167 1746 5221 Τῶν
1787 5167 1887 5237 μὲν

306 5232 568 5303 Τούρκων
602 5232 1024 5305 ὲπιμόνοιςκα).
1068 5232 1321 5307 συνεχέσι
1375 5232 1677 5307 ἀρωμένων
1700 5232 1889 5303 τοξεύ-

307 5319 461 5374 μασι.

375 5374 485 5449 (50)
507 5373 673 5449 gout.
707 5394 765 5449 p.
788 5381 879 5446 79,
910 5377 1076 5433 Cedr.
1106 5377 1316 5449 p.550.

378 5444 491 5516 (51)
524 5444 749 5520 Planius
802 5444 1124 5520 et'plenius"
1159 5448 1324 5505 Cont.
1368 5463 1427 5520 p.
1470 5448 1537 5520 79
1567 5465 1582 5507 :
1620 5449 1739 5509 Κᾶν
1772 5453 1881 5507 ὰπ-

304 5512 508 5593 ᾠλοντο
537 5519 831 5593 πανδημεὶ,
862 5512 911 5574 si
945 5512 1408 5593 μὴγνῖλξνὲλθοῦσα
1438 5519 1535 5573 καὶ
1562 5519 1771 5593 βραχύς
1799 5540 1883 5587 τις

306 5586 514 5665 ὄμϐρος
539 5586 958 5665 ἐπεγενόμενος
977 5586 1087 5665 τὰς,
1111 5592 1211 5665 μεν
1241 5592 1441 5665 νευρὰς
1488 5586 1732 5665 ζαλὰρὸἱς
1762 5586 1880 5665 sip;

307 5654 543 5733 facere,
587 5654 675 5724 αἷς
702 5654 973 5733 ἠμύνοντο
1007 5654 1196 5733 κα).’τὸ
1230 5654 1433 5733 κράτος
1472 5654 1879 5733 εῗχονὀἱ⁷ὲναῖι-

307 5730 432 5799 τίοι,
485 5731 671 5798 αὐτοῖς
716 5732 770 5788 δὲ
804 5734 987 5790 ἄνεσιν
1033 5732 1131 5806 τὴν
1174 5736 1238 5788 ἐκ
1269 5730 1457 5805 ’βελῶν
1484 5730 1735 5806 ἐποίησεν
1762 5738 1880 5812 ’καὶ

1991 4528 2083 4601 bis,
2111 4528 2278 4587 Cedr.
2304 4528 2365 4601 'p.
2392 4531 2518 4588 550.

2063 4599 2380 4726 (ῗὲἐ.(]οὴι.
2429 4617 2484 4674 p.
2519 4601 2605 4669 79,
2663 4601 2719 4655 in
2766 4599 2898 4667 line,
2954 4601 3118 4661 Cedr.
3176 4618 3230 4674 p.
3266 4604 3392 4670 551,
3438 4604 3575 4660 Zon.

2061 4713 2369 4884 (55)(Ῑοηι.
2402 4756 2456 4812 p.
2491 4742 2582 4798 80.

2085 4814 2175 4883 54)
2210 4814 2374 4869 Cont.
2406 4829 2462 4883 p.
2499 4812 2568 4868 80

2085 4808 2175 4883 54)
2210 4814 2374 4891 Co_n_t.
2499 4812 2568 4868 80
2593 4830 2607 4868 :
2637 4814 2779 4885 Πρὸς
2806 4814 2905 4885 τὴν
2935 4808 3080 4885 ὲξῆς
3106 4815 3429 4891 ἀπέστησαν
3464 4835 3570 4889 χωρ

1991 4885 2103 4955 ρεῖν
2134 4885 2379 4955 κεφαλήν

2065 4953 2181 5093 (ξὲ)
2217 4953 2377 5011 Cont.
2411 4969 2469 5025 p.
2505 4953 2595 5021 80,
2619 4953 2785 5012 Cedr.
2824 4970 2880 5026 p.
2907 4955 3033 5012 551.

2162 5035 2179 5093 )
2211 5025 2375 5082 Cont.
2407 5042 2462 5093 p.
2498 5026 2588 5081 80.

2088 5025 2179 5096 56)
2211 5025 2375 5082 Cont.
2407 5042 2462 5096 p.
2498 5026 2588 5081 80.

2064 5096 2178 5167 (57)
2207 5096 2371 5153 Cedr.
2401 5112 2458 5167 p.
2490 5097 2617 5152 551.

2089 5167 2179 5240 58)
2208 5167 2370 5240 Cont.
2403 5183 2458 5240 p7.
2488 5168 2580 5232 80,
2603 5167 2768 5225 Cedr.
2800 5185 2854 5240 p.
2888 5171 3013 5226 551.

2089 5173 2157 5224 58
2208 5173 2370 5225 Cont.
2403 5183 2458 5238 p.
2488 5173 2580 5232 80,
2603 5173 2768 5225 Cedr.
2800 5185 2854 5240 p.
2888 5173 3013 5226 551.

2066 5173 2181 5311 (59)
2208 5238 2317 5311 ita
2339 5239 2648 5311 scriptum,
2715 5254 2841 5295 cum
2880 5241 3111 5297 deberet
3171 5260 3253 5297 τε.
3297 5276 3368 5284 --
3403 5243 3561 5301 Cont.

1997 5327 2050 5382 p.
2080 5309 2389 5389 ‘80,_Cedr.
2420 5309 2651 5389 p._5§l.
2688 5341 2758 5351 —
2780 5310 2859 5373 Ita
2892 5311 3159 5383 scriptum
3186 5353 3200 5379 ,
3236 5329 3348 5370 non
3382 5331 3563 5389 παρα-

1994 5380 2312 5450 γενομένου,
2335 5388 2397 5437 ut
2425 5380 2679 5438 debebat.

2066 5451 2179 5507 (40)
2211 5452 2290 5507 Ita
2334 5450 2460 5506 dua:
2499 5450 2585 5507 har
2612 5469 2679 5507 νο

2066 5451 2290 5575 (4οἐὸ1ιο
2334 5450 2460 5506 duae
2499 5450 2585 5509 hae
2612 5468 2776 5515 voces
2803 5454 3022 5526 scripta:
3043 5495 3057 5517 ,
3096 5469 3220 5512 cum
3247 5455 3475 5514 deberet
3504 5458 3566 5512 τὸ

2066 5541 2142 5575 νει
2210 5540 2238 5575 ς
2267 5522 2618 5575 λειποταξίας
2644 5523 2962 5575 metarique-
2993 5535 3090 5575 aut
3133 5528 3316 5575 nntius
3353 5530 3414 5575 τὸ
3440 5546 3566 5575 συν-

1996 5522 2238 5597 συνειᾷὸς
2267 5522 2962 5597 λειποταξίαςπιεζούσηξ,
2993 5535 3090 5581 aut
3132 5528 3316 5597 potius
3353 5530 3414 5583 τὸ
3440 5546 3567 5582 συνο

1992 5594 2132 5658 ειδὸς
2169 5590 2512 5658 λειποταξίας
2545 5594 2764 5659 πιέζον.
2821 5590 2908 5651 ut;
2930 5590 3563 5655 rursus-nominativum

2030 5682 2091 5720 ro
2121 5662 2534 5740 gen_._absolu_to
2568 5666 2835 5734 posuerit,
2877 5684 2977 5740 pro
3011 5669 3100 5723 τοῦ
3133 5670 3433 5735 συνειδότος
3466 5670 3564 5740 τῆς

2022 5734 2337 5802 ειποταξίας
2369 5734 2667 5801 πιέζοντος.
2877 5734 2896 5740 ’
2966 5784 2969 5785 ν
