4028 6226
239 263 385 333 1085

1577 271 1850 339 RBGUM
1893 274 2044 363 LIB.
2087 275 2199 336 III.

3370 281 3513 349 1086

235 376 565 450 θρηνησάτω
596 376 623 429 ὁ
684 373 818 445 ἐμὸς
867 373 1015 438 ἄπας
1066 374 1191 440 λαὸς
1249 375 1390 448 (84),
1445 377 1829 453 ὲπολοφυρέτω

1938 394 2114 453 natus,
2167 385 2772 456 totusque'domestici
2824 388 3087 447 famulitii
3136 406 3271 461 grex
3315 394 3516 462 ululet,

240 487 307 541 με
342 468 649 539 σύγκλητος
688 472 785 522 καὶ
843 464 1067 535 σύμπαν
1101 466 1163 519 τὸ
1212 467 1353 539 πρὸς
1395 468 1698 544 θεραπείαν
1742 475 1822 527 οι-

239 565 383 616 κεϊον
433 560 708 633 ἄθροισμα
762 557 1154 626 διολολυξάτω,
1245 560 1441 633 δτιπερ
1523 564 1710 635 κομῶν
1754 568 1822 637 τῇ

236 654 452 726 νεότητι
480 653 579 707 σὺν
612 650 934 725 εὐδαιμονίᾳ
980 650 1227 725 τοσαύτῃ
1282 652 1408 724 ἄρτι
1465 654 1674 711 τούτων
1734 658 1826 710 ὲκ-

238 744 679 816 τειχισθήσομαι,
714 742 894 814 πολλῷ
947 742 1005 797 δὲ
1049 743 1251 815 μᾶλλον
1310 746 1571 815 γυναικὸς
1602 748 1826 815 νεαζού-

240 856 339 908 σης
364 838 476 909 (85)
509 838 603 893 καὶ
627 836 816 900 παιδὸς
841 836 1066 909 ἀνήϐου,
1093 831 1169 893 ὧν
1189 837 1288 911 τὴν
1321 840 1578 913 στέρησιν
1609 842 1827 908 πάντως

239 934 336 993 καὶ
367 931 470 1003 πρὸ
519 930 778 1005 τελευτῆς
835 931 1230 1002 ἀποκλαίομαι,
1278 933 1378 1005 οὐχ
1424 929 1587 1007 ἦττον
1617 935 1733 1007 (86)
1771 937 1829 991 δὲ

239 1025 338 1096 τὴν
382 1022 560 1078 αὐτῶν
611 1022 852 1095 ἐρημίαν
904 1023 925 1055 ⁸
970 1025 1111 1094 μετά
1137 1042 1199 1095 γε
1256 1024 1356 1098 τὴν
1407 1026 1574 1082 αὐτοῦ
1621 1028 1642 1060 ⁸
1695 1028 1831 1083 ἀπο-

238 1118 452 1172 ϐίωσιν.
514 1116 614 1175 Διά
664 1134 746 1170 τοι
803 1116 977 1171 ταῦτα
1043 1117 1325 1191 μέμνησθὲ
1385 1137 1490 1190 μου
1530 1120 1668 1192 (87),
1721 1137 1829 1174 πα-

246 1208 511 1280 ρακαλῶ,
562 1208 671 1263 τῶν
722 1208 982 1267 τοιούτων
1027 1209 1353 1264 τελευταίων
1411 1210 1677 1283 ῥημάτων
1736 1211 1832 1265 καὶ

237 1303 340 1371 τῆς
398 1302 674 1375 ἡμετέρας
725 1302 865 1375 πρὸς
922 1302 1069 1373 ὑμᾶς
1111 1302 1456 1376 προμηθείας
1509 1304 1605 1359 καὶ
1654 1303 1831 1375 γαλη-

238 1395 467 1466 νότητος
512 1394 661 1469 (88)·
705 1388 782 1450 ὧν
832 1395 1087 1449 ἀντίδοτέ
1126 1413 1219 1469 μοι
1270 1395 1368 1468 τὴν
1416 1397 1555 1471 μετά
1601 1394 1832 1455 θάνατον

248 1484 470 1540 εὐνοιαν
519 1485 657 1557 πρὸς
740 1486 974 1549 αὐτοὺς,
1027 1484 1220 1559 ὥσπερ
1279 1488 1376 1540 καὶ
1427 1486 1518 1545 ἐπ’
1582 1487 1713 1559 ἐμοὶ
1762 1487 1835 1542 τὰ

239 1579 341 1646 τῆς
387 1576 734 1649 εὐγνώμονος
766 1578 863 1631 καὶ
914 1578 1081 1649 ὀρθῆς
1123 1578 1419 1645 διαθέσεως
1462 1578 1834 1651 διανοούμενοι

241 1669 338 1722 καὶ
393 1670 927 1744 καταπραττόμενοι.
985 1670 1101 1725 Οὐκ
1143 1669 1224 1724 ἔτι
1253 1669 1361 1740 γὰρ
1393 1669 1536 1743 ὑμᾶς
1570 1670 1836 1742 θεάσομαι

1926 478 2036 554 74
2072 476 2231 550 quod
2264 478 2468 535 ﬂorens
2497 487 2657 535 aetate
2690 495 2756 535 ac
2800 478 3064 541 felicitate
3112 493 3262 543 tanta
3289 484 3407 556 jam
3446 488 3518 546 ab

1925 570 2062 627 istis
2100 570 2418 643 separabor,
2457 570 2743 641 multoque
2794 572 2970 641 magis
3019 574 3166 643 quod
3221 574 3290 632 ab
3346 592 3519 633 uxore

1926 662 2160 717 florente
2183 661 2407 734 ﬁlioque
2431 662 2741 734 impuberc,
2762 679 3000 734 quorum
3025 665 3297 736 jacturam
3326 668 3519 738 utique

1928 761 1985 809 et
2007 762 2135 809 ante
2163 753 2376 809 obitum
2403 753 2655 824 deploro,
2680 770 2783 810 nec
2805 754 2990 811 minus
3014 766 3197 811 autem
3226 758 3519 817 orbitatem

1929 861 2122 901 eorum
2157 855 2283 916 post
2314 861 2499 903 meum
2558 863 2591 903 e
2641 848 2756 903 vita
2809 846 3138 904 discessum.
3176 848 3523 920 Quapropter

1930 944 2288 1003 mementote,
2324 952 2537 1009 quaeso,
2577 936 2745 1007 hujus
2779 936 3100 993 novissimae
3127 938 3399 993 orationis
3428 954 3526 994 no-

1932 1042 2169 1101 straeque
2185 1046 2315 1102 erga
2338 1046 2438 1086 vos
2463 1045 2610 1087 cura:
2635 1039 2691 1086 et
2712 1030 3179 1096 mansuetudinis,
3196 1046 3409 1100 proque
3439 1031 3527 1086 his

1932 1124 2148 1181 reddite
2207 1123 2345 1181 mihi
2400 1132 2528 1195 post
2559 1138 2741 1179 meam
2796 1131 3035 1178 mortem
3086 1124 3525 1182 benivolentiam

1933 1230 2062 1286 erga
2088 1214 2259 1285 ipsos,
2286 1214 2447 1286 quasi
2489 1230 2622 1289 erga
2663 1229 2753 1273 me
2784 1214 2966 1286 ipsum
3000 1216 3140 1286 grati
3172 1231 3237 1271 ac
3279 1216 3419 1271 recti
3448 1214 3527 1269 af-

1933 1306 2114 1367 fectus
2140 1306 2318 1364 oﬂicia
2346 1306 2676 1369 meditantes
2722 1316 2779 1362 et
2822 1306 3196 1378 perficientes.
3228 1308 3347 1363 Non
3377 1308 3527 1362 enim

1935 1399 2174 1471 amplius
2200 1414 2299 1457 vos
2319 1400 2524 1457 videbo
2551 1400 2802 1471 posthac,
2838 1416 2949 1454 non
2988 1400 3192 1455 talibus
3221 1400 3530 1457 obsecrabo

1940 1492 2162 1558 verbis,
2223 1508 2336 1551 non
2395 1491 2566 1551 tantis
2624 1493 2988 1549 commovebo
3040 1492 3255 1548 animos
3312 1500 3532 1547 vestros

1936 1584 2442 1651 adhortationibus,
2477 1601 2590 1642 non
2629 1585 2955 1641 obtestabor
3001 1600 3127 1641 cum
3179 1584 3459 1655 lacrymis.
3502 1605 3520 1635 ι

1938 1671 2069 1730 Post
2102 1672 2265 1728 talem
2297 1671 2652 1743 imperatoris
2694 1674 3095 1730 allocutionem
3123 1675 3334 1728 multus
3358 1674 3533 1744 ejula-

240 1760 335 1815 τού
390 1762 601 1827 λοιποῦ,
648 1763 712 1816 οὐ
743 1762 1009 1826 τοιούτοις
1059 1762 1519 1836 παρακαλέσομαι
1564 1764 1830 1836 ῥήμασιν,

1938 1773 2027 1819 tus
2054 1770 2111 1819 et
2142 1762 2382 1835 gemitus
2436 1771 2493 1820 et
2549 1765 2801 1836 ploratus
2845 1765 2915 1819 ab
2949 1764 3211 1820 omnibus
3238 1764 3532 1833 edebatur,

246 1855 310 1906 οὐ
377 1855 673 1919 τοσαύταις
755 1856 1155 1927 δυσωπήσομαι
1207 1857 1619 1929 παραινέσεσιν,
1677 1858 1777 1928 οὐχ
1828 1855 2095 1910 ἱκετεύσω
2153 1856 2252 1910 σὺν
2307 1855 2572 1926 δάκρυσιν
2630 1855 2765 1927 (89).
2830 1856 3088 1925 (Τοιαῦτα
3148 1856 3538 1925 προσειπόντος

240 1953 332 2006 τοῦ
357 1952 620 2024 βασιλέως
643 1952 810 2019 πολὺς
860 1953 1096 2025 ὀδυρμὸς
1149 1954 1457 2024 στεναγμός
1507 1972 1565 2009 τε
1593 1953 1691 2009 καὶ
1717 1952 1965 2017 κωκυτὸς
1986 1951 2141 2023 παρά
2162 1952 2385 2007 πάντων
2410 1952 2786 2023 ἀνεπέμπετο.

312 2048 612 2117 Συγκυκῶν
668 2048 725 2102 δὲ
756 2048 1018 2118 Θεόφιλος
1057 2050 1120 2103 τὸ
1173 2050 1276 2121 τῆς
1322 2051 1606 2116 εὐσεϐείας
1657 2050 1831 2107 ἄκλυ-

242 2156 367 2192 στον
397 2138 507 2209 (90)
568 2138 808 2208 πέλαγος
850 2141 977 2206 τούς
1009 2143 1066 2194 ἐν
1100 2141 1249 2213 αὐτῷ
1285 2142 1550 2208 πλέοντας
1578 2145 1833 2216 ἀκυμάνο

241 2249 353 2294 τως
380 2231 571 2295 δεινῶς
594 2231 949 2299 ὲκλυδὼνιζεν
974 2234 1085 2305 (91)
1116 2251 1129 2267 ο
1165 2237 1222 2289 ὲν
1246 2229 1327 2298 οἷς
1349 2236 1444 2290 καὶ
1472 2237 1564 2292 τὸν
1596 2238 1831 2307 σύγκελ-

243 2321 335 2373 λον
369 2320 590 2390 Μιχαὴλ
619 2319 719 2389 τῆς
763 2321 1244 2394 Ἱεροσολυμίτιδος
1291 2322 1313 2355 ⁸
1342 2324 1671 2398 ὁμηγύρεως
1716 2328 1831 2401 (99.)

245 2414 343 2465 σὺν
404 2412 521 2483 ἅμα
568 2411 784 2475 πολλοῖς
848 2408 1119 2486 ἀσκηταῖς
1174 2417 1445 2487 φυλακαῖς
1510 2420 1833 2475 ὲναπὲκλει-

242 2521 335 2557 σεν
377 2504 511 2574 (95),
560 2503 682 2575 μεθ’
731 2496 807 2559 ὧν
846 2505 1129 2580 Θεοφάνην
1180 2526 1240 2562 τε
1273 2511 1370 2564 καὶ
1411 2509 1687 2579 Θεόδωρον
1710 2511 1839 2572 τοὺς

240 2598 338 2666 τῆς
403 2593 712 2666 ὀρθοδοξίας
771 2598 1153 2660 συνασπιστάς
1204 2597 1317 2669 (94)
1369 2597 1656 2660 Σκυθικῶς
1717 2601 1840 2651 ὲπι-

242 2686 607 2757 προσωπείοις
641 2688 660 2718 ⁷
691 2687 1029 2757 διεγράψατο
1060 2689 1419 2759 κεντήμασιν.
1461 2688 1722 2744 Τοιαῦται
1771 2688 1837 2763 δὴ

240 2781 336 2834 καὶ
361 2779 625 2836 τοσαῦται
651 2782 708 2835 αἱ
751 2781 895 2834 κατὰ
925 2782 1024 2852 τῆς
1066 2781 1350 2848 εὐσεϐείας
1395 2782 1564 2839 αὐτοῦ
1609 2782 1830 2838 θύελλαι

238 2874 648 2945 διενέσκηπτον.
688 2872 765 2928 Οὐ
824 2874 931 2945 μὴν
987 2874 1127 2929 ἀλλά
1178 2875 1275 2929 καὶ
1317 2875 1590 2946 χειμῶνες
1642 2876 1829 2930 πολλοὶ

240 2964 363 3019 κατ’
396 2966 579 3035 ἀέρος,
613 2964 905 3036 δυσφορίαι
932 2983 992 3020 τε
1043 2968 1139 3021 καὶ
1183 2967 1491 3040 αὐχμηρίαι
1538 2968 1632 3022 καὶ
1679 2985 1830 3021 σιτο-

237 3059 379 3123 δεῖαι
429 3061 493 3114 ὲκ
556 3059 913 3130 δυσκρασίας,
963 3060 1170 3130 παλμοί
1214 3079 1275 3116 τε
1328 3063 1426 3117 καὶ
1480 3061 1833 3134 ἀναϐρασμοὶ

2004 2051 2147 2111 Dum
2187 2057 2372 2105 autem
2426 2049 2792 2107 conturbaret
2837 2048 3183 2118 Theophilus
3238 2049 3526 2120 religionis

1932 2142 2297 2213 tranquillum
2333 2156 2508 2207 mare,
2554 2141 2882 2212 navigantes
2910 2139 2969 2195 in
2995 2156 3064 2197 eo
3095 2141 3217 2199 sine
3266 2140 3532 2199 ﬂuctibus

1929 2236 2067 2291 diris
2087 2234 2547 2291 fluctuationibus
2570 2232 2822 2291 exercuit
2844 2250 2858 2288 :
2882 2241 3050 2303 atque
3074 2233 3219 2289 inter
3240 2233 3343 2289 hos
3365 2233 3533 2287 etiam

1931 2329 2257 2385 Michaelem
2300 2326 2609 2398 syncellum
2655 2324 3145 2394 Hierosolymitani
3197 2333 3378 2379 cretus
3409 2340 3535 2378 cum

1938 2420 2132 2475 multis
2178 2419 2468 2475 monachis
2513 2418 2569 2471 in
2628 2431 2913 2475 carcerem
2967 2408 3218 2478 inclusit,
3274 2415 3534 2484 interque

1936 2526 2033 2566 eos
2067 2510 2465 2580 Theophanem
2514 2517 2571 2564 et
2601 2507 2985 2572 Theodorum,
3013 2505 3341 2563 orthodoxe
3394 2505 3525 2561 fidei

1934 2602 2280 2667 defensores,
2313 2600 2575 2673 Scythico
2605 2615 2760 2656 more
2788 2598 2845 2655 in
2869 2598 3155 2656 frontibus
3194 2598 3531 2667 conscripsit

1935 2695 2178 2767 punctis.
2230 2695 2395 2752 Tales
2449 2704 2724 2765 tantaeque
2774 2693 3034 2764 procellae
3083 2691 3205 2762 ipso
3256 2692 3537 2751 excitante

1936 2789 2204 2845 adversus
2256 2787 2579 2859 religionem
2629 2788 2976 2860 ingruerunt.
3020 2785 3168 2852 Quin
3197 2793 3255 2842 ct
3294 2785 3351 2840 in
3404 2798 3535 2841 acre

1940 2880 2155 2935 hiemes
2208 2866 2695 2949 tempestatesque.
2734 2878 3132 2944 vehementes,
3184 2877 3430 2947 itemque
3480 2886 3538 2933 et

1938 2969 2239 3035 siccitates,
2265 2977 2321 3025 et
2352 2968 2589 3039 penuria
2620 2969 2698 3024 rei
2730 2968 3110 3029 frumentariae
3154 2983 3224 3027 ex
3266 2968 3538 3038 intempe-

1941 3064 2046 3128 rie,
2072 3062 2472 3121 concussiones
2502 3061 2609 3132 75
2643 3061 2887 3131 denique
2937 3071 2997 3121 et
3043 3070 3317 3121 tremores
3353 3070 3537 3127 terrae,

239 3155 343 3227 γῆς
377 3152 499 3206 καθ’
557 3151 778 3225 ἡμέραν
815 3151 926 3222 (9⁵)
981 3153 1082 3222 τῆς
1129 3153 1298 3209 αὐτοῦ
1358 3152 1639 3224 βασιλείας
1669 3155 1831 3224 γετὰ

1939 3154 1993 3208 in
2026 3153 2222 3209 diebus
2256 3151 2478 3224 imperii
2531 3152 2654 3221 ejus
2709 3151 3065 3215 exstiterunt,
3114 3160 3171 3206 et
3215 3152 3535 3209 summatim

240 3258 418 3308 νασιν,
444 3242 539 3295 καὶ
566 3241 713 3311 φυγὴ
762 3240 993 3297 καθόλου
1027 3243 1210 3312 παρῆν
1247 3241 1487 3301 εὐσεϐῶν
1510 3245 1569 3297 ὲν
1598 3244 1829 3315 χειμῶνι

238 3333 341 3401 τῆς
365 3333 529 3386 αὐτοῦ
557 3332 836 3396 ἀσεϐείας,
871 3333 1011 3387 κατά
1040 3333 1101 3386 τὸ
1130 3333 1310 3401 λόγιον
1362 3333 1500 3406 (96),
1524 3340 1619 3389 καὶ
1651 3334 1831 3389 οὐδενὶ

243 3424 449 3485 παντὸς
473 3424 757 3478 Σαϐϐάτου
789 3424 1099 3486 ἀνάπαυσις
1132 3424 1194 3489 ἐξ
1235 3426 1635 3497 ἀπανθρωπίας
1663 3424 1830 3478 αὐτοῦ

240 3513 626 3583 Ουελλιζούσης
647 3514 993 3585 Χριστιανῶν
1024 3514 1321 3584 γαληναῖον
1344 3516 1693 3586 κατάστημα.
1720 3515 1831 3571 Καὶ

237 3605 351 3675 γὰρ
413 3606 472 3658 ἐν
528 3607 644 3668 τοίς
704 3605 966 3669 τοιούτοις
1022 3605 1191 3659 αὐτοῦ
1247 3607 1691 3676 κακοτεχνήμασι
1740 3605 1831 3659 τὸν

251 3698 461 3768 Ἰαννῆν
528 3698 879 3768 πατριάρχην
937 3697 1233 3767 καθίστησι
1289 3696 1430 3767 (97),
1497 3696 1830 3769 συμμύστην

239 3791 336 3846 καὶ
366 3792 683 3859 λειτουργὸν
710 3794 810 3862 τῆς
840 3792 1115 3861 κακίστης
1144 3791 1438 3862 αἱρέσεως.
1686 3852 1702 3864 ,

318 3884 508 3947 Ὅστις
542 3884 799 3951 Θεόφιλος
840 3883 981 3952 μετά
1008 3884 1271 3935 πλειόνων
1307 3883 1708 3952 ἐλαττωμάτων
1736 3885 1837 3937 ὐπ-

237 3980 478 4048 έροφρυς
509 3972 577 4048 ἧν
608 3976 743 4047 (98),
785 3976 886 4030 κᾶν
936 3976 993 4028 ἓν
1042 3992 1152 4028 τισι
1189 3976 1297 4029 τῶν
1335 3976 1516 4029 καλῶν
1549 3977 1659 4028 εἴτε
1692 3976 1838 4029 ἑκὼν

1932 3245 2061 3319 iuga
2092 3253 2214 3301 erat
2242 3244 2462 3316 piorum
2488 3243 2546 3299 in
2583 3243 2768 3299 hieme
2797 3242 2920 3312 ejus
2964 3242 3287 3311 impietatis,
3324 3258 3524 3299 secun-

1934 3338 2065 3393 dum
2108 3338 2418 3403 oraculum,
2448 3352 2552 3395 nec
2583 3335 2683 3397 ulli
2709 3333 2909 3405 quovis
2941 3333 3187 3391 Sahbato
3215 3335 3441 3404 requies
3466 3336 3538 3390 ab

1932 3427 2053 3498 ejus
2081 3424 2447 3493 immanitate,
2469 3423 2919 3479 Christianorum
2944 3421 3302 3491 tranquillum
3326 3429 3533 3477 statum

1937 3522 2198 3577 turbante
2230 3520 2570 3591 etjactante.
2600 3514 2819 3571 Etenim
2852 3516 3124 3587 ejusmodi
3156 3516 3534 3586 improbarum

1936 3611 2057 3681 ejus
2091 3609 2565 3666 machinationum
2612 3613 2669 3661 et
2705 3605 2761 3660 id
2794 3606 2901 3661 fuit
2940 3606 3088 3676 quod
3122 3606 3388 3661 Joannem
3437 3624 3537 3679 pa-

1938 3703 2239 3757 triarcham
2283 3699 2597 3764 constituit,
2630 3698 2845 3754 socium
2888 3707 2946 3753 et
2987 3698 3378 3755 administrum
3412 3715 3537 3770 pes-

1940 3796 2095 3851 sima:
2126 3795 2275 3849 illius
2303 3793 2552 3848 hzeresis.

2014 3888 2164 3944 Idem
2194 3886 2545 3955 Theophilus
2578 3885 2633 3938 in
2673 3884 2931 3954 pluribus
2956 3883 3108 3937 vitiis
3134 3883 3299 3937 etiam
3341 3899 3536 3953 super-

1945 3978 2174 4036 ciliosos
2199 3985 2317 4034 erat
2345 3992 2411 4032 ac
2446 3976 2742 4049 superbus,
2789 3974 3043 4045 quamvis
3081 3975 3136 4035 in
3164 3974 3535 4033 laudabilibus

1542 4119 1635 4176 VA
1646 4119 1785 4181 811E
1819 4118 2234 4181 LECTIONES.

311 4241 331 4270 ⁸
359 4240 541 4309 ἥττων
569 4236 631 4290 ι..
710 4236 731 4268 ⁸
762 4235 954 4308 αὐτοῦ(
990 4234 1174 4289 αὐτῶν
1206 4234 1265 4290 L.
1352 4236 1373 4267 ⁸
1411 4235 1892 4308 ἱεροσολυμήτιδος
1916 4235 1981 4291 L.
2058 4236 2079 4268 "
2108 4237 2200 4289 ἐπὶ
2234 4235 2574 4309 προσωπίοις
2599 4235 2666 4295 L.

1416 4352 1663 4417 STEPU.
1692 4351 2047 4409 BERGLERI
2079 4349 2322 4409 NOTzE.

312 4474 421 4543 (8i)
454 4472 637 4542 Fingit
688 4480 745 4526 et
781 4470 1149 4543 Continuator
1199 4470 1553 4543 Theophanis
1600 4471 1812 4526 oratio;
1849 4471 1892 4526 D
1923 4484 2119 4543 o_mnes
2153 4466 2299 4543 apud
2340 4466 2620 4543 (ἶυῃεζίι)ὲ
2653 4462 2741 4543 66,
2784 4464 3117 4543 apu_d_5y_m.
3148 4464 3283 4539 Log.
3306 4469 3529 4543 (ιη-425.

237 4541 387 4609 nem,
424 4541 589 4613 quani
640 4543 776 4613 data
806 4541 1152 4611 opera'huic
1183 4541 1403 4613 videtur
1440 4543 1765 4613 opposuisse
1804 4562 1817 4598 :

1930 4538 2128 4609 Georg.
2154 4536 2299 4596 lion.
2335 4554 2389 4607 p.
2420 4536 2746 4609 525.70edr.
2778 4554 2837 4609 p.
2870 4536 3163 4609 521.101}.
3193 4536 3253 4607 ρΣ
3296 4536 3419 4593 us.
3462 4571 3531 4579 ——

234 4606 465 4697 nam'ib'i
487 4621 648 4697 negat
669 4628 729 4697 se
759 4606 1033 4697 facturum
1062 4610 1211 4697 quod
1242 4611 1333 4665 hic
1364 4609 1443 4676 fit,
1478 4606 1533 4682 βξ
1558 4612 1651 4667 85.
1675 4612 1819 4671 Sane
1929 4606 2182 4697 flontgnp.
2215 4610 2305 4674 65,
2337 4606 2430 4666 ubi
2455 4606 2597 4665 fuse.
2631 4606 2792 4678 Sym.
2819 4607 2956 4681 Log.
2988 4624 3042 4678 p.
3080 4606 3184 4665 424
3217 4625 3335 4679 seq.
3364 4608 3531 4665 Ccdr.

237 4685 358 4739 haec
380 4682 611 4752 puerilis
633 4683 852 4737 videtur
872 4682 1215 4738 lamentatio.

334 4756 420 4812 85)
451 4754 615 4810 Cedr.
653 4769 708 4824 p.
742 4754 866 4809 585.

334 4759 420 4812 se)
451 4759 615 4810 Cedr.
653 4769 708 4824 p.
742 4759 866 4809 585.

448 4825 701 4907 Violgnte
722 4833 785 4907 et
800 4839 1069 4907 perverse
1093 4821 1461 4907 loquitur._.—-
1491 4822 1708 4907 Αὐτοῦ.
1739 4826 1818 4881 lta

236 4898 530 4967 scriptum.
558 4896 885 4966 Requiritur
917 4898 1078 4965 ὲμήν.
1113 4895 1323 4964 Nempe
1362 4895 1450 4951 hic
1496 4895 1663 4949 etiam
1692 4910 1823 4952 con-

234 4969 478 5038 trarium
503 4968 624 5038 ejus
645 4966 933 5038 quodvult
955 4965 1111 5038 dicit,
1144 4965 1297 5038 fatali
1321 4966 1711 5035 perversitate.

333 5038 423 5106 87)
454 5036 617 5093 Cont.
656 5036 711 5107 β.
745 5037 834 5103 86,
859 5037 1022 5091 Cedr.
1055 5053 1110 5106 p.
1142 5036 1269 5090 εδδ.

334 5109 426 5174 88)
452 5108 614 5163 Cont.
646 5125 699 5178 p.
732 5109 822 5170 86,
853 5107 1017 5178 Cedr.
1042 5123 1098 5176 p.
1125 5107 1252 5178 535.

312 5179 424 5247 (89)
458 5179 619 5235 Cont.
648 5177 709 5249 7p.
740 5179 831 5242 86,
859 5177 1026 5232 Cedr.
1056 5194 1112 5247 ρ.
1147 5177 1270 5233 535.

320 5249 431 5321 (90)
470 5250 547 5304 lla
582 5251 699 5305 sine
724 5249 1050 5321 transitione
1078 5250 1145 5321 ad
1187 5249 1293 5305 alia
1330 5252 1648 5307 revertitur.
1681 5250 1827 5319 Quo-

236 5320 419 5376 modo
442 5322 745 5393 imaginum
783 5320 1027 5393 cult_ores
1059 5320 1315 5393 amiserit
1362 5322 1727 5393 Theophilus,
1761 5325 1829 5381 de

236 5406 308 5448 ea
340 5408 401 5446 re
434 5388 658 5461 copiose
690 5388 853 5461 Cont.
878 5390 1236 5460 Theophanis
1260 5408 1316 5461 p.
1349 5393 1438 5448 62.

308 5460 422 5527 (9|)
452 5459 613 5514 Cont.
657 5477 713 5529 p.
744 5460 834 5516 66.

314 5532 428 5601 (92)
458 5530 519 5606 in
550 5532 795 5606 margine
829 5546 930 5606 ms.
963 5532 1187 5606 πάντων
1215 5532 1531 5606 ποθούντων
1560 5538 1829 5606 «pos-cpe-

234 5600 354 5675 χειν
385 5600 523 5675 πρὸς
548 5600 645 5670 τὴν
673 5601 827 5675 πόλιν
848 5602 984 5653 ὅπου
1012 5602 1285 5671 πάναγ-.
1322 5605 1417 5659 Est
1442 5600 1706 5661 Senarius
1731 5600 1827 5662 us-

234 5672 343 5746 que
396 5672 651 5746 adﬁrmo,
684 5672 896 5741 primus
939 5688 1141 5746 eorum,
1194 5676 1397 5744 quibus
1442 5675 1648 5731 frontes
1680 5693 1828 5732 com-

239 5743 435 5816 punxit
472 5743 775 5813 imaginum
821 5743 1253 5801 confessoribus.
1299 5747 1587 5803 Habentur
1630 5748 1827 5819 integri

1929 5174 2109 5233 autem
2152 5184 2211 5229 ut
2265 5192 2367 5229 non
2412 5174 2510 5243 ﬁat

1933 5463 2130 5518 eodem
2173 5457 2385 5514 JOanne
2414 5466 2674 5514 accurate
2714 5457 2867 5529 Sym.

1929 4696 1985 4749 p.
2022 4680 2146 4736 520.

2002 4751 2112 4820 (95)
2144 4751 2273 4823 Lyc.
2299 4751 2448 4806 notis
2475 4748 2728 4823 Thraciis
2751 4749 3095 4820 compunxit,
3133 4766 3368 4821 quarum
3393 4766 3509 4823 pas-

1932 4820 2035 4874 sim
2068 4836 2097 4874 a
2144 4822 2213 4877 ud
2246 4829 2465 4876 veteres
2494 4820 2723 4877 mentio.
3148 4820 3153 4821 ⁷

2009 4837 2137 4962 (94))
2162 4892 2324 4948 Cont.
2356 4907 2412 4961 p.
2444 4891 2532 4947 85.
2562 4890 2763 4960 Georg.
2789 4889 2937 4945 Mon.
2976 4904 3027 4962 pr.
3061 4889 3167 4962 515

2009 4889 2123 4961 (94)
2162 4892 2324 4948 Cont.
2356 4907 2412 4961 p.
2444 4891 2532 4947 85.
2562 4890 2763 4960 Georg.
2789 4889 2937 4945 Mon.

2004 4959 2116 5032 (θὸ)
2150 4963 2230 5017 Ita
2261 4959 2531 5031 scriptum
2569 4976 2697 5015 cum
2722 4959 2969 5032 deberet
2998 4959 3212 5030 ἡμέρας
3248 4963 3303 5018 in
3354 4965 3530 5018 Accu-

1929 5031 2107 5105 sativo
2134 5034 2278 5104 plur.
2315 5032 2463 5105 [vide
2487 5032 2649 5087 Cont.
2675 5048 2737 5105 Apr.
2764 5031 2879 5105 85.]

2002 5104 2113 5177 (96)
2139 5103 2371 5174 Nempe,
2401 5113 2463 5177 u_t
2484 5113 2642 5177 puto,
2673 5103 2807 5157 illud
2835 5103 3031 5161 Matth.
3066 5121 3215 5170 xxrv,
3236 5104 3307 5160 20
3331 5104 3533 5177 :70rate

2563 5176 2694 5245 fuga
2742 5184 2919 5229 vestra
2969 5177 3024 5229 in
3067 5177 3237 5230 hieme
3281 5176 3365 5230 vel
3410 5177 3532 5231 sab—

1934 5252 2119 5387 ὺαίὲῖῖ)
2148 5318 2311 5372 Cont.
2341 5330 2397 5384 ρ.
2426 5315 2515 5382 '75,
2562 5315 2920 5387 estiloapnes
2952 5314 3360 5387 G'I‘!’“"'alicus
3393 5315 3529 5387 Sy"-

1936 5385 2128 5448 celius.
2159 5387 2309 5458 Sym.
2342 5388 2479 5457 Log.
2515 5402 2572 5456 p.
2609 5386 2734 5441 421.
2762 5385 2961 5508 (ἶσοι-εἷ
3011 5386 3160 5441 Mori.
3210 5404 3263 5457 p.
3299 5385 3527 5448 519‘,'de

1936 5463 2130 5508 eodem
2173 5459 2385 5508 Joanne
2414 5466 2674 5508 accurate
2714 5457 2867 5508 Svm.
2963 5470 3054 5508 οιῐ.
3104 5473 3157 5508 n.
3204 5457 3330 5508 450.
3387 5458 3524 5508 Ζοιι.

2963 5470 3054 5527 0g.
3103 5473 3157 5527 p.
3204 5457 3330 5514 450.
3387 5458 3524 5513 Ζοιι.

1936 5532 2403 5667 p.(19§()).Jllslitiae
2435 5597 2681 5653 studium
2704 5616 2813 5670 prae
2843 5619 2902 5658 se
2934 5604 3060 5658 tulit
3094 5621 3106 5658 :
3143 5601 3211 5655 de
3235 5617 3345 5671 quo
3361 5598 3525 5655 Cont.

1941 5691 1995 5744 ιτ.
2030 5674 2116 5727 5i.
2156 5672 2305 5745 81m.
2339 5670 2548 5745 Log._p_.
2585 5671 2706 5727 416.
2749 5675 2881 5731 Ζοη.
2908 5691 2961 5745 p.
3000 5675 3118 5730 lii.
3150 5670 3281 5727 Erat
3310 5680 3365 5727 et
3393 5686 3527 5725 con-

1943 5730 2141 5799 iinens.
2178 5730 2311 5797 Zon.
2346 5730 2556 5811 p.146.
