4028 6226
246 293 390 361 1089

244 456 1860 485 mm

1593 307 1865 368 REGUM
1920 310 2064 369 LIB.
2115 311 2207 372 IV.

3376 316 3509 385 1090

1472 618 2059 707 ΒΑΣΙΛΕΙΩΝ
2137 620 2219 709 Δ’
2252 612 2293 644 ’⁸

1328 805 1493 859 ΠΕΡΙ
1526 807 1814 874 ,ΜΙΧΑΗΛ
1856 807 1997 860 ΤΟΥ
2044 807 2403 863 ΘΕΟΦΙΛΟΥ.

1817 993 1887 1004 -ι

1376 1131 1787 1224 REGUM
1868 1134 2095 1223 LIB.
2170 1136 2300 1228 IV

1118 1327 1223 1382 DE
1276 1325 1743 1397 {MICIIAELE
1808 1326 2291 1385 THEOPHILI
2362 1326 2611 1384 FILIO.

1812 1512 1885 1527 .—

292 1649 375 1705 Τὰ
404 1646 461 1701 δὲ
497 1642 727 1715 πατρῷα
757 1640 1017 1714 σκῆπτρα
1045 1643 1103 1695 ὲν
1150 1639 1262 1694 ἔτει
1289 1648 1436 1713 ,ςτμο
1476 1642 1615 1715 (12),
1678 1642 1796 1697 ινδι.

1980 1643 2087 1714 77
2122 1640 2420 1697 Paternum
2467 1652 2655 1699 autem
2684 1641 2978 1714 imperium
3005 1658 3150 1701 anno
3195 1648 3385 1705 mundi
3418 1667 3505 1708 se-

218 1741 411 1798 κτιῶνι
481 1738 544 1806 ε’,
604 1735 862 1791 διιθύνειν
909 1734 1385 1806 καταλιμπάνεται
1433 1736 1546 1807 (15)
1598 1736 1796 1808 Μιχαὴ]

1917 1735 2038 1791 xies
2085 1734 2384 1791 millesimo
2414 1738 2805 1792 trecentesimo
2859 1738 3304 1811 quadragesimo,
3355 1741 3504 1797 indic

221 1835 319 1889 σὺν
347 1833 518 1907 μητρὶ
555 1828 809 1901 Θεοδὼρᾳ
841 1827 1115 1899 θεόφρονι,
1157 1827 1327 1882 αὐτοῦ
1361 1845 1418 1881 τε
1448 1830 1517 1882 τὰ
1549 1829 1649 1899 τῆς
1681 1831 1807 1884 ὲπι-

1918 1827 2102 1884 ctione
2140 1827 2356 1898 quinta,
2395 1828 2821 1899 gubernandum
2864 1830 3202 1901 relinquitur
3245 1832 3499 1891 Michaeli

216 1925 489 1997 τροπείας
519 1924 547 1978 ὃ
576 1940 637 1976 τε
681 1921 970 1993 πατρίκιος
996 1920 1320 1984 Θεόκτιστος
1349 1921 1443 1975 καὶ
1475 1922 1737 1995 Μανουὴλ
1783 1927 1796 1976 ί

1914 1921 2190 1991 matrique
2227 1920 2534 1975 Theodorze
2562 1922 2667 1991 pia:
2695 1937 2760 1976 ac
2793 1921 2966 1989 ﬁdeli,
3004 1922 3291 1994 ipsiusque
3330 1926 3501 1981 tutela

218 2016 717 2089 πρωτομάγιστρος
754 2012 1003 2086 ἠξίωται,
1049 2007 1094 2082 ᾧ
1129 2013 1225 2067 καὶ
1255 2012 1344 2067 διὰ
1373 2014 1649 2085 μερίμνης
1681 2015 1811 2086 ὲνῆν

216 2110 281 2164 τὸ
310 2109 716 2179 φιλοδεσποτεῖν
745 2106 837 2159 κα)⁵
869 2105 1050 2174 λόγοις
1080 2104 1219 2176 πρὸς
1250 2102 1409 2157 τοῦτο
1440 2104 1538 2158 καὶ
1573 2104 1808 2176 πράξεσι

217 2199 577 2256 διατίθεσθαι.
600 2197 808 2252 Οὐκοῦν
838 2195 1004 2261 ἔξεισι
1034 2196 1176 2250 κατὰ
1198 2197 1290 2249 τὸν
1319 2197 1651 2268 ἱππόδρομον
1670 2198 1805 2269 (14),

218 2294 315 2347 καὶ
346 2293 523 2346 πάντα
546 2291 640 2344 τὸν
668 2291 1019 2361 ὑπασπιστὴν
1044 2288 1173 2344 λαὸν
1225 2291 1555 2362 συναγείρας
1601 2291 1697 2344 καὶ
1723 2287 1807 2355 οἷς

219 2386 594 2456 πληροφορίαν
626 2384 892 2453 ἐκέκτητο
920 2382 1285 2455 στρατιώταις
1328 2385 1398 2438 τὰ
1427 2385 1566 2457 πρὸς
1617 2384 1805 2438 εὐπεί-

215 2478 371 2533 θειαν
413 2475 562 2547 αὐτῷ
606 2476 967 2548 ωντηρῆσαι,
1009 2478 1300 2549 προοίμιον
1342 2477 1485 2530 οὕτω
1516 2476 1611 2530 τοῦ
1638 2477 1801 2553 λόγου

214 2568 644 2642 προδιατίθησιν’
690 2586 708 2620 ι
738 2568 932 2621 Οίδατε
956 2568 1178 2631 πάντες,
1210 2561 1254 2618 ὦ
1282 2566 1495 2633 ἄνδρες,
1547 2566 1709 2617 ὁποῖα
1732 2564 1802 2617 τὰ

213 2662 349 2733 πρὸς
379 2661 525 2731 ὑμᾶς
552 2660 653 2731 τῆς
694 2659 924 2729 ἀγάπης
955 2658 1342 2728 γνωρίσματα,
1378 2655 1437 2709 ἐν
1463 2674 1522 2709 τε
1562 2656 1801 2727 κηδεμο-

211 2752 350 2816 νίαις
387 2753 428 2784 ¹²
458 2752 516 2807 ἐν
547 2768 607 2805 τε
635 2751 994 2823 προστασίαις
1021 2749 1332 2821 φιλόφροσι,
1360 2750 1457 2803 σὺν
1504 2748 1622 2820 ἅμα
1669 2748 1801 2804 ταύ-

209 2859 328 2905 ταις
352 2843 447 2895 καὶ
478 2842 845 2912 εὐεργεσίαις,
900 2841 1025 2911 μηδ’
1053 2840 1189 2904 ὅλως
1218 2841 1588 2911 ἐξισταμένων
1616 2842 1796 2915 ἡμῶν.

209 2935 321 2988 Καὶ
342 2934 430 2988 διὰ
457 2933 615 2987 τοῦτο
641 2934 817 3005 χρεὼν
848 2935 995 3004 ὑμᾶς
1058 2934 1191 3005 ἡμῖν
1239 2932 1535 2989 ἀποδοῦναι
1570 2935 1664 2999 τὰς
1700 2937 1795 2990 ἀν-

207 3027 519 3098 τιχάριτας,
551 3025 607 3080 ἐν
746 2994 921 3095 λόγων
952 2994 1133 3081 πειθοῖ
1162 3026 1255 3081 καὶ
1283 3028 1391 3082 τῶν
1438 3028 1616 3100 ἔργων
1637 2994 1660 3059 ’⁷
1702 3030 1797 3082 καὶ
1827 2994 1874 3053 Β

207 3123 343 3190 ὅπερ
379 3118 490 3189 (15)
523 3118 588 3172 ἂν
623 3120 756 3189 ἡμῖν
811 3120 1030 3189 αἱρετὸν
1078 3119 1446 3191 διακέκριται,
1494 3120 1654 3175 τοῦτο
1681 3122 1798 3175 ἐλέ-

211 3211 338 3264 σθαι
396 3211 774 3279 σπουδάζοιτε,
825 3213 921 3267 καὶ
967 3213 995 3267 ὃ
1040 3213 1135 3267 ἐὰν
1187 3214 1422 3284 ἀρέσκον
1454 3213 1589 3284 (16),
1655 3215 1797 3269 κατὰ

209 3302 447 3375 σπουδὴν
475 3304 569 3357 καὶ
590 3304 911 3375 προαίρεσιν
942 3304 1004 3359 τὺ
1050 3306 1302 3369 εὐπειθὲς
1335 3306 1484 3377 αὐτῷ
1510 3307 1671 3378 μέχρι
1702 3308 1797 3361 καὶ

206 3392 456 3447 κινδύνου
489 3394 687 3459 παντὸς
711 3396 1104 3461 ἐπιδείξασθαι.
1142 3416 1161 3449 ι
1199 3398 1424 3463 Τούτοις
1476 3395 1570 3453 οὖν
1598 3401 1795 3465 αὐτοὺς

205 3485 547 3554 παραινέσας
585 3486 719 3558 (17),
779 3489 1128 3560 παραχρῆμα
1165 3491 1407 3555 ἅπαντες
1433 3491 1501 3545 τὰ
1529 3492 1628 3563 τῆς
1659 3493 1794 3562 ἀρε·-

191 3568 393 3640 ’σκείας
423 3576 573 3647 αὐτῷ
602 3579 697 3631 καὶ
734 3579 982 3650 ὑπακοῆς
1012 3581 1080 3634 δι’
1114 3584 1294 3653 ὅρκων
1329 3583 1542 3652 συχνῶν
1567 3583 1793 3654 παρετί-

203 3669 359 3722 θεντο
378 3686 390 3698 ·
413 3669 718 3739 ﬂmmeum
748 3671 855 3744 γὰρ
889 3673 1031 3726 κατὰ
1059 3673 1183 3727 νοῦν
1202 3674 1385 3745 ὄρεξιν
1404 3675 1551 3747 ἔχειν
1573 3677 1670 3748 τῆς
1693 3675 1791 3746 βαι

203 3759 409 3822 σιλεεας
436 3761 527 3814 τὸν
560 3761 815 3834 Μανουὴλ
847 3762 942 3817 καὶ
968 3763 1057 3818 διὰ
1104 3765 1265 3819 τοῦτο
1292 3765 1517 3820 τοιαῦτα
1581 3784 1789 3823 κατεπ-

200 3855 351 3926 ᾲδειν
406 3856 586 3910 αὐτῶν
617 3858 681 3922 ι’,
710 3858 885 3911 εἶκαὶ
939 3858 1006 3912 τὰ
1061 3860 1359 3915 ὑπεναντία
1386 3861 1599 3925 τούτοις
1656 3864 1788 3934 παρ’

199 3947 365 4001 αὐτοῦ
395 3948 733 4020 διηγόρευτο.
775 3950 1098 4021 Ἐκεκράγει
1126 3952 1235 4023 γὰρ
1264 3953 1565 4025 διαρρήδην
1587 3971 1601 3987 ·
1641 3973 1660 4006 ι
1679 3956 1789 4009 Μι-

197 4041 338 4113 χαὴλ
366 4059 423 4095 τε
455 4042 547 4096 καὶ
579 4041 858 4113 Θεοδὼρας
889 4044 960 4097 τὰ
1008 4044 1102 4116 ἔτη
1136 4046 1272 4118 πρὸς
1321 4046 1572 4100 πλεῖστον
1630 4045 1787 4101 ὁδεύ·

199 4149 364 4187 σειεν.
388 4152 407 4184 ι
476 4132 564 4196 Ὧς
591 4134 647 4187 δὲ
676 4135 878 4207 ταύτης
903 4137 1003 4208 τῆς
1029 4140 1388 4211 ἀναρρήσεως
1443 4140 1783 4215 διενήχηντο,

196 4223 552 4298 ἐπλήσθησαν
597 4226 835 4298 ἀθυμίας
865 4231 961 4284 κα)⁸
1007 4232 1325 4298 πολυειδοῦς
1372 4235 1786 4308 ἐνεφορήθησαν

1913 2012 2147 2083 patricio
2199 2012 2522 2067 Theoctisto
2574 2021 2630 2068 et
2689 2013 2927 2069 Manueli
3001 2014 3182 2083 primo
3235 2017 3500 2087 magistro

1912 2102 2228 2157 commissa.
2262 2100 2365 2156 Cui
2395 2100 2633 2156 Manueli
2661 2109 2718 2156 et
2765 2116 2913 2157 cum
2939 2112 3062 2158 erat
3114 2113 3174 2158 ut
3211 2103 3499 2162 dominum

1910 2194 2191 2265 diligeret,
2221 2202 2277 2249 et
2312 2193 2501 2249 verbis
2526 2193 2796 2265 factisque
2821 2194 2892 2250 ad
2937 2211 3058 2251 eam
3091 2211 3208 2251 rem
3248 2214 3307 2253 se
3348 2213 3502 2253 com-

1908 2294 2159 2358 poneret.
2197 2286 2387 2355 Itaque
2417 2286 2775 2355 progreditur
2802 2285 2858 2339 in
2898 2286 3135 2351 circum,
3163 2288 3496 2359 cunctisque

1908 2378 2241 2435 satellitibus
2270 2376 2589 2431 convocatis
2609 2385 2667 2430 et
2687 2376 2959 2432 militibus
2981 2376 3038 2432 in
3063 2392 3205 2447 quos
3236 2378 3495 2436 ﬁduciam

1906 2470 2165 2531 habebat,
2207 2466 2371 2521 ﬁdem
2407 2474 2465 2521 et
2509 2466 2889 2521 obedientiam
2938 2483 3069 2539 erga
3105 2484 3233 2523 eum
3267 2485 3494 2526 censor.

1906 2569 2155 2626 vaturos,
2179 2557 2452 2631 ejusmodi
2483 2560 2794 2614 orationem
2840 2559 3095 2615 orditur:
3130 2580 3148 2612 ι
3183 2561 3349 2617 Scitis
3378 2577 3495 2618 om-

1906 2668 2026 2718 nes,
2063 2667 2097 2705 o
2132 2652 2259 2716 viri,
2293 2650 2477 2721 qualia
2504 2650 2679 2705 nostri
2708 2667 2837 2722 erga
2887 2667 2986 2707 vos
3024 2654 3229 2708 amoris
3278 2662 3496 2710 exstent

1904 2744 2257 2809 documenta,
2287 2742 2419 2797 dum
2450 2743 2506 2796 in
2540 2757 2671 2797 cura
2706 2758 2806 2813 pro
2833 2743 2993 2800 vobis
3021 2745 3263 2815 gerenda
3304 2754 3361 2800 et
3391 2762 3492 2818 pa-

1905 2836 2129 2892 trocinii
2172 2837 2283 2907 78
2306 2836 2575 2899 ,comitate
2610 2851 2735 2890 cum
2785 2836 3151 2893 beneﬁcentia
3202 2839 3493 2909 conjuncta

1904 2930 2227 3000 neutiquam
2267 2929 2449 2984 oﬁicio
2488 2930 2774 2985 desumus.
2819 2930 3173 3002 Quapropter
3202 2931 3364 2988 decet
3393 2948 3493 2988 vos

1902 3022 2065 3077 nobis
2089 3022 2295 3077 referre
2321 3022 2577 3093 gratiam,
2610 3022 2888 3078 dictorum
2940 3033 2998 3078 et
3044 3023 3317 3079 factorum
3352 3025 3490 3080 obe-

1903 3114 2112 3169 dientia
2137 3131 2151 3167 :
2192 3122 2358 3184 atque
2382 3114 2528 3184 quod
2559 3122 2749 3169 nostro
2766 3114 2980 3185 judicio
3006 3114 3266 3183 placitum
3298 3114 3487 3179 fuerit,

1902 3209 2007 3263 hoc
2032 3206 2195 3261 facite
2225 3206 2384 3261 vobis
2416 3208 2651 3275 placeat,
2685 3207 3002 3276 placitoque
3026 3207 3273 3262 studiose
3311 3215 3368 3263 et
3392 3223 3491 3263 vo-

1900 3299 2082 3354 lenter
2115 3298 2514 3364 obedientiam,
2560 3299 2730 3354 etiam
2765 3299 3002 3369 periculi
3038 3308 3198 3355 tenus
3223 3300 3487 3370 cujusvis,

1900 3392 2315 3451 accommodate
2342 3400 2399 3447 et
2429 3393 2726 3448 ostendite.
2766 3410 2786 3445 ›
2812 3393 2909 3448 llis
2938 3408 3065 3449 cum
3100 3409 3197 3449 eos
3230 3394 3491 3449 adhorta-

1899 3492 1990 3540 tus
2049 3485 2267 3552 fuisset,
2303 3486 2489 3541 statim
2539 3501 2736 3542 omnes
2778 3494 3091 3557 promptam
3135 3502 3263 3559 erga
3307 3487 3487 3558 ipsum

1896 3579 2237 3634 voluntatem
2284 3588 2343 3634 et
2391 3579 2767 3635 obedientiam
2798 3580 3089 3651 multiplici
3125 3582 3488 3653 jurejurando

1897 3671 2217 3727 detulerunt
2244 3688 2257 3726 :
2287 3672 2558 3743 putabant
2583 3672 2735 3727 enim
2776 3687 2907 3729 eum
2956 3674 3015 3729 in
3055 3675 3241 3730 animo
3279 3675 3485 3732 habere

1894 3766 2302 3821 aﬁ‘ectationem
2326 3765 2566 3835 imperii,
2599 3780 2664 3821 ac
2693 3774 2990 3837 propterea
3020 3769 3149 3825 talia
3176 3769 3482 3826 incantare.

1894 3856 2003 3910 Sed
2059 3856 2399 3911 contrarium
2435 3856 2574 3925 {ipse
2631 3856 2899 3912 indicavit
2944 3875 2958 3911 :
3018 3860 3276 3916 clamavit
3331 3863 3482 3918 enim

1893 3946 2042 4000 clara
2059 3960 2194 4002 voce
2219 3964 2232 4000 :
2262 3966 2280 3999 ι
2310 3946 2593 4003 Michaelis
2607 3955 2664 4003 et
2680 3946 2986 4004 Theodorm
3003 3951 3133 4005 anni
3160 3951 3481 4023 longissime

1892 4037 2197 4108 procedant
2226 4056 2240 4093 :
2272 4058 2289 4090 ι
2331 4055 2493 4109 quam
2516 4037 2969 4096 acclamationem
2997 4051 3058 4098 ut
3086 4054 3478 4114 perceperunt,

1892 4132 2115 4188 tristitia
2143 4133 2340 4203 repleti
2367 4143 2497 4190 sunt
2532 4136 2798 4206 variaque
2827 4136 3106 4192 anxietate
3136 4138 3346 4203 satiati,
3378 4140 3476 4194 sed

1892 4232 2074 4279 tamen
2102 4224 2405 4295 iussionem
2431 4225 2845 4313 impleverunt:
2878 4235 3055 4301 atque.
3082 4228 3299 4300 imperii
3350 4230 3474 4287 initi

196 4319 450 4389 θλίψεως,
478 4320 593 4374 ἀλλ’
615 4322 764 4393 ὅμως
784 4322 847 4377 τὸ
871 4326 1181 4396 προσταγὲν
1203 4328 1537 4402 ἐξεπλήρουν
1555 4344 1568 4361 ⁸
1598 4330 1695 4385 καὶ
1720 4333 1787 4386 τὰ

1901 4314 2035 4371 ratio
2069 4316 2212 4371 fama
2246 4318 2657 4389 divulgabatur.

192 4414 292 4482 τῆς
318 4413 746 4485 αὐτοκρατορίας
776 4414 817 4446 ³⁵
850 4415 1257 4488 διετετράνωτο.

266 4506 377 4559 Καὶ
404 4507 472 4560 τὰ
500 4506 599 4578 τῆς
626 4508 937 4579 ὀρθοδοξίας
961 4512 1407 4568 ἀνακαλύπτεται
1442 4514 1555 4589 (18)
1588 4519 1783 4591 καιροῦ

191 4596 471 4667 λαϐόμενα
492 4599 619 4667 εὐαγ
631 4599 723 4664 οὖς
749 4602 845 4655 καὶ
872 4603 1148 4672 θεοφιλίας
1182 4607 1393 4677 ἀνδρῶν
1416 4609 1783 4681 εὐπροθέτων,

191 4689 293 4758 τῆς
318 4691 594 4762 στυγητῆς
629 4693 899 4764 αἱρέσεως
932 4694 1042 4749 τῶν
1061 4699 1435 4771 εἰκονομάχων
1466 4700 1577 4773 (l9)
1600 4701 1786 4756 διασυ-

186 4781 384 4854 ρείσης
410 4784 520 4839 ἀπὸ
543 4786 821 4857 βασιλείας
842 4787 1071 4855 Λέοντος
1090 4790 1183 4845 τοῦ
1219 4794 1589 4865 Ἀμαληκίτου
1622 4798 1783 4868 μέχρι

189 4874 399 4944 χρόνων
445 4874 557 4950 (20)
610 4876 673 4934 λ’.
702 4879 927 4951 Εἶχοντο
954 4882 1012 4935 δὲ
1061 4883 1158 4937 τοῦ
1196 4886 1383 4950 εὐθέος
1413 4890 1621 4943 σκοποῦ
1667 4891 1775 4945 ὅτε

188 4966 532 5035 Θεόκτιστος,
571 4969 746 5036 ἄλλως
773 4989 830 5025 τε
858 4974 952 5028 καὶ
981 4976 1143 5040 αὐτὸς
1170 4977 1452 5051 Μανουὴλ,
1492 4985 1539 5035 εἰ
1570 4985 1668 5038 καὶ
1687 4985 1777 5042 διὰ

1956 4540 2137 4612 Atque
2200 4544 2508 4601 orthodoxa
2573 4546 2711 4604 ﬁdes
2770 4550 3072 4616 revelatur,
3123 4556 3472 4614 occasionem

1881 4642 2044 4685 nacta
2069 4635 2213 4702 piam
2246 4647 2300 4690 et
2344 4638 2591 4693 virorum
2624 4640 2828 4695 bonum
2884 4644 3228 4713 propositum
3263 4647 3477 4705 haben-

1884 4723 2022 4777 tium
2054 4725 2369 4796 religiosum
2398 4730 2677 4799 aﬁ‘ectum,
2710 4749 2837 4788 cum
2863 4735 3214 4793 detestabilis
3246 4739 3474 4797 haeresis

1886 4814 2154 4885 imagines
2217 4824 2656 4891 oppugnantium
2712 4827 2951 4883 deducta
2982 4830 3177 4885 fuisset
3225 4833 3355 4889 inde
3402 4836 3473 4892 ab

1884 4905 2121 4975 imperio
2147 4909 2351 4966 Leonis
2384 4914 2531 4970 illius
2565 4917 2881 4977 Amaleciue
2909 4923 2976 4979 ad
3013 4927 3349 4998 trigesimum
3375 4945 3475 4984 an-

1885 5013 2041 5053 num.
2103 5001 2392 5061 Tenebant
2452 5017 2637 5064 autem
2701 5012 2808 5069 hoc
2888 5027 3101 5073 rectum
3177 5021 3469 5080 consilium

1474 5075 1705 5133 varum
1749 5082 2156 5147 LECTlONES.
2427 5148 2449 5169 ,

265 5152 304 5182 ¹¹
331 5154 629 5210 Βασιλειῶν
666 5157 708 5211 δ’
740 5174 852 5214 om.
890 5158 957 5213 L.
1037 5160 1080 5192 ¹⁹
1119 5164 1510 5234 κηδεμονείαις
1538 5169 1599 5225 L.
1681 5174 1727 5210 ³³
1751 5178 1954 5253 αὐτῶν]
1986 5184 2148 5251 αὐτὸν
2173 5187 2239 5243 L;
2317 5191 2359 5222 ”
2398 5152 2703 5263 Θεοφιλείας
2729 5198 2793 5255 L.

1386 5262 1630 5323 STEPII.
1659 5268 2005 5333 BERGLERI
2036 5281 2271 5342 ΝΟΤᾹΞ.

408 5343 723 5433 Synnnimg.
754 5365 806 5419 p.
836 5350 962 5419 428,
990 5352 1158 5410 habet
1182 5354 1372 5420 ,ςτλε¹.
1400 5359 1601 5433 Georg.
1624 5364 1772 5421 Mon.

184 5430 243 5484 p.
282 5413 407 5476 526,
444 5413 630 5483 ςςτλον.

184 5555 241 5609 in
262 5483 564 5607 .Cont.
600 5487 721 5543 init.
746 5490 856 5581 lib.
879 5508 954 5547 ιν.
975 5493 1139 5550 Cedr.
1165 5511 1220 5565 p.
1247 5498 1372 5555 533.
1400 5501 1535 5558 Zon.
1562 5521 1617 5574 p.
1644 5506 1768 5575 “2,

260 5625 372 5696 (14)
405 5624 566 5680 Cedr.
593 5642 646 5695 p.
675 5630 797 5695 555,
828 5633 882 5688 in
913 5634 1044 5692 ﬁne.

256 5697 369 5763 (15)
402 5696 533 5751 Mire
560 5698 822 5765 loquitur.

257 5766 371 5839 liti)
404 5768 483 5835 Ita
537 5769 650 5825 lucc
696 5774 922 5845 scripta,
968 5793 1078 5835 non
1128 5782 1281 5838 κα).ιό
1322 5787 1416 5843 ἐὰν
1447 5789 1682 5862 ἀρέσκον
1710 5789 1767 5867 ᾗ,

1884 5382 2065 5462 potest
2098 5387 2282 5462 tamen
2317 5384 2427 5439 ἀπὸ
2455 5389 2636 5462 κοινοῦ
2664 5391 2807 5446 sumi
2835 5391 3110 5462 κέκριται.

2097 5450 2313 5533 ειμι-δυσ
2334 5457 2711 5533 nominativus
2744 5477 2844 5531 pro
2870 5447 3045 5533 genit.
3076 5447 3353 5525 absoluto.

1956 5518 2392 5606 (1‘8).Sacrarum
2464 5518 2767 5601 imaginum
2836 5518 3039 5590 caltas
3099 5518 3462 5599 instauratur.

1879 5586 2056 5646 Cont.
2075 5590 2199 5648 init.
2235 5594 2332 5651 lib.
2360 5612 2432 5653 iv.

1978 5661 2066 5736 is)
2096 5663 2260 5736 cedr.
2296 5683 2350 5736 p.
2386 5668 2512 5724 δτι.

1975 5732 2062 5791 20)
2092 5735 2134 5792 ι.
2159 5751 2210 5793 e.
2241 5732 2402 5810 ἐτ’ῶν,
2438 5749 2496 5797 ut
2531 5757 2696 5815 supra
2734 5746 2829 5804 lib.
2865 5764 2904 5817 ι,
2940 5758 3079 5805 extr.
3104 5749 3319 5811 Hosius.
