4028 6226
308 278 445 346 1113

1637 280 1909 341 REGUM
1963 280 2107 343 LIB.
2154 283 2253 343 ιν.

3417 284 3555 354 illi

301 392 466 456 δαίως
515 389 781 454 διατεθεὶς
835 391 893 446 τὸ
949 392 1107 463 ἔργον
1161 394 1464 464 ιπήγαγεν,
1514 394 1882 467 εὑθυϐολήσας

1987 397 2249 454 allinitatc
2281 398 2631 471 imperatoris
2654 399 2893 470 glorians
2926 401 3163 455 minatus
3192 410 3277 455 est
3308 403 3405 457 tibi
3438 404 3564 459 bel‘-.

305 484 441 555 πρὸς
465 483 556 537 τὸν
597 483 860 554 πολέμιον
882 484 978 537 σὺν
999 484 1306 549 ἐπιλέκτοις
1328 488 1422 540 καὶ
1439 488 1499 541 οὑ
1524 486 1715 554 πλήθει
1748 505 1875 541 τοσ-

301 576 443 647 ούτῳ
471 576 859 646 μεστούμενος.
890 577 954 629 '0
971 576 1070 629 οὑκ
1100 575 1342 648 ἐλελήθει
1364 578 1458 632 τὸν
1480 580 1719 652 Ἀμερ⁶¹
1740 579 1872 651 (85)’

298 668 481 739 φυγὰς
503 672 611 741 γάρ
646 687 730 734 τις
764 668 1051 740 Ῥωμαίων
1083 671 1221 742 πρὸς
1248 671 1412 726 αὑτὸν
1438 674 1625 727 ἄπεισι
1649 673 1760 743 (86)
1784 674 1875 727 καί

302 778 434 833 φησι
458 778 472 793 ’
505 780 524 814 ι
554 762 801 816 Γνωστὸν
827 762 966 815 ἔστω
992 779 1099 827 σοι,
1127 764 1328 836 Ἀμερ,
1348 764 1641 837 Πετρωνᾶς
1670 766 1876 829 ἐκεῖνος

301 854 331 906 6
385 857 522 926 πρὸς
576 854 766 922 γένους
819 853 914 906 τοῦ
958 853 1223 925 βασιλέως
1274 855 1336 910 τὸ
1400 858 1679 928 αἰδέσιμον
1737 856 1877 927 ἔχων

300 942 579 1015 ἑπηύχησε
609 944 937 1016 περιθέσθαι
968 963 1051 999 σοι
1082 945 1317 1018 πόλεμον
1337 962 1352 977 ο
1389 948 1512 1004 ὅθεν
1546 949 1705 1002 αὑτὸν
1736 948 1877 1002 ἀπά-

301 1051 402 1105 σης
417 1035 515 1105 τῆς
531 1037 790 1106 στρατιᾶς
811 1037 1166 1108 ἡγεμονεύειν
1185 1039 1535 1110 προσέταξεν.
1552 1041 1689 1111 Παρ⁹
1707 1034 1751 1110 ᾧ
1766 1040 1876 1113 (87)

303 1124 687 1199 συνήθροισται
738 1130 846 1193 πᾶς
878 1131 906 1181 6
946 1130 1054 1184 τῶν
1086 1130 1336 1201 θεμάτων
1390 1132 1618 1202 στρατὸς
1647 1133 1741 1187 καὶ
1785 1133 1875 1198 ἐξ-

301 1217 596 1283 ὡπλισται,
624 1219 724 1289 τὴν
756 1218 896 1273 κατά
938 1219 1032 1274 σού
1062 1222 1241 1293 μάχην
1278 1224 1817 1294 πραγματευόμενος.
1850 1242 1869 1276 ι

300 1309 436 1363 Τότε
469 1312 649 1382 Ἀμερ
684 1314 799 1376 τοῖς
826 1312 916 1365 ὑπ’
949 1313 1110 1367 αὑτὸν
1147 1314 1469 1385 ταξιάρχαις
1518 1314 1581 1368 τὸ
1613 1316 1876 1370 ἀκουσθὲν

299 1401 677 1473 παρεγύμνου,
703 1404 756 1456 τί
787 1404 921 1475 δρᾷν
943 1404 1047 1476 χρὴ
1079 1405 1213 1475 πρὸς
1244 1405 1400 1460 τοῦτο
1429 1406 1875 1476 διερευνώμενος.

299 1492 367 1547 Ol
407 1492 464 1546 δὲ
488 1495 624 1566 πρὸς
649 1496 811 1548 αὑτὸν
838 1497 1157 1569 όμοφρόνως
1182 1493 1336 1551 εἶπον
1355 1513 1368 1527 ⁵
1412 1516 1431 1550 ι
1456 1498 1530 1550 τὸ
1557 1499 1689 1569 παρ⁹
1718 1502 1750 1569 ἠ
1760 1499 1876 1569 μῶν

298 1585 543 1653 γεγονὸς,
564 1579 608 1639 ὦ
626 1587 670 1618 ⁸⁸
691 1589 872 1659 Ἀμερ
902 1587 1035 1659 (88),
1056 1587 1201 1641 κατά
1228 1589 1327 1657 τῆς
1356 1589 1711 1659 ἐπικρατείας
1745 1591 1879 1643 Ῥωο

302 1676 480 1747 μαίων
518 1677 918 1749 ἀνδραγάθημα
950 1678 1123 1743 οὐδεὶς
1156 1678 1265 1733 τῶν
1295 1679 1402 1751 πρὸ
1429 1679 1585 1750 ἡμῶν
1624 1679 1875 1751 ἐξειργά-

301 1784 432 1820 σατο
453 1769 518 1823 ⁸³.
562 1770 637 1823 Οὑ
695 1769 885 1839 χρείαν
915 1770 1027 1841 ἔχει
1079 1770 1324 1834 πλείονος
1363 1772 1651 1843 ἐργασίας.
1695 1773 1812 1827 ἀλλ’
1845 1773 1879 1845 ἢ
1914 1760 1954 1815 Β

302 1859 566 1929 ’παρεῖναι-
581 1859 625 1889 ⁵⁸
639 1858 750 1929 (89)
770 1860 888 1914 ὁδὸν
910 1861 1009 1929 τὴν
1032 1860 1167 1931 πρὸς
1189 1862 1289 1932 τὴν
1319 1860 1502 1933 χώραν
1524 1862 1703 1933 ἡμῶν,
1724 1862 1791 1917 δι’
1811 1857 1879 1934 ἦς

300 1947 621 2019 ἀφιξώμεθα
639 1950 773 2020 (90).
801 1952 910 2004 Καὶ
932 1952 979 2004 εί
1004 1952 1105 2021 μὲν
1124 1953 1152 2004 6
1181 1953 1472 2017 Πετρωνᾶς
1492 1951 1704 2008 διώκων
1732 1955 1881 2026 ἡμᾶς

301 2042 622 2108 καταλάϐοι,
649 2043 951 2113 τηνικαῦτα
983 2043 1158 2115 τούτῳ
1186 2046 1619 2117 παραταξόμεθα
1639 2048 1683 2080 ⁸⁸
1703 2065 1717 2079 ·
1742 2051 1791 2102 εἰ
1822 2049 1880 2103 δὲ

299 2135 460 2189 τοῦτο
480 2135 562 2208 μὴ
586 2136 929 2207 συναντήσοι,
968 2138 1026 2190 ὲν
1055 2138 1168 2200 τοῖς
1197 2137 1347 2199 ἰδίοις
1381 2139 1601 2204 πάντως
1649 2140 1881 2193 ἀπελευ-

303 2228 529 2297 σόμεθα.
545 2246 568 2280 ›
585 2228 755 2292 Αὑτδς
778 2229 836 2282 δὲ
866 2230 894 2282 6
918 2229 983 2282 ’Ἃ
994 2245 1099 2299 μερ
1127 2229 1201 2293 ὡς
1224 2228 1379 2293 εἴτις
1408 2230 1569 2294 ἄλλος
1591 2232 1881 2303 οί-ηματίας

300 2319 472 2372 τελῶν
499 2319 610 2390 (91)
634 2321 730 2373 καὶ
767 2321 1074 2392 ὑπέροπλος
1110 2321 1217 2393 ἔφη
1240 2339 1254 2354 ·
1295 2340 1324 2374 ι.
1345 2322 1619 2394 Οὐδαμῶς·
1644 2324 1705 2378 τὸ
1746 2327 1879 2395 παρ’

304 2410 460 2481 ὑμῶν
486 2411 773 2482 βουλευθὲν
801 2415 1198 2486 διαπράξομαι,
1221 2416 1295 2480 ὡς
1320 2414 1387 2470 ἂν
1412 2416 1487 2488 μὴ
1518 2419 1725 2482 ἐκεῖνος
1758 2418 1882 2489 ἐμοὶ

299 2499 503 2554 δειλίαν
535 2504 630 2555 καὶ
666 2503 910 2573 δρασμὸν
950 2504 1343 2576 ὲπιγράψοιτο·
1393 2507 1475 2560 διὸ
1516 2507 1715 2576 ἄπειμι
1746 2509 1883 2576 πρὸς

299 2592 734 2665 ἀντιπαράταξιν
768 2595 957 2649 αὑτοῦ.
998 2614 1017 2647 ι
1054 2596 1344 2659 Διοδεύσας
1385 2596 1442 2649 δὲ
1471 2596 1579 2651 ἀπὸ
1625 2597 1881 2663 ’Δμινσοῦ

300 2685 431 2737 ὡσεὶ
471 2685 625 2755 μίλια
651 2687 698 2717 ⁸⁵
729 2686 841 2756 (9‘2)
873 2685 937 2755 9“
974 2686 1051 2756 τῷ
1099 2686 1405 2757 ’ὰϐυσιανῷ
1447 2690 1707 2760 καταντᾷ,
1742 2690 1884 2743 κατὰ

302 2777 558 2847 συνορίαν
578 2776 822 2831 τελοῦντι
858 2778 957 2849 τῆς
986 2796 1059 2832 τε-
1083 2778 1462 2847 Παφλαγονίας
1494 2779 1589 2832 καὶ
1622 2778 1717 2832 τοῦ
1760 2779 1883 2850 Ἀρ⁸

303 2868 581 2938 μενιακῶν
610 2869 870 2939 θέματοςξ,
896 2870 979 2932 εἰς
1025 2869 1116 2922 τὸν
1154 2869 1332 2940 χῶρον
1367 2868 1427 2933 ὃς
1465 2870 1882 2939 κατωνόμασται

300 2958 583 3029 Πόρσοντα
605 2960 738 3029 (93),
764 2961 822 3012 ἐν
856 2954 901 3029 ᾧ
934 2960 1069 3031 δρος
1088 2953 1415 3032 καθέστηκε,
1450 2961 1574 3015 καθ’
1596 2962 1625 3014 δ
1651 2962 1679 3014 6
1704 2962 1885 3033 'Aprp

302 3052 593 3124 ὲσκήνισεν
635 3052 769 3123 (94),
817 3053 936 3123 ἦτοι
974 3050 1071 3106 τοῦ
1116 3054 1277 3123 δρους
1319 3054 1551 3118 ἐκεῖθεν,
1584 3055 1677 3108 καὶ
1712 3057 1740 3109 6
1782 3055 1883 3108 ﬂs-
1907 3090 1953 3151 Ο

301 3146 516 3215 τρωνᾶς
548 3144 722 3200 ἐνθεν.
756 3144 968 3208 Νυκτὸς
1001 3144 1063 3198 δὲ
1084 3145 1504 3216 καταλαϐούσης
1539 3148 1882 3216 στρατηγοὺς

303 3235 581 3305 δκπέμπει
601 3234 710 3288 τῶν
735 3235 1060 3306 εὐδοκίμων,
1087 3236 1568 3306 ὲπαναϐεϐηκέναι
1598 3238 1694 3291 τοῦ
1721 3237 1882 3309 θρους

307 3326 401 3378 καὶ
427 3324 769 3396 ὶγκρατῆσαι
804 3326 992 3389 αὑτοῦ,
1016 3327 1106 3380 ἵνα
1135 3326 1210 3397 μὴ
1237 3327 1429 3380 τούτου
1459 3330 1516 3380 ὲν
1557 3328 1883 3399 κατασχέσει

306 3416 569 3485 γένωνται
600 3416 649 3469 οἱ
682 3416 950 3487 πολέμιοι.
993 3419 1172 3471 Ταὺτδ
1208 3418 1273 3489 δὴ
1302 3418 1462 3472 τοῦτο
1506 3419 1601 3473 καὶ
1642 3420 1671 3471 6
1702 3420 1883 3492 Ἀμερ

301 3505 602 3575 εἰργάσατο
620 3506 755 3575 (95).
789 3506 936 3576 Πρὸς
964 3508 1030 3577 τῇ
1065 3505 1335 3561 ἀναϐάσει
1362 3506 1419 3559 δὲ
1451 3506 1545 3560 τοῦ
1574 3507 1734 3576 ὅρους
1760 3524 1885 3561 ουν-

303 3599 619 3668 ηντηκότων
652 3599 923 3670 ἀλλήλοις,
978 3601 1349 3670 ὑπερίσχυσεν
1382 3601 1411 3654 6
1456 3601 1587 3664 Θεὸς
1628 3601 1719 3655 τὸν
1758 3602 1886 3656 λαὸν

302 3690 470 3745 αὑτοῦ
529 3693 624 3744 καὶ
679 3692 804 3754 τοὺς
848 3691 1258 3761 ἀναϐεϐηκότας
1317 3692 1600 3763 εὐθαρσῶς
1664 3693 1884 3745 κατεϐί-

304 3783 502 3836 ϐασενο
540 3783 636 3853 ἐφ’·
662 3784 692 3837 6
736 3784 830 3836 καὶ
876 3785 904 3837 6
936 3785 1226 3854 Πετρωνᾶς
1260 3783 1399 3854 μετά
1446 3784 1542 3838 τοῦ
1584 3785 1675 3838 ὑπ’
1726 3785 1887 3839 αὑτὸν

306 3876 508 3939 παντὸς
554 3875 687 3929 λαοῦ
734 3875 1102 3945 ἀναϐέϐηκεν.
1143 3876 1430 3945 Συμϐολῆς
1481 3876 1540 3930 δὲ
1589 3878 1888 3947 γενομένης

302 3968 417 4021 τῶν
440 3969 718 4040 ἑκατέρων
740 3967 944 4037 μερῶν,
969 3969 996 4020 6
1021 3966 1332 4020 ἐπιϐλέπων
1357 3966 1492 4029 Θεὸς
1519 3967 1614 4019 ἐπὶ
1635 3968 1889 4020 ταπεινὸν

306 4061 404 4114 καὶ
448 4061 624 4129 πρᾶον
652 4060 746 4112 καὶ
780 4060 911 4122 τοὺς·
931 4057 1100 4112 αὑτοῦ
1150 4058 1425 4129 τρέμοντα
1456 4057 1671 4126 λόγους,
1714 4061 1742 4111 ό
1776 4059 1888 4122 τοῖς

304 4150 691 4222 ὑπερηφάνοις
716 4149 1210 4220 ἀντιτασσόμενος,
1250 4149 1341 4201 τὸν
1392 4148 1491 4219 μὲν
1526 4148 1888 4221 ὲκραταίωσε,

304 4243 401 4297 τὸν
432 4242 488 4296 δὲ
519 4243 831 4314 ὲσάθρωσεν
859 4242 1003 4312 (96)·
1030 4243 1126 4296 καὶ
1164 4241 1479 4312 παραυτίκα
1509 4244 1537 4296 6
1573 4243 1752 4313 Ἀμερ
1783 4258 1891 4313 μα-

304 4330 477 4402 χαίρᾳ
528 4330 967 4402 πεποινηλάτητο
994 4333 1060 4396 ⁸⁷,
1102 4325 1276 4402 οὗπερ
1315 4331 1696 4404 ἀναιρεθέντος
1735 4331 1764 4383 6
1798 4332 1890 4384 ὑπ’

1982 489 2097 546 lum
2140 490 2378 546 inferre:
2426 500 2765 562 quapropter
2815 507 2942 546 eum
2995 492 3255 547 universo
3289 496 3555 549 exercitui

1985 601 2220 657 praeesse
2244 585 2425 656 jussit.
2464 585 2546 641 Ab
2572 601 2637 641 eo
2671 586 2915 642 collectae
2961 595 3093 640 sunt
3125 601 3315 642 omnes
3346 586 3555 642 thema-

1985 684 2101 731 tum
2134 676 2309 747 capia:
2336 685 2393 731 et
2426 674 2595 730 armis
2619 676 2927 744 instructae,
2981 673 3177 745 ιιι-ωηο
3218 668 3485 729 adversus
3508 686 3560 730 te

1984 776 2207 839 paratae.
2242 787 2261 820 ι
2295 769 2637 824 ΤυιιεΑηιει·
2682 767 2799 822 suis
2845 766 3081 824 ducibus
3136 766 3399 823 revelavit
3428 767 3560 837 quid

1983 858 2304 925 audivisset,
2353 857 2486 928 quid
2530 856 2841 913 faciendum
2884 857 2951 912 ad
2995 857 3112 912 hac
3156 857 3230 912 sit
3289 872 3559 926 quaerens.

1984 952 2066 1008 illi
2098 950 2323 1006 verotad
2341 966 2467 1006 eum
2488 949 2824 1005 unanimiter
2857 949 3150 1005 dixerunt:
3195 967 3213 1001 ι
3240 950 3348 1003 Res
3374 948 3564 1018 quales

1983 1058 2107 1109 nos,
2136 1058 2169 1097 ο
2192 1044 2378 1107 Amer,
2405 1040 2677 1112 gessimus
2701 1041 2963 1095 adversus
2988 1041 3358 1095 Romanorum
3390 1041 3563 1111 impe-

1985 1133 2150 1197 rium,
2181 1147 2345 1187 nemo
2374 1139 2502 1187 ante
2530 1147 2635 1187 nos
2666 1132 2872 1203 gessit:
2921 1148 3033 1187 non
3062 1138 3148 1187 est
3178 1148 3319 1202 opus
3358 1132 3564 1207 majore

1984 1224 2224 1295 negotio,
2258 1221 2355 1279 sed
2396 1231 2607 1278 tantum
2648 1221 2737 1276 via
2766 1220 2823 1276 in
2854 1230 3099 1276 nostram
3124 1221 3429 1292 regionem,
3466 1237 3567 1292 per

1984 1300 2147 1387 quam
2193 1312 2629 1387 proficiscamur.
2668 1314 2736 1367 Et
2776 1313 2833 1369 si’
2874 1312 3099 1383 quidem
3153 1314 3417 1369 Petronas
3466 1328 3567 1369 nos

1983 1421 2326 1481 persequens
2356 1405 2733 1477 occupaverit,
2790 1414 2922 1460 tunc
2951 1404 3064 1475 96
3114 1415 3307 1460 contra
3342 1420 3466 1460 eum
3512 1404 3566 1459 in

1983 1501 2101 1556 acie
2147 1502 2557 1556 consistemus:
2613 1498 2699 1553 sin
2736 1498 2792 1553 id
2841 1514 2953 1554 non
2992 1498 3226 1563 accidat,
3261 1498 3344 1552 ad‘
3379 1506 3567 1552 nostra

1984 1590 2175 1661 utique
2209 1590 2507 1647 abibimus.
2549 1608 2567 1643 ι
2607 1590 2726 1660 Ipse
2748 1600 2930 1645 autem
2961 1591 3148 1656 Amer,
3178 1589 3223 1645 si
3253 1590 3377 1660 quis
3430 1589 3571 1645 alius

1985 1699 2247 1754 arrogans
2262 1692 2318 1739 et
2343 1684 2786 1754 supcrbus,dixit
2806 1683 3300 1753 :«Haudquaquam
3326 1692 3570 1737 vestrum

1984 1776 2273 1831 consilium
2305 1792 2600 1846 exsequar,
2641 1791 2710 1829 ne
2752 1775 2843 1829 ille
2894 1773 3249 1828 formidinem
3283 1782 3379 1827 aut
3419 1774 3574 1843 fuga-

1982 1869 2204 1925 citatcm
2236 1868 2369 1924 mibi
2404 1869 2661 1937 imputet.
2706 1865 2887 1932 Quare
2918 1865 3239 1936 proﬁciscar
3278 1864 3333 1918 in
3398 1864 3570 1918 aciem

1982 1969 2171 2017 contra
2200 1976 2379 2016 eum.)
2417 1955 2897 2027 Profectusqueab
2917 1955 3109 2011 Amiso
3131 1954 3287 2025 quasi
3318 1952 3572 2008 milliaria

1982 2054 2281 2123 quingenta
2342 2052 2411 2106 ad
2453 2051 2811 2121 Amysianum
2867 2047 3123 2118 pervenit
3156 2047 3212 2101 in
3261 2044 3576 2100 conﬁnibus

1982 2144 2367 2215 Paphlagonia:
2414 2151 2471 2197 et
2503 2140 2818 2196 Armeniaci
2861 2138 3143 2203 thematis,
3176 2138 3230 2191 in
3268 2138 3449 2192 locum
3477 2136 3573 2205 qui

1982 2228 2247 2291 Porsenta
2294 2232 2522 2293 dicitur,
2554 2230 2650 2285 ubi
2691 2242 2851 2283 mons
2875 2235 2982 2293 est,
3017 2226 3180 2296 apud
3210 2243 3373 2296 quem
3408 2229 3575 2280 Amer

1984 2327 2337 2385 tabernacula
2372 2325 2595 2395 posuit;
2635 2324 2752 2391 ipse
2780 2322 2837 2375 in
2867 2321 3040 2375 altera
3067 2328 3221 2389 parte
3258 2321 3482 2384 montis,
3518 2329 3573 2373 et

1984 2421 2038 2476 in
2071 2421 2243 2474 altera
2279 2418 2564 2472 Petronas.
2590 2413 2729 2469 Cum
2755 2421 2941 2466 autem
2969 2426 3081 2464 nox
3112 2411 3376 2472 venisset,
3402 2408 3574 2463 duces

1983 2510 2154 2564 mittit
2186 2509 2454 2563 Petronas
2494 2520 2560 2560 ex
2594 2502 3013 2574 probatioribus
3062 2500 3158 2571 qui
3195 2498 3575 2554 conscendant

1984 2609 2229 2656 montem
2282 2612 2523 2668 eumque
2558 2604 2851 2664 occupent,
2887 2610 2958 2649 ne
3004 2593 3195 2648 hostes
3242 2606 3369 2647 eum
3431 2590 3578 2645 obti-

1984 2703 2171 2751 neant.
2222 2691 2378 2759 Quod
2428 2690 2572 2745 idem
2618 2696 2674 2744 et
2706 2687 2872 2742 Amer
2922 2685 3077 2742 fecit.
3111 2682 3360 2753 Ciumque
3406 2682 3461 2736 in
3492 2697 3580 2737 asa

1984 2802 2155 2843 censu
2188 2783 2396 2840 montis
2437 2782 2545 2837 sibi
2576 2779 2918 2843 obviassent,
2948 2774 3247 2847 pravalere
3278 2774 3409 2829 fecit
3432 2773 3579 2828 Deus

1985 2878 2249 2950 populum
2285 2892 2471 2941 suum,
2520 2888 2725 2943 eosque
2762 2869 2859 2941 qui
2906 2869 3270 2925 ascenderant
3315 2866 3579 2921 audacter

1986 2968 2228 3041 aggressi
2289 2966 2633 3038 deiecerunt,
2705 2972 2761 3017 et
2818 2963 3087 3017 Petronas
3142 2972 3386 3015 montem
3448 2973 3576 3014 eum

1986 3060 2138 3116 omni
2172 3075 2269 3115 sua
2309 3056 2663 3113 multitudine
2698 3053 2977 3110 ascendit.
3009 3052 3283 3121 Factaque
3315 3049 3575 3107 conﬂictu

1982 3169 2048 3208 ex
2087 3160 2322 3221 utraque
2366 3158 2551 3219 parte,
2591 3146 2758 3211 Deus,
2783 3144 2878 3215 qui
2922 3143 3188 3198 humilem
3238 3139 3468 3211 respicit
3510 3149 3570 3196 ει

1983 3249 2335 3297 mansuetum
2370 3253 2611 3307 suosque
2646 3252 2932 3292 sermones
2975 3243 3329 3298 trementem,
3357 3234 3575 3303 quisu-

1982 3334 2170 3406 perbls
2228 3316 2458 3396 resistit,
2517 3331 2668 3384 buno
2701 3328 3019 3394 roboravit,
3050 3327 3205 3381 illum
3243 3325 3574 3381 debilitavit.

1983 3427 2069 3482 Ae
2116 3423 2406 3481 confestim
2455 3424 2621 3477 Amer
2648 3420 2831 3492 gladio
2872 3434 3066 3489 pennas
3102 3418 3230 3471 dat:
3266 3432 3376 3488 quo
3408 3417 3578 3470 inter-

1983 3517 2131 3573 l'eeto
2186 3515 2366 3571 omnis
2427 3514 2549 3584 ejus
2610 3509 2911 3566 multitudo
2969 3510 3233 3580 dissipata
3286 3507 3577 3580 gladioque

1985 3613 2269 3678 perempta
2293 3613 2398 3669 est,
2428 3618 2493 3658 ac
2515 3602 2630 3657 fere
2664 3601 2923 3656 universa
2946 3600 3134 3670 periit,
3163 3611 3394 3670 excepto
3427 3599 3577 3655 illius

1986 3698 2099 3753 lilio
2124 3712 2249 3753 cum
2292 3710 2399 3749 una
2435 3694 2683 3750 centuria
2716 3692 2889 3765 Halyn
2921 3692 3151 3748 ﬂuvium
3188 3700 3573 3763 transgresso;

1986 3807 2149 3862 quem
2175 3798 2353 3843 tamen
2382 3801 2681 3841 occurrens
2706 3785 2814 3855 97
2849 3786 2900 3840 ei
2927 3785 2980 3839 in
3003 3784 3308 3840 Charsiauo
3334 3782 3576 3837 themate.

1988 3879 2308 3935 merarches
2338 3876 2632 3930 Machaerae.
2664 3875 2846 3929 dictus
2876 3876 3045 3944 cepit,
3070 3876 3305 3944 illosque
3330 3874 3424 3943 qui
3449 3888 3575 3928 eum

1990 3972 2109 4040 ipso
2142 3976 2318 4032 erant,
2347 3976 2407 4022 ut
2435 3964 2853 4036 propemodum,
2884 3964 2996 4018 Deo
3026 3963 3357 4017 miraculose
3382 3971 3577 4032 agente

1992 4060 2048 4114 in
2090 4058 2307 4113 excelso
2348 4056 2604 4117 brachio,
2654 4068 2757 4108 nec
2808 4054 3220 4122 relinqueretur
3278 4051 3477 4121 aliquis
3509 4066 3577 4104 ex

1992 4150 2147 4221 ipsis,
2179 4148 2423 4219 quidque
2451 4144 2744 4201 accidisset
2763 4144 3047 4199 nuntiaret
3074 4143 3127 4197 in
3159 4143 3302 4197 urbe
3331 4143 3574 4211 ipsorum

1992 4238 2176 4294 adhuc
2202 4236 2432 4308 reliquis
2451 4234 2760 4292 Saracenis.
2787 4234 2904 4289 Hoc
2934 4249 3058 4288 cum
3085 4233 3397 4287 nuntiatum
3429 4237 3577 4285 esset

1994 4328 2336 4401 imperatori,
2373 4327 2569 4383 civitas
2593 4324 2897 4380 abundanti
2927 4323 3115 4379 laetitia
3143 4322 3444 4378 cxbilarata
3469 4329 3576 4385 est,

307 4423 473 4477 αὑτὸν
503 4424 648 4487 ἅπας
692 4423 821 4489 λαὸς
854 4423 1204 4477 διεσκέδαστο
1235 4424 1329 4477 καὶ
1363 4422 1549 4493 ξίφους
1583 4424 1884 4495 ἐγχείρημα

1993 4438 2056 4478 ac
2082 4423 2349 4477 Petronas
2394 4419 2782 4491 magistrorum
2819 4416 2991 4489 gloria
3033 4416 3347 4471 decoratur.
3377 4414 3448 4470 Ut
3478 4428 3575 4466 au-

1601 4561 1838 4617 VARUE
1879 4560 2285 4619 LECTIONES‘.

417 4656 457 4686 '”
488 4655 548 4707 τὸ
572 4656 753 4725 Ἀμερ
785 4653 848 4708 L.
928 4654 971 4685 ⁶²
994 4651 1233 4721 γεγονὼς
1258 4652 1286 4705 6
1311 4652 1490 4776 Ἀμερ
1530 4652 1593 4707 L.

417 4725 504 4776 int.
531 4724 593 4776 L.
668 4726 713 4757 ⁵⁸
747 4725 915 4776 nam
938 4723 998 4776 L.
1074 4723 1119 4754 ⁸⁷
1149 4725 1379 4776 πεποινή
1418 4740 1514 4776 ατο
1544 4722 1593 4776 1.

310 4725 504 4796 script.
531 4724 593 4781 L.
650 4722 915 4796 ’δίμήλια
938 4723 998 4778 L.
1074 4723 1119 4754 "
1149 4722 1514 4793 πεποινήλατο
1544 4722 1606 4777 L.

1668 4656 1715 4694 ⁸³
1744 4654 2063 4726 ἐξείργαστο
2079 4656 2142 4711 ν.
2221 4655 2267 4687 ⁸³
2287 4652 2542 4725 παραινεῖ
2576 4650 2637 4704 ι..
2714 4649 2760 4681 ⁸⁸
2782 4644 3248 4719 παραταξώμεθα,
3275 4661 3303 4696 ο
3334 4660 3503 4715 supra
3528 4664 3574 4699 ω

1502 4835 1743 4894 STEPH.
1781 4837 2128 4895 BERGLEBI
2157 4836 2391 4895 ΝΟΤΛΕ.

385 4952 497 5023 (85)
532 4954 609 5008 lta
640 4952 904 5023 scriptum
930 4992 945 5015 ,
993 4950 1225 5009 solemni
1260 4952 1693 5023 hallucinationc
1735 4953 1883 5008 circa

309 5041 342 5077 ο
366 5022 517 5095 σιω.
546 5023 708 5095 Forte
735 5022 813 5093 τῷ
842 5024 1141 5094 scripserat
1162 5030 1356 5078 auctor
1384 5022 1472 5095 [ut
1506 5040 1559 5094 p.
1584 5022 1701 5095 80].
1733 5023 1885 5079 Alias

309 5103 371 5149 et
393 5093 482 5146 τὸν
506 5094 611 5164 legi
642 5103 843 5163 potest.

389 5164 500 5233 (86)
526 5162 803 5233 Scriptum
836 5163 1023 5217 ἅπισιν
1050 5177 1117 5216 ex
1150 5162 1468 5220 iotacismo.

385 5235 499 5303 (87)
532 5235 610 5288 Ita
641 5235 931 5305 scriptum_.
966 5233 1157 5287 Potius
1186 5234 1316 5304 παρ’
1355 5235 1406 5298 ὅ,
1435 5236 1702 5305 quocirca,
1740 5251 1877 5305 qua-

316 5298 556 5374 propter,
584 5312 681 5357 aut
710 5298 842 5372 παρ’
867 5298 950 5366 οὗ,
974 5321 1006 5356 a
1037 5320 1162 5373 quo.

386 5372 498 5443 (88)
540 5373 817 5443 Scriptum
864 5372 1105 5443 γεγονὼς
1143 5374 1191 5426 6.
1228 5372 1471 5443 Apparet
1515 5384 1696 5431 autem
1752 5374 1885 5430 hinc

316 5442 554 5496 maxima
588 5442 839 5497 socordia
864 5442 1074 5496 librarii
1106 5443 1251 5498 circa
1278 5442 1391 5499 oet
1418 5462 1485 5498 ω.

390 5510 501 5583 (89)
536 5512 636 5585 ita
672 5512 937 5585 scriptum
966 5552 980 5575 ,
1012 5527 1123 5585 non
1160 5516 1467 5583 παραινεῖν,
1506 5515 1650 5585 quod
1698 5515 1882 5585 aptius

390 5530 501 5583 (δυ)
557 5530 636 5567 Ila
672 5530 937 5581 scriptum
966 5552 980 5575 ,
1012 5530 1123 5566 non
1160 5530 1467 5583 παραινειν,
1545 5530 1650 5570 υοα
1698 5530 1882 5585 aptius

316 5589 492 5656 esset.
519 5581 645 5656 ᾼιιιΔ
665 5580 1173 5656 po_tius_|egendum
1205 5586 1434 5656 περανεῖ
1455 5530 1542 5641 ινιῇ
1584 5588 1883 5656 περαίνειν.

413 5653 480 5706 90
536 5651 779 5707 Balbutit
807 5651 1026 5708 misere.

390 5651 503 5796 iiii)
533 5722 810 5794 Scriptum
839 5722 1026 5782 τελῶν.

414 5722 503 5795 91)
533 5722 810 5794 Scriptum
839 5722 1026 5782 τελῶν.
1057 5722 1207 5781 Solet
1233 5722 1496 5783 librarius
1534 5742 1631 5795 pro
1654 5726 1887 5783 circum-

1988 4953 2128 5009 ﬂexo
2168 4962 2388 5007 acutum
2442 4963 2671 5020 ponere,
2722 4956 2782 5000 ut
2822 4960 2989 5016 supra
3025 4944 3077 4998 in
3137 4944 3435 5020 ﬂerpmvﬁi;
3468 4944 3573 4998 ali-

1986 5024 2254 5095 quoties:
2288 5014 2457 5095 paulo
2497 5028 2625 5075 ante
2668 5028 2852 5095 tamen
2894 5014 3567 5095 'rectenmptgawpévw;

2058 5092 2171 5160 (92)
2206 5082 2584 5165 Ita'scriptum
2634 5088 2824 5159 μήλια,
2865 5102 2973 5140 non
3012 5082 3442 5165 μίλιαζνὶᾱειιιι·
3460 5098 3574 5165 “au-

1986 5153 2096 5219 tem
2156 5153 2452 5217 numerus'
2476 5153 2905 5230 quingentorum
2951 5153 3196 5230 ‘nimius.
3224 5184 3295 5230 :—
3320 5153 3397 5208 lta
3457 5154 3571 5209 fere

1984 5235 2276 5298 scriptum,
2307 5240 2369 5286 ut
2400 5223 2567 5286 etiam
2594 5223 2701 5297 légi
2735 5226 2909 5298 possit
2950 5223 3284 5298 Ἀμυσιανῷ,

2060 5291 2172 5375 (93)
2196 5291 2363 5375 copi,
2394 5317 2448 5371 p.
2479 5301 2502 5375 _t
2519 5291 3028 5375 gs,_tit;i'nsaom.'
3057 5291 3207 5375 vid."
3206 5293 3341 5349 ibid.
3363 5311 3417 5365 ιι.
3444 5295 3566 5375 ξιξ.

1986 5362 2238 5443 Cedr.'p.
2265 5362 2411 5438 546,-
2439 5369 2536 5426 ubi
2589 5367 2921 5422 Πτώσονταο
2974 5363 3119 5435 apud
3171 5362 3306 5422 Zon.
3340 5362 3394 5437 p.
3446 5365 3563 5433 159,

1991 5442 2311 5499 Πτώσαντα.

2080 5513 2173 5580 94)
2198 5512 2276 5567 Ita
2302 5511 2589 5581 scriptum,
2615 5524 2725 5563 non
2753 5507 3089 5576 ἐσκήνωσεν.

2084 5582 2177 5652 95)
2202 5582 2366 5652 εοηι.
2398 5580 2454 5652 p.
2486 5580 2608 5652 ita.

2083 5651 2173 5723 96)
2199 5651 2359 5723 (lout.
2400 5645 2470 5723 'p.
2508 5650 2648 5723 ⁸114,
2691 5647 3025 5723 Sym._Log.
3076 5662 3130 5717 p.
3176 5647 3317 5723 μς),
3360 5645 3557 5717 Georg.

1990 5716 2131 5780 Mdu.
2156 5716 2214 5794 ρ.
2250 5721 2374 5790 555,
2414 5716 2574 5777 Cedr.
2607 5736 2661 5793 p.
2692 5716 2816 5786 517,
2849 5716 3047 5774 Zonar.
3072 5716 3127 5788 p.
3172 5717 3292 5774 159.
