4028 6226
265 239 401 305 1117

1599 240 1872 301 REGUM
1903 241 2050 302 LIB.
2094 245 2192 306 ιν.

3388 246 3531 315 1118ε

271 350 880 423 Ἐπεφιλοχρηματήκει
910 348 1020 422 (15)
1052 347 1161 417 γὰρ
1186 346 1423 415 ἀφειδῶς
1458 347 1672 402 πολλῶν
1702 366 1838 419 κτη-

1954 355 2243 419 sessiones,
2270 356 2367 413 sed
2390 365 2445 411 et
2470 356 2765 426 pretiosas,
2794 358 3085 425 affectans,
3110 375 3342 429 quarum
3375 376 3531 416 com-

258 444 448 515 μάτων
469 443 564 497 κα)⁸
587 445 695 515 μὴν
720 460 773 496 τι
782 442 1007 515 μαλφῶν
1026 440 1336 511 ἐφιέμενος,
1354 432 1432 496 ὧν
1454 440 1551 512 τὴν
1574 442 1765 511 κτῆσιν
1784 442 1841 508 ἐξ

258 535 555 604 ἀναγκαίου
580 533 1064 605 προσελαμϐάνετο
1082 547 1095 562 ·
1125 532 1555 605 ἐπεφιλοτίμητο
1578 532 1687 603 γὰρ
1712 550 1845 603 προ-

260 623 510 692 πομπαῖς
538 622 618 685 εὶς
640 622 811 691 ἀκρον
842 621 937 678 καὶ
968 620 1385 692 σεϐασμιότησι,
1420 621 1479 674 τὸ
1500 620 1726 685 αὔθαδες
1750 624 1843 675 καὶ

256 713 577 777 ἀλαζονικὸν
594 712 982 782 ἐπισπώμενος
1003 713 1139 784 (14),
1164 713 1212 765 εί
1235 712 1328 766 καὶ
1358 712 1498 784 μετά
1519 730 1842 783 σκηνικευο-

258 807 432 877 μένης
459 807 774 877 φρονήσεως
798 803 896 857 καὶ
916 804 1154 875 ἀρχικῆς
1188 804 1581 869 καταστάσεως
1600 805 1779 876 ἥττων
1796 807 1840 837 τ’

254 894 323 971 ἦν
362 898 474 952 τῶν
515 899 577 965 ἐξ
613 898 871 969 ἀληθείας
921 898 1327 969 βελτιωμάτων.
1366 898 1457 964 Ἐξ
1490 892 1565 952 ὧν
1598 900 1843 969 ἀσχέτως

254 990 536 1044 ἐδασιλεία
566 990 697 1061 (15),
728 990 958 1061 Μιχαὴλ
998 989 1374 1061 ἐπαυχενίζων
1422 991 1516 1045 τοῦ
1554 991 1842 1061 βασιλέως,

252 1075 356 1150 qi"
381 1082 728 1153 παρορᾶσθαι
759 1083 859 1153 μὲν
881 1082 1139 1146 πολλάκις
1164 1082 1228 1136 ἐκ
1247 1100 1306 1136 τε
1326 1082 1438 1153 (16)
1464 1083 1572 1137 τῶν
1604 1076 1843 1155 συγκλη-

250 1173 426 1229 τικῶν
461 1174 761 1242 ἐξεγένετο,
792 1174 934 1242 τάχα
966 1173 1021 1227 δέ
1048 1173 1141 1227 καὶ
1166 1173 1253 1227 διά
1285 1174 1345 1226 τὸ
1384 1173 1705 1227 ἁλίσκεσθαι
1729 1174 1840 1247 (17)

252 1266 608 1337 φιλοθεάμονι
636 1267 730 1320 καὶ
758 1265 1177 1338 φιλιπποδρόμῳ
1208 1265 1470 1337 προθέσει
1497 1265 1590 1320 τὸν
1635 1266 1844 1322 ἄνακτα

249 1357 315 1412 δι’
358 1356 699 1428 ἀπροσεξίαν
737 1357 850 1413 τῶν
896 1357 1221 1427 ἀμεινόνων,
1258 1357 1291 1429 ἢ
1335 1357 1498 1427 τυχὸν
1527 1358 1620 1411 καὶ
1658 1358 1845 1430 ἡλικίᾳ

249 1451 316 1521 τῇ
348 1448 625 1519 νεαζούσῃ
653 1448 1149 1521 παραριπίζεσθαι.

321 1540 403 1596 Οὐ
436 1541 544 1612 μὴν
560 1541 616 1595 δὲ
646 1542 856 1612 Βάρδας
884 1544 1051 1613 μόνης
1081 1543 1182 1613 τῆς
1216 1543 1494 1611 βασιλείας
1520 1546 1661 1619 ἐρῶν
1684 1548 1844 1617 ἐτυρ-

252 1633 474 1700 6ἀζετο,
494 1633 632 1687 ἀλλὰ
664 1635 760 1688 καὶ
788 1634 897 1689 τῶν
926 1636 1025 1705 τῆς
1057 1634 1394 1706 Ἐκκλησίας
1420 1638 1709 1709 ἐγκρατεῖν
1746 1639 1845 1692 οὐκ

251 1699 494 1779 ἐπαύετο
524 1725 666 1796 (18),
697 1725 839 1779 ὥστε
870 1699 1122 1781 καθελεῖν
1165 1699 1266 1781 του
1293 1699 1689 1802 ἀρχιερατικοῦ
1719 1730 1849 1800 θρό-
1878 1699 1921 1755 Β

240 1836 345 1891 ,νου
372 1817 466 1872 τὸν
496 1817 694 1887 σεμνὸν
758 1817 1025 1886 Ἰγνάτιον
1054 1819 1473 1890 διασκέψασθαι,
1509 1820 1588 1893 τῷ
1643 1822 1851 1893 ἀπεῖρ-

257 1907 387 1979 χθαί
448 1925 583 1962 ποτε
625 1907 914 1971 κοινωνίας
938 1908 1103 1962 αὑτὸν
1134 1912 1278 2007 καῖά
1302 1929 1355 1964 τι
1381 1911 1487 1965 τῶν
1507 1913 1852 1967 ἀπευκταίων

253 1999 567 2070 ἐλάτὲωμα,
590 1999 618 2053 ὃ
650 2000 788 2074 πρὸς
845 1999 1103 2055 ὑπόνοιαν
1162 1999 1639 2075 πᾶρενέσκηπτεν,
1677 2004 1853 2059 είνκα).

253 2092 389 2163 παρ’
415 2092 582 2147 αὐτοῦ
634 2093 898 2155 πολλάκις
937 2094 994 2146 ἐν
1028 2092 1203 2166 ταύτῃ
1261 2095 1473 2165 δεχθεὶς
1510 2094 1850 2158 νουθετικαῖς

256 2202 317 2240 τε
384 2185 720 2255 συμϐουλαῖς
758 2185 834 2256 μὴ
871 2184 1120 2248 πεισθεὶς
1168 2186 1212 2218 ’⁵
1276 2186 1474 2239 ἑαυτὸν
1530 2186 1851 2257 δοκιμάζειν

255 2279 379 2332 καθ’
426 2278 462 2331 ἃ
513 2279 590 2349 τῷ
646 2278 844 2349 Παύλῳ
911 2278 1359 2348 νενομοθέτηται,
1418 2280 1733 2344 ἀνευλαϐὦς
1773 2280 1850 2351 τῷ

254 2370 539 2438 ἀγιάζοντι
572 2372 824 2441 πρόσεισι
880 2371 976 2426 καὶ
1026 2370 1317 2435 πολλάκις·
1353 2372 1434 2426 διὸ
1486 2374 1544 2425 ἐν
1600 2375 1702 2443 μιᾷ
1738 2374 1849 2442 (19)

256 2464 355 2534 τῆς
406 2464 701 2535 ἀδιαφόρου
784 2464 991 2535 τόλμης
1043 2465 1491 2534 ἀπορραπίζεται
1552 2464 1690 2533 (20),
1759 2465 1852 2516 καὶ

255 2555 469 2611 ἀπειλεῖ
496 2555 617 2609 κατ’
642 2554 807 2607 αὐτοῦ
861 2555 979 2624 μεθ’
1024 2554 1236 2623 ὕϐρεων
1294 2553 1546 2623 χαλεπῶν
1605 2553 1705 2622 τῆς
1756 2555 1852 2622 ἁρ-

256 2648 596 2718 χιερωσύνης
616 2646 779 2699 αὑτὸν
812 2644 1202 2716 καθαιρήσειν,
1242 2643 1849 2714 προσεπιθησόμενοςτδ

254 2734 549 2805 αίκισμούς
577 2734 714 2805 (21).
754 2734 852 2797 Ὃς
884 2734 1002 2803 μετ’
1032 2733 1215 2802 ὀλίγον
1264 2733 1355 2786 τὸν
1388 2734 1630 2787 τοιοῦτον
1682 2733 1851 2805 ἄνδρα

253 2831 353 2899 τῆς
384 2830 587 2901 ἀρετῆς
622 2826 942 2898 ματαιώσας
981 2829 1091 2889 τοῖς
1141 2827 1262 2880 κατ’
1285 2826 1452 2881 αὐτοῦ
1507 2828 1852 2884 σκενασθεῖσι

250 2922 355 2991 τῆς
384 2921 681 2990 ἐκκλησίας
710 2920 1033 2989 καθίστησιν
1081 2918 1363 2990 ἔκϐλητον,
1420 2919 1511 2974 τὸν
1566 2921 1703 2992 μετὰ
1737 2921 1849 2994 (22)

1944 449 2291 519 parationem
2324 448 2639 515 necessario
2691 449 3058 517 suscipiebat:
3094 450 3349 506 studebat
3376 453 3524 505 enim

1942 556 2161 612 pompae
2205 526 2557 611 sunImOpere
2585 552 2641 597 et
2670 539 3111 611 magnificentia,
3157 542 3530 611 arrogantiam

1943 646 2001 692 et
2028 634 2229 690 fastum
2250 634 2540 704 colligens,
2572 634 2827 703 quamvis
2855 648 2980 688 cum
3011 632 3267 687 simulata
3288 633 3527 702 pruden+

1946 725 2023 780 tia
2055 733 2110 783 et
2160 723 2379 795 imperii
2410 724 2761 781 affectatione
2790 724 3064 793 aspiraret
3095 722 3164 777 ad
3203 737 3299 778 eos
3342 723 3524 792 profe~

1945 826 2067 873 etus
2106 817 2200 887 qui
2229 815 2309 871 rei
2335 816 2566 871 veritate
2597 815 2986 884 probarentur.
3017 814 3197 881 Quare
3234 814 3528 869 immodice

1940 910 2237 971 allectabat
2271 908 2586 978 imperium,
2623 906 2905 962 Michaelis
2950 906 3301 976 imperatoris
3325 904 3549 960 cervici.

1945 1001 2277 1067 imminens;
2307 1000 2420 1071 99
2452 999 2540 1054 cui
2579 1008 2640 1054 ut
2679 1008 3131 1055 contemneretur
3162 1006 3219 1053 et
3253 1014 3283 1051 a
3304 1006 3527 1052 senato-

1944 1095 2045 1150 riis
2071 1094 2207 1149 viris
2240 1108 2383 1163 srepc
2411 1091 2634 1157 accidit,
2666 1090 2807 1147 forte
2832 1091 2961 1161 quia
2994 1099 3288 1162 caperetur
3314 1096 3529 1159 specta-

1947 1187 2089 1243 culis
2131 1202 2198 1241 ac
2238 1186 2388 1241 circo
2424 1184 2591 1239 nimis
2628 1194 2778 1239 esset
2809 1183 3031 1240 deditus
3076 1185 3378 1254 imperator
3401 1194 3533 1251 pro-

1940 1265 2068 1350 pter
2133 1277 2444 1348 neglectum
2506 1276 2801 1331 meliorum
2854 1289 3095 1339 morum,
3149 1278 3245 1328 aut
3296 1269 3530 1327 fortasse

1946 1369 2094 1441 quod
2122 1368 2357 1441 juvenili
2405 1376 2568 1423 atate
2602 1367 2713 1422 huc
2742 1367 2873 1423 illuc
2910 1364 3312 1435 impelleretur.

2018 1556 2127 1612 Sed
2179 1570 2292 1610 non
2352 1554 2531 1623 solum
2601 1551 2910 1623 cupiditate
2960 1548 3271 1621 imperandi
3328 1547 3537 1603 Bardas

1953 1648 2307 1704 turbulentus
2330 1654 2475 1712 erat,
2518 1660 2711 1700 verum
2743 1653 2800 1701 et
2828 1644 3131 1700 Ecclesiam
3181 1642 3389 1697 violare
3417 1657 3545 1696 non:

1954 1739 2265 1805 desinebat,
2321 1738 2460 1796 adeo
2505 1747 2569 1793 ut
2597 1752 2883 1793 removere
2936 1752 2967 1792 a
3001 1735 3133 1791 sede
3180 1731 3548 1805 patriarcha“:

1954 1842 2208 1889 sanctum
2264 1832 2533 1903 Ignatium
2595 1830 2652 1885 in
2713 1828 2961 1883 animum
3022 1826 3333 1889 induceret,
3385 1823 3535 1894 quod

1954 1925 2211 1979 exclusus
2261 1921 2560 1993 aliquando
2601 1920 2999 1978 communione
3068 1917 3138 1973 ab
3189 1932 3260 1972 eo
3313 1916 3531 1978 fuisset,

1955 2023 2186 2085 propter
2224 2013 2503 2083 quoddam
2564 2009 2954 2067 detestandum
2997 2008 3233 2073 crimen,
3288 2006 3435 2076 quod
3478 2005 3535 2059 in

1953 2106 2326 2178 suspicionem
2368 2102 2649 2168 veniebat,
2670 2100 2925 2172 quamvis
2972 2115 3115 2170 sape
3144 2099 3201 2153 in
3237 2112 3358 2153 eam
3377 2110 3534 2151 rece-

1952 2212 2101 2272 ptus,
2134 2197 2602 2255 admonitionibus
2626 2204 2683 2250 et
2712 2193 2962 2249 consiliis
2996 2207 3109 2246 non
3147 2191 3547 2259 obtemperam

1954 2307 2017 2351 ut
2076 2308 2198 2350 sese
2260 2290 2524 2360 probaret
2586 2285 2893 2341 secundum
2974 2283 3129 2338 Pauli
3174 2288 3533 2351 praeceptum,

1954 2387 2328 2440 irreverenter
2356 2379 2426 2433 ad
2452 2385 2704 2432 sanctum
2726 2374 2963 2437 accedit,
3002 2381 3059 2428 et
3104 2373 3339 2441 saepius:
3362 2386 3537 2435 quare

1956 2491 2068 2531 uno
2088 2472 2324 2543 quodam
2366 2470 2462 2525 die
2507 2468 2579 2523 ob
2637 2467 3045 2522 indifferentem
3100 2463 3391 2521 audaciam
3444 2476 3533 2516 re-

1956 2567 2182 2639 pellitur
2228 2579 2353 2618 cum
2392 2559 2770 2631 castigatione.
2820 2558 3001 2629 Atque
3038 2556 3129 2611 hic
3167 2555 3412 2613 minatur
3451 2554 3545 2610 illi.

1956 2675 2082 2715 cum
2134 2653 2485 2713 contumeliis
2544 2652 2825 2722 gravibus,
2869 2667 2901 2705 a
2952 2665 3169 2706 summo
3224 2650 3536 2706 sacerdotio

1956 2759 2321 2814 remotarum,
2355 2747 2679 2802 additurum
2708 2744 2875 2800 etiam
2929 2758 3071 2799 saeva
3103 2742 3381 2799 verbera:
3436 2743 3535 2811 qui

1955 2847 2014 2895 et
2058 2838 2222 2910 paulo
2271 2845 2418 2908 post,
2462 2833 2736 2906 ejusmodi
2784 2833 2989 2898 virum,
3024 2832 3237 2887 virtute
3294 2832 3449 2889 irrita
3478 2839 3537 2887 et

1956 2931 2238 3001 despecta,
2265 2928 2382 2984 suis
2403 2927 2460 2982 in
2492 2942 2619 2982 cum
2642 2923 3148 2981 machinationibus
3175 2938 3244 2979 ex
3299 2922 3541 2978 ecclesia

249 3015 351 3084 τὴν
374 3014 646 3084 τετραετῆ
662 3013 757 3066 τοῦ
776 3014 968 3084 θρόνου
990 3013 1324 3084 κατάσχεσιν
1351 3014 1448 3067 καὶ
1480 3014 1800 3068 τελευταίαν
1824 3016 1845 3047 ⁷

1956 3025 2128 3096 ejicit,
2175 3023 2331 3077 illum
2366 3028 2492 3092 post
2526 3028 2767 3091 quatuor
2798 3031 3071 3073 annorum
3098 3015 3539 3087 patriarcbatum

249 3106 347 3160 τοῦ
371 3105 755 3177 τρισμάκαρος
783 3105 1049 3161 Μεθοδίου
1075 3106 1440 3177 κατ’ἐκλογὴν
1465 3108 1851 3179 προκριθέντα,

252 3199 351 3257 σὺν
381 3197 647 3269 εὐλαϐείᾳ
668 3198 746 3271 τῷ
774 3196 1021 3268 μεγίστῳ
1064 3195 1177 3266 (25)
1204 3197 1315 3251 τῶν
1346 3199 1413 3250 ἐκ
1445 3199 1651 3269 πατρὸς
1700 3198 1854 3269 ὀρθο-

250 3288 421 3353 δόξων
460 3289 773 3343 συστάσεων
797 3291 841 3322 ⁷⁷
870 3289 977 3342 τῶν
1011 3274 1262 3360 μεγάλων
1283 3292 1348 3361 τῇ
1375 3290 1543 3361 ἀρετῇ
1578 3290 1853 3343 Βασιλείου

251 3381 347 3434 καὶ
381 3381 718 3453 Γρηγορίου,
742 3382 852 3435 τῶν
881 3380 1014 3435 υίῶν
1075 3382 1300 3445 Λέοντος
1335 3380 1624 3452 βασιλέως,
1660 3382 1761 3434 κᾶν
1789 3384 1853 3450 τῇ

249 3475 591 3545 τοῦπατρὸς
642 3475 895 3544 ἐπιψόγῳ
964 3473 1179 3545 αἱρέσει
1238 3473 1711 3547 σμικρυνομένων,
1779 3473 1855 3536 ὡς

250 3564 509 3619 ἐντεῦθεν
532 3566 717 3618 λοιπὸν
749 3566 1083 3635 κληροῦσθαι
1108 3566 1229 3609 ⁷⁸-⁸⁰
1276 3567 1335 3619 τὸ
1384 3568 1642 3637 μέγιστον
1676 3567 1784 3618 τῶν
1807 3567 1850 3599 δι

256 3656 512 3728 μεγάλων
541 3655 953 3724 ὲπαναὸέϐηκεν
989 3656 1123 3726 (24).
1165 3658 1508 3726 Ἀντεισάγει
1538 3658 1594 3710 δὲ
1642 3657 1853 3711 Φώτιον

256 3750 632 3819 πατριάρχην,
686 3748 832 3802 κατά
865 3765 918 3801 τι
950 3749 1048 3817 μὲν
1077 3749 1187 3803 τῶν
1224 3749 1510 3819 βελτιόνων
1538 3752 1582 3782 ⁸³
1631 3750 1854 3821 ὖρερτε-
1896 3750 1899 3751 ⁷

254 3840 479 3912 ροῦντα,
522 3840 664 3893 κατά
710 3858 763 3893 τι
808 3839 865 3891 δὲ
897 3838 1369 3909 χθαμαλούμενον.
1418 3843 1535 3910 Ἐφ’
1593 3836 1668 3895 ὧν
1714 3843 1848 3896 καθ-

250 3933 358 4004 όδῳ
420 3932 527 3986 καὶ
561 3935 627 4002 τῇ
654 3932 825 4000 ἀνόδῳ
860 3929 1072 3983 πολλῶν
1101 3929 1562 3999 προσκληθέντων
1613 3932 1713 4000 τῆς
1760 3949 1853 3998 γε-

248 4023 480 4096 ρουσίου
546 4021 745 4092 βουλῆς
820 4022 917 4074 καὶ
969 4019 1199 4082 ταύταις
1272 4021 1851 4091 ἐπισφραγισαμένων,

247 4118 674 4179 Κωνσταντίνος
732 4114 894 4185 μόνος
942 4114 971 4165 ὁ
1026 4113 1320 4184 εἰρημένος
1370 4115 1430 4167 οὐ
1478 4113 1849 4179 κατατίθεται,

250 4208 487 4275 ἐξειπὼν
525 4207 601 4278 μὴ
636 4206 834 4274 ἐξεῖναί
860 4223 969 4260 τινι
998 4205 1107 4258 τῶν
1136 4206 1343 4268 λαϊκοῖς
1369 4206 1692 4272 καταλόγοις
1724 4223 1852 4260 συν-

248 4301 592 4374 ειλεγμένων
624 4300 755 4369 περὶ
804 4298 1067 4352 τοιούτων
1113 4296 1509 4367 ἐγγράφεσθαι.
1550 4298 1626 4351 Οὐ
1687 4298 1850 4369 μέχρι

1959 3118 2245 3173 etobitum
2270 3112 2573 3170 beatissimi
2596 3110 2862 3166 Methodii
2895 3126 2995 3180 per
3020 3108 3348 3165 electionem
3380 3114 3536 3175 apte-

1960 3209 2223 3279 positum,
2249 3222 2374 3262 cum
2407 3205 2644 3260 maxima
2670 3202 3007 3267 reverentia,
3033 3210 3253 3271 patrum
3272 3198 3536 3255 orthodo-

1960 3313 2153 3353 xorum
2177 3296 2295 3367 pari
2324 3294 2533 3365 magnis
2556 3293 2664 3348 illis
2686 3293 2743 3347 in
2773 3291 3003 3355 virtute,
3025 3290 3228 3345 Basilio
3256 3297 3315 3344 et
3328 3287 3537 3359 Grego-

1960 3389 2065 3453 rio,
2116 3390 2245 3444 ﬁliis
2288 3386 2490 3442 Leonis
2534 3384 2903 3457 imperatoris,
2936 3381 3040 3438 etsi
3092 3389 3321 3453 propter
3362 3381 3537 3451 patris

1961 3481 2217 3535 infamem
2245 3478 2480 3534 hazrcsin
2507 3478 2916 3541 minuerentur,
2945 3484 3011 3531 ut
3042 3473 3113 3529 ad
3146 3472 3536 3545 percipiendos

1964 3572 2121 3641 100
2190 3571 2430 3625 honores
2487 3583 2815 3640 magnorum
2868 3567 3139 3623 maximos
3186 3564 3535 3622 ascenderet.

1958 3662 2263 3717 lntroducit
2306 3670 2489 3716 autem
2536 3661 2742 3716 Bardas
2795 3661 2851 3715 in
2876 3660 3060 3715 locum
3107 3659 3228 3730 ejus
3276 3657 3535 3732 Photium

1957 3754 2351 3827 patriarcham,
2376 3754 2434 3807 in
2462 3753 2742 3821 aliquibus
2764 3752 2927 3807 bonis
2954 3751 3325 3821 superiorem,
3351 3749 3407 3805 in
3428 3748 3533 3803 alie

1958 3846 2159 3915 quibus
2194 3842 2531 3898 inferiorem.
2561 3841 2621 3896 In
2652 3857 2890 3910 quorum
2924 3842 3193 3897 descensu
3220 3852 3276 3896 et
3304 3841 3536 3895 adscen-

1958 3952 2042 4000 su,
2085 3950 2209 3989 eum
2245 3934 2403 3988 multi
2439 3932 2691 3987 accersiti
2725 3932 3042 3987 fuissentex
3069 3932 3349 3987 senatorio
3380 3931 3534 3986 ordi-
3636 3967 3641 3971 ~

1957 4042 2026 4079 ne
2085 4039 2324 4095 eumque
2382 4039 2609 4079 assensu
2682 4038 2783 4079 suo
2839 4023 3316 4093 comprobassent,
3376 4023 3532 4077 solus

1955 4117 2368 4182 Constantinus,
2426 4117 2494 4171 de
2558 4132 2668 4185 quo
2731 4114 2993 4183 diximus,
3057 4131 3168 4171 non
3230 4115 3529 4179 consensit,

1955 4210 2149 4266 dicens
2202 4224 2313 4264 non
2368 4207 2537 4263 licere
2582 4208 2839 4277 cuiquam
2875 4221 2942 4260 cx
2978 4206 3243 4261 laicorum
3297 4220 3531 4260 numero

1956 4303 2158 4358 talibus
2186 4300 2433 4356 inscribi.
2462 4299 2581 4354 Non
2609 4314 2673 4354 eo
2718 4306 2928 4353 tantum
2962 4312 3281 4368 processum
3329 4296 3529 4355 adver-

246 4397 443 4450 τούτου
474 4394 549 4448 τὰ
574 4393 697 4447 κατ’
726 4392 889 4446 αὐτόν
920 4408 934 4422 ο
968 4391 1107 4445 ἀλλὰ
1174 4390 1396 4453 πολλαῖς
1422 4392 1716 4460 τιμωρίαις
1749 4394 1849 4460 ἐμ-

1960 4413 2053 4454 sus
2083 4397 2288 4467 ipsum,
2314 4394 2410 4450 sed
2446 4393 2636 4448 multis
2662 4391 2953 4463 suppliciis
2974 4399 3281 4455 exercetur,
3315 4396 3375 4445 ut
3395 4404 3529 4459 pro-

252 4489 611 4560 μεθοδεύεται
634 4487 681 4521 ⁸⁸
712 4487 862 4558 παρὰ
920 4485 1118 4557 μικρὸν
1147 4484 1249 4553 τῆς
1278 4485 1426 4555 ζωῆς
1471 4486 1844 4558 ἀπηλλάχθαι,

1497 4622 1733 4689 ἾΑΒΙᾸΞ

1954 4487 2252 4559 pemodum
2287 4486 2455 4543 vitam
2502 4484 2805 4550 amitteret,
2858 4484 2919 4540 in
2978 4492 3193 4539 tantum
3253 4488 3316 4536 ut
3370 4479 3530 4535 humi

1802 4625 2095 4682 LECTION
2104 4626 2202 4681 ES.

321 4722 636 4801 ν’ἦττονιλο
715 4724 764 4801 '1’
791 4715 859 4795 ᾧ]
896 4723 972 4801 sb:
1003 4721 1071 4801 ιε
1142 4720 1538 4801 ’ἱξτεεσθῇςιι
1583 4722 1650 4801 ,⁷⁸
1681 4724 2291 4801 τεροσεττιτξθῃσόμζενος
2320 4722 2431 4801 ιιι--
2534 4724 2817 4801 τελευτὴν,
2844 4725 3052 4801 potiss-

3147 4724 3191 4757 ""
3230 4724 3444 4792 συνευλ,
3492 4743 3533 4780 οι

252 4791 423 4870 supra
445 4797 659 4866 scripto
783 4791 1027 4867 μέγίστω
1044 4792 1111 4848 L.
1188 4792 1304 4827 "4”
1328 4791 1671 4868 πληροῦσθαι
1697 4791 1759 4847 L.
1836 4794 1882 4825 ⁸¹
1903 4791 2226 4867 τῶν]’τινῶν
2256 4795 2317 4852 L.
2390 4795 2435 4827 ⁸³
2468 4791 2773 4865 βελτιὼνων
2796 4791 2861 4850 [ιζ
2942 4795 2989 4828 ⁸³
3015 4791 3436 4867 ἐνμεθοδεύεται
3460 4792 3526 4852 L.

872 4882 875 4883 ί
1413 4911 1660 4967 STEPH.
1688 4912 2034 4969 annonem
2065 4912 2295 4970 noua.

322 5008 438 5081 (15)
467 5008 549 5081 [ta
576 5006 850 5081 scriptum
870 5021 971 5081 per
1004 5022 1037 5077 η
1070 5005 1127 5061 in
1162 5006 1398 5076 penult.,
1438 5003 1553 5060 non’
1577 5007 1833 5081 per-iota.

325 5076 440 5151 (1.1)
472 5076 1042 5151 linquitur_i_n_volut_e
1077 5084 1132 5151 e_t
1171 5085 1423 5151 centone
1452 5085 1508 5130 et
1556 5076 1833 5151 ambigue.

326 5145 643 5221 (15)_Cedr.
670 5147 889 5221 p_._§47_,
925 5146 1021 5221 ubi
1065 5146 1163 5221 τῇς
1198 5145 1471 5221 βασιλείας
1502 5145 1835 5221 κατεστοχά-

253 5216 403 5288 ζετο.
428 5216 577 5271 Zon.
608 5216 822 5288 p.160,
855 5216 1033 5286 ἐαυτῷ
1064 5216 1163 5284 τὴν
1195 5216 1471 5284 βασιλείαν
1498 5217 1720 5286 ἔμνατο.

327 5290 442 5361 (16)
476 5288 557 5343 Ila
591 5288 841 5361 loquitur
872 5287 1027 5355 quasi
1050 5284 1256 5361 Bardas
1287 5296 1635 5361 contemptus
1662 5287 1717 5341 fu

520 5302 557 5340 .a
594 5302 646 5340 10

650 5288 841 5410 (Ᾱοίιιιτ
872 5284 1027 5355 quasi
1050 5284 1256 5341 Bardas
1287 5284 1635 5357 contemptus
1662 5287 1830 5343 fuerit

732 5371 911 5410 causa:
957 5372 1091 5410 uuas
1121 5357 1405 5410 subiungit
1449 5367 1829 5410 contemptum

252 5378 282 5415 a
316 5366 515 5414 senatu
549 5376 562 5408 ε
594 5372 651 5411 SC

732 5371 911 5429 causa:
957 5372 1091 5429 qgas
1121 5357 1405 5429 subiungit
1449 5367 1829 5429 contemptum

255 5427 623 5499 imperatoris
668 5427 934 5499 indicant.
985 5426 1163 5482 Taceo
1209 5426 1356 5497 quod
1395 5429 1492 5499 μὲν
1559 5438 1612 5484 et
1656 5426 1716 5482 τε
1782 5436 1837 5485 et

252 5502 307 5555 in
343 5496 632 5567 ἐξεγένετο
664 5498 721 5563 ἐξ
747 5505 945 5567 ιπωῑοτ
968 5512 1080 5550 rem
1104 5499 1304 5567 posuit.

321 5568 436 5639 (17)
464 5565 630 5639 C_0nt.
666 5583 717 5637 p.
749 5565 870 5639 111,
891 5566 1052 5639 Cedr.
1085 5565 1141 5639 p.
1174 5568 1298 5633 547,
1332 5570 1465 5623 Zon.
1504 5586 1554 5639 p.
1590 5570 1710 5625 159.

317 5635 435 5706 (18)
465 5635 631 5691 Cont.
661 5635 714 5706 ᾖ.
753 5637 876 5698 120,
910 5635 1276 5697 initio,Cedr.
1311 5657 1362 5708 p.
1402 5635 1525 5693 551‘.
1680 5652 1683 5655 '

321 5710 433 5782 :19)
468 5708 749 5780 Loquitur
794 5708 1072 5764 incondite
1106 5719 1159 5762 et
1186 5712 1501 5780 pugnantia.
1543 5743 1609 5750 ——
1637 5712 1729 5765 Διά
1768 5713 1835 5765 ἐν

1936 5007 2062 5077 μιᾷ.
2094 5007 2339 5063 lnvolute
2360 5015 2416 5062 et
2444 5004 2723 5077 ambigue.

2016 5074 2125 5148 (20)
2161 5077 2346 5132 Gmea
2395 5083 2525 5131 sunt
2565 5074 2740 5148 instar
2770 5074 3032 5148 foliorum
3053 5074 3303 5148 Sibyllae.
3332 5076 3528 5145 Itaque

1940 5146 2133 5202 Latina
2158 5162 2269 5218 non
2298 5155 2530 5217 possunt
2558 5146 2679 5218 ﬁeri
2726 5146 2907 5218 multo
2930 5146 3188 5218 clariora.
3212 5147 3297 5218 De
3327 5147 3529 5218 aliqui-

1938 5218 2044 5272 bus
2074 5215 2313 5288 amplius
2339 5215 2708 5288 quaerendum
2727 5217 2891 5288 quod
2917 5217 2986 5288 ad
3017 5232 3104 5272 res
3125 5217 3339 5273 attinet.

2012 5289 2124 5359 (2i)
2156 5287 2457 5359 Desperate
2490 5295 2553 5359 et
2576 5287 2795 5359 perdite
2820 5287 3090 5359 loquitur.

2011 5356 2124 5428 (2‘2)
2156 5356 2318 5413 Con‘t.
2353 5374 2407 5427 p.
2448 5356 2595 5423 12οί
2611 5357 2774 5413 Cedr.
2807 5374 2863 5428 p.
2891 5356 3014 5423 551,
3038 5359 3170 5412 Ζοη.
3203 5373 3258 5428 p,
3288 5356 3411 5428 161.

2018 5426 2131 5500 ('25)
2158 5430 2238 5482 ita
2270 5426 2560 5498 scriptum.
2591 5428 2757 5500 Forte
2785 5426 2850 5499 τῇ
2886 5426 3365 5500 μεγίστῃ-νοιςιὶ
3388 5444 3521 5498 qua-

1942 5500 1988 5555 si
2028 5497 2176 5554 esset
2215 5497 2529 5561 συστάσεως
2588 5499 2643 5552 in
2692 5497 2977 5568 singulari.
3028 5497 3213 5553 Potest
3261 5497 3520 5564 σύστασις

1939 5586 2062 5625 esse
2090 5579 2145 5624 et
2177 5570 2355 5640 factio.
2386 5570 2517 5641 Item
2553 5570 2970 5641 commendatio;
3009 5569 3060 5621 in
3097 5584 3204 5641 qua
3245 5568 3519 5641 signiﬁca-

1940 5648 2089 5695 tione
2115 5641 2205 5693 hic
2232 5640 2457 5693 retineri
2480 5648 2668 5708 posset
2703 5640 2911 5708 plurale
2945 5640 3283 5693 συστάσεων.

2011 5712 2121 5782 (21)
2149 5710 2310 5765 Ccdr.
2343 5727 2394 5779 p.
2434 5710 2557 5779 551,
2590 5709 2723 5765 Ζοιι.
2757 5725 2810 5779 p.
2851 5711 2969 5777 161,
3002 5710 3054 5763 in
3085 5710 3211 5764 line.
