4028 6226
515 298 648 363 1127

1811 292 2129 355 JOSEPHI
2174 291 2489 353 GENESII

3654 281 3810 351 1128

506 408 766 481 perlectis
800 408 1040 479 publicis
1089 404 1451 461 relationibus
1496 403 1812 471 recedente,
1844 415 1973 461 ante
1998 421 2096 460 au-

2206 406 2371 476 τιμῆς
2392 422 2453 459 τε
2484 402 2790 474 πατρικίων
2820 401 3126 474 ἠξιωμένον
3151 400 3245 453 καὶ
3269 399 3340 453 τὰ
3365 398 3460 453 τοῦ
3481 399 3702 471 δρόμου
3719 400 3809 456 δι-

509 514 617 556 tem
665 515 725 556 se
760 500 942 555 crucis
998 499 1157 568 signo
1210 497 1483 567 signante,
1532 505 1719 568 utpote
1764 496 1905 552 duce
1964 497 2101 552 insi-

505 595 741 658 diarum,
774 593 808 646 ii
833 591 927 661 qui
956 590 1010 643 in
1039 588 1255 644 occulto
1280 590 1403 644 loco
1434 590 1655 644 tentorii
1688 589 2101 645 insidiabantur

504 698 630 737 cum
672 680 868 752 gladiis
896 694 1024 735 eum
1060 677 1478 742 adoriebantur,
1506 689 1671 750 atque
1712 680 1766 734 in
1796 689 2100 750 conspectu

504 774 857 843 imperatoris
910 771 1213 826 crudeliter
1263 771 1604 828 trucidantes
1632 773 1936 829 concidunt
1984 771 2101 828 Ca:-

502 879 705 928 sarem,
738 864 944 917 mensis
982 862 1187 932 Aprilis
1216 862 1304 917 die
1329 879 1437 927 ut,
1471 863 1771 920 indictione
1817 880 1940 919 xw:
1973 879 2101 919 cum

503 954 707 1026 quibus
736 953 980 1009 Chaldus
1029 953 1253 1022 quidam
1306 952 1714 1019 inveniebatur,
1747 953 1834 1009 cui
1875 953 2102 1025 Tzipbi-

505 1048 712 1101 narites
760 1060 1083 1116 cognomen.
1122 1043 1395 1099 Caeterum
1442 1046 1743 1117 conjuratis
1774 1061 1971 1117 magno
1995 1047 2103 1101 im-

505 1147 635 1206 pctu
690 1136 1162 1197 incumbentibus,
1209 1146 1374 1206 atque
1409 1136 1746 1207 imperatore
1768 1137 2099 1208 perturbato

504 1230 880 1284 involuntario
928 1228 1188 1299 impulsu,
1241 1228 1444 1299 vigilia:
1495 1229 1864 1300 imperatoria:
1925 1230 2099 1286 drun-

503 1321 691 1391 garius
745 1319 1142 1375 Constantinus
1173 1320 1498 1390 protegebat
1530 1322 1924 1392 imperatorem
1947 1366 1961 1389 ,
1989 1339 2101 1394 quo

506 1415 690 1468 minus
718 1430 824 1468 una
854 1413 1225 1478 occideretur,
1245 1426 1504 1483 tanquam
1532 1414 1710 1471 fidelis
1736 1425 2019 1485 protector
2044 1418 2101 1471 el

502 1504 569 1560 ad
604 1506 726 1561 vita:
790 1504 1099 1575 periculum
1154 1520 1330 1573 usque
1377 1504 1822 1561 benevolentiam
1874 1524 1986 1577 pra:
2040 1523 2099 1564 se

502 1601 709 1655 ferens.
740 1600 818 1655 Ac
851 1599 1087 1654 fortasse
1132 1598 1297 1653 simul
1352 1599 1631 1669 periisset,
1679 1600 1786 1655 nisi
1824 1600 1969 1655 idem
2006 1601 2097 1658 ille

500 1689 697 1747 faustis
770 1690 1262 1747 acclamationibus
1324 1692 1694 1762 manibusque
1766 1692 1880 1747 suis
1938 1708 2095 1763 opem

503 1785 720 1838 tulisset
785 1784 1143 1854 animumque
1187 1783 1491 1839 addidisset
1543 1785 1864 1853 imperatori
1932 1786 2089 1855 107
2126 1773 2167 1831 ΙΙ

499 1892 739 1946 eumque
772 1877 841 1931 ab
888 1877 1183 1931 homicidis
1208 1876 1514 1940 eduxisset,
1543 1878 1749 1932 virtute
1774 1887 1829 1932 et
1854 1878 2093 1933 benevo-

500 1968 667 2023 lentia
698 1968 979 2038 prreditus.
1001 1970 1172 2022 Porro
1204 1969 1516 2033 homicidae,
1539 1970 1807 2025 cadavere
1836 1970 1892 2024 in
1920 1971 2093 2026 multa

499 2058 677 2113 frusta
697 2059 959 2122 dissecto,
991 2058 1249 2127 genitalia
1278 2059 1399 2127 ejus
1431 2066 1595 2112 conto
1620 2074 1885 2129 suspensa
1910 2070 2097 2116 osten-

501 2159 682 2204 tantes
728 2148 1114 2204 traducebant.
1151 2149 1383 2219 Propter
1407 2147 1678 2204 Ctesarem
1708 2160 1894 2205 autem
1925 2152 2088 2207 turba

502 2241 648 2296 haud
688 2242 884 2312 exigua
935 2241 1322 2301 concurrebat,
1357 2241 1677 2313 bellumque
1704 2243 1847 2299 inter
1875 2258 1971 2299 eos
2004 2261 2095 2299 or-

502 2342 617 2389 tum
661 2334 877 2399 fuisset,
925 2333 1031 2389 nisi
1062 2332 1133 2388 ab
1177 2333 1373 2389 eodem
1423 2332 1784 2389 Constantino
1834 2336 1983 2389 omni
2038 2334 2093 2388 vi

502 2426 698 2482 fuisset
737 2441 1072 2496 repressum,
1115 2442 1215 2497 per
1248 2441 1413 2496 quem
1441 2425 1689 2496 quazdam
1730 2427 1869 2481 mala
1898 2428 2088 2497 prohi-

503 2517 801 2573 bebantur.
845 2516 952 2573 Sed
1020 2517 1283 2588 pleraque
1346 2518 1726 2589 perturbatius
1773 2518 2096 2574 ferebantur

501 2627 664 2681 quam
713 2610 948 2666 Icarium
979 2625 1130 2665 mare
1166 2609 1313 2666 Euro
1341 2610 1656 2666 vehementi
1686 2610 1874 2677 ﬂante,
1900 2628 2095 2667 nemo-

501 2718 609 2773 que
660 2702 729 2759 de
773 2702 940 2759 rebus
990 2704 1257 2759 adversus
1284 2702 1473 2758 hostes
1506 2703 1765 2774 gerendis
1795 2705 2094 2775 c0gitahat,

504 2798 601 2854 sed
626 2799 921 2869 separatim
963 2798 1199 2868 quisque
1226 2796 1497 2853 sollicitus
1526 2807 1665 2860 erat,
1699 2798 1840 2853 alios
1876 2798 1945 2853 de
1976 2797 2094 2853 Cae-

502 2907 646 2959 sare,
678 2894 818 2948 alius
846 2893 915 2947 de
937 2890 1287 2963 magnanimo
1329 2891 1557 2958 Basilio,
1588 2892 1731 2946 alios
1756 2890 1825 2945 de
1850 2890 1969 2961 ipso
1993 2891 2097 2943 im-

501 2994 780 3055 peratore,
828 3000 858 3039 a
905 2998 1015 3054 quo
1040 2984 1273 3039 Basilius
1336 2998 1669 3054 magnopere
1739 2982 2094 3052 diligebatur.

502 3076 682 3146 Atque
718 3075 980 3131 continuo
1009 3075 1069 3144 in
1096 3083 1281 3146 partes
1312 3073 1686 3145 imperatoriae
1722 3075 1877 3131 urbis
1907 3091 2092 3131 rever-

504 3164 643 3219 titur
683 3164 1002 3234 imperator.

2203 500 2357 552 έπειν
2379 498 2736 570 διειληχότος,
2762 498 3021 561 εἰσιόντος
3043 496 3123 567 τῷ
3157 494 3367 566 βασιλεί
3389 496 3756 566 συμπαρόντι
3786 498 3809 529 ⁸

2203 589 2443 661 Καίσαρι
2458 590 2558 654 τάς
2574 608 2634 644 τε
2656 589 2947 660 δημοσίους
2965 587 3337 657 ἀνεγνωκότος
3353 588 3642 658 ἀναφορὰς
3656 587 3805 660 (76),

2201 681 2459 746 ἀπιόντος
2477 681 2536 735 δὲ
2557 679 2701 735 κατὰ
2718 680 2786 735 τὰ
2800 682 2821 713 ⁸
2839 680 3073 750 πρόσθεν
3093 678 3249 748 τύπῳ
3270 677 3550 749 σταυρικῷ
3572 694 3809 748 σχημα-

2201 774 2497 844 τισαμένου
2517 773 2633 844 (77)
2660 773 2754 827 ἆτε
2778 769 3304 840 καθηγουμένου-τῆς
3330 768 3636 838 συσκευῆς,
3663 770 3716 821 ot
3745 770 3807 823 ὲν

2203 866 2540 938 παραϐύστῳ
2570 865 2780 937 σκηνῆς
2806 862 3179 936 ἐνεδρεύοντες
3202 861 3494 932 ξιφηφόροι
3520 861 3804 933 ἐπῄεσαν,

2200 956 2297 1009 καὶ
2360 956 2498 1027 πρὸς
2546 954 2779 1010 ἐνώπιον
2820 953 3085 1025 βασιλέως
3126 951 3373 1022 ἀνηλεῶς
3423 952 3806 1006 άποκτέννον-

2200 1065 2294 1111 τες
2319 1047 2432 1119 (78)
2464 1046 3004 1117 κατακερματίζουσι
3031 1043 3311 1116 Καίσαρα,
3335 1043 3467 1114 μηνὶ
3490 1044 3808 1115 Ἀπριλλίῳ

2201 1138 2285 1194 κα⁹
2305 1140 2438 1211 (79),
2476 1138 2896 1210 ίνδικτιῶνι(80)
2920 1134 2980 1189 ιδ’
2999 1151 3014 1166 ³
3037 1134 3157 1206 μεθ’
3188 1129 3263 1189 ὧν
3289 1134 3497 1198 Χάλδος
3526 1152 3617 1199 τις
3656 1154 3806 1207 παρ-

2200 1232 2417 1303 εύρητο,
2440 1224 2484 1299 ᾧ
2514 1230 2912 1301 Τζιφιναριτης
2940 1227 3247 1299 ἐπώνυμον.
3273 1221 3387 1298 Τῆς
3420 1227 3514 1281 οὖν
3548 1230 3803 1283 στασιώ-

2200 1327 2342 1389 τιδος
2374 1324 2637 1395 ἐπηρείας
2663 1323 2875 1393 ἁθρόως
2910 1321 3285 1393 ὲπισυστάσης
3319 1322 3415 1375 τοῦ
3431 1339 3492 1374 τε
3520 1321 3803 1391 βασιλέως

2202 1416 2589 1486 ὲνθροηοὲντος
2620 1416 2731 1483 (81)
2761 1414 2853 1467 καὶ
2885 1412 2962 1483 τῷ
2994 1413 3253 1483 πτώματι
3277 1414 3552 1477 ἀκουσίως
3583 1415 3803 1485 ὲγκρη-

2204 1510 2539 1580 μνισθέντος,
2563 1510 2591 1561 ὁ
2614 1509 2705 1562 ἐπὶ
2730 1509 2830 1577 τῆς
2858 1505 3140 1577 βασιλικῆς
3172 1506 3365 1576 βίγλης
3392 1507 3799 1578 ὑπερασπίζων

2199 1598 2266 1671 ῆν
2296 1599 2507 1670 βασιλεῖ
2553 1599 2965 1659 Κωνσταντῖνος
3000 1595 3384 1667 δρουγγάριος,
3435 1596 3495 1648 τὸ
3533 1597 3608 1667 μὴ
3650 1614 3797 1666 συμ-

2200 1691 2567 1762 πεφονεῖηθαι
2615 1691 2802 1752 αὐτὸν,
2852 1683 2941 1742 οἷα
2996 1687 3185 1751 πιστὸς
3225 1688 3636 1760 ὑπερασπιστὴς
3694 1690 3793 1743 καὶ

2200 1787 2362 1858 μέχρι
2411 1785 2589 1857 ψυχῆς
2627 1785 2688 1838 τὸ
2738 1783 2926 1837 εὔνουν
2959 1781 3429 1852 ἐπιδεικνύμενος.
3480 1783 3592 1836 Καὶ
3640 1785 3788 1855 τάχα

2198 1878 2265 1931 ἂν
2321 1878 2626 1948 ἀμφότεροι
2685 1876 3077 1948 διεφθάρησαν,
3135 1875 3185 1927 εί
3228 1874 3304 1945 μὴ
3360 1876 3524 1939 αὐτὸς
3576 1878 3788 1941 ἐκεῖνος

2198 1966 2497 2037 εὐφημίαις
2558 1964 2871 2035 ἐπιδημίοις
2911 1964 3025 2035 (82)
3084 1963 3180 2017 καὶ
3244 1964 3433 2027 αὑταῖς
3500 1966 3787 2037 παλάμαις

2197 2059 2446 2128 ἐπήμυνε
2493 2057 2905 2129 θαρσοποιήσας
2935 2056 3026 2109 τὸν
3076 2057 3287 2110 ἄνακτα
3347 2058 3581 2111 καὶτῶν
3636 2078 3783 2128 μιαι-

2199 2151 2375 2220 φόνων
2409 2149 2692 2222 ἐξήνεγκε,
2727 2149 3103 2222 καλοκάγαθία
3130 2150 3358 2222 γνώμης
3391 2152 3486 2205 καὶ
3519 2152 3781 2223 εὐτολμία

2197 2244 2591 2314 φραττόμενος.
2642 2244 2728 2307 Ὠς
2760 2240 2855 2297 οὖν
2879 2244 2929 2296 οἱ
2970 2244 3249 2313 μιαιφόνοι
3277 2244 3337 2297 τὸ
3366 2244 3619 2313 λείψανον
3651 2248 3775 2297 πο)-

2196 2334 2307 2399 λοϊς
2342 2338 2597 2407 τμήμασι
2632 2336 2997 2407 διενείμαντο,
3027 2335 3099 2389 τὰ
3128 2335 3321 2389 τούτου
3352 2337 3522 2391 αἰδοία
3556 2337 3725 2406 κοντῷ
3751 2338 3771 2367 ⁸

2195 2428 2589 2498 διαρτήσαντες
2614 2427 2981 2499 ὲθριάμϐευον
3008 2428 3122 2498 (85)
3145 2444 3159 2458 ο
3188 2427 3353 2490 οὕτως
3373 2429 3477 2499 γάρ
3498 2429 3595 2481 καὶ
3624 2429 3760 2498 μετὰ

2198 2520 2431 2575 θάνατον
2462 2518 2697 2583 αἰκίζειν
2748 2519 3022 2590 ὲξέμηναν
3046 2521 3065 2550 ⁷
3098 2519 3227 2590 (84).
3270 2518 3427 2589 Ὑπὲρ
3472 2520 3754 2591 Καίσαρος

2197 2613 2255 2666 δὲ
2282 2613 2384 2667 οὐκ
2414 2612 2595 2681 ὀλίγος
2624 2612 2779 2683 ὄχλος
2808 2613 3102 2683 ἐπέτρεχεν
3123 2629 3137 2642 ·
3170 2611 3261 2666 καὶ
3287 2615 3755 2681 προσκεχωρήκει

2196 2706 2265 2759 ἂν
2298 2704 2535 2774 πόλεμος
2583 2704 2707 2758 κατ’
2740 2704 3010 2775 ἀλλήλων,
3046 2707 3095 2758 εί
3151 2705 3228 2775 μὴ
3275 2704 3419 2775 παρὰ
3462 2703 3556 2756 τοῦ
3601 2702 3767 2755 αὐτοῦ

2198 2797 2615 2853 Κωνσταντίνου
2656 2798 2806 2869 πάσῃ
2836 2797 3069 2867 δυνάμει
3108 2797 3422 2851 ἀνέσταλτο.
3457 2796 3533 2848 Δι’
3556 2790 3622 2851 οὗ
3649 2812 3769 2850 τινα

2196 2890 2306 2945 τῶν
2333 2889 2521 2944 κακῶν
2543 2890 2959 2960 άνεκεχαίτιστο
2981 2888 3026 2956 ⁸,
3061 2890 3127 2943 τὰ
3160 2889 3334 2942 πλείω
3363 2888 3421 2940 δὲ
3454 2886 3778 2957 ἐκυμαὶνετο

2201 2980 2387 3054 μεῖζον
2436 2983 2471 3054 ἢ
2532 2983 2593 3036 τὸ
2645 2983 2881 3054 Ἰκάριον
2929 2982 3168 3051 πέλαγος
3219 2980 3398 3052 Εὗρον
3441 2980 3621 3034 δεινοῦ
3668 2982 3781 3033 ἑπι-

2199 3074 2453 3139 πνέοντος
2479 3091 2492 3105 ·
2532 3075 2713 3139 οὐδείς
2744 3091 2804 3129 τε
2834 3076 2943 3129 τῶν
2989 3076 3129 3130 κατὰ
3179 3074 3459 3146 πολεμίων
3502 3075 3776 3144 ἐπιχειρήο

2113 3163 2155 3221 C
2191 3183 2329 3221 σεων
2356 3168 2390 3240 ἢ
2423 3167 2546 3222 καθ’
2575 3168 2769 3222 ἑαυτὸν
2812 3168 3043 3233 ἕκαστος
3087 3168 3389 3241 ἔμφροντις
3410 3165 3504 3241 ἦν,
3536 3167 3627 3221 τοῦ
3673 3167 3768 3237 μὲν

501 3254 644 3328 ὑπὲρ
683 3256 944 3327 βασιλέως
972 3273 1036 3326 γε
1074 3257 1359 3327 νήφοντος,
1388 3256 1484 3311 τοῦ
1509 3257 1565 3311 δὲ
1609 3260 1748 3330 ὑπὲρ
1774 3259 2077 3333 Καίσαρος,
2117 3262 2307 3333 ἑτέρου
2336 3263 2391 3316 δὲ
2421 3262 2564 3334 ὑπὲρ
2601 3263 2885 3318 Βασιλιίου
2919 3264 3016 3318 τοῦ
3061 3263 3495 3335 μεγαλόφρονος,
3558 3264 3645 3317 διὰ
3710 3264 3771 3317 τὸ

501 3349 1035 3421 πεφιλοστοργῆσθαι
1064 3351 1085 3383 ⁹
1139 3350 1262 3408 λίαν
1332 3352 1489 3426 παρὰ
1536 3352 1630 3406 τοῦ
1686 3354 2113 3429 αὐτοκράτορος.
2190 3358 2300 3412 Καὶ
2348 3358 2553 3425 εὐθέως
2616 3359 2748 3429 περὶ
2802 3358 2902 3431 τήν
2979 3360 3374 3431 βασιλεύουσαν
3443 3358 3776 3427 ἀναζεύγνυο

504 3459 589 3495 σιν
621 3442 755 3514 (85).

571 3538 809 3594 Basilius
837 3546 1024 3594 autem
1070 3553 1245 3609 genus
1297 3538 1537 3596 ducebat
1583 3544 1839 3612 a.prisco
1889 3545 2092 3602 Arsace

502 3629 705 3684 Partho
731 3670 746 3693 ,
782 3631 878 3698 qui
927 3630 1031 3684 sibi
1069 3629 1422 3699 Assyriorum
1466 3631 1759 3702 imperium
1800 3637 2094 3705 acquisivit

502 3720 670 3774 animi
704 3721 1064 3791 corporisque
1090 3721 1437 3787 fortitudine,
1468 3723 1668 3779 deinde
1693 3734 1748 3781 et
1774 3741 1804 3780 a
1832 3726 2090 3785 Teridate

448 3836 451 3841 λ
503 3826 628 3882 rege
658 3812 906 3883 ejusdem
946 3813 1234 3884 prosapiat,
1263 3814 1398 3885 quin
1426 3811 1493 3870 ‘ct
1521 3832 1551 3870 a
1578 3817 1831 3888 Philippo
1870 3829 1927 3874 et
1962 3820 2088 3874 Ale-

500 3904 712 3959 xandro
740 3906 1211 3975 praestantissimis
1247 3907 1615 3978 principibus.
1654 3910 1705 3964 ls
1734 3910 1789 3964 in
1817 3909 2081 3966 Macedo-

502 3992 593 4049 nia
636 4004 801 4049 natus
839 3996 1164 4065 parentibus
1197 3996 1344 4052 haud
1374 3997 1628 4053 obscuris
1685 4015 1788 4055 nec
1831 4000 2087 4071 ignobili-

501 4083 624 4150 bus,
652 4084 1035 4157 educatusque
1088 4087 1158 4141 ab
1209 4087 1343 4158 ipsis
1376 4089 1617 4160 egregie,
1675 4100 1935 4160 tanquam
1989 4093 2088 4147 ali-

499 4176 625 4246 quis
650 4178 892 4234 Achilles
930 4194 959 4233 a
985 4177 1228 4235 Chirone
1267 4190 1552 4247 centauro,
1580 4180 1938 4237 exercebatur
1963 4190 2082 4238 stu-

2276 3542 2526 3614 ’Υπῆρχε
2557 3543 2615 3598 δὲ
2661 3544 2690 3595 ὁ
2728 3542 3005 3607 Βασίλειος
3045 3543 3110 3596 ἐκ
3158 3541 3353 3610 γένους
3398 3542 3501 3612 μὲν
3538 3542 3773 3611 πρεσδυο

2196 3636 2356 3707 τέρου
2402 3636 2517 3707 (86)
2558 3635 2777 3706 Πάρθου
2832 3636 3107 3707 ’Λρσάκου
3160 3636 3369 3706 αὐχῶν,
3420 3637 3517 3689 τοῦ
3560 3636 3776 3706 περιθε-

2198 3728 2361 3798 μένου
2394 3725 2493 3796 τὴν
2524 3726 2830 3798 ’Δσσυρίων
2872 3728 3047 3799 ἀρχὴν
3090 3726 3271 3797 ἑαυτῷ
3305 3728 3369 3780 ἐκ
3412 3726 3661 3796 ψυχικῆς
3689 3727 3771 3779 καὶ

2196 3817 2517 3887 σωματικῆς
2545 3818 2971 3889 καρτερότητος,
2998 3818 3232 3888 καθεξῆς
3260 3818 3316 3871 δὲ
3345 3818 3441 3871 καὶ
3473 3819 3777 3889 Τηριδάτου

2191 3909 2284 3962 τοῦ
2316 3908 2582 3979 βασιλέως
2604 3910 2704 3979 τῆς
2727 3910 2899 3980 αὐτῆς
2924 3913 3111 3982 σειρᾶς
3131 3910 3442 3981 ἐξημμένον
3463 3927 3481 3943 ο
3501 3910 3634 3964 ἀλλὰ
3664 3910 3775 3979 μήν

2193 4001 2289 4055 κει)⁸
2326 4000 2597 4055 Φιλίππου
2626 4003 2721 4055 καὶ
2750 4001 3106 4074 Ἀλεξάνδρου
3145 4002 3254 4055 τῶν
3292 4004 3536 4073 ἀρίστων
3569 4002 3779 4071 ἡγεμό-

2194 4108 2298 4143 νων
2318 4090 2557 4159 ὲξείχετο
2578 4089 2713 4160 (87).
2744 4092 2837 4153 Ὃς
2868 4089 3192 4159 Μακεδόσης
3221 4091 3264 4122 ⁸⁸
3290 4091 3400 4160 (88)
3421 4090 3527 4160 γῆς
3552 4089 3779 4154 ὲκφυείξ

2193 4180 2536 4253 γεννητόρων
2562 4176 2631 4253 ἦν
2656 4182 2796 4236 κατά
2824 4181 3017 4249 γενεὰν
3046 4183 3146 4235 οὐκ
3175 4184 3429 4253 ἀσήμων,
3459 4181 3691 4251 τραφείς
3719 4198 3781 4235 τι

499 4266 607 4322 diis
663 4266 933 4338 factisque
996 4266 1222 4323 fortium
1278 4267 1523 4322 virorum
1579 4267 2083 4339 inclarescebatque

2196 4272 2451 4335 νεανικῶς
2476 4271 2611 4345 (89),
2644 4274 2721 4337 ὼς
2752 4274 2805 4327 ετ
2830 4291 2909 4339 τις
2941 4274 3221 4345 Ἀχιλλεὺς
3277 4275 3511 4343 Χείρωνι
3543 4273 3620 4347 τῷ
3646 4291 3778 4326 κεν-

1798 4410 2035 4467 νΑΡιιΕ
2079 4412 2488 4469 LECTIUNES.

569 4526 590 4557 ⁸
622 4528 719 4603 σὺν
751 4528 979 4603 παρόντι
1139 4530 1172 4603 _'
1189 4529 1258 4581 τά
1281 4544 1398 4603 om.
1429 4526 1503 4603 L._
1574 4528 1596 4559 ⁶
1625 4530 1801 4603 κόνςτω
1834 4528 1894 4584 L.
1968 4531 1987 4560 "
2015 4530 2196 4599 potius
2235 4530 2649 4602 ἐξεμεμήνεσαν
2684 4533 2765 4588 vel
2800 4532 3169 4603 ἐξεμάνησαν.

499 4598 520 4628 θ
552 4596 1102 4668 πεφιλοστοργεῖσθαι
1138 4598 1199 4653 L.
1278 4600 1320 4630 ‘°
1343 4599 1643 4669 Μακέσσης
1670 4600 1794 4668 γῆς.

3270 4532 3290 4561 ⁸
3318 4527 3667 4599 ἁνεχαίτιστο
3704 4527 3775 4582 L.

1703 4713 1947 4769 STEPH.
1988 4714 2333 4769 BEBGIJ‘LBI
2363 4715 2592 4771 NOTAE.

593 4834 683 4900 70)
707 4832 868 4888 Cont.

497 4903 645 4975 ἐξῄει
679 4904 777 4975 τάς
802 4905 1079 4975 ἀναφορὰς
1100 4906 1399 4970 ’ἁναγνούς.

570 4972 683 5045 (77)
713 4972 951 5045 σθω-1³·
985 4972 1112 5039 127,
1163 4974 1219 5028 in
1272 4974 1399 5039 ﬁne,
1449 4975 1545 5031 ubi
1576 4975 1649 5028 Τὸ
1720 4972 2078 5045 σημενῖονλὲδί-

495 5042 597 5117 δούς
616 5042 955 5117 σταυρδνείς
1007 5045 1067 5117 τὸ
1087 5046 1404 5117 -πρόσωξτον
1434 5042 1787 5117 ἐγχαράττων
1809 5042 1996 5106 αὐτοῦ,
2024 5055 2079 5096 et

494 5116 658 5172 Cedr.
687 5115 893 5186 p.555.
920 5115 1045 5170 Vid.
1073 5115 1264 5171 Const.
1300 5115 1595 5187 Porphfp.
1631 5116 1753 5171 148.

572 5189 683 5258 (78)
720 5188 795 5242 lta
832 5188 1127 5258 scriptum.

566 5256 680 5329 (79)
710 5258 899 5329 Const.
944 5256 1147 5329 Porph.
1176 5274 1231 5328 p.
1282 5257 1404 5329 με,
1429 5257 1564 5329 zon.
1589 5270 1662 5329 _p.
1702 5256 1821 5329 165.
1836 5284 1921 5329 _--
1953 5256 1993 5310 Ι.
2016 5272 2067 5312 e.

498 5326 1000 5415 lllééit‘zt-e'btn,.ut
1028 5326 1249 5415 Contin.
1280 5326 1633 5415 Theophanis
1666 5342 1723 5415 ρ.

535 5399 786 5521 ἰέζέδμιτ
829 5399 1097 5470 scriptum
1145 5399 1211 5471 [η
1262 5419 1274 5454 :

496 5476 651 5521 νιαιι.

547 5538 681 5616 ,(81)
707 5539 791 5616 ita
833 5540 1123 5610 scriptum.
1167 5540 1378 5595 Mallem
1410 5539 2072 5616 thgOﬂQév‘tO}._—_K(tt

495 5607 791 5733 τῷςέἒώμ.
820 5607 1243 5682 -σὺμπεροικ
1268 5613 1475 5667 αὐτόν.
1502 5607 1640 5668 Cotit
1686 5627 1738 5681 p.
1766 5611 1888 5674 HS,
1913 5611 2078 5665 Cedr.

498 5694 554 5733 Β.
581 5712 597 5732 ι
693 5719 705 5730 .

497 5694 554 5750 p.
581 5694 705 5733 nou.

566 5750 678 5823 (8‘2)
706 5748 847 5806 Cont
902 5766 955 5822 p.
986 5752 1107 5818 1‘28,
1132 5751 1296 5807 Ccdr.
1332 5768 1386 5823 p.
1418 5752 1539 5808 336.

900 4849 956 4903 p.
988 4834 1108 4899 127,
1136 4832 1190 4887 in
1222 4832 1325 4887 fine
1353 4831 1516 4887 Cedr.
1544 4848 1598 4902 p.
1632 4830 1758 4896 555,
1789 4835 1945 4902 Ἄρτι
1969 4832 2076 4901 γὰρ
2112 4832 2153 4884 1)
2259 4832 2370 4901 (83)
2401 4833 2621 4889 Contin.
2648 4850 2702 4904 p.
2739 4833 2857 4898 128,
2890 4832 3057 4889 Cedr.
3079 4848 3134 4904 p.
3157 4831 3292 4904 7556.

2265 4904 2374 4973 (84)
2415 4904 2489 4958 lta
2552 4902 2841 4974 scriptum,
2895 4904 3015 4958 sine
3074 4902 3245 4957 (inhio
3302 4916 3401 4973 pro
3463 4902 3781 4973 ἐξέμῃνιν,

2187 4975 2438 5045 quamvis
2465 4976 2707 5044 ὲκμαίνω
2746 4976 2817 5029 sit
2844 4975 3231 5041 μεταϐατικόν.

2262 5046 2373 5113 (83)
2402 5042 2543 5099 Ζοηζ
2573 5061 2626 5114 p.
2664 5045 2765 5099 165
2818 5046 2870 5098 in
2912 5045 3039 5104 fine,
3072 5046 3231 5100 Cont.
3277 5060 3331 5113 p.
3392 5042 3491 5097 118
3550 5059 3605 5097 tn
3637 5048 3778 5104 fine.

2186 5114 2374 5187 Const.
2417 5113 2618 5185 Porph.
2647 5115 2855 5185 p.148,
2895 5115 3093 5187 Georg.
3127 5114 3273 5169 Mon.
3326 5130 3379 5184 p.
3427 5113 3551 5178 558,
3600 5114 3778 5175 Cedr.

2190 5202 2244 5255 p.
2266 5186 2393 5247 556,
2424 5197 2480 5239 et
2498 5187 2623 5240 566.

2280 5256 2369 5339 Stil
2397 5255 2521 5310 llaec
2548 5256 2602 5310 in
2620 5256 2849 5339 gratiam
2860 5254 3222 5339 “Constantini
3249 5256 3780 5339 Porpbyl-ogenneti

2183 5326 2403 5381 videtur
2448 5326 2813 5381 comminisci.
2857 5326 3045 5381 Const.
3104 5326 3305 5396 Porph.
3353 5326 3409 5381 in
3462 5326 3589 5382 Bas.
3631 5328 3775 5385 Mac.

1332 5395 1641 5469 requiritur
1666 5395 1731 5460 ὦ,
1773 5408 1834 5452 ut
1882 5395 2075 5453 Bosius
2186 5416 2240 5469 ι).
2282 5397 3015 5469 1735._Ncgat.Zon.p.165.

2259 5468 2369 5533 (87)
2387 5465 2547 5537 Cont‘.
2582 5483 2637 5537 p.
2675 5468 2795 5523 155.

2259 5536 2474 5609 (sauia
2528 5536 2755 5593 omnino
2811 5539 3098 5608 scriptum,
3149 5556 3257 5594 non
3311 5538 3663 5601 Μακεδόνων,
3706 5551 3777 5597 nt.

2185 5606 2343 5681 apud,
2389 5606 2579 5681 Const.
2606 5606 3155 5681 iPorpb..inVBasilio
3206 5609 3342 5665 Mac.
3378 5610 3498 5675 ubi,
3540 5610 3769 5681 ὡρμᾶτο

2190 5682 2290 5749 μὲν
2332 5679 2535 5750 ὲκ-ςτῆς
2569 5680 2895 5733 Μακεδόνων
2929 5680 3055 5750 γῆς,
3089 5697 3143 5750 p.
3186 5682 3307 5737 153.

2262 5749 2371 5823 (89)
2402 5746 2551 5805 llanc
2579 5746 3002 5806 similitudinem
3028 5746 3246 5807 videtur
3279 5752 3441 5809 tacite
3473 5751 3762 5823 repreheno
