2014 3113
135 147 201 180 1137

803 149 940 180 REGUM
960 150 1033 182 LIB.
1055 151 1105 183 Ν.

1693 145 1762 179 1133

123 203 274 240 ἀρχιερέων
300 204 441 240 ἐκδέχεται
466 203 533 240 (ιι),
560 204 645 240 ἄλλην
663 203 750 240 ἀρχὴν
776 204 914 231 nomen;

972 205 1044 233 Filiis
1074 205 1159 235 etiam
1198 204 1257 234 suis
1284 203 1466 234 Constantino
1497 211 1530 233 ac
1560 203 1646 231 Leoni
1679 208 1763 239 atque

122 250 210 285 ἑαυτῷ
222 250 361 285 βασιλείας
377 252 410 287 ἢν
436 250 582 286 συμμαχίᾳ
594 250 648 278 τῶν
665 250 845 285 ἂρχαγγέλων
869 259 915 277 κε-

121 295 255 331 κλήρωτο,
268 296 339 323 υἱέσι
353 305 384 324 τε
409 296 498 332 τρισὶν
514 295 613 323 ἐαυτοῦ
629 296 698 332 (45),
714 296 916 331 Κωνσταντίνῳ

121 342 214 368 Λέοντι
227 342 275 369 καὶ
296 342 474 377 Ἀλεξάνδρῳ,
489 342 541 378 τὴν
553 342 651 378 ὁμοίαν
665 342 842 377 στεφοδοξίαν
867 350 915 377 με·

121 388 156 415 τὰ
179 388 228 415 καὶ
251 388 302 423 τῆς
320 388 464 424 βασιλικῆς
480 388 628 424 ἐντίθησιν,
653 388 699 416 τὸν
724 389 754 416 δὲ
778 388 915 423 Στέφανον

124 433 240 469 ίερώσας
266 434 305 471 τῷ
332 434 526 471 πατριαρχικῷ
551 434 640 471 θρόνῳ
665 434 736 471 πρὸς
760 434 791 461 τὸ
816 434 916 470 μέλλον

121 480 271 516 ἀφώρισεν.
285 481 340 508 Καὶ
358 482 424 518 περὶ
440 482 490 516 μὲν
505 481 552 509 τὸν
567 482 678 517 πρῶτον
692 481 763 517 μετά
777 489 839 508 τινα
852 480 916 517 χρό-

123 535 168 553 νον
179 526 343 563 διηλλαχότα
354 527 401 555 τὸν
418 527 477 563 βίον
491 527 618 563 δυστυχεῖ
640 529 705 564 παρ’
724 527 820 555 ἐλπίδα
835 527 892 564 (46)
906 535 914 543 '

122 570 210 607 τούτῳ
223 572 278 607 γὰρ
294 572 395 608 μᾶλλον
412 574 610 609 προσετετήκει
626 574 680 601 τῶν
703 574 790 602 ἄλλων
807 573 917 610 θαρρῶν

123 618 195 644 κατὰ
219 618 270 654 τὴν
282 619 331 654 τῆς
352 619 492 654 βασιλείας
517 619 653 655 διαδοχὴν,
673 621 727 648 κᾶν
751 620 798 648 τοῦ
819 620 916 653 ἐφετοῦ

123 664 174 691 οὐκ
187 664 361 701 εὐστόχησεν.
380 666 474 693 Λέοντι
489 665 544 702 γὰρ
558 666 597 702 τῷ
609 666 776 702 περιωνύμῳ
785 666 833 694 καὶ
846 675 916 694 παν-

124 712 232 738 suades!
263 711 369 747 βασιλεί
393 712 424 738 τὸ
457 712 507 745 τῆς
543 712 684 748 βασιλείας
718 713 919 749 συνετετήρητο

124 757 251 792 μόνιμον,
262 757 302 793 τῷ
319 758 377 792 μετ’
390 758 472 785 αὐτὸν
488 758 511 774 ³¹
528 759 660 794 ὀμαίμονι
683 758 850 794 Ἀλεξάνδρῳ
860 759 919 786 δια-

123 802 194 838 δόχῳ
228 804 404 839 γενησομένῳ
438 804 511 831 κατὰ
544 805 682 841 πατρικὴν
709 805 918 840 θεσμοθέτησιν.

123 848 267 884 Φθιίρουσι
279 849 309 876 δὲ
321 849 373 876 κὰν
390 848 478 885 τούτῳ
494 849 529 876 τὰ
551 849 654 885 φυσικὰ
669 849 813 885 σπλάγχνα
829 850 855 876 οἱ
870 858 920 877 πο-

966 250 1122 278 Alexandro
1147 250 1267 278 similem
1292 258 1402 279 coronae
1420 254 1503 285 atque
1522 250 1632 285 imperii
1649 249 1774 285 gloriam,

968 297 1068 325 tribuit
1080 306 1088 324 ι
1106 296 1276 332 Stephanum
1287 301 1381 324 autem
1395 295 1573 331 patriarchali
1587 295 1647 324 sedi
1664 302 1776 323 couse~.

968 347 1076 370 oratum
1093 342 1119 370 in
1138 342 1262 369 futurum
1278 341 1438 369 destinavit.
1458 340 1539 377 114
1558 341 1597 370 Ac
1614 340 1689 368 circa
1705 340 1776 382 pri-3

968 394 1045 414 mum
1058 387 1171 422 quidem
1184 395 1248 415 mox
1262 387 1318 415 vita
1333 387 1494 416 defunctum
1511 386 1627 414 adversa
1643 394 1710 414 usus
1725 389 1776 427 est.

968 433 1080 461 fortuna
1093 439 1194 469 praeter
1213 441 1291 469 spem
1311 443 1318 461 :
1334 433 1400 461 huic
1415 433 1488 461 enim
1511 433 1596 470 magis
1611 438 1670 460 erat
1689 431 1778 460 ωσι-η

966 484 1028 508 ctus
1047 488 1104 516 prae
1124 480 1244 513 caeteris,
1263 489 1379 516 sperans
1393 489 1458 510 eum
1480 481 1598 517 imperio
1619 487 1768 508 successu-

967 534 1030 555 rum
1045 536 1052 554 :
1069 526 1118 555 sed
1133 527 1190 555 voti
1205 535 1317 563 compos
1333 535 1388 556 non
1400 532 1444 556 est
1459 528 1560 561 factus.
1576 526 1663 556 Leoni
1678 526 1766 554 enirn.

968 572 1072 608 iuclyto
1086 577 1114 601 et
1126 572 1326 608 gloriosissimo
1349 574 1478 609 principi,
1505 573 1654 608 imperium
1672 580 1768 601 serva-

968 617 1051 646 batur
1066 618 1175 651 stabile,
1197 623 1225 647 et
1241 624 1305 655 post
1326 619 1403 647 illum
1418 620 1497 648 fratri
1519 619 1674 647 Alexandro
1687 639 1694 652 ,
1718 618 1768 653 qui

970 672 1115 692 successor
1125 671 1186 693 erat
1200 665 1312 694 futurus
1321 665 1474 694 secundum
1491 670 1635 701 paternam
1654 665 1769 693 ordina-

970 710 1085 738 tionem.
1100 711 1289 746 Corrumpunt
1302 717 1395 740 autem
1407 716 1435 740 et
1451 712 1478 739 in
1491 712 1543 740 hac
1568 719 1599 740 re
1614 711 1769 739 naturalem

969 756 1099 785 aﬂ'ectum
1112 757 1239 786 homines
1254 758 1375 794 maligni,
1397 762 1513 794 paterno
1525 765 1619 786 amore
1641 748 1770 785 nouuihil

972 803 1138 832 labefactata
1162 812 1227 840 erga
1250 804 1384 833 Leonem.
1404 805 1459 833 Sed
1479 804 1666 840 improbitatis
1689 804 1770 832 nervi

972 850 1065 883 incisi,
1079 858 1143 878 curn
1153 850 1195 879 eis
1208 851 1278 879 nihil
1295 851 1433 880 [inuitatis
1450 851 1564 885 inesset,
1585 855 1669 887 atque
1689 858 1771 887 syco-

125 895 215 930 νηροὶ,
235 894 288 930 τῆς
311 894 440 931 πατρῴου
465 896 659 932 φιλοστοργίας
686 895 757 923 κατά
779 904 806 923 τι
832 901 919 931 παρα-

975 895 1085 930 phanlaa
1101 897 1221 932 turpiter
1234 897 1325 926 abacti
1341 902 1417 930 sunt.
1433 897 1546 933 Leoque
1564 897 1682 932 imperio
1696 896 1771 931 poti-

124 939 311 976 θραυσθείσης
336 941 382 968 ἐπὶ
406 940 446 976 τῷ
460 941 555 968 Λέοντι
583 941 682 977 μικρὸν
702 942 765 968 ὅσον
780 940 849 977 (L7).
865 941 921 969 Καὶ

123 987 158 1014 τὶ
171 987 221 1023 τῆς
246 988 381 1023 πονηρίας
405 988 490 1024 νεῦρα
513 988 691 1021 διακοπέντα,
706 988 825 1023 ἐπείπερ
849 988 919 1023 αὐτῇ

123 1032 199 1060 οὐδὲν
213 1032 267 1060 τῶν
279 1033 398 1069 ἰσχυρῶν
412 1034 629 1069 παρυφίσταται,
643 1034 690 1061 καὶ
705 1035 730 1061 οί
752 1034 921 1068 συκοφάνται

975 946 1020 969 tus
1031 946 1076 970 est
1090 950 1122 970 ac
1136 947 1279 978 paternam
1294 944 1498 972 ordinationem
1516 943 1653 978 implevit,
1668 943 1771 970 virtute

974 991 1003 1015 et
1024 987 1135 1023 ingenio
1160 989 1266 1017 firmus.
1286 990 1388 1017 Verum
1409 990 1469 1018 haec
1488 989 1602 1024 quidem
1619 988 1771 1024 posterius.

974 1036 1038 1066 post
1052 1032 1160 1061 obitum
1176 1035 1312 1070 parentis.

124 1079 219 1112 κακῶς
234 1081 432 1116 ἀπελήλανται,
446 1081 494 1108 καὶ
528 1080 606 1108 Λέων
629 1080 679 1116 τῆς
703 1080 841 1116 βασιλείας
872 1078 1023 1115 ἐγκάτοχος
1056 1079 1162 1115 γίνεται
1189 1080 1237 1108 καὶ
1261 1081 1295 1108 τὰ
1324 1081 1460 1117 πατρόθεν
1501 1080 1668 1117 διωρισμένα
1703 1081 1773 1109 ἁπο-

124 1128 225 1163 πληροϊ
237 1128 481 1165 καλοκάγαθίᾳκαὶ
492 1128 618 1165 ἀγχινοίᾳ
627 1129 819 1165 νιυρούμενος,
837 1128 922 1156 Ἀλλὰ
941 1128 1027 1156 ταῦτα
1051 1130 1102 1165 μέν
1119 1129 1234 1166 ὕστερον
1256 1130 1326 1165 μετὰ
1358 1130 1409 1165 τὴν
1435 1129 1566 1163 τελευτὴν
1599 1128 1647 1156 τοῦ
1672 1129 1772 1165 γεννή-

125 1184 215 1211 τορος.

167 1223 244 1250 Ἐπεὶ
257 1223 287 1250 δέ
306 1223 351 1250 διὰ
365 1224 450 1259 μέσου
473 1223 570 1260 χρόνου
584 1225 661 1256 τινὸς
680 1224 738 1259 (48)
754 1224 790 1252 τὰ
803 1223 858 1251 τῶν
871 1232 921 1251 που

123 1269 217 1304 λέμων
239 1268 309 1304 ἔργα
332 1269 543 1306 κατωλιγώρουν
557 1271 579 1287 ³¹
594 1289 602 1301 ,
627 1268 726 1305 οἷάπερ
763 1269 921 1296 σκανδάλων

125 1315 360 1350 παρεμπεσὸντων
374 1316 413 1350 τῷ
430 1315 611 1349 πολιτεύματι
627 1311 666 1341 ὧν
687 1314 919 1350 προμσμνήμεθα,

122 1359 158 1386 δι’
170 1356 210 1386 ὧν
221 1359 305 1395 (49)·1]
327 1359 494 1395 Ἱσμαηλῖτις
510 1360 596 1395 ὀφρῦς
616 1359 783 1395 ἐκορύσσετο
805 1360 853 1387 καὶ
871 1369 921 1395 με·

124 1405 223 1440 γίστην
242 1406 389 1440 ἐπεποίητο
402 1405 452 1441 τὴν
464 1405 597 1437 ἐπίθεσιν,
614 1405 685 1432 ὥστε
697 1407 779 1441 μέχρι
791 1406 846 1432 τῶν
860 1407 921 1433 Μα-

124 1450 251 1486 λαγηνῶν
277 1451 373 1478 ἐλάσαι
406 1452 522 1487 στρατὸν
547 1452 676 1479 κάκεῖθεν
705 1452 755 1487 τὴν
787 1452 920 1488 βασιλέως

126 1497 239 1525 ἱππότιν
264 1498 427 1534 συναγωγὴν
451 1498 650 1535 ἀνιμήσασθαι,
668 1499 709 1530 είς
736 1498 842 1525 ἑαυτῶν
869 1498 920 1533 μὶν

1009 1222 1078 1250 Cum
1085 1225 1177 1249 autem
1189 1220 1357 1248 intermedlo
1367 1224 1490 1256 tempore
1502 1219 1595 1255 aliquo
1604 1226 1650 1247 res
1655 1219 1770 1247 bellicas

974 1267 1171 1304 neglexissent,
1195 1267 1273 1302 quasi
1291 1266 1429 1295 scandalis
1449 1271 1479 1294 et.
1499 1266 1677 1295 otl'endiculis
1698 1267 1771 1295 inci-

974 1315 1105 1343 dentibus
1117 1314 1146 1342 in
1159 1321 1373 1349 remp.quorum
1384 1317 1448 1341 ante
1458 1313 1628 1341 mentionem
1641 1313 1768 1345 fecimus.

973 1370 1007 1390 ea
1019 1361 1167 1389 occasione
1180 1360 1377 1388 lsmaeliticum
1390 1359 1571 1395 supercilium
1580 1359 1768 1392 attollebatur,

974 1408 1082 1444 ipsique
1098 1407 1211 1443 superbi
1226 1407 1413 1439 armabantur,
1431 1406 1633 1441 maximamque
1647 1405 1769 1434 fecerant

974 1452 1156 1485 invasionem,
1171 1456 1202 1480 ut
1216 1451 1251 1480 ad
1264 1451 1419 1487 Malagenos
1437 1458 1525 1486 usque
1539 1451 1673 1479 ducerent
1688 1458 1770 1479 exer-

974 1499 1060 1526 citum
1074 1498 1195 1533 indeque
1203 1497 1379 1533 imperatoris
1389 1497 1543 1532 equitatum
1557 1496 1695 1528 tollerent,
1706 1503 1769 1524 cum

125 1543 296 1587 στρατηγίαν
322 1543 497 1579 ἀείμνηστον,
516 1544 596 1580 ἡμῶν
620 1545 651 1587 δὲ
678 1545 919 1581 καταστρατηγίαν

974 1544 1097 1580 ipsorum
1130 1544 1230 1572 bellica
1259 1544 1373 1571 solertia
1402 1546 1538 1578 perpetuo
1569 1542 1768 1575 memoranda.

125 1586 235 1621 σιωπῆς
258 1587 342 1619 ἄξιον.
368 1587 412 1619 Ὧς
436 1587 466 1614 δὲ
490 1588 554 1623 περὶ
583 1586 687 1616 τοῦτων
711 1589 751 1626 τῷ
776 1590 920 1626 θεοστεφεῖ

124 1633 225 1659 ἄνακτι
245 1633 402 1667 διέγνωστο,
425 1634 579 1666 διοκλάζειν
603 1635 678 1671 αὑτῷ
702 1636 733 1663 οὐ
759 1638 852 1673 παρῆν
876 1637 922 1664 ἐπὶ

124 1678 283 1714 τηλικούτῳ
302 1679 342 1714 τῷ
365 1680 534 1715 ἀτοπήματι,
550 1681 620 1708 ἀλλὰ
635 1681 790 1715 σπουδαίως
808 1684 923 1711 ἐπαναι-

127 1723 235 1759 ρεῖσθαι
253 1724 339 1758 ὅντως
356 1726 498 1761 ἐκδίκησιν
521 1726 577 1754 τῶν
606 1726 694 1760 οὕτως
719 1728 922 1764 ἐνηνεγμάνων.

133 1769 263 1806 Ἀνδρέαν
273 1771 328 1808 γάρ
338 1780 400 1800 τινα
417 1773 621 1809 στοχασάμενος
642 1774 710 1810 (50),
727 1774 812 1810 ἄνδρα
838 1776 923 1803 πολύ-

127 1826 216 1853 φρονα
229 1818 275 1845 καὶ
290 1819 471 1855 πολυπειρίας
495 1821 709 1856 μεταδιώκοντα,
733 1822 784 1858 οὐχ
796 1820 878 1859 ἦττον
893 1821 922 1849 δὲ

125 1865 173 1891 καὶ
187 1865 325 1900 ἀνδρείας,
339 1866 391 1893 κᾶν
413 1867 617 1903 ἐπεκέκρυπτο,
636 1867 729 1900 καθὼς
744 1869 761 1904 ἡ
780 1869 836 1896 τῶν
851 1878 922 1904 πρα-

124 1912 240 1948 γμάτων
254 1913 368 1948 ἀλήθεια
385 1914 588 1949 παρεδήλωσεν)
601 1911 692 1950 (οὗτος
713 1915 825 1942 Σκυθῶν
839 1916 923 1943 ἐσπε-

126 1958 194 1994 ρίων
206 1959 350 1994 ἐξώρμητο
364 1959 422 1995 [51]
439 1960 447 1992 )
463 1959 670 1995 ὑποστράτηγον
684 1959 781 1986 τοῦτον
794 1960 841 1987 τοῦ
852 1961 923 1987 κατὰ

124 2004 156 2031 τὸ
176 2004 299 2039 Ὀψίκιον
322 2005 469 2040 προτίθησι
495 2004 625 2039 θέματος.
644 2005 693 2036 Ὃς
716 2004 762 2032 τδν
779 2004 826 2031 ὑπ’
841 2005 923 2032 αὐτὸν

124 2049 245 2084 στρατδν
257 2049 450 2085 στρατηγικῶς
459 2049 562 2081 διαθεὶς
571 2050 683 2081 καὶτοῖς
694 2049 836 2085 πολεμίοις
849 2059 922 2087 παρ-

123 2094 256 2131 εμσαλὼν
279 2095 411 2131 μεγίστην
436 2095 614 2132 ἀπηνέγκατο
634 2096 713 2132 νίκην
734 2097 784 2123 καὶ
806 2097 924 2124 καταδιο

123 2141 306 2177 δλήκειτέως
317 2142 367 2178 τὴν
393 2142 495 2170 τούτων
508 2142 679 2176 ἀλαζονείαν,
708 2142 756 2170 καὶ
778 2142 823 2170 διὰ
844 2143 924 2170 τοῦτο

123 2188 172 2214 καὶ
197 2188 259 2219 ταῖς
281 2189 394 2223 συχναῖς
409 2187 493 2215 αὑτοῦ
509 2188 678 2223 εὐανδρείαις
692 2188 761 2224 μετά
778 2197 810 2224 γε
825 2197 923 2225 πατριο

123 2233 241 2269 κιότητα
252 2233 303 2268 τῆς
328 2233 384 2261 τῶν
404 2234 508 2269 σχολῶν
533 2234 659 2269 εὐμοιρετ
675 2233 732 2268 (52)
748 2234 918 2270 κυριότητος.

123 2278 181 2305 Καὶ
211 2278 302 2313 πολλῷ
320 2280 452 2314 κρείττων
478 2278 550 2305 κατὰ
575 2278 630 2305 τῶν
652 2276 758 2314 ἐχθρῶν
782 2278 921 2306 διανίστα-

122 2333 155 2351 το
174 2324 233 2360 (55)
249 2325 299 2351 καὶ
313 2326 374 2353 κατ’
394 2325 485 2352 αὑτῶν
500 2324 571 2359 ἄγαν
584 2324 756 2360 ἠρίστευσεν,
778 2324 824 2352 καὶ
850 2324 921 2361 μετὰ

121 2371 205 2397 τοῦτο
218 2371 367 2407 ἐπείληπτο
379 2372 598 2407 μαγιστρότητος
610 2370 641 2397 οὐ
655 2370 726 2406 μετὰ
743 2370 842 2399 πολλοῦ
855 2371 919 2407 χρό-

122 2427 171 2444 νου
187 2417 256 2452 (54).

972 1594 1069 1618 nostra
1083 1594 1177 1617 autem
1192 1588 1271 1617 clade
1287 1588 1399 1616 silentio
1418 1587 1512 1623 digna.
1529 1588 1595 1621 Quae
1611 1595 1674 1616 cum
1689 1588 1770 1617 audi-

973 1636 1059 1663 visset
1083 1635 1232 1670 imperator
1248 1643 1263 1662 a
1277 1634 1334 1662 Deo
1349 1639 1511 1668 coronatus,
1530 1634 1605 1661 haud
1622 1634 1771 1662 succubuit

973 1683 1057 1710 rebus
1068 1686 1124 1709 tam
1136 1681 1296 1717 inopinatis,
1308 1688 1405 1709 verum
1415 1680 1544 1708 celeriter
1555 1687 1652 1716 pinnas
1660 1680 1770 1716 exigere

974 1729 1080 1758 studuit
1092 1737 1143 1765 pro
1158 1728 1259 1756 talibus
1268 1728 1361 1757 factis.
1375 1728 1454 1763 115
1466 1727 1535 1756 Cum
1544 1727 1619 1755 enim
1631 1727 1770 1755 Andream

973 1777 1120 1812 quemdam
1134 1775 1168 1803 ad
1182 1782 1243 1803 eam
1258 1782 1317 1802 rem
1325 1774 1484 1810 delegisset,
1499 1774 1590 1802 virum
1605 1773 1770 1809 prudentem

973 1826 1002 1850 et
1025 1821 1176 1849 multarum
1206 1828 1300 1849 rerum
1323 1828 1403 1848 usum
1429 1824 1581 1849 sectantem
1605 1828 1655 1848 nec
1678 1820 1773 1850 minus

972 1867 1103 1895 virtutem
1123 1868 1251 1895 bellicam
1268 1867 1406 1902 (quamvis
1421 1866 1448 1894 id
1469 1875 1525 1894 nou
1541 1874 1597 1902 pra:
1614 1874 1644 1894 se
1662 1866 1770 1902 ferret),

975 1919 1005 1942 ut
1019 1914 1059 1941 rei
1074 1914 1177 1942 veritas
1193 1914 1317 1941 ostendit
1331 1913 1367 1949 (is
1390 1922 1405 1940 a
1422 1913 1532 1949 Scythis
1550 1913 1771 1942 occidentalibus

973 1963 1034 1987 erat
1048 1959 1206 1993 oriundus),
1219 1959 1295 1987 hunc
1310 1959 1505 1986 secundarium
1525 1959 1624 1987 ducem
1640 1959 1772 1987 thematis

973 2005 1112 2040 Opsiciani
1141 2005 1286 2033 constituit
1315 2005 1477 2040 imperator.
1504 2004 1557 2037 Qui
1583 2008 1644 2032 arte
1672 1995 1785 2032 bellica‘

973 2054 1115 2078 exstructo
1130 2049 1253 2078 exercitu
1273 2049 1367 2077 hostes
1387 2056 1535 2084 aggressus
1560 2048 1706 2076 maximam
1729 2048 1772 2076 vi-

973 2097 1090 2125 ctoriam
1107 2096 1229 2125 obtinuit
1245 2096 1401 2132 dejecitque
1416 2096 1451 2123 ad
1470 2100 1579 2131 tempus
1595 2095 1705 2124 illorum
1726 2095 1772 2126 iu-

974 2144 1131 2177 solentiam,
1144 2148 1226 2179 atque
1239 2143 1275 2171 ob
1285 2143 1325 2176 id,
1339 2142 1450 2178 etquod
1459 2142 1570 2171 assidue
1585 2149 1644 2171 rem
1656 2147 1770 2172 strenue

975 2193 1094 2226 gereret,
1110 2195 1173 2225 post
1185 2189 1331 2225 patriciam
1343 2189 1503 2225 dignitatem
1517 2188 1770 2217 etiamscholarum

974 2235 1165 2272 pra-tecturam
1180 2235 1298 2264 feliciter
1312 2235 1502 2270 consequitur.
1521 2234 1660 2270 Multoque
1673 2235 1769 2263 valen-

973 2282 1028 2310 tior
1053 2281 1081 2310 in
1101 2282 1195 2310 hostes
1221 2281 1400 2318 insurgebat,
1422 2288 1536 2316 remque
1558 2280 1692 2308 adversus
1720 2287 1769 2308 eos

972 2328 1076 2363 optime
1091 2328 1186 2364 gessit.
1204 2327 1270 2355 Post
1284 2327 1343 2355 haec
1353 2331 1383 2355 et
1395 2326 1521 2363 magistri
1535 2326 1698 2354 dignitatem
1712 2333 1768 2354 non

973 2374 1060 2402 multo
1074 2378 1136 2409 post
1152 2373 1270 2409 adeptus
1287 2378 1340 2410 est.

791 2463 907 2491 VARle
926 2463 1129 2492 LECTIONES.

161 2512 183 2528 ²¹
196 2512 286 2548 potius
300 2512 338 2547 τῷ
350 2521 380 2538 τε
399 2513 458 2547 μετ’
474 2513 565 2539 αὐτόν.
605 2513 626 2528 ³³
640 2511 843 2546 κατολιγώρουν
854 2511 884 2539 L.

744 2559 864 2587 STEPH.
880 2559 1053 2587 BERCLERI
1068 2557 1182 2585 NOTAE.

178 2604 224 2636 Η)
240 2605 278 2632 Ita
294 2606 406 2638 scripta.
424 2606 518 2633 Potius
539 2606 701 2640 ἀρχιερέως.

176 2640 222 2676 45)
236 2641 330 2668 Const.
350 2641 449 2676 Porph.
466 2649 491 2676 p.
511 2642 558 2668 liii)
572 2646 598 2668 ct
618 2650 643 2676 ι).
661 2641 719 2668 ίϐί.
736 2641 803 2668 Zon.
819 2650 846 2676 p.
861 2642 907 2669 167

122 2675 209 2703 Cedr.
225 2684 253 2710 p.
269 2676 329 2702 569.
466 2675 471 2676 ⁷
820 2675 826 2676 “

161 2710 220 2746 (46)
238 2711 313 2746 Sym.
346 2711 410 2744 Log.
426 2720 452 2745 p.
479 2712 532 2738 .556
545 2711 756 2739 Constantinum
780 2717 919 2739 mortuum

122 2745 197 2782 dicit
213 2745 286 2773 anno
305 2747 337 2773 l3
354 2747 445 2773 Basilii
462 2747 580 2781 imperii.
605 2747 703 2782 Georg.
721 2747 793 2774 Mou.
810 2756 836 2782 ι).
856 2748 917 2775 546.

160 2781 221 2817 (47)
237 2782 398 2817 imperfecto
416 2783 549 2816 loquitur.

163 2817 222 2851 (48)
239 2817 292 2844 Pro
310 2818 380 2849 τινῖις
397 2818 549 2852 rcquiriiur
559 2818 631 2849 τινὲς

144 2861 205 2879 ουν.

126 2862 142 2889 ρ
162 2888 219 2920 (L9)
236 2887 274 2916 Δι’
289 2884 325 2916 ὧν
338 2889 526 2921 accipiendum
539 2889 582 2916 διὰ
600 2889 710 2917 τούτων.
730 2890 823 2917 Const.
850 2889 915 2917 Por-

659 2817 751 2853 potius
768 2819 801 2846 ad
820 2818 915 2853 ὀλιγώ-

973 2607 1020 2641 ph.
1039 2614 1066 2640 p.
1081 2605 1132 2641 166
1140 2610 1168 2632 et
1179 2614 1206 2640 p.
1218 2605 1278 2635 176,
1290 2604 1364 2639 Sym.
1378 2605 1444 2641 Log.
1456 2613 1482 2638 p.
1500 2604 1651 2641 455.Ccdr.
1666 2605 1764 2641 p.570-

1012 2639 1069 2703 (ξέιέ
1091 2639 1186 2669 Const.
1214 2640 1316 2676 Porph.
1340 2650 1367 2676 p.
1386 2640 1447 2668 ιτυ.
1464 2640 1531 2667 Ζοιι.
1548 2649 1576 2675 P-
1597 2639 1654 2667 “59-
1683 2640 1763 2669 cem"

1017 2695 1023 2701 ι
1041 2686 1058 2703 l-
1073 2696 1080 2702 .

994 2698 1000 2703 .
1017 2686 1080 2703 DN).

973 2685 1000 2712 p.
1017 2685 1080 2703 om.

1009 2712 1064 2745 (5|)
1080 2712 1174 2739 Const.
1191 2713 1293 2747 Porph.

1008 2748 1063 2781 (5'2)
1079 2748 1173 2775 Const.
1190 2748 1292 2782 Porph.

1010 2783 1066 2813 (35)
1082 2783 1178 2810 Const.
1197 2784 1299 2818 Porph.
1319 2792 1346 2818 p.
1365 2783 1423 2810 176.

998 2819 1055 2850 (Si)
1072 2819 1110 2845 ita
1122 2818 1269 2852 scriptum,
1288 2827 1342 2845 non
1360 2819 1444 2845 πολὺν
1459 2819 1565 2853 χρόνον,
1582 2823 1608 2845 et
1624 2819 1660 2846 ita
1679 2819 1761 2846 habet

971 2854 1123 2881 distinctio.
1152 2853 1256 2890 Mallem
1275 2859 1366 2881 autem
1382 2860 1515 2888 punctum
1530 2859 1591 2890 post
1616 2854 1762 2890 μαγιστρόι

972 2899 1051 2922 τητυς
1070 2890 1143 2923 poni.
1159 2894 1187 2917 tt
1200 2889 1283 2917 doleri
1302 2893 1361 2924 νυοί
1387 2890 1493 2924 χρόνον.

1311 2721 1337 2747 p.
1357 2712 1418 2739 176.
1437 2711 1517 2739 Ccdr.
1534 2720 1560 2747 ῃ.
1579 2710 1640 2737 5'75.

1309 2746 1335 2783 ᾖ).
1354 2747 1414 2774 176.
1430 2746 1551 2782 Cedr.p.
