4028 6226
285 318 417 384 1141

1611 321 1882 384 REGUM
1925 322 2072 383 LIB.
2112 322 2192 382 IV
2210 378 2213 379 ν

3401 320 3549 384 11ιὲ

277 435 455 508 Σύροις
477 435 569 491 καὶ
591 435 828 507 Κόσσης,
852 434 885 504 ἢ
926 433 1032 488 ἀπό
1052 450 1194 499 τινος
1216 432 1395 488 ικεῖσε
1425 433 1644 507 λίμνης,
1681 437 1715 508 ἢ
1743 437 1851 490 ἀπὸ

1959 450 2089 493 eone
2118 450 2266 491 nunc
2294 433 2590 490 Arethusa.
2618 434 2718 490 illo
2739 442 2923 489 autem
2949 434 3001 489 in
3030 427 3325 490 veritatem
3354 435 3541 507 inqut-

275 528 373 596 τῆς
392 526 523 598 πρὶν
558 527 656 597 μὲν
687 527 897 598 κρήνης
946 525 1252 598 Συρακοῦς,
1293 528 1388 580 νῦν
1410 527 1465 581 δὲ
1495 527 1851 601 Ἀρεθούσης.

278 619 385 672 Τοῦ
443 619 499 673 δὲ
549 619 610 673 τὸ
672 619 870 691 ἀληθὲς
926 619 1517 690 πολυπραγμονοῦντος
1582 621 1676 675 καὶ
1720 621 1853 675 ὁπό-

278 712 370 765 θεν
403 711 517 781 (68)
546 711 873 766 ἐπίστασθαι
895 711 1055 764 τοῦτο
1095 711 1503 783 διερευνῶντος,
1541 714 1705 777 αὐτὸς
1748 714 1855 767 άπ-

279 800 553 869 εκρίνατο,
584 800 775 871 ὅτιπερ
806 800 917 870 (69)
964 818 984 854 ι
1018 800 1110 853 Ἐν
1163 799 1324 873 χώρῳ
1352 800 1411 865 ὃς
1444 802 1605 866 Ἕλος
1642 801 1857 872 ὠνόμα-

280 907 424 955 σται,
475 890 644 962 ἀγρὸς
678 890 911 960 πάρεστί
955 908 1046 960 μοι
1089 890 1165 954 ὡς
1210 892 1318 944 ἀπὸ
1371 891 1563 963 μιλίων
1615 898 1667 963 η’
1717 892 1853 963 πρὸς

277 983 568 1054 διάστημα.
623 984 734 1039 Καὶ
762 983 902 1037 κατὰ
935 983 1035 1054 τὴν
1080 982 1388 1056 παριοῦσαν
1441 982 1685 1056 ἑσπέραν
1730 982 1856 1037 καθ’

277 1076 336 1129 δν
370 1074 485 1147 (70)
547 1092 640 1147 μοι
685 1076 1105 1148 περιπολεύοντι
1136 1074 1396 1147 προσίασί
1441 1093 1586 1140 τινες
1630 1091 1856 1146 ποιμαι-

277 1169 501 1235 νόντων,
530 1168 626 1223 καὶ
651 1167 891 1238 ἔφασκον
914 1169 989 1232 ώς
1016 1168 1079 1222 ὲκ
1102 1166 1210 1220 τῶν
1231 1167 1706 1239 ἐπιχωριαζόντων
1735 1166 1856 1219 δαι-

280 1262 457 1331 μόνων
515 1260 861 1331 διακηκοέναι
912 1261 1229 1331 φραζόντων
1283 1260 1541 1327 γενέσθαι
1592 1260 1703 1330 (7|)
1759 1258 1857 1329 τὴν

280 1351 635 1423 Συράκουσαν
662 1352 1011 1425 δοριάλωτον,
1049 1354 1107 1406 ὲν
1149 1352 1319 1425 ταύτῃ
1349 1370 1409 1405 τε
1450 1354 1711 1423 παρεῖναι
1744 1352 1855 1424 (72)

276 1445 494 1507 αὐτοὺς,
529 1444 652 1499 ὅθεν
690 1445 784 1499 καὶ
815 1443 1238 1516 διατρανοῦσθαι
1288 1444 1572 1517 ἀλήθειαν.
1604 1463 1623 1496 ι
1676 1444 1854 1509 Αὐτὸς

276 1535 329 1589 δὲ
361 1536 498 1607 πρὸς
538 1535 695 1590 τοῦτο
745 1536 819 1607 μὴ
855 1537 1172 1591 κατανεύων
1218 1538 1298 1600 είς
1343 1538 1600 1592 ἀπιστίαν
1636 1537 1855 1610 ἐχώρει,

275 1626 373 1695 τὴν
401 1624 698 1695 αύηκοῖαν
731 1626 1192 1698 σφετεριζόμενος
1234 1628 1370 1695 (75).
1418 1628 1559 1683 Καθ’
1585 1630 1652 1701 ἢν
1675 1631 1734 1683 ἐν
1760 1648 1859 1684 κα-

273 1715 505 1787 ταλήψει
536 1717 580 1751 ³⁸
615 1717 909 1788 γενόμενος
948 1718 1043 1771 τοῦ
1083 1718 1257 1790 ἀγροῦ
1302 1719 1527 1790 πρώτην
1554 1721 1677 1775 καθ’
1708 1720 1857 1792 ὥραν

274 1809 365 1860 καὶ
412 1808 637 1877 ποιμέσι
707 1810 1132 1880 συγκατειλὴφει
1183 1811 1276 1865 τὸν
1310 1811 1619 1884 ὡρισμένον
1674 1813 1856 1886 χῶρον
1887 1831 1930 1890 Β

273 1900 358 1969 ιφ*
389 1893 435 1967 ᾧ
476 1899 546 1953 τὰ
584 1899 746 1973 ἀέρια
777 1902 891 1971 (74)
919 1901 1018 1972 τὴν
1047 1901 1335 1974 διατριϐὴν
1370 1904 1722 1975 ἐπεποίηντο.
1754 1898 1856 1958 Ὧν

272 1990 370 2061 τὴν
412 1990 690 2063 διαγωγὴν
741 1992 1131 2065 πυνθανομένῳ
1183 1996 1291 2048 τινὶ
1337 1995 1448 2049 τῶν
1502 1995 1782 2065 ποιμένων
1808 1996 1855 2030 ⁸⁸

273 2080 785 2151 προσαπεκρίναντο
811 2082 956 2136 κατὰ
979 2083 1137 2136 πόλιν
1158 2083 1275 2153 (75)
1307 2083 1666 2154 Συράκουσαν
1693 2083 1855 2153 εἶναι,

271 2170 367 2225 τοῦ
406 2172 850 2244 περιλειφθέντος
890 2174 1278 2245 Χριστιανικοῦ
1323 2174 1559 2246 αἵματος
1594 2177 1857 2248 ἐμφορεῖ-

270 2262 399 2318 σθαι
423 2279 439 2294 ⁸
473 2264 565 2319 τὸν
594 2263 653 2318 δὲ
683 2265 944 2337 περὶτῶν
976 2266 1235 2323 τοιούτων
1270 2267 1470 2322 εἰδέναι
1491 2268 1857 2341 διερευνώμε-

273 2374 364 2411 νον
392 2357 454 2412 τδ
510 2358 755 2429 πραχθὲν
808 2359 1139 2428 γινώσκειν,
1187 2360 1250 2414 τό
1288 2377 1348 2414 τε
1397 2360 1572 2431 ὄνομα
1623 2363 1720 2416 κα)⁹
1765 2362 1858 2417 τὸν

271 2449 503 2520 ἀρχικὸν
549 2450 758 2521 βαθμδν
808 2451 1218 2519 ἐξεπίστασθαι-
1254 2447 1350 2518 οῖς
1397 2455 1426 2508 δ
1468 2454 1747 2524 Ἀδριανδς
1781 2456 1858 2525 μὴ

270 2541 547 2595 πιστεύων
574 2542 618 2575 ⁶¹
644 2542 725 2596 έτι
752 2543 1112 2614 ύπελογίζετο
1140 2545 1285 2597 ἕωλα
1314 2544 1452 2614 (76).
1487 2545 1599 2597 Καὶ
1630 2545 1768 2613 μετά
1800 2551 1859 2597 ιε’

270 2632 534 2687 ἐπιοῦσαν
559 2634 778 2704 ἡμέραν
805 2634 876 2686 τὰ
901 2636 1032 2699 παρ’
1078 2633 1261 2687 αὐτῶν
1301 2633 1379 2697 ώς
1404 2630 1409 2641 “
1436 2632 1606 2705 ψευδῆ
1640 2634 1859 2703 νομιζό-

276 2739 414 2793 μενα
460 2722 613 2793 παρὰ
662 2723 771 2777 τῶν
824 2722 1034 2776 ἐκεῖθεν
1088 2722 1242 2792 μόλις
1285 2720 1628 2793 ἐληλυθότων
1684 2723 1859 2795 ἀληθῆ

274 2813 655 2884 κατεφαίνετο.
722 2812 846 2868 Τῶν
918 2812 1014 2867 οῦν
1086 2812 1370 2884 ἐγχωρίων
1436 2814 1765 2886 πνευμάτων
1825 2820 1859 2887 ἡ

272 2904 499 2977 τοιαύτη
528 2904 857 2977 πρόγνωσις,
882 2905 915 2977 ἢ
945 2903 1144 2975 μᾶλλον
1172 2903 1348 2957 είπεῖν
1376 2904 1409 2975 ἠ
1440 2904 1663 2959 ἐπὶτῶν
1688 2923 1864 2975 πρατ-

274 2995 520 3067 τομένων
569 2995 795 3065 γνῶσις,
843 2998 956 3060 τοῖς
989 2996 1134 3050 κατὰ
1167 2996 1268 3067 τὴν
1315 2996 1490 3068 αὐτὴν
1524 2995 1711 3069 χώραν
1734 2997 1864 3069 ἄχρι

278 3088 555 3158 βασιλείας
567 3087 662 3141 τοῦ
682 3088 1097 3155 εὐσεϐεστάτου,
1110 3087 1184 3153 ὥς
1201 3105 1361 3158 φασι,
1375 3089 1602 3153 Λέοντος
1619 3107 1866 3161 προσμε-

1954 538 2111 583 rente
2140 535 2305 597 atque
2344 525 2486 582 unde
2518 526 2570 581 id
2602 526 2739 581 sciat
2762 528 3156 597 interrogante,
3192 527 3284 582 hic
3314 543 3542 597 respon-

1954 618 2037 673 dit
2061 635 2074 671 :
2103 637 2121 669 ι
2145 616 2387 672 Estmihi
2414 618 2467 675 in
2492 631 2558 672 eo
2579 616 2701 670 loco
2724 615 2819 687 qui
2840 615 3002 673 Helos
3026 615 3250 680 dicitur,
3275 616 3542 688 pradium

1954 710 2111 781 quasi
2147 719 2274 764 octo
2309 709 2694 763 milliariorum
2726 709 3037 763 intervallo.
3080 707 3260 779 Atque
3301 708 3423 763 heri
3452 726 3544 764 ve—

1956 799 2104 871 speri
2137 799 2270 854 illud
2306 799 2687 855 obambulanti
2719 799 2853 853 mihi
2884 810 3187 854 occurrunt
3217 800 3443 870 quidam
3479 816 3545 856 ex

1956 889 2290 961 pastoribus,
2344 898 2401 944 et
2433 889 2693 944 dicebant
2732 905 2790 944 se
2821 906 2887 945 ex
2925 890 3268 945 daemonibus
3307 891 3399 947 hic
3426 908 3550 947 ver-

1956 981 2206 1036 santibus
2229 980 2509 1037 audivisse
2528 982 2839 1037 dicentibus
2871 982 3169 1056 Syracusas
3196 996 3382 1054 captas
3399 998 3543 1051 esse,

1957 1071 2143 1142 ibique
2168 1086 2226 1126 se
2248 1071 2417 1127 fuisse
2434 1080 2598 1143 atque
2621 1072 2748 1127 inde
2765 1060 3053 1130 veritatem
3077 1084 3229 1131 certo
3248 1075 3548 1146 comperis-

1956 1178 2037 1219 se.
2079 1183 2096 1216 ι
2133 1163 2238 1218 Sed
2269 1165 2361 1220 ille
2393 1164 2539 1219 haud
2563 1165 2819 1232 credens,
2851 1165 3015 1221 fidem
3047 1168 3154 1223 sibi
3185 1168 3304 1225 ﬁeri
3330 1169 3552 1226 volebat

1956 1254 2183 1325 proprio
2206 1257 2417 1312 auditu.
2466 1257 2646 1323 Quare
2690 1258 2746 1312 in
2782 1258 3047 1329 praedium
3094 1260 3374 1331 profectus
3414 1261 3549 1316 hora

1958 1345 2133 1415 prima
2175 1362 2300 1401 cum
2330 1348 2650 1417 pastoribus
2684 1349 2971 1404 definitum
3006 1351 3187 1406 locum
3237 1354 3547 1422 occupavit,

1956 1434 2013 1489 in
2047 1452 2158 1507 quo
2192 1438 2420 1508 spiritus
2450 1439 2526 1494 illi
2559 1442 3062 1497 commorabantur.
3096 1442 3247 1509 Quos
3269 1459 3394 1498 cum
3425 1445 3552 1514 qui—

1958 1529 2082 1584 dam
2116 1545 2182 1584 ex
2222 1530 2535 1599 pastoribus
2568 1532 2962 1603 interrogasset
3010 1534 3106 1589 ubi
3149 1533 3409 1600 fuissent,
3442 1533 3549 1604 ipsi

1959 1617 2364 1686 responderunt
2427 1619 2484 1675 in
2520 1621 2669 1697 urbe
2715 1621 3110 1693 Syracusarum
3163 1639 3221 1680 se
3272 1624 3443 1680 fuisse
3496 1634 3552 1680 et

1959 1705 2190 1762 satiasse
2242 1709 2494 1780 reliquiis
2537 1712 2824 1782 sanguinis
2867 1712 3165 1770 Christiani
3203 1716 3299 1786 qui
3343 1716 3555 1772 effusus

1957 1806 2105 1854 esset
2135 1816 2150 1866 ;
2202 1799 2360 1856 illum
2394 1817 2564 1872 porro
2600 1803 2696 1874 qui
2730 1804 2799 1860 de
2833 1805 2920 1860 his
2962 1807 3107 1863 scire
3154 1816 3382 1878 cuperet
3419 1808 3552 1878 quid

1958 1892 2030 1948 sit
2060 1893 2286 1960 factum,
2329 1911 2389 1951 se
2419 1912 2585 1952 nosse
2615 1937 2630 1961 ,
2665 1912 2978 1967 nomenque
3016 1906 3073 1954 et
3111 1899 3339 1970 gradum
3375 1898 3554 1969 digni-

1959 1987 2089 2041 tatis
2128 1986 2293 2042 scire.
2340 1988 2554 2054 Quibus
2605 1990 2850 2045 nondum
2896 1991 3128 2047 credens
3171 1992 3448 2047 Adrianus
3489 2007 3553 2045 ea

1957 2077 2312 2133 existimabat
2366 2079 2582 2135 frivola.
2634 2081 2741 2136 Sed
2787 2092 2911 2152 post
2968 2082 3246 2139 decimum
3298 2083 3553 2153 quintum

1958 2166 2107 2223 diem
2134 2182 2198 2223 ea
2218 2184 2342 2239 qua:
2369 2168 2475 2240 ipsi
2503 2171 2793 2228 mendacia
2816 2172 3152 2230 videbantur
3178 2189 3279 2245 per
3308 2174 3432 2229 illos
3457 2173 3554 2244 qui

1960 2263 2089 2320 inde
2120 2280 2262 2336 agre
2282 2275 2578 2322 evaserant
2616 2284 2747 2322 vera
2787 2268 3334 2324 demonstrabantur.
3380 2269 3556 2325 Caete-

1962 2376 2083 2413 rum
2120 2359 2269 2414 illius
2291 2360 2397 2413 loci
2427 2360 2894 2429 1185piritnum
2920 2363 3287 2430 prmscientia,
3320 2369 3415 2416 aut
3449 2376 3549 2431 po-

1961 2449 2073 2502 tius
2117 2448 2366 2516 ipsorum
2414 2445 2685 2503 factorum
2729 2450 2980 2517 scientia,
3022 2451 3226 2505 ibidem
3265 2466 3440 2521 usque
3487 2452 3557 2507 ad

1964 2536 2257 2607 imperium
2294 2536 2527 2608 piissimi
2558 2535 2781 2605 Leonis,
2810 2548 2871 2594 ut
2903 2541 3082 2605 aiunt,
3116 2540 3358 2595 duravit.
3402 2539 3558 2595 Tunc

1965 2628 2133 2701 igitur
2160 2630 2336 2700 copiis
2361 2632 2599 2687 nauticis
2622 2647 2760 2703 quas
2780 2647 2969 2687 secum
2990 2632 3229 2688 habebat
3253 2646 3556 2703 congrega-

1964 2721 2586 2794 tisConstantinopolim
2618 2724 3011 2795 proficiscitur,
3045 2724 3385 2794 supplexque
3414 2722 3474 2778 fit
3499 2724 3557 2777 in

1964 2810 2202 2886 quodam
2226 2817 2434 2887 templo
2450 2826 2645 2888 petens
2666 2818 2882 2873 veniam
2908 2818 3261 2874 delictorum.
3284 2818 3390 2874 Sed
3408 2819 3557 2889 quod

1965 2907 2202 2963 oliicium
2229 2910 2581 2981 neglexisset,
2614 2926 2718 2966 nec
2739 2912 2878 2966 adeo
2904 2911 3227 2968 difﬁcultate
3258 2911 3555 2982 navigandi

1966 3018 2102 3057 usus
2131 3001 2348 3070 fuisset,
2380 3011 2443 3058 ut
2472 3004 2590 3075 ipse
2624 3004 2936 3074 dictitabat,
2970 3008 3188 3063 veniam
3228 3015 3559 3064 consecutus

1968 3109 2078 3149 non
2098 3102 2207 3150 εει.

279 3186 541 3258 μένηκεν.
577 3184 710 3239 Τότε
754 3184 820 3257 δὴ
853 3184 1083 3256 στρατὸν
1109 3185 1201 3239 τὸν
1233 3184 1327 3238 ὐπ’
1406 3184 1574 3239 αὐτὸν
1639 3186 1921 3257 ναύμαχον
1962 3190 2291 3260 συναγείρας
2341 3194 2408 3263 τῇ
2464 3193 3041 3247 Κωνσταντινουπόλει
3097 3194 3398 3265 ἐπιδημεῖ,
3459 3198 3556 3251 καὶ

279 3276 465 3346 ἱκέτης
506 3274 564 3329 ιν
602 3292 709 3328 τινι
752 3274 884 3345 ἱερῷ
932 3272 1299 3343 παραγίνεται
1371 3273 1484 3345 (77)
1551 3272 1783 3338 ἐξαιτῶν
1851 3284 2306 3353 συγκεχωρῆσθαι
2375 3280 2472 3335 τοῦ
2539 3283 2877 3354 σφάλματος.
2938 3285 3105 3337 Ἀλλὰ
3158 3285 3269 3339 τῶν
3325 3286 3561 3342 δεόντων

278 3368 643 3440 ὀλιγωρήσας,
676 3367 773 3421 καὶ
794 3368 916 3439 οὐχὶ
943 3367 1210 3440 δυσπλοίᾳ
1240 3367 1408 3422 πλέον
1441 3367 1581 3439 (78),
1622 3368 1699 3431 ὡς
1728 3366 1989 3439 ἔφασκεν,
2019 3375 2356 3447 συγγνώμης
2389 3374 2491 3429 οὐκ
2524 3375 2743 3447 ἔτυχεν.

361 3460 452 3514 Ἔν
500 3459 559 3513 δὲ
603 3457 683 3530 τῷ
714 3457 863 3529 αύτῷ
910 3459 1238 3530 ἐφεστηκότι
1276 3457 1457 3531 καιρῷ
1505 3457 1621 3531 (79)
1667 3459 1715 3511 oi
1756 3458 1860 3513 ἀπὸ

2042 3465 2248 3521 Eodem
2273 3476 2522 3536 tempore
2560 3481 2627 3522 ex
2662 3466 2991 3538 Carthagine
3011 3465 3128 3521 Afri
3155 3465 3411 3524 Saraceni
3430 3483 3558 3524 cum

280 3552 628 3624 Καρχηδόνος
664 3553 861 3623 Ἀφροι
909 3550 1222 3623 Σαρακηνοὶ
1266 3551 1363 3604 σὺν
1394 3550 1585 3604 ὁλκάσι
1631 3566 1859 3622 παμμε-

279 3645 494 3716 γέθεσιν
520 3644 581 3709 ξ’,
613 3637 699 3707 αἷς
731 3642 973 3715 χώρησις
1024 3650 1068 3696 σ¹
1105 3643 1319 3715 ἀνδρῶν
1360 3643 1709 3714 διηρίθμητο,
1761 3659 1862 3697 και⁸

274 3735 703 3808 ταστρατεύουσι
752 3735 848 3789 καὶ
894 3735 1224 3790 διικνοῦνται
1278 3734 1631 3806 Κεφαληνίας
1694 3732 1860 3806 μέχρι

277 3830 371 3884 καὶ
395 3828 695 3895 Ζακύνθου,
726 3828 851 3899 ἥτις
882 3827 1018 3899 πρὸς
1053 3827 1255 3899 ἄνεμον
1280 3826 1523 3897 Ζέφυρον
1572 3826 1685 3897 (80)
1716 3829 1861 3882 κατὰ

274 3922 369 3976 τὸν
395 3920 731 3991 καλούμενον
770 3918 951 3990 Ἰχθῦν
981 3918 1371 3985 ἀπονένευκεν,
1401 3918 1466 3972 ἐκ
1490 3935 1550 3971 τε
1584 3917 1862 3972 Ζακύνθου

276 4012 371 4068 τοῦ
401 4013 655 4083 Μέροπος
681 4011 784 4080 τῆς
816 4010 1186 4081 προσηγορίας
1220 4008 1518 4081 τετύχηκεν
1553 4007 1689 4078 (81).
1722 4007 1861 4077 Περὶ

277 4096 354 4161 ὧν
383 4107 412 4159 ό
444 4104 700 4176 βασιλεὺς
748 4102 999 4170 διαγνοὺς
1039 4100 1132 4155 τὸν
1182 4098 1473 4170 πατρίκιον
1524 4097 1722 4170 Νάσαρ
1772 4098 1866 4151 ὲκ-

280 4198 488 4269 πέμπει
537 4197 635 4251 σὺν
682 4192 995 4265 ναυστολίᾳ,
1039 4192 1209 4265 ἄνδρα
1250 4191 1607 4263 πολύπειρον,
1656 4189 1868 4261 ταύτης

278 4288 751 4363 καθηγησόμενον.
805 4286 913 4341 Τοῦ
969 4285 1028 4339 δὲ
1071 4286 1216 4341 κατὰ
1261 4284 1532 4355 Μεθώνην
1586 4281 1686 4355 τὴν
1734 4280 1870 4352 πρὶν

1960 3555 2277 3628 ingentibus
2300 3558 2536 3613 navibus
2570 3557 2870 3629 sexaginta,
2889 3574 3011 3630 quae
3035 3560 3375 3615 ducentenos
3408 3561 3558 3618 viros

1960 3649 2275 3718 capiebant,
2331 3648 2533 3705 infesto
2572 3651 2820 3706 exercitu
2868 3667 2970 3707 nos
3024 3651 3314 3718 invadunt,
3358 3670 3557 3725 perve-

1958 3739 2233 3810 niuntque
2261 3739 2328 3795 ad
2352 3740 2745 3811 Cephaleniam
2763 3757 2939 3813 usque
2971 3742 3410 3812 acZacynthum,
3434 3761 3559 3816 quae

1957 3832 2027 3887 ad
2064 3831 2377 3902 Zephyrum
2420 3846 2619 3887 versus
2662 3833 2895 3905 Ichthyu
2930 3843 3176 3904 spectat;
3208 3852 3237 3891 a
3276 3835 3558 3909 Zacyntho

1958 3930 2145 3977 autem
2201 3923 2440 3993 Meropis
2487 3924 2600 3979 filio
2642 3940 2842 3980 nomen
2889 3928 3120 3997 accepit.
3155 3926 3276 3995 Quo
3314 3932 3554 4001 cognito,

1962 4013 2265 4085 imperator
2322 4015 2616 4085 patricium
2667 4017 2971 4084 Nasarem,
3022 4018 3204 4073 virum
3259 4022 3557 4076 multarum

1964 4121 2151 4161 rerum
2184 4107 2448 4177 peritum,
2484 4109 2633 4166 mitit
2664 4125 2792 4166 cum
2825 4110 3001 4169 classe
3032 4111 3248 4167 ducem.
3286 4113 3390 4180 Qui
3434 4130 3561 4171 cum

1966 4197 2036 4252 ad
2070 4196 2407 4266 Methonam,
2442 4216 2565 4272 quae
2598 4202 2754 4273 prius
2786 4202 3031 4259 Pedasus
3087 4204 3233 4260 dicta
3269 4204 3394 4271 fuit,
3429 4222 3558 4276 per-

1966 4289 2234 4355 venisset,
2270 4292 2522 4364 plerique
2560 4295 2797 4351 militum
2840 4312 2909 4352 ex
2950 4295 3185 4352 navibus
3227 4296 3562 4370 aufugerunt

276 4383 529 4453 Πήδασον
579 4382 624 4416 δ’
683 4380 796 4454 (82)
864 4378 1218 4451 καλουμένην
1275 4376 1752 4447 ἐπιδημήσαντος,
1819 4374 1860 4429 o‘

1969 4378 2261 4451 ipsumque
2287 4380 2670 4440 deseruerunt.
2693 4384 2847 4453 Quod
2877 4401 3002 4441 mox
3034 4384 3351 4442 notiﬁcatur
3382 4387 3559 4459 impe-

276 4476 523 4532 πλεῖστοι
551 4475 901 4549 στρατιωτῶν
948 4473 1060 4528 τῶν
1103 4472 1307 4527 πλοίων
1347 4469 1664 4542 ἀπέδρασαν
1696 4485 1869 4523 καταο

1978 4473 2174 4535 ratori.
2224 4485 2387 4547 atque
2418 4492 2543 4533 cum
2590 4477 2938 4536 festinatione
2988 4480 3301 4537 vehementi
3329 4483 3399 4538 ab
3439 4484 3560 4553 ipso

1551 4630 1785 4686 VABlE
1826 4630 2241 4692 LECTIONES.

358 4760 403 4792 ”
434 4759 808 4830 ὲγκαταλὴψει
841 4757 903 4815 L.
980 4760 1025 4793 “
1059 4756 1366 4829 ποιμαίνων
1385 4753 1450 4809 L.
1523 4754 1565 4787 ⁵¹
1591 4751 1864 4810 πιστεύων
1891 4753 1953 4819 Β,
1981 4758 2261 4814 πιστεύειν
2280 4759 2342 4815 L.
2421 4762 2465 4794 δ’
2510 4761 2739 4815 Πίδασον
2778 4762 2837 4817 L.

1495 4872 1740 4929 STEPH.
1771 4870 2125 4930 BERGLERI
2170 4875 2403 4933 NOTAE}.

361 4996 475 5069 (68)
508 4993 899 5069 Ita-scriptum.
933 4992 1307 5069 Ponitur‘pro
1368 4991 1554 5069 ποθέν,
1591 4988 1858 5046 alicunde.
1894 4990 1939 5047 D
2041 4992 2154 5069 (28)
2180 4993 2454 5069 boquitnr
2474 4996 2781 5069 profligate.

284 5063 392 5123 Aut
415 5063 1024 5136 legendum_£nlqrarat
1042 5078 1148 5136 pro
1176 5063 1528 5136 ἐπίστασθαι.

355 5131 682 5204 (69)Ὀοηει.
712 5132 916 5203 Porph.
940 5150 996 5204 p.
1034 5131 1157 5198 191,
1193 5132 1359 5189 Cedr.
1399 5149 1454 5203 p.
1488 5131 1614 5189 585.

356 5204 471 5274 (70)
506 5207 605 5258 ‘Ov
632 5219 733 5274 pro
757 5204 941 5257 αὐτόν.

361 5271 471 5343 (71)
496 5271 685 5331 Const.
710 5273 916 5343 Porph.
940 5289 992 5342 p.
1026 5273 1149 5337 191,
1180 5271 1349 5329 Cedr.
1372 5288 1432 5343 p.
1457 5272 1581 5332 585.

358 5343 471 5416 (72)
503 5344 772 5416 Ambigne
820 5353 876 5397 et
919 5344 1131 5416 perdite
1177 5343 1444 5416 loquitur.
1490 5377 1560 5389 —
1594 5343 1861 5411 Quamvis

288 5412 540 5485 παρεῖναι
562 5412 690 5469 non'
705 5414 779 5468 sit
809 5412 1521 5485 prm'teritnmperfectum,
1584 5423 1767 5469 tamen
1803 5416 1859 5469 in

291 5483 534 5557 perfecto
558 5485 753 5558 verbo,
784 5496 839 5538 et
860 5483 1185 5558 itaintelligi
1209 5484 1452 5558 voluisse
1495 5496 1630 5558 puto
1661 5494 1860 5540 aucto-

286 5554 426 5621 rem,
477 5555 573 5626 qui
608 5554 720 5627 fere
774 5555 1115 5627 promiscue“
1156 5555 1333 5627 utitur
1381 5554 1745 5627 temporibus,
1804 5564 1864 5610 ut

286 5629 451 5683 etiam
482 5624 825 5696 prasteritum
854 5633 1023 5696 ponat
1047 5624 1349 5696 aliquando
1370 5641 1468 5695 pro
1496 5624 1716 5682 futuro.

383 5695 493 5767 73)
508 5695 924 5767 ConstLPorph.
955 5711 1009 5767 p.
1030 5695 1159 5767 191.

355 5700 474 5834 (75)
508 5700 699 5753 Const.
721 5700 924 5767 Porph.
955 5711 1009 5767 p.
1038 5700 1159 5750 191.

384 5767 471 5835 74)
495 5767 682 5824 Const.
703 5766 906 5836 Porph.
942 5782 994 5835 p.
1022 5765 1143 5831 191,
1174 5765 1337 5821 Cedr.
1368 5782 1421 5836 ιι.
1462 5767 1583 5821 868.

2041 5064 2154 5137 (76)
2179 5064 2368 5137 Const.
2394 5064 2596 5137 Porph.
2716 5068 2839 5131 191,
2869 5066 3041 5137 Cedr.
3070 5082 3122 5137 ρ.
3145 5065 3271 5120 586.

2036 5135 2153 5207 (77)
2178 5135 2369 5207 Const.
2402 5135 2605 5207 Porph.
2629 5135 2682 5207 p.
2713 5139 2835 5204 192,
2868 5137 2989 5192 init.
3015 5136 3175 5192 Cedr.
3202 5153 3254 5205 p.
3282 5136 3407 5191 586.

2037 5206 2150 5275 (78)
2180 5206 2254 5263 lla
2285 5206 2579 5281 scriptum,
2610 5206 2647 5263 f.
2680 5208 2880 5273 πλέων,
2914 5207 3168 5279 quamvis
3205 5207 3341 5261 illud
3378 5209 3554 5276 possit

1969 5291 2219 5332 manere.

2038 5346 2151 5419 (79)
2180 5348 2316 5403 Ζοη.
2350 5364 2402 5419 p.
2445 5348 2565 5411 172,
2594 5347 2757 5404 Cedr.
2786 5366 2840 5419 p.
2885 5348 3011 5403 582.

2039 5418 2151 5489 (80)
2182 5418 2372 5474 Const.
2399 5420 2604 5490 Porph.
2630 5436 2685 5490 p.
2722 5418 2844 5486 186,
2870 5421 3006 5475 Ζοη.
3048 5435 3103 5489 p.
3137 5418 3259 5483 172,
3295 5419 3460 5474 Cedr.
3496 5434 3552 5485 p.

1972 5487 2155 5632 5ἓῗέὶ)
2186 5560 2349 5616 Cedr.
2380 5578 2435 5630 p.
2456 5561 2583 5627 582,
2614 5558 2803 5617 Const.
2832 5559 3033 5631 Porph.
3070 5577 3124 5631 p.
3178 5561 3298 5626 187,
3331 5562 3464 5617 Ζοη.
3488 5576 3546 5632 p

1977 5630 2099 5695 172,
2120 5632 2212 5701 ubi
2245 5632 2491 5701 Νάρσαν.

2054 5701 2164 5772 (89)
2183 5700 2371 5757 Const.
2396 5702 2596 5771 Porph.
2617 5718 2671 5773 p.
2705 5703 2825 5758 186.
