4028 6226
444 288 579 352 1147
1750 290 2065 352 JOSEPHI
2123 289 2437 351 GENESII
3575 278 3724 344 1148

440 403 506 458 iis
551 416 674 472 qua
706 400 1109 470 acquisivisset,
1149 399 1534 468 acciperetque
1565 397 1634 452 ab
1676 398 1796 468 ipso
1818 414 2014 454 aurum

2135 399 2490 470 χαριζόμενοι
2545 396 2782 462 ἑαυτοῖς
2828 395 3026 461 καθὼς
3056 394 3153 449 καί
3203 397 3235 448 ό
3285 393 3543 461 Χριστὸς
3571 396 3724 462 ἡμῖν

435 505 492 550 et
514 502 801 563 argentum
833 503 888 548 et
923 501 1121 554 vestes,
1151 505 1216 544 ac
1240 489 1518 546 desineret
1537 490 1784 558 captivos
1813 489 2021 546 ducere

2135 493 2342 546 ἑαυτὸν
2383 490 2710 560 ἐχαρίσατο
2754 489 2854 558 (9),
2897 487 2990 542 καὶ
3033 485 3484 556 αὒταρκεσθῆναι
3518 486 3605 555 ἐφ’
3639 485 3725 551 οἷς

436 593 492 637 et
532 581 809 638 trucidare
841 579 1206 636 Christianos.
1239 579 1347 635 Sed
1371 580 1535 635 homo
1568 580 1724 635 ferox
1750 590 1807 636 et
1831 579 2023 635 infide.

2135 584 2458 653 ἐπεπόνητο,
2491 581 2773 652 εἰληφέναι
2800 598 2858 633 τε
2908 579 3036 652 παρ’
3076 578 3251 632 ἀὐτοῦ
3302 579 3506 648 χρυσόν
3529 597 3585 632 τε
3621 578 3721 633 καί

435 675 505 730 lis
531 674 776 745 pacificis
819 672 1000 727 verbis
1044 687 1154 727 non
1206 682 1580 742 permovetur.
1628 672 1814 738 Quare
1855 673 2023 727 etiam

2135 678 2369 747 Ξργυρον
2397 675 2493 728 καὶ
2522 675 2781 744 ἐσθῆτας,
2803 674 2900 726 καὶ
2929 671 3360 744 αἰχμαλωτίζειν
3399 674 3725 740 κατασφάτ-

438 769 698 826 rescribit
717 768 1036 837 imperatori
1061 786 1074 820 :
1106 768 1162 822 Si
1187 768 1365 837 cupis,
1397 767 1715 836 imperator,
1733 767 2023 822 nobiscum

2135 787 2240 822 τειν
2267 769 2633 840 Χριστιανοὺς
2661 765 2955 835 ἀνακόψαι.
3016 764 3158 818 Ἀλλ’
3197 766 3224 816 ὁ
3259 764 3594 835 Θρασύφρων
3625 767 3725 819 καὶ

436 875 628 930 pacem
658 859 820 924 inire,
847 858 1096 928 relinque
1117 858 1359 913 Orientis
1385 858 1700 927 imperium,
1731 867 1788 913 et
1814 867 2022 913 tantum

2135 859 2360 920 ἄπιστος
2388 859 2504 922 τοῖς
2536 857 2838 928 είρηναίοις
2887 856 3064 923 Αόγοις
3091 855 3152 908 οὐ
3190 854 3472 907 πείθεταιο
3515 853 3595 907 διδ
3623 857 3725 909 καὶ

435 951 794 1010 Occidentale
845 967 1001 1006 serva
1036 968 1050 1004 :
1112 952 1192 1006 sic
1227 965 1415 1021 pacem
1463 965 1687 1020 agemus
1725 957 1928 1005 tecum.
1965 950 2025 1006 Si

2135 950 2460 1021 ἀντιγράφει
2484 950 2563 1018 τῷ
2595 949 2826 1020 βασιλεῖ,
2863 946 2939 1011 ὡς
2975 964 2995 998 ι
3033 947 3204 1016 Εἴπερ
3228 945 3457 1010 ἐθέλοις,
3489 939 3536 998 ὧ
3567 946 3724 1016 βασι-

437 1047 642 1111 minus,
677 1045 1002 1100 conabimur
1025 1054 1077 1099 te
1111 1044 1336 1098 omnino
1371 1058 1539 1114 regno
1564 1044 1785 1112 ejicere.
1817 1062 1834 1095 ι
1875 1043 2028 1098 Hanc

2135 1042 2248 1104 λεῦ,
2287 1042 2407 1113 μεθ’
2465 1041 2624 1114 ήμῶν
2677 1041 2903 1112 εἰρήνην
2949 1038 3280 1101 ἐπιτελέσαι,
3319 1038 3595 1109 ἀπόστηθι
3622 1040 3728 1110 τῆς

435 1139 556 1208 ejus
591 1138 886 1192 amentiam
923 1138 1222 1205 imperator
1251 1135 1498 1191 sentiens
1539 1135 1820 1204 sapienter
1853 1136 2026 1190 tacuit

2135 1136 2252 1189 κατ’
2286 1135 2551 1206 ἀνατολὴν
2579 1134 2831 1199 ἐξουσίας
2863 1149 2982 1196 σου,
3019 1133 3120 1201 τῆς
3161 1131 3216 1184 δὲ
3249 1131 3384 1201 πρὸς
3409 1132 3569 1187 δύσιν
3597 1134 3724 1186 ἀντ-

437 1244 539 1284 nec
565 1229 800 1299 amplius
829 1228 1133 1296 rescripsit.

2135 1226 2282 1297 έχον,
2307 1228 2400 1280 καὶ
2419 1226 2815 1297 εἰρηνεύσομεν
2849 1225 2988 1295 μετά
3019 1223 3114 1278 σοῦ
3135 1239 3153 1256 ⁸
3181 1225 3230 1276 εἰ
3256 1224 3313 1276 δὲ
3349 1225 3445 1294 μὴ,
3482 1226 3727 1278 σπεύσο-

440 1341 540 1394 μεν
572 1324 615 1356 ⁸⁷
654 1323 792 1386 ὃλως
843 1324 932 1376 ἵνα
965 1340 1022 1376 σε
1052 1323 1144 1376 καὶ
1171 1322 1269 1391 τῆς
1305 1320 1582 1391 βασιλείας
1626 1321 2126 1394 ὲξοστρακίσωμεν.
2171 1341 2190 1375 ι
2224 1324 2338 1394 Τῆς
2389 1319 2481 1376 οὖν
2534 1321 2790 1385 ἀπονοίας
2859 1318 3026 1373 αὐτοῦ
3064 1321 3094 1372 ό
3160 1319 3416 1389 βασιλεὺς
3485 1319 3732 1373 διαισθόο

440 1433 606 1488 μενος
653 1417 1016 1487 ἐφιλοσόφησε
1045 1417 1278 1486 σιωπὴν,
1315 1417 1480 1487 μηδὲν
1506 1417 1586 1470 ἔτι
1617 1417 1765 1489 αὐτῷ
1803 1419 2246 1490 ἀντιγεγραφώς.

509 1509 738 1566 Duobus
757 1518 939 1563 autem
970 1507 1130 1561 annis
1144 1507 1344 1576 elapsis
1375 1508 1525 1561 venit
1545 1507 1879 1579 Chrysocbir
1899 1523 2024 1563 cum

2205 1511 2338 1564 Δυσί
2358 1511 2416 1565 δὲ
2437 1509 2649 1581 χρόνοις
2670 1508 3132 1581 παρελκυσθεῖσιν
3153 1509 3181 1562 ό
3201 1507 3511 1580 Χρυσόχειρ
3531 1511 3730 1583 ἐξῆ).οι

439 1616 542 1656 suo
591 1601 838 1655 exercitu
878 1615 1051 1669 usque
1107 1599 1174 1654 ad
1229 1601 1499 1671 Ancyram
1559 1601 1752 1655 urbem
1802 1610 1861 1656 et
1906 1601 2023 1671 ipsa

2135 1605 2233 1658 σὺν
2261 1605 2377 1668 τοῖς
2434 1603 2585 1667 ἰδίοις
2639 1602 3016 1674 στρατεύμασι
3055 1602 3250 1674 μέχρις
3317 1602 3594 1674 Ἀγκύρας
3627 1610 3733 1677 τῆς

438 1696 743 1759 Commata,
781 1693 1074 1764 praedaque
1107 1693 1276 1746 multa
1307 1693 1515 1762 potitus
1552 1695 1868 1748 revertitur.
1905 1694 2023 1749 Ca:-

2135 1698 2343 1761 πόλεως
2393 1696 2490 1751 καὶ
2548 1681 2728 1750 αὐτῶν
2777 1694 2889 1749 τῶν
2917 1696 3242 1766 κομμάτων,
3295 1696 3733 1766 λαφυραγωγίαν

441 1798 618 1842 terum
653 1787 990 1842 domesticus
1021 1787 1332 1841 scholarum
1384 1787 1676 1843 intervallo
1715 1788 1880 1843 unius
1911 1788 2023 1844 diei

439 1878 652 1934 distans
681 1879 944 1948 subsequi
975 1879 1263 1933 desinebat
1292 1897 1304 1933 :
1336 1881 1631 1935 verebatur
1655 1883 1802 1936 enim
1829 1881 2025 1938 subse-

439 1972 534 2040 qui
559 1980 616 2026 et
644 1971 913 2041 conSpici.
939 1970 1276 2041 Chrysocbir
1302 1983 1483 2028 autem
1515 1974 1567 2027 in
1592 1973 1880 2029 Cbarsiani
1907 1976 2028 2030 the-

440 2079 528 2117 ma
562 2064 734 2126 venit,
758 2073 815 2116 et
837 2063 904 2116 ad
935 2063 1182 2132 Agranas
1207 2074 1384 2118 castra
1409 2075 1668 2130 metatur,
1690 2067 2027 2123 domesticus

440 2163 622 2209 autem
657 2155 724 2208 ad
763 2154 1020 2209 Siboron.
1063 2154 1168 2221 Qui
1204 2156 1534 2225 praetoribus
1570 2157 2024 2214 Armeniacorum

439 2255 498 2301 et
532 2246 820 2303 Cbarsiani
856 2247 1120 2317 praecepit
1163 2247 1392 2303 dicens:
1437 2267 1455 2300 ι
1486 2248 1685 2304 Tollite
1728 2250 1897 2306 duces
1929 2252 2025 2322 qui

440 2339 603 2395 vobis
630 2340 888 2404 subsunt,
916 2350 972 2395 et
994 2341 1212 2409 equites
1235 2341 1452 2411 aliquos
1489 2343 1684 2407 bonos,
1706 2343 2027 2415 victumque

439 2433 599 2503 quasi
619 2431 833 2487 dierum
858 2433 1171 2498 duodecim,
1193 2442 1250 2487 et
1275 2434 1676 2504 subsequimini
1700 2435 2030 2508 Chrysochi-

443 2539 560 2580 rem
598 2540 774 2595 usque
803 2525 870 2580 ad
911 2526 1068 2595 123
1109 2527 1596 2598 Bathyrrbyacem.
1633 2530 1700 2583 Et
1728 2530 1772 2584 si
1804 2531 2027 2600 quidem

435 2625 657 2684 partem
679 2617 918 2686 aliquam
938 2618 1219 2673 exercitus
1241 2634 1362 2688 quae
1391 2618 1549 2672 facile
1583 2620 1831 2689 superari
1855 2623 2031 2691 possit

441 2706 659 2762 miserit
688 2708 742 2760 in
785 2707 1245 2762 Armeniacorum
1283 2716 1380 2761 aut
1411 2707 1465 2761 in
1499 2707 1788 2765 Charsiani
1821 2711 2028 2776 thema,

443 2796 751 2868 signiﬁcate
774 2798 828 2852 id
862 2797 1023 2852 nobis
1050 2815 1064 2850 :
1094 2797 1139 2852 si
1172 2807 1354 2852 autem
1393 2797 1709 2855 discesserit
1741 2817 1770 2855 a
1801 2800 2033 2873 Bathyr—

441 2889 643 2960 rbyace
669 2932 682 2951 .
719 2897 1064 2944 revertentes
1094 2890 1281 2945 venite
1303 2891 1370 2944 ad
1414 2907 1537 2945 nos.
1569 2909 1587 2943 ι
1617 2893 1840 2962 Vesperi
1861 2895 2031 2966 igitur

441 2979 724 3048 profectus
749 2979 1083 3049 Cbrysochir
1099 2990 1278 3035 castra
1304 2981 1488 3050 posuit
1519 2982 1573 3035 in
1601 2982 1860 3038 inferiore
1887 2985 2030 3046 loco.

2129 1791 2309 1862 ἐαυτῷ
2334 1789 2538 1861 πολλὴν
2583 1789 3004 1860 προσηκάμενος
3028 1829 3042 1854 ,
3079 1788 3176 1841 καὶ
3223 1788 3526 1843 ἐπάνεισιν.
3575 1789 3635 1843 ’0
3665 1791 3731 1843 δὲ

2127 1882 2464 1954 καθηγεμὼν
2487 1882 2599 1937 τῶν
2631 1881 2836 1952 σχολῶν
2856 1881 3305 1951 διαστηματίζων
3338 1883 3515 1951 μίλιον
3544 1883 3606 1935 ἓν
3630 1883 3732 1954 τὴν

2128 1977 2491 2048 παραδρομὴν
2516 1975 2847 2039 ἐσκευάζετο
2885 1975 3028 2046 (10)⁶
3063 1975 3454 2046 ὲδεδοίκειγὰρ
3495 1976 3731 2045 πλησιο-

2129 2071 2271 2140 φανῆ
2297 2070 2398 2140 τὴν
2424 2070 2788 2142 παραδρομὴν
2815 2067 3305 2138 παραδείκνυσθαι.
3339 2068 3399 2122 Ὀ
3431 2069 3489 2122 δὲ
3515 2070 3733 2140 Χρυσό-

2128 2181 2249 2235 χειρ
2274 2163 2632 2235 κατηντηκὼς
2655 2163 2835 2235 τῷτοῠ
2859 2164 3170 2235 Χαρσιανοῦ
3202 2164 3396 2233 Θέματι
3417 2166 3497 2229 εἰς
3521 2165 3732 2237 Ἀγράο

2128 2273 2225 2318 νας
2263 2258 2589 2326 ὲσκήνωται,
2621 2258 2701 2322 εἰς
2733 2257 2795 2312 τὸ
2827 2257 3054 2329 Σίϐορον
3079 2257 3135 2311 δὲ
3167 2255 3195 2308 6
3230 2257 3555 2326 δομέστικος
3578 2274 3592 2288 ·
3631 2258 3729 2312 καὶ

2128 2351 2243 2413 τοῖς
2275 2349 2674 2420 πρατηγέταις
2691 2349 2800 2402 τῶν
2820 2367 2878 2403 τε
2925 2349 3304 2421 Ἀρμενιακῶν
3331 2351 3423 2403 καὶ
3453 2351 3548 2403 τοῦ
3570 2351 3718 2419 Χαρο

2133 2441 2318 2495 σιανοῦ
2360 2442 2701 2514 προστέταχε
2737 2442 2966 2495 διειπὼν
2999 2443 3132 2515 (11)·
3162 2461 3180 2493 ι
3220 2443 3413 2510 ’Λρατε
3447 2445 3577 2504 τοὺς
3609 2441 3718 2494 ὑπὸ

2131 2536 2291 2605 χεῖρα
2347 2535 2639 2600 τελοῦντας
2698 2535 2854 2606 ὑμῶν
2903 2535 3187 2607 ἄρχοντας,
3218 2537 3306 2588 καὶ
3357 2534 3708 2596 καλλίππους

2132 2629 2308 2694 τινὰς,
2329 2629 2426 2683 καὶ
2457 2630 2708 2692 δαπάνας
2729 2629 2806 2694 ὡς
2837 2631 3066 2702 ἡμερῶν
3090 2629 3176 2700 ιβ’,
3202 2629 3292 2682 κα).
3315 2627 3718 2699 παρατρέχοντι

2131 2720 2224 2774 τὸν
2244 2721 2596 2794 Χρυσόχειρα
2636 2722 2800 2794 μέχρι
2851 2722 2945 2776 τοῦ
2992 2720 3382 2790 Βαθυρύακοςο
3414 2719 3506 2773 καὶ
3533 2720 3580 2771 εἰ
3621 2717 3726 2788 μὲν

2131 2814 2420 2884 διαιρήσας
2453 2814 2584 2867 λαὸν
2619 2813 2931 2884 εὔπληκτον
2956 2813 3319 2884 παραπέμψοι
3349 2810 3424 2881 τῷ
3455 2810 3566 2863 τῶν
3590 2811 3724 2881 ’Δρ-

2137 2904 2411 2974 μενιακῶν
2444 2905 2555 2975 (1‘2)
2579 2905 2611 2975 ἢ
2638 2905 2716 2974 τῷ
2738 2906 2828 2958 τοῦ
2855 2905 3170 2976 Χαρσιανοῦ
3228 2905 3448 2974 Θέματι,
3485 2902 3731 2972 κστάδη-

2133 2997 2225 3049 λον
2245 2998 2378 3066 ἡμῖν
2398 2996 2558 3051 τοῦτο
2598 2999 2863 3068 ποιήσατε
2895 2999 3008 3068 (15)
3029 3013 3044 3029 °
3085 3000 3174 3052 ὅτε
3201 2997 3262 3052 δὲ
3288 2999 3614 3067 ἀποκινήσοι
3635 2995 3728 3050 τοῦ

441 3079 710 3140 praetores
735 3079 919 3124 autem
943 3069 1117 3124 nostri
1151 3070 1206 3124 in
1227 3072 1418 3141 jugum
1441 3071 1642 3128 montis
1667 3074 2031 3130 ascenderunt

2145 3086 2518 3157 Βαθυρύακος,
2583 3089 3031 3160 ὑποστραφέντες
3091 3092 3255 3160 ἥκετε
3311 3091 3452 3160 πρὸς
3507 3091 3668 3160 ἡμᾶς.
3700 3109 3720 3141 ι

444 3173 875 3234 manseruntque
905 3163 960 3217 in
1007 3163 1243 3233 quodam
1295 3163 1417 3218 loco
1444 3163 1797 3233 Zogoloenon
1829 3165 1978 3220 dicto
2017 3184 2032 3220 :

438 3267 527 3314 est
567 3256 714 3312 enim
752 3265 978 3326 pr0pter
1020 3269 1188 3324 rupes
1233 3269 1463 3309 ascensu
1496 3253 1736 3310 difﬁcilis
1761 3255 2037 3325 habetque

441 3349 667 3406 densam
695 3350 912 3405 silvam.
943 3346 1215 3404 Caeterum
1248 3347 1578 3417 praztoribus
1602 3347 1676 3403 ibi
1701 3349 2037 3418 quiescenti-

439 3443 546 3498 bus
589 3441 874 3498 contentio
918 3441 1169 3510 qumdam
1213 3450 1405 3495 exorta
1447 3449 1532 3495 est
1571 3439 1641 3495 de
1687 3439 2034 3509 fortitudine,

439 3536 676 3592 ducibus
728 3536 872 3590 inter
914 3548 976 3588 se
1032 3533 1342 3588 rixantibus
1387 3535 1498 3588 utri
1544 3535 1790 3612 potiores
1826 3546 2034 3602 essent,

440 3635 628 3682 utrum
659 3627 696 3680 ii
722 3627 816 3696 qui
857 3634 988 3680 sunt
1010 3624 1080 3678 ab
1104 3623 1582 3686 Armeniacorum.
1607 3640 1675 3678 an
1709 3626 1746 3680 ii
1779 3627 1875 3696 qui
1905 3639 2039 3683 sunt

438 3737 470 3774 a
507 3717 796 3775 Charsiani
826 3718 1087 3770 themate.
1131 3714 1382 3785 Cumque
1407 3715 1773 3772 Cbarsianita!
1803 3727 2037 3773 conten-

439 3812 636 3868 derent
675 3809 885 3880 primas
931 3808 1279 3864 fortitudinis
1326 3807 1433 3863 sibi
1484 3809 1671 3879 potius
1707 3809 2038 3867 deferendas

437 3917 562 3958 esse
605 3917 771 3972 quam
824 3901 1052 3965 alteris,
1104 3901 1419 3956 Armeniaci
1467 3901 1728 3957 dixerunt
1784 3903 1851 3958 ad
1898 3917 2032 3959 eos:

445 4011 466 4042 ε
491 3992 632 4059 Quid
652 3993 892 4063 amplius
915 3992 1255 4048 contendere
1279 3993 1346 4048 de
1379 3992 1707 4050 fortitudine
1728 3996 1910 4052 verbis
1937 4012 2036 4053 cu-

441 4085 665 4156 pimus?
691 4087 874 4155 reipsa
906 4085 1100 4140 hostes
1160 4085 1551 4155 aggrediamur
1577 4087 1803 4157 utrique
1836 4095 2036 4159 :atque

443 4187 576 4232 tunc
615 4178 905 4248 apparebit
933 4178 1116 4247 qualis
1155 4177 1392 4247 quisque
1423 4187 1677 4233 nostrum
1715 4181 1786 4234 sit
1827 4189 1884 4235 et
1911 4182 2036 4251 quis

438 4270 615 4323 altero
657 4269 877 4323 fortior.
912 4288 931 4321 ι
969 4270 1236 4323 Praetores
1261 4283 1481 4336 quoque
1521 4282 1647 4323 cum
1689 4269 2037 4326 audivissent

2153 3178 2429 3232 Ἀπελθὼν
2477 3179 2658 3233 τοίνυν
2716 3181 2961 3254 ἑσπέρας
3019 3185 3046 3236 ό
3079 3183 3390 3254 Χρυσόχειρ
3451 3182 3723 3252 ἐσκήνωσε

2139 3272 2311 3337 κάτω,
2339 3274 2388 3326 οἰ
2421 3273 2479 3326 δὲ
2509 3274 2880 3344 στρατηλάται
2913 3278 2994 3338 εἰς
3037 3275 3132 3328 τὸν
3188 3276 3356 3343 ζυγὸν
3391 3274 3729 3344 προσανέϐη-

2141 3379 2242 3417 σαν
2268 3365 2362 3417 καί
2388 3364 2730 3435 ηὐλίσθησαν
2766 3365 2848 3429 είς
2866 3385 2991 3420 τινα
3013 3367 3179 3421 τόπον
3215 3366 3732 3436 κατονομαζόμενον

2141 3454 2487 3524 Ζωγολόηνον
2546 3455 2698 3525 (14)·
2764 3451 2922 3521 οὗτος
2960 3458 3070 3527 γάρ
3101 3458 3251 3512 ἐστιν
3307 3459 3372 3511 ὲκ
3422 3458 3732 3528 πετρώδους

2143 3543 2476 3614 συμπήξεως
2505 3544 2900 3612 δυσανάϐατος,
2952 3549 3011 3603 ὲν
3035 3541 3079 3617 ᾧ
3106 3548 3205 3619 ὕλη
3252 3547 3619 3620 πολύδενδρος
3645 3547 3730 3602 nio

2139 3652 2330 3704 φυκεν.
2362 3635 2484 3689 Τῶν
2521 3632 2615 3692 οὖν
2650 3638 2963 3709 εἰρημένων
3016 3642 3409 3710 στρατηλατῶν
3448 3643 3631 3695 ἐκεῖσε
3661 3643 3730 3694 δι-

2139 3742 2429 3779 αναπαυσα
2439 3727 2636 3796 μένων,
2657 3729 2964 3796 φιλονεικία
2989 3748 3072 3795 τις
3084 3732 3356 3802 ἀνέκυψεν
3377 3731 3615 3804 ἀνδρικὴ
3633 3733 3728 3785 τῶν

2139 3817 2418 3887 ἀρχόντων
2451 3820 2705 3893 ἀλλήλοις
2747 3825 3146 3896 ἀντεριζόντων
3185 3827 3302 3895 (15)
3352 3827 3503 3891 τίνες
3532 3829 3600 3882 ἂν
3628 3825 3732 3881 εἷεν

2137 3909 2448 3978 κρείττους,
2501 3912 2733 3982 πότερον
2795 3915 2844 3966 oi
2887 3915 2999 3968 ἀπὸ
3050 3915 3146 3969 τοῦ
3189 3916 3298 3968 τῶν
3349 3918 3728 3988 Ἀρμενιακῶν

2140 3998 2377 4070 Θέματος
2399 4001 2431 4072 ἢ
2461 4002 2556 4056 τοῦ
2583 4003 2895 4075 Χαρσιανοῦ
2927 4007 3268 4079 ὡρμημένοι.
3316 4009 3442 4062 Τῶν
3463 4005 3560 4064 οὖν
3585 4011 3730 4080 Χαρ»

2140 4094 2398 4148 σιανιτῶν
2450 4095 2907 4164 φιλονεικούντων
2957 4100 3028 4154 τὰ
3080 4101 3348 4172 πρεσσεῖα
3383 4104 3603 4167 ἑαυτοῖς
3632 4105 3730 4172 τῆς

2139 4185 2390 4255 ἀνδρείας
2419 4188 2701 4245 ἐπιδοῦναι
2733 4191 2766 4263 ἢ
2799 4194 2912 4255 τοῖς
2935 4192 3148 4265 ἑτέροις
3165 4194 3213 4226 ⁵³
3249 4193 3384 4264 (16),
3436 4197 3485 4248 οἰ
3534 4196 3729 4264 Ἀρμε-

2139 4279 2319 4334 νιακοὶ
2361 4276 2516 4335 εἷπον
2541 4285 2679 4354 πρὸς
2705 4283 2906 4348 αὐτούς
2927 4301 2942 4316 ο
2982 4305 3000 4337 ι
3043 4285 3108 4338 Τί
3138 4285 3469 4355 φιλονεικεῖν
3500 4286 3580 4338 ἔτι
3602 4285 3730 4354 περί

439 4358 508 4412 de
548 4359 852 4414 certamine
893 4359 1125 4414 istorum
1179 4367 1235 4412 et
1275 4375 1341 4412 ex
1394 4358 1588 4414 iisdem
1631 4359 2031 4418 intellexissent

2139 4371 2394 4444 ἀνδρείας
2417 4375 2482 4428 ὲκ
2504 4375 2680 4445 λόγων
2700 4377 3039 4448 βουλόμεθα;
3067 4380 3400 4450 Πρακτικῶς
3432 4381 3542 4441 τοῖς
3570 4379 3722 4431 πολε.

438 4450 677 4506 militum
705 4451 1078 4519 :alacritatem,
1111 4467 1232 4520 qua:
1263 4450 1395 4521 ipsis
1434 4451 1705 4522 placebat,
1751 4452 2031 4509 duxerunt

2137 4461 2280 4532 μίοις
2303 4467 2752 4539 παρεμϐάλωμεν
2775 4469 2945 4539 ἄμφω
2966 4471 3010 4502 ⁸⁸
3029 4471 3141 4541 (17)
3163 4487 3176 4500 ·
3219 4471 3313 4524 καὶ
3335 4471 3457 4525 τότε
3483 4488 3733 4541 φανερω-

437 4539 628 4614 eisque
645 4542 943 4598 dixerunt:
972 4561 989 4596 ι
1017 4542 1292 4606 Vultisne,
1329 4558 1361 4597 ο
1386 4544 1591 4609 aemuli,
1623 4554 1683 4599 ut
1708 4545 1896 4600 hostes
1917 4547 2030 4603 Deo

2135 4554 2253 4626 θείη
2271 4555 2503 4622 ἕκαστος
2517 4560 2697 4630 ἡμῶν,
2712 4562 2892 4624 όποῖος
2910 4539 3106 4633 ἑτέρου
3123 4561 3467 4632 καθέστηκεν
3485 4539 3734 4629 ἀνδρειό-

433 4644 769 4706 c00perante
817 4633 1247 4705 aggrediamur?
1293 4652 1311 4685 ι
1370 4633 1585 4701 Quibus
1631 4636 1799 4690 alacri
1839 4637 2027 4693 animo

2135 4661 2287 4718 τερος
2315 4649 2450 4721 (18).
2484 4669 2502 4704 ι
2537 4653 2670 4707 Οίδὲ
2701 4654 3440 4726 στρατηγέταιδιακηκοότες
3469 4659 3605 4726 περ).
3633 4658 3736 4724 τῆς

436 4733 890 4805 responderunt:
955 4751 972 4783 ι
1013 4731 1138 4785 Ita:
1204 4738 1260 4784 et
1313 4736 1607 4799 propterea
1657 4729 2025 4801 jurejurando

2135 4738 2363 4813 ἁμίλλης
2391 4743 2595 4810 αὐτῶν,
2643 4745 2712 4799 δι’
2741 4747 2921 4800 αὐτῶν
2953 4749 3007 4802 δὲ
3039 4751 3133 4802 καὶ
3160 4750 3258 4819 τῆς
3290 4750 3386 4803 τοῦ
3423 4749 3560 4803 λαοῦ
3591 4767 3735 4819 προ-

433 4826 677 4882 maximo
705 4841 807 4898 per
831 4824 1184 4895 imperatoris
1213 4833 1382 4894 caput
1412 4839 1514 4879 nos
1539 4824 1938 4897 obstringimus
1963 4836 2026 4884 ut

2135 4833 2190 4888 Du
2200 4833 2330 4905 μίας
2353 4839 2783 4911 συνευδοκούσης
2804 4841 3008 4907 αὐτοῖς,
3038 4841 3247 4912 ἤγαγον
3273 4843 3368 4896 καὶ
3395 4843 3731 4913 εἰρήκεσαν·

1739 4959 1978 5017 VARLE
2019 4964 2428 5030 LECTIONES.

500 5059 554 5094 ’ν
584 5059 909 5131 σπεύσωμεν
931 5056 990 5114 L.
1065 5057 1114 5089 ³⁸
1136 5056 1371 5130 ἑταίροις
1401 5054 1462 5110 L.
1544 5057 1588 5091 ⁸⁸
1622 5058 2055 5132 παρεμϐάλομεν
2080 5063 2140 5118 ι..

1599 5176 1841 5232 8ΤΕΡΗ.
1877 5179 2224 5238 BERGLERI
2257 5181 2488 5240 ΝΟΤΕ.

887 5283 1221 5361 att-Ephesi.
1255 5287 1327 5336 Iv,
1361 5283 1559 5361 ἰπὶ)
1599 5343 1685 5361 με]
1769 5360 1782 5361 7
1875 5357 1886 5361 Α
2125 5283 2453 5361 στρατηγῶν
2505 5284 2928 5361 καταλαρόντων
2961 5284 3252 5361 τά-τούτου
3304 5287 3740 5361 μετεωρότερα.

541 5341 632 5426 16)
664 5345 721 5400 ln
744 5341 1114 5418 ambiguitate
1156 5346 1416 5399 obscure.
1454 5341 1560 5398 Sed
1598 5343 1710 5397 vid.
1764 5357 2022 5404 auctores
2125 5341 2418 5426 νίίίηΖὶξη.
2457 5369 2511 5424 p.
2543 5357 2666 5426 [68,
2707 5355 2871 5412 Cedr.
2904 5370 2960 5426 p.
2991 5356 3118 5411 572.

443 5413 456 5426 ο
506 5347 632 5468 ί(16)
664 5347 721 5400 ln
754 5347 1114 5418 ambiguitate
1156 5347 1416 5399 obscure.
1454 5347 1560 5398 Sed
1598 5347 1710 5397 vid.
1764 5357 2022 5404 auctores
2125 5347 2249 5406 Vid.
2285 5347 2418 5407 zon.
2457 5369 2511 5424 p.
2543 5357 2666 5420 168,
2707 5355 2871 5412 Cedr.
2904 5370 2960 5441 ρ.
2991 5356 3118 5411 572.
3304 5347 3316 5356 ’
3495 5347 3508 5358 ’
3643 5347 3654 5361 ’

443 5426 942 5503 tulerit‘us‘notato's‘.
1143 5502 1148 5503 γ
1213 5485 1308 5503 ’Μ
1363 5485 1431 5503 Α
1461 5486 1474 5503 Ι
1653 5488 1742 5503 "-
2133 5424 2309 5503 _._(‘l5)
2334 5423 2523 5480 Const.
2551 5424 2758 5497 Porph.
2788 5443 2841 5497 p.
2875 5427 2999 5492 169,
3030 5427 3166 5482 Ζοη.
3207 5443 3261 5497 p.
3304 5425 3430 5495 168,
3459 5428 3636 5486 Cedr.
3680 5450 3737 5503 p.

516 5483 625 5558 (11)
659 5485 846 5558 Const.
889 5488 1092 5558 Porpn.
1126 5502 1183 5558 p.
1211 5485 1332 5558 169,
1363 5485 1530 5558 Ccdr.
1571 5504 1625 5558 p.
1649 5488 1772 5543 571.
2131 5483 2257 5549 ὃἹίὶ,

515 5553 1224 5652 ίξὲὶέξέῗδξςῃῐίίὶήβιξο-Ρο
1287 5557 1410 5621 169ν
1463 5553 1626 5614 (ἒθιῑτο
1682 5575 1734 5630 p-
1797 5558 2021 5614 57|-—
2204 5564 2314 5652 (is)
2350 5564 3277 5652 ςοῐιεῑ.1’ρι;ρίι.ηρ..169,ςςιίτ.ρ.
3316 5569 3448 5624 572.

444 5625 723 5709 Scriptum
753 5625 1114 5709 καλλξππὸυς.
1172 5625 1187 5629 ⁷
1209 5699 1301 5709 η-
1682 5625 1698 5630 ’
2208 5625 2318 5709 (17)
2350 5637 2484 5690 Ζοη.
2512 5655 2566 5707 p.
2606 5625 2725 5699 168,
2760 5625 2924 5694 C'edr.
2951 5625 3004 5709 p.
3045 5640 3168 5694 571.

519 5696 630 5770 (15)
657 5696 844 5770 Const.
886 5700 1090 5766 Porph.
1120 5715 1174 5770 p.
1207 5699 1324 5754 169.

517 5768 628 5836 (Id)
654 5765 841 5825 Const.
870 5765 1070 5838 Porph.
1192 5771 1310 5837 169,
1334 5773 1424 5827 tibi
1460 5775 1568 5829 τῶν
1590 5772 1643 5828 δὲ
1690 5773 2020 5842 Ῥωμαϊκῶν

510 5272 586 5343 (9)
615 5274 675 5328 1η
706 5274 877 5345 epist.
915 5274 982 5330 ad
1013 5273 1221 5344 Ephes.
1255 5287 1327 5336 iv,
1361 5271 1454 5326 3‘2.
