4028 6226
350 327 485 394 1153

1697 282 1974 381 neeum
2007 316 2155 379 LIB.
2187 318 2289 383 Iv.

3482 316 3620 382 HM

420 445 513 516 Τῷ
544 442 754 517 βασιλεῖ
784 458 915 496 ποτε
938 441 1067 511 περὶ
1090 438 1265 509 θήραν
1293 434 1688 509 ἐνδιατρίϐοντι
1710 435 1770 503 ἐξ
1792 434 1927 517 ὖλης

2097 434 2238 490 Cum
2264 434 2569 506 imperator
2587 432 2887 504 aliquando
2918 432 2972 487 in
3001 440 3200 487 venatu
3231 439 3397 497 esset,
3423 447 3453 486 e
3480 434 3616 490 silva

355 556 438 603 τις
485 516 854 607 παμμεγέθης
910 531 1109 602 ἔλαφος
1154 531 1233 593 είς
1271 527 1436 600 μέσον
1482 525 1836 595 πεφοίτηκεν,
1868 516 1929 578 οὗ

350 631 460 682 τῶν
494 625 758 687 ὀπισθίων
818 623 995 679 ποδῶν
1052 621 1288 691 ἐπαφεὶς
1335 619 1574 691 κορύνην
1616 620 1645 671 δ
1681 616 1934 689 βασιλεὺς

346 721 444 774 καὶ
504 717 916 787 κατευτυχήσας
956 712 1182 777 τούτους
1243 711 1544 767 διέθλασεν.
1584 709 1657 764 Τὸ
1698 707 1833 762 αὐτὸ
1868 706 1933 779 δή

346 810 509 864 τοῦτο
543 809 637 862 καὶ
671 808 764 860 ἐπὶ
796 806 945 877 λύκῳ
974 802 1390 874 κατεπεπρόηιει
1436 801 1571 873 (50).
1608 798 1936 871 Σφαιριζόν-

345 920 457 955 των
488 901 546 954 δέ
567 900 710 953 κατὰ
741 899 805 952 τδ
853 896 992 969 πρὸς
1023 896 1092 950 τὰ
1136 894 1386 966 βασίλεια
1431 893 1697 964 μέσαυλον
1726 892 1760 964 ἢ
1794 891 1936 945 κατὰ

347 992 526 1064 χῶρον
555 992 604 1023 ⁷⁸
658 991 844 1045 ἵππων
875 989 1273 1060 ἁμιλλητήριον
1300 1027 1315 1051 ,
1353 986 1607 1039 οὐδέποτε
1639 985 1737 1055 τῆς
1774 982 1937 1052 σφαί-

350 1101 452 1156 ρας
503 1082 830 1153 ἀποτετύχει
857 1083 993 1154 (51),
1025 1082 1203 1135 καίτοι
1231 1079 1445 1133 πολλῶν
1488 1077 1936 1149 διαμιλλωμένων

349 1176 446 1230 καὶ
478 1176 926 1246 ἐπεμϐαινόντων
978 1177 1044 1246 τῇ
1079 1172 1305 1244 παιδιᾷ·
1338 1172 1432 1226 καὶ
1456 1171 1712 1225 τοσοῦτον
1744 1171 1937 1223 ἐπιτυ-

351 1265 462 1336 χῶς
495 1265 591 1319 καὶ
623 1264 889 1332 γενναίως
919 1263 987 1317 τὰ
1019 1263 1119 1333 τῆς
1159 1261 1399 1332 σφαίρας
1423 1260 1572 1331 αύτῷ
1610 1260 1722 1331 (52)
1762 1301 1776 1316 .
1813 1299 1828 1314 .
1866 1299 1881 1313 .
1917 1300 1932 1315 .

350 1356 495 1409 ὥστε
527 1356 789 1419 πολλάκις
815 1355 1155 1426 τυπτήσαντι
1207 1356 1413 1424 ταύτην
1440 1354 1534 1409 ἀπ’
1562 1352 1737 1425 ἄκρας
1758 1350 1937 1406 αὐλῶ-

350 1466 443 1511 νος
493 1447 917 1517 διαδιδασθῆναι
946 1447 1051 1512 ἐξω
1079 1446 1226 1501 κατὰ
1256 1446 1390 1500 πολύ
1426 1463 1490 1514 γε
1521 1445 1612 1499 τοῦ
1643 1446 1937 1517 τέρματος,

353 1538 429 1603 ὡς
463 1540 538 1609 μή
568 1538 774 1610 ταύτην
804 1536 1038 1609 δρᾶσθαι
1068 1539 1129 1592 τὸ
1156 1538 1401 1593 σύνολον.
1441 1538 1941 1610 Ἐμεγαληγορεῖτο

350 1629 408 1682 δὲ
435 1630 532 1683 καὶ
558 1629 637 1700 τῷ
662 1628 893 1701 ἀρχηγῴ
922 1628 1251 1701 Βουλγὰρων
1274 1628 1692 1700 παλαιστρικὸς,
1712 1629 1771 1693 δς
1799 1630 1942 1683 κατὰ

353 1722 701 1792 παλαίστραν
733 1723 1001 1791 ἐκέκτητο
1028 1721 1089 1775 τὸ
1115 1723 1387 1794 ἀήττητον
1408 1738 1423 1753 ο
1464 1723 1652 1777 τοῦτον
1680 1724 1819 1794 πρὸς
1842 1722 1941 1793 τὴν

357 1811 607 1883 βασιλίδα
636 1810 985 1885 θαρρούντως
1017 1812 1342 1880 ἐκπέπομφε
1381 1811 1429 1843 ⁷⁸
1463 1810 1828 1881 πειρασθῆναι
1846 1810 1938 1864 δυ-

356 1903 735 1968 ναστεύοντος.
781 1904 904 1956 Ἐπὶ
924 1901 1100 1974 τούτῳ
1124 1900 1408 1974 δυσφόρως
1431 1896 1578 1973 εἶχεν
1611 1903 1640 1955 δ
1661 1901 1936 1972 βασιλεὺς,

357 1996 495 2050 ἀλλὰ
521 1997 622 2066 τὴν
666 1994 967 2067 δυσφορίαν
1019 1994 1101 2057 είς
1138 1994 1200 2047 τὸ
1231 1993 1462 2065 εὔφορον
1516 1993 1935 2064 μετερύθμισεν,

356 2087 553 2142 ἑαυτὸν
569 2086 753 2150 καθεὶς
778 2089 843 2158 τῇ
868 2085 1196 2157 παλαίστρᾳ,
1218 2084 1357 2157 πλὴν
1380 2084 1519 2156 μετὰ
1546 2084 1939 2157 προσηκούσης

358 2180 459 2249 τῆς
506 2179 854 2251 ἐπικρύψεως
880 2196 894 2211 ο
937 2178 1476 2250 μετασχηματισθεὶς
1501 2176 1612 2249 γὰρ
1639 2176 1747 2231 τῶν
1791 2176 1947 2248 βασις-

359 2270 529 2324 λικῶν
550 2272 793 2341 ἐσθήτων
813 2270 890 2341 τῷ
918 2270 1206 2325 παλαίοντι
1229 2269 1500 2341 πρόσεισι.
1524 2270 1633 2322 Καὶ
1661 2271 1688 2323 ὁ
1711 2269 1810 2340 μὲν
1828 2268 1943 2340 (55)

360 2360 579 2432 Σκύθης
603 2363 695 2414 τὸν
723 2361 1012 2417 Μακεδόνα
1047 2362 1377 2433 μετεωρίσαι
1410 2361 1486 2434 μὴ
1520 2362 1846 2416 ἐνδεδωκότα
1876 2364 1943 2430 τῇ

358 2450 519 2523 ἄρσει
546 2451 881 2521 διήμαρτεν
917 2454 945 2505 ό
968 2451 1024 2504 δὲ
1073 2450 1263 2505 τοῦτον
1313 2453 1473 2521 χερσὶ
1503 2451 1779 2518 γενναίαις
1806 2449 1947 2503 ἐτοί-

362 2561 483 2616 μως
510 2544 704 2616 διάρας
737 2545 985 2616 σφοδρῶς
1018 2559 1078 2599 τε
1109 2544 1465 2615 περιδινήσας
1496 2541 1948 2610 ἐπαγκυλίζεται,

361 2636 626 2689 καὶκατὰ
649 2636 755 2705 γῆν
783 2636 896 2706 (δι)
929 2635 1132 2704 πτῶμα
1180 2635 1362 2705 ῥίπτει
1398 2632 1774 2702 παμμέγεθες,
1803 2632 1946 2686 ὥστε

364 2728 641 2791 πλείστοις
664 2727 765 2799 μὲν
793 2727 972 2793 ὕδασι,
1011 2727 1258 2797 δαψιλέσι
1288 2726 1345 2780 δὲ
1376 2727 1559 2793 οίνοις,
1585 2726 1722 2797 πρὸς
1750 2726 1807 2780 δὲ
1827 2727 1949 2789 ταῖς

2034 541 2238 582 cervus
2269 526 2463 598 ingens
2501 526 2558 581 in
2592 526 2837 581 medium
2883 525 3056 589 venit,
3092 526 3250 595 cujus
3283 526 3619 594 posteriores

2035 618 2204 689 pedes
2237 621 2484 691 conjecta
2517 619 2672 673 clava
2701 618 2991 689 confregit.
3034 617 3182 672 idem
3226 617 3359 671 illud
3394 626 3451 671 et
3486 617 3621 688 lupo

2036 708 2185 764 fecit.
2222 708 2337 765 Pila
2371 718 2556 764 autem
2588 724 2712 763 eum
2757 706 3013 763 luderent
3046 706 3100 760 in
3141 706 3279 760 atrio
3314 706 3381 760 ad
3414 708 3619 776 regiam

2036 810 2132 857 aut
2179 802 2235 857 in
2264 801 2447 869 Circo,
2480 818 2765 872 nunquam
2794 801 3075 856 aberravit
3111 815 3140 853 a
3182 799 3291 869 pila
3326 799 3619 869 tangenda,

2037 894 2288 963 quamvis
2302 894 2493 949 multis
2508 893 2849 949 certantibus
2870 901 2926 947 et
2944 890 3445 945 intervenientibus
3466 889 3619 943 ludo:

2038 995 2261 1055 tamque
2318 987 2509 1042 dextre
2559 995 2614 1041 et
2640 985 2820 1041 valide
2851 984 2903 1039 id
2950 983 3204 1050 faciebat,
3240 992 3299 1036 ut
3327 997 3467 1052 saepe
3499 997 3624 1051 per-

2038 1099 2202 1139 cussa
2226 1085 2335 1155 pila
2368 1100 2630 1155 supremo
2669 1085 2847 1154 spatio
2876 1085 3038 1155 longe
3068 1084 3308 1140 ferretur
3333 1083 3476 1137 ultra
3511 1093 3624 1138 ter-

2040 1176 2275 1241 minum,
2311 1184 2371 1230 ut
2403 1190 2506 1229 nec
2534 1174 2948 1244 conspiceretur
2977 1175 3222 1228 omnino.
3259 1175 3429 1229 Porro
3460 1175 3628 1229 lucta-

2040 1274 2127 1321 tor
2151 1276 2270 1321 erat
2297 1267 2442 1337 apud
2478 1265 2838 1337 Bulgarorum
2872 1265 3067 1320 ducem
3106 1265 3160 1320 in
3206 1280 3401 1334 magna
3432 1264 3627 1319 existi-

2042 1362 2284 1414 matione
2330 1359 2585 1429 famaque
2650 1358 2906 1419 celebris,
2968 1366 3227 1425 tauquam
3280 1356 3519 1410 invictus
3572 1356 3628 1408 in

2041 1454 2326 1508 luctando.
2360 1453 2518 1507 Hune
2547 1453 2639 1507 ille
2668 1468 2779 1505 non
2811 1450 3086 1505 dubitavit
3123 1451 3175 1505 in
3214 1449 3629 1519 imperatoriam

2044 1545 2236 1601 urbem
2282 1546 2527 1605 mittere,
2567 1552 2626 1598 ut
2665 1542 2971 1613 periculum
3015 1541 3218 1596 faceret
3254 1556 3321 1594 an
3358 1540 3631 1609 potiorem

2043 1646 2229 1708 posset
2255 1636 2521 1692 invenire.
2547 1637 2675 1690 Eam
2698 1651 2813 1689 rem
2833 1636 3059 1688 moleste
3074 1633 3286 1688 ferebat
3307 1633 3629 1701 imperator,

2046 1730 2141 1785 sed
2176 1729 2481 1784 molestiam
2524 1728 2673 1783 illam
2702 1727 2970 1790 removit,
2999 1727 3116 1796 ipse
3146 1726 3444 1780 demittens
3473 1740 3531 1780 se
3563 1722 3631 1778 ad

2043 1821 2388 1885 luctandum,
2420 1830 2802 1876 verumtamen
2830 1834 2955 1874 cum
2982 1818 3211 1873 decente
3237 1816 3632 1872 occultatione:

2045 1922 2256 1971 mutato
2268 1913 2416 1967 enim
2440 1912 2795 1984 imperatorio
2812 1922 3009 1966 ornatu
3029 1911 3083 1964 in
3100 1926 3322 1964 arenam
3346 1907 3637 1964 descendit

2046 2004 2314 2059 adversus
2343 2004 2691 2058 luctatorem.
2714 2002 2793 2057 Ac
2816 2000 3015 2073 Scytha
3041 2001 3264 2071 quidem
3282 2000 3636 2055 Macedonem

2047 2095 2339 2151 sublimem
2393 2095 2585 2150 tollere
2623 2094 2852 2149 minime
2889 2093 3178 2147 cedentem
3226 2091 3374 2147 haud
3414 2091 3638 2148 valuit:

2046 2201 2240 2240 verum
2272 2186 2374 2240 iste
2405 2185 2558 2239 illum
2590 2185 2847 2239 manibus
2875 2183 3119 2237 robustis
3148 2182 3405 2236 facillime
3439 2182 3640 2235 tollens

2044 2276 2224 2331 valide
2280 2275 2675 2330 circumactum
2726 2275 2783 2328 in
2824 2284 3026 2329 terram
3067 2274 3275 2343 dejicit,
3300 2280 3639 2341 prostratum

2053 2368 2215 2436 128
2236 2383 2365 2421 casu
2398 2367 2639 2421 maximo
2664 2407 2679 2431 ,
2709 2366 2784 2419 ita
2825 2375 2887 2420 ut
2918 2366 3089 2419 multa
3115 2381 3253 2433 aqua
3277 2380 3339 2418 ac
3363 2364 3494 2419 vino
3518 2376 3643 2434 gut-

2050 2458 2233 2527 tisque
2265 2459 2506 2513 rosaceis
2536 2458 2743 2529 rigatus
2763 2458 2855 2512 vix
2877 2474 2908 2511 a
2938 2457 3183 2525 deliquio
3211 2456 3407 2511 anima:
3436 2456 3641 2511 libera-

2054 2559 2235 2616 retur,
2274 2567 2343 2606 ex
2379 2552 2611 2606 auribus
2653 2551 2991 2621 naribusque
3027 2556 3286 2605 manante
3323 2549 3588 2620 sanguine
3624 2565 3641 2614 ;

2059 2650 2122 2698 ut
2153 2642 2207 2698 id
2257 2643 2461 2699 factum
2494 2659 2828 2715 magnopere
2867 2644 3276 2698 admirarentur
3318 2651 3641 2713 praesentes.

2062 2735 2213 2806 quod
2239 2736 2425 2793 adhuc
2452 2738 2619 2792 etiam
2652 2735 2794 2791 fama
2828 2736 3162 2792 celebratur.

367 2826 434 2876 ἐκ
463 2825 631 2895 ῥόδων
668 2824 924 2895 σταγόσιν
946 2823 1497 2896 ἐγκατομὸρούμενον
1526 2824 1680 2895 μόλις
1710 2840 1815 2879 ’που
1840 2825 1942 2896 τῆς
1974 2833 2299 2895 νεκρώσεως
2331 2833 2703 2905 ἀπηλλάχθαι,
2735 2831 2891 2887 ὢτων
2947 2849 3005 2886 τε
3039 2831 3137 2886 καὶ
3207 2832 3372 2902 ῥινῶν
3442 2830 3646 2886 ἐκϐλύ-

371 2934 563 2981 σαντος
591 2918 854 2990 αἵματος·
902 2920 978 2985 ὡς
1028 2919 1239 2975 ἐνθένδε
1287 2920 1432 2975 κατὰ
1478 2918 1614 2975 πολὺ
1660 2918 1941 2992 θαυμάσαι
1979 2925 2107 2989 τοὺς
2136 2928 2412 3000 παρόντας
2431 2928 2494 2983 τδ
2522 2925 2821 2998 γεγονὸς,δ
2866 2927 2960 2981 καὶ
2997 2929 3160 2998 μέχρι
3209 2924 3302 2978 τοῦ
3337 2922 3433 2978 νῦν
3489 2925 3648 2977 ἐκτε-

371 3007 691 3087 θρύλληται.

459 3103 551 3155 Ἐν
584 3102 894 3172 οἱκτιρμοῖς
924 3099 981 3155 δέ
1024 3101 1273 3172 πενήτων
1302 3100 1559 3167 πλούσιος
1595 3099 1664 3175 ἦν
1691 3104 1948 3177 ἐπιχορη-

2129 3103 2237 3160 Sed
2284 3112 2342 3159 et
2382 3101 2763 3157 misericordia
2806 3117 2937 3173 erga
2985 3116 3261 3171 pauperes
3308 3099 3465 3155 dives
3512 3098 3649 3154 ditia

369 3194 489 3263 γῶν
521 3192 792 3255 πλουσίως
824 3193 916 3246 τὸν
946 3193 1116 3258 ἔλεον,
1158 3194 1527 3264 νοσοκομείων
1574 3186 1959 3267 γηροκομείιιῖν

369 3301 438 3338 τε
471 3286 569 3337 καὶ
591 3284 1047 3355 πτωχοτροφείων
1073 3284 1370 3339 πολυειδῶν
1405 3288 1846 3357 ἐγκαινίσμασιν.
1882 3290 1955 3343 Ού

376 3374 493 3447 μὴν
519 3375 577 3431 δὲ
638 3374 851 3440 τούτοις
914 3377 1097 3447 μόνοις
1147 3378 1426 3449 ἐνέμενεν,
1482 3379 1619 3434 ἀλλὰ
1646 3382 1744 3436 κα)⁵
1783 3381 1961 3445 θείους

373 3468 545 3532 ναοὺς
576 3466 688 3537 (55)
723 3468 1103 3540 σαθρωθέντας
1144 3471 1208 3541 τῇ
1245 3470 1572 3541 παλαιότητι
1600 3473 1737 3542 πρὸς
1778 3473 1964 3544 νεότη-

374 3574 474 3623 τος
503 3559 894 3630 μετηλλοιὼκει
942 3561 1298 3633 στερρότητα,
1351 3561 1558 3627 ἐπιθεὶς
1604 3563 1960 3633 κοσμιότητα.

381 3650 548 3704 ’Ὥστε
576 3651 638 3703 οὐ
676 3651 838 3721 μόνον
865 3652 976 3704 τῶν
1005 3652 1145 3706 κατὰ
1194 3651 1355 3722 σῶμα
1382 3653 1484 3723 τῆς
1526 3655 1846 3725 ἐπιμελείας
1877 3654 1964 3707 διὰ

380 3741 661 3814 φροντίδος
719 3740 867 3812 ἔχειν
924 3741 1113 3809 αὐτὸν,
1174 3743 1311 3799 ἀλλὰ
1346 3744 1443 3799 καὶ
1483 3744 1590 3799 τῶν
1618 3746 1759 3799 κατὰ
1785 3745 1965 3818 ψυχὴν

380 3833 752 3888 ἐπισπεύδειν.
772 3834 881 3887 Καὶ
902 3834 1009 3905 γὰρ
1032 3834 1132 3904 οὐχ
1155 3836 1343 3904 ήγεϊτο
1365 3838 1545 3905 συμφέ
1555 3853 1667 3906 ρον.
1700 3837 1846 3890 κατὰ
1864 3836 1965 3905 τήν

380 3924 589 3995 ἀγορὰν
611 3925 647 3994 ή
669 3923 835 3995 φόρος
864 3923 1331 3996 προσαγορεύεται
1348 3926 1787 3991 Κωνσταντίνου,
1808 3942 1967 3994 περι-

384 4017 555 4079 ιόντος
588 4015 635 4048 ⁷⁸
685 4015 842 4081 λαοῦ,
880 4014 1155 4087 σύρμασιν
1191 4014 1325 4084 ὕλης
1351 4017 1540 4070 τοῦτον
1572 4016 1709 4080 ὅλως
1763 4017 1971 4088 ἐνίσχε-

383 4106 509 4162 σθαι
532 4108 625 4162 καὶ
655 4110 766 4161 τῶν
786 4124 852 4160 πε
863 4109 916 4179 pl.
942 4107 1078 4162 Θεοῦ
1105 4106 1432 4178 ἐκλελῆσθαι
1463 4108 1506 4140 ⁷⁷
1529 4123 1544 4139 ο
1568 4106 1638 4161 δι’
1660 4106 1691 4161 δ
1722 4110 1817 4163 καὶ
1835 4112 1963 4165 ναὸν

2059 3196 2351 3268 praestabat
2376 3194 2646 3250 beneﬁcia
2667 3234 2683 3259 ,
2708 3194 2839 3249 dum
2873 3193 3103 3249 aedificia
3140 3192 3290 3246 varia
3314 3206 3417 3261 pro
3447 3190 3651 3245 invali-

2059 3290 2404 3353 dissenibus
2451 3297 2617 3359 atque
2646 3288 2836 3357 egenis
2873 3285 3156 3350 curandis,
3200 3284 3450 3339 fovendis
3481 3295 3649 3355 atque

2060 3383 2273 3439 alendis
2302 3384 2591 3438 instaurat.
2607 3382 2721 3436 Nec
2750 3380 2844 3436 hic
2869 3378 3247 3443 substitit,sed
3272 3394 3456 3434 sacras
3477 3379 3651 3433 etiam

2057 3476 2207 3530 mdes
2228 3481 2503 3529 vetustate
2532 3472 2891 3527 labefactatas
2919 3471 3226 3535 renovavit,
3256 3470 3460 3525 additis
3482 3485 3650 3524 orna-

2061 3565 2263 3621 mentis
2293 3583 2307 3632 ;
2354 3566 2428 3620 ita
2456 3574 2516 3620 ut
2542 3580 2651 3618 non
2677 3565 2853 3619 solum
2879 3563 3131 3633 corporis
3170 3563 3401 3617 haberet
3433 3576 3649 3627 curam,

2059 3674 2251 3714 verum
2265 3659 2431 3713 etiam
2454 3658 2671 3713 animae.
2692 3656 2814 3712 Non
2837 3656 3004 3712 etiam
3028 3655 3264 3711 ducebat
3291 3653 3650 3718 conveniens,

2059 3751 2241 3807 forum
2265 3751 2413 3820 quod
2434 3749 2782 3805 Constantini
2808 3750 3034 3814 dicitur,
3065 3757 3319 3804 versante
3345 3747 3422 3802 ibi
3447 3747 3653 3818 popqu

2062 3843 2379 3913 quisquiliis
2422 3842 2667 3897 materiae
2699 3849 2876 3896 totum
2918 3842 3093 3896 teneri
3122 3850 3177 3896 et
3207 3856 3236 3895 a
3278 3839 3451 3894 sacris
3481 3837 3654 3894 rebus

2061 3948 2183 3989 esse
2196 3933 2565 3988 abalienatum
2586 3951 2598 3987 :
2625 3948 2796 4003 quare
2819 3934 3083 4002 templum
3106 3931 3180 3986 ibi
3203 3932 3441 3986 exstruit
3455 3930 3653 3985 honori

2074 4023 2323 4094 Deipara:
2352 4022 2687 4088 dedicatum,
2720 4022 3097 4094 magnitudine
3134 4022 3372 4086 modica,
3410 4022 3505 4075 sed
3534 4020 3659 4091 pul-

2075 4114 2396 4171 chritudine
2415 4117 2616 4170 mirum
2643 4114 2699 4170 in
2718 4114 2939 4170 modum
2957 4113 3191 4184 fulgens.

380 4202 442 4255 ἐν
463 4199 639 4274 ταύτῃ
660 4202 1097 4273 προσπήγνυσιν,
1120 4200 1207 4272 ἐφ’
1226 4194 1770 4274 ᾧπερήΘεομήτωρ
1833 4201 2075 4279 δημοσίᾳ
2104 4208 2420 4279 τετίμηται,
2479 4207 2691 4280 μετρίῳ
2743 4207 2964 4279 μεγέθει
3017 4206 3112 4259 καὶ
3175 4204 3407 4276 ἀμέτρῳ
3466 4203 3658 4258 κάλλει

380 4295 805 4369 διηυγασμένον.

456 4388 709 4451 Τοιοῦτος
739 4390 768 4442 δ
791 4388 1165 4460 μεγαλουργδς
1203 4385 1342 4452 ἄναξ
1380 4386 1680 4455 Βασίλειος,
1715 4387 1810 4442 καὶ
1841 4402 1939 4440 τοσ

2145 4387 2295 4444 Talis
2330 4396 2449 4443 erat
2474 4388 2566 4443 ille
2584 4386 2907 4459 magnificus
2940 4386 3241 4456 imperator
3265 4384 3503 4440 Basilius
3533 4392 3653 4440 tan-

385 4482 531 4537 αῦτα
552 4483 623 4535 τὰ
653 4482 867 4534 ἐκείνου
900 4480 1429 4551 μεγαλουργήματα.
1476 4479 1637 4533 ’Δλλὰ
1682 4495 1967 4551 προκατα-

390 4575 605 4648 σχεθεὶς
630 4575 743 4646 (56)
766 4574 1014 4647 τηκεδόνι
1041 4574 1109 4648 τῇ
1137 4574 1202 4628 ἐκ
1224 4571 1466 4644 διαροίας
1488 4572 1532 4604 ⁷⁸
1554 4573 1815 4643 γαστρὸς,
1841 4572 1967 4626 κατ’

268 4684 273 4689 ’
389 4670 567 4741 ἄγραν
594 4668 658 4724 ἐκ
685 4686 831 4732 τινος
858 4666 1276 4740 περιπτώσεως,
1312 4665 1501 4719 ἔπειτα
1538 4664 1777 4737 πυρετοῦ
1831 4682 1968 4719 καυ-

394 4762 597 4828 σώδους
672 4762 1073 4834 ἀναφλεγέντος
1123 4758 1276 4833 αὐτῷ
1330 4757 1673 4831 ἁνικμῶντος
1727 4756 1968 4828 ζωτικὴν

2077 4492 2241 4554 taque
2296 4483 2417 4554 ejus
2443 4479 2730 4553 magniﬁca
2758 4495 2947 4551 opera.
2996 4479 3487 4535 Verumenimvero
3528 4491 3657 4531 cum

2074 4574 2368 4632 invasisset
2390 4590 2515 4630 eum
2539 4573 2793 4629 tabificus
2818 4573 3045 4628 morbus
3066 4588 3136 4628 ex
3158 4569 3428 4643 proﬂuvio
3448 4571 3661 4626 ventris

2074 4667 2373 4721 subsecuto
2419 4680 2608 4721 casum
2666 4662 2959 4735 quemdam
3011 4663 3065 4718 in
3106 4663 3421 4725 venatione,
3459 4661 3662 4737 deinde

2072 4755 2247 4813 febris
2275 4755 2476 4812 ardens
2507 4765 2697 4812 exorta
2731 4765 2878 4811 esset
2906 4769 3237 4811 consumens
3262 4768 3481 4809 omnem
3515 4752 3659 4808 vita-

2902 4879 2933 4901 Γ

1671 4918 1908 4975 VARIE
1949 4915 2367 4975 LECTIONES.

502 5046 607 5117 ’δή
635 5046 958 5117 καταχῶρον
988 5043 1052 5100 L.
1124 5043 1173 5078 "
1190 5039 1546 5112 ἐκπέπομφαι
1569 5037 1634 5096 L.
1708 5039 1757 5071 ⁷⁸
1784 5038 2068 5111 περιόντος
2098 5036 2231 5092 λαοῦ
2263 5037 2536 5110 συρμᾶσιν
2564 5035 2627 5091 Ι...
2702 5036 2747 5069 ”
2787 5033 3108 5090 ἐκλελύσθαι
3148 5032 3212 5088 L.
3302 5031 3349 5063 ’⁸⁸
3379 5032 3448 5102 τῇ
3474 5029 3659 5084 ἐκδια-

398 5116 522 5187 ροίᾳ
555 5115 617 5172 L.

1584 5247 1831 5307 STEPH.
1866 5246 2215 5306 BERGLERI
2244 5245 2474 5303 ΝΟΤΑΕ.

492 5425 583 5494 50)
618 5423 830 5498 _Const._
852 5421 1065 5498 Porph.
1081 5436 1140 5493 p.
1169 5419 1291 5498 Ml.

496 5491 584 5562 δι’)
616 5492 695 5551 ιἰἑι
727 5491 1016 5563 scriptum,
1045 5491 1392 5561 ἀποτετύχει.

491 5566 584 5637 52)
615 5566 837 5622 Nullum
866 5563 1022 5637 adest
1053 5564 1306 5637 verbum.

494 5625 584 5704 55')
615 5637 673 5691 In
703 5633 1087 5704 superioribus
1122 5633 1287 5688 etiam
1325 5628 1434 5704 tale
1470 5626 1599 5697 quid
1658 5635 1848 5681 narrat
1906 5625 1977 5704 d_e

401 5697 602 5764 Basilio
628 5697 871 5761 nondum
896 5706 1267 5775 imperatore,
1284 5701 1375 5756 ubi
1406 5708 1670 5775 auctores
1688 5697 1973 5775 annotavi.

406 5784 479 5835 Ac
501 5788 727 5859 propter
758 5766 1178 5835 similitudinem
1232 5766 1363 5830 licet
1403 5769 1517 5826 fere
1553 5768 1820 5840 suspicari
1869 5766 1979 5824 No-

2078 5422 2254 5470 strum
2286 5427 2451 5468 unam
2485 5426 2600 5466 rem
2630 5416 2691 5464 ut
2705 5407 2869 5465 aliam
2888 5414 3052 5477 atque
3080 5404 3248 5461 aliam
3267 5416 3518 5458 narrare.

2176 5484 2264 5550 54)
2296 5484 2377 5537 Ita
2406 5482 2698 5551 scriptum,
2719 5494 2829 5551 non
2852 5478 2975 5551 γῇς.

2174 5540 2264 5623 55)
2305 5540 2545 5607 Plurima
2587 5540 2797 5623 templa
2828 5540 3082 5623 a'B'asilio
3115 5545 3205 5623 vel
3240 5549 3518 5623 exstructa
3572 5540 3661 5593 vel

2077 5614 2383 5680 Instaurata
2406 5614 2716 5678 enumerat'
2758 5619 2947 5675 Const.
2996 5614 3204 5687 Porph.
3249 5630 3303 5685 p.
3339 5614 3443 5669 198
3503 5628 3661 5681 seqq.

2076 5696 2191 5751 vid.
2224 5695 2357 5749 Zon.
2389 5710 2443 5764 ι).
2498 5693 2618 5764 1-75.
2654 5689 2819 5764 Cedr.
2849 5686 3071 5764 p_.‘58_?.

2149 5765 2261 5837 (56)
2294 5752 2480 5821 Const.
2518 5760 2722 5835 Porph.
2756 5775 2808 5831 p.
2837 5752 2965 5827 sua,
2998 5756 3180 5814 Nostri
3204 5755 3321 5813 fere
3340 5752 3552 5810 verbis.
3636 5820 3637 5823 η
