3958 6034
297 300 366 364 i3
1769 303 2112 367 ΝΟΤΙΤῙΑ.
3530 306 3595 370 M

295 415 402 469 sive
434 412 534 466 alii
563 409 825 468 addidere
846 429 867 468 :
897 427 1033 483 opus
1069 421 1208 468 certe
1231 429 1265 467 a
1292 412 1612 483 Theophane
1666 412 1738 468 ad
1780 413 2106 482 explendam
2159 413 2457 470 Historiam
2495 415 2861 488 Byzantium
2903 434 3110 473 summe
3138 417 3596 474 necessarium....

301 501 466 557 Pselli
509 499 768 556 Historia
795 502 928 556 lucis
960 501 1254 572 plurimum
1276 503 1527 572 accipiat,
1579 517 1645 558 ea:
1695 502 1812 573 ejus
1846 501 2219 572 Epistolarum
2265 504 2403 558 lecta
2432 520 2593 559 manu
2629 503 2698 559 ad
2729 503 3103 572 imperatores,
3141 502 3410 570 Ctesares,
3441 520 3596 561 sum-

300 607 513 661 mosque
537 591 724 646 δαισαιὶ
753 591 1022 659 principes
1057 608 1121 646 ac
1169 593 1547 663 magistratus,
1579 591 2047 661 all-patriarchas,
2088 593 2486 662 metropolitas,
2527 591 2894 647 Ecclesiarum
2924 593 3194 648 antistites
3226 609 3291 648 ae
3310 592 3592 663 praesides,

299 697 364 734 ne
383 679 551 734 Hich.
584 677 853 734 Cerularii
881 694 979 748 pro
1013 681 1214 752 synodo
1233 681 1636 736 accusationem
1655 680 1857 747 dicam,
1883 678 2227 752 ejusdemque
2254 698 2288 736 ι
2313 681 2661 737 Constantini
2704 680 2959 737 Lichadis
2988 686 3079 754 qui
3101 682 3186 737 illi
3207 683 3462 752 sttﬂ'ectus
3490 692 3594 748 est,

296 785 500 826 necnon
529 767 797 836 Xiphilini
834 769 1184 838 ἐπιταφίους,
1218 769 1675 824 luculentissimas
1703 770 1906 824 scilicet
1955 771 2012 824 in
2043 785 2132 824 eos
2157 770 2520 833 laudationes,
2564 772 2705 825 viros
2735 772 2991 826 nimirum
3019 773 3350 842 quiutraque
3386 772 3596 826 militia

296 857 472 913 CPoli
496 859 700 929 egregie
724 856 1016 926 fulserunt,
1043 873 1107 911 ac
1143 857 1237 911 illo
1268 857 1495 920 dicente,
1520 859 1611 929 qui
1634 859 1744 929 ipse
1757 858 2095 929 publicarum
2123 875 2376 912 curarum
2395 861 2459 913 iis
2483 861 2682 925 socius,
2707 876 2769 914 ac
2784 861 3179 917 πολιτευόντων
3197 862 3308 930 fere
3325 878 3591 928 summus,

296 947 655 1004 Constantino
684 948 988 1016 prtesertim
1017 944 1374 1002 Monomacho
1401 929 1744 1015 imperatoie,
1778 948 1854 1008 ad,
1887 964 2046 1021 quem
2078 960 2127 1004 et
2161 949 2369 1020 politici
2398 951 2587 1019 scripti
2622 967 2729 1005 non
2759 951 3044 1020 spernendi
3068 929 3356 1008 tractatus.
3390 949 3595 1016 Practer

297 1037 466 1094 Ilich.
498 1035 664 1093 Pselli
702 1033 1006 1092 Historiam
1047 1034 1216 1092 etiam
1256 1034 1462 1092 Leonis
1515 1035 1746 1094 Diaconi
1802 1039 2042 1096 similem
2095 1040 2538 1098 lucubrationem
2574 1041 2741 1098 edere
2778 1041 3146 1102 Combelisius
3178 1043 3359 1100 altero
3402 1041 3593 1098 statim

299 1125 582 1180 volumine
608 1125 926 1192 constituit,
951 1125 1047 1180 sed
1093 1132 1272 1180 morte
1306 1134 1586 1193 praevento
1611 1127 1729 1181 viro
1761 1126 1856 1183 illo
1901 1129 2140 1184 maxime
2167 1127 2459 1196 industrio,
2494 1145 2655 1186 nemo
2692 1129 2795 1183 fuit
2826 1129 3100 1186 hactenus
3141 1131 3238 1202 qui
3282 1131 3598 1186 litterarum

307 1213 580 1269 studiosos
596 1213 703 1269 hoc
725 1212 996 1268 beneﬁcio
1015 1211 1286 1282 obligaret
1304 1210 1402 1282 0").
1432 1210 1491 1267 In
1510 1212 1703 1270 codice
1719 1213 1870 1286 Regi:

2032 1217 2117 1272 lia:
2141 1216 2301 1283 1857,
2321 1225 2519 1290 preter
2537 1216 2702 1275 Micli.
2734 1216 2915 1281 Pselli,
2941 1217 3250 1286 φιλοσόφων
3268 1218 3595 1290 ὑπερτίμου.

306 1303 567 1370 epistolas
595 1309 651 1358 et
686 1302 755 1357 de
779 1316 914 1357 casu
942 1302 1130 1372 templi
1158 1301 1218 1356 S.
1238 1301 1459 1372 Sophia:
1491 1311 1657 1374 atque
1690 1303 1745 1358 in
1767 1301 2036 1361 Joannem
2064 1306 2354 1377 patricium
2389 1304 2700 1374 Monodias,
2728 1315 2910 1361 exstat
2925 1307 3047 1372 ejus
3074 1305 3233 1360 Varia
3252 1305 3598 1375 Chronogra-

297 1393 698 1465 phiaaBasilio
723 1403 774 1450 et
806 1391 1165 1450 Constantino
1216 1392 1667 1467 Porphgrogeniti
1694 1396 1766 1450 ad
1823 1395 2140 1454 Michaelem
2177 1398 2404 1453 Ducam.
2438 1399 2496 1454 In
2522 1398 2634 1455 alio
2677 1397 2870 1455 codice
2891 1397 3136 1469 ejusdem
3165 1399 3411 1454 thesauri
3439 1394 3596 1470 Regii

296 1481 542 1540 occurrit
568 1483 762 1540 Leonis
787 1483 1016 1540 Diaconi
1045 1481 1294 1539 Historia
1343 1485 1410 1540 ab
1458 1499 1679 1540 excessu
1722 1483 2069 1542 Constantini
2099 1487 2540 1558 Porphyrogeniti
2586 1483 2658 1540 ad
2703 1483 2973 1540 Joannem
3012 1484 3327 1541 Tzimiscem
3349 1488 3451 1542 sub
3485 1503 3596 1558 quo

295 1575 542 1644 scriptor
573 1575 664 1630 ille
681 1574 838 1630 vixit.
872 1574 1101 1639 Λέοντος
1129 1572 1385 1629 διακόνου
1431 1574 1642 1646 ἱστορία
1690 1575 1858 1645 ἀρχομ

2026 1577 2116 1634 in)
2157 1576 2266 1646 τῆς
2305 1577 2566 1645 τελευτης
2605 1574 2703 1630 τοῦ
2747 1575 3154 1646 αὐτοκράτορος
3190 1574 3286 1630 τοῦ
3333 1575 3589 1646 tactile-yo-

301 1663 471 1734 μένου
506 1662 809 1734 Τζιμισχῆ.
847 1663 1095 1734 Utroque
1117 1669 1173 1717 et
1203 1662 1386 1717 Psello
1410 1668 1461 1719 et
1489 1662 1672 1720 Leone
1694 1661 1941 1722 Diacono
1977 1681 2083 1722 ms.
2145 1681 2287 1724 usus
2338 1665 2398 1722 in
2442 1662 2731 1726 Glossario
2761 1679 2865 1724 suo
2903 1666 3095 1721 Graeco
3123 1665 3515 1721 concinnando
3536 1674 3594 1721 et

303 1755 363 1809 in
390 1753 520 1808 aliis
547 1752 773 1823 scriptis
811 1752 929 1808 suis
971 1750 1271 1824 praclarus
1287 1750 1551 1825 Gangius.
1602 1752 1682 1808 Ex
1718 1752 2004 1810 Chronico
2051 1769 2159 1810 ms.
2208 1752 2618 1809 continuatur-is
2664 1752 3045 1824 Theophanis,
3084 1759 3141 1808 et
3181 1740 3361 1807 altero
3393 1751 3588 1808 itidem

304 1857 415 1898 nis.
443 1840 725 1897 Simeonis
755 1840 1073 1914 L0gotlietse
1095 1840 1362 1896 nonnulla
1384 1840 1454 1896 de
1490 1856 1603 1896 xui
1634 1843 1978 1915 martyribus
2018 1835 2441 1910 Amoriensibus
2472 1856 2569 1914 per
2595 1839 2907 1897 Saracenos
2943 1841 3094 1896 circa
3118 1839 3187 1895 Α.
3213 1838 3277 1896 G.
3303 1839 3405 1896 8H
3437 1840 3594 1919 oeci-

305 1932 388 1987 εἰς
421 1929 740 1985 referuntur
763 1929 834 1985 ab
865 1926 1218 1986 Henschenio
1245 1937 1288 1984 t.
1314 1927 1338 1984 ι
1365 1929 1485 1984 Act.
1507 1927 1762 1985 Sanctor.
1788 1928 2004 1997 Martii,
2027 1945 2154 2002 pag.
2177 1929 2307 1993 466.
2332 1928 2462 1995 467,
2491 1940 2546 1984 et
2568 1928 2760 1985 Graece
2793 1944 2918 2001 pag.
2947 1927 3055 1984 894
3087 1942 3209 2000 seq.

377 2018 464 2072 11.
506 2017 754 2089 Denique
782 2016 1164 2073 collectionem
1191 2015 1658 2073 Combellsianam
1689 2016 2028 2088 scriptorum
2062 2025 2189 2088 post
2216 2016 2613 2089 Theophanem
2645 2016 2916 2073 claudunt
2937 2015 3173 2073 Gnoson
3196 2016 3445 2072 monachi
3480 2015 3598 2073 Βίοι

303 2111 418 2164 τῶν
444 2110 581 2165 νέων
609 2109 683 2182 (g)
713 2109 1004 2180 βασιλέων,
1036 2107 1171 2164 Vita:
1201 2110 1592 2178 imperatorum
1625 2106 1820 2163 Leonis
1846 2107 2088 2174 Armeni,
2117 2116 2169 2162 et
2190 2109 2284 2178 qui
2320 2115 2440 2179 post
2470 2123 2591 2162 eum
2618 2108 2774 2162 rebsts
2805 2107 3159 2177 praefuerunt,
3181 2122 3358 2177 usque
3388 2106 3456 2162 ad
3485 2105 3599 2161 Ro-

305 2215 534 2255 manum
564 2198 934 2269 Lacapenum,
975 2212 1102 2254 cum
1129 2197 1244 2268 jam
1288 2197 1691 2253 Constantinus
1719 2194 2289 2272 Porphyrogennetus
2324 2196 2481 2254 solus
2517 2198 2885 2267 imperitaret,
2927 2196 3251 2253 defunctum
3281 2196 3350 2251 Δ.
3373 2195 3436 2251 C.
3467 2195 3598 2251 918.

308 2290 575 2344 Diversus
599 2295 685 2343 est
708 2287 797 2342 hic
824 2285 1094 2359 Georgius
1122 2301 1152 2340 a
1178 2285 1418 2357 Georgio
1454 2283 1802 2353 Hamartolo,
1835 2286 1998 2358 cujus
2033 2285 2356 2343 Chronicon
2376 2286 2468 2340 *οδ
2491 2284 2720 2341 exordio
2748 2284 2938 2341 mundi
2970 2286 3038 2342 ad
3072 2284 3389 2341 aliehaelem
3420 2283 3602 2340 Theo-

307 2377 442 2449 phili
470 2376 794 2440 lilium,sub
817 2391 928 2446 quo
955 2377 1074 2446 ipse.
1104 2375 1274 2431 vitam
1301 2376 1522 2446 agebat,
1562 2374 1746 2432 adhuc
1795 2390 1902 2432 ms.
1944 2374 2224 2432 delitescit
2277 2376 2336 2430 in
2391 2374 2562 2430 variis
2593 2373 2966 2430 bibliothecis.
3019 2373 3322 2444 Utriusque
3349 2381 3405 2428 et
3450 2372 3599 2428 tertii

307 2468 539 2536 insuper
567 2463 789 2536 Georgii
820 2463 1076 2521 monachi
1098 2462 1420 2519 Clironicon
1454 2463 1574 2519 sive
1602 2462 1906 2519 Historiam
1948 2479 2055 2518 ms.
2092 2463 2370 2519 evolvisse
2423 2477 2484 2518 se
2531 2469 2770 2518 testatus
2815 2469 2902 2519 est
2948 2461 3199 2518 Raderus
3221 2462 3278 2516 in
3324 2459 3599 2517 Viridario

307 2565 571 2616 sanctor.,
600 2553 750 2609 netis
780 2551 848 2610 ad
881 2550 1060 2607 Vitam
1098 2549 1296 2623 Ignatii
1327 2552 1657 2623 patriarchae
1697 2552 1863 2610 CPol.
1898 2554 2167 2624 scriptam
2187 2571 2216 2607 a
2240 2551 2435 2607 Niceta
2467 2551 2818 2622 Paphlagone
2846 2567 2862 2604 :
2901 2550 3106 2605 Prceter
3133 2567 3196 2604 ea
3231 2566 3351 2620 qua:
3387 2550 3596 2620 possint

309 2642 380 2696 ad
405 2658 555 2696 orant
585 2640 792 2704 notavi,
823 2638 1022 2708 placuit
1052 2640 1299 2709 quwdam
1325 2650 1542 2695 enatare
1566 2656 1632 2693 ea:
1656 2639 1881 2713 Georgio
1914 2641 2263 2707 Ilomartolo,
2295 2641 2385 2710 qui
2414 2640 2658 2695 diversus
2690 2651 2769 2694 est
2813 2657 2848 2694 a
2889 2639 3112 2711 Georgio
3144 2639 3380 2709 syncello
3416 2637 3591 2693 Tara-

319 2731 410 2794 sii,
440 2730 672 2800 quamvis
705 2730 762 2784 in
803 2729 977 2795 fronte
1002 2746 1190 2785 nomen
1222 2730 1449 2801 syncelli
1474 2730 1728 2799 praeferat
1763 2749 1781 2785 :
1807 2731 2050 2787 diversus
2094 2732 2223 2786 item
2267 2747 2299 2784 a
2348 2727 2576 2800 Georgio
2601 2731 2861 2784 monacho
2889 2729 2980 2800 qui
3021 2727 3326 2783 Chronicon
3353 2729 3596 2796 scripsit,

325 2820 461 2890 quod
493 2838 526 2874 a
559 2819 816 2876 Panvinio
847 2820 1125 2887 laudatur,
1164 2821 1378 2876 tametsi
1408 2819 1709 2876 Chronicon
1728 2821 1865 2875 illud
1910 2819 2124 2891 Georgii
2152 2835 2342 2872 nomen
2384 2818 2760 2886 prwscriptum
2804 2833 2909 2869 non
2943 2815 3155 2869 habeat.
3186 2813 3316 2869 Tres
3346 2815 3487 2868 enim
3511 2815 3603 2867 di-

327 2925 499 2964 uersos
545 2909 827 2964 monachos
877 2909 1272 2978 manuscriptos
1319 2911 1519 2976 partim
1559 2925 1626 2964 ea:
1655 2909 1914 2964 Palatina
1944 2909 2224 2972 Boiorum,
2273 2907 2476 2977 partim
2531 2922 2598 2960 ea:
2642 2907 2956 2975 Augustana
3001 2903 3339 2969 bibliotheca,
3374 2904 3602 2959 ineditos

316 3012 494 3053 omnes
523 3015 616 3053 nec
641 2996 941 3053 translatos
972 2998 1227 3054 hactenus
1256 3013 1462 3053 mecum
1487 2999 1655 3054 habeo
1689 2999 2031 3069 conferoque.

386 3177 460 3248 lg)
490 3177 630 3233 Hinc
671 3189 902 3248 apparet
933 3193 1040 3234 non
1095 3178 1189 3250 diu
1221 3187 1345 3246 post
1366 3177 1593 3234 vixisse.
1621 3176 1895 3234 Caeterum
1931 3193 1949 3248 ι

2042 3220 2055 3232 .
2088 3178 2194 3234 528
2212 3179 2562 3244 adnotatum,
2578 3178 2685 3243 ἕως
2711 3171 2814 3233 ὧδε
2877 3175 2937 3230 τὸ
2964 3173 3232 3247 Χρονικδν
3295 3171 3598 3245 Γεωργιου,

315 3255 408 3305 καὶ
439 3253 553 3306 ἀπὸ
582 3251 694 3306 τῶν
714 3249 819 3306 ὦδε
855 3250 951 3303 τοῦ
984 3249 1309 3319 Δογοθὲτου.

406 3392 470 3462 (⁸)
497 3391 607 3463 Hoc
630 3394 1022 3463 munus_nost.ris
1045 3393 1225 3445 diebus
1257 3392 1494 3456 pra-stitit
1518 3394 1592 3444 vir
1623 3390 1926 3443 clarissimus
1951 3393 2156 3445 Carolus
2182 3392 2484 3443 Benedictus
2510 3391 2709 3454 Hosius,
2733 3388 2954 3441 lnstituti
2989 3385 3208 3437 Francia
3241 3389 3293 3434 et
3323 3383 3607 3439 Academias

311 3455 703 3517 Inscriptionum
728 3455 913 3507 socius.
942 3458 1074 3507 Eutr.
