3958 6034
303 298 373 362 23
1418 305 1929 369 THEOPHANES
1960 310 2240 372 CONTIN
2254 313 2519 374 UATUS.

3522 314 3595 382 ει

301 429 469 470 cruce
498 430 690 482 aurea,
729 413 1039 486 Nicephnro
1083 417 1284 486 gestari
1329 417 1513 484 solita,
1563 429 1713 476 certo
1747 420 1887 476 datae

1995 424 2308 479 ἀπέσταλτο
2356 425 2494 498 πρὸς
2543 424 2847 496 ἀσφάλειάν
2895 443 2954 481 τε
2991 426 3089 482 καὶ
3133 429 3421 500 πίστωσιν,
3451 430 3592 504 πρὸς

301 508 426 563 fidei
458 510 688 581 pignore
734 509 800 564 ad
835 525 959 564 eum
993 510 1184 566 missa.
1236 509 1376 566 Tum
1404 512 1471 568 ad
1506 510 1742 571 Hcraclii
1775 531 1893 573 mo-

300 601 606 656 nasterium
636 613 800 658 noctu
832 603 1066 674 aufugit,
1090 619 1198 659 uno
1217 601 1429 660 Thema
1460 605 1692 678 periculi
1716 609 1888 676 socio;

301 707 541 762 cumque
592 696 787 765 capitis
825 709 1082 750 ornatum
1138 695 1298 751 vellet
1353 697 1594 766 auferre,
1650 715 1762 757 non
1799 718 1891 758 ac-

302 785 508 857 quievit
567 789 891 844 monasterii
954 804 1178 859 praeses.
1235 789 1376 846 Tum
1437 792 1528 848 ille
1575 809 1730 861 ensc,
1779 810 1891 867 quo

294 880 627 948 [it-recinctus
656 893 798 949 erat,
833 899 1048 941 comam
1073 897 1390 956 amputans,
1425 887 1628 960 vilique
1661 889 1892 948 indutus

297 985 446 1047 toga,
490 991 685 1033 versus
716 976 917 1034 Proteu
947 979 1184 1036 insulam
1223 981 1327 1036 iter
1356 982 1574 1053 arripit,
1620 997 1733 1055 quo
1762 983 1889 1040 loco

297 1069 564 1138 pra-dium
601 1071 826 1142 pulchre
854 1073 1134 1128 excultum
1167 1073 1297 1127 olim
1326 1074 1665 1144 possidebat;
1700 1076 1753 1131 in
1779 1091 1891 1146 quo

295 1172 352 1218 et
372 1172 651 1220 extorrem
675 1180 839 1235 agere
867 1165 1169 1236 imperator
1202 1169 1579 1224 mandaverat.
1615 1170 1721 1241 ιο
1755 1170 1890 1226 illuc

295 1255 484 1324 itaque
535 1256 835 1324 trajiciens,
900 1258 1187 1327 solitisque
1234 1258 1491 1326 precibus
1536 1258 1790 1315 initiatus
1822 1272 1887 1312 ac

297 1350 699 1406 monachorum
721 1350 968 1406 divinum
1002 1350 1251 1408 habitum
1285 1362 1644 1418 consecutus,
1672 1360 1889 1408 mutato

296 1444 522 1500 nomine
569 1441 784 1501 Sabbas
833 1445 1164 1515 appellatur,
1213 1459 1314 1515 pro
1365 1445 1662 1502 sanctioris
1715 1445 1786 1501 ab
1818 1457 1888 1504 eo

295 1535 503 1608 arrepti
535 1536 768 1592 instituti
806 1538 1021 1593 ratione
1050 1536 1204 1608 plura
1240 1551 1306 1592 ac
1346 1551 1548 1609 magna
1579 1538 1887 1594 certamina

297 1632 592 1688 desudans.
645 1630 799 1687 llaud
829 1631 1055 1703 longum
1088 1641 1312 1704 tempus
1340 1633 1596 1697 fluxerat,
1625 1645 1752 1688 cum
1787 1631 1890 1705 Ly-

296 1739 530 1781 caonum
581 1724 804 1796 quidam
868 1725 1075 1794 impetu
1136 1723 1192 1779 in
1249 1740 1377 1782 eum
1427 1725 1573 1781 facto
1608 1731 1776 1793 atque
1818 1738 1886 1781 eo

294 1818 471 1874 oculis
521 1819 740 1885 orbato,
795 1818 1008 1875 sciente
1043 1833 1108 1876 ac
1139 1819 1379 1885 volente,
1410 1819 1506 1891 qui
1543 1831 1658 1875 tum
1699 1835 1882 1876 rerum

295 1911 631 1993 potiebatur,
666 1910 999 1982 Nicephoro,
1032 1912 1087 1966 in
1115 1910 1362 1967 divinum
1392 1925 1766 1983 magnumque
1790 1909 1884 1965 Dei

297 2000 559 2072 templum
595 1999 942 2071 confugiunt.
971 1999 1144 2068 inque
1170 2013 1297 2056 eum
1324 1999 1548 2055 modum
1576 1998 1886 2055 Philomelii

294 2109 520 2167 quoque
551 2094 809 2150 monachi
851 2094 1174 2149 vatE.-.iuatio
1218 2094 1427 2151 exitum
1458 2093 1669 2149 habuit.
1712 2092 1886 2150 Caete-

293 2204 418 2242 rum
455 2188 562 2258 ille,
610 2189 760 2243 velut
815 2203 844 2241 a
895 2193 1099 2258 quibus
1147 2185 1418 2242 benefit-io
1452 2185 1685 2244 allectus
1717 2195 1883 2253 esset,

294 2279 495 2337 faustis
542 2280 688 2336 votis
735 2280 986 2336 homines
1023 2288 1353 2349 prosecutus
1396 2280 1723 2336 auStcrioris
1763 2280 1887 2335 vita:

293 2373 642 2445 disciplinam
672 2373 920 2438 colebat,
977 2375 1124 2439 'i‘iilO,
1158 2373 1430 2443 piscibus,
1485 2373 1608 2428 oleo
1665 2371 1886 2444 penitus

295 2468 601 2533 abstinens,
633 2468 782 2522 nudo
813 2483 1030 2537 semper
1052 2468 1232 2538 capite
1261 2482 1323 2522 ac
1349 2467 1606 2538 pedibus,
1635 2467 1719 2523 vel
1757 2481 1884 2521 cum

295 2563 476 2617 acrior
503 2561 682 2618 hiems
713 2562 1022 2617 desawiret.
1059 2561 1143 2617 Ad
1180 2563 1294 2616 haec
1325 2576 1430 2616 una
1465 2561 1651 2617 tunica
1680 2574 1884 2630 corpus

295 2655 848 2725 c-otttegebat.a:statc
869 2655 1090 2725 quidem
1122 2653 1404 2724 pelliceam
1435 2654 1888 2720 induens,bieme

297 2761 430 2802 vero
474 2747 773 2802 cilicinam.
827 2744 944 2801 Non
1004 2747 1219 2802 triticeo
1263 2761 1403 2817 pane
1443 2749 1610 2803 vitam
1662 2756 1885 2803 susten-

297 2839 470 2902 tabat,
497 2837 590 2893 sed
620 2837 724 2892 sibi
759 2837 878 2908 ipse
913 2836 1254 2892 lmrdeaccos
1283 2837 1683 2893 subcinericios
1717 2852 1887 2908 panes

299 2930 554 2987 faciebat.
586 2928 740 2985 Hanc
780 2931 966 2999 itaque
1000 2930 1296 2985 severioris
1329 2930 1453 2984 vitae
1483 2930 1727 3001 regulam
1753 2945 1887 2985 con-

298 3029 544 3079 sectatus
591 3022 813 3078 duravit
860 3022 1037 3076 donec
1085 3021 1194 3077 Lco
1241 3024 1474 3092 imperio
1523 3023 1732 3093 potitus
1777 3029 1884 3078 est.

1995 513 2096 586 τὴν
2120 513 2218 569 τοῦ
2255 515 2580 587 Ἡρακλείου
2604 517 2774 589 μονὴν
2802 517 3045 590 νύκτωρ,
3071 519 3166 574 τὸν
3192 521 3397 592 Θωμᾶν
3428 523 3591 592 μόνον

1999 608 2489 676 συγκινδυνεύοντα
2528 608 2692 680 ἔχων,
2725 610 3034 680 ἀπέφυγεν,
3068 612 3160 666 τὸν
3200 613 3302 685 τῆς
3345 616 3591 686 κεφαλῆς

1994 701 2205 774 κόσμον
2238 704 2547 776 ἀφαιρῆσαι
2579 704 2920 770 σπουδάζων.
2955 706 3066 759 Καὶ
3087 708 3116 760 ὁ
3153 705 3254 777 μὲν
3286 708 3387 776 τῆς
3415 709 3589 779 μονῆς

1996 798 2282 868 προεστὼς
2302 797 2464 851 τοῦτο
2493 797 2693 868 δρᾶσαι
2724 797 2918 853 τοῦτον
2951 799 3013 854 οὐ
3047 799 3352 872 συνεχώρει
3373 815 3388 831 ο
3421 801 3588 866 αὐτὸς

1993 889 2052 942 δὲ
2272 888 2678 959 περιεζῶννυτο
2733 889 2918 962 σπάθῃ
2958 891 3054 946 τὸν
3101 889 3387 964 πλόκαμον
3417 892 3586 945 αὐτοῦ

1994 979 2233 1052 ἀφελὼν,
2267 981 2363 1035 καὶ
2387 983 2655 1053 πενιχράν
2677 981 2887 1052 ἐσθῆτα
2923 982 3370 1056 ἀμφιασάμενος,
3407 985 3587 1055 εἴχετο

1991 1077 2093 1146 τῆς
2120 1075 2255 1147 πρὸς
2288 1075 2388 1148 τὴν
2421 1074 2658 1148 Πρώτην
2678 1076 2847 1147 νῆσον
2877 1075 3132 1148 πορείας,
3162 1076 3294 1131 ἔνθα
3313 1077 3377 1148 δὴ
3410 1078 3587 1148 τούτῳ

1993 1166 2188 1238 κτῆμα
2214 1166 2393 1232 καλῶς
2417 1167 2806 1239 πεπονημένον
2837 1167 2989 1239 ἐνῆν,
3014 1168 3112 1222 καὶ
3139 1169 3166 1222 ὁ
3184 1166 3442 1239 βασιλεὺς
3471 1171 3590 1223 ἐκεῖ

1996 1260 2185 1331 μένειν
2242 1260 2686 1332 περιωρισμένον
2736 1261 3062 1332 ἐπέτρεψεν.
3118 1259 3200 1334 [Ρ.
3256 1261 3315 1334 7]
3377 1262 3587 1316 Ἐκεῖσε

1991 1352 2127 1420 γοῦν
2184 1350 2546 1421 περαιωθεὶς,
2571 1352 2666 1407 καὶ
2724 1351 2823 1417 τὰς
2876 1351 3132 1420 συνήθεις
3178 1353 3347 1425 εὐχὰς
3386 1353 3483 1408 καὶ
3523 1354 3585 1407 τὸ

1990 1445 2102 1500 τῶν
2132 1444 2386 1518 μοναχῶν
2418 1444 2566 1499 θεῖον
2601 1445 2791 1517 σχῆμα
2825 1443 3145 1515 δεξάμενος,
3185 1446 3583 1517 μετωνομάσθη

1992 1535 2230 1603 Σάϐϐας,
2266 1535 2485 1604 ἀγῶνας
2500 1537 2839 1607 ἀσκητικοίκ
2869 1536 3106 1603 πολλοὺς
3143 1537 3580 1609 ἐνδεικνύμενος.

1991 1630 2068 1684 Οὐ
2099 1630 2236 1685 πολύ
2266 1629 2327 1684 τὸ
2359 1630 2420 1684 ὲν
2457 1628 2631 1701 μέσῳ,
2657 1630 2753 1684 καί
2786 1647 2933 1695 τινες
2970 1630 3081 1686 τῶν
3113 1632 3180 1686 ἐκ
3228 1632 3332 1702 τῆς
3365 1632 3584 1685 Λυκαο-

1991 1723 2113 1789 νίας
2160 1723 2311 1794 αὐτῷ
2341 1723 2665 1796 ἐπιθέμενοι
2704 1723 2804 1778 καὶ
2836 1723 3168 1796 ποιήσαντες
3208 1723 3418 1797 ἔρημον
3472 1723 3585 1777 τῶν

1989 1816 2315 1889 ὀφθαλμῶν,
2348 1816 2551 1885 γνώσει
2582 1817 2680 1871 καὶ
2701 1818 2910 1889 είδήσει
2941 1817 3039 1872 τοῦ
3077 1817 3482 1889 βασιλεύοντος,
3505 1818 3588 1891 τῷ

1987 1909 2083 1966 τοῦ
2125 1909 2261 1965 Θεοῦ
2301 1910 2712 1982 προσφεύγουσι
2736 1912 2869 1985 θείῳ
2891 1911 2987 1967 καὶ
3037 1912 3258 1986 μεγάλῳ
3295 1912 3438 1985 ναῷο
3490 1916 3587 1968 καὶ

1987 2003 2144 2069 τέλος
2184 1999 2332 2077 εῖχεν
2365 2007 2461 2059 καὶ
2500 2005 2533 2076 ἡ
2570 2005 2883 2080 πρόρρησις
2927 2005 3024 2060 τοῦ
3056 2007 3118 2061 τὸ
3175 2007 3219 2040 ¹²
3253 2007 3585 2080 Φιλομήλιον

1988 2097 2411 2170 ἐνδιαιτωμένου
2467 2098 2818 2168 μονάζοντος.
2875 2099 3017 2153 Ἀλλ’
3087 2099 3298 2164 ἐκεῖνος
3354 2099 3456 2172 μὲν
3504 2099 3584 2164 ὡς

1988 2191 2311 2262 εὐεργέταις
2352 2192 2539 2256 αὐτοῖς
2612 2189 2988 2264 ἐπευξάμενος
3034 2193 3138 2263 τῆς
3199 2193 3585 2267 σκληροτέρας

1986 2283 2165 2353 εἴχετο
2179 2284 2427 2356 ἀγωγῆς,
2445 2283 2591 2337 οἴνου
2619 2300 2678 2338 τε
2701 2283 2798 2337 καὶ
2826 2285 2909 2355 ίχθ
2919 2283 3025 2338 ὐων
3045 2284 3140 2337 καὶ
3164 2283 3348 2338 ἐλαίου
3363 2284 3585 2354 ὁλοσχε-

1989 2375 2101 2449 ρῶς
2142 2374 2507 2446 ἀπεχόμενος,
2550 2376 2768 2447 γυμνήν
2793 2391 2855 2429 τε
2886 2377 2974 2430 ἀεὶ
3004 2375 3188 2446 φέρων
3213 2375 3313 2446 τὴν
3344 2376 3586 2447 κεφαλὴν

1987 2468 2232 2532 καὶτοὺς
2256 2467 2456 2523 ἑαυτοῦ
2491 2469 2682 2536 πόδας,
2713 2467 2819 2523 κᾶν
2851 2468 2905 2522 εἰ
2944 2485 3028 2533 τις
3059 2468 3421 2541 σφοδρότερος
3464 2471 3586 2538 ἐγε-

1985 2563 2136 2634 γόνει
2172 2563 2403 2635 χειμών.
2432 2564 2556 2618 Ἔτι
2601 2562 2659 2617 δὲ
2703 2563 3004 2635 μονοχίτων
3041 2563 3297 2628 διετέλει,
3325 2564 3404 2635 τῷ
3433 2563 3584 2636 θέρει

1990 2659 2091 2730 μὲν
2119 2657 2448 2729 δερμάτινον
2493 2655 2698 2728 χιτῶνα
2732 2655 3203 2728 ἀμφιεννύμενος,
3239 2655 3318 2727 τῷ
3351 2657 3584 2728 χειμῶνι

1987 2752 2044 2806 δὲ
2066 2752 2309 2825 τρίχινον
2334 2749 2827 2824 περιϐαλλόμενος.
2860 2748 3002 2820 Ἔζη
3022 2749 3081 2804 δὲ
3114 2754 3176 2804 οὐ
3214 2750 3423 2820 σιτίνῳ,
3461 2750 3584 2822 κρί-

1989 2847 2089 2918 θης
2114 2846 2172 2899 δὲ
2198 2846 2417 2917 ἀλεύρῳ
2440 2844 2749 2916 ἐγκρυφίαν
2775 2844 2966 2899 ποιῶν.
2993 2844 3105 2898 Καὶ
3126 2842 3271 2898 οὕτω
3298 2845 3586 2914 παρέπεμ-

1988 2957 2091 2994 πεν
2138 2939 2228 2994 τὸν
2278 2937 2476 2994 ἑαυτοῦ
2520 2937 2656 3009 βίον,
2707 2936 3007 3009 διαρκέσας
3057 2935 3166 3000 ἕως
3216 2937 3246 2991 ό
3287 2936 3442 2991 Λέων
3484 2937 3583 3006 τῆς

1992 3033 2273 3106 βασιλείας
2318 3032 2538 3098 ἐγένετο
2602 3032 2904 3102 ἐγκρατής.
2947 3031 3323 3102 Ἀποκαρῆναι
3379 3032 3435 3085 δὲ
3490 3033 3587 3084 καὶ

299 3119 445 3185 Quin
475 3127 529 3174 et
559 3117 878 3172 Domnicam
919 3117 1208 3187 conjugem
1258 3133 1385 3170 cum
1430 3116 1536 3173 ﬂlia
1583 3117 1886 3186 liberisque

1994 3129 2090 3198 τὴν
2117 3124 2315 3181 ἑαυτοῦ
2348 3124 2582 3196 σύμϐιον
2608 3122 2888 3194 Δομνίκαψ
2919 3121 3038 3192 ἅμα
3082 3122 3320 3194 θυγατρὶ
3353 3123 3446 3177 καὶ
3472 3124 3587 3187 τοῖς

299 3209 449 3266 domi
495 3209 874 3266 dctondendos
904 3209 1143 3274 Curavit,
1188 3209 1549 3265 Athanasiam
1582 3209 1884 3279 appellans,

298 3311 638 3375 cunctasque
660 3319 791 3374 opes
812 3301 866 3358 in
886 3318 1188 3374 pauperum
1220 3303 1600 3375 elcemosynas
1623 3318 1883 3375 erogans.

298 3400 480 3468 Atque
514 3397 598 3454 hae
627 3397 847 3468 quidem
882 3412 944 3452 ac
979 3396 1251 3467 ejusmodi
1295 3397 1550 3453 Bardanii
1577 3412 1685 3453 res.

372 3581 428 3634 4.
457 3579 632 3636 Porro
661 3576 772 3634 Leo
804 3579 986 3634 clarus
1030 3577 1335 3634 habebatur
1364 3592 1429 3633 ac
1459 3577 1715 3647 superbia
1744 3578 1889 3635 fcre—

300 3675 487 3738 batur,
519 3688 587 3728 ex
614 3671 809 3729 humili
858 3681 1024 3742 atque
1065 3670 1304 3728 obscuro
1337 3673 1675 3742 conspicuus
1723 3681 1891 3743 atque

299 3765 560 3830 illustris.
595 3779 696 3835 pro
729 3763 1124 3821 fmderamrum
1152 3762 1510 3835 praifectura,
1541 3779 1706 3834 quam
1735 3780 1892 3836 gere-

299 3858 419 3916 bat.
451 3857 560 3914 Sed
591 3871 692 3913 nec
723 3857 971 3930 ingrata:
996 3871 1179 3912 mores
1209 3867 1458 3919 exuerat,
1497 3856 1662 3911 talem
1696 3870 1757 3913 se
1790 3872 1888 3913 ex-

301 3952 501 4007 hibens
541 3951 805 4006 adversus
836 3950 935 4019 11
971 3965 1096 4004 cum
1149 3949 1242 4018 qui
1293 3948 1560 4004 beneﬁcio
1611 3949 1888 4006 affecerat.

302 4045 579 4100 Ca'terum
601 4045 864 4108 clarebat,
897 4043 1115 4114 aliaque
1137 4045 1260 4100 aliis
1282 4052 1511 4099 nectens
1540 4046 1726 4114 praelia
1750 4056 1892 4102 Stre-

303 4156 415 4196 nuc
441 4140 706 4195 adversus
723 4137 1030 4194 lsmaelitas
1047 4153 1108 4192 ac
1133 4138 1379 4193 secundo
1403 4138 1574 4193 Marte
1592 4139 1887 4210 pugnabat,

1996 3217 2196 3276 ἑαυτοῦ
2228 3218 2421 3274 παισὶν
2450 3220 2509 3271 ἐν
2531 3215 2610 3286 τῷ
2636 3215 2754 3285 ἰδίῳ
2785 3215 2920 3286 οἴκῳ
2964 3215 3251 3289 ἐποίησεν,
3279 3217 3587 3285 μετονομά-

1997 3330 2098 3377 σας
2118 3316 2290 3387 αὐτὴν
2324 3309 2676 3376 Ἀθανασίαν,
2715 3308 2935 3363 ἅπαντα
2963 3306 3168 3378 δηλαδὴ
3228 3307 3320 3361 τὸν
3352 3306 3586 3360 πλοῦτον

1997 3404 2289 3476 διανείμας
2313 3402 2578 3472 πτωχοῖς.
2611 3398 2725 3453 Καὶ
2753 3397 2825 3452 τά
2849 3396 2951 3470 μὲν
2995 3397 3140 3453 κατά
3172 3397 3266 3454 τὸν
3289 3397 3589 3468 Βαρδάνιον

1995 3499 2140 3554 οὕτω
2167 3512 2226 3552 τε
2249 3497 2345 3551 καὶ
2370 3494 2620 3551 τοιαῦτα.

2069 3590 2132 3646 δ’.
2182 3590 2244 3645 '0
2274 3590 2332 3644 δὲ
2364 3588 2518 3643 Λέων
2559 3589 2738 3661 είχετο
2774 3588 2875 3657 τῆς
2909 3585 3070 3656 δόξης
3115 3585 3211 3641 καὶ
3246 3586 3484 3658 ἐγαυρία
3521 3588 3589 3642 ἐκ

1995 3683 2258 3742 ταπεινοῦ
2299 3683 2396 3737 καὶ
2433 3682 2625 3747 ἀδόξου
2666 3680 3032 3753 περίϐλεπτος
3059 3680 3284 3754 ὁραθεὶς
3315 3680 3458 3735 κατά
3487 3681 3589 3753 τὴν

1997 3779 2109 3834 τῶν
2155 3778 2490 3850 φοιδεράτων
2523 3776 2723 3849 ἀρχήν.
2774 3774 2917 3830 Ἀλλ’
2953 3774 3074 3828 οὐδὲ
3112 3775 3213 3846 τῆς
3259 3775 3590 3847 ἀχαριστίας

1998 3874 2279 3944 ἀπείχετο,
2313 3870 2558 3934 τοιοῦτος
2588 3869 2719 3942 περὶ
2743 3870 2837 3925 τὸν
2866 3869 3165 3939 εὐεργέτην
3195 3870 3409 3940 φανείς.
3439 3868 3591 3942 Πλὴν

1999 3968 2198 4040 εἴχετο,
2240 3967 2335 4021 καὶ
2380 3966 2583 4037 μάχαις
2630 3965 2811 4035 μάχας
2859 3963 3250 4018 ἐπισυνάπτων
3286 3963 3430 4019 κατά
3477 3963 3591 4019 τῶν

2012 4059 2378 4131 Ἰσμαηλιτῶν
2433 4056 2887 4130 ὴνδραγαθίζετο,
2951 4056 3048 4111 ἅτε
3109 4057 3354 4130 μεγάλην
3401 4058 3461 4111 ὲν
3509 4058 3590 4130 τῷ

2000 4152 2228 4222 τοιούτῳ
2270 4151 2428 4223 μέρει
2462 4151 2557 4206 καὶ
2594 4150 2756 4221 φύσει
2795 4151 2890 4204 καὶ
2922 4149 3087 4222 τριϐῇ
3137 4150 3591 4223 προσφερόμενος

304 4235 508 4307 quippe
536 4232 630 4304 qui
659 4242 715 4288 εί
737 4247 838 4287 sua
877 4232 997 4302 ίβξθ
1052 4230 1239 4286 ίηάοιθ
1293 4240 1348 4287 ει
1399 4232 1794 4288 θκθνθίιθῑίοηθ
1835 4234 1889 4287 in
1993 4247 2247 4318 δύναμιν.
2288 4249 2401 4302 Καί
2439 4263 2569 4301 ποτε
2603 4248 3016 4317 στρατιωτικῶν
3058 4247 3375 4318 χρημάτων»
3408 4248 3592 4301 διανο-

303 4344 427 4386 eam
457 4343 570 4382 rem
622 4324 792 4381 multa
833 4324 1037 4380 virtute
1081 4324 1339 4394 pollebat.
1382 4321 1722 4393 Quandoque
1761 4339 1887 4378 vero

2001 4339 2107 4412 μὴν
2138 4317 2314 4409 παρὰ
2377 4338 2472 4393 τοῦ
2522 4339 2593 4392 τά
2640 4317 2900 4409 σκῆπτρα
2935 4317 3215 4403 διέποντος
3267 4337 3590 4410 Νικηφόρον

305 4423 377 4477 εὶ)
405 4436 472 4475 (⁸ο
514 4419 607 4490 «ιυῑ
658 4429 774 4474 mm
826 4433 1012 4472 Vorm“
1067 4416 1378 4486 Ρθιίθῧθίυτ
1433 4414 1815 4486 (Νίεθβίιοτυδ
1846 4417 1892 4474 is
1998 4432 2385 4505 ἐγχειρισθεὶς,
2415 4432 2538 4487 ἐπεὶ
2568 4432 2723 4486 οὐδὲν
2742 4430 2938 4502 ἔμελεν
2968 4430 3120 4502 αὐτῷ
3147 4431 3258 4484 τῶν
3291 4429 3592 4501 βασιλικῶν

305 4522 484 4587 erat),
512 4529 677 4585 quam
708 4514 763 4567 in
795 4513 984 4581 copias
1023 4512 1292 4567 militares
1325 4523 1598 4581 erogaret.
1626 4512 1887 4581 pecunia-

2001 4524 2252 4594 ἐντολῶν,
2276 4527 2387 4580 οὐδ’
2424 4524 2746 4597 ἐξεπέραινέ
2769 4542 2842 4589 τι,
2875 4523 2992 4578 ἀλλ’
3023 4526 3082 4578 ἐν
3116 4523 3344 4595 πολίχνῃ
3385 4524 3591 4592 Εὐχαῖ-

305 4627 428 4666 rum
458 4610 508 4664 vi
539 4607 775 4669 credita,
814 4604 963 4660 nihili
1001 4606 1245 4675 pendens
1288 4604 1597 4674 imperi-alia
1625 4605 1784 4674 jussa
1825 4620 1887 4660 ne

2002 4635 2111 4673 των
2139 4617 2232 4672 σιὸν
2278 4617 2469 4690 καιρὸν
2508 4617 2764 4692 ῥᾳστώνῃ
2805 4617 2902 4672 καὶ
2957 4617 3191 4689 ἀμελείᾳ
3239 4614 3590 4686 κατατρίϐων

306 4718 424 4760 rem
477 4702 702 4774 quidem
756 4700 1185 4770 exsequebatur,
1239 4697 1336 4752 sed
1388 4696 1443 4750 in
1500 4698 1887 4754 Eucbaitarum

2000 4707 2329 4767 ἀνεϐάλλετο
2370 4706 2439 4759 τὰ
2471 4705 2838 4776 νενομισμένα
2870 4703 2951 4775 τῷ
2999 4705 3222 4778 στρατῷ
3259 4702 3590 4772 παρασχεῖνο

308 4796 536 4869 ignobili
572 4793 776 4865 oppido
810 4802 1027 4859 tempus
1057 4790 1333 4861 voluptate
1356 4805 1419 4844 ac
1445 4789 1660 4862 ignavia
1691 4798 1887 4856 terens.

2002 4803 2099 4857 καὶ
2127 4799 2377 4872 φυλακῆς
2402 4795 2662 4867 οὐδεμίαν
2691 4796 2953 4865 πρόνοιαν
2984 4795 3152 4866 έχων,
3188 4794 3314 4844 ὀύτε
3345 4790 3456 4861 μὴν
3477 4789 3594 4845 τῶν

309 4891 616 4947 constituta
647 4883 919 4942 exercitui
962 4883 1234 4955 stipendia
1284 4883 1528 4952 praebere
1569 4882 1887 4949 differebat;

2004 4893 2200 4947 κοινῶν
2226 4907 2333 4962 χρη
2343 4888 2550 4958 μάτων,
2573 4885 2693 4940 οὐδὲ
2713 4887 2809 4940 καὶ
2827 4885 2923 4938 τοῦ
2949 4881 3149 4940 ἑαυτοῦ
3177 4880 3458 4952 σώματος,
3479 4880 3593 4935 οὐδ’

311 4999 413 5041 nec
440 4981 608 5038 ullam
636 4980 862 5035 omnino
907 4992 1096 5033 curam
1154 4990 1218 5032 ac
1260 4976 1596 5047 diligentiam
1632 4977 1887 5032 adhibens

2007 4983 2188 5041 αὐτῶν
2215 4983 2325 5038 τῶν
2364 4979 2473 5035 ὑπὸ
2497 4981 2676 5049 χεῖρα,
2704 4977 2813 5031 τῶν
2855 4974 3177 5049 ’Ᾱγαρηνῶν
3206 4974 3597 5047 ἐκδραμόντων

310 5090 428 5134 tum
457 5073 705 5148 pecuniae
726 5072 978 5144 publicae.
1014 5082 1128 5126 tum
1156 5085 1258 5125 suo
1288 5070 1460 5140 ipsius
1500 5070 1732 5127 tutando
1776 5085 1887 5126 cor-

2011 5079 2105 5135 καὶ
2129 5077 2199 5131 τὰ
2237 5071 2524 5143 Ῥωμαίων
2536 5069 2875 5142 ληῖζομένων
2900 5068 3002 5139 τὴν
3023 5067 3176 5122 λείαν
3197 5067 3386 5131 αὐτοῖς
3413 5061 3595 5133 οὗτος,

311 5172 456 5244 pori,
482 5185 546 5226 ac
571 5182 675 5224 nec
696 5165 1130 5238 provincialibus
1159 5163 1576 5228 censervandis,
1609 5179 1733 5221 cum
1759 5165 1887 5236 Aga-

2010 5172 2128 5228 ἀλλ’
2152 5171 2252 5224 οὐκ
2277 5166 2436 5230 ἄλλος
2450 5182 2559 5230 τις,
2575 5163 2796 5234 ἀπεπλή
2805 5179 2901 5232 pou
2925 5159 3351 5231 ἀταλαιπώρως,
3376 5160 3512 5214 ἀλλά
3527 5159 3600 5214 δι’

313 5262 435 5321 reni
483 5261 841 5319 excursiones
878 5259 1122 5314 [acu-rent
1172 5254 1592 5327 Romanamque
1638 5255 1887 5313 ditioncu

2013 5259 2180 5319 αὐτοῦ
2201 5259 2300 5331 μὲν
2317 5254 2377 5311 οὐ
2395 5252 2567 5328 (ὀξείᾳ
2589 5252 2701 5325 γὰρ
2719 5253 2866 5322 φυγῇ
2887 5251 2987 5320 τὴν
3011 5249 3291 5322 σωτηρίαν
3309 5252 3604 5321 ἐπραγμα-

316 5354 642 5425 diriperent,
692 5352 848 5408 solus
889 5351 1004 5422 ipsc
1059 5364 1124 5405 ac
1184 5363 1349 5405 nemo
1399 5348 1544 5405 alius
1598 5347 1887 5404 confertau

2013 5347 2291 5418 τεύσατο),
2324 5347 2395 5400 τὰ
2416 5338 2788 5417 στρατιωτικά
2821 5337 2880 5392 δὲ
2904 5335 3143 5409 προδοὺς
3168 5337 3263 5393 καὶ
3284 5335 3605 5425 μόνονῌούχὶ

325 5422 570 5520 praedam
626 5446 767 5504 citra
817 5461 1040 5502 omnem
1100 5443 1450 5500 laboremeis
1485 5442 1756 5509 tradebat,
1797 5457 1887 5498 non

2017 5444 2180 5516 χερσὶ
2218 5436 2499 5508 πολεμίοις
2547 5431 2806 5508 ἐμϐαλὼν
2852 5432 3135 5502 χρήματα.
3180 5428 3267 5504 [Ρ.
3303 5427 3361 5502 8]
3405 5422 3480 5484 Οὐ
3538 5429 3605 5501 δὴ

322 5540 546 5611 quidem
578 5539 698 5597 suis
726 5539 843 5610 ipse
886 5537 1118 5594 fortunis
1159 5553 1224 5593 ac
1255 5536 1770 5611 periculo(quippe
1813 5551 1887 5608 qu

2022 5539 2187 5592 ἕνεκα
2211 5533 2392 5597 δίκας,
2425 5529 2474 5584 εί
2503 5529 2600 5584 καὶ
2648 5526 2727 5599 μὴ
2759 5524 2860 5590 τὰς
2886 5523 3065 5592 ἀξίας,
3105 5521 3185 5595 τῷ
3237 5522 3604 5578 καταπιστεύ-

322 5634 488 5691 ceteri
529 5632 655 5706 fuga
683 5632 850 5690 saluti
885 5648 997 5689 sua:
1031 5631 1409 5702 consulebat),
1446 5631 1540 5687 scd
1574 5628 1887 5685 militaribu:

2022 5645 2176 5684 σαντι
2209 5626 2336 5690 δοὺς
2383 5620 2708 5695 Νικηφόρῳ,
2745 5620 2983 5692 πληγαῖς
3011 5635 3074 5675 τε
3114 5618 3235 5684 ταῖς
3259 5613 3401 5672 κατὰ
3433 5615 3606 5672 νώτου

1574 5718 1810 5776 ΥᾹΙίίίΕ
1870 5716 2284 5777 LECTIONES.

400 5817 444 5850 "
472 5818 566 5872 τοῦ
605 5816 744 5872 κατά
786 5817 882 5870 rb?
