3958 6034
355 326 434 392 25
1512 319 1737 385 LlB.I.
1769 342 1833 355 -
1876 315 2023 379 LEO
2062 315 2497 381 ARMENIUS.
3594 318 3666 381 ‘26

359 441 591 514 ὑπήχθη
641 442 742 498 καὶ
793 441 1033 515 στέρνων
1074 440 1171 495 καὶ
1222 438 1368 511 φυγῇ
1414 437 1573 510 ἀϊδίῳ
1613 436 1715 508 τὴν
1759 434 1966 506 ζημίαν

2073 431 2323 500 pecuniis
2355 426 2591 502 proditis
2618 435 2675 486 et
2705 429 2868 502 quasi
2898 429 2951 484 in
2985 442 3185 485 manus
3206 427 3451 486 hostium
3478 446 3668 504 conje—

359 536 658 591 ἀπέτισεν.
707 533 870 590 ’Λλλᾶ
904 533 999 589 τοῦ
1043 533 1368 604 Νικηφόρου
1412 532 1558 586 κατὰ
1607 528 1833 584 Σκυθῶν
1877 529 1977 582 ἑκ·-

360 627 816 698 στρατεύσαντος
843 627 941 683 καὶ
959 625 1464 697 τρανματίουικατὰ
1489 625 1591 692 τὴν
1612 620 1975 691 παρεμϐολὴν

356 719 456 773 τοῦ
491 719 745 792 πολέμου
776 720 1040 783 πεσόντος
1070 719 1209 790 μηνὶ
1247 716 1456 786 Ἰουλίῳ
1492 713 1674 768 εἰκάδι
1697 712 1835 784 ἕκτῃ
1869 713 1974 781 τῆς

357 811 641 885 τετάρτης
672 812 1027 876 ίνδικτιῶνος,
1059 813 1151 865 καὶ
1181 808 1278 864 τοῦ
1308 807 1426 864 υίοῦ
1451 806 1799 877 Σταυρακίου
1826 803 1973 860 κατὰ

357 902 451 958 ιιδν
475 903 731 976 πόλεμον
761 904 986 975 καιρίαν
1025 902 1330 975 τρωθέντος
1369 901 1447 966 ὡς
1484 901 1582 955 δύο
1626 899 1730 969 μὲν
1776 897 1973 968 μόνους

361 995 542 1066 μῆνας
569 997 674 1051 καὶ
698 995 920 1069 ἡμέρας
941 996 1205 1066 επιζῆσαι
1226 993 1395 1062 ὀκτὼ,
1422 1011 1487 1048 συ
1498 991 1972 1064 μσασιλεύσαντος

353 1088 415 1142 δὲ
459 1090 743 1161 πρότερον
771 1089 854 1162 τῷ
887 1090 1060 1156 πατρὶ
1101 1088 1199 1158 ἐτη
1227 1086 1379 1143 ὀκτὼ
1425 1090 1606 1159 μῆνας
1651 1084 1794 1140 ἑπτὰ
1819 1125 1836 1152 ,
1872 1081 1970 1138 καὶ

355 1180 588 1252 Μιχαὴλ
619 1182 721 1236 τοῦ
756 1181 1172 1254 κουροπαλάτου
1204 1177 1344 1253 μετά
1371 1179 1477 1253 τὴν
1499 1178 1596 1234 τοῦ
1627 1177 1968 1249 Σταυρακίου

355 1273 504 1329 κατὰ
525 1273 636 1345 τὴν
656 1274 924 1347 δευτέραν
941 1274 1040 1330 τοῦ
1070 1274 1405 1345 Ὀκτωῦρίου
1431 1269 1602 1345 μηνὸς
1622 1271 1955 1337 ἀποδίωσιν,

356 1365 626 1440 γαμϐροῦ
677 1367 780 1439 μιν
815 1366 1138 1439 Νικηφόρου
1170 1365 1460 1431 τελοῦντος
1483 1408 1500 1432 ,
1555 1368 1624 1420 ἐκ
1669 1365 1867 1434 γενεᾶς
1907 1364 1966 1419 δὲ

354 1460 752 1532 καταγομένων
784 1458 879 1515 τοῦ
923 1457 1197 1530 Ῥαγγαϐδ
1228 1461 1324 1514 καὶ
1361 1459 1505 1514 κατὰ
1537 1457 1637 1530 τὴν
1671 1456 1826 1513 θέσιν
1854 1457 1967 1512 τῶν

351 1553 687 1623 Ματγάνων
717 1553 1075 1626 σκηνοῦντος,
1101 1555 1205 1626 τὴν
1224 1554 1325 1624 τῆς
1358 1552 1639 1623 βασιλείας
1665 1551 1966 1626 δεξαμένου

350 1645 538 1718 ἀρχὴν
571 1645 726 1702 κατὰ
751 1648 847 1702 τδν
896 1647 1234 1718 Ὀκτώσριον
1268 1649 1414 1719 μῆνα
1441 1648 1544 1717 τῆς
1572 1645 1835 1718 πέμπτης
1883 1646 1966 1700 ίν-

350 1738 676 1806 δικτιῶνος,
724 1740 1023 1796 ἀπολύεται
1055 1743 1086 1797 ό
1119 1741 1272 1796 Λέων
1311 1741 1412 1812 τῆς
1461 1739 1766 1812 ὑπερορίας
1815 1739 1962 1794 κατὰ

349 1832 414 1886 τὸ
459 1833 859 1907 έπικρατῆσαν
897 1833 1024 1898 ἔθος
1059 1835 1161 1906 τῆς
1208 1834 1582 1906 χρηστότητος
1629 1832 1818 1888 Ξνσκεν
1847 1835 1964 1897 τοῖς

366 1925 677 1998 Ῥωμαίων
717 1926 1004 2001 βασιλεῦσι
1029 1968 1046 1992 ,
1100 1928 1202 1983 καὶ
1245 1928 1347 1999 τῆς
1388 1926 1571 1998 φυγῆς
1622 1925 1960 1995 κατάγεται,

349 2023 448 2076 καὶ
509 2024 642 2088 τοῖς
703 2021 875 2077 αὐτοῦ
945 2019 1139 2077 τούτου
1201 2020 1269 2094 δὴ
1299 2019 1398 2076 τοῦ
1423 2020 1675 2093 ,Μιχαὴλ
1725 2019 1961 2092 ῥαϐδού-

348 2129 472 2184 χοις
539 2116 666 2180 τοϊς
729 2115 876 2169 κατὰ
899 2172 913 2182 _
945 2114 1016 2170 τὰ
1085 2115 1367 2187 ἀνάκτορα
1396 2114 1796 2183 εσυνταττεται
1865 2117 1966 2186 ἑφε-

351 2206 677 2276 εδρεύουσι,
703 2210 798 2262 καὶ
827 2209 1140 2280 πατρικίων
1158 2208 1391 2280 τιμᾶται
1407 2210 1530 2278 μετ’
1554 2209 1618 2264 οὐ
1640 2207 1777 2263 πολὺ
1800 2211 1962 2280 τιμῇ,

351 2298 452 2351 καὶ
510 2299 833 2372 στρατηγὸς
890 2298 1260 2355 ’Λνατολικῶν
1312 2298 1697 2355 ἀναδείκνυται
1726 2340 1740 2366 ,
1798 2300 1963 2369 ἡνίκα

268 2464 277 2472 1
352 2396 450 2448 καὶ
508 2394 621 2465 τὴν
664 2394 907 2452 παλαιὰν
963 2395 1153 2466 φιλίαν
1219 2394 1317 2450 τοῦ
1369 2395 1472 2449 σὺν
1527 2393 1681 2466 αύτῷ
1727 2396 1965 2466 τραφέν-

350 2500 446 2548 τος
484 2485 694 2558 ἀνδρὸς
723 2487 947 2560 Μιχαὴλ
985 2485 1253 2555 ἀνανεῶν,
1286 2478 1346 2542 δν
1376 2486 1595 2559 κόμητα
1627 2485 1730 2557 τῆς
1760 2488 1964 2560 κόρτης

351 2579 389 2651 ὴ
416 2580 485 2635 hc
515 2579 622 2636 τοῦ
646 2579 949 2652 Βαρδανιου
974 2581 1271 2654 μετάταξις
1298 2582 1695 2654 προετίμησεν,
1730 2585 1826 2638 καὶ
1850 2583 1964 2637 τῶν

352 2670 703 2743 ἀπορρήτων
738 2670 953 2745 μύστην
997 2671 1318 2742 λαμϐάνων,
1365 2672 1478 2728 τῶν
1520 2673 1671 2728 ἔνδον
1703 2689 1766 2729 τε
1813 2668 1964 2747 εἶχεν

357 2764 695 2820 πιστότατον
724 2767 822 2820 καὶ⁵
855 2763 966 2820 τῶν
997 2764 1156 2830 ἐκτὸς
1185 2762 1670 2838 πρακτικώτατον.

427 2951 492 3004 ε’.
535 2944 690 3002 Ἀλλ’
715 2945 944 3019 ἔμελλεν
972 2942 1135 3013 αὖθις
1156 2947 1489 3021 ἀχαριστίας
1512 2946 1720 3003 ἁλῶναι
1745 2949 1962 3020 γραφῇ,

357 3036 618 3110 ὠμότητι
671 3043 1008 3112 συντραφεὶς
1055 3044 1155 3097 καὶ
1199 3044 1489 3114 ἀγριότητι
1551 3042 1852 3112 ἐκτραφεὶς
1893 3043 1962 3111 ³³.

2079 527 2204 582 etis.
2250 523 2624 592 Quamobrem
2655 526 2823 582 etiam
2866 524 3044 581 eidem
3099 523 3433 598 Nieephoro,
3479 543 3514 582 a
3555 544 3669 598 quo

2075 619 2340 690 pecunias
2369 618 2727 692 consignatas
2773 629 3087 691 acceperat,
3117 635 3313 692 poenas
3341 621 3514 688 dedit,
3563 623 3667 678 etsi

2074 708 2313 766 leviores
2340 725 2509 781 quam
2534 711 2724 767 delicti
2757 712 2899 768 ratio
2923 712 3286 784 exposcebat,
3307 728 3504 786 nempe
3530 715 3666 770 dor-

2074 818 2198 860 sum
2220 819 2491 875 renesque
2523 804 2846 864 verberibus
2872 804 3135 873 allectus,
3175 818 3548 880 perpetuoque
3578 825 3670 865 ex-

2074 897 2199 952 silio
2224 897 2512 955 multatus.
2548 898 2822 955 Caeterum
2856 915 2982 957 cum
3014 898 3356 973 Nicephorus
3400 903 3668 961 adversus

2075 985 2307 1060 Scythas
2336 1006 2564 1054 movens
2604 1006 2830 1064 accepto
2865 994 2920 1048 in
2950 994 3068 1052 acie
3113 996 3342 1052 vulnere
3372 994 3502 1052 fatis
3531 1009 3669 1054 con-

2073 1083 2340 1140 cessisset
2392 1081 2523 1139 Julii
2576 1087 2784 1142 mensis
2835 1087 3098 1159 vigesima
3133 1100 3309 1157 sexta,
3361 1091 3667 1148 indictione

2070 1186 2293 1247 quarta,
2325 1175 2764 1250 Stauraciusque
2789 1181 2912 1251 ejus
2929 1181 3075 1240 ﬁlius
3094 1182 3210 1254 ipse
3231 1198 3452 1256 quoque
3474 1186 3661 1240 letbali

2071 1275 2128 1326 In
2155 1271 2352 1342 praelia
2377 1270 2608 1330 affectus
2642 1273 2870 1330 vulnere
2892 1291 3000 1331 non
3034 1277 3221 1348 plures
3253 1280 3471 1336 duobus
3501 1295 3661 1335 men-

2071 1373 2161 1417 ses
2181 1359 2419 1429 diesque
2442 1371 2571 1418 octo
2599 1362 2742 1432 patri
2767 1374 3051 1433 superstes
3075 1367 3402 1432 exstitisset,
3426 1367 3661 1424 Michael

2072 1451 2178 1525 12
2203 1466 2332 1508 vero
2355 1452 2688 1522 Curopalata
2709 1465 2834 1526 post
2855 1455 3199 1516 Stauracium
3219 1464 3462 1520 secunda
3495 1463 3660 1520 Octo-

2071 1545 2187 1602 bris
2216 1546 2331 1603 vita
2356 1550 2609 1603 functum
2642 1548 2801 1622 (erat
2847 1550 2895 1606 is
2933 1566 3102 1624 gener
3149 1553 3468 1630 Nicephori,
3519 1560 3663 1617 Ran-

2069 1640 2223 1710 ξοδδ
2272 1648 2427 1695 ortus
2459 1642 2739 1714 prosapia,
2771 1642 2837 1700 ad
2887 1650 3303 1706 armamentarii
3335 1652 3482 1710 ardes
3535 1671 3661 1710 mo-

2070 1733 2234 1806 rans)
2264 1733 2482 1804 imperii
2515 1744 2732 1805 sceptra
2761 1737 2991 1810 adeptus
3016 1749 3166 1799 esset
3195 1757 3386 1804 mense
3410 1744 3664 1816 Octobri,-

2068 1825 2368 1886 indictione
2397 1832 2612 1902 quinta,
2642 1829 2752 1886 Leo
2772 1831 2968 1889 exsilio
2988 1835 3244 1904 solvitur,
3279 1836 3658 1899 Romanorum

2065 1918 2404 1989 principum,
2462 1935 2588 1978 cum
2648 1921 2888 1989 primum
2944 1925 3370 1998 inaugurantur,
3426 1933 3660 1989 solemni

2069 2012 2407 2083 clementia;
2440 2023 2601 2084 atque
2634 2031 2666 2071 a
2707 2015 2835 2090 luga
2861 2029 3149 2078 revocatus
3177 2022 3349 2094 ipsius
3382 2024 3659 2083 Michaelis

2066 2106 2328 2178 palatinis
2375 2108 2667 2167 lictoribus
2709 2123 3054 2169 acccnsetur.
3107 2112 3219 2173 Nec
3273 2116 3435 2189 longa
3478 2134 3657 2187 mora,

2064 2200 2283 2273 patricii
2314 2200 2580 2273 dignitate
2603 2211 2835 2274 augetur
2860 2204 3084 2276 duxque
3112 2205 3474 2266 Orientalium
3502 2227 3659 2269 crea-

2066 2305 2179 2360 tur,
2203 2293 2429 2366 quando
2449 2304 2506 2350 et
2536 2293 2768 2352 Michael
2798 2306 3040 2354 veterem
3076 2301 3202 2368 viri,
3238 2318 3480 2374 quocum
3531 2305 3659 2363 fue-

2068 2393 2156 2441 rat
2193 2387 2486 2454 educatus,
2514 2388 2815 2444 amicitiam
2849 2407 3146 2460 renovans,
3179 2410 3342 2465 quem
3370 2397 3513 2454 aula:
3560 2413 3657 2455 co-

2067 2481 2258 2536 mitem
2329 2480 2521 2536 relicta
2579 2480 2839 2538 Bardanii
2905 2484 3072 2540 factio
3127 2497 3257 2544 ante
3309 2502 3659 2560 provexerat.

2065 2589 2505 2641 ari-suorumque
2537 2578 2818 2634 conscium
2869 2593 3182 2648 assumens,
3243 2599 3430 2639 rerum
3469 2585 3661 2641 dome-

2065 2670 2329 2725 sticarum
2380 2670 2709 2726 ﬁdissimum
2753 2681 2943 2728 testem
2995 2691 3299 2748 eorumque
3354 2695 3479 2750 quae
3522 2678 3660 2737 foris

2066 2763 2278 2832 agenda
2352 2776 2541 2821 essent
2595 2764 3039 2824 efﬁcacissimum
3108 2771 3425 2830 ministrum
3494 2776 3659 2830 adhi—

2068 2857 2208 2913 buit.

2139 2951 2191 3007 5.
2229 2953 2441 3011 Rursus
2473 2964 2654 3011 tamen
2688 2956 2886 3029 ingrati
2920 2957 3089 3015 animi
3116 2959 3293 3017 labem
3331 2961 3435 3020 sibi
3461 2979 3656 3033 asper-

2065 3059 2232 3102 surus
2263 3055 2384 3100 erat
2414 3047 2581 3103 homo
2611 3049 2819 3104 crudeli
2855 3049 3081 3120 ingenio
3113 3053 3430 3123 agrestique
3463 3054 3654 3109 indole

356 3135 453 3188 καὶ
485 3135 616 3197 τοῖς
652 3133 932 3209 δευτέροις
952 3137 1021 3191 τὰ
1060 3136 1257 3207 πρῶτα
1301 3136 1546 3207 καλύψαι
1589 3138 1620 3190 δ
1650 3135 1961 3207 ἁλιτήριος.

2073 3135 2357 3203 educatus,
2382 3151 2446 3193 ac
2475 3139 2568 3208 qui
2596 3138 2780 3209 priora
2815 3153 2938 3206 sua,
2987 3142 3302 3196 mortalium
3331 3142 3661 3199 scelestissi-

359 3227 531 3286 Ὅθεν
568 3229 695 3302 ἄρτι
722 3231 1019 3304 Κρούμνου
1058 3232 1158 3288 τοῦ
1188 3232 1301 3288 τῶν
1330 3231 1665 3305 Μυλγάρων
1693 3231 1966 3304 ἡγεμόνος

2073 3245 2215 3297 mus,
2255 3231 2614 3302 sequentibus
2642 3243 2792 3290 esset
2834 3234 3260 3292 obscuraturus.
3327 3232 3481 3290 Unde
3531 3252 3658 3291 cum

360 3323 680 3394 συμϐάσεις
727 3326 825 3380 καὶ
877 3324 1064 3395 φιλίας
1105 3327 1552 3398 ὑποκριναμένου
1587 3327 1686 3380 καὶ.
1731 3325 1966 3390 σπονδὰς

2073 3321 2180 3392 iam
2203 3322 2566 3396 Bulgarorum
2593 3326 2704 3382 dux
2731 3325 3011 3384 Crumnus
3041 3329 3393 3385 concordiam
3419 3337 3476 3384 et
3506 3329 3663 3400 pacis

359 3412 663 3488 ζητοῦντος
689 3416 995 3489 είρηνικὰς,
1019 3420 1072 3474 εί
1100 3418 1267 3490 μόνον
1296 3417 1367 3473 τὰ
1401 3417 1522 3473 κατ’
1555 3417 1678 3482 ἔτος
1711 3417 1966 3489 διδόμενα

2073 3417 2278 3476 foedera
2311 3419 2700 3492 amicitiasque
2751 3422 2965 3478 ambire
3009 3437 3070 3479 se
3118 3422 3406 3480 simularet
3438 3437 3505 3478 ac
3537 3422 3662 3477 ani-

361 3508 444 3574 τίς
471 3509 656 3577 τάξιν,
691 3505 872 3583 οἶμαι,
906 3509 1140 3568 δοθῶσιν
1175 3502 1346 3584 φόρου
1375 3511 1550 3583 αὐτῷ,
1573 3513 1648 3578 ὡς
1673 3515 1791 3579 τοῖς
1825 3513 1963 3584 πρό-

2073 3527 2221 3568 mum
2249 3514 2400 3581 pacis
2428 3514 2688 3584 cupidum
2732 3514 3038 3586 praeferret,
3087 3515 3393 3572 dummodo
3445 3529 3654 3580 annua,

362 3621 526 3677 τερον
562 3605 735 3672 ἔδοξε,
762 3607 859 3661 καὶ
895 3605 1289 3679 προστιθέντος
1317 3607 1394 3673 ὡς
1418 3607 1514 3662 καὶ
1551 3607 1680 3671 τοὺς
1710 3606 1964 3679 πρόσφυ-

2073 3621 2194 3676 qua:
2225 3607 2389 3676 pendi
2427 3607 2590 3662 solita
2617 3617 2776 3663 erant
2809 3623 2909 3679 pro
2939 3623 3005 3667 eo
3029 3625 3095 3666 ac
3123 3608 3430 3678 majoribus
3481 3609 3660 3665 visum

361 3714 466 3767 τας
492 3698 850 3770 ωυλγὰρων,
885 3700 1026 3769 πρὸς
1055 3698 1114 3754 δὲ
1142 3701 1240 3755 καὶ
1284 3698 1576 3772 Ῥωμαίων
1606 3703 1687 3765 είς
1721 3700 1966 3756 τούπίσω

2073 3709 2209 3764 erat,
2245 3699 2474 3757 Romani
2499 3702 2699 3758 tributa
2731 3711 3084 3774 praestarent,
3105 3716 3168 3757 ea
3195 3702 3417 3758 demum
3446 3701 3664 3771 adjecta

362 3793 676 3848 ἐκδίδοσθαι
713 3791 791 3864 τῷ
831 3795 1044 3849 ἑαυτῶν
1075 3791 1220 3848 ἔθνει
1248 3832 1264 3858 ,
1296 3793 1504 3850 ἄτοπον
1537 3794 1714 3866 ἐφάνη
1746 3795 1808 3849 τὸ
1857 3794 1966 3853 τῶν

2073 3795 2407 3862 conditione,
2440 3807 2502 3851 ut
2522 3808 2577 3851 et
2605 3795 2968 3867 Bulgarnrum
2996 3795 3352 3865 vicissimque
3378 3793 3662 3850 Romano-

362 3885 710 3959 προσφύγων
757 3890 873 3953 τοῖς
907 3888 1011 3958 τῆς
1057 3886 1370 3959 συγκλήτου
1424 3887 1658 3959 βουλῆς,
1708 3889 1758 3943 εί
1809 3890 1904 3943 καὶ
1939 3889 1966 3941 ό

2073 3905 2193 3948 rum
2226 3890 2586 3960 imposterum
2617 3889 2920 3955 transfuga:
2943 3902 3060 3944 suae
3089 3888 3297 3958 quique
3347 3887 3497 3958 genti
3528 3888 3658 3942 rcd~

367 3979 675 4048 βασιλεύων
719 3981 939 4054 Μιχαὴλ
980 3980 1117 4045 ὅλως
1148 3981 1194 4014 ³⁵
1247 3981 1469 4050 ἐγένετο
1517 3981 1619 4050 τῆς
1661 3979 1823 4052 δόξης
1868 3980 1966 4036 τοῦ

2073 3983 2354 4046 derentur,
2405 3982 2818 4052 transfugarum
2857 3981 2958 4052 13
2985 3988 3147 4051 caput
3179 3979 3313 4062 illud
3358 3978 3661 4034 absurdum

366 4073 632 4143 ἄρχοντος
657 4072 740 4142 τῷ
781 4089 846 4143 γε
878 4073 943 4144 δὴ
981 4073 1085 4144 τῆς
1115 4075 1346 4147 είρήνης
1374 4073 1669 4145 βούλεσθαι
1701 4075 1781 4147 μὴ
1825 4077 1966 4131 ἁπο-

2073 4075 2285 4130 senatui
2323 4075 2504 4130 visum
2550 4085 2658 4138 est,
2713 4088 3030 4144 quanquam
3079 4072 3314 4129 Michael
3363 4073 3665 4141 imperator

367 4168 573 4236 τυχεῖν.
630 4165 774 4220 Ἀλλ’
817 4165 1127 4239 ἐκράτησεν
1172 4167 1207 4238 ἡ
1255 4164 1449 4237 βουλὴ,
1481 4164 1814 4222 Θεόκτιστον
1863 4168 1966 4240 μά-

2073 4177 2224 4224 totus
2279 4169 2334 4222 in
2394 4166 2663 4237 principis
2724 4165 3091 4236 Bulgarorum
3143 4165 3473 4222 sententiam
3524 4162 3663 4229 ibat,

367 4273 590 4331 γιστρον
644 4257 1018 4331 δπικυροῦντα
1063 4258 1162 4315 καὶ
1221 4258 1611 4328 συντιθέμενον
1651 4259 1853 4331 ἔχουσα
1897 4262 1966 4332 τῇ

2073 4263 2217 4332 quod
2253 4260 2506 4316 ineunda:
2533 4259 2685 4330 pacis
2726 4259 3078 4315 occasionem
3110 4257 3260 4312 illam
3297 4257 3399 4312 sibi
3437 4256 3664 4312 nolebat

369 4351 514 4428 δόξῃ,
545 4354 643 4406 καὶ
671 4352 998 4424 διελύθησαν
1043 4351 1206 4406 πάλιν
1234 4353 1318 4416 είς
1346 4351 1488 4424 ἔργα
1527 4353 1774 4423 πολέμου
1795 4397 1810 4420 ,
1839 4354 1966 4420 τοὺς

2073 4355 2360 4424 auiugere.
2387 4354 2642 4410 Obtinuit
2667 4363 2851 4410 tamen
2900 4363 3130 4410 senatus
3162 4351 3458 4415 sententia,
3494 4365 3661 4421 quam

369 4445 560 4514 λόγους
609 4446 1007 4508 καταλιπόντες
1059 4443 1329 4515 γυμνούς.
1378 4444 1491 4500 Καὶ
1539 4443 1687 4498 τοῦτ’
1739 4445 1966 4510 είκότως

2073 4449 2428 4507 TheoctiStus
2479 4448 2741 4520 magister
2801 4456 3128 4517 sequeretur
3178 4462 3246 4503 ac
3291 4446 3381 4502 cui
3435 4446 3546 4502 vim
3598 4461 3663 4503 ac

373 4540 545 4610 ίφάνη
587 4539 778 4595 καλόνο
822 4537 910 4612 [Ρ.
964 4537 1022 4612 9]
1056 4537 1176 4603 πῶς
1204 4538 1316 4610 γὰρ
1353 4539 1422 4594 ἄν
1452 4556 1538 4604 τις
1582 4539 1966 4611 φιλάνθρωπος

2073 4544 2291 4615 pondus
2314 4543 2645 4598 auctoritate
2672 4556 2772 4596 sua
2797 4541 3085 4610 adjiceret.
3132 4540 3339 4596 lterum
3372 4553 3507 4610 ergo
3536 4539 3664 4593 reli-

371 4633 497 4707 δόξῃ
528 4635 627 4688 καὶ
655 4632 954 4704 συμπαθὴς
980 4634 1076 4688 τόν
1104 4649 1170 4700 γε
1200 4632 1293 4688 διά
1317 4649 1440 4686 τινα
1473 4633 1751 4704 σφαλέντα
1782 4635 1848 4708 δὴ
1876 4652 1971 4688 πε-

376 4727 659 4798 ριπέτειαν
697 4729 793 4780 καὶ
815 4727 915 4798 τὴν
942 4723 1142 4782 ἑαυτοῦ
1175 4725 1278 4799 μὲν
1309 4727 1696 4799 ἀρνησάμενον
1734 4729 1965 4800 ἐνεγκα-

377 4821 567 4892 μένην,
599 4816 670 4892 ἧς
703 4819 861 4875 οὐδὲν
891 4819 1139 4888 γλύκων,
1172 4820 1250 4884 ὥς
1288 4837 1446 4889 φασι,
1480 4819 1616 4893 πρὸς
1649 4820 1707 4875 δὲ
1737 4821 1832 4877 καὶ
1867 4838 1970 4892 γα·

377 4915 544 4984 μετῆν
578 4930 639 4966 τε
679 4914 776 4966 καὶ
812 4913 1038 4980 ἔγγονα,
1085 4913 1160 4978 ὡς
1202 4915 1284 4978 είς
1329 4913 1531 4969 ἄσυλον
1576 4917 1970 4985 καταφυγόντα

375 5005 558 5076 βωμὸν
579 5009 647 5076 τῇ
671 5007 780 5061 τῶν
816 5006 1111 5077 Ῥωμαίων
1140 5006 1412 5078 πολιτείᾳ,
1437 5006 1632 5062 τοῦτον
1654 5010 1966 5065 ἐκδίδοσθαι

375 5102 618 5174 ὠμότητι
665 5102 912 5169 Σκυθῶν,
947 5101 1157 5174 θηρίων
1199 5102 1598 5174 διενηνοχότων
1643 5105 1832 5171 ούδέν;
1881 5100 1967 5172 οἷς

376 5198 480 5267 γὰρ
507 5197 572 5251 τὸ
602 5196 838 5268 φοϐερὸν
867 5197 965 5251 καὶ
993 5195 1187 5269 ἄγριον
1213 5195 1419 5268 δρῶσιν
1451 5198 1635 5252 αὐτῶν
1664 5199 1796 5264 τοὺς
1836 5199 1968 5253 πολ-

373 5289 496 5354 λοὺς
541 5289 618 5361 μὴ
665 5289 1045 5360 ὑποφέροντας
1095 5288 1191 5344 καὶ
1239 5287 1331 5344 διὰ
1379 5291 1543 5344 τοῦτο
1587 5290 1967 5362 ἀπορῤέοντας

378 5385 514 5452 πρὸς
546 5381 608 5437 τό
641 5381 853 5453 ἥμερον
892 5383 990 5436 καὶ
1034 5383 1214 5453 πρᾶον
1247 5382 1409 5455 ημῶν
1439 5384 1687 5456 συχνιῖκ,
1721 5386 1820 5440 ᾶτε
1863 5385 1965 5458 δὴ,

379 5475 620 5549 μὴκατὰ
645 5475 843 5546 μικρὸν
861 5474 1100 5529 λάθωσιν
1123 5475 1354 5540 ἑαυτοὺς
1369 5474 1524 5546 ιπρδς
1558 5478 1708 5550 ἡμᾶς
1728 5479 1968 5533 ἐκκενώ-

378 5585 591 5635 σαντες,
647 5568 882 5633 δεδιότες
927 5569 979 5622 oi
1022 5569 1179 5639 σφῶν
1218 5569 1459 5642 ἀρχηγοὶ
1498 5569 1594 5625 τὸν
1636 5571 1804 5627 πολὺν
1837 5573 1968 5644 περὶ

376 5659 583 5716 τούτων
632 5659 798 5727 λόγον
833 5659 1100 5727 πολλάκις
1133 5660 1231 5714 καὶ
1284 5660 1483 5733 μέχρις
1522 5661 1684 5735 ἡμῶν
1735 5669 1966 5740 κεκινή-

2071 4637 2177 4692 etis
2206 4634 2500 4707 colloquiis
2527 4633 2597 4690 ad
2628 4633 2754 4689 belli
2778 4632 2956 4688 aleam
2993 4643 3311 4689 revocatum
3340 4633 3616 4703 negotium
3645 4650 3662 4696 ;

2073 4731 2239 4801 idque
2268 4730 2445 4801 magis
2466 4729 2663 4785 decere
2685 4729 2881 4783 merito
2900 4727 3208 4797 iudicatum
3237 4734 3342 4784 est.
3376 4726 3668 4793 Quomodo

2071 4825 2219 4879 enim
2255 4839 2367 4879 non
2400 4837 2620 4878 omnem
2650 4821 3016 4877 humanitatis
3039 4836 3267 4878 sensum
3295 4820 3524 4877 exuisse
3570 4834 3662 4874 ar~

2071 4919 2363 4975 bitrandus
2399 4928 2504 4981 est,
2532 4916 2628 4987 qui
2661 4916 2940 4972 hominem
2977 4930 3112 4972 casu
3143 4914 3333 4983 aliquo
3363 4922 3461 4970 aut
3501 4911 3670 4967 vicis-
3747 4927 3749 4930 ‘

2073 5015 2314 5069 situdine
2337 5015 2391 5068 in
2416 5027 2658 5069 errorem
2685 5012 3028 5084 prolapsum,
3049 5010 3364 5080 patriaque,
3392 5021 3502 5077 qua
3529 5004 3666 5059 nihil

2075 5107 2294 5162 dulcius
2323 5120 2447 5161 esse
2489 5105 2665 5170 aiunt,
2718 5110 3060 5174 contempta,
3106 5101 3176 5157 ad
3223 5100 3342 5156 haec
3400 5111 3575 5153 uxore
3609 5103 3667 5151 et

2075 5199 2286 5267 liberis,
2307 5214 2406 5254 ceu
2436 5198 2504 5254 ad
2525 5213 2654 5253 aras
2676 5196 2731 5252 in
2741 5196 3042 5261 violabiles,
3062 5194 3130 5250 ad
3149 5192 3412 5266 Romana
3435 5188 3666 5246 ditionis

2073 5295 2196 5351 loca
2256 5294 2690 5364 confugientem,
2747 5290 3019 5362 Scythica:
3078 5290 3258 5360 gentis
3308 5283 3665 5348 immanitati',

2079 5389 2245 5458 cujus
2277 5402 2308 5443 a
2339 5385 2472 5443 ieris
2499 5386 2635 5441 nihil
2664 5385 2878 5440 indoles
2905 5382 3143 5446 dillerat.
3177 5380 3464 5437 dedendos
3488 5387 3658 5450 puta-

2079 5479 2265 5536 verit?
2303 5495 2430 5534 cum
2471 5478 2618 5534 enim
2647 5476 2924 5533 terribiles
2961 5482 3261 5542 trucesque
3290 5486 3356 5527 ac
3387 5468 3490 5525 feri
3525 5468 3662 5531 sint,

2080 5572 2283 5629 multus
2339 5585 2569 5627 suorum
2635 5569 2688 5624 id
2739 5582 2848 5623 non
2888 5565 3128 5622 ferentes
3174 5564 3241 5620 ad
3275 5561 3556 5620 leuitatem
3607 5568 3666 5615 et

2076 5665 2558 5727 mansuetudinem
2586 5672 2835 5723 nostram
2868 5673 3246 5733 saepenumero
3274 5653 3512 5713 transire
3539 5651 3660 5709 ani-

1661 5759 1891 5826 VARMS
1939 5768 2344 5830 LECTIONI‘JS.

451 5851 493 5882 ’δ
526 5849 847 5921 ἐκτραφείς]
877 5865 944 5907 au
985 5850 1315 5924 ἐντραφείςῗ
1395 5854 1435 5886 ³³
1470 5853 1637 5918 δλοςί
