3958 6034
258 254 330 318 21
1411 268 1512 329 ΤΗ
1521 266 1766 329 ΕΟΡΗΑ
1779 265 1856 329 Νι

1962 267 2176 330 CONT]
2191 270 2526 334 NUATUS.
3487 273 3562 332 28

260 369 637 426 madvertuot.
691 370 770 427 Ne
791 373 960 444 igitur
1007 376 1266 433 universa
1317 379 1567 450 ipsorum
1611 395 1747 452 gens
1799 380 1855 435 in

1965 397 2153 436 κασιν.
2197 384 2362 441 Ἀλλά
2387 383 2575 458 κενὴν,
2599 387 2663 441 ei:
2691 386 2760 458 δὴ
2787 386 3084 459 λεγόμενον
3113 387 3257 443 κατά
3287 385 3388 457 τὴν
3414 403 3561 458 παρ·

261 472 506 520 instram
535 465 799 536 paulatim
831 482 954 523 sese
979 468 1251 535 cﬂ'untlat,
1279 473 1442 527 veriti
1472 487 1666 529 eorum
1703 474 1856 543 prin-

1984 477 2199 546 οιμίαν,
2227 477 2454 551 ἔψηλαν,
2486 479 2802 552 ἀνθρώποις
2834 481 3153 552 ἐντυχόντες
3181 481 3453 551 στερροῖς.

263 558 418 629 cipes
449 563 652 633 sepius
685 573 740 618 et
767 564 833 618 ad
873 576 1120 620 nostram
1154 584 1330 638 usque
1376 577 1595 624 aetatem
1654 568 1861 624 multos
1901 569 1969 623 de
2011 570 2115 627 hac
2166 588 2226 629 re
2271 589 2559 632 sermones
2609 586 2920 632 moverunt.
2954 573 3012 629 in
3082 588 3284 629 vanum
3355 582 3561 636 tamen,

262 654 412 722 quod
463 658 749 712 communi
825 657 1002 714 fertur
1061 661 1278 731 sdagio,
1340 665 1682 730 cecinerunt,
1738 662 1889 717 viros
1937 665 2083 719 nacti
2115 665 2258 721 firmi
2286 669 2582 739 propositi,
2607 680 2662 724 et
2691 670 2786 740 qui
2831 686 2862 724 a
2914 668 3189 725 sententia
3223 680 3335 723 non
3401 663 3566 720 facile

263 751 701 807 dimoverentur.

336 845 390 901 6.
431 843 590 901 Brevi
628 849 817 917 itaque
862 860 1140 906 cessatum
1173 870 1353 919 mora,
1408 855 1695 924 ambaeque
1732 867 1858 908 mox

265 947 456 1010 gentes
482 937 549 992 ad
580 953 732 992 arma
757 955 1114 999 concurrere.
1154 943 1211 999 in
1244 946 1332 1001 his
1356 945 1589 1001 Michael
1621 949 1859 1016 legatum

265 1047 427 1088 suum
459 1034 658 1088 reverti
678 1034 855 1103 jubet,
888 1050 1068 1107 exque
1097 1037 1323 1095 Oriente
1346 1056 1471 1095 cum
1498 1041 1670 1109 copiis
1692 1057 1858 1112 quam

264 1126 375 1179 cito
405 1127 780 1184 transmittere
814 1145 828 1182 :
865 1129 1150 1186 enimvero
1181 1148 1291 1202 quo
1317 1149 1376 1190 se
1411 1137 1662 1207 adjutore
1718 1153 1860 1193 usu-

266 1234 391 1273 rum
439 1221 798 1290 exspectabat
835 1223 1074 1293 bellique
1115 1225 1286 1292 socio,
1320 1228 1718 1295 implacabilem
1758 1232 1862 1305 14

265 1310 479 1365 hostem
505 1310 751 1367 oil'endit.
783 1312 922 1367 Cum
953 1315 1100 1370 enim
1122 1332 1187 1370 ex
1221 1317 1511 1375 verborum
1531 1323 1623 1376 illa
1643 1323 1860 1394 jactan-

268 1406 340 1458 tia
377 1421 441 1460 ac
463 1403 731 1463 Romanis
772 1409 1061 1465 intentatis
1103 1413 1289 1477 minis,
1327 1417 1526 1484 quibus
1551 1433 1611 1474 se
1659 1420 1858 1475 Crum-

265 1516 372 1556 nus
396 1502 683 1560 hominum
719 1512 960 1576 stragem
985 1506 1278 1575 facturum,
1308 1526 1468 1583 agros
1491 1526 1856 1586 vastatorem,

267 1596 495 1652 arbores
515 1599 856 1664 excisurum,
882 1599 1078 1655 domos
1102 1633 1104 1636 -
1127 1618 1549 1674 succensurom,
1597 1612 1858 1666 omnino-

263 1701 372 1755 que
398 1690 655 1746 torrentis
687 1707 857 1757 more,
880 1693 1116 1749 violento
1139 1696 1190 1750 in
1223 1713 1324 1753 nos
1349 1699 1577 1770 impetu,
1601 1701 1862 1774 irruptio-

265 1794 391 1834 nem
436 1795 493 1837 se
524 1782 798 1839 facturum
856 1785 1168 1842 afﬁrmabat
1205 1803 1267 1844 ac
1299 1805 1493 1846 omnes
1528 1794 1630 1849 sub
1667 1795 1860 1866 jugulo

264 1873 591 1940 missurum,
627 1877 907 1933 animatus
937 1880 1239 1948 imperator
1267 1893 1519 1953 suscepta
1550 1885 1664 1953 jam
1700 1903 1862 1957 expe-

264 1965 493 2032 ditione,
532 1971 755 2026 modum
791 1986 1009 2026 omnem
1051 1974 1385 2030 excedentes
1416 1975 1643 2034 Barbari
1678 1982 1861 2040 minas

265 2060 710 2126 compressisset,
730 2063 933 2132 virque
956 2080 1063 2118 non
1088 2071 1203 2121 suis
1231 2084 1291 2122 se
1320 2069 1524 2124 finibus
1550 2074 1858 2140 continere,

265 2165 369 2206 nec
397 2151 526 2208 inde
559 2170 924 2227 prorumpere
974 2175 1251 2230 agrosque
1303 2160 1588 2220 Romanos
1641 2177 1861 2221 vastare

265 2247 536 2318 coegisset
555 2254 900 2323 ;s:epiusque
923 2264 1255 2324 provocante
1283 2252 1563 2323 Michacle,
1589 2258 1860 2316 instructa

269 2337 325 2392 in
370 2354 496 2394 eum
528 2343 668 2408 acie,
708 2361 903 2415 pugnae
935 2347 980 2401 is
1033 2345 1207 2424 aleam
1260 2362 1576 2418 compressa
1631 2352 1859 2408 audacia

266 2429 655 2499 dctrectasset,
681 2436 814 2502 quin
855 2438 965 2492 imo
1001 2439 1147 2494 vires
1193 2454 1324 2517 suas
1374 2453 1720 2511 agnosceret,
1760 2461 1860 2504 nec

266 2523 532 2580 adversus
564 2529 954 2597 imperatorem
985 2547 1211 2587 manum
1253 2549 1552 2592 conserere
1583 2537 1812 2596 auderet
1841 2559 1856 2609 ;

265 2616 518 2675 suﬂicere
538 2620 791 2676 Michaeli
817 2625 1124 2692 videbatur,
1151 2627 1298 2697 quod
1337 2629 1681 2687 barbaricam
1709 2634 1858 2689 illam

265 2710 530 2770 ferociam
574 2729 638 2769 ac
671 2718 1036 2773 temeritatem
1071 2721 1191 2776 suis
1240 2723 1392 2777 velut
1445 2726 1698 2780 terminis
1738 2727 1860 2782 sine

264 2819 472 2873 pugna,
534 2807 694 2875 cujus
761 2809 1006 2865 incertus
1058 2813 1243 2868 exitus
1293 2822 1398 2878 est,
1467 2817 1855 2873 conclusisset.

271 2916 291 2948 ε
320 2897 741 2963 Quandoenim,
767 2904 968 2968 aiebat,
1002 2905 1206 2974 quibus
1226 2905 1350 2961 freti
1377 2909 1556 2977 cepiis
1577 2926 1771 2965 sumus
1789 2912 1856 2966 ad

263 3007 500 3063 pugnam
526 2996 977 3052 committendam
1004 3000 1188 3053 excire
1242 3017 1352 3055 non
1404 3004 1707 3072 possimus,
1761 3007 1854 3061 sed

2042 853 2120 918 ς’.
2161 855 2471 927 Τοιγαροῦν
2523 857 2723 928 μικρὸν
2768 855 3111 920 διαλιπόντες
3152 853 3275 909 κατ’
3311 853 3562 924 ἀλλήλων

1962 945 2301 1009 ὁπλίζονται.
2349 948 2462 1002 Καὶ
2501 948 2723 1020 Μιχαὴλ
2767 947 2861 1002 τὸν
2893 947 3091 1002 ἑαυτοῦ
3139 947 3561 1018 ὑποστράτηγον

1963 1037 2169 1091 Λέοντα
2200 1038 2500 1109 ἐπανάγειν
2531 1040 2628 1094 καὶ⁵
2669 1039 3130 1110 διαπεραιοῦσθαι
3161 1043 3228 1094 ὲκ
3264 1039 3369 1110 τῆς
3397 1030 3562 1093 Ἀνα-

1962 1131 2130 1203 τολῆς
2174 1132 2372 1187 θᾶττον
2425 1134 2581 1205 ὴξίου
2610 1135 2752 1206 μετά
2805 1136 2902 1190 καὶ
2942 1136 3057 1191 τῶν
3101 1136 3408 1207 δυνάμεωνο
3463 1134 3563 1188 καὶ

1970 1225 2152 1296 βοηθῷ
2207 1226 2421 1296 μέλλων
2479 1229 2724 1300 χρῆσθαι
2794 1230 2945 1301 αὐτῷ
3012 1230 3209 1302 ἐχθρὸν
3263 1228 3565 1285 κατέλαϐεν

1967 1319 2260 1374 ἄσπονδον.
2307 1319 2396 1386 Ὠς
2420 1321 2531 1394 γὰρ
2565 1325 2628 1378 ἐκ
2650 1322 2759 1378 τῶν
2786 1323 3150 1395 μεγαλαύχων
3179 1323 3446 1396 ῥημάτων
3466 1321 3562 1378 καὶ

1967 1413 2210 1468 ἀπειλῶν
2236 1407 2311 1468 ὧν
2348 1417 2492 1472 κατά
2525 1415 2818 1486 Ῥωμαίων
2841 1421 2872 1472 ό
2916 1417 3206 1489 Κροῦμνος
3236 1417 3564 1488 ἀπέπεμπε.

1970 1504 2206 1575 φθόρους
2250 1509 2524 1578 σωμάτων
2571 1509 2893 1564 επαπειλῶν
2936 1511 3032 1566 καὶ
3071 1512 3175 1582 γῆς
3219 1509 3422 1581 δῄωσιν
3464 1507 3564 1564 καὶ

1966 1596 2204 1668 δένδρων
2253 1601 2497 1671 ἐκτομὰς
2532 1603 2631 1658 καὶ
2675 1604 2996 1673 οἰκημάτων
3040 1601 3415 1674 πυρπόλησιν,
3467 1598 3564 1656 καὶ

1970 1688 2110 1753 ὅλως
2135 1689 2259 1746 καθ’
2285 1691 2449 1763 ἡμῶν
2475 1689 2568 1747 οἷά
2613 1710 2698 1757 τις
2742 1693 3079 1764 χειμάρρους
3108 1693 3357 1762 ποταμὸς
3392 1691 3563 1763 φερό-

1970 1798 2133 1850 μενος
2176 1783 2390 1848 πάντας
2418 1785 2510 1854 ὑφ’
2541 1786 2744 1841 ἑαυτὸν
2781 1787 3010 1856 ποιῆσαι
3048 1785 3382 1854 διεσεϐαίου,
3428 1786 3559 1858 ἄρτι

1963 1874 2028 1946 δὴ
2058 1873 2154 1929 τοῦ
2189 1874 2460 1944 βασιλέως
2493 1879 3000 1952 ἐκστρατεύσαντος
3045 1880 3143 1934 καὶ
3173 1879 3570 1945 συστείλαντος

1963 1965 2063 2028 τὰς
2105 1967 2434 2041 ὑπερορίους
2465 1969 2680 2034 ὲκείνας
2728 1970 2988 2036 ἀπειλὰς,
3021 1970 3116 2025 καὶ
3151 1971 3314 2041 μόνον
3352 1971 3417 2024 οὐ
3446 1973 3562 2037 τοῖς

1963 2059 2190 2121 οἰκείοις
2235 2060 2384 2132 ὅροις
2431 2062 2695 2133 ἐμμένειν
2739 2065 3279 2131 καταναγκάζοντος,
3305 2064 3422 2118 ἀλλ’
3457 2064 3561 2119 οὐκ

1962 2150 2211 2220 ἐκπηδᾷν
2232 2152 2328 2205 καὶ
2354 2153 2455 2224 τὴν
2477 2153 2518 2187 ¹⁸
2539 2153 2820 2226 ἡμετέραν
2845 2155 3151 2226 ληῖζεσθαι,
3178 2156 3273 2210 καὶ
3295 2154 3560 2219 πολλάκις

1963 2243 2028 2295 ὲκ
2071 2244 2438 2314 παρατάξεως
2481 2248 2974 2318 προσκαλουμένου
3030 2247 3133 2318 μὲν
3173 2249 3270 2302 τοῦ
3315 2247 3558 2319 Μιχαὴλ,

1961 2337 2176 2391 ἐκείνου
2204 2338 2261 2391 δὲ
2302 2338 2380 2410 μὴ
2431 2340 3013 2411 ἀπαυθαδιαζομένου,
3051 2343 3189 2398 ἀλλά
3230 2342 3333 2417 τὴν
3349 2345 3560 2399 οἰκείαν

1960 2429 2421 2498 ἐπιγινώσκοντος
2463 2433 2757 2488 ἀσθένειαν
2797 2437 2896 2489 καὶ
2931 2437 3010 2508 μὴ
3061 2438 3204 2508 πρὸς
3252 2438 3482 2510 βασιλέα
3512 2439 3559 2474 ¹⁶

1961 2525 2118 2594 χεῖρα
2140 2525 2374 2598 ἀντᾶραι
2398 2530 2877 2600 κατατολμῶντος,
2897 2531 3073 2585 ἐδόκει
3093 2534 3194 2603 μὲν
3220 2532 3302 2603 τῷ
3333 2533 3560 2607 Μιχαὴλ

1960 2617 2251 2687 ἀρκεῖσθαι
2279 2620 2341 2674 τὸ
2370 2625 2649 2692 προπετὲς
2697 2624 2912 2679 ἐκείνου
2964 2625 3061 2678 καὶ
3091 2623 3324 2692 αὔθαδες
3357 2628 3419 2680 ὲν
3441 2631 3560 2695 τοις

1961 2711 2055 2764 ὑπ’
2085 2712 2252 2767 αὑτοῦ
2287 2716 2333 2747 ¹⁷
2366 2718 2812 2772 κατακλείει-αντα
2833 2759 2849 2784 ,
2883 2719 2961 2790 μὴ
2997 2718 3092 2773 καὶ
3123 2721 3306 2792 μάχην
3330 2724 3560 2778 ἐπισυν-

1960 2804 2113 2873 άψαι,
2143 2806 2218 2872 ὡς
2262 2809 2462 2880 ἀδήλου
2491 2811 2648 2876 ὄντος
2680 2812 2776 2866 τοῦ
2813 2813 3122 2883 μέλλοντος·
3161 2833 3180 2865 ι
3229 2815 3386 2868 Ἐπεὶ
3425 2815 3557 2890 γὰρ,

1959 2899 2168 2968 ἔλεγεν,
2229 2903 2294 2956 ἐκ
2326 2906 2695 2974 παρατάξεως
2737 2907 2901 2977 ἡμῶν
2930 2908 3031 2961 οὐκ
3062 2910 3142 2973 είς
3186 2909 3426 2982 πόλεμον
3454 2905 3560 2966 οἷοί

1958 2992 2019 3043 τέ
2064 2992 2234 3062 ἐσμεν
2263 2995 2709 3060 ἐκκαλέσασθαι,
2739 2999 2877 3054 ἀλλά
2925 3004 3273 3073 φυγομαχεῖν
3320 3003 3418 3058 καὶ
3463 3003 3557 3075 ἀφ’

260 3101 384 3139 eam
417 3087 722 3144 detrectare
751 3094 977 3162 suisque
1006 3108 1068 3148 se
1098 3094 1303 3149 ﬁnibus
1352 3097 1640 3153 continere
1684 3115 1852 3168 coga-

1963 3083 2159 3137 ἑαυτοῦ
2210 3086 2252 3118 ⁸⁸
2310 3087 2494 3156 μένειν
2543 3089 2956 3160 ἀναγκάζομεν,
3009 3091 3062 3146 τί
3107 3094 3204 3145 καὶ
3253 3092 3561 3164 δράσαιμεν

265 3198 408 3245 mus,
437 3183 568 3252 quid
594 3186 761 3238 etiam
801 3202 1027 3241 necesse
1061 3198 1119 3243 ut
1163 3188 1229 3244 ad
1263 3190 1654 3258 experiendum
1710 3194 1855 3249 Mar-

263 3286 371 3330 tem
416 3281 722 3345 cOgamus?
759 3300 775 3331 ι
808 3280 943 3335 Cum
978 3285 1164 3353 itaque
1197 3286 1401 3339 sensim
1439 3287 1627 3354 pedem
1659 3288 1860 3343 referre

262 3373 639 3443 paulatimque
693 3373 1008 3430 Romanum
1075 3379 1255 3433 solum
1318 3390 1564 3450 repetere
1629 3382 1859 3438 Michael

262 3467 549 3536 cogitaret,
585 3467 702 3521 visa
737 3483 828 3522 res
861 3469 1080 3536 indigna
1115 3470 1307 3535 Leoni,
1334 3487 1436 3529 nec
1457 3488 1523 3526 ex
1557 3473 1860 3544 imperato-

264 3559 340 3612 ris
373 3559 603 3613 Romani
632 3561 937 3629 majestate,
965 3573 1112 3631 terga
1147 3564 1398 3620 hostibus
1447 3575 1683 3623 vertere.
1744 3568 1859 3626 Hoc

262 3653 410 3708 enim
454 3651 563 3707 Leo
588 3655 862 3724 Optimum
891 3656 1027 3710 illud
1061 3657 1414 3726 imperatoris
1440 3661 1731 3715 consilium
1765 3662 1857 3715 di-

261 3747 443 3812 ccbat,
471 3750 618 3816 quod
649 3749 910 3803 nimirum
954 3764 1061 3804 non
1092 3761 1249 3806 recte
1275 3768 1342 3808 ac
1368 3754 1583 3810 sincere
1604 3757 1856 3825 sentiret,

262 3840 359 3894 sed
391 3841 537 3909 putri
573 3841 794 3912 dolique
817 3844 980 3912 pleno
1006 3844 1263 3906 consilio,
1295 3861 1466 3900 unum
1497 3847 1600 3903 hoc
1630 3849 1858 3904 molire-

263 3944 376 3998 tur,
417 3934 569 3988 utin
618 3949 678 3990 se
724 3951 910 3990 rerum
966 3952 1241 3993 summam
1294 3939 1637 3996 transferret.
1692 3941 1856 4009 Sane,

262 4030 463 4094 aiebat,
499 4030 809 4097 imperator,
865 4031 1120 4085 movenda
1160 4035 1312 4087 nobis
1359 4035 1412 4087 in
1455 4034 1556 4105 15
1585 4051 1671 4090 eos
1703 4037 1856 4106 signa

260 4129 425 4186 sunt;
457 4119 756 4191 videbisque
783 4138 864 4176 me
896 4123 1077 4192 palam
1122 4125 1281 4177 hodie
1312 4126 1473 4179 robur
1511 4142 1574 4179 ac
1621 4128 1755 4181 viret
1800 4128 1857 4183 in

261 4219 436 4270 hostes
465 4230 723 4277 exserere,
753 4225 944 4284 tuaque
969 4216 1039 4268 ad
1070 4217 1325 4284 ﬁduciam
1348 4227 1481 4272 nutu
1512 4220 1856 4290 precibusque

263 4309 480 4377 fretum,
511 4309 565 4361 in
585 4309 770 4376 primis
800 4310 1073 4362 ordinibus
1091 4318 1304 4364 strenue
1325 4313 1693 4379 dimicantem,
1713 4331 1857 4383 prte-

267 4403 416 4458 clare
467 4404 718 4457 victorem
777 4403 910 4471 fore.
962 4402 1058 4459 His
1105 4403 1335 4460 Michael
1373 4406 1559 4462 verbis
1603 4421 1635 4462 a
1671 4423 1768 4462 sua
1799 4409 1853 4464 in

1964 3175 2276 3249 βιαζόμενοι
2299 3198 2349 3247 ς»
2374 3180 2474 3234 Διά
2502 3181 2663 3236 τοῦτο
2694 3180 2787 3238 οὖν
2815 3185 3208 3258 παλινδρομεῖν
3238 3188 3423 3259 ἠρέμα
3439 3203 3562 3254 πως

1962 3272 2054 3323 καὶ
2083 3273 2224 3327 κατά
2257 3275 2459 3346 μικρὸν
2489 3277 2626 3349 πρὸς
2654 3278 2754 3350 τὴν
2782 3278 2995 3334 οίκείαν
3047 3281 3328 3352 βασιλείαν
3367 3282 3559 3353 βουλο·

1964 3364 2151 3432 μένου,
2180 3368 2432 3438 ἀπρεπὲς
2481 3371 2657 3444 ἐφάνη
2707 3373 2786 3443 τῷ
2813 3373 3008 3429 Λέοντι
3053 3374 3154 3428 καὶ
3183 3373 3246 3428 οὗ
3285 3374 3428 3432 κατὰ
3460 3375 3560 3447 βα-

1963 3457 2115 3510 σιλέα
2156 3460 2445 3530 Ῥωμαίων
2471 3463 2620 3519 νῶτα
2646 3465 2850 3520 διδόναι
2876 3470 2993 3531 τοῖς
3019 3468 3258 3539 ἐχθροῖς,
3291 3468 3436 3526 οὕτω
3468 3486 3562 3524 κα·

1961 3547 2143 3602 λοῦντι
2171 3552 2393 3624 ἐκείνην
2421 3555 2523 3624 τὴν
2564 3555 2866 3628 καλλίστην
2895 3559 3095 3630 βουλὴν
3128 3559 3216 3632 [Ρ.
3258 3559 3348 3632 10]
3371 3559 3452 3631 τῷ
3479 3562 3562 3634 μὴ

1960 3641 2099 3713 ὀρθὰ
2131 3646 2254 3715 μηδ’
2285 3647 2418 3715 ὑγιᾶ
2445 3651 2690 3719 φρονεῖν,
2729 3651 3133 3723 σεσαϐρωμένα
3162 3652 3218 3706 δὲ
3237 3654 3332 3708 καὶ⁵
3377 3653 3561 3721 δόλια,

1962 3738 2059 3790 καὶ
2088 3739 2218 3810 ὅλην
2253 3741 2342 3810 ὑφ’
2374 3743 2568 3796 ἑαυτὸν
2602 3743 2831 3815 ποιῆσαι
2863 3745 2964 3816 τὴν
2991 3744 3104 3798 τῶν
3138 3746 3430 3817 Ῥωμαίων
3459 3763 3567 3817 με-

1959 3829 2184 3884 λετῶντι
2204 3833 2525 3906 ἡγεμονίαν.
2545 3837 2701 3891 Ἀλλ’
2721 3837 2961 3906 ἰτητέον
2997 3838 3127 3910 ἔφη,
3145 3837 3296 3906 πρὸς
3311 3838 3561 3908 αὐτοὺς,

1958 3917 2304 3991 ὧβασιλεῦ,
2324 3929 2423 3982 καί
2444 3928 2582 3998 ὄψει
2597 3947 2674 3998 με
2693 3930 2967 4001 σήμερον
2979 3933 3042 3985 τὸ
3061 3932 3279 4001 κράτος
3289 3931 3565 4002 καθαρῶς

1958 4017 2381 4089 ἀναδούμενον
2415 4025 2569 4077 κατὰ
2592 4023 2954 4094 τῶνὲχθρῶν
2971 4025 3070 4080 καὶ
3092 4025 3425 4096 νικηφόρον
3446 4028 3563 4082 δει-

1959 4128 2267 4181 κνυμενον
2288 4154 2303 4176 ,
2333 4112 2411 4184 τῇ
2451 4114 2540 4185 σῇ
2580 4118 3079 4187 καταθαρῤοῦντα
3119 4120 3221 4174 καὶ
3261 4126 3565 4193 προπολε-

1953 4203 2550 4275 μοῦνταπεποιθήσει
2597 4226 2663 4263 τε
2698 4211 2800 4265 καὶ
2821 4210 3000 4281 εὐχῇ.
3030 4213 3256 4279 Τούτοις
3283 4217 3312 4269 ό
3337 4215 3562 4289 Μιχαὴλ

1955 4302 2069 4363 τοῖς
2097 4297 2278 4368 λόγοις
2311 4301 2613 4372 ικτραπείς
2631 4320 2692 4358 τε
2718 4304 2815 4358 καὶ
2830 4305 3273 4376 παρασαλευθιὶς
3291 4308 3562 4381 συρρἣαι

1961 4395 2406 4464 παρεκελεύσατο
2444 4398 2538 4452 τὸν
2580 4398 2843 4469 πόλεμον.
2907 4400 2996 4465 Ὠς
3032 4400 3091 4455 δὲ
3132 4402 3297 4473 μόνον
3336 4404 3561 4473 ἐγένετο

257 4495 541 4549 diversum
587 4503 748 4548 actus
796 4495 1070 4549 sententia
1111 4510 1351 4567 pugnam
1402 4498 1619 4553 conseri
1667 4499 1855 4569 jussit.

1964 4488 2208 4560 συμϐολὴ
2230 4529 2245 4552 ,
2278 4491 2425 4545 νῶτα
2451 4491 2577 4555 δοὺς
2606 4495 2636 4546 ό
2666 4494 2820 4548 Λέων
2860 4492 2964 4567 τὴν
2998 4493 3304 4564 φυγαδείαν
3365 4496 3560 4567 ἠσπά-

261 4588 496 4658 Moxque
521 4590 697 4659 prima
725 4590 847 4658 ipsa
880 4590 1276 4659 congressione
1302 4589 1414 4644 Leo
1449 4600 1601 4661 terga
1633 4600 1858 4668 vertens

258 4680 447 4751 fugam
482 4681 741 4750 capessit,
775 4681 979 4750 quippe
1008 4681 1352 4750 tyrannidem
1391 4683 1652 4739 continue
1680 4682 1855 4738 medi-

257 4784 407 4839 tans,
430 4777 536 4830 etsi
564 4775 832 4831 hactenus
859 4774 980 4844 ejus
1013 4774 1117 4827 hoc
1142 4774 1439 4829 consilium
1473 4784 1586 4830 tum
1614 4776 1856 4834 Michae-

261 4871 393 4932 lrm,
428 4881 541 4923 tum
569 4869 1028 4923 bosteslatuerat.
1064 4866 1218 4933 Quod
1246 4869 1394 4922 enim
1421 4868 1554 4922 nihil
1587 4870 1853 4927 hactenus

261 4961 573 5018 istiusmodi
605 4962 936 5030 contigerat,
989 4961 1173 5028 qualia
1205 4959 1374 5030 praelii
1411 4962 1492 5015 vis
1527 4961 1722 5018 all'crre
1755 4979 1852 5019 so-

259 5058 354 5122 ιρι,
387 5057 710 5124 nullumque
737 5054 858 5108 belli
897 5053 1112 5107 facinus
1157 5053 1367 5111 utravis
1405 5055 1553 5109 acies
1585 5065 1850 5126 gesserat,

259 5153 353 5209 sed
387 5153 596 5222 primus
625 5152 741 5219 ipse
769 5148 1061 5204 conflictus
1108 5149 1448 5213 vertebatur,
1484 5149 1683 5217 vixque
1719 5150 1852 5205 dum

260 5244 497 5314 «spisse
527 5241 844 5297 conﬂictum
908 5251 1092 5310 partes
1124 5240 1503 5304 advertebant,
1559 5250 1673 5294 tum
1715 5241 1851 5311 ipsis

260 5337 518 5408 Bulgaris
551 5345 665 5388 tum
697 5335 920 5402 reliquis
959 5333 1216 5389 Omnibus
1241 5349 1327 5388 res
1355 5335 1515 5388 dolus
1545 5334 1851 5401 videbatur,

256 5432 444 5500 qualis
479 5429 717 5487 hostium
750 5442 873 5483 esse
925 5427 1101 5483 solet:
1134 5443 1330 5497 nempe
1375 5443 1406 5482 a
1457 5444 1557 5482 sua
1590 5429 1712 5482 illas
1736 5430 1852 5485 dis-

259 5524 564 5577 trahentem
601 5521 742 5582 acie,
793 5534 1061 5574 conversa
1110 5522 1327 5575 demum
1377 5521 1430 5574 in
1463 5534 1557 5574 eos
1604 5534 1671 5574 ex
1720 5519 1847 5591 fuga

257 5616 462 5680 fronte,
502 5614 900 5681 velleirrucre,
933 5611 1024 5666 ubi
1055 5619 1238 5666 autem
1288 5613 1465 5667 amba:
1519 5612 1662 5667 acies
1708 5614 1844 5668 nihil

1960 4596 2115 4647 σατο,
2138 4581 2238 4652 τὴν
2275 4583 2557 4653 βασιλείαν
2595 4586 2683 4640 ἀεί
2727 4605 2846 4650 πως
2888 4587 3188 4658 ἐπιζητῶν.
3241 4587 3356 4644 Καὶ
3399 4589 3560 4646 τοῦτο

1957 4674 2095 4737 τέως
2120 4674 2318 4746 ἄδηλον
2358 4673 2428 4748 ἧν
2466 4677 2618 4750 αὐτῷ
2648 4697 2708 4733 τε
2739 4680 2822 4752 τῷ
2858 4682 3084 4754 Μιχαὴλ
3119 4680 3216 4736 καὶ
3245 4685 3360 4747 τοὶς
3388 4683 3559 4737 ὑπεν-

1957 4770 2184 4835 αντίοις
2216 4772 2390 4842 μήπω
2421 4773 2530 4844 γάρ
2567 4791 2715 4837 τινος
2750 4778 3058 4844 γεγονότος,
3092 4770 3182 4830 οἷα
3216 4776 3366 4845 φιλεῖ
3411 4775 3560 4833 κατά

1959 4862 2220 4932 πόλεμον,
2257 4865 2544 4938 μηδετέρῳ
2581 4865 3076 4940 ἀνδραγαθήματος
3098 4910 3114 4935 ,
3155 4868 3270 4923 ἀλλ’
3303 4869 3386 4923 ιτι
3433 4869 3558 4923 κατ’

1958 4953 2132 5023 ἀρχὰς
2163 4953 2330 5026 οὔσης
2355 4956 2452 5027 τῆς
2484 4956 2666 5028 μάχης
2699 4959 2796 5011 καὶ
2826 4957 3029 5028 μικροῦ
3056 4958 3262 5012 ὄτικαὶ
3287 4960 3558 5031 συνερρά-

1957 5061 2136 5115 γησαν
2183 5045 2492 5116 ἀγνώστου,
2547 5051 2735 5115 αὐτοῖς
2788 5067 2848 5104 τε
2903 5053 3019 5114 τοῖς
3069 5051 3408 5120 Βουλγάροις
3460 5052 3555 5106 καὶ

1958 5140 2127 5192 πᾶσιν
2159 5140 2333 5210 ὲφάνη
2361 5142 2562 5211 τρόπος
2596 5137 2828 5197 εἶναιτὸ
2863 5146 3123 5216 πρᾶγμα,
3150 5143 3226 5208 ὡς
3259 5143 3557 5214 μέλλουσιν

1957 5232 2159 5296 αὐτοὺς
2191 5233 2430 5306 διασπᾷν
2464 5236 2560 5290 καὶ
2589 5236 2749 5301 αὖθις
2783 5236 2842 5304 ιε
2871 5238 3221 5309 ὑποστροφῆς
3244 5237 3554 5291 καταπολε-

1961 5322 2102 5387 μιίν.
2146 5320 2234 5385 Ὠς
2260 5323 2317 5377 δὲ
2357 5325 2661 5396 ἀμφότεροι
2697 5329 2758 5381 οὐ
2795 5327 2938 5382 κατά
2984 5327 3184 5399 τρόπον
3224 5327 3342 5383 ἀλλ’
3373 5327 3554 5399 ἀληθῆ

1959 5412 2023 5484 δὴ
2059 5407 2303 5478 ἔγνωσαν
2334 5409 2475 5469 εἶναι
2512 5416 2610 5486 τὴν
2644 5417 2847 5489 φυγὴν,
2889 5419 3011 5472 τότε
3048 5420 3457 5491 προσπεσόντες
3504 5417 3555 5470 ol

1961 5508 2062 5577 μὲν
2092 5508 2323 5564 δναντίοι
2358 5510 2518 5578 φόνον
2559 5511 2728 5565 πολὺν
2758 5509 3140 5580 ἐνειργάζοντο
3177 5511 3289 5567 τῶν
3318 5512 3552 5588 στενήν.

1953 5627 2062 5664 των
2101 5604 2404 5670 νεανικῶς,
2435 5606 2463 5657 ό
2500 5603 2558 5656 δὲ
2584 5603 2804 5676 Μιχαὴλ
2848 5605 3041 5660 ἑαυτὸν
3076 5604 3272 5671 σώζειν
3307 5608 3422 5664 ἀλλ’
3449 5615 3552 5671 οὑκ

1550 5704 1786 5760 νΑΒΙᾸΞ
1821 5700 2229 5761 LECTIONES.

339 5807 381 5840 "
406 5808 502 5881 τὴν
532 5823 641 5865 om.
668 5806 728 5864 Ρ.

836 5806 879 5839 ¹⁶
907 5805 1171 5877 βασιλέως
1202 5803 1240 5860 Ρ
1272 5822 1280 5856 ;
1321 5804 1373 5861 cf
1435 5823 1486 5877 p.
1523 5803 1619 5860 l09
1653 5806 1706 5860 d.
1791 5806 1830 5836 ”
1870 5804 2019 5875 αὐτῷ
2049 5805 2070 5855 'l
2151 5802 2190 5832 "
2217 5798 2417 5870 ἑαυτὴν
2447 5797 2632 5868 vulgo.
