3958 6034
160 197 228 264 3i
1299 206 1813 270 ‘I‘HEOPHANES
1842 207 2411 271 CONTINUATUS.
3383 209 3454 271 32

157 309 398 368 rentium
427 321 733 384 temporum
759 318 1049 386 quamdam
1083 320 1387 388 periodum,
1411 323 1482 378 ita
1510 323 1748 388 evenire.

1860 322 2126 395 μονικῆς,
2171 322 2428 393 καθάπερ
2481 322 2575 376 ἐπὶ
2627 321 2779 387 Ἰὼϐ,
2826 322 2908 389 εις
2957 321 3160 392 γνῶσιν
3207 322 3309 394 μὲν
3361 317 3451 374 καὶ

157 404 428 471 tlannone,
483 416 635 476 puto,
687 408 808 478 ejus
842 411 948 466 sibi
999 411 1214 482 cupiant
1249 412 1545 484 ﬂagitante,
1583 416 1661 471 uti
1698 418 1753 471 in

154 493 294 551 Jobo
320 498 566 554 noscitur
595 500 910 570 contigisse,
939 512 999 558 ut
1018 504 1088 574 pii
1109 507 1753 565 innotescantetdiscer-

158 595 383 656 nantur,
416 591 544 645 mali
579 607 710 647 vero
743 593 1068 651 abdicentur
1100 611 1164 652 ac
1195 597 1508 668 ejiciantur.

226 681 282 737 9.
335 683 439 739 Vix
484 700 718 756 namque
769 702 1080 745 sermonem
1135 690 1372 759 (inierat,
1425 708 1549 750 cum
1605 695 1751 751 fama

153 778 464 848 praevolans
509 780 871 836 acclamatum
907 783 1294 854 imperatorem
1331 797 1621 858 tyrannum
1652 805 1750 844 an-

155 874 391 928 nuntiat.
445 872 523 929 Eo
568 890 793 932 rumore
836 879 1140 948 nuntioque
1178 881 1406 937 attonita
1453 885 1649 940 civitas
1684 901 1749 941 ac

153 963 269 1020 fere
295 975 478 1022 mente
507 975 654 1022 mota
677 967 764 1023 vix
801 984 860 1025 se
889 971 1229 1038 continebat,
1260 974 1390 1028 belli
1420 975 1599 1032 civilis
1634 977 1748 1033 for-

152 1059 381 1124 midine,
403 1060 562 1130 cujus
592 1060 738 1116 mole
770 1062 915 1118 haud
945 1079 1070 1121 raro
1110 1067 1276 1122 urbes
1306 1067 1531 1138 integras
1561 1073 1748 1127 conci-

150 1149 307 1205 dant.
353 1149 552 1206 Verum
592 1152 893 1222 imperator
928 1154 1217 1226 obstupuit
1262 1159 1483 1229 quidem
1534 1160 1742 1230 animo,

152 1241 298 1297 haud
324 1251 502 1300 tamen
531 1255 714 1301 mente
736 1247 988 1303 turbatus
1014 1258 1120 1314 est,
1144 1252 1238 1305 sed
1269 1250 1368 1306 viri
1399 1252 1507 1324 18
1529 1263 1742 1310 tantum

152 1331 397 1402 ingratos
422 1349 605 1392 mores
635 1335 959 1404 detestatus,
980 1338 1085 1394 leni
1110 1342 1268 1412 quasi
1287 1357 1514 1400 susurro
1537 1345 1740 1403 bonum

149 1426 305 1484 aiens
334 1427 564 1499 obsequi
581 1429 783 1486 divina:
805 1432 1093 1503 voluntati,
1124 1449 1326 1505 pavore
1352 1452 1417 1494 ac
1434 1439 1742 1498 turbatione

149 1520 344 1576 urbem
400 1521 700 1579 liberavit:
738 1533 970 1581 cunctos
1007 1526 1262 1584 hortatus
1287 1537 1342 1584 ul
1387 1540 1622 1600 tyranno
1649 1549 1744 1589 ve-

150 1611 318 1667 nienti
345 1608 662 1682 'occurrant,
693 1629 804 1683 quo
841 1616 1103 1673 nimirum
1139 1619 1292 1675 nullo
1325 1622 1529 1678 civium
1560 1624 1741 1694 pollu-

149 1710 260 1757 tam
317 1718 514 1760 cruore
571 1721 635 1761 ac
700 1707 1033 1766 incolumem
1088 1711 1367 1769 civitatem
1417 1717 1741 1775 custodiret.

149 1791 322 1852 Porro
365 1799 646 1855 nonnullis
697 1799 1048 1879 hortantibus
1095 1814 1156 1861 ut
1188 1804 1315 1861 forti
1347 1807 1535 1864 animo
1585 1811 1747 1868 malis

147 1889 443 1946 obsisteret
465 1905 758 1964 pugnaque
770 1909 896 1950 cum
918 1905 1152 1968 tyranno
1170 1898 1512 1963 decerneret.
1532 1916 1595 1958 ac
1619 1919 1747 1960 cum

149 1983 187 2037 ii
247 1982 435 2040 finitos
481 1999 543 2043 se
583 2001 649 2043 ac
693 2000 1014 2049 constantes
1055 1994 1278 2052 tuendis
1323 1996 1748 2056 clementissimi

148 2075 361 2148 fideque
391 2082 705 2150 praestantis
733 2081 1084 2153 imperatoris
1133 2087 1384 2156 partibus
1423 2088 1542 2147 fore
1574 2091 1747 2161 ιροΙΙίυ

145 2178 423 2240 cerentur,
479 2174 613 2244 quin
659 2185 716 2230 et
753 2175 870 2246 ipsa
913 2177 1067 2235 illius
1114 2194 1258 2237 uxor
1312 2181 1577 2257 Procopia
1628 2202 1747 2243 rem

149 2263 431 2333 probaret,
463 2282 674 2324 necnon
703 2267 934 2326 Michael
967 2271 1194 2343 quidam
1221 2273 1750 2351 Amalecites,cujus

145 2365 266 2411 tum
299 2356 352 2412 in
385 2358 511 2414 aula
538 2364 954 2429 protostratoris
985 2380 1190 2424 munus
1211 2378 1377 2436 esset,
1409 2370 1554 2426 nolle
1576 2388 1637 2428 se
1667 2374 1753 2431 ait

147 2449 442 2519 imperium
485 2452 742 2511 fraternis
782 2457 1024 2515 caedibus
1057 2470 1429 2516 cruentatum.
1463 2462 1749 2531 Quamob-

149 2558 266 2598 rem
327 2545 499 2602 etiam
540 2547 757 2604 cuidam
789 2548 1121 2608 famulorum
1160 2554 1484 2612 ﬁdelissimo
1529 2559 1749 2617 traditis

148 2638 530 2707 imperialibus
553 2642 886 2713 quibusdam
937 2650 1278 2705 ornamentis
1325 2665 1391 2706 ac
1436 2650 1748 2723 insignibus

149 2726 386 2784 Leonem
415 2730 569 2788 adire
584 2743 750 2804 atque
777 2736 827 2790 ei
849 2735 1063 2794 deferre
1084 2741 1280 2810 coegit.
1311 2741 1387 2797 Ea
1411 2757 1470 2798 re
1498 2745 1749 2817 indigna-

149 2820 386 2878 bundam
435 2823 557 2894 ejus
600 2827 891 2900 coniugem
937 2830 1257 2902 Procopiam
1317 2850 1384 2890 ac
1427 2837 1752 2894 bacchantis

149 2929 289 2983 pene
319 2914 557 2971 similem
596 2919 940 2977 exclamasse
978 2923 1135 2979 aiunt
1169 2926 1453 2996 indignum
1483 2944 1547 2984 ac
1584 2945 1750 3002 grave

1855 416 2133 488 διάκρισιν
2173 416 2284 471 τῶν
2334 413 2609 484 εὐσεϐῶν,
2660 412 3020 488 ἀλλοτρίωσιν
3064 415 3124 468 δὲ
3175 415 3269 468 καὶ
3314 413 3448 492 ἀπο·

1855 510 2076 582 ποίησιν
2105 509 2214 565 τῶν
2249 508 2460 565 κακῶν.⁷

1924 687 1989 744 θ’.
2036 689 2208 744 οὖπω
2252 689 2362 762 γὰρ
2410 688 2587 761 πέρας
2636 689 2798 762 ἔσχον
2837 692 2888 746 οξ
2928 689 3077 760 λόγοι
3103 732 3120 757 ,
3156 690 3251 746 καὶ
3291 690 3448 762 φήμη

1852 781 2158 852 προθέουσα
2190 783 2292 855 τὴν
2336 781 2431 836 τοῦ
2476 783 2746 852 τυράννου
2790 784 3030 855 ἐμήνυεν
3065 783 3444 853 ἀναγόρευσιν.

1851 873 2281 946 Προσπεσούσης
2310 876 2366 929 δὲ
2393 878 2623 948 ταύτης,
2655 879 2688 948 ἡ
2724 877 2824 948 μὲν
2850 879 3006 942 πόλις
3039 876 3174 949 πρὸς
3205 875 3448 931 τοιοῦτον

1849 968 2104 1040 ἄγγελμα
2139 968 2339 1040 μικροῦ
2366 969 2478 1024 δεῖν
2505 968 2726 1040 ἔκφρων
2757 972 3026 1042 γενομένη
3062 970 3215 1040 μόλις
3246 971 3449 1042 ἑαυτὴν

1851 1063 2125 1133 συνεῖχεν,
2165 1063 2294 1126 τοὺς
2341 1063 2643 1131 ἐμφυλίους
2683 1063 3105 1136 κατορῤωδοῦσα
3145 1063 3444 1134 πολέμους,

1848 1157 1909 1222 ἐξ
1942 1151 2003 1211 οὗ
2036 1155 2297 1218 πολλάκις
2327 1153 2620 1230 αὔτανδροι
2662 1157 2850 1223 πόλεις
2888 1155 3448 1230 κατεϐαπτίσθησαν-

1845 1250 1875 1303 ό
1904 1247 1951 1302 δ’
1981 1247 2346 1320 αὐτοκράτωρ
2377 1248 2658 1321 ἐξεπλήγή
2698 1249 2798 1320 μὲν
2826 1249 2925 1320 τὴν
2952 1248 3158 1322 ψυχὴν,
3192 1250 3294 1304 οὐκ
3328 1250 3451 1304 ἐτα-

1848 1342 2024 1414 ράχθη
2055 1341 2114 1395 δὲ
2143 1341 2243 1412 τὴν
2278 1343 2534 1414 γνώμην,
2583 1341 2670 1414 [Ρ.
2704 1342 2796 1416 l2]
2830 1343 2944 1395 ἀλλ²
2983 1343 3316 1414 ἀχαριστίαν
3350 1342 3452 1397 αὐ·-

1841 1434 1938 1499 τοῦ
1989 1435 2152 1505 μόνον
2191 1435 2600 1504 κατεγνωκὼς,
2646 1435 2830 1506 ἠρέμα
2875 1452 2991 1499 πως
3042 1435 3452 1506 ὑποψιθυρίσας

1841 1528 1919 1594 ὡς
1954 1528 2121 1584 καλὸν
2145 1528 2224 1599 τῷ
2252 1527 2384 1598 θείῳ
2412 1526 2681 1598 θελήματι
2708 1526 2965 1595 ἕπεσθαι,
3005 1528 3208 1600 ἀφῄρει
3229 1527 3328 1598 τῆς
3353 1530 3452 1582 πόσι

1841 1624 1982 1690 λεως
2014 1625 2075 1680 τὸ
2105 1621 2454 1695 περιθαμϐὲς
2493 1621 2591 1676 καὶ
2627 1619 2981 1694 ταραχῶδες,
3024 1621 3274 1687 ἅπαντας
3316 1637 3449 1695 προι

1845 1717 2190 1791 τρεψάμενος
2213 1716 2459 1789 χωρῆσαι
2481 1717 2671 1770 τούτου
2695 1716 2832 1787 πρὸς
2851 1716 3125 1788 ἀπαντὴν,
3151 1715 3238 1770 ἵνα
3258 1714 3454 1785 μένου.

1851 1829 1950 1865 σαν
1976 1808 2126 1883 σώζῃ
2158 1809 2257 1882 τὴν
2280 1809 2481 1864 ἑαυτοῦ
2509 1808 2667 1864 πόλιν
2699 1807 2969 1880 ἐμφυλίου
2992 1808 3226 1878 αἵματος
3246 1810 3453 1880 ἄκραν·

1848 1904 1944 1959 τόν
1990 1920 2051 1957 τε
2105 1902 2202 1958 καὶ
2239 1901 2512 1974 καθαράν,
2572 1900 2861 1956 Ἵστασθαι
2895 1901 2954 1956 δέ
2991 1918 3156 1956 τινων
3202 1900 3343 1974 πρὸς
3379 1900 3454 1956 τὰ

1847 1994 1999 2050 δεινὰ
2029 1997 2124 2049 καὶ
2155 1995 2294 2068 πρὸς
2319 1995 2412 2050 τὸν
2439 1994 2530 2049 διὰ
2563 1994 2747 2076 μάχης
2773 1993 2964 2062 ἀγῶνα
2996 1992 3455 2067 παρακελευομέ-

1849 2108 1960 2146 νων
1999 2092 2221 2162 χωρεῖν,
2271 2090 2368 2144 καὶ
2419 2089 2602 2161 μένειν
2636 2087 2820 2144 αὐτῶν
2871 2087 3326 2160 ὑπισχνουμένων
3359 2087 3456 2158 βε-

1849 2182 2027 2237 ϐαίων
2072 2183 2216 2253 ὑπὲρ
2255 2181 2526 2254 βασιλέως
2570 2179 2750 2251 πράου
2792 2198 2854 2234 τε
2903 2181 2999 2236 καὶ
3039 2179 3270 2248 πιστοῦ,
3316 2178 3456 2236 ἀλλὰ

1850 2275 1948 2330 καὶ
1973 2276 2145 2345 αὐτῆς
2186 2273 2599 2344 ἁποδεχομένης
2626 2270 2788 2327 τοῦτο
2818 2272 2918 2343 τῆς
2959 2274 3210 2344 γαμετῆς
3238 2272 3455 2342 Προκο-

1851 2370 1983 2433 πίας
2013 2370 2111 2423 καὶ
2151 2367 2411 2439 Μανουὴλ
2448 2383 2596 2430 τινος
2629 2367 2739 2420 τῶν
2777 2366 2836 2432 ἐξ
2883 2363 3271 2437 Ἀμαληκιτῶν
3301 2382 3452 2437 πρω-

1849 2462 2210 2534 τωτρὰτορος
2246 2459 2551 2532 τηνικαῦτα
2595 2459 2983 2528 τυγχάνοντος,
3025 2458 3126 2512 οὐκ
3170 2455 3277 2529 ἔφη
3316 2454 3454 2529 χρῄ-

1850 2556 1968 2622 ζειν
2011 2555 2113 2628 τὴν
2148 2553 2431 2626 βασιλείαν
2473 2553 2669 2623 αἵμασι
2708 2554 2746 2586 "
2797 2552 3250 2624 καταρρεομένην
3297 2549 3452 2604 iiiis).-

1849 2649 2053 2718 φικοῖς.
2098 2646 2263 2700 Ὅθεν
2311 2644 2404 2698 καί
2450 2661 2561 2698 τινι
2609 2643 2719 2697 τῶν
2769 2643 2910 2715 πρὸς
2954 2641 3253 2714 θεραπείαν
3285 2640 3454 2697 αὑτοῦ

1848 2739 2092 2808 γνησίων
2127 2735 2436 2807 παράσημα
2465 2753 2588 2789 τινα
2629 2737 2757 2798 δοὺς
2788 2736 2888 2806 τῆς
2935 2733 3217 2804 βασιλείας
3249 2734 3448 2804 φοιτᾷν

1851 2829 2033 2882 ἐκεῖσε
2066 2828 2408 2894 ἑξεὸιάσατο.
2464 2828 2581 2896 Ἐφ’
2625 2819 2709 2890 οἷς
2740 2825 2837 2880 καὶ
2878 2824 3324 2897 δεινοπαθήσασα
3358 2823 3458 2879 καὶ

1851 2913 1963 2972 οἷον
1994 2917 2430 2989 ὲκϐἁκχευθεῖσα
2459 2919 2494 2989 ἡ
2528 2917 2725 2971 τούτου
2759 2916 2824 2988 δὴ
2855 2916 3073 2987 γαμετὴ
3103 2916 3274 2970 δεινὸν
3303 2915 3461 2984 λέγε-

148 3005 197 3060 si
223 3001 396 3060 Barca
425 3007 530 3076 (sic
561 3006 764 3066 Leonis
787 3027 1017 3068 uxorem
1044 3018 1295 3074 convicio
1329 3027 1556 3090 vocans)
1584 3001 1748 3092 capiti

1854 3028 1942 3064 ται
1976 3013 2309 3084 ἀνακραγεῖν
2336 3053 2352 3079 ,
2388 3012 2438 3064 εί
2474 3011 2663 3081 Βάρκα
2708 3009 2877 3084 (οὕτω
2915 3010 2981 3081 δὴ
3007 3009 3069 3063 τὸ
3097 3009 3193 3063 τοῦ
3228 3009 3458 3072 Λέοντος

149 3098 454 3155 modiolum
477 3100 803 3171 imponeret.
830 3105 903 3161 At
923 3106 1015 3164 ille
1032 3111 1400 3169 severioribus
1423 3114 1605 3168 verbis
1629 3130 1749 3169 eam

147 3191 451 3260 castigans,
494 3208 664 3262 seque
705 3203 882 3253 totum
919 3197 1028 3255 Deo
1070 3203 1460 3268 committens,
1498 3204 1749 3261 futurum

147 3283 230 3338 rei
258 3297 513 3341 eventum
547 3291 985 3358 praestolabatur.
1020 3293 1140 3350 .Iatn
1169 3296 1318 3351 enim
1359 3299 1754 3368 percrebuerat

151 3392 343 3432 rumor
389 3380 701 3453 ingressum
742 3393 1041 3456 tyrannum
1089 3403 1186 3460 per
1212 3393 1455 3447 Auream
1504 3402 1745 3463 portam,

150 3487 487 3543 omnemque
535 3485 790 3532 senatum
833 3479 902 3534 ad
940 3494 1128 3536 sacras
1169 3484 1535 3552 praecursoris
1583 3487 1752 3553 edes,

151 3566 333 3622 Studii
385 3581 553 3636 opera
603 3584 633 3623 a
689 3571 1061 3628 fundamentis
1111 3585 1462 3642 exstructas,
1533 3578 1754 3634 obviam

150 3659 494 3729 processisse
523 3703 538 3727 ,
570 3676 636 3718 ac
662 3663 879 3733 supinis
913 3666 1173 3723 manibus
1207 3669 1403 3739 plausu
1445 3670 1754 3742 faustisque

150 3749 434 3810 ominibus
493 3769 548 3808 tn
605 3754 797 3810 urbem
855 3757 1110 3827 excipere
1155 3775 1221 3816 ac
1267 3762 1559 3822 deducere.
1613 3764 1750 3822 Cum

151 3851 336 3899 autem
358 3844 424 3900 ad
451 3846 715 3916 palatium
735 3847 850 3918 jam
871 3853 1356 3923 appropinquaret,
1382 3855 1542 3926 eique
1562 3871 1749 3913 coram

153 3934 341 3991 divina
370 3937 476 4007 ιθ
499 3936 596 3994 Dei
625 3937 792 3996 Verbi
820 3952 1043 4013 propter
1074 3960 1172 4002 nos
1191 3946 1317 4001 facti
1336 3949 1577 4005 hominis
1609 3951 1750 4004 ima-

151 4029 278 4096 gine
301 4068 318 4095 ,
354 4028 422 4083 ad
459 4029 642 4085 locum
673 4045 838 4100 quem
865 4031 1125 4090 Chalccm
1156 4047 1376 4103 vocant,
1408 4047 1535 4093 vota
1569 4039 1753 4094 reddi-

150 4130 279 4174 turo
321 4121 598 4192 tantisper
641 4125 1060 4182 consistendum
1104 4140 1273 4194 esset,
1335 4132 1479 4202 quod
1534 4132 1750 4203 punicei

149 4214 353 4269 coloris
379 4213 601 4270 brevem
623 4217 924 4285 quamdam
954 4230 1163 4277 vestem
1189 4223 1414 4281 militari
1448 4240 1604 4280 more
1633 4226 1750 4282 dis-

149 4305 387 4359 cinctam
419 4313 658 4374 gestaret
690 4306 709 4379 (
744 4308 986 4379 aquilam
1022 4321 1243 4380 vocant,
1282 4315 1400 4370 sive
1441 4329 1614 4382 mare,
1651 4315 1748 4386 qui

151 4399 205 4452 in
236 4400 323 4456 his
368 4399 702 4471 elegantiam
747 4402 983 4476 colunt),
1013 4420 1134 4460 cam
1164 4422 1289 4462 mox
1331 4409 1485 4463 exuit
1516 4425 1532 4474 ς
1579 4424 1744 4479 quam
1771 4387 1827 4448 Ῑ)

151 4494 324 4558 ipsam
365 4491 424 4548 in
466 4507 666 4549 manus
690 4506 977 4567 acceptam
1020 4498 1250 4555 Michael
1278 4516 1347 4556 ex
1375 4502 1576 4572 linguae
1613 4502 1747 4560 vitio

151 4581 302 4640 Balbi
350 4601 656 4660 cognomen
694 4587 946 4660 adeptus,
981 4591 1186 4647 Leonis
1242 4602 1376 4648 tunc
1420 4594 1746 4665 pratfectum

147 4678 350 4734 Stabuli
383 4695 574 4751 agens,
617 4682 763 4739 illico
797 4683 996 4738 induit.
1035 4683 1162 4740 Fuit
1196 4685 1306 4743 hoc
1331 4687 1519 4743 multis
1546 4688 1748 4746 ominis

146 4765 295 4836 loco,
340 4770 459 4830 fore
489 4783 549 4828 ut
594 4773 826 4834 Michael
861 4777 1094 4845 imperio
1140 4778 1381 4849 regendo
1420 4779 1591 4835 Leoni
1620 4797 1749 4838 suc-

147 4877 339 4920 cessor
358 4877 528 4923 esset.
553 4865 653 4924 Ubi
675 4878 859 4925 autem
889 4870 956 4924 ad
981 4869 1141 4943 Scyla
1167 4882 1436 4928 venerunt
1459 4874 1637 4944 (locus
1664 4883 1749 4931 est

147 4956 232 5012 sic
261 4958 445 5015 uictus
474 4960 529 5015 in
555 4961 806 5032 ingressu
837 4964 1074 5035 palatii),
1106 4981 1344 5036 sequens
1366 4982 1396 5022 a
1426 4979 1577 5038 tergo
1603 4968 1744 5023 idem

150 5049 378 5109 Michael
398 5053 530 5109 dum
549 5055 828 5112 incautius
849 5057 1099 5128 graditur
1118 5073 1183 5114 ac
1200 5060 1434 5115 celerius
1451 5063 1750 5129 prazeuntis

149 5148 380 5217 vestigia
409 5150 629 5218 premit,
650 5152 884 5208 summis
902 5152 1132 5221 pedibus
1148 5166 1215 5209 ac
1239 5153 1488 5210 articulis
1508 5153 1749 5225 impera~

146 5238 306 5293 toria:
335 5240 507 5296 vestis
533 5255 690 5297 oram
725 5242 982 5307 calcavit,
1011 5242 1086 5297 ita
1123 5252 1182 5296 ut
1210 5243 1328 5314 ipse
1353 5243 1466 5300 Leo
1512 5246 1749 5302 senserit

147 5333 579 5406 andaciorisque
605 5336 812 5407 aliquid
840 5336 1104 5394 facinoris
1131 5337 1200 5392 ab
1224 5351 1290 5394 eo
1316 5341 1747 5409 exspectandum

146 5424 428 5482 ominatos
465 5429 539 5484 sit
569 5432 760 5499 {quod
791 5438 847 5487 et
876 5441 1064 5501 postea
1098 5432 1320 5488 accidit.

225 5520 311 5576 10.
339 5519 494 5578 Tunc
521 5521 753 5582 Michael
777 5521 960 5582 Leone
978 5525 1251 5597 ingresso,
1271 5541 1381 5583 una
1407 5540 1534 5583 cum
1556 5526 1746 5588 liberis

1857 3104 2134 3159 καλέσασα
2171 3104 2430 3174 γύναιον)
2465 3106 2534 3176 τῇ
2571 3103 2784 3174 κεφαλῇ
2817 3103 3060 3157 ἐπίθοιτο
3088 3103 3150 3157 τὸ
3191 3103 3456 3174 μοδίολονυ

1867 3197 1928 3251 ‘0
1981 3197 2040 3251 δὲ
2109 3196 2361 3269 στερροῖς
2420 3195 2605 3264 λόγοις
2649 3195 2862 3265 ταύτην
2912 3196 3331 3268 ὲπιρῤαπίσας,
3365 3196 3461 3250 καὶ

1854 3290 1975 3345 ὅλον
2003 3291 2068 3361 δὴ
2091 3288 2315 3355 ἀναθεὶς
2345 3289 2542 3343 ἑαυτὸν
2572 3288 2651 3358 τῷ
2690 3287 2834 3356 Θεῷ,
2866 3287 3197 3359 ἐκαραδόκει
3223 3289 3292 3343 τὰ
3323 3287 3460 3357 μέλ-

1855 3385 2036 3438 λοντα.
2085 3384 2247 3454 ’Δρτι
2275 3381 2410 3453 γοῦν
2441 3381 2851 3452 κατηγγέλλετο
2881 3381 2977 3435 τὸν
3002 3379 3270 3450 τύραννον
3296 3380 3460 3435 εἰσιέ-

1855 3496 1945 3533 ναι
1971 3478 2060 3534 διά
2089 3477 2263 3550 πύλης
2303 3479 2402 3549 τῆς
2433 3476 2804 3549 χρυσηλάτου,
2839 3478 2936 3530 καὶ
2963 3477 3116 3531 πᾶσα
3150 3477 3184 3547 ἡ
3214 3474 3459 3547 σύγκλη-

1854 3589 1947 3636 τος
1967 3571 2109 3626 κατά
2133 3572 2226 3626 τὸν
2257 3570 2400 3625 θεῖον
2421 3568 2514 3624 τοῦ
2544 3569 2865 3642 Προδρόμου
2893 3568 3054 3636 νεὼν,
3082 3568 3142 3621 ὃν
3163 3569 3190 3622 ὁ
3212 3567 3463 3634 Στούδιος

1854 3668 1921 3718 ὲκ
1957 3664 2174 3734 βάθρων
2213 3665 2508 3735 ἀνήγειρεν
2526 3707 2541 3729 τ,
2573 3663 2798 3732 ἀπήντα
2845 3663 2940 3718 καὶ
2980 3663 3205 3727 ὑπτίαις
3239 3660 3460 3732 ἐδέχετο

1853 3762 1973 3822 ταῖς
1994 3760 2176 3830 χερσὶ,
2208 3758 2617 3830 προπέμπω)σά
2645 3777 2705 3812 τε
2730 3758 2825 3811 καὶ
2857 3756 3241 3822 ἐκθειάζουσα.
3286 3757 3374 3820 Ὦς
3403 3754 3461 3809 δὲ

1852 3850 1966 3912 τοῖς
2016 3848 2312 3920 βασιλείοις
2345 3847 2544 3920 ἡγγιζε
2591 3850 2690 3902 καὶ
2744 3847 2886 3902 κατὰ
2925 3846 3219 3918 πρόσωπον
3249 3845 3314 3915 δὴ
3359 3846 3463 3916 τῆς

1855 3942 2007 4005 Θείας
2041 3926 2252 4006 είκόνος
2299 3941 2394 3998 τοῦ
2432 3944 2504 3997 δι’
2543 3942 2695 4014 ἡμᾶς
2745 3941 3276 4013 ὲνανθρωπήσαντος
3321 3937 3460 3993 Θεοῦ

1851 4036 2053 4105 Λόγου,
2073 4035 2217 4090 κατὰ
2227 4036 2321 4091 τὸν
2339 4034 2484 4090 οὕτω
2499 4034 3012 4105 κατονομαζόμενον
3029 4032 3194 4087 τόπον
3214 4031 3459 4102 Χαλκῆνι

1853 4128 2047 4199 ἔμελλε
2082 4130 2276 4201 στῆναι
2306 4128 2405 4193 τὰς
2441 4129 2610 4198 εὐχάς
2651 4125 2989 4194 ἀποδώσων,
3026 4125 3151 4180 ἐπεί
3182 4142 3236 4180 τι
3284 4142 3459 4194 φοινι-

1853 4225 2092 4295 κοϐαφὲς
2126 4221 2412 4290 θοιμάτιον
2445 4221 2590 4274 κατά
2619 4237 2675 4273 τι.
2713 4219 3115 4292 στρατιωτικὸν
3160 4217 3282 4283 ἔθος
3313 4217 3462 4282 ἄξω-υ

1855 4336 1982 4374 στον
2021 4318 2336 4387 ὲπημφίετο
2367 4316 2390 4385 (
2407 4313 2569 4368 ἀετὸν
2602 4313 2763 4367 τοῦτο
2804 4310 3068 4366 καλοῦσιν
3111 4312 3147 4382 ἣ
3179 4311 3462 4367 θάλασσαν

1853 4413 1903 4466 οἱ
1927 4410 2058 4481 περὶ
2082 4409 2257 4464 ταῦτα
2289 4407 2549 4478 κομψοὶ),
2576 4405 2739 4460 τοῦτο
2773 4404 2876 4476 μὲν
2905 4404 3108 4460 αὐτίκα
3141 4403 3460 4473 ἀπαμφιέν-

1853 4521 2034 4572 νυται,
2067 4505 2165 4558 καὶ
2187 4502 2411 4574 Μιχαὴλ
2437 4503 2466 4554 ὀ
2487 4501 2588 4570 τὴν
2614 4499 2866 4568 γλῶτταν
2889 4498 3076 4571 φέρων
3098 4497 3458 4570 παράσημον,

1856 4597 2199 4668 ἐπιμελητὴς
2226 4594 2337 4648 τῶν
2369 4592 2467 4648 τοῦ
2503 4595 2734 4656 Λέοντος
2763 4593 2949 4648 ἵππων
2989 4590 3296 4661 τηνικαῦτα
3326 4607 3461 4657 τυγ-

1858 4689 2059 4760 χάνων,
2114 4685 2212 4739 ἐπὶ
2255 4685 2445 4755 χεῖρας
2493 4681 2678 4736 λαϐὼν
2725 4679 2971 4750 αὐθωρδν
3019 4678 3457 4750 ὲπαμπίσχεται.

1859 4780 2080 4846 Ἔδοξεν
2127 4777 2221 4833 οὖν
2264 4777 2423 4830 τοῦτο
2470 4779 2586 4839 τοῖς
2634 4775 2853 4839 πολλοῖς
2899 4773 3090 4836 οἰωνὸς
3141 4773 3202 4839 ἐξ
3244 4771 3460 4826 ἐκείνου

1850 4873 2108 4944 δεύτερον
2159 4871 2262 4940 τῆς
2319 4867 2600 4939 βασιλείας
2655 4868 2868 4937 τυχεῖν.
2937 4866 3026 4930 Ὠς
3079 4863 3138 4917 δὲ
3192 4863 3339 4917 κατὰ
3392 4862 3463 4916 τὰ

1853 4965 2037 5020 Σκῦλα
2064 4965 2109 4997 ’θ
2144 4963 2417 5034 ἐγένοντο,
2443 4961 2587 5015 οὕτω
2611 4961 2676 5032 δή
2711 4977 2835 5014 τινα
2857 4958 3026 5012 τόπον
3050 4955 3199 5011 κατὰ
3229 4957 3329 5018 τὰς
3355 4955 3459 5022 βα-

1853 5063 2088 5124 σιλείους
2114 5061 2356 5122 εῐσόὸους
2390 5057 2714 5129 λεγόμενον,
2744 5053 3005 5126 ἀκρατῶς
3036 5070 3156 5117 πως
3181 5051 3459 5122 ἐπιρρέων

1855 5156 1952 5210 καὶ
1985 5155 2107 5209 κατ’
2150 5154 2300 5224 ἴχνος
2333 5151 2473 5206 θέων
2515 5148 2682 5205 αὑτοῦ
2723 5149 2787 5202 τὸ
2820 5148 2958 5220 πρὸς
3006 5149 3075 5219 τῇ
3114 5143 3256 5216 πέζῃ
3291 5143 3459 5212 λῆγον

1853 5248 1949 5302 τοῦ
1977 5245 2196 5317 ἱματίου
2224 5246 2417 5317 ἄκροις
2439 5242 2615 5312 ἐπέϐη
2645 5242 2826 5308 ποσὶν,
2853 5240 2930 5303 ὡς
2954 5239 3053 5294 καὶ
3078 5237 3245 5292 αὑτὸν
3265 5234 3459 5290 αἰσθά-

1855 5344 2050 5399 νεσθαι
2092 5341 2186 5394 τὸν
2217 5339 2428 5394 Λέοντα
2474 5338 2570 5391 καί
2615 5353 2741 5390 τινα
2782 5331 3096 5404 παράϐολον
3136 5330 3351 5401 κίνησιν
3398 5327 3460 5393 ἐξ

1855 5437 2025 5492 αὑτοῦ
2052 5434 2385 5504 προσδοκᾷν.
2419 5431 2594 5485 Τοῦτο
2630 5430 2730 5502 μὲν
2758 5424 2852 5483 οὖν
2880 5427 3110 5499 ὕστερον
3141 5425 3382 5494 ἐγένετο.

1932 5539 1985 5584 ι’.
2014 5529 2149 5582 Τότε
2181 5528 2239 5584 δὲ
2272 5524 2365 5580 τοῦ
2395 5525 2626 5589 Λέοντος
2657 5520 3040 5592 ἐπιφανέντος,
3076 5514 3300 5592 Μιχαὴλ
3340 5513 3457 5587 ἃμα

1456 5617 1694 5702 VARUE
1721 5623 2129 5686 LECTIONES.

227 5709 270 5740 '9
302 5707 429 5766 ίδιῖν
460 5711 692 5779 αῖμασιῖ
764 5711 808 5746 ⁸⁸
836 5711 933 5779 τὴν
974 5711 1152 5766 Σκὺλα
1187 5710 1226 5768 Ρ
1260 5729 1272 5767 :
1301 5708 1373 5768 cf.
1415 5713 1446 5766 ι
1484 5711 1568 5768 l9.
