3958 6034
381 197 452 260 33
1539 207 1689 271 LIB.
1725 207 1776 268 Ι.
1817 229 1886 242 --
1917 200 2007 266 LE

2110 201 2523 266 ARMENIUS.
3602 197 3675 264 3i

382 319 542 376 παισί
579 337 640 376 τε
672 319 772 377 καὶ
803 321 1029 393 γυναικὶ
1053 323 1155 395 τὴν
1183 324 1364 396 κόμην
1405 324 1738 398 ἀποθέμενοι
1769 325 1907 396 πρὸς
1937 323 1999 378 τὸ

2110 332 2269 394 alque
2299 337 2491 386 uxore,
2526 321 2754 375 detonsa
2786 333 2941 376 coma
2977 317 3044 374 ad
3080 317 3174 373 Dei
3215 315 3506 374 delubrum
3535 331 3690 372 scce-

383 412 478 468 τοῦ
529 413 668 467 Θεοῦ
706 416 1101 487 τεμένισμα¹¹,
1136 414 1225 490 [Ρ.
1270 416 1362 490 15]
1399 417 1430 471 0
1459 417 1638 487 Φάρος
1682 414 1992 486 κατονομά-

385 505 539 568 ζεται
587 503 698 558 ἀπὸ
746 504 846 559 τοῦ
889 505 1008 576 φῶς
1065 505 1334 562 ἀνάπτειν
1384 508 1521 561 πᾶσι
1558 506 1656 561 καὶ
1701 506 1847 560 κατά
1895 505 1995 569 τὰς

387 598 592 663 νύκτας
623 601 996 671 χειραγωγεῖν
1026 599 1120 655 ἐπὶ
1150 600 1484 671 καταγωγὰς
1512 615 1670 665 τινας
1700 599 1991 668 ἀσφαλεῖς,

389 685 684 758 ἀντίμιμον
710 686 805 741 τοῦ
841 688 986 742 κατὰ
1028 688 1130 760 τὴν
1182 689 1596 762 ⁹Δλειίξάνδρειαν
1635 689 1767 746 ὅντα
1809 708 1868 743 τε
1901 689 1995 744 καί

391 777 712 849 λεγόμενον,
734 776 836 851 τὴν
857 779 1026 835 αὑτοῦ
1046 781 1342 853 εὐμένειαν
1362 784 1535 854 χωρεῖ
1561 781 1992 854 ἐκκαλούμενος.

403 870 462 925 '0
494 871 554 925 δὲ
587 871 820 943 συλῆσαι
858 872 960 944 μὲν
985 875 1054 929 ὲκ
1085 873 1224 928 Θεοῦ
1250 874 1349 929 καὶ
1379 873 1586 948 ἔρημον
1613 875 1789 931 θεῖναι
1816 875 1997 946 ψυχῆς

387 966 490 1019 οὐκ
537 965 601 1021 ἂν
641 965 797 1038 καλῷ
849 965 1101 1038 θέμενος,
1149 967 1357 1022 ὶκεῖνον
1397 969 1498 1040 μὲν
1533 970 1592 1023 ὲν
1625 973 1693 1043 τῇ
1741 969 1929 1042 Πλὰτῃ
1950 968 1994 998 ¹¹

388 1058 538 1130 νήσῳ
569 1057 869 1130 ὑπερόριον
913 1059 1032 1123 θεὶς
1068 1058 1368 1131 ἡσυχάζειν
1411 1061 1718 1133 ἐπέτρεψεν
1745 1103 1762 1131 ,
1794 1063 1996 1136 χρυσόν

389 1166 513 1204 τινα
544 1151 670 1205 κατ’
713 1150 835 1216 ἔτος
867 1153 1247 1226 ἐπιχορηγῶν,
1285 1154 1441 1209 ἔνθεν
1472 1155 1571 1210 καὶ
1604 1157 1669 1210 τὸ
1702 1159 1997 1229 μοναχικὸν

395 1244 580 1315 σχῆμα
604 1243 845 1300 λαϐόντα
870 1245 969 1299 καὶ
1008 1247 1330 1302 Ἀθανάσιον
1364 1249 1848 1319 μετονομασθέντα
1875 1254 1998 1304 επι-

393 1335 586 1391 ϐιῶναί
619 1352 789 1405 φασιν
819 1332 916 1410 ἐτη
944 1337 1043 1392 δύο
1080 1339 1175 1392 καὶ
1202 1340 1521 1411 τριάκοντα.
1548 1340 1726 1413 Συνῆν
1759 1341 1815 1395 δὲ
1848 1341 1997 1412 αύτῷ

394 1432 489 1484 καὶ
524 1429 869 1502 Εὐστράτιος
897 1433 928 1486 0
970 1432 1087 1498 υίὸς
1114 1428 1309 1500 αὐτοῦ,
1350 1434 1380 1487 0
1417 1433 1516 1488 καὶ
1557 1433 1869 1507 άποκαρεὶς
1903 1435 2000 1489 καὶ

395 1521 772 1594 εὐνουχισθεὶς
810 1521 886 1577 ὢν
914 1522 1052 1578 ἑτῶν
1079 1524 1256 1578 εἴκοσι
1286 1523 1587 1596 προστάξει
1618 1521 1715 1578 τοῦ
1745 1523 1996 1591 Λέοντος,

395 1617 490 1669 καὶ
519 1616 792 1686 Νικήτας,
824 1615 883 1682 δς
916 1616 1188 1689 πρότερον
1219 1616 1320 1688 μὲν
1343 1618 1473 1681 παῖς
1497 1615 1574 1674 ὢν
1601 1616 1702 1689 τὴν
1732 1618 1841 1672 τῶν
1877 1617 1999 1671 ῑκαο

2097 414 2260 478 dunt,
2291 417 2437 483 quod
2477 412 2716 468 Pharum
2740 421 2941 468 vocant
2971 426 3032 466 ea
3057 411 3289 474 ratione,
3313 409 3459 482 quod
3476 409 3695 466 cunctis

2099 503 2278 562 lucem
2309 505 2571 562 accendat
2597 515 2875 574 noctuque
2908 507 2974 560 ad
3003 514 3184 559 ccrtns
3208 505 3476 573 quasdam
3512 503 3698 557 statio.

2098 613 2198 655 nes
2230 599 2488 663 deducat,
2515 599 2678 654 Phari
2713 599 2864 656 illius
2890 600 2943 654 in
2976 597 3212 670 Aigypto
3235 597 3466 654 celebris
3490 611 3692 652 nomen

2100 691 2324 748 imitans
2355 691 2708 762 oﬂieiumque
2738 701 3030 765 praestans,
3067 690 3265 748 Leonis
3296 691 3408 748 illic
3434 699 3697 748 exoratu—

2098 801 2194 839 rus
2223 785 2593 842 clementiam.
2635 786 2729 840 ille
2768 800 2934 857 porro
2958 785 3101 840 haud
3133 801 3196 840 ex
3228 784 3442 840 honesti
3482 784 3697 840 ratione

2099 889 2254 935 ratus
2297 880 2619 950 religionem
2651 880 2756 934 ioci
2795 881 3000 934 violare
3029 891 3124 934 aut
3168 880 3222 933 in
3255 894 3323 934 eo
3353 878 3696 950 supplicibus

2100 989 2286 1028 necem
2347 971 2574 1038 inferre,
2638 973 2793 1028 illiilli
2842 974 3062 1045 quidem
3116 974 3170 1028 in
3220 972 3454 1028 insulam
3506 972 3694 1028 Platen

2101 1068 2353 1137 relegans
2387 1068 2662 1140 privatum
2692 1068 2806 1124 illic
2843 1083 3005 1140 agere
3030 1068 3220 1136 jussit,
3259 1068 3378 1122 auri
3417 1081 3695 1124 summam

2099 1161 2398 1228 quotannis
2445 1161 2499 1214 in
2534 1161 2656 1230 ejus
2689 1169 2944 1229 sumptus
2982 1159 3415 1215 suhministrans
3449 1175 3464 1225 ;
3515 1160 3604 1214 ubi
3640 1166 3696 1212 et

2101 1252 2352 1306 monachi
2381 1252 2490 1322 2ο
2513 1262 2793 1322 assumpto
2818 1253 3004 1308 habitu
3027 1263 3193 1323 atque
3214 1251 3496 1307 Athanasii
3522 1250 3697 1306 indito

2103 1345 2322 1398 ιιοι-ιὶιιε
2351 1344 2418 1397 ad
2451 1358 2622 1396 annos
2654 1345 2794 1399 duos
2825 1359 2990 1415 supra
3025 1343 3245 1414 triginta
3276 1344 3478 1398 vixisse
3499 1340 3693 1397 fertur.

2102 1430 2231 1485 Erat
2255 1447 2379 1485 eum
2399 1447 2463 1487 eo
2480 1441 2534 1487 ct
2566 1430 2875 1488 Eustratius
2896 1435 3019 1503 ejus
3045 1432 3210 1499 illius,
3239 1434 3329 1502 qui
3362 1434 3477 1504 ipse
3497 1430 3699 1490 Leonis

2098 1522 2254 1590 jussu
2281 1524 2548 1580 detonsus
2561 1541 2626 1579 ac
2641 1526 2888 1581 virilibus
2906 1527 3138 1583 orbatus
3155 1535 3258 1593 est,
3289 1527 3467 1582 aetatis
3492 1541 3700 1582 annum

2105 1617 2432 1686 vigesumum
2456 1633 2648 1688 agens.
2679 1621 2898 1675 Nicelas
2921 1635 3161 1692 quoque,
3187 1622 3281 1692 qui
3306 1619 3458 1691 prius
3484 1621 3702 1676 adoles-

396 1713 572 1764 νάτων
615 1709 824 1764 διεῖπεν
862 1709 1073 1782 ἀρχὴν,
1110 1710 1210 1764 άτε
1243 1708 1310 1782 δὴ
1356 1708 1533 1781 φίλιος
1564 1711 1680 1774 τοῖς
1717 1709 2002 1782 στρατιώ-

2110 1725 2234 1765 cens
2269 1708 2616 1766 lcanatorum
2653 1711 3040 1783 praefecturam
3075 1723 3341 1784 gesserat,
3373 1713 3575 1786 quippe
3607 1714 3702 1784 qui

395 1819 517 1868 ταις
546 1803 646 1858 καὶ
681 1805 741 1857 ὲν
789 1802 1047 1876 ὑπαίθρῳ
1096 1802 1382 1873 διάγουσιν
1419 1797 1564 1858 εἷναί
1608 1821 1670 1857 τε
1709 1802 1880 1858 θέλων
1908 1804 2002 1857 καὶ

393 1895 504 1950 τῶν
530 1895 748 1951 πολλῶν
772 1896 1118 1969 πραγμάτων
1147 1894 1440 1969 ἔμπειρος,
1463 1897 1589 1952 τότε
1618 1897 1677 1952 δὲ
1701 1898 1751 1931 ⁸³
1779 1897 1881 1968 τὴν
1912 1896 2005 1950 κό-

401 2005 510 2060 μην
533 1989 632 2043 καὶ
659 1987 827 2054 αὐτὸς
851 1986 1190 2061 ἀποθέμενος
1232 1988 1496 2057 Ἰγνάτιος
1519 1989 1772 2042 ἐκαλεῖτο
1798 1989 1894 2042 καὶ
1923 1987 2004 2058 τῷ

399 2082 574 2154 πατρὶ
598 2083 840 2136 συνεῖναι
870 2081 1170 2152 ἐτύγχανεν
1190 2080 1270 2152 τῷ
1296 2081 1433 2152 μονή
1442 2096 1523 2151 ρει
1546 2079 1648 2152 βίῳ
1670 2080 2005 2152 προσκείμε-

397 2193 508 2242 νος.
529 2176 644 2248 Τὴν
663 2175 708 2229 δ’
729 2174 896 2231 αὑτοῦ
929 2173 1188 2231 σύνευνον
1207 2174 1558 2247 άπεσχοίνισε
1588 2174 1684 2228 καὶ
1709 2173 2004 2228 ἀπέσπασε

399 2271 498 2325 καὶ
527 2269 667 2342 πρὸς
697 2269 800 2340 τὴν
833 2268 1004 2341 μονὴν
1040 2271 1140 2341 τὴν
1174 2268 1322 2323 οὕτω
1351 2269 1656 2340 λεγομένην
1687 2267 2006 2338 Προκοπίας

406 2363 734 2434 μετέθηκεν,
776 2364 958 2418 καίτοι
993 2379 1054 2433 γε
1087 2361 1248 2417 τοῦτο
1277 2363 1354 2435 μὴ
1395 2362 1655 2434 γενέσθαι
1703 2360 1880 2416 πολλὰ
1908 2360 2004 2415 τοῦ

401 2459 622 2532 Μιχαὴλ
665 2459 1074 2524 ἱκετεύσαντος.
1124 2458 1238 2513 Καὶ
1282 2459 1312 2512 0
1355 2458 1455 2530 μὲν
1487 2455 1712 2529 Μιχαὴλ
1758 2455 1855 2511 τοῦ
1889 2455 2005 2528 βίου

397 2552 507 2616 ἐξω
545 2552 843 2622 γενόμενος
889 2551 1023 2623 μηνὶ
1065 2550 1391 2622 Ἰανουαρίῳ
1434 2547 1526 2618 ια’,
1567 2549 1679 2603 ἔτει
1721 2551 1885 2623 ,ςτβς
1916 2551 2006 2606 τὸν

400 2645 532 2717 χοῦν
578 2645 922 2715 ἀποθέμενος
959 2645 1018 2697 ὲν
1057 2645 1198 2715 αὐτῇ
1253 2645 1324 2715 τῇ
1377 2642 1559 2715 νήσῳ,
1613 2645 1670 2696 ὲν
1720 2644 1800 2715 τῷ
1847 2643 2009 2714 δεξιῴ

405 2737 564 2809 μέρει
624 2737 725 2808 τῆς
779 2735 1082 2808 ἐκκλησίας
1134 2734 1427 2791 ἐτέθαπτοο
1479 2738 1509 2791 0
1561 2734 1899 2808 Εὑστράτιος
1951 2737 2008 2789 δὲ

409 2829 548 2898 μετὰ
591 2830 694 2901 τὴν
722 2829 820 2884 τοῦ
856 2830 1063 2901 πατρὸς
1111 2828 1373 2899 τελευτὴν
1417 2829 1516 2900 ἔτη
1552 2829 1799 2892 ἐπιϐιοὺς
1844 2830 2005 2883 πέντε

410 2924 521 2994 [καὶ
552 2922 688 2975 δέκα
716 2923 784 2994 ³⁸]
829 2923 923 2977 καὶ
968 2921 1130 2986 αὐτὸς
1166 2921 1440 2992 ἐκοιμήθη
1491 2922 1636 2976 κατὰ
1673 2923 1773 2993 τὴν
1805 2930 1868 2975 ιε’
1911 2921 2006 2976 τοῦ

2105 1803 2209 1858 hoc
2258 1814 2443 1874 ageret
2502 1815 2564 1860 ut
2613 1807 2847 1862 militum
2903 1808 3072 1875 inque
3117 1808 3463 1866 subdialibus
3504 1811 3702 1866 stativa

2105 1895 2423 1951 habentium
2458 1898 2696 1969 gratiam
2751 1898 2918 1954 iniret
2948 1901 3235 1972 multaque
3273 1915 3461 1956 rerum
3505 1901 3701 1970 peritia

2106 1988 2356 2059 polleret,
2393 1991 2508 2059 ipse
2536 2007 2759 2062 quoque
2807 2005 2937 2048 tunc
2966 2009 3121 2050 coma
3159 1993 3342 2063 posita
3372 1994 3567 2064 lgnatii
3597 2007 3703 2048 no-

2106 2097 2227 2137 men
2259 2084 2486 2154 acccpit,
2529 2099 2870 2155 versarisque
2905 2099 3030 2140 cum
3069 2096 3223 2156 patre
3249 2085 3502 2141 monachi
3532 2087 3700 2141 vitam

2106 2189 2214 2229 una
2239 2174 2498 2231 instituit.
2532 2174 2774 2232 Uxorem
2800 2192 2933 2249 vero
2963 2179 3032 2233 ab
3072 2178 3167 2236 illo
3193 2179 3509 2249 abjunctam
3537 2190 3705 2249 atque

2106 2267 2356 2324 avulsam
2407 2269 2463 2323 in
2516 2271 2910 2325 monasterium
2966 2272 3112 2342 quod
3175 2269 3458 2341 Procopize
3506 2282 3705 2327 vocant

2107 2364 2410 2429 transtulit,
2442 2379 2759 2436 quanquam
2798 2364 3028 2422 Hichael
3065 2367 3174 2420 hoc
3208 2367 3370 2421 enixe
3404 2368 3703 2421 amoliente

2106 2469 2170 2510 ac
2217 2452 2568 2525 deprecante.
2613 2456 2692 2510 Ac
2746 2456 2974 2512 Michael
3028 2458 3249 2527 quidem
3301 2458 3355 2512 in
3393 2459 3531 2513 vivis
3577 2474 3704 2513 esse

2107 2546 2273 2603 desiit
2319 2548 2612 2603 undecimo
2639 2547 2910 2612 Januarii,
2945 2551 3135 2605 mundi
3168 2565 3316 2605 anno
3338 2550 3501 2613 6052,
3534 2550 3706 2621 depo-

2108 2640 2324 2709 sitaque
2359 2641 2699 2696 mortalitate
2729 2644 2783 2696 in
2813 2641 3003 2696 eadem
3046 2643 3248 2706 insula,
3279 2644 3346 2698 ad
3373 2659 3542 2698 cornu
3571 2643 3706 2698 dex-

2109 2740 2256 2788 trum
2287 2734 2554 2800 ecclesiae,
2585 2734 2835 2804 sepultus
2870 2744 2973 2791 est.
3008 2735 3320 2792 Eustratius
3351 2751 3477 2792 vero
3508 2752 3632 2791 cum
3673 2753 3706 2791 a

2109 2837 2289 2881 morte
2312 2827 2480 2897 patris
2512 2841 2688 2882 annos
2709 2828 2954 2900 quinque
2974 2829 3222 2890 vixisset.
3255 2829 3479 2885 dormiit
3508 2839 3563 2885 et
3591 2832 3706 2899 ipse

2112 2919 2178 2972 ad
2233 2919 2764 2988 quintumrlecimum
2805 2920 3009 2976 mensis
3038 2917 3325 2986 Januarii,
3361 2922 3490 2976 anni
3541 2921 3704 2986 6057,

426 3016 627 3069 'lavoua
639 3016 755 3087 ρίου
783 3015 976 3087 μηνὸς,
1007 3014 1162 3079 ἔτους
1195 3015 1352 3088 ιςτζκ
1379 3017 1438 3070 tv
1465 3017 1544 3086 τῷ
1570 3015 1838 3088 εὐωνύμῳ
1858 3017 2007 3089 μέρει

2121 3014 2174 3067 in
2204 3013 2430 3068 sinistra
2450 3012 2695 3069 ecclesiae
2717 3025 2870 3084 parte
2889 3014 3159 3069 conditus.
3185 3012 3426 3084 lgnatius
3447 3015 3704 3084 denique,

409 3116 505 3183 τῆς
535 3109 839 3186 ἐκκλησίας
867 3111 1073 3167 πεσών.
1123 3112 1186 3167 '0
1218 3112 1276 3166 δὲ
1315 3110 1576 3179 Ἰγνάτιος
1604 3110 1634 3163 0
1673 3113 1770 3166 καὶ
1805 3113 2006 3182 πρότε-

413 3222 505 3277 ρον
533 3205 784 3278 Νικήτας
823 3204 1188 3270 καλούμενος,
1233 3203 1336 3273 τῆς
1380 3203 2009 3268 Κωνσταντινουπόλεως

409 3300 676 3373 πρόεδρος
699 3294 840 3356 εἶναι
873 3299 1078 3370 λαχὼν,
1107 3298 1323 3363 πολλοῖς
1357 3297 1588 3370 ὕστερον
1616 3298 1834 3371 χρόνοις
1857 3300 1918 3352 ὲν
1940 3301 2007 3372 τῇ

414 3395 552 3465 μονῇ
604 3392 989 3465 καλουμένῃ-³⁸
1044 3392 1329 3460 Σατύρου,
1375 3390 1444 3462 ἣν
1497 3389 1626 3462 ἄρτι
1671 3391 1738 3445 ὲκ
1791 3390 2012 3462 βάθρων

412 3484 736 3556 δειμάμενος
764 3486 978 3555 ἔτυχεν,
1011 3484 1071 3538 τὸ
1106 3485 1252 3554 ἱερὸν
1282 3482 1450 3538 αὐτοῦ
1484 3483 1648 3555 σῶμα
1677 3485 2008 3556 κατέθηκεν.

413 3577 564 3647 Αὕτη
606 3577 666 3632 δι
713 3579 747 3650 ἡ
801 3576 940 3649 μονὴ
987 3576 1086 3630 καὶ
1126 3575 1219 3630 τοῦ
1288 3575 1698 3641 Ἀνατέλλοντος
1749 3577 2012 3648 κέκληται

413 3672 604 3741 τρόπῳ
640 3671 853 3742 τοιῷδε.
899 3670 1062 3724 Ἀλλὰ
1112 3670 1356 3741 Σάτυρος
1412 3670 1549 3742 μὲν,
1586 3670 1670 3724 ὅτι
1699 3671 1765 3725 ἐκ
1809 3669 2011 3742 μικροῦ

416 3765 791 3836 διαστήματος
831 3763 932 3833 τῆς
966 3761 1228 3834 τοιαύτης
1265 3763 1434 3835 μονῆς
1473 3765 1502 3818 0
1547 3763 1778 3829 παλαιὸς
1813 3763 2013 3833 ὀνομά-

402 3861 570 3925 ,ζεται
600 3859 876 3930 Σάτυρος.
904 3860 962 3913 ὲν
1093 3854 1164 3930 ἦν
1207 3859 1355 3930 ίερὸν
1395 3859 1549 3931 παρὰ
1581 3859 1690 3913 τῶν
1745 3859 2014 3931 Ἑλλήνων

401 3935 772 4023 ὀἰκοδομηθὲν
815 3951 890 4022 τῷ
939 3951 1090 4023 αὺτῷ
1129 3953 1359 4023 Σατύρῳ
1407 3945 1467 4006 οὗ
1514 3951 1638 4006 καθ’
1667 3952 2012 4024 ὁμωνυμίαν,

416 4047 501 4100 διὰ
527 4055 588 4099 τὸ
611 4047 842 4114 πλησίον
866 4042 1006 4100 εἶναι
1033 4046 1133 4114 τὴν
1157 4045 1455 4117 είρημένην
1479 4047 1670 4116 μονὴν,
1695 4047 1773 4117 τῷ
1788 4046 2016 4118 τοιούτῳ

419 4138 669 4192 καλεῖται
693 4138 940 4202 ὀνόματιο
964 4135 1022 4200 ἐξ
1045 4129 1214 4206 οὗπερ
1232 4137 1324 4189 καὶ
1347 4137 1376 4188 0
1393 4133 1487 4188 τοῦ
1509 4136 1554 4166 ³⁸
1573 4134 1751 4205 Βρύου
1775 4133 2016 4189 παλάτια

421 4230 611 4294 κτίσας
637 4230 897 4299 Θεόφιλος
921 4229 1172 4299 βασιλεὺς
1201 4228 1291 4299 τὴν
1317 4225 1451 4297 ὖλην
1481 4227 1817 4298 ἀφελόμενος
1842 4227 2016 4281 ταῦτα

423 4325 677 4394 ἐδείματο
747 4323 1079 4376 Ἀνατέλλων
1129 4320 1189 4374 δὲ
1220 4321 1288 4374 δι’
1327 4322 1510 4374 αἰτίαν
1535 4320 1792 4392 τοιαύτην
1816 4337 1830 4355 ο
1867 4323 2014 4376 Κυν-

2112 3106 2205 3175 qui
2239 3115 2291 3160 et
2318 3106 2470 3176 prius
2500 3104 2719 3161 Nicetas
2741 3116 2969 3162 vocatus
2992 3117 3093 3172 est,
3128 3105 3385 3163 Ecclesia:
3407 3106 3709 3178 Cpolitanaa

2111 3198 2313 3268 praesul
2367 3197 2616 3262 eﬁectus,
2661 3197 2851 3254 multis
2889 3209 3012 3269 post
3060 3201 3223 3253 annis
3264 3201 3318 3254 in
3369 3201 3707 3255 monasterio

2113 3291 2262 3361 quod
2295 3289 2473 3361 Satyri
2506 3298 2724 3354 vocant,
2751 3291 2898 3362 quod
2925 3301 2982 3346 et
3009 3291 3128 3361 ipse
3161 3292 3326 3361 paulo
3351 3303 3478 3348 ante
3517 3309 3544 3346 a
3575 3293 3705 3346 fun-

2114 3385 2386 3440 damentis
2405 3386 2743 3450 condiderat,
2768 3401 2986 3440 sacrum
3010 3401 3212 3454 corpus
3235 3401 3397 3442 suum
3429 3387 3706 3457 deposuit.

2113 3475 2234 3532 Hoc
2287 3492 2455 3546 porro
2501 3478 2898 3533 monasterium
2937 3479 3102 3533 etiam
3133 3477 3370 3533 Orientis
3401 3493 3598 3534 nomen
3647 3480 3706 3535 in

2113 3587 2238 3629 eum
2262 3573 2485 3629 modum
2509 3572 2766 3627 sortitum
2797 3573 2900 3642 21
2918 3585 3022 3628 est.
3051 3573 3254 3628 Verum
3277 3571 3459 3644 Satyri
3484 3573 3707 3643 quidem

2115 3665 2220 3721 fuit
2252 3666 2603 3736 appellatum,
2626 3665 2777 3736 quod
2798 3665 2944 3720 haud
2975 3667 3161 3736 procul
3185 3665 3255 3720 ab
3283 3679 3350 3720 eo
3375 3667 3709 3720 monasterio

2114 3769 2276 3814 vetus
2299 3758 2526 3829 Satyrus
2550 3760 2847 3822 diceretur,
2866 3758 2957 3813 ubi
2981 3756 3298 3814 Graecanica
3320 3759 3712 3828 superstitinno

2117 3852 2293 3906 eidem
2315 3849 2510 3920 Satyro
2537 3851 2723 3906 fanum
2747 3863 3089 3907 exstructum
3121 3861 3338 3915 erat.ex
3361 3853 3482 3923 ejus
3510 3854 3710 3909 vicinia

2118 3945 2234 3999 hate
2284 3944 2401 4014 ipsa
2445 3945 2737 4012 appellatio
2775 3945 3116 3999 monasterio
3148 3945 3381 4000 haeserat
3415 3963 3431 4009 ;
3479 3960 3546 4000 ex
3588 3946 3710 4015 ejus

2119 4052 2286 4108 porro
2328 4037 2505 4091 ruinis
2537 4035 2872 4105 Theophilus
2924 4037 3222 4106 imperator
3263 4039 3440 4093 ablata
3483 4042 3714 4095 materie

2120 4131 2299 4204 regias
2333 4132 2476 4187 aedes
2511 4133 2798 4195 exstruxit,
2833 4147 2965 4203 quas
2995 4143 3191 4188 vocant
3226 4130 3388 4203 Brya.
3423 4131 3495 4188 Ut
3527 4143 3710 4187 autem

2123 4222 2317 4281 Oriens
2346 4237 2656 4287 vocaretur,
2694 4225 2963 4292 ejusmodi
2998 4241 3164 4280 causa
3189 4227 3404 4280 accidit.
3445 4207 3715 4281 Veniente

2127 4318 2422 4389 aliquando
2469 4318 2780 4386 Nicephoro
2821 4318 3144 4385 imperatore
3176 4320 3242 4374 ad
3280 4334 3372 4374 eas
3398 4328 3583 4387 partes
3619 4319 3712 4374 ubi

423 4378 708 4485 ηγετοῦντί
739 4430 868 4467 ποτε
894 4411 1200 4483 Νικηφὸρῳ
1231 4410 1310 4482 τῷ
1342 4410 1554 4480 βασιλεῖ
1601 4411 1658 4463 ἐν
1691 4378 1774 4473 οἷς
1815 4409 2007 4479 ἀρτίως

2125 4410 2233 4479 iam
2275 4412 2671 4493 monasterium
2705 4409 2981 4464 conditum
3024 4419 3130 4475 est,
3160 4425 3224 4465 co
3250 4410 3397 4479 quod
3426 4411 3582 4466 locus
3610 4411 3715 4464 du—

425 4510 568 4564 ὶστὶν
597 4510 631 4579 ἡ
668 4507 804 4578 μονὴ
838 4505 1068 4577 μέρεσι,
1101 4503 1188 4557 διὰ
1218 4503 1280 4556 τὸ
1311 4502 1532 4571 ἀλσώδη
1565 4502 1661 4556 καὶ
1688 4501 1955 4555 δύσϐατον
1975 4501 2020 4534 ’⁷

424 4595 564 4654 εἶναι
581 4600 678 4653 καὶ
700 4597 836 4669 πρὸς
858 4597 1032 4668 θήραν
1055 4595 1212 4660 ζώων
1231 4594 1569 4663 ἐπιτηδείαν,
1596 4592 1680 4666 [Ρ.
1709 4589 1798 4665 14]
1817 4592 2018 4662 ἐλάφου

429 4691 692 4763 μιγὶστης
734 4689 999 4760 φανείσης
1036 4688 1132 4742 καὶ
1165 4686 1652 4758 καταδιωκομὲνης
1694 4685 1788 4739 καὶ
1817 4703 2020 4755 χειρω-

341 4816 348 4824 -
427 4787 612 4856 θείσης
641 4787 700 4839 ὲν
730 4785 881 4855 αὐτῷ
910 4784 989 4854 τῷ
1019 4785 1173 4852 τόπῳ
1205 4786 1263 4836 ὲν
1291 4776 1335 4850 ᾧ
1371 4781 1469 4836 νῦν
1507 4785 1569 4835 τὸ
1602 4783 1698 4853 τῆς
1734 4784 1901 4853 μονῆς
1928 4783 2022 4837 θυ-

430 4878 746 4947 σιαστήριον
788 4875 1030 4944 ἵδρυται,
1091 4873 1294 4945 εὑρέθη
1343 4872 1596 4945 τράπεζα
1651 4873 1858 4928 παλαιὰ
1918 4873 2024 4926 ὑπὸ

431 4971 606 5034 κίονος
638 4967 1022 5041 βασταζομένη
1043 5008 1058 5032 ,
1105 4969 1393 5038 γράφουσα
1422 4967 1626 5031 οὕτως·
1675 4965 1860 5021 Τοῦτό
1889 4966 2023 5020 ἐστι

431 5063 496 5117 τὸ
523 5061 965 5132 θυσιαστήριον
995 5060 1101 5115 τοῦ
1129 5061 1614 5130 ἀρχιστρατήγου
1643 5058 1888 5128 Μιχαὴλ
1915 5059 2024 5112 τοῦ

432 5156 877 5223 ἀνατέλλοντος
894 5197 911 5221 ,
966 5155 1114 5222 ὅπερ
1155 5155 1545 5223 ἐνεθρόνισεν
1595 5155 1627 5206 ό
1675 5153 2022 5218 ἀπόστολος

446 5248 743 5319 Ἀνδρέας.
781 5249 944 5303 Ἀλλά
985 5247 1162 5302 ταῦτα
1187 5248 1288 5316 μὲν
1313 5247 1374 5301 ού
1397 5248 1519 5301 τότε
1539 5289 1552 5315 ,
1576 5246 1771 5318 χρόνου
1797 5245 1855 5300 δὲ
1881 5263 1952 5299 πα
1962 5263 2023 5316 ρο

433 5342 749 5414 ιληλυθότος
768 5341 967 5396 πολλοῦ
994 5339 1243 5412 ὕστερον.

2125 4519 2314 4558 mosus
2343 4513 2491 4557 esset
2513 4511 2567 4555 et
2595 4501 2893 4570 impervius
2921 4502 3368 4572 siivcstrmmque
3392 4502 3715 4558 animalium

2123 4595 2403 4650 venationi
2454 4594 2723 4656 idoneus,
2785 4609 2909 4648 cum
2979 4595 3323 4663 apparuisset
3377 4595 3713 4666 praegrandis

2123 4703 2337 4752 cervus,
2369 4685 2691 4755 infestisque
2714 4687 2946 4741 canibus
2974 4700 3041 4741 eo
3065 4687 3186 4756 ipso
3215 4688 3335 4741 loco
3353 4687 3406 4742 in
3434 4702 3544 4757 quo
3569 4703 3716 4744 nunc

2125 4781 2442 4835 monasterii
2477 4779 2780 4833 sacrarium
2812 4790 3056 4834 erectum
3099 4789 3183 4834 est
3206 4789 3401 4850 captus
3430 4790 3596 4844 esset,
3630 4782 3718 4836 in-

2124 4885 2286 4930 venta
2338 4887 2420 4930 es;
2467 4882 2625 4927 vetus
2676 4889 2904 4937 mensa,
2948 4889 3111 4943 quam
3145 4874 3399 4928 columna
3441 4872 3718 4940 iniciebat,

2127 4967 2298 5021 hocce
2323 4966 2481 5019 titulo
2511 4983 2523 5018 :
2564 4963 2678 5017 Hoc
2701 4977 2781 5018 est
2807 4966 2984 5018 altare
3015 4964 3292 5019 Michaelis
3327 4965 3551 5020 caelestis
3571 4968 3717 5020 mili-

2126 5061 2214 5113 tiw
2236 5058 2518 5126 principis,
2545 5059 2684 5126 quod
2717 5058 2959 5112 Andreas
2991 5058 3262 5126 apostolus
3287 5061 3478 5121 posuit.
3511 5058 3719 5114 Verum

2126 5149 2241 5204 haec
2282 5165 2389 5202 non
2432 5159 2563 5203 tunc
2615 5158 2764 5219 gesta
2808 5161 2958 5213 sunt,
3001 5153 3097 5205 sed
3145 5149 3237 5204 ubi
3272 5161 3460 5222 postea
3491 5150 3721 5219 longum

2135 5254 2350 5316 tempus
2371 5244 2673 5302 emuxerat.

1755 5499 1988 5557 VARIA‘I
2029 5494 2323 5554 LECTION
2332 5494 2436 5551 ES.

504 5651 549 5688 "
579 5649 866 5707 Cedrenus
904 5666 918 5702 :
949 5645 1040 5700 τὸν
1066 5645 1165 5714 τῆς
1187 5643 1454 5696 Θεοτόκου
1481 5642 1627 5714 ναόν.
1672 5712 1680 5714 ἓ
1703 5641 1749 5673 ⁸³
1772 5639 2055 5714 gedrenus
2077 5639 2366 5714 Πρώτῃν.Δ
2409 5637 2456 5668 ’³
2484 5634 2549 5705 δὴ

2718 5636 2779 5710 ’⁸,
2797 5635 3073 5710 utalia]
3101 5638 3357 5695 videntur
3381 5636 3734 5696 rcdundarm'

439 5706 624 5793 margo
653 5722 712 5780 P.
793 5721 842 5754 ”
875 5721 935 5772 tv
955 5718 1022 5789 τῇ
1060 5706 1197 5788 μονῇ
1229 5715 1299 5785 τῇ
1325 5714 1421 5768 x.i
1493 5713 1538 5745 “
1572 5715 1600 5767 0
1629 5712 1696 5767 τὰ
1716 5711 1809 5767 1:05
1833 5712 1854 5767 ?
1881 5713 1952 5769 cf.
1985 5712 2076 5767 6|.
2130 5706 2201 5748 ⁷⁸⁷
2232 5706 2477 5764 δύσϐατα
2510 5716 2560 5762 ει
2589 5706 2916 5780 ἐπιτήδειαιῖ
