3958 6034
256 313 323 371 35
1257 297 1259 299 ’
1360 305 1874 369 THEOPHANES
1901 303 2475 371 CONTINUATUS.
3514 306 3589 374 36

328 418 414 469 tt.
442 414 666 468 Interim
695 412 1000 469 revocanda
1027 410 1093 466 ad
1123 411 1434 468 institutum
1457 414 1636 470 oratio
1663 422 1769 481 est,
1789 429 1854 470 ac

2030 416 2123 474 ια’.
2163 415 2537 472 Ἐπανακτέον
2567 415 2628 471 δὲ
2653 414 2747 471 τὸν
2770 414 2948 486 λόγον,
2985 416 3083 473 καὶ
3110 417 3209 489 τὴν
3242 415 3444 475 αἰτίαν
3481 416 3589 491 ζη-

258 509 611 579 1uazrendum
645 507 776 578 quid
812 508 960 562 velut
987 522 1052 561 ex
1099 507 1354 562 condicto
1383 506 1577 564 ambos
1621 506 1854 573 induxe-

253 606 347 668 rit,
383 613 496 657 tum
528 603 722 672 nempe
757 600 1076 656 Michaelcm
1095 610 1156 655 ut
1183 601 1316 655 nihil
1344 615 1526 671 opera:
1552 602 1854 658 asserenda

254 696 358 752 sibi
395 693 628 765 imperio
661 693 914 763 hostique
949 693 1252 748 obnitendo
1291 694 1556 762 posuerit,
1591 709 1719 750 cum
1751 707 1854 748 nec

256 786 521 851 formicae,
553 796 613 840 ut
639 787 834 857 adagio
862 783 1055 847 fertur.
1092 786 1173 840 ira
1206 785 1372 853 desit;
1399 795 1514 841 tum
1551 783 1687 842 vero
1714 785 1854 841 Leo-

257 895 381 934 nem
412 880 572 936 utsic
599 880 858 934 audacter
897 879 1032 936 illud
1065 878 1364 939 invaderet.
1396 878 1548 933 Hanc
1575 880 1723 934 enim
1753 893 1854 948 ego

258 971 600 1026 verissimam
660 970 1011 1040 disciplinam
1062 980 1116 1025 et
1176 969 1244 1024 ad
1295 970 1547 1040 politicas
1604 973 1854 1028 actiones

256 1065 707 1120 exercitationem
740 1064 995 1127 dixerim,
1027 1063 1500 1133 evidentissimam
1537 1063 1616 1118 rei
1658 1064 1854 1134 cujus-

257 1173 362 1228 que
400 1173 646 1224 cansam,
683 1172 862 1228 neque
891 1157 1034 1210 hanc
1077 1157 1282 1222 solum,
1330 1157 1426 1213 sed
1471 1173 1593 1228 quae
1637 1157 1854 1214 occulta

258 1253 350 1320 sit,
371 1261 711 1322 compertam
732 1251 934 1306 habere
957 1269 973 1318 ;
1001 1266 1108 1321 qua
1129 1251 1238 1321 22
1267 1250 1358 1321 qui
1387 1260 1568 1306 careat
1593 1265 1658 1308 ac
1680 1251 1856 1306 nuda-

259 1357 348 1401 tus
366 1347 439 1402 sit
455 1346 811 1402 historiarum
853 1344 1010 1410 liber,
1036 1333 1182 1399 haud
1204 1347 1321 1400 scio
1340 1360 1409 1400 an
1435 1344 1610 1416 frugis
1642 1344 1854 1416 aliquid

257 1439 557 1494 lectoribus
593 1438 866 1494 allaturus
899 1437 996 1492 sit.
1051 1435 1185 1492 Erat
1248 1436 1497 1493 Michaeli
1533 1438 1854 1509 imperatori

258 1531 436 1585 vicina
487 1529 738 1600 quzedatn
767 1527 1079 1582 .ancillnla.
1134 1527 1263 1584 Haec
1310 1510 1853 1601 certis°quibusd°am

252 1631 567 1693 temporum
605 1621 908 1676 intervallis
946 1619 1135 1676 furore
1177 1631 1297 1676 acta
1345 1637 1410 1676 ac
1444 1622 1641 1692 spiritu
1675 1622 1852 1678 amata

253 1715 663 1771 vaticinabatur
711 1713 1008 1784 futuraque
1039 1713 1308 1768 edicebat.
1340 1713 1441 1768 Cui
1476 1713 1544 1769 ad
1579 1715 1734 1771 littus
1761 1716 1851 1769 cui

255 1809 551 1865 Bueoleoni
605 1823 806 1864 nomen
865 1808 1066 1878 saepius
1114 1807 1374 1873 venienti,
1422 1808 1550 1863 inde
1594 1819 1852 1865 contenta
1886 1787 1928 1842 Β

258 1905 596 1959 inclamabat
613 1917 746 1957 voce
773 1921 789 1956 :
814 1901 1081 1956 Descende
1105 1901 1246 1968 inde,
1279 1901 1529 1981 Michael,
1553 1902 1808 1959 descende
1833 1921 1853 1969 ;

256 2016 320 2052 ac
345 1998 532 2052 alienis
557 1997 702 2063 cede,
737 1996 836 2050 has
863 1996 1076 2052 scilicet
1109 1996 1160 2048 in
1190 2009 1316 2049 eum
1352 2010 1514 2050 voces
1543 1995 1852 2051 intendens.

257 2092 376 2148 Hoc
431 2092 509 2146 ita
567 2090 767 2158 Saepius
822 2089 1132 2145 factitatum
1182 2087 1264 2144 sic
1312 2087 1631 2157 percrebuit
1655 2096 1717 2143 ut
1754 2104 1858 2144 nec

248 2192 452 2255 sponte
480 2187 678 2240 surdos
709 2183 947 2252 unisque
981 2182 1266 2237 studentes
1308 2181 1432 2236 vitae
1467 2179 1679 2236 deliciis
1713 2180 1858 2235 latu-

250 2279 382 2333 erit.
412 2275 552 2333 Sero
583 2292 718 2348 ergo
750 2276 972 2331 tandem
999 2274 1064 2330 ad
1103 2275 1250 2344 ipsas
1294 2274 1641 2343 imperatoris
1667 2288 1852 2340 aures,

253 2372 467 2428 sinistri
495 2371 701 2441 aliquid
728 2371 972 2425 rumoris
995 2370 1119 2439 ejus
1149 2369 1334 2422 animo
1363 2368 1640 2439 ingerens,
1669 2383 1734 2422 ea
1765 2382 1854 2424 res

256 2466 525 2537 pervenit.
574 2464 696 2519 Mox
735 2464 824 2518 ille
858 2463 1080 2532 (lubens
1110 2462 1256 2516 enim
1287 2461 1524 2531 quisque
1555 2460 1724 2516 animi
1755 2461 1856 2517 do-

255 2555 430 2610 iorem
458 2553 652 2607 amicis
677 2552 916 2622 detegit)
951 2550 1239 2605 Theodoto
1264 2549 1490 2604 cuidam
1527 2547 1854 2615 Melisseno,

256 2654 624 2718 cognomento
640 2643 950 2710 Cassitcrae,
976 2659 1088 2714 quo
1112 2659 1238 2699 vere
1257 2644 1436 2700 amico
1458 2645 1535 2698 uti
1559 2642 1857 2708 videretur,

254 2756 396 2811 quos
427 2737 574 2794 fama
598 2739 831 2809 jactaret
869 2753 1154 2792 sermones
1187 2739 1587 2793 cummunicat.
1613 2736 1663 2793 Is
1692 2753 1858 2808 porro

255 2832 536 2900 singulare
591 2831 722 2901 quid
768 2845 1003 2900 vereque
1060 2839 1237 2885 tutum
1297 2832 1670 2901 prmstandum
1742 2847 1860 2886 mo-

260 2935 389 2992 net;
455 2924 674 2994 nempe,
710 2939 821 2992 quo
883 2933 1128 2993 tempore
1169 2925 1350 2993 puclla
1377 2924 1562 2979 furore
1594 2922 1860 2993 corripie-

257 3028 368 3083 tur,
411 3016 593 3071 solerti
625 3031 692 3070 ex
727 3017 820 3070 illa
856 3015 1114 3087 indagine
1159 3017 1554 3087 inquirendum
1599 3030 1856 3087 quanam

1953 510 2150 581 τητέον
2177 510 2280 580 τὴν
2309 509 2486 574 οὕτως
2527 509 2604 574 ὡς
2631 509 2691 575 ἐξ
2720 511 2984 583 όμολόγου
3015 510 3292 566 πείσασαν
3329 511 3592 582 ἀμφοτέ-

1957 619 2109 673 ρους,
2145 601 2238 656 τὸν
2269 601 2370 671 μὲν
2395 601 2618 674 Μιχαὴλ
2648 603 2775 676 μηδ’
2800 603 2936 668 ὅλως
2972 602 3114 674 ὑπὲρ
3147 604 3248 674 τῆς
3285 601 3591 674 βασιλείας

1955 696 2229 766 ἀντισχεῖν
2263 695 2484 767 (ἔνεστι
2512 697 2643 765 γὰρ,
2669 697 2745 761 ὡς
2774 699 2806 768 ἡ
2843 698 3133 768 παροιμία,
3171 699 3278 752 κάν
3312 696 3592 770 μύρμηκι

1957 790 2090 863 χολὴ
2112 793 2153 859 ),
2176 790 2270 845 τὸν
2300 791 2507 845 Λέοντα
2531 791 2590 846 δὲ
2615 790 2964 865 θαρρούντως
2986 791 3242 862 ἐπιϐῆναι
3271 792 3378 845 καὶ
3410 805 3592 846 κατα-

1953 883 2226 954 τολμῆσαι
2267 883 2461 955 αὐτῆς.
2511 883 2618 938 Καὶ
2648 885 2760 955 γὰρ
2791 883 2999 955 ταύτην
3031 884 3202 957 μόνην
3234 881 3477 955 εἴποιμι
3515 880 3590 936 ἂν

1956 975 2068 1046 ἐγὼ
2108 971 2248 1031 εἶναι
2293 977 2706 1049 ἀληθινωτάτην
2741 978 2991 1033 παιδείαν
3021 995 3082 1031 τε
3121 979 3217 1033 καὶ
3248 974 3589 1048 γυμνασίαν

1956 1069 2097 1141 πρὸς
2115 1071 2216 1131 τὰς
2237 1071 2528 1137 πολιτικὰς
2547 1072 2802 1144 πράξεις,
2823 1071 2925 1142 τὴν
2947 1072 3371 1143 ἐναργεστάτην
3393 1069 3590 1127 αἰτίαν

1957 1163 2052 1217 καὶ
2078 1162 2140 1217 τὸ
2171 1161 2246 1232 μὴ
2273 1163 2436 1234 τήνδε
2467 1163 2607 1217 ἀλλά
2630 1163 2814 1234 τήνδε,
2835 1161 3372 1234 ὲπικεκαλυμμένην
3399 1177 3589 1217 καταο

1957 1256 2165 1329 φορὰν,
2190 1254 2261 1331 ἦς
2292 1257 2444 1311 πᾶσα
2477 1256 2542 1326 δὴ
2580 1255 2763 1328 βίϐλος
2791 1257 3042 1326 ἱστορικὴ
3075 1255 3433 1328 στερουμένη
3484 1252 3590 1309 καὶ

1955 1351 2424 1424 ἀπογυμνουμένη
2453 1349 2554 1404 οὐκ
2582 1344 2680 1402 οἷδ’
2707 1349 2762 1402 εί
2778 1366 2901 1402 τινα
2929 1349 3120 1418 ὄνησιν
3146 1348 3439 1420 παράσχοι
3466 1350 3589 1411 τοῖς

1957 1446 2398 1517 ἐντυγχάνουσιν.
2441 1444 2691 1515 Ύπῆρχε
2721 1441 2779 1496 δὲ
2811 1443 2858 1475 ⁸⁸
2890 1441 3113 1514 Μιχαὴλ
3153 1439 3586 1512 θεραπαινίδιόν

1954 1549 2009 1595 τι
2049 1539 2365 1608 πρόσοικον,
2398 1538 2426 1591 ὃ
2467 1538 2614 1592 κατὰ
2658 1552 2813 1600 τινας
2859 1535 3350 1607 ἑκϐακχευόμενόν
3382 1553 3452 1589 τε
3481 1535 3588 1590 καὶ

1956 1631 2356 1705 ὲνεργούμενον
2411 1631 2697 1702 περιόδους
2750 1629 3094 1700 ἀπεφοίὸαζέ
3150 1647 3210 1684 τε
3245 1628 3348 1684 καὶ
3401 1630 3589 1700 ἐμαν-

1954 1728 2168 1795 τεύετο,
2230 1728 2326 1781 καὶ
2383 1725 2524 1798 πρὸς
2584 1724 2663 1795 τῷ
2719 1722 2814 1778 τοῦ
2879 1723 3270 1788 Βουκολέοντος
3330 1720 3588 1793 αἰγιαλῷ

1956 1819 2333 1894 προσφοιτῶν,
2363 1818 2663 1888 Κατάόηθι
2687 1817 2942 1882 ἐκεῖθεν,
2975 1818 3290 1886 κατάϐηθι,
3323 1817 3589 1887 γεγωνόο

1954 1931 2139 1986 τερον,
2186 1907 2234 1968 ὦ
2281 1911 2552 1982 Μιχαὴλ,
2606 1910 2854 1977 ἐπεϐόα,
2907 1907 3009 1964 καί
3062 1907 3185 1963 τῶν
3228 1908 3588 1980 ἀλλοτρίων

1955 2007 2308 2076 ἀφίστασο,
2351 2002 2490 2074 πρὸς
2547 2003 2713 2058 αὐτὸν
2766 2002 2833 2073 δὴ
2885 2001 3079 2057 τοῦτον
3137 1999 3585 2073 ἀπορριπτοῦσα

1957 2099 2165 2170 φωνάς.
2207 2099 2326 2153 Οὐκ
2371 2095 2534 2151 ἔλαθε
2578 2094 2714 2165 γοῦν
2757 2095 2918 2151 τοῦτο
2964 2095 3229 2159 πολλάκις
3269 2097 3584 2166 γενόμενον

1955 2191 2080 2246 οὐδὲ
2107 2191 2235 2255 τοὺς
2269 2189 2634 2256 ὲθελοκωφεῖν
2664 2189 2954 2256 ἐθέλοντας
2983 2189 3079 2242 καὶ
3105 2189 3201 2243 τὸν
3231 2189 3350 2260 βίον
3389 2205 3583 2258 παρα-

1957 2283 2202 2354 πέμπειν
2231 2283 2591 2353 εύφρόσυνον,
2629 2279 2748 2335 ἀλλ’
2788 2280 3026 2353 ἔφθασεν
3053 2279 3153 2352 ὀψὲ
3183 2279 3316 2348 γοῦν
3357 2282 3447 2343 είς
3472 2278 3582 2344 τὰς

1959 2375 2250 2448 βασιλικὰς
2275 2376 2447 2441 ἀκοὰς
2473 2415 2489 2439 ,
2521 2373 2689 2447 θροῦν
2713 2374 2810 2428 καὶ
2838 2375 3035 2429 λαλιάν
3063 2392 3185 2428 τινα
3209 2376 3312 2428 οὐκ
3342 2373 3584 2428 εὔελπιν

1957 2468 2248 2540 ἐμποιοῦν.
2304 2468 2414 2521 Καὶ
2462 2466 2522 2532 ὃς
2575 2467 2766 2538 (φιλεῖ
2816 2468 2925 2539 γὰρ
2971 2466 3206 2530 ἕκαστος
3241 2467 3302 2521 τὸ
3356 2464 3582 2520 λυποῦν

1957 2563 2336 2637 ἑκπομπεύειν
2357 2565 2472 2630 τοῖς
2493 2563 2650 2632 φιλου
2659 2562 2847 2634 μένοις
2867 2560 2887 2631 )
2916 2559 3161 2631 Θεοδότῳ
3183 2559 3294 2613 τινὶ
3321 2558 3405 2630 τῷ
3425 2556 3583 2614 κατά

1955 2660 2049 2716 τὸν
2101 2657 2450 2728 Μελισσηνδν
2499 2657 2713 2728 γνησίῳ
2757 2654 3038 2721 δοκοῦντι,
3094 2649 3142 2723 ᾧ
3187 2651 3497 2725 ἐπώνυμον
3549 2652 3582 2705 ὁ

1958 2754 2332 2826 Κασσιτερᾱς,
2385 2752 2457 2806 τὰ
2497 2752 2608 2805 τῶν
2649 2751 2826 2821 λόγων
2869 2746 3253 2812 ἀνεκοινοῦτο,
3297 2748 3395 2802 καί
3447 2762 3581 2802 τινα

1961 2846 2159 2918 βουλὴν
2191 2844 2518 2911 ὲξανύεσθαι
2567 2842 2972 2914 ὲσυμῦούλευεν
3016 2841 3203 2895 αίσίαν
3251 2841 3430 2904 ὃντως
3478 2841 3582 2893 καλ⁸

1957 2937 2202 3008 ἀσφαλῆ.
2241 2937 2307 2993 ΊΙ
2336 2937 2394 2989 δὲ
2421 2931 2490 3006 ἦν
2518 2933 2612 2988 τοῦ
2641 2935 2786 2989 κατὰ
2810 2933 2904 2988 τὸν
2938 2932 3129 3004 καιρὸν
3161 2933 3251 2986 ὅτε
3279 2930 3347 3003 δὴ
3374 2928 3582 3000 qam.“—

1959 3032 2167 3099 ληπτον
2209 3028 2436 3098 γένηται
2472 3025 2536 3079 τὸ
2567 3025 2859 3096 κοράσιον,
2906 3023 3337 3095 ἀκριϐολογῆσαι
3374 3020 3581 3093 τρόπῳ

255 3110 428 3164 futuri
479 3110 830 3180 imperatoris
880 3109 1084 3164 familia
1132 3124 1449 3179 nomenque
1500 3124 1564 3163 ac
1601 3109 1854 3178 corporis

1959 3121 2128 3176 παντὶ
2157 3120 2239 3185 τίς
2262 3137 2322 3175 τε
2345 3118 2434 3192 εἴη
2462 3117 2611 3173 οίκία
2643 3116 2740 3172 τοῦ
2773 3116 3213 3188 βασιλεύσοντος,
3247 3115 3341 3170 καὶ
3368 3113 3581 3184 κλῆσιν

257 3207 430 3275 figura
483 3207 576 3259 sit.
635 3203 850 3258 Placuit
885 3203 1184 3260 c0nsilinm
1227 3220 1242 3270 ;
1302 3202 1609 3272 mulierque
1651 3201 1852 3272 spiritu

256 3299 558 3371 Pythonico
579 3297 757 3352 amata
792 3297 936 3350 nulla
961 3310 1115 3351 mora
1142 3295 1224 3348 sic
1257 3293 1596 3364 percontanti
1627 3308 1856 3363 respon-

256 3393 347 3448 det
373 3411 386 3447 :
420 3390 554 3447 Cum
577 3391 653 3444 ad
671 3406 871 3452 arcem,
898 3389 1100 3459 inquit,
1123 3389 1223 3440 tali
1251 3397 1482 3457 tempore
1501 3388 1723 3454 veneris,
1748 3387 1854 3442 duo

255 3486 474 3560 quidam
503 3484 793 3555 ingressuri
821 3489 945 3536 sim!
969 3499 988 3536 :
1023 3482 1181 3535 unius
1211 3497 1400 3534 nomen
1435 3479 1561 3545 Leo,
1590 3483 1679 3551 qui
1710 3481 1853 3535 mulo

256 3581 496 3645 vehatur,
544 3578 768 3632 alterius
798 3574 911 3628 alia
955 3576 1280 3654 nuncupatio
1311 3592 1330 3629 .'
1379 3577 1424 3630 is
1465 3593 1626 3646 porro
1655 3586 1732 3630 est
1763 3578 1855 3640 qui

257 3672 479 3741 imperio
510 3671 761 3739 potietur.
791 3667 916 3723 Haec
943 3667 1126 3737 itaque
1144 3668 1604 3725 sceleratissimus
1629 3669 1735 3741 23
1764 3670 1854 3727 ille.

260 3762 578 3835 imperatori
609 3764 832 3818 audisse
855 3762 1062 3832 dejerat
1098 3778 1113 3815 :
1159 3777 1261 3816 nec
1292 3777 1477 3818 rerum
1508 3778 1634 3834 qua:
1681 3776 1852 3835 gesta:

257 3865 415 3911 erant
436 3856 737 3927 quidquam
769 3855 1033 3924 loquitur,
1054 3853 1150 3917 sed
1179 3868 1378 3926 nugas,
1398 3869 1463 3910 ac
1488 3856 1688 3926 quibus
1718 3857 1854 3912 nihil

259 3949 466 4004 inesset.
501 3949 646 4015 sani,
679 3947 929 4002 mulieris
958 3961 1242 4011 sermones
1272 3957 1452 4002 vocat.
1484 3945 1644 4004 Haud
1676 3951 1856 4004 enim-

257 4057 390 4098 vero
433 4041 551 4112 ipse
599 4055 873 4110 nugarum
915 4039 1039 4096 loco
1085 4039 1275 4094 habuit
1322 4050 1418 4096 aut
1465 4050 1671 4097 temere
1701 4040 1854 4099 fusas

257 4150 424 4216 voces
452 4133 811 4190 existimavit.
835 4134 964 4189 Abit
987 4133 1134 4189 enim
1167 4133 1375 4200 statim,
1409 4149 1474 4189 ac
1500 4135 1641 4192 sicut
1668 4137 1854 4192 audie-

259 4240 346 4283 rat
390 4228 445 4283 in
483 4226 548 4281 ι).
599 4226 756 4282 Pauli
805 4227 1035 4282 delubro
1069 4227 1295 4298 pupillis
1341 4228 1554 4286 alendis
1579 4231 1853 4291 destinato

257 4323 438 4377 virum
469 4320 775 4388 olfendens,
804 4321 1118 4392 collataque
1156 4336 1412 4378 sermone
1433 4338 1499 4380 ac
1539 4325 1666 4382 data
1695 4341 1854 4383 acce-

256 4429 458 4487 ptaque
510 4416 636 4483 fide,
682 4415 939 4486 bonoque
984 4422 1039 4470 et
1071 4414 1260 4471 fidenti
1311 4418 1498 4475 animo
1531 4435 1654 4476 esse
1697 4420 1853 4476 illum

1960 3218 2155 3288 ἥντινα
2185 3212 2368 3286 φέρει,
2394 3211 2490 3267 καὶ
2517 3213 2703 3274 ὁποῖος
2722 3210 2919 3264 τούτου
2949 3210 2978 3262 ό
3004 3210 3313 3281 χαρακτήρ.
3358 3207 3578 3262 Ἐδόκει

1960 3311 2138 3366 ταῦτα
2168 3310 2368 3374 ποιεῖν,
2393 3307 2490 3362 καὶ
2524 3307 2559 3378 ἡ
2592 3305 2965 3376 ἐνεργουμένη
2998 3304 3276 3375 πνεύματι
3310 3303 3578 3370 Πύθωνος

1960 3404 2115 3459 οὐδὲν
2151 3401 2589 3474 ύποστειλαμένη
2612 3443 2628 3468 ,
2657 3399 2820 3457 Κατὰ
2850 3399 2968 3468 τὴν
3012 3399 3370 3475 ἀκρόπολιν,
3408 3401 3575 3470 φησι,

1961 3497 2267 3569 γενομένῳ
2308 3510 2413 3551 σοι
2462 3494 2616 3550 κατὰ
2655 3493 2767 3549 τὸν
2799 3493 2970 3548 δεῖνα
3010 3493 3221 3560 καιρὸν
3262 3491 3375 3546 δύο
3402 3491 3577 3557 τινὲς

1960 3589 2263 3657 ἅνθρωποι
2307 3587 2790 3642 είσιεαιιιιύσόινται⁵
2817 3582 2986 3639 Λέων
3013 3581 3201 3651 ὄνομα
3231 3579 3312 3645 τῷ
3339 3579 3432 3635 ἐνί
3463 3580 3575 3634 ἐπ-

1960 3681 2274 3753 οχουμένφ
2298 3681 2549 3751 ἡμιόνῳ,
2573 3675 2803 3746 θατέρῳ
2829 3675 2897 3729 δὲ
2918 3675 3144 3744 ἕτερον·
3165 3668 3345 3740 οὗτος
3367 3672 3440 3727 δὲ
3459 3670 3576 3741 τῆς

1955 3775 2293 3843 ,βασιλείας
2327 3771 2883 3843 κατευμοιρήσειεν.
2922 3769 3112 3824 Ταῦτα
3138 3767 3270 3838 γοῦν
3303 3768 3514 3831 ἐκεῖνος
3543 3767 3575 3820 ὁ

1960 3869 2226 3942 θεομισὴς
2257 3867 2400 3938 ἀνὴρ
2434 3865 2731 3938 ἐξόμνυταί
2781 3881 2843 3918 τε
2875 3862 3013 3934 πρὸς
3053 3863 3146 3917 τὸν
3192 3859 3420 3932 βασιλέα
3473 3859 3572 3913 καὶ

1961 3965 2113 4033 λέγει
2147 3961 2261 4016 τῶν
2306 3958 2623 4031 γενομένων
2663 3956 2843 4022 οὐδὲν,
2877 3956 3048 4026 λῆρον
3096 3954 3154 4008 δὲ
3201 3955 3331 4018 τοὺς
3372 3950 3570 4020 λόγους

1960 4055 2230 4111 ἀποκαλεῖ
2253 4054 2351 4110 καὶ
2382 4052 2552 4126 μηδὲν
2583 4050 2805 4123 ἔχοντας
2835 4048 3010 4118 ὑγιές.
3060 4047 3202 4101 Ἀλλ’
3231 4049 3334 4101 οὐκ
3372 4043 3569 4113 ἐκείνῳ

1962 4149 2120 4221 λῆροι
2148 4148 2183 4220 ἢ
2231 4147 2428 4220 ἔμετος
2461 4145 2667 4208 ἄλλως·
2722 4142 2913 4197 ἀπεισι
2958 4141 3069 4212 γὰρ
3103 4139 3301 4206 εὐθὺς,
3337 4138 3432 4193 καὶ
3473 4136 3570 4192 τδν

1962 4241 2134 4314 ἄνδρα
2155 4239 2243 4314 [Ρ.
2267 4237 2357 4312 15]
2383 4239 2460 4301 ὡς
2480 4237 2736 4306 ἀκηκόει,
2762 4232 3093 4289 καταλαϐὼν
3115 4235 3173 4287 ὲν
3192 4233 3274 4300 τῷ
3295 4231 3392 4286 τοῦ
3417 4233 3571 4287 θείου

1963 4335 2183 4390 Παύλου
2222 4332 2376 4404 σηκῷ
2415 4330 2491 4402 τῷ
2536 4329 2814 4402 ὀρφανοὺς
2852 4328 3081 4400 τρέφειν
3118 4325 3341 4397 λαχόντι
3369 4367 3384 4390 ,
3437 4343 3571 4382 συν-

1963 4427 2221 4500 ιδριάσας
2247 4428 2345 4479 καὶ
2364 4424 2684 4496 ὁμολογίαις
2710 4421 3147 4492 κατεμπεδώσας
3163 4419 3267 4474 καὶ
3280 4419 3572 4490 ὀχυρώσας

247 4509 475 4579 jnbens,
493 4509 736 4564 divinam
759 4508 865 4564 sibi
882 4509 936 4563 in
959 4517 1174 4566 secreto
1194 4511 1464 4566 detectam
1490 4527 1677 4570 vocem
1698 4515 1855 4583 dixit,

1968 4521 2064 4575 καὶ
2089 4519 2318 4590 θαρρεῖν
2344 4517 2438 4570 καὶ
2465 4515 2682 4587 χαίρειν
2712 4512 3290 4584 παρακελευσάμενος,
3321 4511 3387 4566 ὲκ
3416 4509 3572 4575 θείας

255 4618 380 4673 qua:
409 4602 561 4656 illum
591 4603 981 4672 imperatorem
1009 4601 1128 4658 fore
1149 4604 1298 4660 clare
1327 4605 1703 4665 denuntiaret.
1727 4607 1856 4666 llmc

256 4710 390 4766 ergo
417 4695 687 4752 secretius
719 4703 775 4750 et
798 4695 868 4751 ad
910 4711 1100 4752 aurem
1135 4696 1302 4764 dicta,
1335 4698 1594 4772 velutque
1623 4703 1854 4759 secundi

256 4789 472 4845 colores
523 4789 542 4862 (
578 4788 657 4843 uti
689 4788 802 4844 fere
847 4789 902 4844 in
937 4791 1149 4860 pictura
1185 4790 1288 4862 fit)
1337 4792 1612 4863 prioribus
1642 4796 1856 4854 umbris

260 4879 454 4950 majori
502 4881 857 4950 cxprcssione
896 4881 1094 4951 adjecti
1126 4882 1218 4953 (iis
1254 4883 1463 4940 scilicet
1491 4901 1616 4955 qua
1659 4885 1853 4943 Philo-

261 4972 409 5026 melii
437 4972 742 5027 monachus
771 4972 1008 5044 primum
1046 4973 1379 5031 vaticinatus
1410 4975 1593 5049 erat),
1625 4977 1707 5033 sic
1737 4977 1852 5033 affi-

256 5066 413 5122 ciunt
463 5073 522 5119 ut
569 5079 681 5118 non
740 5065 890 5120 inani
927 5064 1043 5136 jam
1081 5067 1266 5137 specie
1307 5068 1548 5138 exilique
1617 5070 1857 5140 quadam

256 5157 745 5228 repraesentatione
769 5172 833 5211 ac
863 5159 1162 5214 simulacro
1182 5161 1478 5229 imperium
1506 5161 1733 5230 videret,
1765 5163 1860 5219 sed

258 5249 466 5302 nudum
503 5263 566 5302 ac
592 5247 740 5303 velut
767 5250 916 5306 clare
951 5264 1018 5302 eo
1043 5251 1254 5319 potitus
1279 5260 1448 5307 esset.
1485 5252 1558 5308 Ea
1581 5252 1750 5324 igitur
1773 5271 1862 5311 res

258 5354 428 5408 prope
477 5350 788 5395 emortuam
836 5356 902 5397 ac
932 5341 1080 5396 velut
1111 5342 1461 5412 elanguidam
1499 5343 1700 5402 Leonis
1746 5347 1860 5418 spei

258 5434 537 5488 ﬂammam
576 5435 733 5490 novis
761 5434 1055 5490 ardoribus
1090 5437 1361 5504 accendit,
1407 5439 1626 5510 altaque
1651 5441 1863 5498 maesti-

262 5526 474 5581 tndinis
497 5526 698 5598 abysso
713 5525 1034 5583 Michaelem
1056 5529 1272 5593 mersit,
1291 5538 1454 5599 atque
1473 5531 1618 5588 illius
1639 5534 1860 5604 quidem

261 5623 432 5676 animi
475 5622 644 5677 robur
676 5623 871 5685 erexit,
907 5621 1071 5691 hujus
1115 5636 1246 5677 vero
1275 5627 1516 5694 graviter
1551 5629 1854 5683 concussit.

1967 4619 2156 4689 φωνῆς
2179 4616 2365 4686 ἔλεγεν
2388 4615 2704 4688 διδαχθῆναί
2730 4632 2798 4686 με
2820 4615 3154 4686 ἀπορρήτως
3182 4613 3252 4668 τά
3280 4611 3572 4685 μέλλοντα,

1960 4711 2064 4783 τήν
2089 4728 2149 4765 σε
2179 4696 2410 4782 βασιλέα
2439 4708 2779 4780 διαπρυσίως
2801 4707 3202 4778 κηρύττουσαν.
3228 4705 3417 4760 Ταῦτα
3440 4702 3573 4776 γοῦν

1964 4798 2383 4871 ὑπολαληθέντα
2413 4800 2509 4854 καὶ
2538 4795 2653 4852 οἷον
2689 4796 2924 4870 δεύτερά
2953 4813 3076 4852 τινα
3106 4795 3376 4869 χρώματα
3405 4795 3483 4856 ὡς
3514 4785 3572 4848 ἒν

1962 4892 2263 4964 ζωγραφίᾳ
2324 4893 2446 4956 ταῖς
2518 4889 2822 4961 προτέραις
2891 4887 3331 4960 ὲμμορφωθέντα
3386 4887 3573 4950 σκιαῖς

1966 4983 2207 5054 (ὲκείνας
2245 4982 2392 5052 λέγω
2422 4980 2648 5054 πρώτας
2676 4981 2776 5044 τὰς
2800 4981 2848 5014 ⁸³
2879 4979 2984 5033 ὑπὸ
3015 4979 3112 5033 τοῦ
3157 4978 3301 5032 κατά
3329 4976 3391 5030 τδ
3418 4977 3570 5030 Φιλο-

1971 5077 2166 5149 μήλιον
2198 5074 2440 5148 μοναχοῦ
2486 5074 2890 5146 ἑκφανθείσας)
2915 5074 3103 5129 οὐκέτι
3138 5074 3196 5126 ἂν
3240 5071 3445 5142 εἰδώλῳ
3476 5070 3571 5125 καὶ

1967 5167 2208 5238 έμφάσει
2240 5165 2348 5219 τινὶ
2381 5168 2601 5236 ιμποιεῖ
2628 5165 2730 5236 τὴν
2773 5164 3056 5236 βασιλείαν
3084 5164 3239 5234 ὸρᾷν,
3274 5163 3491 5232 γυμνὴν
3514 5161 3570 5215 δὲ

1968 5261 2064 5314 καὶ
2110 5255 2223 5313 οἷον
2254 5260 2313 5313 ὲν
2345 5257 2574 5313 ἐκϐάσει
2624 5257 2834 5327 σαφῶς.
2881 5256 3056 5311 Τοῦτο
3095 5253 3190 5308 οῦν
3233 5256 3336 5324 τήν
3377 5271 3435 5306 τε
3467 5239 3594 5325 ἤδη⁴

1969 5351 2440 5424 κατῃθαλωμένην
2460 5349 2556 5404 τοῦ
2583 5351 2811 5413 Λέοντος
2831 5348 2929 5404 καὶ
2951 5341 3062 5402 οἷον
3080 5345 3571 5418 ἀπομαρανθεῖσαν

1973 5444 2149 5516 φλόγα
2193 5448 2294 5515 τῆς
2342 5445 2560 5508 ἐλπίδος
2602 5442 2982 5512 ὑποτύφεσθαι
3034 5442 3297 5507 ἐποίησεν
3343 5440 3440 5493 καὶ
3482 5437 3572 5492 τὸν

1971 5537 2195 5608 Μιχαὴλ
2222 5539 2280 5591 ὲν
2306 5537 2530 5607 ἀϐύσσῳ
2551 5535 2791 5607 ἀθυμίας
2814 5534 3112 5590 καταδῦναι
3143 5533 3334 5602 πολλῇ,
3359 5532 3454 5586 καὶ
3473 5527 3568 5583 τοῦ

1975 5633 2075 5702 μὲν
2103 5631 2204 5702 τῆς
2232 5631 2411 5704 ψυχῆς
2440 5629 2653 5703 πύργον
2678 5629 3002 5701 ἀνέστησεν,
3030 5628 3124 5682 τοῦ
3166 5628 3223 5680 δὲ
3253 5624 3570 5697 ὲγκατέοειο

1555 5722 1635 5778 VA
1649 5722 1786 5779 “le
1823 5723 2230 5782 LECTIONES.

333 5811 376 5840 “'
412 5806 489 5882 δὲ]
523 5808 578 5862 δὲ
605 5807 724 5878 τῷῖ
828 5810 870 5839 ¹⁹
902 5808 1142 5871 τὰς-01η.
1183 5809 1247 5862 Ρ.
