3958 6034
288 327 357 389 τη
1477 333 1626 398 LIB.
1671 335 1719 396 ι.
1766 357 1824 368 -—
1856 333 2004 396 Ι.Εο
2032 336 2458 408 A'RMENIUS.
3533 365 3605 429 as

288 460 394 500 σιν.
428 443 504 496 Οὐ
537 444 707 501 τοῦτο
733 445 788 501 δὲ
813 447 981 518 μόνον
999 444 1061 501 τὸ
1086 445 1334 516 γύναιον,
1365 447 1504 503 ἀλλὰ
1529 447 1593 519 δὴ
1620 451 1648 503 ό
1670 466 1877 504 πιστευ·

2008 455 2118 514 Nec
2153 457 2332 513 solum
2368 460 2712 530 muliercula,
2750 465 2846 522 sed
2891 476 2944 523 et
2981 470 3074 539 qui
3107 472 3266 528 ﬁdem
3299 491 3598 543 meruerat.

285 535 396 600 θεὶς
425 537 523 592 καὶ
554 537 920 609 ἑξαπατήσας
953 539 1030 609 τῷ
1051 538 1173 597 δντι
1202 539 1576 610 Κασσιτερᾶς.
1622 541 1764 596 Ἀλλ’
1800 539 1896 596 αὒ-

286 625 367 691 θις
396 629 492 683 tut
523 629 630 702 τὴν
661 633 912 706 ἱστορίαν
943 631 1105 688 ἰτέον.

364 721 454 786 Ὠς
481 722 529 778 δ’
558 720 665 779 οὖν
694 726 795 798 τὴν
807 725 1187 797 αὐτοκράτορα
1204 726 1426 797 εἴληφεν
1449 728 1478 782 ὁ
1505 727 1664 782 Λέων
1689 727 1892 800 ἀρχὴν,

282 813 623 886 ἀναρρηθεὶς
646 815 894 892 δημοσίᾳ
924 817 1066 872 κατὰ
1116 817 1211 872 τὸν
1253 817 1473 873 Ἰούλιον
1497 819 1648 890 μῆνα
1692 819 1793 891 τῆς
1838 817 1898 882 ς’

288 905 646 973 ίνδικτιῶνος,
675 909 902 980 Μιχαὴλ
931 909 1032 978 μὲν
1062 908 1157 963 τὸν
1182 907 1285 982 τὴν
1335 909 1585 978 γλῶτταν
1630 912 1895 980 ὑποσυρί-

285 997 444 1063 ζοντα
463 1002 535 1073 τῇ
561 1000 684 1056 τῶν
713 1001 1021 1075 πατρικίων
1055 1002 1418 1073 ἑγκαταλέγει
1463 1008 1622 1077 τιμῇ,
1657 1004 1751 1058 τὸν
1780 1006 1893 1060 υἱὸν

282 1091 444 1150 αὑτοῦ
475 1094 760 1170 πρότερον
793 1100 858 1150 ὲκ
888 1096 984 1151 τοῦ
1032 1097 1180 1151 θείου
1214 1097 1444 1168 λουτροῦ
1496 1098 1892 1170 υίοποιησάμε-

279 1203 388 1252 νος,
416 1187 634 1261 Θωμᾶν
661 1190 725 1245 δὲ
757 1191 851 1244 τὸν
875 1188 1074 1245 ἑαυτοῦ
1101 1190 1468 1265 διαφερόντως
1508 1193 1749 1263 ὁμήλικα
1792 1191 1892 1246 καὶ

276 1282 680 1353 συμπαίστορα
729 1283 838 1337 τῶν
892 1283 1228 1354 φοιδεράτων
1272 1285 1632 1358 τουρμάρχην
1689 1284 1890 1355 ἐγκαθ-

279 1377 421 1447 ιστᾷ.
457 1377 575 1429 Καὶ
601 1377 872 1448 Μανουὴλ
903 1379 960 1432 δὲ
1019 1379 1113 1434 τὸν
1167 1380 1395 1452 Μιχαὴλ
1427 1381 1890 1452 πρωωστράτορα

277 1471 595 1540 πατρικίοις
625 1473 1010 1540 ὲγκαταλέξας
1039 1473 1134 1527 καὶ
1174 1473 1483 1546 στρατηγὸν
1510 1475 1750 1547 τιμήσας
1779 1477 1888 1530 τῶν

289 1562 620 1632 ⁹Δρμενίων,
661 1565 790 1619 Οὐκ
818 1564 939 1620 ἔδει
963 1581 1063 1631 σε,
1092 1565 1221 1636 ἔφη,
1254 1566 1404 1635 πρὸς
1433 1568 1543 1622 τὸν
1573 1571 1703 1623 κατ’
1736 1569 1886 1639 ἐμοῦ

276 1653 637 1716 ὁπλίζεσθαι
699 1657 990 1725 πόλεμον,
1041 1657 1400 1726 σύμϐουλον
1435 1659 1544 1714 τοῦ
1571 1660 1886 1729 βασιλέως

273 1747 371 1802 καὶ
405 1749 524 1817 τῆς
555 1751 914 1819 Προκοπίας
967 1752 1318 1822 γενόμενον.
1367 1753 1479 1807 Καὶ
1500 1753 1560 1818 ὃς
1600 1753 1665 1809 εὖ
1723 1753 1885 1826 gadiu-

274 1859 376 1898 στα
407 1843 960 1919 παρρησιαζόμενος,
1004 1845 1328 1928 Ἄλλόὑδὲ
1359 1846 1438 1902 σὲ
1465 1847 1612 1914 ἔδει,
1636 1850 1879 1922 ἁντέφη-

272 1953 385 2002 σεν,
426 1941 585 1994 κατὰ
621 1939 735 1994 τοῦ
758 1938 1099 2010 εὐεργέτου,
1153 1939 1241 1995 ἐτι
1275 1939 1345 1995 δὲ
1379 1941 1482 1997 καὶ
1541 1944 1887 1998 currente-0v

270 2049 409 2094 σου,
432 2031 613 2102 χεῖρα
634 2031 914 2100 ἀντᾶραι.
938 2034 1074 2088 Τότε
1107 2033 1208 2105 μὲν
1223 2031 1322 2089 οὖν
1342 2035 1558 2101 τούτοις
1577 2038 1879 2110 κατεσιγὰο

271 2125 396 2196 σθη,
425 2128 530 2198 τὴν
551 2127 655 2182 τοῦ
691 2127 882 2199 ἀνδρὸς
908 2127 1182 2192 αἰδεσθεὶς
1216 2130 1443 2201 ἀρετήν.

345 2218 435 2289 ιγ’.
477 2221 573 2284 Ὧς
603 2220 667 2274 δὲ
697 2220 792 2274 τὸν
813 2220 923 2273 τῶν
950 2220 1281 2292 ὼυλγᾶρων
1309 2222 1549 2295 ἄρχοντα
1584 2224 1650 2294 τῇ
1681 2240 1880 2293 προτε-

275 2313 408 2386 ραίᾳ.
456 2317 590 2389 νίκῃ
639 2314 1195 2385 φρονηματιςόμενον
1221 2315 1538 2387 διακήκοεν,
1595 2321 1689 2371 καὶ
1721 2313 1882 2376 αὖθις

271 2406 507 2481 δῃοῦν-ια
545 2407 653 2478 μὲν
681 2408 785 2478 τὴν
825 2407 1044 2476 γείτονα
1072 2409 1198 2480 γῆν,
1239 2409 1498 2481 κείροντα
1539 2411 1596 2465 δὲ
1627 2412 1720 2465 καὶ
1748 2410 1877 2482 λεη-

269 2502 536 2556 λατοῦντα
570 2504 707 2567 τοὺς
737 2503 943 2576 ἀγροὺς
975 2503 1266 2559 καὶπολλὰ
1291 2504 1391 2575 μὲν
1419 2505 1670 2577 σώματα,
1706 2506 1877 2561 πολλὰ

267 2592 322 2646 δὲ
343 2591 692 2663 βοσκήματα
754 2595 1211 2662 καθαρπάζοντα,
1262 2597 1510 2668 οἰκήσεις
1533 2595 1580 2650 δ’
1604 2597 1877 2668 ἑτέρωθεν

272 2685 756 2755 κατεμπιπρῶντα
789 2687 885 2740 καὶ
932 2688 1068 2751 ὅλως
1116 2687 1251 2743 ὂντα
1297 2689 1603 2761 ἀφόρητον,
1655 2690 1878 2761 πρῶτον

279 2777 369 2843 μὲν
392 2778 504 2831 δεῖν
531 2777 705 2850 ᾠήθη
739 2780 826 2833 διὰ
856 2779 1154 2851 πρεσϐείας
1185 2782 1413 2854 είρήνης
1431 2783 1743 2852 ἀναμνῆσαι
1774 2786 1875 2837 αύ-

280 2870 378 2934 τδν,
402 2871 480 2933 ὡς
509 2872 557 2924 δ’
584 2871 700 2924 οὐκ
731 2869 969 2935 ἔπεισεν,
1005 2858 1077 2927 τὰ
1107 2875 1217 2927 τῶν
1271 2875 1469 2946 τειχῶν
1509 2876 1875 2948 διερῥυηκότα

273 2961 334 3015 δι’
364 2962 565 3016 ἑαυτοῦ
600 2963 1177 3036 ἀνοικοδομησάμενος
1208 2968 1484 3039 ὲξεὸοήθει
1513 2970 1601 3024 διὰ
1638 2972 1871 3042 ταχέων,

271 3059 360 3110 καὶ
392 3060 700 3128 γενόμενος
732 3059 794 3111 ὲν
821 3060 1161 3132 Μεσημϐρίᾳ
1194 3065 1262 3134 τῇ
1301 3063 1455 3116 πόλει
1481 3065 1713 3138 τοιούτῳ
1758 3067 1869 3119 τινὶ

1998 551 2303 607 Cassiteras
2329 591 2343 615 ,
2375 568 2440 609 ac
2472 569 2597 612 vere
2623 556 2928 631 deceperat.
2967 562 3164 621 Verum
3194 569 3392 626 iterum
3434 577 3602 630 nobis

1997 644 2329 698 resumenda
2363 647 2696 706 narrationis
2736 654 2909 710 series
2947 666 3048 709 est.

2067 734 2155 790 12.
2193 735 2392 792 Rerum
2428 739 2610 811 itaque
2643 758 2916 801 summam
2948 749 3176 816 adeptus
3217 753 3326 809 Leo
3373 773 3439 810 ac
3477 759 3584 814 im-

1997 836 2221 896 perator
2245 829 2464 896 publice
2498 833 2857 902 aeelamatus,
2891 854 3077 896 mense
3098 841 3262 905 .lulio.
3289 849 3598 909 indictione

1997 929 2175 987 sexta,
2212 919 2535 977 Michaelcm
2576 923 2801 981 Balbum
2835 931 3065 999 patricia
3095 946 3257 1006 auget
3282 939 3592 1012 dignitate;

1993 1010 2158 1080 cujus
2191 1014 2358 1068 etiam
2383 1016 2536 1085 prius
2565 1034 2595 1073 e
2629 1035 2788 1076 sacro
2819 1021 2969 1079 ioiite
3003 1026 3174 1083 tilium
3208 1010 3589 1103 adoptaverat,

1994 1104 2105 1178 24
2135 1103 2401 1163 Thomam
2430 1120 2636 1178 autem,
2665 1116 3016 1185 singulariter
3049 1135 3388 1181 coaetaneum
3424 1147 3594 1187 suum

1992 1213 2056 1254 ac
2099 1215 2227 1254 cum
2259 1217 2371 1271 quo
2401 1204 2622 1274 juvenis
2657 1207 2838 1265 fuerat
2878 1214 3162 1280 educatus,
3194 1217 3594 1282 fmderatorunt-

1989 1289 2276 1346 tribunum
2333 1297 2635 1353 constituit.
2693 1300 2998 1359 Manuelem
3032 1323 3254 1379 quoque
3299 1313 3589 1373 Michaelis

1990 1396 2442 1455 protostratorem
2493 1394 2740 1460 patriciis
2795 1399 3018 1470 adlegit,
3085 1403 3587 1481 Armeniorumque

1989 1481 2131 1536 duce
2159 1483 2488 1551 constituto,
2525 1485 2649 1542 Non
2680 1498 2730 1543 te
2778 1492 3019 1562 decebat,
3054 1497 3252 1566 inquit,
3295 1502 3578 1559 adversum

1991 1587 2072 1626 me
2096 1589 2249 1627 arma
2281 1592 2490 1632 sumere
2532 1595 2596 1633 ac
2628 1582 2940 1651 imperatori
2989 1601 3039 1642 et
3089 1589 3368 1662 Procopio:
3403 1601 3585 1652 comi-

1987 1663 2121 1719 tium
2152 1667 2408 1731 praebere.
2439 1672 2520 1726 Ad
2553 1690 2721 1743 quem
2756 1679 2844 1732 ille
2868 1697 3084 1736 stinima
3118 1701 3249 1740 usus
3281 1688 3577 1747 libertate:

1986 1755 2060 1810 At
2093 1775 2284 1830 neque
2317 1771 2387 1828 te,
2418 1762 2619 1834 inquit,
2671 1770 2887 1824 decebat
2932 1775 3185 1830 adversus
3246 1796 3368 1834 eum
3405 1800 3437 1836 a
3477 1801 3581 1856 quo

1991 1850 2243 1922 beneﬁcio
2277 1856 2500 1924 olfactu:
2534 1876 2674 1916 esset
2699 1905 2712 1927 ,
2773 1866 2844 1917 ad
2881 1867 2992 1920 Ιηιέ
3046 1887 3166 1924 vero
3222 1876 3314 1944 qui
3365 1884 3418 1931 et
3457 1850 3581 1934 titus

1987 1957 2256 2013 computet
2279 1952 2574 2019 exsisteret,
2625 1971 2844 2010 manum
2892 1960 3084 2017 levare.
3143 1964 3301 2022 Tunc
3356 1969 3579 2040 quidem

1985 2038 2097 2096 Leo
2155 2042 2245 2100 bis
2270 2045 2476 2102 auditis
2517 2047 2815 2118 obmutuit,
2850 2055 2949 2110 viri
2991 2060 3258 2116 reveritus
3293 2038 3576 2124 virtutem.

2054 2223 2143 2279 15.
2166 2222 2268 2280 Ubi
2290 2235 2474 2282 autem
2494 2227 2856 2300 Bulgarorum
2879 2237 3182 2309 principem
3207 2244 3478 2312 superiori
3493 2246 3578 2302 vi-

1983 2313 2157 2367 ctoria
2195 2315 2402 2370 elatum
2443 2319 2797 2390 majoresque
2838 2326 3068 2394 spiritus
3117 2331 3410 2388 ducentem
3442 2337 3578 2391 vici-

1980 2421 2108 2460 nam
2171 2423 2367 2464 rursus
2415 2411 2625 2466 audivit
2678 2424 2900 2473 vastare
2950 2421 3232 2491 regionem
3297 2435 3354 2481 et
3405 2444 3573 2497 agros

1980 2496 2256 2553 demetere
2305 2515 2372 2556 ac
2405 2503 2652 2572 populari
2706 2508 3049 2580 multamque
3110 2522 3226 2569 tum
3284 2496 3571 2576 hominum

1982 2599 2096 2645 tum
2133 2607 2392 2661 pecorum
2451 2597 2692 2665 praedam
2746 2616 2930 2668 agere,
2962 2606 3268 2676 doinosque
3308 2621 3573 2679 praeterea

1980 2683 2295 2754 incendere,
2329 2703 2392 2744 ac
2422 2691 2652 2748 omnino
2687 2693 3090 2754 intolerabilem
3150 2717 3296 2766 esse,
3335 2705 3572 2774 primum

1977 2778 2199 2848 quidem
2231 2795 2413 2850 operae
2442 2784 2680 2852 pretium
2718 2786 2874 2840 duxit
2908 2791 3080 2844 missa
3110 2793 3382 2862 legatione
3409 2795 3573 2854 omcli

1976 2885 2043 2925 ac
2079 2872 2229 2939 pacis
2261 2874 2577 2931 admonere.
2615 2877 2719 2934 Ubi
2768 2889 2949 2935 autem
3008 2885 3141 2938 nihil
3189 2887 3406 2942 barbari
3458 2889 3574 2948 iras

1976 2966 2207 3033 inﬂexit,
2249 2968 2430 3025 diruta
2475 2975 2740 3028 mtenium
2791 2989 2956 3046 Opera
3016 2996 3113 3034 sua
3150 2984 3446 3054 studioque
3480 2986 3538 3041 in

1976 3071 2252 3127 staurans,
2292 3065 2444 3118 urbis
2487 3081 2575 3121 res
2605 3067 2755 3123 brevi
2794 3072 2846 3123 in
2880 3082 2998 3128 tuto
3036 3079 3217 3141 posuit
3253 3096 3265 3141 ;
3314 3078 3570 3134 veniens-

268 3147 598 3221 διεχρήσατο
647 3156 1089 3222 στρατηγήματι.
1153 3155 1399 3227 Ἡμέρας
1453 3158 1643 3221 ίκανὰς
1674 3159 1731 3212 ἔν
1763 3177 1870 3213 τινι

1983 3167 2085 3220 que
2134 3152 2514 3211 Mesembriam
2556 3169 2947 3232 stratagemate
2995 3168 3269 3235 ejusmodi
3308 3172 3565 3229 hostibus

271 3239 353 3313 [Ρ.
381 3242 468 3316 l6]
487 3244 651 3315 τόπῳ
668 3244 1060 3316 ὲπιταφρώσας
1085 3247 1282 3301 ἒαυτόν
1302 3242 1489 3303 τέκαὶ
1519 3251 1611 3304 τὸν
1644 3254 1875 3322 στρατὸν

271 3333 562 3415 ἐκαθέζετο
586 3335 852 3390 ἑκάστοτε
883 3337 1229 3409 σιτιζόμενος
1276 3341 1388 3394 ἀπὸ
1439 3341 1542 3412 τῆς
1599 3344 1876 3415 ἡμετέρας

270 3427 362 3479 καὶ
380 3411 713 3499 λειπόμενος
728 3426 837 3482 τῶν
857 3431 1199 3500 ἀναγκαίων,
1213 3433 1351 3487 ἀλλὰ
1373 3434 1469 3487 καὶ
1485 3411 1629 3506 πρὸς
1639 3411 1871 3507 τρυρὴν,

271 3521 504 3584 οὐδενός.
537 3521 702 3575 Ἐπεὶ
728 3523 784 3576 δὲ
797 3523 925 3587 τοὺς
953 3526 1404 3595 παρακειμένους
1429 3528 1524 3581 καὶ
1556 3531 1676 3581 κατ’
1707 3529 1873 3582 αὑτοῦ

273 3613 767 3688 καθωπλισμένους
802 3617 1148 3690 ωυλγάρους
1181 3623 1241 3674 ἑν
1291 3621 1570 3693 στενότητι
1604 3617 1876 3677 εἶναιτῶν

275 3707 589 3775 ἀναγκαίων
627 3710 868 3779 ἀκήκοεν
905 3751 921 3775 ,
956 3711 1056 3765 τοῦ
1117 3713 1216 3782 μὲν
1255 3706 1316 3767 οὗ
1368 3715 1639 3785 ἐφήδρευε
1705 3716 1873 3769 τόπου

277 3801 488 3874 νύκτωρ
511 3802 777 3858 ἁπάνεισι
803 3805 950 3874 μετὰ
988 3806 1341 3877 στρατιωτῶν
1362 3807 1566 3860 ἱκανῶν
1589 3809 1684 3861 καὶ
1711 3809 1873 3880 ῥώμῃ

277 3912 331 3947 τε
355 3898 451 3948 καὶ
480 3895 759 3970 καρτερίᾳ
778 3901 1272 3969 γιγυμνασμένων,
1325 3899 1409 3953 ἑνὶ
1444 3900 1593 3972 μόνῳ
1620 3901 1720 3971 τὴν
1747 3903 1873 3954 ἑαυ-

279 3986 367 4042 τοῦ
435 3990 892 4061 παραγυμνῶσας
944 3990 1200 4064 γνώμην,
1231 3992 1331 4048 καὶ
1388 3993 1526 4066 πρὸς
1579 3992 1736 4063 λόχον
1780 3993 1872 4044 ὲπί

279 4099 411 4146 τινος
441 4082 645 4153 βουνοῦ
671 4086 859 4154 χωρεῖ,
887 4082 1143 4156 σύνθημα
1169 4084 1269 4138 τοῦ
1311 4085 1551 4157 πολέμου
1582 4087 1676 4139 καὶ
1719 4083 1872 4155 ῶραν

281 4173 458 4230 εἰπών.
503 4176 601 4239 Ὠς
647 4174 693 4229 δ’
727 4177 912 4247 ήμέρα
961 4178 1247 4248 ἀνέλαμπε
1293 4178 1391 4232 καὶ
1429 4179 1458 4230 ὁ
1492 4178 1798 4251 στρατηγὸς
1826 4180 1870 4210 ³⁸

281 4268 582 4338 ἐγυμνοῦτο
601 4269 700 4322 τοῦ
741 4269 1143 4340 βασιλεύοντος,
1200 4273 1347 4342 φυγῇ
1400 4272 1708 4342 χρήσασθαι
1743 4271 1870 4325 τοῦ-

281 4376 382 4423 τον,
423 4363 513 4416 τὸν
575 4361 802 4434 βασιλέα
849 4362 1118 4434 δηλονότι,
1171 4365 1374 4429 πάντες
1420 4365 1866 4436 καθωμολόγουν,

281 4452 383 4507 τῶν
416 4454 729 4524 γεγονότων
778 4454 983 4518 εἰδότες
1026 4449 1200 4510 ούδέν.
1252 4455 1417 4510 Ὅθεν
1450 4455 1869 4527 ἀναθαρρήσαν-

1981 3243 2170 3300 illusit.
2203 3247 2326 3303 Dies
2352 3266 2462 3304 non
2492 3267 2699 3321 paucos
2722 3257 2923 3312 castris
2952 3262 3148 3328 positis
3179 3264 3401 3334 altoque
3422 3267 3567 3322 vallo

1977 3337 2166 3404 ducto,
2202 3351 2367 3411 atque
2398 3361 2597 3414 aggere
2656 3363 2792 3417 pene
2845 3351 3102 3411 defossus
3172 3374 3312 3413 eum
3363 3360 3564 3432 copiis,

1977 3433 2261 3501 substitit,
2320 3452 2573 3495 annonas
2613 3445 2867 3510 qubtidie
2912 3461 2977 3500 ex
3039 3447 3287 3507 Romano
3341 3455 3460 3510 solo
3507 3457 3565 3511 in

1977 3537 2232 3597 promptu
2263 3532 2492 3598 habens,
2523 3551 2649 3590 cum
2688 3555 2863 3610 neque
2897 3543 2962 3597 ad
2995 3544 3226 3600 delicias
3261 3545 3370 3602 ullo
3409 3565 3568 3606 com-

1975 3634 2159 3677 meatu
2187 3624 2538 3683 deliceretur.
2589 3628 2689 3686 Ubi
2725 3643 2907 3687 autem
2966 3638 3271 3695 assidentes
3303 3638 3568 3711 Bulgaros

1974 3718 2257 3786 armisque
2292 3719 2348 3772 in
2396 3735 2522 3775 eum
2587 3722 2890 3781 instructos
2938 3741 3286 3787 comunt-atus
3337 3737 3565 3802 penuria

1975 3807 2230 3866 laborare
2285 3814 2514 3880 audivit,
2570 3826 2734 3872 noctu
2793 3821 3085 3878 discedens
3133 3840 3166 3880 e
3215 3825 3338 3882 loco
3367 3825 3422 3880 in
3455 3842 3566 3897 quo

1973 3903 2300 3956 consederat
2333 3945 2347 3969 ,
2399 3905 2542 3960 haud
2599 3911 2910 3975 spernenda
2976 3915 3216 3969 militum
3278 3928 3564 3989 assmnpta

1974 4005 2166 4059 manu,
2197 3994 2305 4067 25
2339 3997 2588 4054 virorum
2620 4001 2834 4058 scilicet
2880 4005 3103 4061 fortium
3136 4019 3192 4063 et
3223 4009 3318 4080 qui
3357 4010 3565 4066 laboris

1973 4088 2243 4155 patientes
2284 4101 2490 4158 essent,
2524 4109 2652 4148 cum
2693 4113 2806 4152 uno
2841 4098 3112 4156 duntaxat
3155 4105 3566 4160 communicato

1972 4182 2232 4241 consilio.
2266 4184 2562 4240 insidiandi
2611 4203 2780 4243 causa
2852 4193 2905 4246 in
2968 4204 3208 4250 montem
3263 4199 3561 4266 quemdam

1971 4281 2276 4334 contendit.
2302 4279 2403 4336 Ubi
2429 4292 2612 4339 autem
2644 4286 2841 4342 diluxit
2875 4304 2977 4343 nec
3012 4291 3066 4344 in
3099 4293 3298 4347 castris
3327 4293 3563 4362 impera-

1971 4378 2062 4424 tor
2094 4381 2346 4440 repertus
2380 4383 2486 4438 est.
2521 4375 2728 4446 fugisse
2777 4395 2902 4434 eum
2934 4385 3117 4437 cuncti
3153 4384 3560 4448 existimarunt,

1969 4462 2116 4530 quod
2178 4463 2440 4519 nimirum
2498 4467 2619 4536 ejus
2667 4467 3029 4527 discessionis
3088 4475 3384 4530 consilium
3434 4476 3563 4529 uni-

281 4561 363 4610 τες
393 4548 442 4602 οἱ
473 4550 712 4603 ἐναντίοι
734 4549 917 4619 μένειν
945 4548 1033 4619 ἐφ’
1066 4550 1276 4603 ἑαυτῶν
1301 4551 1410 4605 οὐδ’
1422 4551 1560 4615 ὅλως
1589 4550 1867 4619 ἐδύναντο,

1983 4571 2164 4613 versos
2197 4558 2406 4614 lateret.
2440 4560 2580 4616 Hinc
2627 4565 2815 4620 hostes
2847 4569 3146 4636 assumptis
3192 4570 3362 4624 armis
3395 4571 3565 4641 impe-

283 4639 410 4694 ὰλλὰ
448 4645 547 4696 καὶ
577 4643 1034 4708 κατεξανίσταντο
1074 4644 1168 4697 καὶ
1223 4643 1317 4697 ἐπὶ
1356 4645 1545 4716 χεῖρας
1591 4646 1762 4717 ᾤοντο
1810 4646 1870 4699 τὸ

291 4737 606 4806 στράτευμα
648 4735 815 4806 ἔχειν.
852 4736 1068 4800 Νυκτὸς
1110 4736 1203 4792 οὖν
1250 4739 1642 4810 ἐπιγενομένης
1685 4740 1869 4794 κάτει-

287 4841 366 4881 σιν
388 4830 450 4882 Ex
479 4829 578 4882 τοῦ
608 4829 769 4900 λόχου
789 4831 818 4885 ό
857 4831 1012 4885 Λέων
1041 4831 1474 4903 ἀπροσδοκήτοις
1502 4828 1622 4886 οὖσι
1653 4833 1866 4896 κακῶν,

289 4921 376 4972 καὶ
427 4923 710 4993 συμμίξας
763 4924 951 4989 αὐτοῖς
999 4923 1259 4995 ἀνδράσιν
1296 4925 1475 4980 ὅπλων
1507 4929 1734 5000 γυμνοῖς
1773 4930 1868 4980 καὶ

286 5009 680 5085 διαλελυμένως
705 5015 859 5088 ὕπνῳ
881 5033 940 5071 τι
971 5018 1069 5073 καὶ
1099 5019 1297 5090 θάρρει
1331 5019 1431 5088 τῆς
1470 5020 1564 5072 τοῦ
1598 5018 1862 5090 βασιλέως

292 5109 456 5181 φυγῆς
505 5108 761 5164 τοσοῦτον
814 5112 1178 5183 ἐνειργάσατο
1231 5111 1275 5142 ³⁸
1331 5112 1533 5184 φθόρον
1565 5113 1662 5168 καὶ
1711 5113 1874 5182 φόνον

293 5199 545 5254 πάντοθεν
579 5199 926 5272 ἐκχυθέντων
954 5201 1064 5254 τῶν
1106 5201 1400 5273 Ῥωμαίων
1459 5202 1599 5255 κατὰ
1650 5203 1711 5256 τὸ
1745 5203 1872 5256 σύν-

296 5288 552 5363 θημαίὼς
604 5295 881 5366 πανδημεὶ
940 5296 1170 5367 αἱρῆσαι
1219 5295 1281 5347 τὸ
1338 5294 1702 5365 στρατόπεδον
1776 5299 1872 5350 καὶ

297 5385 420 5454 μηδὲ
466 5388 765 5459 πυρφόρον,
829 5388 891 5441 τδ
935 5388 1001 5458 δὴ
1030 5388 1347 5458 λεγόμενον,
1398 5388 1756 5458 διασωθῆναι.
1791 5390 1870 5442 Οὐ

299 5479 396 5549 μὴν
426 5482 558 5536 ἀλλά
583 5485 678 5537 καὶ
709 5484 892 5537 πᾶσαν
930 5482 1150 5553 ήλίκίαν
1181 5486 1246 5535 ικ
1285 5481 1637 5553 καταδρομῆς
1673 5501 1731 5538 τε
1773 5485 1868 5538 καὶ

298 5576 560 5645 προνομῆς
595 5578 950 5646 ἀνάρπαστον
1012 5575 1148 5640 θεὶς,
1187 5575 1282 5628 καὶ
1334 5576 1400 5628 τὰ
1448 5575 1614 5629 τέκνα
1661 5575 1868 5630 τούτων

296 5669 406 5730 ταῖς
451 5670 672 5737 πέτραις
728 5670 824 5722 καὶ
874 5673 942 5738 τῇ
976 5671 1046 5739 γῇ
1102 5667 1482 5739 προσκροτῶν,
1541 5667 1639 5738 τὴν
1671 5669 1867 5723 ἑαυτοῦ

1976 4660 2089 4706 tum
2129 4661 2315 4708 tenere
2342 4670 2453 4710 non
2486 4666 2742 4725 poterant
2776 4671 2872 4714 aut
2915 4662 3030 4715 ullo
3063 4663 3225 4716 modo
3259 4665 3377 4720 suis
3405 4680 3466 4719 se
3497 4662 3563 4719 ii—

1975 4745 2139 4799 nibus
2163 4749 2466 4812 continere,
2493 4752 2589 4806 sed
2623 4765 2677 4806 et
2699 4757 3057 4824 aggressione
3099 4758 3240 4812 facta
3278 4759 3332 4812 in
3367 4773 3563 4815 manus

1975 4851 2036 4892 se
2073 4839 2380 4893 exercitum
2422 4839 2626 4898 habere
2660 4846 2923 4914 nulloque
2959 4850 3180 4916 negotio
3204 4847 3323 4919 ejus
3347 4852 3560 4921 potitu—

1976 4945 2070 4986 ros
2118 4932 2405 5000 putabant,
2438 4950 2562 4990 cum
2617 4951 2745 4994 ecce
2777 4938 2886 4993 Leo
2935 4957 3032 5010 per
3082 4945 3257 4998 noctis
3287 4946 3503 5003 silentia
3529 4964 3562 5002 e

1974 5035 2159 5079 monte.
2195 5027 2537 5084 descendens
2567 5029 2623 5083 in
2660 5032 2847 5087 hostes
2877 5035 3013 5088 nihil
3042 5036 3168 5090 mali
3204 5039 3565 5097 subvenientes

1972 5115 2157 5178 irruit,
2193 5118 2607 5190 inermibuqu
2655 5137 2719 5179 ac
2760 5138 2956 5180 δοκιηο
2992 5127 3190 5182 solutis
3236 5139 3564 5198 congressus

1972 5225 2070 5279 per
2105 5211 2481 5269 existimatam
2528 5215 2673 5270 illam
2734 5216 3086 5283 imperatoris
3137 5220 3320 5289 fugam
3352 5233 3561 5278 tantam

1972 5300 2193 5359 illorum
2241 5305 2392 5360 dedit
2422 5316 2687 5377 stragem,
2719 5307 2982 5366 Romanis
3015 5326 3079 5366 ex
3115 5314 3366 5368 condicto
3397 5315 3563 5370 undi-

1973 5410 2082 5462 que
2142 5397 2558 5469 ingruentibus,
2617 5412 2676 5456 ut
2726 5418 2921 5457 eorum
2969 5409 3274 5459 exercitum
3335 5423 3559 5462 omnem

1972 5488 2344 5560 proﬂigaverit
2375 5507 2442 5546 ac
2464 5509 2532 5547 ne
2565 5493 2762 5564 ignifer
2791 5496 3034 5564 quidem,
3074 5508 3133 5552 ut
3167 5499 3338 5561 aiunt,
3365 5514 3559 5568 sospes

1972 5583 2230 5639 evaserit.
2266 5581 2373 5640 Sed
2411 5595 2467 5640 et
2495 5588 2813 5645 incursione
2845 5589 2984 5644 facta
3021 5592 3300 5661 regionem
3335 5607 3558 5645 omnem

1975 5676 2321 5747 depraedatus
2370 5681 2604 5750 puberes
2651 5684 2876 5754 quidem
2909 5699 3100 5742 omnes
3135 5687 3256 5739 inde
3307 5688 3560 5753 abduxit,

1601 5759 1833 5821 VAlile
1883 5768 2292 5828 LECTIONES.

390 5851 429 5887 ⁸⁸
452 5861 698 5924 στοατός.
737 5875 927 5924 margo
962 5859 1212 5917 Cumbef.
1293 5861 1331 5893 "
1364 5861 1758 5926 ὲνειργάσαντο
1781 5865 1840 5921 Ρ.
