3958 6034
281 173 354 236 39
1392 170 1902 233 TlIEOPIIANES
1936 170 2500 237 CONTINUATUS.
3536 178 3607 238 40

280 284 529 356 parvulis
565 294 750 339 autem
789 284 853 340 ad
888 297 1018 340 saxa
1059 297 1122 339 ac
1172 283 1402 339 humum
1458 285 1631 341 allisis
1672 284 1875 340 Roma-

1996 286 2288 342 ιατέλαϐεν
2328 291 2389 343 ἐν
2420 289 2600 360 τάχει.
2640 287 2804 343 Ὅθεν
2852 286 3042 342 ἔκτοτε
3084 287 3295 352 ἐκεῖνος
3353 286 3386 340 ὁ
3410 284 3616 358 βουνὸς

284 394 412 435 nam
444 395 569 433 mox
599 379 862 432 ditionem
887 378 1123 446 repetiit.
1147 376 1277 431 Eam
1297 377 1368 433 ob
1402 394 1515 433 rem
1548 393 1611 432 ex
1641 393 1707 432 eo
1740 386 1877 432 temv

280 487 415 542 pore
450 469 650 526 Leonis
674 470 833 524 collis
883 470 932 523 ei
968 470 1097 524 colli
1148 484 1345 524 nomen
1380 470 1616 524 inditum
1644 479 1764 536 est;
1819 484 1884 526 ac

282 561 377 632 qui
411 561 537 616 illac
566 562 669 617 iter
700 561 904 616 habent
929 559 1171 629 Bulgari,
1201 571 1368 631 caput
1392 571 1677 617 moventes
1698 560 1881 617 locum

282 654 462 728 digito
497 654 821 715 ostendunt,
848 669 951 707 nec
982 653 1287 724 quidquam
1322 661 1563 723 acceptae
1598 662 1728 710 tunc
1769 653 1885 709 cla-

279 745 369 803 dis
396 747 720 802 memoriam
752 746 1101 801 oblitteram.

358 840 449 897 ﬂ.
466 838 619 895 Felix
643 855 773 910 ergo
799 840 889 895 ille
914 854 1206 896 successus
1232 840 1557 896 ferociorem
1602 842 1883 913 longeque

280 932 643 989 audaciorem
678 932 959 987 hominem
994 932 1255 999 reddidit,
1285 931 1453 1003 inque
1486 948 1606 989 eam
1636 933 1882 989 crudeli.

289 1035 453 1080 tatem
488 1025 543 1078 in
570 1040 680 1095 qua
707 1023 888 1079 fuerat
909 1023 1177 1080 educatus
1209 1023 1447 1094 impulit.
1473 1021 1634 1079 Nulla
1656 1026 1733 1080 illi
1762 1040 1885 1079 ma-

282 1117 429 1187 joris
457 1117 757 1172 minorisve
784 1116 1007 1172 sceleris
1023 1114 1309 1172 distinctio
1338 1132 1353 1170 :
1379 1117 1473 1172 sed
1494 1118 1541 1174 si
1559 1118 1687 1188 quis
1715 1119 1883 1174 ullius

288 1211 516 1268 sceleris
548 1226 677 1267 reus
727 1210 839 1283 26
895 1220 1193 1277 teneretur,
1254 1226 1364 1267 una
1397 1211 1532 1281 {erat
1583 1213 1882 1277 sententia,

286 1319 400 1360 una
444 1304 604 1369 ultio,
638 1303 887 1375 cujusvis
934 1305 1238 1360 necessarii
1291 1306 1522 1360 membri
1578 1307 1885 1376 amputatio

288 1396 457 1467 inque
525 1396 774 1451 omnium
832 1395 1013 1451 oculis
1074 1394 1291 1464 publica
1371 1396 1637 1466 amputati
1703 1411 1885 1451 mem-

292 1490 375 1544 bri
417 1488 732 1557 suspensio.
792 1484 920 1541 Haec
974 1488 1055 1541 sic
1114 1486 1235 1541 dira
1290 1501 1418 1542 cum
1476 1486 1531 1540 in
1568 1501 1762 1543 omnes
1793 1486 1885 1541 ille

291 1581 637 1651 designaret,
670 1595 841 1653 grave
876 1581 930 1634 in
971 1595 1032 1635 se
1064 1580 1250 1634 odium
1285 1579 1533 1633 omnium
1562 1580 1881 1634 concitavit.

290 1674 432 1730 Cum
490 1676 634 1729 enim
688 1673 928 1728 nativam
984 1673 1135 1726 illam
1186 1671 1304 1727 dire
1333 1670 1591 1727 eﬂ‘renem
1626 1654 1962 1743 nulloqueB

297 1764 466 1820 modo
495 1763 820 1835 castigatam
856 1774 952 1818 aut
1001 1767 1067 1818 ad
1121 1764 1405 1819 lenitatem
1432 1778 1497 1820 ac
1535 1764 1885 1821 clementiam

292 1865 610 1927 vergentem
642 1855 923 1912 feritatem
956 1856 1185 1917 coleret,
1219 1866 1516 1927 cognatum
1551 1870 1728 1927 genus
1761 1871 1889 1911 cru-

294 1948 489 2005 deliter
510 1949 772 2004 divexans
800 1964 864 2004 ac
888 1948 1225 2018 contemptui
1259 1948 1494 2015 habens,
1521 1933 1574 2003 id
1601 1965 1729 2004 vero
1756 1963 1890 2005 con—

293 2052 520 2099 secutus
549 2052 635 2098 est
664 2053 724 2097 ut
752 2057 877 2097 eum
898 2043 1148 2097 odissent
1169 2058 1384 2107 omnes,
1416 2058 1582 2098 nemo
1610 2044 1883 2115 diligeret.

371 2135 456 2190 15.
490 2134 546 2188 ln
585 2135 734 2191 hunc
764 2135 950 2205 itaque
979 2136 1200 2191 modum
1232 2151 1364 2191 suas
1399 2135 1488 2190 ille
1516 2151 1604 2191 res
1629 2135 1887 2206 dispone-

295 2230 409 2298 bat,
443 2230 701 2300 venitque
730 2230 779 2284 ei
829 2230 881 2283 in
921 2239 1161 2284 mentem
1215 2229 1660 2286 Philomeliensis
1698 2245 1888 2285 ωουλ-

294 2325 453 2389 chus,
510 2324 742 2394 ejusque
808 2323 875 2378 de
927 2338 986 2377 se
1040 2322 1282 2377 vaticinii
1339 2337 1568 2377 munera
1628 2332 1891 2393 prmstare

296 2416 611 2480 constituit,
647 2413 836 2469 missis
870 2415 922 2467 in
966 2424 1319 2468 antecessum
1358 2413 1729 2479 munusculis,
1759 2414 1885 2481 qui-

299 2509 403 2562 bus
432 2516 647 2577 gratum
684 2508 936 2561 animum
972 2521 1134 2559 suum
1180 2506 1232 2560 in
1269 2522 1392 2560 eum
1425 2506 1761 2570 ostenderet,
1794 2520 1885 2559 ro—

297 2616 433 2672 gans
466 2615 495 2654 a
537 2600 644 2655 Deo
680 2600 977 2671 impetrare
1007 2608 1067 2653 ut
1100 2598 1392 2669 imperium
1439 2613 1602 2653 suum
1634 2598 1890 2654 victoriis

300 2702 544 2763 augeret.
582 2690 784 2748 Verum
816 2693 907 2748 ille
934 2692 1048 2759 jam
1092 2706 1122 2745 e
1158 2691 1297 2746 vivis
1344 2699 1679 2757 excesserat,
1711 2691 1891 2745 malus

300 2796 483 2841 autem
519 2783 741 2855 quidam
778 2799 843 2841 ac
876 2784 1095 2838 invidus
1127 2785 1342 2839 dazmon
1377 2782 1502 2853 (nec
1536 2783 1682 2839 enim
1712 2783 1894 2838 homi-

299 2894 425 2935 nem
448 2880 795 2950 appellavero
816 2878 909 2947 qui
945 2878 1129 2931 omnia
1169 2876 1394 2930 miscuit
1425 2876 1797 2946 turbavitque,
1827 2891 1892 2931 ac

300 2973 514 3041 antiqui
566 2972 835 3040 serpentis
865 2986 1017 3025 more
1048 2969 1235 3024 miseri
1267 2969 1468 3025 Leonis
1503 2971 1753 3036 auribus,
1786 2971 1887 3025 ho-

301 3068 470 3120 minis
499 3066 712 3121 scilicet
748 3065 916 3134 cujus
950 3080 1108 3119 mens
1149 3067 1331 3119 omnis
1364 3066 1687 3134 imprudens
1722 3074 1775 3119 et
1804 3065 1890 3119 in-

302 3161 578 3221 consulta,
614 3159 766 3213 virus
815 3157 1038 3228 infudit)
1066 3158 1217 3213 senis
1249 3158 1537 3215 aediculam
1583 3158 1732 3213 illam
1764 3158 1893 3213 reli-

302 3254 482 3323 gionis
517 3256 743 3308 obtentu
777 3261 1169 3324 occupaverat.
1222 3250 1522 3309 Sabbatius
1576 3254 1655 3310 illi
1692 3270 1893 3310 nomen

304 3357 443 3403 erat.
504 3346 603 3402 llic
664 3344 867 3402 Leonis
946 3348 1127 3417 ipsum
1193 3346 1450 3402 nuntium
1512 3348 1890 3403 conviciorum

304 3439 553 3510 plaustro
579 3453 841 3501 onerare,
896 3453 997 3492 nec
1032 3453 1223 3494 secum
1259 3439 1400 3509 ipse,
1457 3439 1553 3495 sed
1610 3454 1800 3496 coram
1836 3440 1892 3494 in

305 3533 447 3586 facie
509 3531 563 3584 in
617 3532 1005 3601 imperatorem
1048 3531 1338 3587 maledicta
1389 3530 1623 3600 jactare.
1659 3530 1891 3602 Rogavit

304 3624 664 3679 nihilominus
700 3633 912 3679 semoto
942 3624 1094 3678 omni
1128 3624 1331 3679 timore
1357 3624 1687 3680 denuntiare
1728 3625 1893 3681 breve

304 3718 423 3772 fore
448 3717 649 3774 Leonis
673 3718 989 3787 imperium,
1025 3718 1118 3787 qui
1168 3718 1331 3774 idolis
1372 3719 1427 3789 (0
1462 3720 1701 3789 linguam
1734 3735 1894 3775 exsc-

304 3810 628 3879 crabileml)
658 3810 904 3865 animum
956 3810 1263 3874 adhiberet,
1304 3810 1469 3881 inque
1509 3812 1615 3881 27
1652 3812 1891 3882 pardalis

302 3914 356 3959 et
385 3903 610 3959 Bacchae
638 3903 970 3973 Taraxiique
1014 3903 1335 3961 numinibus
1366 3904 1468 3975 (sic
1498 3907 1754 3959 nimirum
1790 3907 1894 3960 im-

304 4000 631 4068 peratricem
660 3994 867 4051 lrenem
918 4005 1284 4065 sanctumque
1318 3996 1608 4053 Tarasiinn
1639 3999 1693 4054 in
1724 4013 1891 4055 causa

303 4088 617 4144 divinarum
670 4087 972 4159 imaginum
1034 4087 1235 4158 lingua:
1293 4089 1597 4158 petulantia
1659 4093 1889 4159 vocans)

303 4198 456 4252 spem
479 4182 795 4238 collocaret.
823 4182 893 4235 At
918 4180 1051 4243 Leo,
1084 4196 1275 4236 verum
1308 4181 1621 4236 daemonum
1655 4183 1887 4251 idolum,

304 4275 538 4328 inscitiae
591 4274 945 4342 mancipium,
982 4271 1149 4327 homo
1186 4273 1380 4325 umbra
1434 4272 1732 4344 elinguior,
1762 4290 1887 4329 cum

1984 383 2215 447 Λέοντος
2236 382 2605 453 ἐπωνομάσθη
2629 398 2642 413 ·
2685 383 2779 435 καὶ
2799 382 2852 434 οἱ
2876 381 2964 435 ἀεὶ
2995 383 3174 435 ἐκεῖσε
3198 380 3609 451 διαϐιϐαζόμει

1984 490 2066 526 vat
2105 475 2215 527 τῶν
2236 473 2567 544 Βουλγάρων
2586 475 2689 547 τὴν
2717 473 2965 544 κεφαλὴν
2994 471 3335 535 ἐπισείοντες
3393 470 3577 524 δακτυ
3601 500 3608 505 -

1984 565 2339 630 λοδεικτοῦσι,
2370 568 2467 620 καὶ
2495 565 2667 639 λήθην
2701 565 3050 636 λαμϐάνουσι
3079 562 3192 617 τῶν
3225 564 3356 617 τότε
3412 562 3614 617 κακῶν

1985 658 2265 727 οὐδαμῶς.

2060 847 2145 903 ιδ’.
2177 847 2352 903 Τοῦτο
2378 848 2514 918 γοῦν
2555 850 2897 923 θρασύτερόν
2924 868 3040 916 πως
3065 850 3234 907 αὑτὸν
3254 850 3356 907 καὶ
3395 849 3614 921 ἰταμώ-

1983 958 2145 1013 τερον
2170 942 2530 1014 ἐνειργάσατο
2552 945 2615 998 τὸ
2660 945 2900 1017 προτέρη
2910 964 3007 1012 μα,
3068 945 3163 1000 καὶ
3193 948 3274 1010 είς
3305 945 3416 1017 τὴν
3468 945 3605 997 σύν--

1985 1052 2184 1105 τρονρον
2218 1036 2481 1110 ὠμότητα
2508 1039 2877 1111 ἐναπέρῤαξι.
2913 1038 3133 1111 Μικροῦ
3166 1040 3280 1111 γὰρ
3317 1038 3423 1094 καὶ
3479 1038 3611 1109 μεί-

1987 1125 2142 1192 ζονος
2194 1129 2298 1183 οὐκ
2345 1125 2415 1201 ἦν
2468 1131 2617 1203 αύτῷ
2659 1132 2898 1205 διαφορά
2958 1134 3405 1204 ἁμαρτήματος,
3461 1132 3609 1186 ἀλλὰ

1988 1221 2129 1275 κατὰ
2177 1223 2397 1277 πάντων
2423 1226 2509 1293 ἐφ’
2532 1219 2685 1291 ᾧτινι
2715 1225 3296 1297 καταλαμϐανομένων
3354 1226 3465 1296 μία
3499 1225 3611 1295 ψῆο

1986 1332 2107 1383 φος.
2120 1316 2180 1369 τὸ
2194 1316 2713 1387 ἀκρωτηριάζεσθαι
2729 1318 2838 1372 τῶν
2855 1317 3174 1388 ἀναγκαίων
3198 1318 3365 1388 μέλος
3384 1320 3609 1371 ὁποιον-

1987 1412 2082 1467 οῦν
2131 1411 2225 1463 καὶ
2266 1412 2488 1467 πάντων
2537 1414 2625 1466 ἐπ’
2662 1413 2819 1483 ὄψεσι
2871 1412 3118 1467 τίθεσθαι
3163 1412 3479 1483 ἐκκρεμὲς.
3538 1412 3608 1463 Ἀ

1988 1505 2084 1558 καὶ
2120 1507 2254 1559 πᾶσι
2299 1505 2685 1575 πεποιηκότων
2714 1506 2761 1536 ³³
2803 1506 2919 1569 τοῖς
2952 1503 3264 1576 ἀνθρώποις
3310 1505 3609 1558 ἐνέτικτον

1993 1601 2150 1669 μῖσος
2187 1598 2252 1669 δὴ
2319 1598 2512 1652 τούτου
2576 1599 2673 1652 καὶ
2722 1598 2905 1669 δεινὴν
2965 1597 3303 1669 ἀπέχθειαν·
3372 1592 3461 1661 οἷς
3494 1597 3609 1667 γάρ

1995 1692 2241 1763 ἄκρατον
2272 1693 2373 1762 τὴν
2420 1689 2692 1763 ἐγχώριον
2740 1691 3040 1763 θηριωδίαν
3069 1692 3409 1764 ἐνήσκησεν,
3471 1691 3609 1745 ἀλλ’

1996 1785 2056 1839 οὐ
2091 1784 2507 1855 κεκολασμένην
2535 1785 2657 1837 τινὰ
2714 1790 2809 1838 καὶ
2854 1785 2991 1856 πρὸς
3020 1783 3081 1838 τὸ
3111 1785 3426 1856 πραότερον
3461 1786 3606 1838 ἀπο-

1994 1874 2279 1941 νεύουσαν,
2311 1875 2411 1945 τὴν
2443 1874 2732 1944 συγγενίδα
2753 1874 2914 1940 φύσιν
2945 1873 3291 1945 ἐκφαυλίζων
3313 1874 3607 1947 ἀνηλεῶς,

1999 1967 2189 2039 μισθὸν
2221 1969 2282 2020 τὸ
2310 1966 2489 2038 ἔχθος,
2520 1968 2637 2021 ἀλλ’
2672 1968 2733 2021 οὐ
2762 1969 2860 2039 τὴν
2889 1968 3073 2038 φιλίαν
3105 1969 3458 2042 ἡμπόλησεν.

2071 2155 2151 2210 ιε’.
2188 2152 2353 2208 Ταῦτ’
2383 2149 2477 2207 οὖν
2506 2154 2796 2225 ἔπραττεν,
2830 2155 2927 2208 καὶ
2978 2154 3121 2208 κατὰ
3170 2152 3295 2207 νοῦν
3316 2153 3607 2224 λαμϐάνει

1996 2250 2086 2303 τὸν
2123 2251 2215 2303 ἐπὶ
2248 2248 2324 2319 τῷ
2369 2248 2680 2319 Φιλομηλίῳ
2731 2248 3054 2319 μονάζοντα,
3122 2250 3215 2302 καὶ
3263 2247 3609 2318 ἀμείϐεσθαί

1996 2345 2046 2397 ol
2071 2344 2220 2397 δοκεῖ
2254 2345 2354 2412 τῆς
2389 2344 2751 2415 προρρήσεως
2776 2342 2860 2416 [Ρ.
2884 2341 2975 2414 17]
3009 2342 3424 2414 εύχαριστήριά
3482 2358 3608 2395 τινα

1999 2436 2343 2507 προπέμπων
2370 2437 2414 2466 ³³
2442 2435 2611 2505 αὐτῷ,
2663 2436 2763 2495 τὰς
2820 2435 2913 2488 τοῦ
2955 2436 3193 2507 κράτους
3226 2437 3387 2497 νίκας
3438 2434 3608 2503 δῆθεν

1996 2528 2187 2581 αἰτῶν.
2237 2528 2377 2581 Ἀλλ’
2413 2529 2620 2592 ἐκεῖνος
2652 2529 2752 2598 μὲν
2792 2528 2891 2599 ήδη
2924 2527 3141 2596 φθάσας
3192 2527 3251 2592 ἐξ
3282 2526 3607 2600 ἀνθρώπων

1998 2623 2235 2691 ἐγένετο,
2269 2621 2507 2693 πονηρὸς
2540 2620 2597 2675 δέ
2652 2638 2738 2685 τις
2790 2616 2999 2692 δαίμων
3034 2620 3131 2674 καὶ
3181 2621 3463 2691 βάσκανος
3492 2622 3513 2693 (
3541 2622 3604 2674 ού

1998 2720 2105 2788 γὰρ
2136 2716 2423 2787 ἄνθρωπον
2453 2715 2644 2769 τοῦτον
2672 2715 2971 2784 καλέσαιμι
2999 2714 3089 2767 τὸν
3118 2714 3297 2766 πάντα
3323 2714 3605 2785 συγχέαν-

1998 2825 2066 2860 τα
2104 2807 2197 2859 καὶ
2241 2807 2555 2878 ταράξαντα
2616 2807 2709 2858 καὶ
2751 2809 2894 2859 κατὰ
2927 2803 3020 2858 τὸν
3054 2804 3286 2858 παλαιὸν
3344 2806 3481 2875 ὅφιν
3510 2807 3606 2857 τὸν

2003 2898 2079 2951 ἰὸν
2123 2900 2235 2962 τοῖς
2262 2897 2357 2949 τοῦ
2389 2895 2741 2965 ταλαιπώρου
2778 2894 3005 2959 Λέοντος
3031 2893 3170 2948 ὠσὶν
3215 2895 3495 2965 ἐγχέαντα
3532 2895 3602 2957 ³⁸,

2000 2991 2362 3043 ἀνεπίστατον
2399 2990 2739 3059 κεκτημένου
2780 2989 2903 3042 ὅλον
2934 2986 3026 3039 τὸν
3060 2985 3205 3058 νοῦν)
3243 2986 3319 3057 τῷ
3365 2986 3467 3039 τοῦ
3506 2989 3605 3055 γὲο

2001 3101 2186 3155 ροντος
2216 3081 2445 3152 οἰκίσκῳ
2476 3084 2533 3133 ἐν
2562 3067 2851 3143 εὐλαϐείας
2883 3080 3238 3151 προσχήματι
3290 3079 3600 3146 ἐγκατέλα-

1998 3177 2111 3230 ϐεν.
2137 3176 2442 3245 Συμϐάτιος
2477 3165 2633 3236 οὗτος
2672 3174 2909 3237 ἐλέγετο.
2957 3172 3015 3235 ὃς
3072 3173 3162 3225 τὸν
3199 3172 3243 3204 ³⁸
3304 3172 3603 3243 βασιλικὸν

1998 3269 2230 3335 ἄγγελον
2289 3264 2459 3319 πολλὰ
2491 3263 2941 3336 προσονειδὶξων,
2990 3263 3085 3315 καὶ
3129 3262 3393 3334 δύσφημα
3452 3266 3601 3318 κατὰ

1996 3361 2091 3415 τοῦ
2132 3358 2398 3431 βασιλέως
2433 3360 2513 3420 είς
2578 3359 2894 3423 πρόσωπον,
2941 3356 3055 3409 ἀλλ’
3088 3356 3184 3425 οὐχ
3236 3356 3339 3410 ὑπὸ
3392 3358 3599 3410 κόλπον

1997 3452 2193 3518 λαλῶν,
2227 3447 2263 3522 ἦ
2292 3452 2400 3522 μὴν
2438 3450 2749 3521 ἐξελιπάρει
2794 3450 2963 3519 μηδὲν
3012 3448 3599 3519 καθυποστελλόμενον

2000 3546 2257 3611 ἐξειπεῖν,
2290 3546 2365 3608 ὡς
2399 3544 2512 3597 Οὐκ
2552 3543 2704 3595 ἔσται
2751 3559 2833 3596 σοι
2869 3542 2929 3595 τὸ
2968 3541 3276 3612 βασιλεύειν
3319 3544 3418 3595 ἐπὶ⁷
3459 3542 3598 3595 πολὺ

1999 3638 2237 3701 εἰδώλοις
2272 3634 2355 3708 (ὣ
2386 3636 2485 3705 τῆς
2515 3636 2825 3705 καταράτου
2859 3633 3113 3705 γλώσσης
3137 3636 3399 3706 ἐκείνηςι)
3427 3653 3600 3704 προσσ

1997 3733 2246 3803 ανὲχοντι
2276 3730 2372 3785 καὶ
2398 3728 2672 3800 τολμῶντι
2692 3730 2807 3792 τοῖς
2839 3728 2943 3782 ὑπὸ
2970 3727 3070 3797 τῆς
3093 3728 3329 3799 παρὸοῦς
3349 3733 3446 3784 καὶ
3468 3730 3595 3783 0υά-

1994 3828 2081 3889 δος
2111 3826 2208 3879 καὶ
2238 3822 2498 3895 ταραξίου
2520 3820 2857 3891 σεϐομένοις,
2875 3822 2971 3891 τὴν
2989 3820 3389 3892 βασιλεύσασαν
3424 3823 3595 3893 Είρήο

1994 3939 2093 3990 νην
2132 3919 2225 3971 καὶ
2254 3916 2345 3970 τὸν
2379 3919 2439 3969 ἐν
2484 3915 2664 3983 ἁγίοις
2690 3915 2967 3984 Ταράσιον
2998 3917 3183 3984 άφέτῳ
3211 3917 3434 3986 γλώττῃ
3466 3918 3596 3983 περὶ

1993 4013 2103 4067 τῶν
2127 4011 2290 4065 θείων
2337 4008 2566 4062 εἰκόνων
2592 4006 2770 4070 οὕτως
2796 4006 3113 4060 ἀποκαλῶν.
3152 4004 3211 4061 Ὀ
3232 4007 3288 4060 δέ
3323 4009 3501 4073 Λέων,
3538 4009 3597 4060 τὸ

1993 4108 2159 4171 ὖντως
2175 4104 2445 4175 δαιμόνων
2462 4104 2702 4165 εἴδωλον,
2722 4101 2782 4154 τὸ
2799 4101 2896 4171 τῆς
2911 4100 3151 4170 ἀμαθίας
3166 4101 3523 4169 ἀνδράποδον,
3539 4101 3597 4154 τὸ

1992 4204 2089 4270 τῆς
2108 4200 2269 4261 σκιᾶς
2290 4195 2531 4266 ἁφονώτε
2541 4212 2653 4264 ρον,
2679 4193 2799 4247 δέον
2829 4194 3034 4246 τούτων
3070 4192 3536 4265 κατολιγωρῆσαι,
3560 4192 3593 4262 ἢ

1994 4294 2101 4347 si"
2126 4292 2201 4361 μὴ
2217 4288 2393 4354 τοῦτο,
2415 4286 2789 4358 ἐκπομπεύειν
2813 4285 2945 4354 γοῦν
2963 4286 3056 4338 καὶ
3080 4286 3388 4355 θεατρίζειν
3414 4287 3595 4340 ταῦτα

304 4369 421 4423 haec
450 4382 713 4437 spernere
746 4366 1049 4430 debuisset,
1115 4366 1201 4421 sin
1254 4374 1459 4433 autem,
1501 4368 1568 4421 ad
1618 4382 1745 4421 eum
1796 4371 1887 4439 qui

2001 4387 2077 4457 τῷ
2100 4385 2198 4449 τὰς
2251 4385 2352 4452 τῆς
2396 4382 2726 4452 Ἑκκλησίας
2764 4380 2920 4450 ἡνίας
2955 4380 3210 4444 ίθύνοντι,
3242 4380 3339 4433 καὶ
3374 4379 3593 4434 σύνοδον

302 4461 565 4516 Ecclesia:
615 4459 831 4515 clavum
892 4459 1114 4529 regebat
1147 4457 1355 4514 referre
1397 4460 1559 4528 eique
1590 4475 1889 4530 exponere,

304 4568 514 4608 necnon
543 4552 813 4623 synodum
845 4551 915 4606 de
952 4552 1118 4607 rebus
1154 4552 1369 4622 magnis
1399 4554 1693 4622 magniﬁce
1727 4569 1888 4610 seru-

303 4648 470 4702 tando
498 4660 715 4716 cogere,
758 4658 868 4699 non
924 4643 1243 4699 hominibus
1273 4645 1367 4713 qui
1415 4645 1550 4698 nihil
1580 4644 1697 4699 sani
1730 4660 1890 4716 sape-

300 4753 443 4806 rent,
471 4740 674 4809 quique
705 4751 816 4790 non
845 4736 967 4805 ejus
996 4734 1326 4798 commodis.
1364 4734 1458 4790 sed
1484 4738 1600 4791 suis
1641 4737 1888 4805 ipsorum

300 4832 472 4887 lucris
515 4831 801 4885 studerent
830 4843 1069 4898 suasque
1104 4843 1229 4884 cum
1260 4829 1454 4898 primis
1482 4844 1566 4884 res
1604 4840 1889 4896 curarent,

301 4924 464 4996 (prob
504 4926 807 4981 amicitiam
859 4925 985 4983 dolo
1023 4924 1385 4994 compositam
1416 4924 1454 4995 l)
1490 4927 1671 4982 amico
1702 4926 1889 4983 cassi"

299 5029 429 5073 tera:
453 5019 845 5081 communicat,
885 5018 1164 5089 refertque
1197 5034 1323 5088 qua:
1365 5035 1432 5076 ex
1478 5022 1675 5076 nuntio
1718 5023 1887 5078 verba

298 5121 604 5181 acceperat.
656 5109 829 5167 Porro
864 5112 955 5168 ille
988 5112 1192 5167 malum
1239 5113 1384 5167 malo
1417 5111 1773 5183 furoremque
1803 5114 1888 5168 l'u-

301 5218 429 5259 rore
468 5220 577 5261 non
608 5204 841 5269 leniens,
887 5204 982 5260 sed
1027 5206 1300 5271 excitans,
1340 5206 1517 5260 virum
1568 5206 1758 5272 alium,
1794 5207 1887 5278 qui

301 5298 550 5367 ejusdem
596 5311 724 5367 erga
757 5312 949 5353 sacras
980 5298 1248 5369 imagines
1298 5298 1586 5353 sententia:
1638 5309 1785 5356 esset
1820 5315 1886 5356 ac

300 5396 356 5447 in
381 5390 649 5446 Mauriani
690 5391 906 5462 porticu
944 5391 1237 5457 habitaret,
1273 5390 1321 5448 ei
1354 5391 1584 5456 indicat,
1614 5392 1883 5448 immensa

1996 4477 2382 4551 συγκροτῆσαι
2420 4475 2549 4546 περὶ
2602 4473 2856 4544 μεγάλων
2899 4472 3152 4543 μεγάλως
3190 4473 3500 4544 ἀνερευνῶν
3526 4473 3594 4543 ³⁷,

1993 4573 2107 4629 ἀλλ’
2140 4572 2241 4624 ούκ
2297 4568 2524 4637 ἀνδράσι
2588 4566 2757 4635 μηδὲν
2786 4565 2939 4633 ὑγιὲς
2992 4565 3274 4635 φρονοῦσι,
3332 4567 3468 4635 μηδὲ
3525 4564 3593 4618 τά

1992 4663 2187 4718 ἑαυτοῦ
2219 4661 2348 4733 (φεῦ
2393 4661 2488 4731 τῆς
2517 4660 2655 4730 μετὰ
2693 4658 2847 4711 δόλου
2869 4656 3123 4726 φιλίας’),
3160 4657 3296 4712 άλλὰ
3312 4659 3379 4712 τὰ
3414 4662 3592 4713 οἰκεῖα

1993 4756 2474 4831 προμηθουμένων
2508 4753 2605 4807 καὶ
2651 4752 3169 4824 προδιοικουμένων,
3205 4751 3282 4822 τῷ
3326 4752 3589 4822 φιλουμέ-

1998 4870 2072 4923 νῳ
2118 4847 2500 4905 ἀνακοινοῦται
2566 4847 2905 4917 Κασσιτερᾷ,
2932 4846 3028 4899 καὶ
3075 4844 3145 4899 τὰ
3196 4846 3587 4917 ἀπεσταλμένα

1996 4948 2120 5014 ἄγει
2152 4943 2326 5012 τούτῳ
2354 4944 2432 5004 εἰς
2466 4940 2603 5008 φῶς.
2647 4940 2706 4992 '0
2736 4939 2793 4992 δὲ
2841 4939 2999 5011 κσκῷ
3026 4938 3087 4993 τὸ
3122 4940 3292 4994 κακὸν
3320 4940 3413 4993 καὶ
3458 4939 3586 4991 λύσ-

1998 5055 2066 5109 σῃ
2104 5037 2309 5089 λύσσαν
2360 5034 2424 5087 ού
2475 5032 2820 5100 θεραπεύων,
2854 5032 2969 5086 ἀλλ’
3024 5032 3350 5104 ἐπεγείρων,
3397 5032 3584 5100 ἔτερόν

1996 5149 2119 5185 τινα
2154 5132 2221 5201 τῇ
2243 5129 2409 5200 ὁμοίᾳ
2433 5127 2561 5198 δόξῃ
2611 5126 2742 5198 περὶ
2774 5127 2885 5179 τῶν
2912 5124 3073 5179 θείων
3111 5126 3337 5179 εἰκόνιον
3370 5128 3583 5196 ἐνισχηο-

2002 5226 2162 5296 μένον
2201 5221 2345 5275 κατὰ
2382 5219 2476 5273 τοῦ
2510 5217 2556 5253 ³⁸
2586 5218 2905 5290 Μαυριανοῦ
2942 5218 3170 5289 ἔμϐολον
3219 5218 3579 5289 ἐνσκηνοῦντα

1994 5311 2382 5383 ὁναγνωρίζει,
2442 5305 2727 5379 ἀπέραντα
2784 5326 2909 5364 τινα
2952 5309 3051 5363 καὶ
3100 5308 3351 5380 μετέωρα
3389 5309 3582 5379 λεσχη-

1996 5404 2164 5455 νεύων
2206 5402 2301 5454 καὶ
2345 5400 2724 5470 ύπεράγγελον
2756 5400 2946 5453 τοῦτον
2997 5394 3137 5455 εἶναι
3167 5400 3578 5471 διαϐεϐαιούμε-

1609 5508 1845 5565 VARUE
1891 5513 2295 5568 LElITiOhES.

390 5603 431 5633 ³¹
464 5602 501 5657 l'.
536 5604 897 5673 πεποιημένα.
960 5618 1148 5672 margo
1175 5602 1422 5659 Combcf.

300 5672 343 5705 ⁸⁷
375 5672 754 5745 ἀνερευνὼσαν
781 5674 803 5728 ?
833 5688 900 5729 an
926 5676 1305 5745 ἀνερευνῶνται
1333 5676 1354 5729 ’ἶ
1430 5677 1476 5709 ³⁸
1511 5672 1755 5742 reﬂat»?

1526 5607 1972 5680 "“rrpoc‘rtéttﬁwv
1995 5613 2035 5666 ἲ.

2139 5613 2179 5644 ³⁸
2221 5613 2484 5681 ἐκχέαντα
2522 5611 2581 5665 P.
2693 5612 2737 5643 ³⁸
2793 5610 2907 5684 τὸν]
2963 5615 3055 5667 καὶ
3091 5611 3154 5669 Ρ.
3233 5614 3276 5646 ³⁸
3316 5610 3575 5670 slom.P.
