3958 6034
333 234 400 302 55
1501 233 2008 299 THEOPHANES
2045 229 2605 294 CONTINUATUS.
3535 222 3598 286 56

399 351 458 406 2.
482 346 711 404 Μὶειιιει
741 355 919 403 autem
941 365 971 402 e
995 348 1174 418 Papiae
1199 345 1443 403 custodia
1467 350 1719 410 eductus,
1739 342 1919 400 adhuc

2091 337 2158 410 β’.
2215 339 2275 394 ’0
2306 337 2366 394 δὲ
2398 337 2618 409 Μιχαὴλ
2662 336 2758 406 τῆς
2812 336 2877 389 iv.
2926 332 3021 387 τοῦ
3074 331 3328 387 παππίου
3358 333 3596 402 φρουρᾶς

332 442 501 518 pedes
529 439 679 496 ferro
708 440 925 495 vinetus
953 452 1080 494 cum
1117 447 1265 495 esset
1288 439 1456 509 (quod
1491 438 1701 493 scilicet
1722 435 1915 504 clavis,

334 551 458 607 qua
488 533 634 605 apud
673 531 909 590 Leonem
952 531 1296 598 servabatur,
1327 541 1388 587 ut
1416 530 1590 602 magis
1617 531 1799 585 vincto
1825 543 1915 584 ca-

333 637 508 694 veret,
541 626 774 683 necdum
818 625 1036 681 inventa
1075 624 1239 696 erat),
1271 625 1325 679 in
1361 626 1510 696 regio
1539 624 1741 678 throno
1783 636 1918 678 eon-

335 719 481 776 sedit
512 718 873 789 omniumque
900 717 995 788 qui
1042 729 1156 774 tum
1192 717 1248 773 in
1277 716 1480 788 palatio
1512 718 1742 773 aderant
1770 714 1918 770 voci-

337 815 444 869 bus
471 812 770 882 imperator
800 810 1072 867 salutatus
1102 820 1188 866 est
1229 824 1296 865 ac
1324 810 1604 866 aderatus.
1636 807 1754 864 Jam
1787 823 1918 864 vero

334 906 558 962 circiter
589 905 868 961 meridiem
897 904 1040 960 fama
1061 905 1264 974 ubique
1292 918 1504 974 sparsa.
1524 919 1650 960 cum
1675 903 1766 958 vix
1787 901 1919 957 mal-

337 999 425 1055 leo
453 999 742 1069 compedes
766 997 954 1053 dillissi
991 1006 1213 1064 essent;
1243 996 1415 1053 illotis
1449 996 1728 1059 manibus,
1760 994 1916 1049 nullo

338 1091 430 1149 Dei
459 1101 605 1147 metu
637 1092 691 1145 in
722 1091 966 1146 animum
994 1097 1301 1159 assumpto,
1330 1104 1431 1145 nec
1456 1088 1568 1144 ullo
1597 1088 1706 1142 alio
1725 1085 1919 1143 delun-

337 1197 461 1240 ctus
499 1183 712 1239 honesti
760 1181 963 1247 ofﬁcio,
993 1182 1060 1237 ad
1093 1180 1342 1237 divinum
1374 1194 1748 1252 magnumque
1779 1188 1920 1235 tem-

337 1276 484 1346 plum
521 1276 809 1346 processit,
845 1275 894 1328 id
927 1283 1183 1343 satagens
1219 1281 1280 1328 ut
1301 1287 1366 1327 ex
1395 1269 1722 1343 patriarcha!
1750 1285 1917 1324 manu

335 1381 595 1424 coronam
644 1376 1076 1438 consequeretur
1125 1366 1403 1436 totiusque
1446 1363 1629 1436 populi
1661 1364 1803 1419 votis
1856 1377 1921 1418 ac

334 1460 563 1516 vocibus
587 1459 885 1530 imperator
905 1459 1258 1526 salutaretur,
1276 1473 1468 1513 eorum
1499 1457 1768 1513 duntaxat
1789 1469 1921 1527 prae-

336 1553 478 1610 sidio
501 1556 747 1609 munitus
774 1553 1027 1623 valloque
1053 1563 1263 1624 septus,
1283 1551 1378 1622 qui
1406 1565 1512 1606 una
1547 1565 1736 1607 secum
1769 1548 1922 1606 necis

2016 430 2350 499 ἀνενεχθεὶς,
2374 429 2456 483 ἔτι
2485 431 2611 493 τοὺς
2642 427 2813 491 πόδας
2865 426 3072 497 σιδήρῳ
3111 424 3432 492 δεδεμένους
3461 422 3598 493 ἔχων

2014 523 2104 578 διὰ
2142 522 2204 576 τὸ
2248 523 2347 593 τὴν
2392 521 2539 575 κλεῖν
2590 520 2738 591 παρά
2765 519 2860 573 τοῦ
2913 517 3142 582 Λέοντος
3197 515 3600 586 φυλαττομένην

2018 616 2324 688 ἀσφαλείας
2353 615 2543 672 ἕνεκεν
2567 613 2706 679 τέως
2738 609 2880 667 εἶναι
2917 611 3124 681 ἀφανῆ,
3159 610 3253 664 ἐπὶ
3295 611 3390 664 τὸν
3447 609 3601 680 βασί-

2018 711 2161 764 λειον
2187 708 2442 764 ἐκάθισεν
2464 707 2674 780 θρόνον,
2702 705 2789 781 [Ρ.
2821 703 2920 779 2⁸η
2941 703 3038 758 xui.
3054 703 3206 774 παρά
3247 702 3468 756 πάντων
3488 701 3598 755 τῶν

2016 804 2154 867 τέως
2192 801 2362 856 ὄντων
2385 803 2444 854 tv
2470 801 2548 872 τῷ
2599 798 2851 870 παλατίῳ
2894 793 3278 869 προσεκυνήθη
3328 795 3602 865 αὐτοκρά-

2019 911 2137 966 τωρ
2166 892 2577 965 ἀναγορευθείς.
2630 890 2775 962 Ἤδη
2824 891 2882 945 δὲ
2943 889 3219 960 μεσούσης
3249 887 3466 959 ἡμέρας
3505 886 3604 957 τῆς

2021 991 2214 1063 φήμης
2245 989 2524 1061 πανταχοῦ
2557 984 2985 1059 διαδραμούσης,
3019 985 3127 1038 τῶν
3163 984 3382 1053 δεσμῶν
3419 981 3603 1053 σφῦρα

2021 1083 2364 1140 θλασθέντων
2405 1083 2580 1155 μόλις,
2613 1082 2674 1135 οὐ
2719 1084 2912 1153 χεῖρας
2964 1078 3395 1149 ἀπονιψάμενος,
3425 1078 3488 1131 οὐ
3517 1077 3606 1130 τὸν

2023 1178 2165 1234 θεῖον
2195 1177 2360 1247 φόϐον
2383 1177 2528 1232 κατά
2560 1174 2690 1230 νοῦν
2719 1173 2984 1245 εἰληφὼς,
3019 1173 3122 1227 οὐκ
3151 1172 3282 1228 ἀλλο
3315 1171 3473 1224 οὐδὲν
3497 1170 3606 1224 τῶν

2021 1273 2252 1328 δεόντων
2312 1272 2570 1341 ποιήσας,
2605 1268 2745 1342 πρὸς
2780 1270 2874 1320 τὸν
2911 1267 3058 1322 θεῖον
3099 1267 3192 1322 καὶ
3259 1264 3435 1336 μέγαν
3483 1262 3614 1317 ναὸν

2021 1362 2387 1438 προελήλυθεν
2416 1362 2511 1418 τοῦ
2553 1363 2787 1434 στέφους
2809 1360 2874 1415 ἐκ
2911 1360 3013 1431 τῆς
3061 1357 3470 1429 πατριαρχικῆς
3499 1373 3605 1427 χει-

2027 1459 2120 1529 ρὸς
2147 1457 2365 1527 καὶτῆς
2389 1454 2674 1527 πανδήμου
2701 1455 2888 1525 τυχεῖν
2911 1450 3201 1522 ἐπιθυμῶν
3228 1451 3612 1521 ἀναρρήσεως,

2025 1549 2270 1614 ἐκείνους
2304 1549 2502 1621 μόνους
2553 1546 2809 1619 φραγμὸν
2844 1546 2940 1600 καὶ
2968 1544 3422 1617 περιχαράκωμα
3471 1541 3609 1612 ἔχων

334 1647 469 1704 socii
496 1661 563 1702 ac
589 1645 858 1715 coniurati
887 1646 1139 1702 fuissent.
1171 1645 1442 1702 Caeterum
1471 1645 1762 1699 amborum
1795 1644 1921 1715 quis

2030 1646 2152 1708 τοὺς
2181 1647 2274 1698 τοῦ
2323 1643 2488 1712 φόνου
2545 1639 2956 1712 μετεσχηκότας
2990 1639 3086 1692 καὶ
3145 1633 3610 1704 συνομωμοκότας

337 1738 537 1794 merito
567 1737 965 1807 inauspicatam
1003 1738 1093 1792 hic
1135 1738 1364 1793 miretur
1402 1746 1664 1802 mentem,
1697 1736 1918 1802 Leonis,

337 1831 482 1902 quod
528 1831 613 1888 sic
641 1831 853 1887 nullum
891 1847 954 1887 ex
995 1841 1072 1887 tot
1125 1830 1564 1886 assentatoribus
1614 1828 1920 1899 amicisque

339 1930 470 1975 tunc
501 1920 768 1976 auxilium
821 1935 1091 1992 opemque
1150 1920 1414 1976 ferentem
1467 1919 1744 1984 habuerit,
1791 1934 1917 1975 cum

337 2026 527 2067 omnes
552 2021 867 2083 serpentum
893 2026 1044 2067 more
1073 2012 1128 2066 in
1157 2027 1288 2069 suas
1316 2026 1375 2067 se
1405 2009 1646 2066 latebras
1673 2024 1739 2066 ac
1767 2008 1920 2065 fora-

335 2103 488 2160 mina
503 2103 862 2170 abdidissent,
882 2103 1161 2159 Michaelis
1185 2119 1313 2159 vero
1331 2102 1640 2158 interritum
1659 2101 1928 2158 adversus

333 2209 530 2251 omnes
570 2201 970 2265 cruentumque
1014 2197 1285 2262 animum,
1328 2210 1452 2252 cum
1493 2211 1602 2249 non
1638 2193 1747 2267 ω
1779 2194 1925 2249 velut

333 2287 580 2344 carnifex
609 2288 778 2361 (quod
829 2293 974 2344 cnim
1010 2301 1286 2356 evenerat,
1333 2288 1533 2344 divinat
1567 2287 1926 2358 providentiae

335 2391 533 2437 cuncta
563 2381 920 2451 gubernantis
945 2383 1283 2452 exstiterat),
1319 2382 1416 2438 sed
1453 2390 1719 2454 tanquam
1747 2382 1925 2436 victor

334 2485 633 2528 coronatus
663 2488 759 2542 per
791 2473 1025 2542 plateam
1056 2474 1332 2539 transiret,
1366 2489 1491 2527 cum
1526 2473 1701 2544 magis
1726 2475 1924 2530 erube-

335 2565 602 2620 scendum
641 2564 1053 2636 lugendumque
1101 2563 1262 2630 foret,
1309 2581 1414 2620 non
1451 2564 1597 2635 quod
1629 2565 1793 2632 iuste.
1839 2563 1924 2618 di-

334 2669 503 2724 gnum
563 2655 658 2726 qui
734 2655 1156 2719 eliunderetur,
1236 2655 1559 2725 sanguinem
1638 2653 1922 2710 etl‘udissct

336 2745 676 2818 (quanquam
713 2762 783 2804 ne
819 2751 924 2804 hoc
971 2748 1189 2818 quidem
1231 2749 1284 2802 in
1340 2747 1411 2803 iis
1459 2746 1769 2803 habemlum
1796 2761 1920 2817 qua:

337 2838 554 2894 laudern
590 2840 918 2910 merentur),
951 2840 1051 2896 sed
1080 2841 1225 2910 quod
1263 2855 1371 2893 non
1406 2839 1460 2892 in
1503 2838 1740 2894 caedium
1770 2837 1917 2906 loco,

2030 1736 2203 1808 αὐτῷ.
2236 1733 2407 1790 Ἔνθα
2434 1734 2527 1788 καί
2549 1750 2635 1798 τις
2660 1729 2993 1803 ἀμφοτέρων
3041 1727 3377 1799 θαυμάσειεν
3419 1725 3482 1779 τδ
3509 1742 3611 1779 κα-

2029 1832 2340 1901 κόγνωμον,
2360 1830 2457 1886 τοῦ
2487 1829 2586 1902 μὲν
2615 1830 2763 1890 ὅπως
2794 1825 2988 1880 οὐδένα
3034 1816 3150 1894 εἶχε
3201 1822 3313 1876 τῶν
3353 1818 3587 1891 τηλικοῦ

2027 1940 2138 1977 των
2177 1921 2427 1978 κολάκων
2467 1921 2562 1975 καὶ
2602 1917 2905 1990 φιλούντων
2955 1915 3082 1970 τότε
3129 1913 3193 1984 δὴ
3227 1911 3444 1985 βοηθὸν,
3479 1909 3589 1965 πάν

2025 2032 2136 2071 των
2180 2015 2372 2087 ὥσπερ
2415 2012 2667 2086 ἑρπετῶν
2720 2013 2802 2074 εἰς
2831 2007 3162 2070 καταδύσεις
3221 2003 3614 2077 χωρησάντων,

2025 2107 2122 2162 τοῦ
2149 2108 2404 2178 δευτέρου
2428 2107 2485 2162 δὲ
2513 2105 2574 2161 τδ
2603 2106 2744 2178 πρὸς
2774 2105 2985 2172 πάντας
3022 2103 3228 2174 ἄφοϐον
3257 2102 3354 2157 καλ⁸
3382 2103 3605 2174 αίμοχα-

2031 2200 2142 2272 pic,
2171 2195 2252 2261 οἷς
2272 2199 2463 2274 ὥσπερ
2502 2216 2588 2262 τις
2612 2198 2723 2254 ἀπὸ
2761 2201 2919 2270 νίκης
2975 2197 3276 2268 ἀθλοφόρος
3318 2191 3608 2265 ἑπανερχό

2029 2307 2224 2360 μενος,
2254 2289 2373 2346 ἀλλ’
2409 2291 2470 2345 οὐ
2503 2290 2700 2362 δήμιος
2734 2290 2917 2361 (τοῦτο
2937 2290 3048 2360 γάρ
3085 2291 3190 2344 ὑπὸ
3214 2289 3314 2360 τῆς
3345 2290 3418 2341 τὰ
3443 2288 3619 2342 πάντα

2023 2378 2334 2449 ὁιοικούσης
2349 2379 2616 2451 Προνοίας
2643 2380 2884 2450 ἐγένετο)
2898 2380 3153 2449 κατάτὴν
3175 2377 3438 2433 πλατεῖαν
3465 2377 3550 2448 διή
3561 2392 3616 2446 p-

2025 2489 2153 2542 χετο
2182 2472 2301 2526 δέον
2331 2471 2776 2542 έγκαλΰπτεσθαι
2815 2472 2913 2526 καῖ
2975 2472 3222 2542 θρηνεῖν,
3265 2469 3365 2524 οὐκ
3418 2472 3503 2537 ἐφ’
3537 2462 3622 2531 οἷς

2026 2566 2175 2630 ἀξιον
2204 2559 2345 2636 αἷμα
2391 2564 2618 2628 δικαίως
2662 2565 2879 2636 ἐξέχεεν
2928 2564 3048 2632 (καί
3085 2563 3169 2616 τοί
3196 2578 3261 2632 γε
3290 2561 3416 2616 οὐδὲ
3459 2559 3623 2614 τοῦτο

2027 2659 2139 2713 τῶν
2159 2659 2513 2729 ὲπατνετῶν),
2535 2659 2651 2714 ἀλλ’
2681 2659 2766 2732 ἐφ’
2793 2655 2875 2724 οἷς
2904 2659 3006 2713 οὐκ
3031 2661 3091 2714 ὲν
3107 2656 3246 2729 ἀξίῳ
3285 2656 3461 2725 τόπῳ,
3490 2652 3624 2722 θείῳ

2023 2749 2080 2803 δὲ
2134 2748 2232 2802 καὶ
2263 2749 2511 2820 καθαρῷ,
2541 2752 2639 2802 καὶ
2668 2749 2830 2819 μόνον
2871 2747 3002 2804 ἔνθα
3023 2746 3084 2801 τδ
3132 2745 3466 2801 Δεσποτικὸν
3496 2743 3623 2798 καθ’

2023 2839 2241 2913 ἡμέραν
2264 2840 2536 2912 ὲκχέέται,
2569 2840 2689 2906 ,τῶν
2735 2840 3024 2911 ἡμετέρων
3063 2838 3262 2911 λύτρον
3303 2836 3619 2909 ἁμαρτιῶν⁸

339 2931 433 2988 sed
462 2931 516 2987 in
553 2931 740 2988 divino
788 2934 1119 3002 mundoque,
1169 2940 1224 2987 et
1263 2931 1316 2984 in
1353 2944 1462 2998 quo
1501 2928 1718 2985 Domini
1763 2929 2032 2986 duntaxat
2095 2932 2324 3003 sanguis
2375 2932 2443 2986 ad
2480 2938 2797 2986 nostrorum
2856 2931 3178 2986 delictorum
3240 2929 3624 2998 scelerumque

338 3024 709 3096 expiationem
739 3024 984 3095 quotidie
1017 3026 1284 3080 funditur.

407 3138 464 3193 3.
503 3135 704 3193 Verum
758 3136 826 3192 ad
878 3137 996 3206 ejus
1052 3137 1287 3207 patriam
1349 3145 1601 3194 recurrat
1652 3137 2000 3205 narratio,c

336 3247 463 3287 eum
489 3230 731 3289 medium
761 3245 1075 3296 assumens,
1109 3230 1272 3300 cujus
1303 3245 1360 3285 se
1392 3246 1484 3288 res
1533 3232 1760 3303 exsequi
1796 3246 1924 3302 pro-

338 3325 546 3380 litetur.
574 3323 724 3378 Tulit
749 3323 896 3378 hunc
923 3323 1170 3394 Phrygia:
1194 3323 1499 3393 superioris
1526 3324 1741 3389 civitas,
1779 3325 1926 3379 dicta

342 3417 650 3472 Amorium.
685 3414 742 3469 In
783 3430 850 3471 ea
877 3414 1191 3471 Iudaeorum
1222 3431 1523 3486 eorumque
1552 3430 1694 3486 quos
1726 3416 1925 3471 Athin-

341 3520 515 3576 ganos
543 3515 744 3562 vocant
774 3504 1031 3575 frequens
1071 3520 1288 3576 semper
1328 3507 1623 3564 multitudo
1655 3508 1921 3565 consedit.

341 3593 448 3649 Sed
482 3604 538 3650 et
566 3594 676 3648 alia
702 3596 954 3666 quaedam
1005 3595 1253 3662 hrcrcsis,
1283 3613 1347 3652 ex
1379 3598 1612 3654 aliorum
1651 3614 1773 3654 cum
1802 3600 1926 3654 aliis

341 3687 606 3742 societate
634 3687 862 3758 jugique
912 3689 1338 3754 consuetudine,
1375 3705 1512 3745 nova
1569 3705 1798 3762 prorsus
1829 3707 1925 3748 ex-

341 3793 452 3850 que
498 3779 661 3835 novis
697 3789 751 3835 et
805 3780 1068 3836 inauditis
1107 3780 1351 3838 decretis
1379 3782 1614 3839 conﬂata
1677 3786 1923 3849 emersit,

341 3871 506 3942 cuius
563 3873 683 3943 ipse
713 3887 939 3943 quoque
975 3873 1202 3930 Michael
1259 3884 1482 3946 accepta
1540 3892 1570 3930 a
1626 3877 1928 3947 majoribus

342 3965 736 4036 superstitione
788 3968 1064 4037 particeps
1120 3967 1247 4022 fuit.
1298 3967 1458 4024 Secta
1510 3971 1626 4025 haec
1676 3970 1925 4027 divinum

341 4059 563 4130 quidem
607 4059 886 4115 lavacrum
925 4068 986 4114 ut
1022 4061 1263 4116 salutare
1316 4069 1370 4117 et
1418 4076 1449 4116 a
1487 4063 1602 4116 suis
1644 4063 1929 4132 explorate

341 4152 586 4221 agnitum
616 4154 1039 4224 probatumque,
1065 4168 1160 4210 eos
1187 4153 1282 4223 qui
1314 4153 1615 4221 initientur,
1647 4156 1926 4227 percipere

339 4245 511 4299 sinit:
549 4243 606 4299 in
654 4244 866 4316 reliquo
902 4253 1085 4299 autem
1135 4246 1340 4313 omnia,
1376 4255 1573 4316 praeter
1603 4259 1768 4302 unam
1818 4248 1928 4303 cir-

342 4335 762 4400 cumcisionem,
794 4349 860 4391 ex
911 4334 1048 4404 legis
1078 4335 1335 4392 Mosaicae
1387 4337 1494 4392 ritu
1530 4345 1730 4394 servat.
1765 4337 1925 4404 Quis-

341 4427 467 4499 quis
506 4429 612 4484 hac
645 4436 795 4484 secta
843 4439 929 4482 eat
960 4427 1235 4492 initiatus,
1265 4437 1656 4497 praeceptorem
1685 4443 1750 4484 ac
1777 4430 1927 4486 velut
1961 4408 2004 4462 θ

342 4519 658 4589 praefectum
683 4518 972 4575 Hebraeum
998 4517 1294 4589 quemdam
1319 4520 1434 4576 sive
1455 4519 1739 4578 llebrmam
1763 4521 1934 4578 divini

344 4627 575 4680 prorsus
607 4620 889 4681 expertem
936 4610 1276 4679 baptismatis
1315 4611 1776 4679 domiha-bet,cui
1824 4629 1936 4669 non

343 4703 524 4758 solum
547 4718 609 4759 ea
631 4718 752 4775 quae
773 4701 841 4758 ad
865 4703 1110 4758 animum
1140 4718 1203 4758 ac
1231 4705 1462 4760 salutem
1494 4709 1859 4774 spectant,sed
1882 4721 1939 4763 et

346 4798 423 4852 rei
442 4797 731 4855 familiaris
752 4797 1284 4854 administrationem
1308 4799 1617 4854 committat
1637 4801 1936 4872 domuique

345 4903 412 4943 ac
443 4888 765 4945 substantia:
795 4904 922 4944 eum
965 4889 1247 4958 praeﬁciat.
1274 4888 1380 4959 43
1410 4887 1520 4943 llae
1564 4905 1593 4943 a
1624 4906 1793 4960 puero
1829 4891 1929 4946 Mi-

344 4983 500 5042 chael
529 4983 821 5039 institutus
875 4981 1105 5052 ejusque
1143 4981 1377 5050 primum
1425 4982 1774 5039 documentis
1830 4984 1932 5037 int-

346 5078 532 5142 butus,
570 5092 638 5131 ne
659 5077 740 5133 sic
773 5074 995 5147 quidem
1043 5090 1168 5146 qum
1207 5075 1381 5143 primo
1411 5075 1683 5132 insederat
1716 5077 1930 5146 Opinio-

346 5185 470 5225 nem
519 5185 712 5241 puram
750 5169 995 5235 retinuit,
1057 5171 1151 5224 sed
1210 5171 1357 5223 velut
1419 5185 1597 5238 prava:
1647 5169 1930 5242 religionis

350 5262 646 5332 notharque
682 5263 971 5327 colluvies,
1005 5270 1124 5316 tum
1187 5278 1309 5317 eam
1354 5264 1526 5330 ipsam
1590 5262 1753 5334 paulo
1807 5275 1933 5333 post

350 5353 700 5422 adulteravit,
728 5363 842 5410 tum
875 5352 1246 5409 Christianam
1300 5369 1362 5409 ac
1402 5353 1686 5411 Judaicam
1728 5357 1931 5426 spuriis

349 5447 474 5502 aliis
502 5447 775 5517 adjunctis
811 5447 1029 5518 polluit.
1065 5447 1340 5504 Hactenus
1389 5447 1610 5517 quidem
1646 5449 1795 5504 illam
1843 5464 1929 5504 se-

347 5542 616 5611 quebatur
655 5539 822 5607 inque
856 5541 1067 5596 virilem
1109 5540 1443 5607 provchebat
1477 5549 1714 5602 atatem,
1774 5555 1930 5610 agre-

2101 3135 2171 3206 f.
2217 3135 2361 3189 Ἀλλ’
2399 3143 2494 3188 επὶ
2522 3137 2622 3205 τὴν
2673 3133 3027 3207 θρεψαμένην
3073 3135 3268 3190 τοῦτον
3312 3136 3354 3208 ἡ,
3403 3135 3623 3206 ἱστορία

2029 3229 2272 3299 ἀγέσθω,
2299 3230 2394 3282 καὶ
2414 3229 2580 3299 μέσον
2610 3229 2776 3283 αὐτὸν
2805 3228 3137 3298 λαμϐανέτω
3157 3230 3226 3284 τὰ
3247 3229 3414 3284 αὐτοῦ
3451 3234 3610 3296 ἐπαγ·

2027 3325 2296 3395 γέλλουσα
2333 3322 2398 3379 ⁸⁵.
2433 3324 2672 3392 Ἦνεγκε
2707 3321 2805 3393 μὲν
2837 3321 2931 3376 οὖν
2963 3321 3182 3394 αὐτὸνή
3212 3323 3353 3378 κατά
3381 3323 3482 3392 τὴν
3511 3323 3628 3378 ἄνω

2027 3418 2269 3485 Φρυγίαν
2301 3415 2458 3479 πόλις
2497 3415 2754 3485 Ἀμόριον
2777 3412 2919 3468 οὕτω
2968 3414 3304 3486 καλουμένη,
3338 3417 3396 3468 ἐν
3526 3415 3626 3470 καὶ

2042 3510 2311 3565 Ἰουδαίων
2368 3509 2462 3565 καί
2504 3525 2669 3562 τινων
2726 3505 3070 3578 ’Δθιγγάνων
3124 3506 3329 3579 πλῆθος
3374 3507 3460 3561 ἀεί
3503 3526 3625 3572 πως

2028 3603 2472 3672 ἔγκατοικίζεται
2498 3618 2512 3634 ·
2544 3600 2639 3655 καί
2671 3617 2755 3664 τις
2795 3600 2852 3655 δὲ
2884 3601 3099 3672 αἵρεσις
3126 3603 3192 3656 ὲκ
3233 3601 3332 3672 τῆς
3371 3601 3625 3672 ἀλλήλων

2030 3697 2320 3759 κοινωνίας
2350 3696 2448 3750 καὶ
2480 3695 2769 3767 διηνεκοῦς
2787 3695 3010 3765 ὁμιλίας
3040 3693 3231 3748 καινὸν
3258 3693 3459 3765 ἔχουσα
3488 3694 3618 3765 τρό-

2029 3807 2132 3844 πον
2173 3789 2268 3844 καὶ
2295 3791 2541 3860 δόγματα
2575 3789 2891 3858 ὲπιφΰεται,
2927 3783 2996 3861 ἧς
3030 3788 3125 3842 καὶ
3159 3786 3323 3849 αὐτὸς
3357 3788 3625 3859 μετέσχεν

2030 3883 2096 3935 ἐκ
2131 3882 2387 3952 πατέρων
2435 3880 2844 3952 διαδεξάμενος.
2889 3877 3042 3949 Αὕτη
3091 3878 3148 3933 δὲ
3193 3879 3290 3932 τοῦ
3336 3879 3436 3948 μὲν
3471 3879 3622 3932 Θείου

2031 3972 2257 4045 λουτροῦ
2287 3975 2366 4038 ὡς
2410 3972 2790 4044 σωτηριιὶὧους
2839 3971 2997 4035 ὄντος
3055 3972 3148 4025 καὶ
3177 3971 3310 4042 παρ’
3345 3972 3545 4036 αὐτοὺς
3575 3971 3621 4004 δ’

2030 4065 2510 4137 διωμολογημένον
2588 4065 2718 4127 τοὺς
2757 4063 3122 4134 τελουμένους
3182 4063 3623 4134 μεταλαγχάνειν

2030 4157 2236 4229 ἀνίησι,
2260 4153 2430 4210 τᾶλλα
2455 4156 2512 4210 δὲ
2540 4155 2721 4210 πάντα
2767 4153 2930 4221 σώζει
2964 4154 3318 4223 φυλάττουσα
3358 4156 3502 4208 κατὰ
3534 4156 3622 4207 νό-

2034 4267 2136 4320 μον
2191 4251 2281 4304 τδν
2331 4249 2661 4313 Μωσαῖκὸν,
2731 4246 2876 4318 πλὴν
2925 4249 3026 4317 τῆς
3077 4247 3412 4318 περιτομῆς.
3465 4248 3624 4302 Διδά-

2035 4341 2236 4395 σκαλον
2281 4340 2339 4396 δὲ
2369 4339 2464 4393 καὶ
2490 4333 2603 4393 οἷον
2637 4339 2868 4409 ἔξαρχον
2893 4340 2923 4392 ό
2954 4337 3131 4411 ταύτῃ
3169 4355 3622 4411 μεμυσταγωγη-

2039 4435 2202 4506 μένος
2245 4434 2495 4505 Ἐϐραῖόν
2523 4433 2698 4505 τιναῆ
2745 4433 3003 4504 Ἑϐραῖδα
3025 4433 3315 4506 κέκτηται,
3344 4435 3441 4489 τοῦ
3469 4434 3622 4489 θείου

2037 4525 2240 4591 τελέως
2289 4527 2665 4598 βαπτίσματος
2719 4525 3082 4596 ἀπεχόμενον,
3116 4526 3260 4580 κατὰ
3293 4527 3384 4580 τόν
3427 4527 3624 4582 ἑαυτοῦ

2037 4614 2208 4684 οἷκον,
2238 4611 2284 4688 ᾧ
2311 4619 2406 4672 καὶ
2430 4618 2502 4671 τὰ
2528 4616 2726 4671 ἑαυτοῦ
2756 4617 2816 4670 οὐ
2849 4616 3011 4688 μόνον
3039 4616 3110 4670 τά
3139 4616 3368 4687 ψυχικά,
3398 4617 3538 4671 ἀλλά
3559 4618 3629 4692 δὴ

2037 4714 2260 4778 καὶτὰς
2289 4715 2412 4771 κατ’
2448 4707 2597 4768 οἷκον
2624 4711 2944 4783 οἰκονομίας
2981 4711 3333 4783 ὲμπιστεόει,
3365 4713 3461 4766 καὶ
3518 4713 3626 4767 ὑπὸ

2039 4808 2202 4878 χεῖρα
2246 4805 2434 4859 δίδωσι
2479 4802 2568 4876 [Ρ.
2609 4801 2706 4876 ‘28]
2755 4803 2856 4872 τὴν
2909 4800 3100 4856 αὑτοῦ.
3143 4802 3365 4871 Ταύτης
3415 4799 3512 4857 οῦν
3559 4806 3625 4858 ἐκ

2042 4900 2232 4964 παιδὸς
2256 4897 2546 4968 μετασχὼν
2563 4897 2657 4950 καὶ
2722 4894 2819 4966 τὴν
2835 4894 3012 4965 ψυχὴν
3031 4893 3510 4964 προκαταληφθεὶς
3523 4895 3626 4948 οὐκ

2040 4984 2189 5059 εἶχεν
2223 4988 2330 5043 οὐδ’
2358 4987 2530 5050 οὕτως
2575 4984 2637 5040 τὺ
2692 4986 2792 5054 τῆς
2818 4982 3145 5054 προλήψεως
3199 4981 3463 5052 καθαρὸν,
3507 4983 3631 5036 ἀλλ’

2039 5076 2153 5135 οἷόν
2190 5099 2272 5146 τις
2301 5080 2558 5142 ἀπιστίας
2589 5078 2805 5141 σύνοδος
2833 5075 3077 5144 γεγονὼς
3126 5076 3266 5147 ὁμοῦ
3295 5094 3357 5130 τε
3421 5075 3628 5147 ταύτην

2040 5175 2103 5228 οὐ
2134 5175 2324 5245 πόρῤω
2353 5172 2645 5242 γενόμενος
2681 5167 3064 5239 παρεχάραξεν
3089 5173 3186 5221 καὶ
3217 5168 3318 5238 τὴν
3358 5169 3626 5238 Χριστια-

2038 5266 2147 5321 νῶν
2209 5264 2610 5336 παρενόθευσεν
2671 5265 2769 5317 καὶ
2813 5263 2913 5333 τὴν
2954 5259 3255 5330 Ίουδαῖκὴν
3313 5262 3628 5332 ἐκιϐδήλευ-

2042 5376 2155 5412 σεν.
2198 5356 2349 5419 Τέως
2385 5358 2484 5427 μὲν
2540 5349 2634 5409 οὖν
2670 5353 2846 5424 είχετο
2895 5351 3087 5421 αὐτῆς,
3131 5353 3224 5404 καὶ
3255 5351 3354 5422 τὴν
3406 5351 3488 5414 είς
3527 5352 3624 5406 ἇν-

2038 5453 2174 5520 δρας
2205 5450 2466 5503 τελοῦσαν
2500 5448 2717 5521 ἡλικίαν
2760 5447 3013 5516 ἀνήγετο,
3042 5441 3330 5513 ἀγροικξαν
3352 5445 3446 5496 καὶ
3475 5446 3623 5512 ἁμα-

2042 5544 2165 5598 θίαν
2200 5543 2389 5615 ὥσπερ
2409 5544 2564 5606 τινάς
2587 5541 2774 5603 ἕλικας
2807 5537 3050 5610 ἄμπελος
3086 5535 3440 5597 συνανιούσας
3479 5534 3620 5606 ἔχων

1621 5634 1850 5691 νΑίὶΙᾹ]
1889 5634 2294 5694 LECTIONES.

419 5727 464 5752 ’λ
499 5723 961 5783 ἁπαγγὲλλουσαῖ
1061 5726 1104 5759 ⁴⁷
1139 5723 1360 5787 αὐτοῖςῖ
