3958 6034
277 231 348 296 59
1384 224 1892 290 THEOPHANES
1922 223 2485 287 CONTINUATUS.
3481 220 3549 286 60

356 343 412 400 6.
449 338 659 410 Suhjici
685 337 909 410 quidem
965 337 1138 392 multa
1197 337 1302 393 arti
1334 336 1638 403 divinandi,
1679 336 1862 392 avium
1893 353 1908 399 λ

2037 335 2114 405 ς’.
2148 331 2302 393 Εἶναι
2335 335 2436 408 μὲν
2463 335 2558 390 οὖν
2579 333 2744 409 τέχνῃ
2770 335 2838 406 τῇ
2873 336 3111 407 μαντικῇ
3132 333 3301 389 πολλά
3326 336 3392 390 τὰ
3416 335 3549 390 ὕπο-

278 437 516 500 volatus,
553 447 749 505 gruum
788 430 1035 501 agmina,
1088 431 1274 486 omnis
1321 431 1539 502 generis
1572 443 1866 502 corporum

2017 428 2227 499 είμενα,
2261 426 2494 500 ὀρνίθων
2519 442 2580 484 τε
2611 426 2843 498 πτήσεις
2878 426 3108 497 ὀνείρων
3139 443 3200 481 τε
3227 425 3432 495 ἀγέλας
3460 427 3551 483 καὶ

280 527 570 599 extispicia
607 534 665 582 et
689 522 1078 590 dissectiones,
1112 539 1183 581 ne
1214 539 1360 581 unus
1399 522 1518 596 ipse
1548 538 1612 579 ac
1638 523 1871 594 exiguus

2017 520 2243 577 αντοίων
2271 520 2545 593 σωμάτων
2583 519 2880 592 διεντόμων
2937 517 3089 583 θέας,
3123 519 3210 572 ἵνα
3237 519 3312 590 μὴ
3341 519 3553 584 πολλοῖς

280 623 551 680 adversus
579 617 787 674 multos
807 617 1215 674 eontentiosius
1244 630 1425 690 agam,
1459 616 1607 673 haud
1632 617 1869 671 multum

2017 613 2154 683 ιίγος
2179 611 2492 684 φιλονεικῶ,
2532 610 2637 667 οὐκ
2683 611 2780 666 ἐπὶ
2809 611 2948 666 πολὺ
2973 610 3268 682 διοίσομαι.
3297 605 3454 665 Εἶναι
3498 610 3553 666 δδ

282 714 597 773 abnuerim.
641 711 735 767 Sic
787 719 972 767 autem
1003 709 1248 767 exerceri
1276 717 1339 765 ut
1366 708 1570 765 munda
1605 709 1680 765 sit
1707 707 1872 764 nihil-

2017 706 2223 778 αθαράν
2240 707 2333 760 καὶ
2353 707 2624 777 δαιμόνων
2647 705 2814 760 τινῶν
2847 706 3003 772 ἐκτὸς
3021 705 3348 778 ὑπηρεσίας.
3368 703 3561 776 πόρρω

283 822 394 882 quo
426 821 524 879 per
578 819 700 860 eam
747 801 1094 859 daemonibus
1139 802 1392 873 obsequii
1443 809 1749 873 praestetur,
1780 800 1873 870 qui

2017 799 2114 853 ’τοῦ
2138 799 2230 854 τὸν
2267 797 2558 869 ἄνθρωπον
2586 797 2997 865 σπουδαζόντων
3021 797 3227 867 βαλεῖν,
3251 796 3363 851 οὔτ’
3392 797 3554 861 αὐτὸς

283 899 480 973 procul
510 913 545 953 a
573 896 685 953 Deo
714 896 991 951 hominem
1045 895 1268 966 abigere
1310 893 1591 961 studeant,
1636 908 1740 950 nec
1773 905 1874 963 ego

2017 890 2190 961 ἶποιμι
2232 889 2345 946 οὔτ’
2377 891 2557 958 ἄλλος,
2589 885 2767 962 οἶμαι,
2808 891 2919 946 τῶν
2946 890 3291 962 φρονούντων
3325 889 3407 957 εὖ,
3434 889 3557 943 ἐπεὶ

285 990 544 1056 dixerim,
577 1002 681 1045 nec
717 1001 908 1043 eorum
949 995 1132 1056 putem
1173 985 1377 1056 aliquis
1406 986 1502 1056 qui
1552 994 1700 1042 recte
1738 999 1867 1040 sen—

2017 985 2074 1040 αὶ
2099 987 2226 1048 τοὺς
2263 986 2363 1040 οὐκ
2400 985 2674 1056 εἰλικρινῆ
2707 1002 2831 1038 τινα
2866 984 2981 1057 βίον
3009 982 3306 1048 διώκοντας
3337 984 3433 1038 καὶ
3460 1000 3542 1039 κα·

286 1087 449 1150 tiant,
481 1097 609 1141 cum
646 1088 706 1138 et
754 1093 852 1135 eos
901 1078 997 1150 qui
1031 1077 1178 1132 haud
1227 1077 1516 1135 sincerum
1565 1093 1878 1150 purumque

2017 1079 2166 1150 αρὺν,
2208 1079 2338 1143 τοὺς
2389 1077 2766 1133 ἀσπούδαστον
2816 1076 2875 1132 δὲ
2909 1078 3006 1130 καὶ
3054 1075 3433 1147 ἀνελεύθερον,
3463 1075 3561 1148 τὴν

287 1176 417 1230 vita
454 1186 630 1244 genus
658 1177 1070 1236 consectentur,
1112 1169 1206 1224 sed
1241 1168 1555 1226 illaudahile
1598 1185 1662 1224 ac
1700 1169 1876 1225 illibe-

2020 1168 2186 1240 κριϐἦ
2237 1167 2442 1236 γνῶσιν
2492 1165 2700 1238 ταύτης
2738 1166 2924 1222 λαϐεῖν
2956 1167 3299 1238 ἀκηκόαμεν.
3351 1165 3418 1220 Τί
3474 1184 3563 1237 μοι

287 1267 427 1333 rale,
451 1265 576 1336 ejus
607 1261 851 1334 perfecte
897 1260 1126 1330 adeptos
1159 1260 1448 1316 scientiam
1478 1261 1876 1316 audit-erimus.

2017 1258 2141 1313 οῦτο
2163 1259 2224 1313 τὺ
2258 1259 2433 1331 παρὸν
2464 1258 2764 1330 ὲζήτηται;
2793 1261 2912 1314 Ἵνα
2946 1259 3022 1331 μή
3056 1277 3139 1324 τις
3165 1256 3424 1328 ἐπιπνοίᾳ
3445 1258 3561 1329 θείᾳ

290 1359 568 1427 Quorsum
597 1357 714 1411 haec
743 1369 775 1410 a
806 1368 891 1408 me
908 1352 1074 1409 modo
1092 1361 1237 1408 mota
1261 1353 1496 1422 quzcstio
1524 1352 1650 1409 est?
1676 1353 1880 1424 Nempe

2017 1345 2110 1416 οὒς
2137 1352 2263 1423 περὶ
2321 1351 2493 1406 ταῦτα
2543 1351 2978 1424 ἀσχολουμένους
3004 1352 3203 1427 νομίζῃ
3243 1370 3298 1405 τι
3326 1350 3566 1406 τοιοῦτον

292 1467 364 1509 ne
389 1451 516 1522 quis
550 1447 805 1505 homines
845 1445 957 1501 illis
988 1445 1188 1500 studiis
1220 1445 1434 1502 deditos
1463 1444 1734 1515 ejusmodi
1777 1446 1880 1500 ali-

2017 1446 2284 1514 ιασαφεῖν,
2311 1444 2408 1499 καὶ
2430 1445 2604 1499 αἴτιον
2628 1448 2754 1516 ποιῇ
2789 1445 2880 1500 τὸν
2913 1445 3049 1500 Θεὸν
3073 1445 3178 1516 τῆς
3206 1445 3395 1502 ἀδίκου
3429 1445 3564 1515 γνώ-

291 1543 424 1617 quid
454 1542 642 1598 divino
671 1538 854 1595 afﬂatu
886 1537 1034 1608 loqui
1069 1536 1368 1603 existimet,
1390 1546 1486 1592 aut
1508 1537 1676 1593 Deum
1700 1553 1881 1609 pravae

2017 1555 2096 1610 ιης
2128 1536 2331 1599 αὐτῶν,
2382 1538 2548 1592 ταυτδ
2577 1538 2624 1592 δ’
2649 1539 2828 1592 εἰπεῖν
2877 1541 2973 1592 καὶ
3018 1538 3219 1608 ἀρχῆς,
3275 1539 3411 1610 μηδὲ
3443 1540 3569 1603 τοὺς

293 1649 484 1692 eorum
509 1631 807 1689 voluntatis
837 1628 1003 1685 faciat
1028 1636 1340 1690 auctorem.
1381 1628 1491 1695 vel,
1546 1628 1696 1698 quod
1733 1629 1877 1684 idem

2018 1630 2326 1695 πιδιδόντας
2382 1630 2596 1696 τούτοις
2655 1631 2882 1696 ἑαυτοὺς
2927 1631 3074 1704 ῑχειν
3103 1632 3229 1686 νοῦν
3250 1632 3435 1702 οἰηθῇ,
3475 1631 3569 1687 ἅτε

295 1728 392 1793 sit,
426 1727 593 1784 etiam
624 1723 842 1794 imperii
862 1740 878 1791 ;
897 1735 1075 1792 neque
1105 1722 1206 1776 hos
1232 1722 1326 1792 qui
1348 1735 1408 1778 se
1428 1694 1554 1779 istis
1568 1694 1883 1778 dediderint

2017 1726 2082 1780 αἱ
2111 1724 2322 1778 πολλῶν
2349 1725 2472 1780 καθ’
2504 1694 2721 1797 ἡμέραν
2744 1694 3234 1797 ἀποτυγχανόντων
3258 1694 3354 1780 καλ
3383 1694 3572 1780 αίτίων

293 1818 446 1873 viros
478 1814 620 1886 frugi
654 1829 722 1870 ac
743 1813 1045 1885 prudentes
1075 1812 1285 1876 credat,
1320 1827 1446 1868 cum
1483 1813 1686 1869 multos
1712 1815 1888 1880 quoti-

2017 1815 2290 1889 πινομένων
2313 1819 2415 1889 τῆς
2436 1817 2714 1881 ἀπωλείας
2736 1817 2939 1872 αὐτῶν.
2969 1816 3132 1871 ’Λλλά
3152 1817 3245 1870 τὸν
3264 1817 3575 1889 ἀρχέκακον

299 1908 390 1966 die
416 1909 598 1964 exitus
621 1905 793 1972 fallat,
818 1905 1036 1976 sibique
1060 1905 1187 1961 inde
1216 1904 1320 1975 ipsi
1352 1905 1635 1961 interitum
1663 1906 1882 1962 consci-

2021 1925 2112 1977 φιν
2142 1908 2497 1977 καταιτιῷτο,
2533 1908 2614 1973 ὡς
2663 1908 2809 1962 κατά
2846 1907 2945 1980 τὴν
2974 1908 3302 1979 οἰκουμένην
3341 1909 3576 1981 ἐμπερι-

301 2010 502 2058 scant:
533 1999 627 2057 sed
661 1997 882 2069 culpam
931 2011 1154 2053 omnem
1199 1997 1255 2052 in
1307 1999 1575 2056 malorum
1606 2010 1887 2055 auctorem

2017 1999 2181 2054 ιατῶν
2225 1999 2321 2054 καὶ
2361 2001 2570 2071 όργανα
2611 1999 3054 2072 καταλαμϐάνων
3108 2000 3346 2072 ἁρμόδια
3371 1999 3476 2054 οὐκ
3519 2002 3578 2056 ιν

302 2100 613 2162 serpentem
642 2090 909 2154 conferat,
928 2089 1023 2161 qui
1053 2091 1240 2146 orbem
1263 2090 1650 2160 perambulans
1675 2090 1891 2161 sibique

2017 2091 2128 2163 ’ᾦδε
2183 2092 2330 2162 μόνῳ
2363 2093 2396 2162 ἢ
2435 2091 2570 2163 τῷδε
2601 2091 2678 2164 τῷ
2713 2092 2993 2164 ἀνθρώπῳ
3025 2094 3097 2149 τά
3127 2094 3258 2165 περὶ
3287 2093 3388 2164 τῆς
3423 2092 3576 2164 βασι-

1990 2184 2140 2248 λείας
2182 2185 2477 2255 σπέρματα
2537 2185 2894 2250 καταϐάλλει,
2943 2185 3060 2241 ἀλλ’
3106 2186 3166 2240 ἒν
3198 2185 3437 2251 πολλοῖς,
3486 2184 3584 2241 καὶ

1990 2279 2217 2343 τούτους
2243 2280 2558 2334 ἀναπείθων
2585 2297 2644 2335 τε
2670 2282 2764 2336 καὶ
2793 2281 2963 2335 κινῶν
2994 2279 3308 2336 ἐπιϐάλλειν
3337 2280 3437 2351 μὲν
3459 2279 3582 2333 πεί-

1994 2372 2078 2427 θει
2101 2373 2198 2427 καὶ
2221 2373 2432 2444 δήμους
2456 2372 2787 2446 ἀνατρέπειν
2820 2375 2915 2429 καὶ
2947 2374 3249 2446 ἐμφυλίους
3276 2374 3455 2444 μάχας
3487 2376 3583 2445 ιρ-

1995 2467 2284 2538 γάζεσθαι,
2313 2469 2453 2522 κατά
2476 2467 2576 2539 τὴν
2611 2469 2801 2524 είκόνα
2824 2468 2918 2523 τοῦ
2946 2468 3132 2532 λίθους
3172 2468 3434 2532 πολλάκις
3481 2468 3581 2523 έπ-

1997 2561 2249 2630 αφιέντος
2287 2563 2397 2614 τισὶ
2434 2561 2634 2630 τυφλοῦ
2662 2576 2677 2591 ⁶
2731 2561 2961 2627 πολλοὺς
3014 2562 3124 2633 γὰρ
3179 2561 3391 2633 βάλλων
3443 2560 3587 2632 τάχα

2000 2652 2086 2726 [Ρ.
2116 2653 2208 2727 50]
2241 2655 2337 2708 καὶ
2370 2655 2447 2726 μὴ
2472 2655 2616 2727 ὀρῶν
2654 2655 2753 2726 ὀψὲ
2779 2656 2875 2712 καὶ
2906 2655 3060 2726 μόλις
3097 2653 3193 2710 τοῦ
3254 2653 3590 2726 βαλλομένου

310 2186 727 2242 idonea-nactus
759 2197 967 2255 organa
997 2197 1104 2239 non
1132 2183 1186 2238 in
1218 2198 1330 2238 uno
1369 2184 1640 2240 duntaxat
1671 2193 1768 2239 aut
1809 2185 1892 2239 al-

306 2289 426 2334 tero
457 2278 680 2334 homine
711 2275 922 2346 imperii
951 2291 1016 2332 ac
1047 2275 1502 2347 tyrannidisjaeit
1529 2278 1763 2344 semina,
1794 2277 1891 2332 sed

307 2374 366 2430 in
398 2373 620 2442 multis;
651 2374 863 2442 hosque
891 2373 1208 2428 subornans
1242 2378 1299 2426 et
1333 2372 1625 2443 instigans,
1659 2381 1720 2426 ut
1763 2373 1889 2427 adoa

306 2470 524 2525 riantur
545 2467 889 2538 pepulosque
905 2471 1156 2520 evertant
1181 2479 1246 2520 ac
1266 2464 1409 2521 bella
1430 2465 1610 2520 civilia
1629 2465 1887 2530 conflent,

307 2558 421 2633 46
459 2559 566 2615 illis
595 2569 790 2615 auctor
820 2557 1059 2625 exsistit,
1096 2560 1244 2615 haud
1281 2559 1397 2616 fere
1417 2560 1574 2614 aliter
1600 2576 1664 2615 ac
1689 2576 1891 2628 caecus,

309 2655 405 2726 qui
441 2668 585 2723 sape
615 2652 824 2723 lapides
845 2652 1030 2708 mittat
1064 2670 1078 2707 :
1111 2653 1298 2724 plures
1327 2653 1470 2708 enim
1502 2655 1733 2724 petendo
1757 2655 1898 2710 forte

310 2747 596 2817 contingat
620 2754 758 2802 utet
784 2761 893 2802 non
919 2745 1140 2809 videns,
1173 2745 1352 2816 ipsum
1383 2762 1546 2817 quem
1578 2747 1762 2803 animo
1783 2761 1899 2803 me-

2017 2746 2486 2817 ιαταστοχάζοιτο.
2515 2747 2703 2802 Ταῦτα
2735 2749 2832 2817 μὲν
2858 2745 2954 2803 οὖν
2979 2751 3012 2819 ἡ
3023 2749 3113 2816 μίν
3146 2747 3300 2818 παρά
3331 2745 3597 2820 θεωρίαν,

309 2840 540 2904 ditatur,
593 2840 812 2896 tandem
866 2838 1162 2909 aliquando
1210 2847 1537 2909 assequatur
1598 2855 1663 2895 ac
1717 2839 1896 2896 feriat.

2017 2841 2087 2894 ἵνα
2113 2841 2188 2913 μὴ
2212 2840 2290 2910 τῷ
2309 2840 2451 2910 Θείῳ
2481 2842 2743 2912 ἀναφέροι
2769 2859 2854 2904 τις
2881 2841 2981 2905 τὰς
3016 2840 3272 2904 τοιαύτας
3303 2840 3414 2894 τῶν
3443 2841 3591 2910 πρα-

313 2930 445 2988 Haec
498 2933 686 3002 itaque
723 2932 885 2987 nobis
925 2941 1080 2987 extra
1134 2931 1376 2988 historia:
1430 2932 1603 2997 filum,
1655 2947 1724 2988 ne
1774 2936 1900 3004 quis

2017 2934 2139 2998 ξεων
2171 2936 2304 3006 μηδέ
2333 2935 2397 3005 δὴ
2427 2934 2532 2998 τὰς
2551 2937 2924 3006 πονηροτέρας
2969 2935 3166 3006 ἀρχάς,
3198 2934 3382 3005 εκείνη
3433 2933 3489 2986 δὲ
3520 2934 3594 3004 τῇ

314 3030 471 3078 actus
495 3023 764 3091 ejusmodi
796 3023 849 3079 in
878 3022 1058 3093 ipsum
1091 3021 1304 3077 Numen
1351 3022 1573 3089 referat,
1626 3032 1721 3080 aut
1766 3041 1898 3090 sane

2017 3029 2253 3099 Γραφικῇ
2282 3027 2645 3099 βοηθούμενος
2665 3029 3068 3100 μαρτυρίῃτῇ,
3095 3025 3362 3093 Ἑαυτοῖς
3384 3025 3591 3081 ἐϐασί-

316 3115 590 3174 scelerum
632 3117 748 3188 ipsa
792 3117 1170 3189 magnitudine
1225 3115 1522 3171 illustriora
1571 3117 1799 3188 imperia
1846 3119 1895 3173 ei

2017 3125 2263 3184 1wmw,
2292 3121 2546 3193 λεγούσῃ,
2583 3122 2723 3176 ἀ.λᾶν
2747 3123 2823 3178 οὺ
2839 3120 2914 3177 δι’
2947 3121 3115 3191 ἐμοῦ.

317 3213 546 3274 tribuat,
581 3210 668 3265 illa
717 3213 1018 3280 praesertim
1085 3208 1258 3266 fultus
1321 3211 1679 3276 auctoritate,
1733 3225 1843 3281 qua
1910 3210 2110 3268 dicitur

321 3321 404 3359 me
429 3315 475 3356 θ.

390 3399 447 3453 7.
479 3397 712 3454 Michael
740 3413 870 3469 ergo
909 3400 1055 3455 hanc
1097 3400 1239 3454 vatis
1272 3399 1422 3456 illius
1465 3400 1762 3471 Athingani
1807 3416 1904 3455 vo-

322 3510 441 3552 cem
472 3503 732 3563 tanquam
759 3493 1000 3549 divinum
1035 3496 1325 3549 oraculum
1361 3495 1589 3550 auribus
1616 3495 1904 3561 hauriens,

321 3602 387 3643 ac
417 3603 612 3643 rursus
658 3601 782 3643 sero
834 3586 1054 3642 tandem
1110 3586 1559 3645 Philomeliensis
1616 3590 1901 3654 monachi,

2161 3233 2176 3269 :
2243 3213 2322 3268 Ex
2410 3215 2703 3281 semetipsis
2763 3221 3134 3284 regnaverunt,
3181 3213 3272 3266 sed
3343 3228 3447 3267 non
3499 3228 3592 3282 per

2085 3402 2151 3466 ζ’.
2177 3400 2395 3470 Ταύτην
2415 3400 2507 3454 οὖν
2528 3400 2630 3471 τὴν
2658 3399 2754 3455 τοῦ
2784 3400 3113 3468 Ἀθιγγανου
3139 3398 3386 3471 μάντεως
3413 3399 3600 3472 φωνὴν

2012 3495 2087 3558 ὡς
2117 3494 2269 3548 θείαν
2316 3493 2437 3546 τινὰ
2485 3495 2796 3565 πρόρρησιν
2825 3494 2854 3545 ό
2904 3492 3128 3562 Μιχαὴλ
3157 3493 3472 3564 ἐνηχηθεὶς,
3501 3493 3601 3549 καὶ

2015 3584 2171 3651 αὖθις
2193 3588 2289 3657 ὀψέ
2316 3605 2446 3640 ποτε
2474 3587 2571 3657 τὴν
2594 3587 2736 3640 κατά
2768 3585 2827 3640 τδ
2858 3586 3201 3658 Φιλομηλιον,
3227 3586 3302 3650 ὣς
3341 3603 3434 3657 μοι
3465 3586 3600 3661 πρός

323 3695 491 3751 quam
515 3678 772 3749 superius
800 3679 992 3745 retuli,
1039 3679 1448 3749 praedictionem
1477 3680 1750 3746 recolens,
1790 3697 1907 3736 ma-

2017 3696 2173 3751 τερον
2200 3678 2432 3749 εἴρηται,
2451 3677 2543 3731 τὸν
2568 3677 2663 3731 τοῦ
2691 3678 2919 3741 Λέοντος
2934 3678 3094 3746 φόνον
3119 3679 3458 3750 θρασύτερόν
3482 3698 3606 3747 πως·

320 3772 428 3845 jori
458 3771 690 3827 audacia
729 3772 1184 3844 impudentiaque
1239 3773 1440 3830 Leonis
1463 3776 1665 3830 caedem
1719 3775 1908 3846 imple-

2017 3772 2538 3843 μεταχειρισάμενος
2599 3769 2984 3841 ὲξεπλήρωσεν
3014 3810 3030 3836 ,
3096 3771 3285 3825 ἔκτοτε
3363 3773 3604 3843 μελέτην

323 3867 432 3934 vit;
464 3878 801 3936 rursumque
827 3875 1140 3938 perpetrato
1166 3865 1407 3922 facinore
1434 3868 1597 3923 citius
1619 3885 1780 3938 quam
1813 3884 1908 3940 pro

2017 3864 2166 3921 τοῦτο
2185 3865 2407 3935 διηνεκῆ
2443 3862 2608 3934 σχὼν,
2631 3863 2726 3917 καὶ
2758 3859 2916 3926 αὖθις
2939 3866 3038 3936 τὴν
3073 3865 3154 3927 είς
3180 3863 3274 3918 τὸν
3306 3865 3450 3918 θεῖον
3475 3865 3607 3921 ναὸν

324 3956 548 4013 honesti
576 3957 822 4028 rectique
849 3959 1063 4014 ratione
1095 3959 1162 4014 ad
1189 3958 1436 4014 divinum
1472 3961 1759 4031 templum,
1795 3962 1908 4033 pari

2017 3955 2211 4014 θᾶττον
2238 3959 2272 4030 ἢ
2305 3957 2412 4010 ἔδει
2443 3956 2799 4029 θαρρούντως
2825 3956 3187 4028 ἐξειργάσατο
3214 3957 3462 4028 πρόοδον,
3498 3975 3604 4012 κα-

324 4048 516 4106 itidem
570 4050 831 4121 procacia
889 4050 1257 4122 audaciaque,
1308 4053 1599 4123 processit,
1653 4054 1796 4108 male
1856 4068 1908 4109 se

2017 4051 2112 4116 κδς
2144 4052 2242 4121 μὲν
2275 4049 2405 4121 περὶ
2447 4050 2542 4104 τὸν
2574 4034 2794 4121 πρῶτον
2821 4049 3121 4120 εὐεργέτην
3150 4048 3363 4120 φανεὶς,
3397 4052 3604 4104 ἐκεῖνον

324 4158 453 4214 erga
502 4158 629 4198 eum
663 4142 761 4215 qui
802 4145 954 4215 prior
981 4145 1252 4200 beneﬁcio
1301 4146 1649 4201 demerucrat
1678 4146 1908 4219 (Βατείας

2017 4145 2080 4216 δὴ
2109 4146 2199 4200 τόν
2238 4143 2530 4214 εἰρημένον
2586 4143 2911 4214 Βαρδάνιον,
2961 4142 3175 4197 κακίων
3228 4143 3288 4197 δὲ
3344 4145 3475 4216 περὶ
3512 4146 3607 4198 τὸν

326 4237 479 4294 nium
509 4235 759 4306 scilicet)
788 4251 1005 4307 gerens,
1036 4237 1304 4308 pejusque
1356 4237 1405 4292 ei
1434 4239 1528 4309 qui
1550 4239 1802 4295 beneficii
1831 4255 1908 4297 se:

2017 4236 2270 4305 δεύτερον
2317 4235 2545 4298 Λέοντα,
2592 4235 2720 4289 ὅσον
2774 4233 2870 4289 καὶ
2908 4232 3005 4288 τὸν
3044 4233 3160 4288 υίδν
3218 4233 3384 4288 αὐτοῦ
3413 4235 3478 4288 ὲκ
3507 4236 3609 4289 τοῦ

325 4328 538 4383 eundas
571 4327 624 4383 in
645 4343 770 4384 eum
801 4339 985 4399 partes
1018 4329 1341 4399 impleverat
1375 4330 1463 4402 (id
1485 4339 1570 4386 est
1600 4329 1789 4399 Leoni,
1821 4331 1908 4403 qui

2020 4331 2165 4386 θείου
2192 4328 2572 4400 βαπτίσματος
2596 4327 3056 4398 υίοθετησάμενος
3076 4320 3167 4396 ἦν.
3197 4326 3349 4399 Πλὴν
3368 4325 3607 4395 ἀπόμοι-

326 4432 380 4477 et
408 4421 527 4491 ejus
562 4421 733 4477 filium
763 4435 796 4477 e
828 4436 988 4477 sacro
1020 4423 1353 4493 baptismate
1385 4423 1780 4496 adoptaverat)
1813 4425 1908 4481 ho-

2027 4426 2126 4497 ράν
2183 4438 2308 4475 τινα
2343 4421 2580 4473 ποιεῖται
2616 4420 2712 4473 καί⁵
2745 4419 2884 4491 πρὸς
2913 4418 3220 4474 ἀπόλαυσιν
3250 4418 3608 4490 χορηγεῖσθαι

327 4515 538 4569 minnm
569 4515 984 4585 ingratissimus
1015 4515 1164 4571 vices
1196 4516 1451 4573 reddens.
1480 4515 1752 4573 Caeterum
1787 4532 1908 4587 por-

2023 4516 2257 4590 πράττει
2288 4515 2398 4575 τοῖς
2430 4511 2524 4565 τοῦ
2546 4510 2776 4574 Λέοντος
2806 4511 2998 4566 παισὶν
3043 4512 3163 4580 ana
3189 4512 3258 4583 τῇ
3283 4512 3474 4564 τούτου
3501 4529 3608 4582 μη-

329 4612 537 4663 tionem
579 4607 876 4677 quamdam
899 4621 965 4662 ex
1014 4607 1312 4678 publicatis
1351 4606 1551 4666 Leonis
1581 4609 1742 4666 bonis
1781 4611 1908 4667 sub-

2018 4609 2110 4682 τρί
2146 4627 2207 4664 τε
2234 4611 2328 4664 καὶ
2351 4609 2569 4680 γαμετῇ
2597 4607 2661 4658 ὲκ
2694 4604 2803 4656 τῶν
2832 4603 3279 4674 ὲκκομισθέντων
3306 4603 3608 4676 κτημάτων

329 4701 504 4767 ducit,
531 4717 701 4773 quam
718 4701 1072 4759 illiusliberis
1095 4703 1368 4774 matrique
1385 4720 1450 4762 ac
1470 4706 1630 4761 uxori
1662 4706 1908 4763 utendam

2021 4703 2206 4769 αὑτοῦ,
2225 4702 2322 4757 καί
2347 4718 2499 4765 τινας
2521 4700 2632 4753 τῶν
2659 4694 2853 4750 ἑαυτοῦ
2879 4695 3089 4751 παίδων
3106 4695 3246 4768 πρὸς
3275 4695 3605 4769 ὑπηρεσίαν,

328 4794 577 4850 decernit
607 4811 624 4862 ;
656 4795 927 4866 quosdam
963 4811 1186 4867 quoque
1222 4798 1372 4854 illius
1406 4812 1620 4865 servos,
1658 4798 1761 4855 etsi
1809 4814 1921 4856 non

330 4903 550 4954 omnes,
583 4888 665 4943 eis
687 4889 742 4942 in
773 4888 1102 4960 obsequium
1125 4889 1372 4947 donavit.
1413 4890 1492 4948 Ac
1509 4892 1670 4948 matri
1697 4894 1919 4962 quidem

329 4990 495 5049 atque
528 4981 688 5035 uxori
715 4980 933 5051 jussum
966 4991 1027 5035 ut
1064 4983 1121 5039 in
1147 4984 1508 5050 monasterio,
1548 4984 1700 5055 quod
1735 4985 1923 5040 Domi-

331 5088 532 5130 norum
562 5081 785 5138 vocant,
821 5073 992 5131 libere
1022 5076 1222 5148 suique
1247 5076 1393 5146 juris
1421 5086 1648 5148 agerent
1685 5093 1700 5133 :
1733 5077 1923 5134 liberis

333 5173 516 5220 autem
548 5165 833 5232 masculis,
869 5168 950 5221 uti
976 5167 1184 5222 dictum
1217 5177 1322 5235 est,
1353 5177 1686 5241 prmceptum
1716 5168 1824 5242 47
1863 5178 1925 5225 ut

333 5256 540 5312 l‘roten
579 5257 821 5313 insulam
847 5267 1121 5315 tenerent.
1154 5258 1277 5326 Quo
1305 5261 1470 5316 etiam
1494 5261 1619 5316 loco
1652 5262 1926 5318 Constan-

333 5352 508 5415 tinus,
556 5350 649 5421 qui
701 5357 913 5405 tnutato
945 5352 1169 5409 nomine
1223 5352 1461 5410 Basilius
1496 5354 1674 5409 dictus
1720 5352 1917 5419 fuerat,

339 5458 464 5495 enm
506 5440 710 5497 excisis
766 5441 1022 5500 virilibus
1067 5445 1221 5502 vocis
1267 5461 1428 5502 usum
1463 5447 1758 5514 amisisset,
1806 5448 1927 5519 ejus

339 5534 730 5604 impedimento
757 5533 894 5591 solvi
917 5552 946 5591 a
970 5536 1084 5594 Deo
1113 5537 1253 5596 votis
1283 5539 1542 5598 exorabat
1567 5541 1919 5613 linguamque

421 5705 444 5735 ε
474 5694 600 5754 Ose.
634 5712 750 5765 νιιι,
792 5697 843 5750 ό.

2020 4799 2069 4852 εί
2107 4793 2202 4849 καί
2241 4794 2315 4866 μὴ
2343 4793 2572 4856 πάντας,
2606 4790 2791 4852 αὐτοῖς
2837 4787 3169 4859 ἐδωρήσατο,
3202 4790 3269 4860 τῇ
3303 4787 3475 4860 μητρὶ
3506 4790 3610 4859 μὲν

2021 4888 2118 4944 καὶ
2147 4889 2363 4957 γαμετῇ
2397 4886 2477 4948 είς
2511 4884 2611 4953 τὴν
2644 4882 2814 4954 μονὴν
2843 4879 2945 4950 τὴν
2970 4878 3115 4934 οῦτω
3156 4881 3460 4953 λεγομένην
3497 4883 3608 4936 τῶν

2025 4980 2311 5034 Δεσποτῶν
2361 4979 2419 5031 ὲν
2472 4973 2745 5046 ἀσφαλείᾳ
2784 4973 2885 5044 ζῇν
2933 4970 3200 5035 κελεύσας
3251 4972 3609 5038 αῦθεντικῶς,

2020 5078 2146 5140 τοὺς
2174 5077 2409 5145 ἇρῤενας
2436 5071 2492 5126 δδ
2520 5071 2630 5124 τῶν
2657 5069 2864 5124 παίδων
2883 5067 2963 5121 ’ὲν
2987 5070 3056 5140 τῇ
3089 5067 3290 5142 Πρώτη
3325 5069 3499 5140 “fimi”
3529 5069 3607 5132 ὡς

2025 5170 2266 5238 εἴρηται,
2326 5164 2458 5219 ἔνθα
2510 5166 2608 5218 καὶ
2667 5160 3078 5223 Κωνσταντῖνος
3116 5160 3146 5212 ό
3182 5159 3609 5231 μετονομασθεὶς

2024 5263 2220 5320 Β-ισίλε
2330 5259 2546 5333 αφωνίᾳ
2581 5272 2701 5319 πως
2732 5252 3019 5324 συσχεθεὶς
3044 5253 3183 5323 μετά
3205 5252 3269 5306 τδ
3314 5253 3382 5307 τὰ
3408 5253 3608 5324 γόνιμα

2030 5355 2138 5407 τῶν
2197 5354 2403 5425 μορίων
2444 5344 2821 5422 ἀφαιρεθῆναι
2856 5343 3034 5398 ἐδέετο
3087 5343 3188 5414 μὲν
3220 5343 3315 5397 τοῦ
3343 5342 3479 5397 Θεοῦ
3509 5344 3610 5415 τὴν

2039 5443 2232 5499 ἑαυτοῦ
2259 5443 2485 5512 λυθῆναι
2509 5441 2700 5513 φωνὴν
2723 5435 2817 5489 καὶ
2832 5433 2929 5504 τὴν
2953 5433 3201 5503 γλῶτταν
3222 5431 3380 5497 αὖθις
3426 5433 3488 5486 τὸ
3517 5431 3609 5486 εὖ·

2026 5557 2158 5611 ηχον
2182 5535 2497 5602 ἀπολαϐεῖν,
2519 5534 2699 5588 ὲδέετο
2725 5528 2784 5584 δὲ
2801 5526 3000 5583 καὶτοῦ
3034 5528 3094 5581 ὲν
3122 5526 3372 5599 θεολογίᾳ
3384 5525 3612 5600 διαλάμ.
