3958 6034
302 251 366 320 δι
1292 256 1442 318 LIB.
1481 256 1565 320 II.
1602 281 1671 294 ·-
1709 257 1885 320 MICE

1986 255 2052 317 ΕΙ.
2085 257 2582 321 AMORIENSIS.

302 367 498 436 ψαντος
524 364 857 435 Γρηγορίου,
888 360 1070 417 ἐκεῖσέ
1101 381 1206 419 που
1254 364 1706 437 ἀνεστηλωμένου
1746 382 1881 434 τυτ-

1986 382 2181 425 rursus
2210 384 2466 426 sonoram
2494 370 2748 436 restitui;
2779 370 2912 441 quin
2943 379 2997 425 et
3035 371 3360 442 Gregorium
3392 374 3539 430 Thec

303 458 576 532 χάνοντος.
605 453 735 522 Εἶξε
758 456 892 527 γοῦν
913 458 943 511 ὁ
971 458 1151 526 ἅγιος,
1179 456 1276 512 καὶ
1303 455 1404 527 τῆς
1430 457 1601 512 αὑτοῦ
1644 457 1884 528 δεήσεως

302 551 437 605 κατὰ
467 549 571 622 τὴν
627 550 741 605 τῶν
788 549 987 619 φώτων
1018 550 1330 622 πανήγυριν
1375 551 1712 623 ἐωκήκοεν.
1739 550 1884 621 Ὅρα

303 643 407 714 γὰρ
452 641 549 696 τὸν
593 640 744 695 θείαν
790 641 1003 696 ἐκεῖνον
1041 641 1371 714 χαρακτῆρα
1399 641 1546 696 κατὰ
1571 641 1664 697 τὸν
1686 641 1884 714 ὄρθρον

299 732 867 805 τούτῳδιαλεγὸμενσν
882 732 995 798 καὶ,
1022 733 1136 788 Τὸν
1155 731 1520 803 manabat»
1541 733 1607 805 δὴ
1631 733 1882 803 λέγοντα,

301 825 497 882 λαϐὰν
525 825 854 896 ἀνάγνωθι.
897 824 958 880 '0
1006 823 1066 880 δὲ
1103 823 1381 880 πιστεύων
1415 825 1529 889 τοῖς
1567 823 1886 895 λεγομένοις

301 918 554 977 εἰσελθὼν
589 919 810 989 ἀνέγνω
845 917 1078 989 λαμπρᾷ
1119 918 1218 972 καὶ
1270 916 1492 990 καθαρᾷ
1518 918 1588 988 τῇ
1617 918 1775 988 φωνῇ
1799 915 1883 982 τὸ,

300 1013 485 1067 Πάλιν
518 1013 758 1080 Ἰησοῦς
782 1014 816 1067 ὁ
834 1012 1000 1081 ἐμός.
1037 1010 1266 1064 Ἐκτοτε
1297 1009 1429 1080 γοῦν
1460 1009 1561 1081 τὴν
1594 1026 1704 1065 πατ
1713 1025 1885 1078 ροπα-

305 1107 520 1179 ραδοτον
558 1105 734 1160 αὑτοῦ
766 1106 830 1160 οὐ
863 1103 1072 1160 διέλιπε
1108 1103 1535 1175 βδελυσσόμενος
1568 1101 1757 1157 ἄνοιαν
1788 1101 1887 1156 καὶ

302 1202 426 1273 περὶ
457 1201 559 1266 τὰς
585 1202 744 1266 θείας
769 1201 986 1264 εἰκόνας
1034 1198 1455 1268 ἀγνωμοσύνην,
1491 1195 1805 1268 μετετίθετο
1828 1195 1886 1250 δὲ

301 1293 392 1347 καὶ
436 1295 566 1358 τοὺς
619 1293 736 1347 τῶν
782 1293 958 1362 ἁγίων
987 1289 1350 1362 χαρακτῆρας
1373 1288 1886 1360 περιπτυσσόμενος

301 1391 360 1444 ού
399 1389 664 1456 διέλιπεν.
733 1385 898 1442 Ἀλλὰ
927 1385 1107 1439 ταῦτα
1138 1383 1236 1456 μὲν
1279 1382 1383 1454 ὀψὲ
1436 1379 1533 1436 τοῦ
1569 1379 1765 1452 καιροῦ
1789 1380 1887 1433 καὶ

302 1480 436 1536 πελύ
457 1496 564 1553 περ
586 1454 659 1544 ἐξ
674 1478 926 1552 ὕστερον.

1987 460 2173 532 legum
2225 461 2633 534 interpellabat,
2672 464 2832 535 cujus
2859 465 3042 536 imago
3074 467 3314 537 quodam
3339 468 3413 524 ibi
3458 470 3580 526 loco

1984 562 2170 610 erecta
2196 564 2338 610 erat.
2365 555 2576 612 Annuit
2604 569 2856 622 sanctus,
2885 572 2952 614 ac
2979 569 3171 616 sancto
3193 560 3466 619 luminum
3491 565 3581 620 die

1986 647 2443 717 supplicationem
2473 649 2716 706 exaudit.
2766 649 2928 707 Videt
2953 653 3103 708 enim
3139 652 3384 710 divinam
3427 655 3577 710 illam

1987 736 2281 809 imaginem
2312 739 2556 796 diluculo
2585 755 2709 798 sese
2741 742 3138 813 alloquentem.
3175 753 3338 817 atque
3384 749 3576 805 dicen-

1988 838 2099 885 tem
2137 848 2154 885 :
2189 828 2408 886 Cereum
2437 833 2614 902 accipe
2632 842 2682 887 et
2710 833 2842 904 iege.
2882 832 2976 890 Ille
3004 843 3065 890 ut
3097 851 3308 893 rnorem
3343 851 3578 908 gereret,

1988 921 2272 994 ingressus
2300 924 2427 995 legit
2460 923 2609 980 clara
2636 925 2855 996 altaque
2887 942 3022 982 voce
3052 927 3175 995 ejus
3202 929 3254 982 in
3288 943 3410 985 eam
3434 931 3577 985 diem

1987 1016 2261 1074 orationis
2289 1019 2602 1085 exordium,
2631 1017 2834 1074 Rursus
2861 1018 3020 1075 Iesus
3046 1038 3208 1076 meus.
3234 1021 3374 1076 Hinc
3395 1021 3583 1094 itaque

1987 1124 2161 1180 eoque
2196 1111 2488 1177 miraculo,
2538 1127 2705 1181 quam
2771 1120 2927 1183 patre
2966 1122 3195 1169 auctore
3240 1115 3578 1184 impietatem

1988 1211 2281 1273 acceperat
2337 1205 2505 1272 inque
2543 1219 2733 1260 sacras
2761 1205 3030 1275 imagines
3065 1206 3373 1275 improbam
3423 1223 3582 1262 men-

1990 1296 2462 1361 tem,exsecrandi
2487 1297 2700 1350 nullum
2726 1297 2983 1367 deinceps
3017 1297 3178 1353 ﬁnem
3205 1297 3357 1365 fecit,
3393 1299 3564 1370 inque

1985 1400 2178 1443 sanam
2210 1388 2514 1444 translatus
2557 1399 2798 1444 mentem
2851 1400 3172 1446 sanctorum
3225 1393 3485 1461 penicillo
3514 1408 3580 1449 ac

1988 1479 2274 1535 coloribus
2325 1494 2622 1550 expressas
2653 1481 2858 1552 ﬁguras
2913 1482 3271 1539 veneratione
3319 1485 3578 1555 amplecti

1988 1587 2103 1628 non
2124 1573 2402 1630 cessabat.
2440 1572 2644 1630 Verum
2664 1575 2780 1630 haec
2797 1590 2923 1632 sero
2948 1578 3169 1633 tandem
3195 1591 3294 1633 nec
3317 1578 3422 1635 nisi
3455 1588 3580 1649 post

1987 1663 2214 1736 longum
2243 1675 2460 1738 tempus
2494 1668 2567 1724 ita
2585 1677 2910 1725 evenerunt.

368 1745 438 1818 η’.
465 1747 614 1821 Ἤδη
644 1747 703 1802 δι
729 1747 825 1801 καὶ
846 1747 949 1817 τὴν
974 1745 1355 1819 αὐτοκράτορα
1378 1744 1476 1802 τοῦ
1501 1745 1724 1820 Μιχαὴλ
1778 1747 1880 1803 ιπ-

2143 1758 2284 1815 Cum
2311 1731 2428 1829 jam
2469 1759 2658 1830 itaque
2709 1759 2948 1816 Michael
2990 1759 3228 1831 imperio
3258 1763 3465 1831 potitus
3489 1777 3579 1818 es-

301 1838 627 1908 ανελομένου
677 1837 856 1907 ἀρχὴν
885 1835 985 1891 καὶ
1031 1834 1099 1889 τὰ
1132 1833 1256 1890 κατ’
1306 1834 1477 1909 αὐτὴν
1506 1836 1584 1901 ὡς
1634 1835 1885 1892 ἑδούλετο

301 1929 652 1996 διοικοῦντος,
683 1927 768 2003 [Ρ.
799 1929 895 2001 3|]
924 1929 1215 2002 ἐπιστολὴν
1236 1930 1265 1983 6
1299 1927 1610 2002 μακαρίτης
1635 1927 1886 2002 Νικηφόο

304 2039 390 2093 ρος
416 2023 726 2094 ἐκπέμπει,
757 2022 855 2092 τὴν
876 2022 979 2093 τῆς
1005 2022 1244 2086 πίστεως
1282 2021 1619 2094 παρακαλῶν
1647 2021 1888 2094 avem.

304 2131 385 2168 σιν
410 2113 674 2180 γενέσθαι
705 2115 800 2169 καὶ
825 2114 993 2167 πάλιν
1024 2114 1323 2169 ἀπολαϐεῖν
1345 2114 1435 2168 τὸν
1470 2115 1764 2187 ἀσπασμὸν
1784 2115 1886 2180 τὰς

301 2207 444 2269 θείας
463 2207 706 2269 εἰκόνας.
759 2207 916 2263 Ἀλλ’
944 2208 1083 2262 οὔτε
1121 2206 1607 2277 καινουργῆσων,
1656 2206 1889 2278 ἀπεκρί-

302 2317 419 2355 νετο
469 2304 499 2355 ὁ
545 2299 798 2372 Μιχαὴλ,
835 2297 960 2352 τῶν
1009 2299 1143 2367 περὶ
1175 2299 1434 2366 πίστεώς
1468 2315 1524 2354 τι
1575 2298 1889 2369 δογμάτων

300 2390 665 2457 ἐξελήλυθα,
698 2390 836 2446 οὔτε
857 2389 986 2459 μὴν
1008 2389 1128 2444 τῶν
1154 2389 1271 2459 ἤδη
1299 2389 1762 2458 παραδοθέντων
1784 2391 1886 2447 καὶ

300 2482 874 2553 ἁνυμολογηθέντων
921 2483 1308 2553 καταδρομήν
1339 2500 1474 2539 τινα
1515 2485 1890 2556 ἐργάσασθαι

300 2577 393 2631 καὶ
485 2575 873 2644 καθαίρεσιν.
942 2573 1248 2642 Ἕκαστος
1329 2575 1444 2630 οὖν
1520 2578 1590 2631 τὸ
1665 2577 1892 2634 δοκοῦν

301 2665 454 2731 αὑτῷ
502 2667 750 2720 ποιείτω
811 2666 911 2720 καί
970 2666 1213 2737 ἐφετὸν,
1263 2667 1501 2738 ἀμαθὴς
1554 2669 1761 2725 πόνων
1786 2671 1888 2728 καί

300 2758 595 2828 ἇεευστος
639 2759 851 2828 λύπης
873 2758 1190 2814 διατελῶν.
1241 2759 1390 2831 Πλὴν
1414 2760 1478 2815 οὐ
1510 2761 1676 2833 μέχρι
1697 2762 1888 2828 τέλους

301 2851 498 2924 ταύτην
552 2853 798 2924 ἐτήρησε
861 2849 963 2923 τὴν
989 2849 1313 2924 προαιρεσιν
1362 2853 1393 2906 δ
1449 2852 1574 2926 μηδ’
1603 2853 1664 2921 ἐξ
1709 2855 1888 2927 ἀρχῆς

300 2945 502 3017 ἀληθὴς
525 2944 863 3017 Χριστιανὸς
913 2944 1154 3014 γεγονώς
1174 2961 1189 2976 ’
1214 2945 1333 2999 ἀλλ’
1353 2945 1465 3018 δσῳ
1484 2948 1584 3019 τῆς
1605 2947 1886 3019 βασιλείας

1987 1864 2076 1910 set
2106 1867 2317 1923 suoque
2347 1852 2478 1908 illud
2506 1862 2643 1908 nutu
2668 1852 3076 1920 moderaretur,
3109 1854 3306 1911 scribit
3333 1870 3428 1925 per
3460 1857 3580 1926 epi-

1988 1945 2185 2009 stolam
2214 1945 2409 2000 beatus
2441 1944 2808 2012 Niccplnorus,
2839 1960 3042 2015 rogans
3074 1945 3371 2002 instaurari
3392 1946 3577 2009 ﬁdem,

1987 2048 2042 2094 et
2075 2049 2132 2093 ut
2160 2038 2342 2093 denuo
2376 2037 2548 2093 sacris
2579 2035 2916 2108 imaginibus
2965 2054 3067 2092 sua
3118 2039 3400 2092 veneratio
3456 2042 3578 2093 eul-

1985 2136 2187 2198 tusque
2243 2129 2618 2184 adhiberetur.
2649 2129 2730 2183 Ad
2751 2143 2916 2198 quem
2949 2129 3183 2186 Michael
3218 2146 3235 2187 :
3270 2131 3396 2187 Non
3439 2138 3575 2197 ueni,

1988 2219 2191 2290 inquit,
2223 2231 2280 2274 tu
2313 2221 2371 2274 in
2409 2219 2678 2289 dogmatis
2728 2237 2794 2275 ae
2845 2221 2952 2290 ﬁde
3004 2222 3216 2292 aliquid
3246 2225 3576 2292 introvarem,

1985 2328 2149 2382 neque
2182 2321 2241 2366 ut
2277 2329 2462 2367 eorum
2500 2329 2621 2382 qua:
2643 2313 2764 2382 jam
2798 2313 3006 2368 tradita
3056 2325 3181 2371 sunt
3210 2334 3276 2373 ac
3300 2320 3580 2388 explorata

1984 2406 2262 2475 quidpiam
2305 2406 2633 2477 exagitarent
2668 2422 2733 2460 ac
2781 2416 3091 2465 everterem.
3149 2409 3384 2482 Quisque
3416 2415 3579 2484 igitur

1986 2496 2127 2568 quod
2153 2498 2326 2551 uisum
2372 2497 2536 2566 fuerit
2576 2498 2784 2568 sibique
2827 2501 3100 2567 arriserit,
3157 2518 3338 2559 secure
3385 2509 3576 2574 faciat,

1986 2588 2121 2643 nihil
2149 2589 2274 2644 inde
2311 2590 2414 2644 sibi
2451 2590 2695 2645 laborum
2719 2594 2930 2660 timens,
2961 2595 3097 2649 nihil
3120 2595 3233 2668 48
3259 2598 3400 2667 quod
3424 2600 3581 2654 mole-

1986 2681 2153 2737 stiam
2192 2682 2381 2753 faciat.
2421 2681 2542 2740 Non
2575 2693 2758 2741 tamen
2802 2686 2857 2742 in
2884 2687 3050 2743 ﬁnem
3088 2705 3263 2759 usque
3290 2689 3462 2762 hujus
3497 2701 3572 2746 te-

1986 2789 2095 2829 nax
2134 2776 2406 2846 propositi
2435 2773 2563 2844 fuit,
2595 2776 2692 2848 qui
2721 2792 2791 2834 ne
2809 2794 2841 2834 a
2865 2779 3141 2852 principio
3163 2782 3380 2852 quidem
3409 2800 3573 2839 verus

1985 2866 2342 2924 Christianus
2370 2870 2648 2927 exstiterit
2678 2887 2695 2926 :
2722 2873 2818 2928 sed
2863 2882 3074 2945 quanto
3121 2877 3297 2946 magis
3347 2892 3573 2946 compos

1987 2959 2203 3032 imperii
2230 2959 2415 3026 ﬁebat.
2439 2970 2596 3019 tanto
2626 2963 2772 3020 mala
2802 2965 2988 3022 indole
3035 2982 3102 3023 ac
3138 2971 3442 3026 saevissima
3474 2974 3574 3026 ad-

299 3035 512 3104 ιγένετο
543 3035 848 3107 ἐγκρατὴς,
898 3035 1138 3109 τοσούτῳ
1187 3036 1544 3109 κακοδαίμονι
1586 3039 1751 3110 φύσει
1790 3043 1884 3095 καὶ

1986 3071 2181 3112 versus
2216 3055 2560 3112 Christianos
2600 3073 2886 3130 genusque
2932 3075 3096 3117 suum
3150 3062 3350 3118 bellum
3390 3068 3575 3121 acrius

299 3126 557 3200 ὠμοτάτῃ
605 3127 702 3183 τδν
749 3129 891 3183 κατὰ
920 3128 1268 3201 Χριστιανῶν
1318 3131 1412 3184 καὶ
1443 3132 1554 3185 τῶν
1594 3133 1886 3203 ὁμοφύλων

302 3221 624 3292 ἁνεῤῥίπισε
650 3220 908 3290 πόλεμον,
927 3221 1024 3276 νῦν
1044 3222 1147 3292 μὲν
1162 3221 1291 3285 τοὺς
1314 3224 1584 3294 μοναχοὺς
1606 3224 1884 3280 διαπτύων

306 3314 578 3379 παντοίοις
612 3329 680 3366 τε
707 3313 1053 3384 περιϐάλλων
1080 3315 1273 3380 δεινοῖς
1300 3316 1396 3369 καὶ
1433 3321 1647 3383 ποιναῖς
1674 3319 1885 3390 ἐξευρί-

306 3421 446 3462 σκων
467 3407 688 3470 ποινὰς,
716 3405 814 3461 νῦν
845 3406 904 3460 δὲ
929 3406 1058 3472 τοὺς
1086 3406 1280 3472 ἄλλους
1319 3409 1549 3474 πιστοὺς
1588 3413 1885 3483 παραπέμ-

306 3514 419 3555 πων
441 3500 566 3563 ταῐς
586 3500 858 3571 φρουραῖς
884 3498 982 3554 καὶ
1011 3497 1343 3570 ὑπερορίους
1370 3499 1564 3556 ποιῶν.
1599 3502 1884 3556 Ἐντεῦθεν

305 3589 395 3644 καὶ
416 3589 685 3655 Meﬁtiwa
711 3589 804 3643 τὸν
833 3589 971 3661 μετὰ
995 3587 1174 3661 βραχὺ
1201 3591 1298 3646 τοῦ
1328 3593 1727 3666 πατριαρχικοῢ
1757 3594 1884 3666 Θρό-

304 3699 391 3736 νον
419 3681 846 3750 ἀντιλασόμενον
877 3682 974 3736 καὶ
1005 3681 1281 3752 Εὑθύμιον
1305 3681 1397 3738 τὸν
1414 3685 1716 3756 τηνικαῦτα
1739 3687 1884 3758 Σάρ-

304 3775 434 3831 δεων
469 3775 758 3848 πρόεδρον,
802 3771 883 3846 τῷ
932 3773 1100 3830 αὐτοῦ
1141 3774 1412 3847 θελήματι
1455 3777 1532 3848 μὴ
1559 3779 1885 3842 ύπείκοντας

309 3869 436 3942 μηδὲ
462 3871 561 3942 τὴν
586 3867 698 3922 τῶν
725 3868 954 3923 εἰκόνων
983 3865 1419 3940 ἒξαρνουμένοος
1447 3871 1634 3942 τιμὴν,
1659 3870 1761 3941 τῆς
1784 3873 1886 3926 πά-

305 3961 435 4028 λεως
458 3962 679 4031 ὶξωθεῖ,
709 3961 918 4017 καὶτὸν
942 3961 1043 4032 μὲν
1082 3962 1227 4017 θεῖον
1254 3962 1516 4018 Μεθόδιον
1537 3964 1752 4036 φυλακῇ
1777 3983 1885 4020 πα-

308 4056 555 4128 ραδίδωσι
607 4055 754 4111 κατὰ
789 4054 888 4127 τὴν
918 4055 1084 4127 νῆσον
1113 4052 1367 4126 Ἀνδρέου
1391 4055 1486 4110 τοῦ
1533 4055 1882 4123 ’Λποστόλου,

309 4149 422 4206 καθ’
451 4152 519 4225 ἢν
539 4151 569 4205 ὁ
594 4149 856 4224 Ἀκρίτας
879 4148 1202 4219 ἑγγειτονεῖ,
1221 4146 1314 4202 τὸν
1342 4147 1399 4200 δὲ
1433 4149 1746 4220 μακαρίτην
1781 4151 1886 4203 Εὑ-

308 4241 492 4314 θύμιον
524 4242 619 4297 διὰ
648 4239 911 4311 Θεοφίλου
950 4238 1046 4295 τοῦ
1072 4238 1279 4294 οἰκείου
1310 4239 1428 4294 υίοῦ
1452 4240 1666 4311 θανάτῳ
1700 4258 1884 4312 παρα-

307 4336 504 4404 δίδωσι,
532 4334 849 4408 βουνεύροις
869 4333 1210 4404 τυπτόμενον
1231 4332 1488 4403 ἀφειδῶς.
1525 4334 1678 4404 Ὀσῳ
1708 4335 1765 4388 δὲ
1785 4336 1885 4407 τὴν

1986 3148 2265 3215 excitavit,
2306 3150 2471 3204 modo
2507 3150 2728 3220 quidem
2770 3154 3074 3210 monachos
3124 3156 3400 3225 despucns
3455 3175 3574 3214 om-

1986 3243 2186 3311 nisque
2209 3241 2426 3314 generis
2450 3241 2586 3298 diris
2608 3245 2896 3315 suppliciis
2926 3255 3212 3318 torquens,
3240 3234 3486 3321 aliasque
3507 3267 3576 3308 ex

1987 3331 2110 3386 aliis
2141 3346 2333 3402 poenas
2363 3333 2707 3404 excogitans,
2743 3336 2910 3392 modo
2931 3338 3071 3394 alios
3100 3340 3287 3395 ﬁdeles
3313 3343 3575 3414 virosque

1987 3425 2273 3495 religiosos
2301 3427 2356 3480 in
2385 3440 2663 3482 carcerem
2700 3428 2928 3485 trudens
2956 3443 3020 3484 ac
3066 3432 3264 3488 exsilio
3302 3433 3571 3502 relegans.

1987 3515 2128 3572 iliuc
2147 3531 2368 3587 quoque
2393 3515 2756 3584 Methodium,
2778 3520 2874 3590 qui
2899 3520 3053 3577 brevi
3080 3532 3202 3594 post
3227 3525 3536 3596 patriarcha
3558 3559 3570 3567 ς

1987 3608 2092 3662 lem
2116 3609 2300 3664 sedem
2334 3610 2562 3678 adeptus
2584 3619 2690 3678 est,
2720 3612 3181 3688 Euthymiumque
3201 3628 3332 3672 tunc
3351 3627 3566 3688 tempo~

1990 3701 2069 3756 ris
2123 3700 2483 3758 Sardensium
2546 3706 2876 3773 antistitem,
2931 3706 3076 3778 quod
3132 3709 3254 3780 ejus
3312 3711 3572 3767 voluntati

1989 3808 2197 3850 morem
2236 3811 2346 3851 non
2409 3807 2666 3866 gererent
2714 3814 2817 3855 nec
2861 3807 2924 3855 ut
2951 3815 3237 3858 sacrarum
3275 3803 3575 3874 imaginum

1987 3888 2196 3942 cultum
2228 3899 2493 3960 negarent
2515 3890 2714 3948 adduci
2745 3907 2805 3950 se
2843 3902 3190 3964 paterentur,
3218 3896 3353 3950 urbe
3381 3896 3569 3967 ejecit.

1986 3978 2067 4034 Ac
2096 3980 2315 4050 quidem
2359 3990 2614 4038 sanctum
2643 3981 2978 4041 Methodiqu
3010 3987 3276 4043 custodia:
3319 3989 3485 4042 tradit
3520 3992 3576 4044 in

1987 4074 2222 4128 Andr-ca:
2268 4076 2501 4144 apostoli
2545 4074 2749 4142 insula,
2782 4093 2906 4146 qua!
2935 4088 3021 4135 est
3071 4094 3243 4150 prope
3276 4080 3521 4136 Acritam
3557 4102 3572 4135 :

1989 4163 2205 4218 beatum
2249 4175 2432 4219 autem
2487 4163 2841 4237 Euthymium
2870 4182 2967 4237 per
2991 4168 3168 4224 ﬁlium
3199 4185 3362 4225 suum
3396 4171 3583 4226 Them

1987 4254 2194 4323 philum
2226 4258 2431 4311 taureis
2450 4257 2569 4313 dire
2589 4272 2793 4314 caesum
2823 4258 3044 4315 occidit.
3075 4260 3355 4328 Quantum
3383 4273 3572 4318 autem

1989 4345 2082 4403 Dei
2119 4350 2496 4406 haereditatem
2527 4351 2812 4422 premebat
2841 4353 3074 4424 aprique
3123 4357 3178 4410 in
3212 4370 3421 4411 morem
3481 4357 3576 4411 de-

308 4428 532 4500 Χριστοῦ
573 4425 944 4502 κληρονομίαν
967 4424 1154 4491 ἐπίεζε
1180 4425 1275 4479 καὶ
1298 4419 1410 4480 οἷόν
1436 4442 1522 4489 τις
1546 4427 1653 4497 θὴρ
1691 4426 1882 4498 ἄγριος

1986 4441 2334 4509 pascebatur,
2368 4419 2766 4502 tanto'Judteus
2793 4419 3139 4518 vectigalium
3168 4461 3232 4503 ac
3264 4451 3575 4518 praestatio-

309 4524 652 4594 κατενέμετο,
690 4519 929 4590 τοσούτῳ
971 4519 1101 4583 τοὺς
1123 4516 1414 4582 Ἰουδαίους
1453 4518 1678 4583 ἀνέτους
1701 4519 1884 4590 φόρων

312 4617 396 4670 καὶ
426 4615 749 4686 ὲλευθέρους
771 4611 1069 4678 ἐδείκνυεν,
1097 4611 1505 4683 ἁγαπωμένους
1535 4613 1629 4667 καὶ
1652 4628 1883 4684 στεργο-

314 4707 494 4780 μένους
527 4707 681 4779 αὒτῷ
735 4706 849 4762 τῶν
902 4704 1081 4762 ἄλλων
1132 4703 1439 4775 ἀνθρώπων
1492 4705 1880 4778 διαφερόντως.

312 4799 412 4856 Καὶ
441 4804 732 4874 ,ζωγράφοι
791 4801 896 4873 μιν
925 4799 996 4855 τὰ
1022 4798 1167 4854 καλά
1193 4798 1304 4855 τῶν
1327 4798 1486 4865 ζώων
1511 4801 1593 4863 είς
1648 4799 1885 4872 μίμησιν

312 4893 536 4965 ιχονσιν,
571 4889 728 4960 οὗτος
758 4893 817 4949 ει
867 4892 959 4949 τὸν
984 4891 1082 4947 τοῦ
1114 4891 1499 4962 Κοπρωνύμου
1545 4891 1659 4963 βίον
1690 4888 1803 4947 οἷόν
1829 4911 1882 4948 τι

315 4985 676 5057 κῳχάραγμα
701 4984 801 5040 καὶ
829 4983 1188 5057 πρωτότυπον
1219 4982 1335 5048 θεὶς
1365 4983 1769 5057 ἀπομιμεῖσθαι
1799 4985 1885 5050 είς

311 5075 474 5150 ἄκρον
496 5076 850 5143 εσπούδαξεν.
874 5076 968 5131 Διὸ
998 5076 1094 5131 καὶ
1118 5075 1254 5146 πρὸς
1276 5073 1379 5148 τὴν
1404 5075 1702 5147 ἀκρόπολιν
1730 5075 1886 5133 ἐλαύ·

313 5185 390 5226 νει
413 5171 508 5242 τῆς
532 5168 812 5238 ἀσεϐείας,
842 5169 971 5241 ἄρτι
995 5167 1100 5238 μὶν
1127 5167 1382 5222 Σάδδατα
1409 5170 1696 5240 νηστεύειν
1720 5187 1884 5242 νομο-

314 5259 494 5331 θετῶν,
519 5261 644 5334 ἄρτι
673 5261 732 5316 δὲ
757 5262 900 5317 κατὰ
925 5260 1038 5315 τῶν
1073 5259 1235 5314 θείων
1259 5261 1559 5331 προφητῶν
1579 5260 1676 5334 τὴν
1706 5262 1886 5330 γλῶσ-

315 5369 408 5410 σαν
435 5353 726 5420 ἑξακονῶν,
754 5351 1053 5409 ἀνάστασιν
1090 5369 1150 5406 τε
1196 5351 1298 5424 τὴν
1342 5353 1646 5424 μέλλουσαν
1685 5357 1778 5410 καὶ
1815 5353 1887 5411 τὰ

314 5445 513 5502 εκείθεν
544 5446 793 5503 ἀπιστῶν
825 5445 1032 5515 ἀγαθά.
1072 5445 1330 5501 Διάδολόν
1365 5461 1424 5500 τε
1468 5447 1607 5511 ὅλως
1638 5448 1713 5519 μὴ
1741 5443 1882 5504 εἶναι

313 5534 683 5612 διισχυρίζετο,
717 5540 815 5596 ατε
837 5539 964 5612 μηδ’
992 5538 1100 5594 ὑπὸ
1127 5538 1221 5594 τοῦ
1256 5539 1506 5606 Μωσέως
1547 5541 1744 5597 τούτου
1769 5559 1882 5598 πα·

317 5631 683 5704 ραδεδομινου.
735 5631 1003 5706 Πορνείαν
1038 5631 1096 5687 δὲ
1122 5633 1632 5706 κατασπαζόμενος,
1668 5637 1765 5692 καὶ
1789 5635 1883 5693 τὸν

317 5725 404 5783 ἐπὶ
430 5730 643 5789 πάντων
663 5730 776 5789 δεῖν
805 5729 1038 5802 ὀμνύναι
1071 5733 1234 5804 μόνον
1261 5731 1395 5790 Θεὸν
1420 5732 1752 5805 νομοθετῶν,
1785 5736 1880 5790 καὶ

1988 4545 2119 4587 num
2162 4548 2330 4590 onere
2369 4535 2608 4604 levabat,
2659 4553 2802 4608 quos
2838 4554 3005 4610 supra
3065 4556 3259 4597 omnes
3313 4543 3576 4598 mortales

1985 4623 2261 4696 pra-cipue
2289 4628 2510 4683 amabat
2551 4637 2715 4701 atque
2760 4631 2998 4689 colebat.
3045 4633 3299 4705 Cumque
3336 4632 3585 4704 pictores

1985 4709 2354 4787 pulcheirima
2393 4721 2667 4793 corporis,
2711 4738 2835 4795 qua:
2884 4725 3140 4796 penicillo
3172 4740 3456 4797 manuque
3486 4727 3576 4795 pi-

1985 4810 2091 4868 ctis
2111 4810 2392 4869 coloribus
2418 4812 2728 4880 imitentur,
2755 4816 2859 4874 sibi
2885 4827 3217 4889 proponant,
3243 4817 3332 4875 hic
3353 4817 3562 4891 Capro-

1985 4906 2134 4979 nymi
2170 4907 2339 4963 vitam
2387 4922 2490 4964 ceu
2523 4909 2838 4980 exemplum
2891 4910 3170 4982 quoddam
3227 4911 3580 4984 formamque

1983 5000 2319 5069 propositam
2345 4997 2554 5056 habens
2577 5002 2998 5060 accuratissime
3017 5019 3144 5058 eum
3162 5003 3395 5060 reddere
3419 5013 3573 5061 sata-

1985 5091 2568 5163 gebat;quamohrem
2613 5092 2780 5165 etiam
2831 5092 2900 5147 ad
2955 5107 3227 5149 summam
3276 5093 3578 5164 impietatis,

1984 5197 2167 5240 arcem
2199 5184 2402 5239 evadit.
2434 5183 2594 5242 Modo
2627 5182 2890 5241 Sabhatis
2935 5183 3300 5256 jejunandum
3352 5186 3569 5242 sancie-

1986 5274 2102 5344 bat,
2156 5277 2321 5333 modo
2384 5276 2652 5333 adversus
2702 5277 2920 5333 divinos
2979 5279 3273 5348 prophetas
3325 5278 3571 5349 linguam

1983 5366 2253 5435 acuebat;
2287 5381 2352 5425 ac
2378 5377 2492 5424 tum
2521 5368 2721 5425 futura:
2749 5369 3170 5435 resurrectioni,
3200 5381 3314 5426 tum
3341 5371 3451 5443 59
3470 5372 3570 5426 lio-

1986 5459 2074 5515 nis
2094 5459 2244 5515 illam
2273 5462 2669 5519 corritantibus
2699 5462 2863 5518 ﬁdem
2908 5463 3253 5519 detrahebat.
3286 5461 3405 5518 Non
3441 5480 3573 5522 esse

1986 5565 2217 5622 prorsus
2261 5551 2566 5618 diabolum,
2601 5562 2660 5609 ut
2698 5570 2864 5625 quem
2896 5556 3080 5611 Moses
3113 5571 3223 5612 non
3258 5557 3567 5625 tradiderit,

1985 5642 2308 5700 aﬂirmabat.
2341 5643 2786 5703 Fornicationem
2812 5647 3247 5717 amplexahatur,
3271 5661 3335 5702 ac
3363 5649 3564 5716 solum,

1985 5737 2184 5807 quiest
2206 5752 2371 5809 super
2389 5740 2595 5807 omnia,
2623 5740 2788 5796 Deum
2823 5740 3154 5809 juramcntis
3190 5739 3558 5798 adhibendum
