3958 6034
301 234 370 295 6ῗί
1433 233 1940 294 ΤΗΕΟΡΗΑΝΕς
1979 229 2538 293 CONTINUATUS.
3494 226 3563 290 6‘.

301 348 515 406 statuit.
547 344 744 400 Judam
777 349 991 416 petulca
1030 363 1091 400 ac
1121 347 1307 402 cﬂreni
1343 349 1525 418 lingtra
1575 350 1749 403 beatis
1786 364 1878 402 ae-

1994 347 2073 400 τδν
2105 347 2306 401 Ἰούδαν
2337 344 2621 414 ἀκολάστῳ
2674 344 2895 414 γλώσσῃ
2923 342 3276 397 κατατάττων
3303 343 3413 405 τοῖς
3457 361 3566 396 σω-

301 440 603 504 censebat;
659 437 919 496 salutaris
968 437 1190 495 Pascha:
1238 438 1438 494 festum
1494 442 1875 508 cavillahatur,

306 541 563 602 tanquam
590 531 728 585 male
771 546 870 587 nec
901 531 1144 602 legitimo
1200 540 1446 601 tempore
1490 535 1876 589 celebraretur.

300 623 674 678 Graecanicam
708 638 771 678 ac
813 624 1131 679 saecularem
1166 626 1529 680 eruditionem
1583 641 1678 682 seu
1715 629 1880 682 disci-

305 716 509 782 plinam
543 715 836 786 despuens,
892 729 1135 772 nostram
1175 735 1394 788 quoque
1430 736 1493 776 ac
1529 721 1769 777 divinam
1802 724 1881 777 sic

303 811 701 879 aspernabatur
745 818 804 864 ut
845 826 944 865 nec
969 826 1169 882 pueros
1199 813 1288 866 illa
1333 813 1503 868 imbui
1537 816 1760 880 sineret,
1814 831 1882 870 ne

305 903 431 971 quis
455 901 749 972 aliquando
781 903 925 958 illius
950 905 1176 960 inscitia
1209 909 1464 962 resistere
1486 918 1671 977 posset
1690 926 1884 966 eumve

306 1008 628 1065 coarguere,
664 1008 802 1050 neve
825 1010 1014 1051 rursus
1048 996 1335 1069 disciplina
1375 1001 1543 1069 adjuti
1593 1002 1880 1058 oculorum

306 1085 613 1155 linguteque
640 1086 928 1142 velocitate
960 1090 1014 1142 in
1050 1089 1276 1158 legendo
1303 1091 1422 1160 ejus
1448 1093 1522 1146 rei
1557 1091 1789 1162 palmam
1833 1097 1881 1150 ei

306 1177 682 1249 praeriperet".
717 1175 868 1234 Adeo
898 1179 1043 1234 enim
1080 1182 1134 1235 in
1162 1185 1554 1252 componendis
1590 1186 1786 1242 litteris
1817 1189 1886 1242 lc-

306 1269 608 1342 gendisque
640 1271 864 1342 syllabis
895 1269 1084 1329 tardus
1104 1284 1241 1339 erat,
1278 1288 1337 1330 ut
1364 1276 1562 1331 librum
1597 1279 1720 1349 quis
1745 1279 1885 1336 alius

308 1360 523 1416 facilius
560 1370 908 1432 percurreret
943 1378 1108 1433 quam
1175 1365 1261 1420 sui
1313 1368 1553 1424 nominis
1615 1370 1885 1427 elementa

312 1468 426 1522 ιιι-αι
484 1453 687 1510 mentis
722 1451 980 1510 tarditate
1028 1456 1075 1512 is
1131 1468 1456 1514 recenset-et.
1510 1457 1711 1516 Verum
1774 1462 1887 1527 haec

309 1543 479 1599 missa
506 1552 670 1600 sunto
700 1553 762 1600 ut
799 1561 924 1615 quae
971 1548 1071 1602 viri
1127 1549 1300 1604 sancti
1353 1550 1469 1617 eius
1496 1554 1673 1609 aetatis
1707 1556 1886 1625 palam

306 1634 703 1707 exagitaverint
733 1655 748 1693 :
781 1648 999 1694 exstant
1025 1641 1171 1695 enim
1205 1641 1331 1697 libri
1364 1643 1485 1714 ejus
1515 1654 1767 1703 notantes
1822 1663 1886 1704 ac

310 1727 655 1786 traducentes
686 1730 973 1788 dedecora.
1008 1731 1118 1790 Nos
1149 1750 1280 1791 vero
1309 1739 1573 1808 reliquam
1601 1740 1887 1797 historiam

309 1838 726 1893 prosequamur,
765 1842 830 1881 ac
860 1841 981 1898 qua:
1016 1830 1154 1884 mala
1197 1832 1468 1900 pepererit
1519 1833 1666 1890 illius
1698 1833 1892 1906 impie-

311 1924 396 1972 ωδ
427 1933 446 1967 ι
460 1915 726 1973 idcamus.

374 2096 438 2153 9.
456 2095 560 2154 Per
595 2099 702 2154 huc
738 2106 953 2170 tempus
1005 2098 1204 2155 bellum
1237 2100 1398 2157 civile
1430 2102 1498 2158 ab
1547 2101 1772 2160 Oriente
1809 2109 1892 2158 ln-

307 2199 524 2260 ceptum
550 2192 732 2248 omnis
753 2192 969 2262 generis
997 2193 1157 2250 malis
1205 2190 1529 2250 Romanum
1558 2195 1754 2252 orbem
1782 2197 1887 2252 itu-

308 2285 496 2355 plevit,
552 2285 805 2356 intraque
855 2287 1136 2360 angustias
1194 2287 1524 2358 brevemque
1572 2306 1887 2357 numerum,

304 2391 430 2432 cum
471 2377 678 2450 ingenti
721 2376 903 2435 fusum
948 2382 1104 2450 copia
1139 2390 1306 2445 esset,
1355 2384 1667 2438 mortalium
1716 2400 1889 2455 genus

307 2470 507 2540 coegit,
536 2470 643 2540 50
672 2486 871 2541 nempe
907 2481 1116 2526 armata
1142 2482 1360 2542 patrum
1388 2474 1438 2527 in
1471 2476 1610 2530 lilios
1640 2477 1886 2544 dextera,

306 2559 722 2631 iratrumquein
760 2559 956 2617 fratres
979 2562 1170 2617 eodem
1207 2561 1360 2619 fusos
1394 2573 1565 2631 utero,
1611 2565 1698 2620 fidi
1733 2569 1886 2620 deni-

307 2665 414 2718 que
444 2665 509 2704 ac
542 2651 852 2721 praestantis
904 2651 1066 2706 amici
1117 2653 1171 2706 in
1221 2669 1346 2708 eum
1375 2656 1466 2724 qui
1504 2656 1619 2726 ipse
1658 2657 1737 2710 vel
1773 2673 1891 2711 ma-

307 2744 455 2799 xime
481 2745 735 2801 amicitia:
777 2745 898 2815 jura
933 2755 1125 2800 sancta
1162 2747 1339 2802 vellet.
1375 2746 1581 2802 Horum
1617 2750 1884 2804 malorum

307 2836 557 2907 inceptor
583 2846 883 2907 auctorque
922 2835 1185 2903 Thomas,
1215 2841 1281 2895 de
1320 2856 1431 2909 quo
1480 2842 1675 2910 duplex
1715 2841 1890 2895 fertur

306 2929 523 2998 opinio.
560 2929 692 2985 Nam
725 2946 849 2986 cum
880 2933 1053 2988 simus
1086 2933 1358 2999 homines,
1406 2935 1708 3005 audituque
1753 2937 1888 2990 dun-

1987 438 2254 510 ζομένοις,
2280 439 2374 491 καὶ
2397 437 2494 506 τὴν
2527 438 2719 507 ἑορτὴν
2741 435 2836 488 τοῦ
2861 437 3135 506 σωτηρίου
3168 436 3357 507 Πάσχα
3384 437 3571 500 κακῶς

1985 533 2079 586 καὶ
2104 535 2253 604 παρὰ
2289 530 2479 601 καιρὸν
2499 529 2780 600 χλευάζων
2802 529 3091 600 τιμᾶσθαι,
3117 527 3213 582 καὶ
3244 529 3346 598 τὴν
3378 526 3566 599 Ἐλλη-

1986 626 2142 694 νικὴν
2184 624 2463 678 παίδευσιν
2522 622 2820 687 διαπτύων,
2873 623 2965 674 καὶ
3015 623 3112 688 τῆς
3149 622 3427 691 ἡμετέρας
3473 621 3568 673 καὶ

1986 718 2136 782 θείας
2191 716 2448 772 τοσοῦτον
2501 714 2865 786 καταφρονῶν
2895 713 2979 786 [Ρ.
3015 713 3107 787 52]
3157 713 3234 777 ὡς
3267 713 3404 785 μηδὲ
3439 714 3567 777 τοὺς

1986 814 2141 876 νέους
2179 810 2646 881 παιδοτριϐεἴσθαί
2687 827 2788 863 που
2821 812 3147 879 συγχωρεῖν,
3185 810 3274 863 ῖνα
3315 810 3453 878 μήτε
3498 809 3566 879 τῇ

1987 907 2152 960 αὑτοῦ
2182 907 2374 977 ἀλογίᾳ
2407 905 2518 976 ἔχοι
2549 924 2631 970 τις
2659 905 2972 974 ἁντιστῆναί
3001 922 3132 957 ποτε
3154 905 3250 958 καὶ
3275 903 3578 971 διελέγξαι,

1992 1000 2130 1069 μήτε
2173 999 2335 1052 πάλιν
2392 999 2470 1068 τῷ
2523 998 2679 1068 τάχει
2726 998 2833 1049 τῶν
2885 996 3185 1066 ὀφθαλμῶν
3229 997 3322 1050 καὶ
3361 998 3432 1066 τῇ
3472 995 3568 1065 τῆς

1988 1091 2234 1159 γλώττης
2261 1090 2408 1160 ῥύμη
2443 1091 2740 1160 φερόμενος
2759 1089 2848 1143 διὰ
2871 1090 2970 1159 τῆς
2996 1088 3335 1150 παιδεύσεως
3355 1088 3425 1141 τὰ
3451 1087 3571 1140 δευ-

1986 1186 2171 1254 τερεῖα
2219 1183 2408 1236 τοῦτον
2451 1183 2496 1216 ³ο
2548 1184 2736 1250 φέρειν
2773 1181 3278 1251 καταναγκάσειενο
3315 1179 3570 1233 τοσοῦτον

1987 1277 2098 1346 γὰρ
2136 1275 2299 1345 ἧργει
2343 1274 2480 1342 πρὸς
2505 1273 2600 1344 τὴν
2653 1272 2798 1342 μῖξιν
2831 1273 2941 1326 τῶν
2970 1272 3317 1343 γραμμάτων
3365 1271 3575 1333 ἐκεῖνος

1987 1367 2081 1419 καὶ
2109 1367 2208 1438 τὴν
2242 1363 2350 1418 τῶν
2385 1363 2665 1418 συλλασῶν
2700 1363 3029 1431 ἀνάγνωσιν,
3070 1362 3144 1426 ὡς
3200 1363 3330 1432 ῥᾷον
3371 1363 3438 1415 ἄν
3486 1377 3570 1424 τις

1987 1457 2172 1526 διῆλθε
2202 1457 2460 1529 βιϐλίονῆ
2496 1457 2660 1521 αὐτὸς
2701 1460 2767 1529 τῇ
2805 1457 3103 1529 βραδύτητι
3136 1455 3229 1509 τοῦ
3261 1453 3354 1508 νοῦ
3382 1453 3449 1508 τὰ
3476 1450 3571 1507 τοῦ

1987 1552 2188 1603 οἰκείου
2226 1552 2467 1620 στοιχεῖα
2509 1549 2789 1620 ὀνόματος.
2832 1548 2993 1602 Ἀλλὰ
3042 1547 3214 1600 ταῦτα
3253 1548 3352 1618 μὲν
3381 1547 3454 1610 ὡς
3478 1547 3574 1601 καὶ

1990 1646 2104 1707 τοῖς
2136 1645 2253 1698 κατ’
2289 1645 2465 1698 ὲκεῖνο
2487 1643 2678 1715 καιροῦ
2700 1641 3151 1712 κεκωμῳδημένα
3185 1641 3348 1704 θείοις
3373 1640 3572 1712 ἀνδρά-

1996 1753 2079 1790 σιν
2107 1736 2324 1790 ὲατέον·
2366 1735 2592 1808 πλήρεις
2621 1737 2730 1805 γάρ
2762 1734 2934 1804 βίϐλοι
2987 1736 3056 1788 τὰ
3085 1733 3296 1787 ἐκείνου
3321 1730 3574 1802 ὲκστηλι-

1991 1827 2275 1882 τεύουσαι·
2308 1822 2469 1898 ἠμέἰς
2507 1828 2562 1881 δὲ
2610 1829 2748 1898 πρὸς
2793 1827 2862 1881 τὰ
2892 1826 3052 1894 ῐ·ἑξ“ἧς
3095 1825 3427 1897 προσὸῶμεν
3475 1825 3577 1895 τῆς

1994 1921 2256 1992 ἱστορίας,
2283 1921 2350 1974 τὰ
2369 1920 2790 1988 ἀποτελέσματα
2811 1919 2919 1974 τῶν
2934 1917 3112 1972 ἀθέων
3132 1916 3297 1971 αι’-τοῦ
3324 1915 3576 1988 πράξεων

1992 2015 2308 2084 ἐνορῶντες.

2063 2107 2126 2161 θ’.
2160 2106 2317 2160 Κατά
2343 2105 2452 2177 γὰρ
2491 2105 2581 2159 τὸν
2601 2105 2795 2176 καιρὸν
2819 2103 3009 2158 τοῦτον
3039 2103 3215 2175 ἀρχὴν
3251 2101 3433 2155 λαϐὼν
3477 2102 3574 2172 έμ-

1991 2201 2180 2268 φύλιος
2206 2199 2442 2270 πόλεμος
2463 2196 2524 2263 ἐξ
2546 2197 2839 2265 ’Λνατολῆς
2872 2197 3142 2252 παντοίων
3173 2196 3434 2265 ἐνέπλησε
3479 2194 3594 2266 τὴν

1989 2295 2317 2364 οἰκουμένην
2359 2293 2546 2347 κακῶν
2583 2293 2675 2348 καὶ
2721 2294 2785 2347 ἐκ
2832 2290 3044 2344 πολλῶν
3075 2290 3291 2358 ὀλίγους
3324 2291 3453 2351 τοὺς
3478 2289 3578 2341 ἀν·

1990 2388 2241 2460 θρώπους
2289 2387 2610 2459 εἰργάσατο,
2676 2387 2930 2456 πατέρων
2963 2385 3209 2454 δηλονότι
3239 2384 3338 2446 τὰς
3389 2380 3573 2446 δεξιὰς

1989 2481 2134 2534 κατὰ
2173 2481 2283 2533 τῶν
2337 2480 2469 2532 υίῶν
2493 2479 2860 2544 ὀπλισάντων,
2898 2477 2994 2531 καὶ
3028 2475 3273 2542 ἀδελφῶν
3298 2475 3441 2527 κατὰ
3469 2473 3578 2526 τῶν

1989 2576 2052 2627 ὲκ
2078 2573 2176 2643 τῆς
2209 2572 2381 2642 αὐτῆς
2419 2570 2635 2640 φύντων
2666 2571 2903 2642 γαστρὸς
2925 2610 2941 2635 ,
2983 2568 3081 2622 καὶ
3117 2567 3272 2636 φίλου
3321 2565 3383 2619 τὸ
3427 2564 3588 2627 τέλος·

1991 2668 2134 2720 κατά
2155 2665 2247 2719 τοῦ
2289 2664 2575 2733 φιλοῦντος
2621 2662 2689 2716 τὰ
2748 2663 3002 2732 μάλιστα.
3054 2660 3256 2730 Θωμᾶς
3281 2659 3489 2712 τούτων
3510 2653 3578 2729 ἦν

1989 2757 2239 2826 ἔξαρχος,
2274 2756 2400 2825 περὶ
2434 2749 2494 2809 οὗ
2534 2755 2709 2818 διττὸς
2751 2754 2908 2821 λόγος
2961 2752 3208 2821 φέρεται.
3249 2749 3489 2820 Ἀνάγκη
3521 2747 3580 2803 at

1988 2849 2298 2920 ἀνθρώποις
2318 2847 2470 2903 οὖσιν
2495 2851 2648 2920 ἡμῖν,
2676 2849 2768 2900 καὶ
2793 2846 3084 2918 ἀκοῇ,άλλ’
3105 2846 3214 2898 οὑκι
3239 2843 3361 2914 ὄψει
3393 2845 3457 2897 ὲκ
3478 2840 3579 2911 τῆς

1989 2945 2244 2997 τοσούτου
2296 2946 2489 3013 χρόνον
2537 2943 2819 3014 παρολκῆς
2869 2940 2936 2994 τὰ
2968 2939 3192 2992 τοιαῦτα
3221 2935 3576 3004 κατειληφόσι

307 3033 454 3076 taxat
475 3032 717 3093 accepta,
748 3041 855 3080 non
890 3026 1021 3094 ipsis
1055 3027 1231 3082 oculis
1261 3037 1545 3094 usurpata,
1575 3039 1698 3095 post
1724 3030 1881 3100 longa

1994 3040 2086 3107 τῆς
2117 3036 2379 3106 ἱστορίας,
2426 3035 2512 3087 ἵνα
2540 3035 2606 3104 δὴ
2632 3033 2911 3104 πανταχοῦ
2963 3034 3062 3102 τὴν
3116 3031 3374 3102 ἀλήθειαν
3410 3029 3577 3093 σωζο-

306 3117 444 3171 adeo
474 3126 718 3187 tempora
767 3120 1067 3174 habeamus
1116 3120 1450 3189 ejnscemndi
1489 3121 1725 3175 historia:
1772 3138 1890 3176 mo-

309 3221 592 3279 nutnenta,
630 3220 689 3264 ut
718 3214 768 3265 in
813 3212 1071 3266 omnibus
1108 3223 1312 3266 sartam
1364 3223 1558 3266 tectam
1609 3215 1887 3268 veritatem

309 3321 613 3371 servemus,
643 3319 870 3362 necesse
903 3315 985 3360 cst
1015 3307 1096 3361 sic
1121 3306 1200 3360 vel
1232 3308 1312 3362 sic
1348 3308 1469 3361 aliis
1497 3308 1734 3377 aliisque
1779 3320 1890 3362 tra-

307 3396 418 3451 dita
449 3396 623 3467 (alios
647 3397 854 3452 scilicet
885 3396 1131 3465 aliosque
1174 3399 1463 3467 rumores)
1501 3398 1887 3464 conscribere;

307 3503 429 3558 quae
462 3488 623 3558 plane
654 3487 985 3558 ambiguitas
1010 3505 1073 3543 ac
1104 3505 1265 3544 error
1314 3490 1462 3552 huic,
1516 3492 1662 3560 quod
1700 3502 1894 3544 tracta-

310 3595 457 3650 mus,
489 3580 621 3634 nihil
647 3580 816 3636 oilicit
839 3592 1164 3651 argumento
1191 3602 1204 3636 :
1240 3583 1349 3639 into
1395 3585 1524 3639 inde
1554 3583 1806 3638 futurum
1836 3593 1894 3638 ut.

307 3674 512 3729 veritas
543 3675 872 3730 certioribus
925 3676 1082 3731 nobis
1119 3679 1413 3732 momentis
1466 3680 1692 3745 nitatur,
1728 3692 1892 3748 quam

310 3767 398 3820 his
423 3768 515 3837 qui
545 3784 765 3837 semper
802 3768 1172 3840 digladiantur
1199 3771 1354 3826 sicne
1381 3772 1460 3825 vel
1517 3772 1596 3824 sic
1642 3786 1761 3825 sese
1809 3786 1894 3825 res

309 3859 585 3916 habuerit.
616 3859 784 3916 Feret
812 3864 1032 3930 quidem
1069 3863 1122 3917 id
1155 3865 1447 3934 optimum,
1476 3872 1533 3917 nt
1562 3873 1615 3918 et
1658 3881 1759 3919 nos
1795 3865 1895 3918 lto-

311 3952 485 4007 mines
553 3955 696 4007 nuda
758 3954 984 4011 veritate
1040 3955 1302 4026 nulloque
1375 3957 1660 4011 involucro
1707 3958 1889 4011 omnia

309 4055 595 4114 perspecta
651 4045 982 4103 haberemus
1033 4050 1219 4118 :quia
1286 4066 1416 4103 vero
1471 4051 1614 4119 quod
1668 4051 1888 4119 longum

307 4137 515 4195 cﬂlttxit
546 4148 779 4211 tempus,
810 4157 910 4196 ceu
957 4143 1228 4212 quoddam
1278 4144 1624 4212 interjectum
1677 4146 1875 4209 velum,

308 4232 626 4287 debiliorem
661 4245 903 4288 nostram
938 4236 1307 4302 cognitionem
1339 4236 1484 4304 facit,
1537 4253 1714 4305 Operae
1764 4255 1886 4307 pre-

1994 3129 2163 3197 μένην
2202 3129 2439 3196 ἔχοιμεν,
2495 3128 2589 3178 καὶ
2645 3127 2768 3188 τοὺς
2813 3124 3036 3179 τοιῶσδε
3068 3122 3208 3177 ἀλλά
3248 3123 3322 3192 μὴ
3355 3122 3580 3176 τοιῶσδε

1996 3223 2153 3291 μόνον
2185 3220 2649 3290 παραδιδομένους
2685 3218 2878 3284 λόγους
2910 3217 3270 3286 ἀναγράφειν,
3326 3214 3481 3268 οὐδὲν
3515 3216 3580 3268 ὲκ

1989 3315 2090 3383 τῆς
2121 3313 2377 3381 τοιαύτης
2416 3309 2750 3380 ἀμφιϐολίας
2785 3309 2880 3362 καὶ
2920 3308 3132 3378 πλάνης
3175 3309 3580 3379 λυμαινομένης

1992 3407 2088 3472 τῆς
2133 3405 2504 3474 προκειμένης
2549 3404 2680 3472 ἡμῖν
2735 3401 3072 3464 ὑποθέσεως,
3128 3401 3325 3471 μᾶλλον
3359 3403 3457 3469 μὲν
3487 3399 3577 3456 οὖν

1991 3497 2084 3548 καὶ
2141 3495 2552 3564 ἀσφαλεστέρας
2605 3492 2985 3563 τυγχανούσης
3041 3495 3152 3555 τοῖς
3204 3510 3266 3561 γε
3299 3495 3372 3562 μὴ
3406 3491 3580 3556 οὕτως

1993 3586 2138 3656 ἔχειν
2174 3587 2292 3638 ἀλλ’
2355 3585 2530 3650 οὕτως
2582 3584 3132 3653 διαπληκτιζομένοις
3182 3585 3290 3638 άεί.
3323 3587 3583 3656 Ἀριστον

1997 3679 2096 3750 μὲν
2129 3679 2238 3747 γὰρ
2275 3674 2366 3748 ἦν,
2399 3679 2448 3730 εί
2504 3677 2720 3746 γυμνῆς
2753 3676 3110 3746 ὑπαρχούσης
3160 3678 3260 3745 τῆς
3323 3676 3582 3746 ἀληθείας

1994 3773 2084 3825 καί
2121 3774 2281 3841 ἡμεῖς
2311 3771 2470 3833 ἐκτὸς
2508 3770 3013 3842 παραπετάσματος
3040 3771 3138 3840 τὴν
3171 3770 3487 3840 πανείδησιν
3531 3773 3583 3825 ot

1999 3866 2277 3936 ἄνθρωποι
2332 3866 2554 3934 εἴχομεν
2576 3877 2590 3892 '
2629 3863 2752 3915 ἐπεὶ
2782 3863 2842 3915 δὲ
2871 3865 2900 3915 ὁ
2931 3862 3098 3925 πολὺς
3137 3863 3340 3933 ῥεύσας
3391 3863 3582 3933 χρόνος

2000 3955 2111 4012 οἷον
2141 3977 2193 4012 τι
2249 3958 2516 4027 κάλυμμα
2551 3957 2682 4027 ἡμῖν
2715 3954 3016 4025 προστεθὲν
3039 3954 3438 4025 ἀσθενεστέραν
3483 3956 3583 4028 τὴν

1999 4055 2201 4122 γνῶσιν
2232 4051 2549 4123 ἐργάζεται,
2582 4051 2664 4102 δεῖ
2693 4053 2760 4120 τῇ
2794 4067 2855 4117 γε
2885 4051 3045 4120 φήμῃ
3076 4051 3174 4102 καὶ
3218 4049 3434 4120 κληδόνι
3463 4067 3582 4104 πειο

1995 4148 2255 4216 Θομένους
2306 4149 2385 4207 εἰς
2426 4145 2541 4213 φῶς
2577 4143 2731 4210 ἄγειν
2787 4143 2968 4206 ποσῶς
3010 4141 3079 4196 τὰ
3112 4143 3433 4214 πράγματα,
3466 4145 3582 4199 ἀλλ’

1995 4241 2115 4310 οὐχὶ
2153 4237 2228 4308 τῷ
2262 4237 2493 4306 ποταμῷ
2545 4237 2645 4305 τῆς
2676 4235 2844 4305 λήθης
2880 4234 3215 4304 παραδοῦναι
3246 4237 3578 4310 ὁλοσχερῶς,

311 4325 443 4379 tium
485 4325 558 4381 sit
598 4335 655 4381 ut
697 4327 855 4382 fama:
905 4329 1264 4400 obsequentes
1336 4346 1400 4385 ac
1455 4333 1788 4401 conjectura:
1841 4332 1921 4390 vel
1968 4336 2118 4388 tenui
2168 4333 2360 4389 saltem
2404 4330 2558 4386 radio
2614 4347 2702 4385 res
2766 4331 2816 4384 in
2881 4328 3055 4383 lucem
3110 4330 3478 4399 producamus
3530 4336 3578 4387 el

309 4435 418 4476 non
482 4423 699 4491 penitus
759 4423 1053 4480 oblivionis
1116 4427 1323 4481 vertice
1390 4429 1708 4498 mcrgeudas
1773 4431 2075 4484 tradamus.

382 4510 469 4565 10.
502 4509 617 4567 Una
650 4531 823 4585 eaque
846 4516 1022 4587 prima
1055 4518 1257 4585 opinio,
1291 4520 1344 4573 in
1375 4537 1536 4589 quam
1570 4532 1621 4574 et
1655 4537 1752 4590 ego
1780 4539 1887 4575 tna-
1921 4531 1964 4585 υ

311 4601 471 4655 nibus
513 4603 850 4675 pedibusque
879 4621 968 4670 eo,
1025 4608 1246 4678 scriptis
1301 4612 1630 4680 quibusdam
1692 4629 1894 4667 monu-

311 4694 513 4750 mentis
547 4693 876 4754 facientibus
907 4699 1092 4766 tidem,
1145 4701 1261 4757 haec
1305 4713 1410 4769 est,
1470 4720 1662 4774 nempe
1709 4716 1890 4759 ortum

310 4786 580 4843 Thomam
624 4806 691 4843 ex
723 4791 978 4847 obscuris
1029 4795 1402 4866 tenuibusque
1446 4798 1786 4864 parentibus,
1824 4800 1889 4854 ad

314 4881 428 4935 hazc
489 4881 810 4939 Sclavorum
872 4888 1005 4942 satis
1055 4887 1348 4958 prosapia,
1414 4891 1505 4959 qui
1580 4893 1777 4959 szepins
1838 4892 1890 4946 in

313 4972 536 5030 Oriente
557 4986 611 5031 et
631 4977 769 5032 Asia
800 4979 1168 5035 cohaeserunt.
1205 4980 1372 5051 Aigre
1394 4981 1574 5050 itaque
1598 4999 1893 5052 pauperem

312 5066 479 5120 vitam
503 5078 820 5135 sustentans
838 5069 1292 5146 fortunarumque
1314 5073 1514 5141 aliquid
1540 5076 1894 5144 quwsiturus,

316 5160 502 5214 relicta
537 5161 638 5231 51
671 5164 846 5233 patria
879 5164 1092 5236 Cpolim
1136 5168 1308 5222 venit.
1364 5167 1463 5222 Ubi
1513 5169 1631 5221 viro
1678 5169 1895 5223 cuidam

315 5252 528 5309 ordinis
559 5256 820 5311 senatorii
851 5257 1161 5324 adhaerens,
1188 5260 1418 5330 ejusque
1452 5261 1700 5315 addictus
1733 5262 1897 5316 obse-

316 5345 465 5414 quiis
495 5361 560 5401 ac
591 5348 844 5405 minister
874 5350 1118 5417 eﬂectus,
1157 5367 1224 5406 eo
1253 5353 1494 5408 libidinis
1532 5369 1594 5408 ac
1635 5352 1897 5410 lonlitatis

321 5441 590 5507 processit
631 5451 692 5497 ιιι
718 5452 772 5498 et
795 5443 910 5499 heri
941 5445 1120 5501 cubile
1171 5455 1460 5514 torumque
1505 5447 1748 5517 polluere
1793 5463 1887 5501 co-

322 5541 482 5587 natus
515 5535 604 5590 sit.
638 5534 755 5603 Qua
782 5552 837 5593 re
867 5538 1076 5595 detecta
1101 5555 1222 5597 cum
1250 5542 1511 5610 probrum
1539 5541 1728 5610 ingens
1751 5540 1893 5594 ferre

2065 4530 2118 4576 ι’.
2164 4523 2222 4576 '0
2257 4523 2354 4593 μὲν
2384 4519 2477 4575 οὖν
2522 4516 2604 4584 εἷς
2656 4520 2749 4573 καὶ
2799 4519 3017 4589 πρῶτος
3057 4518 3236 4585 λόγος,
3265 4512 3310 4585 ᾧ
3346 4519 3442 4572 καὶ
3470 4520 3582 4588 ἐγὼ

1992 4616 2250 4684 πεεθομαι
2289 4617 2348 4678 ἐξ
2387 4613 2683 4684 ἐγγράφων
2717 4613 2881 4665 τινῶν
2919 4611 3059 4682 ἔχων
3091 4613 3153 4664 τὸ
3197 4610 3436 4681 βέϐαιον,
3464 4613 3582 4665 τοῦ.

1989 4725 2081 4760 τον
2116 4706 2389 4778 ὁρμᾶσθαι
2426 4723 2560 4776 φησι
2585 4706 2674 4758 τὸν
2701 4705 2904 4773 Θωμᾶν
2929 4705 2986 4771 ἐξ
3027 4705 3257 4774 ἀσήμων
3290 4721 3348 4757 τε
3379 4705 3583 4786 γονέων

1991 4804 2085 4857 καὶ
2114 4800 2406 4872 πενιχρῶν,
2445 4798 2621 4862 ἄλλως
2640 4799 2696 4852 δὲ
2729 4798 2822 4851 καὶ
2851 4796 3262 4864 Σκλασογενῶν,
3307 4796 3416 4850 τῶν
3450 4797 3582 4850 πολ-

1991 4891 2150 4956 λάκις
2205 4888 2672 4958 ὲγκισσευθέντων
2730 4886 2873 4938 κατὰ
2905 4884 3005 4956 τὴν
3049 4883 3360 4954 Ἀνατολήν.
3417 4883 3582 4952 Πενίᾳ

1994 4985 2127 5054 γοῦν
2159 4983 2377 5048 ἀποζῶν
2410 4983 2504 5035 καὶ
2555 4981 2655 5050 τὴν
2679 4981 2851 5049 τύχην
2889 4979 2973 5052 [Ρ.
3010 4978 3102 5050 55]
3139 4978 3583 5049 ἐμπορευόμενος

1995 5079 2092 5152 τὴν
2120 5078 2317 5132 ἑαυτοῦ
2371 5077 2470 5147 μὲν
2512 5076 2745 5145 ἀπέδρα,
2793 5073 2932 5142 πρὸς
2982 5071 3040 5124 δὲ
3086 5072 3187 5138 τὴν
3221 5067 3584 5138 μεγαλόπολιν

1993 5169 2198 5238 ταύτην
2239 5168 2589 5237 εἰσέφρησεν.
2652 5166 2762 5218 Καὶ
2803 5165 2867 5232 δή
2909 5179 3016 5216 τινι
3061 5161 3172 5215 τῶν
3205 5160 3585 5228 συγκλητικῶν

1997 5262 2354 5330 ἐξυπηρετεῖν
2405 5275 2466 5310 τε
2498 5257 2594 5309 καὶ
2623 5256 2963 5325 λειτουργεῖν
3012 5249 3298 5320 κολληθείς
3331 5248 3581 5317 αἰσχῦναι

1996 5357 2061 5407 δι’
2089 5352 2385 5406 ἀκολασίαν
2434 5350 2529 5404 καὶ
2559 5346 2890 5418 καθυϐρίσαι
2936 5345 3033 5416 τὴν
3067 5340 3393 5409 δεσποτικὴν
3421 5338 3584 5408 εὐνὴν

2001 5449 2093 5500 καὶ
2131 5447 2199 5499 τὰ
2231 5445 2435 5513 λέκτρα
2492 5441 2683 5496 τούτου
2720 5439 2999 5510 ἠπείγετο.
3085 5435 3239 5489 Ἐπεὶ
3275 5428 3369 5487 οὖν
3398 5447 3584 5501 φωρα-

2002 5539 2114 5602 θεὶς
2163 5538 2261 5609 οὐχ
2314 5535 2423 5600 οἷός
2458 5553 2517 5588 τε
2663 5533 2754 5586 τὸν
2787 5533 2953 5586 πολὶον
3008 5527 3212 5583 ὃ-ιειδον
3251 5525 3342 5579 καὶ
3363 5523 3456 5587 τὰς
3491 5521 3578 5574 διὰ

1621 5630 1856 5686 VARUF.
1898 5629 2308 5686 LECTlONES.

428 5722 470 5752 5°
506 5724 708 5780 τούτων
736 5725 796 5780 P.
