3958 6034
338 268 405 337 67
1439 272 1945 334 THEOPHANES
1985 272 2207 336 CONTI
2218 272 2543 336 NUATUS.
3529 278 3603 343 68

338 399 454 438 mas
489 399 519 438 a
543 398 713 454 puero
739 382 851 453 jam
878 385 980 439 sibi
1015 381 1306 453 asc'iverat,
1338 388 1697 457 corporisque
1721 386 1917 441 robore

2026 390 2081 441 οὐ
2113 388 2175 459 δή
2208 405 2351 450 τινος
2382 389 2634 458 ἐφαίνετο
2661 388 2933 461 δεύτερος.
2960 384 3130 455 Οὗτος
3150 389 3244 446 οὖν
3272 390 3397 456 τοὺς
3429 390 3600 463 δημο-

338 475 473 528 nulli
503 475 747 530 cedebat.
803 472 988 545 itaque
1022 478 1367 547 publicorum
1406 479 1754 547 vectigalium
1783 494 1913 533 exa-

337 564 583 620 ctoribus
619 566 671 620 in
710 582 843 623 suas
873 576 1055 638 partes
1079 570 1349 634 adductis,
1378 572 1682 641 vulgusque
1704 572 1916 640 magni-

337 658 454 714 ticis
484 658 865 728 largitionibus
906 660 1011 715 sibi
1042 662 1311 718 demereri
1349 664 1593 729 studens,
1644 663 1826 717 clarus
1850 678 1912 718 ex

336 754 484 808 tenui
512 753 863 825 obscureque
902 753 1080 809 evasit
1115 768 1291 825 exque
1329 770 1491 810 manu
1544 756 1767 810 minima
1796 771 1915 810 ma-

335 862 496 918 gnus.
551 847 705 904 Alios
738 847 1031 903 verborum
1066 844 1340 901 lenocinio
1379 847 1738 917 amicitizeqne
1784 862 1919 917 qua-

345 941 469 994 dam
540 940 723 1012 specie
762 940 868 995 sibi
926 940 1277 1006 conciliabat,
1331 948 1603 1011 quotquot
1657 941 1917 997 nimirum

335 1047 601 1087 novarum
655 1046 838 1089 rerum
893 1031 1320 1102 divitiarumque
1374 1047 1531 1087 amor
1578 1032 1914 1100 incesserat;

334 1127 475 1181 alios
509 1127 560 1179 vi
593 1141 658 1180 ac
682 1127 950 1181 renitente
967 1126 1173 1192 animo,
1205 1141 1345 1194 quos
1382 1124 1647 1179 bellorum
1674 1125 1915 1179 civilium

335 1220 478 1274 mala
508 1219 624 1290 jam
654 1216 853 1274 doctos
890 1218 1137 1288 periculo
1171 1233 1278 1272 non
1310 1218 1570 1273 latebant.
1628 1217 1706 1271 Eo
1760 1216 1917 1271 initio

332 1319 639 1381 eruperunt
664 1310 805 1367 bella
836 1310 1042 1376 civilia,
1076 1311 1366 1380 instatque
1395 1310 1731 1364 Niliacorum
1767 1318 1919 1363 cata.

332 1411 612 1457 raetsrum
636 1412 845 1473 aperta,
873 1417 981 1457 non
1009 1417 1177 1473 aqua,
1208 1403 1300 1458 sed
1326 1417 1523 1457 cruore
1545 1412 1745 1455 terram
1772 1402 1919 1471 large

333 1498 657 1568 irrigarunt.
690 1493 830 1550 Hinc
855 1497 997 1549 servi
1029 1495 1295 1549 adversus
1328 1492 1511 1559 heros,
1535 1494 1693 1547 miles
1722 1494 1916 1549 statio-

333 1592 525 1646 narius
583 1587 849 1644 adversus
915 1587 1273 1653 cohortalem,
1343 1586 1624 1642 centurio‘
1653 1588 1919 1642 adversus

341 1685 620 1740 exercitus
643 1682 841 1738 ducem
871 1692 1103 1738 cruento
1132 1682 1278 1737 ferro
1303 1682 1524 1738 dextras
1540 1690 1915 1738 armaverunt.

332 1774 723 1845 Hactenusque
749 1773 931 1828 omnis
973 1774 1104 1828 Asia
1143 1772 1307 1828 malis
1344 1773 1540 1826 obruta
1585 1773 1768 1827 dirum
1826 1788 1916 1842 ge-

332 1868 535 1923 mebat.
568 1864 868 1921 Civitatum
916 1865 1057 1919 Asia
1096 1864 1345 1935 integrae,
1385 1879 1451 1920 ac
1477 1873 1698 1935 quantas
1738 1872 1916 1928 erant,

336 1968 653 2014 exterrente
709 1968 858 2012 metu
907 1957 1247 2013 deditionem
1302 1955 1529 2012 Thema!
1588 1955 1916 2022 faciebant;

331 2065 453 2123 qua:
478 2060 659 2105 autem
684 2050 999 2121 imperatori
1034 2049 1193 2105 ﬁdem
1226 2059 1510 2105 servantes
1542 2048 1638 2103 diu
1680 2048 1915 2120 smpius-

331 2160 440 2213 que
463 2144 798 2209 restiterant,
836 2142 1022 2198 multis
1055 2142 1294 2197 caedibus
1330 2141 1743 2211 praedarumque
1772 2144 1821 2195 vi
1854 2157 1920 2196 ac

332 2232 733 2303 direptionibus
761 2233 1110 2303 postmodum
1142 2244 1198 2285 et
1239 2231 1371 2302 ipsas
1396 2231 1600 2286 collum
1633 2231 1921 2287 submitte-

332 2325 482 2380 baot.
528 2322 774 2394 Denique
806 2333 919 2379 tota
963 2324 1090 2378 Asia
1126 2325 1178 2377 in
1211 2323 1333 2392 ejus
1376 2330 1562 2393 partes
1620 2324 1917 2388 concessit,

332 2421 576 2491 exceptis
604 2421 871 2475 duntaxat
899 2418 1153 2489 Catacyla
1206 2418 1414 2487 Opsicii
1460 2430 1515 2474 et
1545 2416 1778 2474 Olbiano
1816 2422 1920 2473 Ar-

334 2514 713 2567 tneuiacorum
778 2512 1033 2567 ducibus.
1085 2510 1193 2583 54
1229 2511 1291 2565 lli
1340 2512 1450 2567 duo
1497 2512 1599 2567 soli
1658 2514 1709 2566 in
1772 2522 1919 2567 tanta

332 2606 604 2661 exercitus
640 2607 847 2660 ducum
888 2606 1237 2661 multitudine
1266 2604 1513 2661 Michaeli
1552 2606 1726 2676 palam
1761 2606 1918 2661 fidem

334 2712 641 2753 servavere.
703 2696 911 2754 iccirco
976 2700 1140 2752 etiam
1214 2697 1435 2752 Michael
1491 2699 1721 2769 gratiam
1776 2699 1920 2753 refe-

335 2804 483 2854 rens,
524 2794 669 2861 quod
700 2791 821 2861 ejus
866 2807 1093 2846 causam
1125 2808 1233 2845 non
1269 2790 1655 2860 prodidissent,
1713 2793 1918 2845 nummi

336 2885 501 2938 unius
545 2885 790 2954 argentei
836 2885 891 2938 in
926 2886 1181 2940 (orarium
1220 2884 1483 2954 principis
1532 2884 1721 2939 inferri
1774 2885 1919 2939 soliti

336 2978 434 3042 (ac
457 2975 755 3031 fumarium
784 2976 1054 3031 tributum
1078 2976 1412 3045 vocabatur)
1439 2976 1653 3030 veniam
1671 2978 1752 3031 eis
1770 2974 1917 3032 fecit.

2022 483 2168 546 σίους
2192 484 2391 552 φόρους
2420 482 2847 556 εἰσπράττοντας
2887 486 2963 550 είς
2993 485 3185 542 ἑαυτὸν
3209 486 3601 558 εἰσποιησάμε-

2020 592 2130 641 νος,
2164 577 2258 629 καὶ
2285 576 2348 630 ἐκ
2377 576 2783 649 μεγαλόφρονος
2816 578 3108 641 ἐπιδόσεως
3157 575 3476 645 σπουδάζων
3510 576 3601 647 ὑφ’

2019 666 2212 719 ἑαυτου)
2241 670 2417 720 ποιεῖν
2442 668 2569 730 τοὺς
2598 666 2848 732 πολλοὺς,
2874 667 3040 730 πολὺς
3063 666 3288 736 γέγονεν
3319 666 3382 721 ὲκ
3402 666 3600 737 μικροῦ

2022 758 2117 811 καὶ
2150 758 2323 829 μέγας
2375 758 2436 825 ἐξ
2474 759 2764 830 ἐλαχίστης
2820 760 3036 832 χειρόςο
3062 759 3188 825 τοὺς
3221 761 3321 831 μὲν
3351 759 3458 831 γάρ
3498 754 3600 830 ἦγε

2020 850 2203 904 πειθοῖ
2233 849 2326 904 καί
2361 869 2465 904 τινι
2507 851 2681 921 φιλίᾳ,
2713 852 2861 915 ὅσοις
2898 852 2963 925 δὴ
3009 854 3037 906 ὁ
3060 851 3168 908 τῶν
3190 852 3394 906 καινῶν
3423 866 3600 922 πραγ-

2021 942 2208 1011 μάτων
2244 944 2337 996 καὶ
2366 946 2428 996 τὸ
2464 943 2841 1012 φιλοπλουτεῖν
2862 945 3002 1019 ἔρως
3030 944 3157 1015 ὲνῆν
3186 947 3253 1011 ⁵⁸,
3276 945 3403 1008 τοὺς
3422 943 3478 999 δὲ
3509 942 3599 1016 βία

2019 1035 2114 1087 καὶ
2142 1035 2337 1108 γνώμῃ
2382 1036 2693 1108 ἀϐουλήτῳ,
2746 1039 2893 1102 ὅσοις
2946 1038 3010 1107 δὴ
3063 1040 3131 1092 τά
3162 1037 3274 1091 τῶν
3320 1036 3600 1107 ἐμφυλίων

2021 1128 2263 1181 στάσεων
2295 1128 2442 1182 κακά
2463 1129 2521 1181 ὲν
2544 1129 2711 1200 πείρᾳ
2736 1131 2837 1202 ἢδη
2872 1129 3494 1201 γεγένηντο.,Ἐντεῦοεν
3507 1125 3600 1184 οὗν

2018 1221 2067 1273 oi
2105 1220 2361 1290 ἐμφύλιοι
2394 1222 2870 1295 ἀναρρηγνύμενοι
2903 1223 3151 1293 πόλεμοι,
3186 1222 3279 1276 καὶ
3319 1216 3430 1275 οἷον
3460 1238 3601 1284 τινες

2018 1313 2247 1386 Νειλῷοι
2281 1316 2658 1389 καταρράκται
2685 1316 3045 1386 άνοιγόμενοι,
3061 1317 3159 1388 οὐχ
3181 1315 3351 1380 ὕδατι,
3376 1316 3494 1369 ἀλλ’
3514 1315 3599 1371 αἴ-

2022 1425 2155 1477 ματι
2180 1408 2279 1478 τὴν
2302 1406 2407 1477 γῆν
2430 1408 2807 1472 κατεπὸτιζον.
2842 1407 3120 1462 Ἐντεῦθεν
3144 1410 3234 1462 καὶ
3258 1408 3434 1462 δοῦλοι
3462 1407 3601 1461 κατὰ

2017 1502 2297 1554 δεσποτῶν
2328 1502 2425 1554 καὶ
2471 1503 2814 1573 στρατιώτης
2856 1500 3000 1555 κατὰ
3019 1499 3293 1564 ταξεώτου
3320 1501 3412 1554 καὶ
3440 1500 3601 1570 λοχα-

2019 1596 2114 1662 γὸς
2140 1593 2286 1649 κατὰ
2310 1595 2685 1664 στρατηγέτου
2716 1594 2813 1665 τὴν
2850 1595 3007 1665 χεῖρα
3038 1591 3288 1663 φονῶσαν
3320 1593 3601 1648 καθώπλι-

2021 1687 2135 1753 ζεν,
2162 1690 2257 1741 καὶ
2287 1688 2438 1741 πᾶσα
2461 1688 2602 1750 τέως
2629 1689 2662 1758 ἡ
2702 1686 2856 1740 Ἀσία
2903 1685 3227 1755 βυθιζομένη
3254 1686 3597 1738 κατέστενεν.

2019 1780 2086 1832 Αἱ
2119 1781 2220 1849 μὲν
2267 1780 2379 1849 γὰρ
2427 1779 2741 1848 αύτάνδρως
2802 1777 2911 1830 τῶν
2962 1776 3169 1830 πόλεων
3211 1776 3487 1847 άνῄρηντο
3522 1773 3602 1845 τῷ

2020 1869 2215 1939 Θωμᾷ,
2237 1870 2314 1940 τῷ
2349 1869 2499 1940 φόϐῳ
2539 1870 2847 1923 πεισθεῖσαι
2870 1885 2883 1897 ·
2915 1869 2971 1922 αἱ
3010 1870 3066 1922 δὲ
3103 1867 3363 1930 πολλάκις
3384 1866 3601 1920 ἀντιπί-

2021 1977 2272 2024 πτουσαι,
2304 1961 2373 2013 τὰ
2398 1960 2564 2013 πιστὰ
2601 1961 2680 2029 τῷ
2728 1978 2790 2028 γε
2819 1959 3106 2031 κρατοῦντι
3132 1959 3419 2029 τηροῦσαι,
3459 1958 3601 2030 μετά

2022 2049 2232 2102 πολλῶν
2264 2051 2440 2118 φόνων
2471 2051 2567 2104 καὶ
2601 2051 3059 2122 ἁνδραποδωμῶν
3113 2051 3389 2121 ὑπήγοντο
3415 2052 3602 2105 δεύτε-

2023 2161 2134 2212 ραι.
2171 2144 2316 2213 Πλὴν
2368 2144 2507 2197 άλλὰ
2537 2146 2690 2198 πᾶσα
2746 2144 2902 2198 Ἀσία
2933 2144 3109 2197 ὀπίσω
3135 2147 3328 2198 τούτου
3357 2146 3599 2211 ἑγένετο,

2021 2238 2177 2299 sua;
2206 2236 2295 2289 τοῦ
2321 2238 2381 2290 τὸ
2419 2239 2661 2305 Ὁψίκιον
2706 2236 3001 2292 Κατάκυλα
3035 2235 3472 2310 στρατηγοῦντος
3509 2240 3599 2291 καὶ

2034 2328 2308 2383 Ὀλϐιανοῦ
2362 2329 2456 2382 τοῦ
2497 2328 2608 2382 τῶν
2660 2329 3073 2399 Ἀρμενιακῶν·
3132 2321 3277 2382 οὗτοι
3306 2329 3415 2400 γὰρ
3441 2329 3507 2400 δὴ
3543 2330 3602 2382 ἐν

2021 2425 2297 2485 τοσούτοις
2330 2420 2482 2490 μόνοι
2533 2422 2933 2491 στρατηγέταις
2985 2423 3054 2477 τά
3110 2423 3277 2475 πιστὰ
3306 2422 3603 2491 τηροῦντες

2022 2514 2160 2583 πρὸς
2184 2512 2400 2581 Μιχαὴλ
2430 2512 2796 2581 ἀνεφάνησαν.
2836 2506 2930 2573 Οἷς
2962 2514 3055 2563 καὶ
3083 2511 3183 2581 τὴν
3214 2512 3371 2582 χάριν
3406 2510 3606 2564 ἀπονέ-

2024 2625 2164 2677 μων,
2192 2606 2267 2668 ὡς
2302 2604 2377 2676 μὴ
2401 2603 2795 2673 προδεδωκόσιν
2826 2603 3008 2665 αὑτὸν,
3045 2601 3106 2654 τὺ
3133 2604 3212 2665 είς
3235 2602 3295 2654 τὺ
3324 2601 3603 2671 βασιλικὸν

2023 2697 2345 2768 τελούμενον
2378 2698 2623 2766 ταμιεῖον
2654 2694 2913 2765 δημόσιον
2961 2694 3230 2748 καπνικὸν
3268 2693 3413 2748 οὕτω
3444 2694 3601 2761 λεγό-

2027 2808 2185 2862 μενον
2225 2789 2554 2859 μιλιαρίσιον
2583 2786 2641 2837 ἓν
2669 2786 3089 2856 συγκεχώρηται
3108 2801 3123 2816 ·
3155 2788 3263 2839 τῶν
3287 2787 3395 2855 γὰρ
3425 2785 3603 2839 ἄλλων

2024 2885 2243 2937 πάντων
2278 2882 2380 2935 ἀνά
2427 2879 2521 2934 δύο
2573 2878 2869 2932 τελούντων
2903 2879 3171 2933 ἀνέκαθεν
3224 2879 3599 2949 μιλιαρισίων,

2024 2976 2110 3049 μ).
2147 2974 2241 3045 55]
2274 2972 2411 3026 ἀλλὰ
2440 2973 2537 3025 καὶ
2584 2970 2765 3025 αὐτῶν
2818 2971 3044 3036 τούτων,
3077 2970 3199 3024 τότε
3224 2969 3286 3023 τὸ
3314 2970 3373 3023 ἓν
3400 2970 3600 3041 ἀφείθη

332 3068 467 3123 Nam
494 3085 613 3124 eum
642 3071 732 3123 alii
754 3084 944 3123 omnes
964 3068 1291 3138 jampridem
1317 3068 1573 3139 (ipsique
1602 3070 1826 3137 perinde
1856 3084 1919 3123 ac

2026 3070 2113 3124 διὰ
2151 3069 2248 3139 τὴν
2281 3069 2517 3122 εῦνοιαν.

334 3162 549 3233 caueri)
582 3176 839 3217 nummos
867 3162 1002 3217 duos
1040 3161 1405 3216 miliarienses
1439 3161 1761 3231 penderent,
1807 3161 2199 3221 benevolentia:
2228 3178 2437 3218 memor
2464 3180 2632 3217 unum
2663 3164 2771 3219 illis
2797 3162 3031 3218 remisit.

406 3258 495 3312 12.
538 3256 635 3312 Ubi
686 3271 754 3311 eo
808 3264 950 3312 statu
1004 3258 1335 3327 compositas
1385 3255 1758 3311 Romanorum
1826 3273 1914 3314 res

335 3350 567 3421 Agareni
615 3348 949 3413 didicerunt,
992 3349 1305 3417 gratissime
1352 3346 1514 3419 plane
1575 3363 1640 3402 ac
1688 3363 1916 3417 prorsus

331 3444 575 3511 jucunde
624 3444 952 3497 habuerunt.
1011 3439 1178 3495 Suam
1226 3442 1373 3495 enim
1417 3456 1538 3495 eam
1568 3443 1914 3497 occasionem

334 3536 620 3601 facientes,
676 3551 872 3591 omnes
922 3550 1118 3590 secure
1152 3535 1464 3604 provincias
1496 3542 1663 3602 atque
1710 3535 1919 3589 insulas

335 3631 549 3683 nemine
610 3627 915 3683 obsistente
994 3628 1404 3681 incursionibus
1458 3636 1669 3682 vastare
1730 3642 1921 3697 aggre-

333 3725 579 3774 diuntur.
631 3717 847 3786 Quibus
880 3718 1083 3773 auditis
1116 3715 1384 3783 Thomas,
1412 3730 1662 3772 metuens
1691 3733 1758 3772 ne
1792 3718 1922 3787 quid

337 3814 420 3866 sui
457 3828 639 3866 rerum
676 3826 943 3866 novarum
989 3810 1317 3867 molirentur
1361 3821 1415 3866 et
1460 3812 1531 3866 ab
1570 3812 1691 3881 ipso
1721 3812 1921 3866 defice.-

333 3911 473 3971 rent,
501 3898 555 3959 si
582 3903 704 3976 ipse
741 3919 934 3960 eorum
974 3905 1066 3973 qui
1104 3904 1255 3957 domi
1291 3912 1673 3958 remanserant
1703 3913 1757 3958 et
1796 3905 1925 3957 reli-

333 4001 427 4065 qui
484 3996 725 4050 Orientis
776 3996 979 4050 nullam
1014 4010 1205 4050 curam
1250 4004 1483 4065 gereret,
1526 3992 1621 4050 sed
1670 3994 1917 4064 ipsorum

337 4092 480 4143 lilios
525 4098 690 4158 atque
740 4103 945 4143 uxores
970 4088 1132 4158 diripi
1169 4087 1407 4158 ducique
1454 4087 1507 4140 in
1546 4086 1920 4155 captivitatem

334 4186 556 4245 sineret,
602 4198 787 4253 opera:
818 4183 1055 4254 pretium
1089 4183 1298 4251 putavit
1336 4181 1603 4235 hactenus
1637 4180 1919 4250 Agaren'o—

2097 3258 2188 3329 ιβ’.
2227 3260 2293 3313 Ἀ
2348 3259 2443 3314 καὶ
2495 3259 2726 3329 μαθοῦσι
2773 3262 2887 3321 τοῖς
2931 3259 3259 3327 ’Δγαρηνοτς
3315 3255 3606 3326 ἀγαπητὸν

2026 3350 2384 3420 κατεφαίνετο
2402 3353 2495 3406 καὶ
2515 3352 2648 3412 ὅλως
2672 3352 2996 3422 ὲντρύφημα
3024 3364 3039 3377 ⁸
3087 3347 3280 3419 καιροῦ
3306 3349 3417 3417 γὰρ
3440 3347 3605 3401 λαϐό-

2029 3458 2181 3510 μενοι
2216 3443 2401 3494 πᾶσαν
2434 3441 2618 3513 χώραν
2641 3443 2739 3495 καὶ
2763 3442 2925 3512 νῆσον
2952 3442 3281 3510 κατέτρεχον
3309 3440 3504 3503 ἀδεῶς.
3528 3441 3603 3510 μή

2026 3548 2168 3596 τινος
2196 3532 2448 3603 ἐμποδὼν
2478 3534 2773 3601 ἱσταμένου
2827 3536 3033 3597 αὐτοῖς.
3061 3519 3155 3585 Διδ
3185 3532 3281 3587 καὶ
3311 3532 3484 3585 ταῦτα
3528 3532 3609 3602 τῷ

2023 3625 2194 3696 Θωμᾷ
2222 3626 2557 3696 διακηκοότι.
2582 3626 2703 3677 ὲπεί
2730 3642 2850 3680 τινα
2900 3626 3115 3695 κίνησιν
3153 3629 3216 3680 ἐκ
3268 3625 3378 3679 τῶν
3411 3625 3606 3680 ἑαυτοῦ

2022 3715 2161 3787 ᾤετο
2196 3717 2289 3768 καὶ
2318 3716 2705 3785 νεωτερισμὸν,
2737 3716 2793 3769 εἴ
2836 3716 2897 3785 γὲ
2944 3734 3069 3769 τινα
3096 3717 3357 3788 φροντίδα
3397 3718 3471 3787 μὴ
3497 3718 3607 3770 τῶν

2023 3810 2114 3863 ἐπ’
2143 3810 2294 3863 οἴκου
2331 3811 2611 3881 ποιήσοιτο
2642 3811 2737 3864 καὶ
2765 3811 2867 3880 τῆς
2914 3809 3087 3880 ἄλλης
3125 3809 3437 3881 ’Λνατολῆς,
3467 3811 3607 3866 ἀλλὰ

2028 3904 2375 3972 συγχωρήσοι
2403 3901 2531 3967 τούς
2562 3919 2621 3955 τε
2657 3902 2853 3965 παῖδας
2886 3902 2985 3957 καὶ
3031 3906 3297 3971 γυναῖκας
3351 3902 3611 3973 καταληῐ-

2030 3994 2223 4065 σθῆναι
2275 3995 2372 4049 καὶ
2404 3995 2912 4067 αἱχμαλωτισθῆναι
2956 3996 3158 4062 αὐτῶν,
3208 3997 3486 4067 συμφέρον
3518 3997 3611 4050 κέ·

2028 4103 2189 4155 κρικε
2244 4088 2381 4150 τέως
2434 4088 2535 4157 μὲν
2588 4087 2962 4157 ἐπικρατῆσαι
2992 4086 3092 4156 τὴν
3126 4087 3304 4140 αὐτῶν
3334 4086 3509 4158 ὁρμὴν
3541 4087 3609 4141 δι’

2029 4180 2349 4248 ἐπιφανείας
2394 4180 2557 4235 αὐτοῦ
2592 4181 2687 4233 καὶ
2725 4180 2804 4251 τῷ
2830 4178 3028 4251 πλήθει
3052 4179 3165 4233 τῶν
3193 4179 3478 4249 δυνάμεων
3514 4181 3609 4232 ὲκ-

338 4291 457 4328 rum
510 4274 771 4343 impetum
816 4272 1099 4338 cohibere,
1148 4272 1475 4341 objectoque
1527 4270 1635 4323 illis
1688 4268 1917 4337 copioso

2031 4273 2229 4340 πλῆξαι
2277 4290 2336 4327 τε
2377 4274 2472 4328 καὶ
2506 4273 2639 4345 πρὸς
2670 4274 2896 4345 εἰρήνην
2949 4272 3272 4343 πανούργως
3304 4271 3608 4325 ἑκκαλὲσα·

332 4366 581 4421 exercitu
623 4375 826 4420 metum
855 4368 1124 4430 incutere,
1176 4373 1341 4433 atque
1371 4362 1436 4416 ad
1475 4377 1662 4432 pacem
1702 4371 1917 4414 vetera-

341 4460 479 4513 Ioria
514 4468 629 4513 arte
661 4473 875 4530 cogere.
920 4458 1139 4527 Resque
1171 4458 1313 4511 adeo
1356 4470 1422 4511 ex
1468 4465 1597 4510 voto
1630 4453 1922 4510 successit.

335 4556 473 4622 Nam
524 4568 652 4608 cum
688 4556 741 4609 in
783 4555 1065 4625 regionem
1106 4568 1297 4607 eorum
1342 4551 1636 4621 irrupisset
1679 4561 1732 4604 et
1762 4548 1925 4603 Sara-

339 4648 459 4700 ceni
515 4646 664 4702 illius
694 4648 957 4717 impetum
995 4648 1269 4701 sustinere
1302 4659 1409 4698 non
1456 4650 1700 4713 possent,
1737 4641 1925 4695 habito

336 4759 463 4796 cum
499 4743 580 4797 eis
629 4742 910 4811 colloquio
967 4756 1156 4811 pacem
1218 4739 1503 4807 componit
1554 4736 1770 4805 sibique
1800 4734 1925 4789 belli

335 4836 518 4890 socios
553 4835 825 4905 adjungit,
858 4836 962 4888 hoc
1000 4841 1193 4903 pactus
1222 4833 1413 4900 eisque
1453 4828 1923 4899 pollicitus,quod

340 4938 393 4979 et
446 4932 701 4997 superius
733 4928 1014 4981 diximus:
1058 4926 1394 4997 proditurum
1439 4924 1687 4976 nimirum
1728 4919 1924 4975 Roma-

339 5036 529 5072 norum
558 5021 685 5089 ﬁnes
725 5036 1010 5089 eorumque
1042 5020 1328 5088 imperium
1376 5016 1486 5069 illis
1540 5015 1923 5085 subiecturum.

338 5110 612 5177 Quocirca
648 5129 747 5167 nec
772 5112 1007 5167 consilio
1060 5126 1162 5165 suo
1211 5111 1508 5164 frustratus
1544 5122 1647 5173 CSI;
1699 5106 1831 5177 quin
1874 5113 1929 5160 ct

343 5220 627 5271 coronam,
663 5204 877 5274 imperii
906 5202 1011 5272 55
1043 5202 1281 5270 insigne,
1325 5200 1703 5268 consequitur,
1735 5206 1790 5251 et
1818 5196 1923 5250 imo

346 5313 564 5372 perator
604 5302 672 5352 ab
702 5296 1057 5350 Antiochense
1088 5303 1220 5347 tunc
1246 5290 1505 5345 Ecclesia:
1535 5289 1787 5359 prresule,
1835 5285 1923 5341 Ja-

351 5397 490 5451 L‘ObO
555 5392 811 5454 nomine,
864 5386 1259 5457 praclamalur.
1322 5383 1593 5453 (legitque
1648 5381 1923 5448 ingentem

343 5486 669 5547 exercitum,
702 5480 832 5552 quin
877 5481 1058 5549 potius
1102 5477 1362 5533 collatum
1412 5472 1644 5542 accepit,
1705 5470 1772 5526 ad
1807 5484 1930 5525 coro

358 5577 730 5635 toborandum
785 5574 887 5629 sibi
925 5572 1239 5639 imperium,
1283 5583 1385 5624 nec
1412 5582 1476 5623 ex
1524 5566 1631 5621 illis
1662 5564 1929 5619 duntaxat

2029 4364 2171 4418 σθαι.
2216 4366 2281 4418 ’0
2331 4364 2426 4418 καὶ
2472 4363 2707 4435 συνέϐη·
2752 4364 2828 4426 ὼς
2877 4364 2987 4433 γάρ
3021 4364 3203 4426 αὐτοῖς
3247 4364 3372 4433 ἄρτι
3397 4362 3461 4434 δὴ
3495 4365 3612 4426 τοῖς

2029 4458 2365 4528 Σαραιιηνοτς
2394 4459 2474 4521 είς
2497 4457 2598 4528 τὴν
2628 4457 2811 4511 αὐτῶν
2844 4456 3147 4510 εἰσϐάλλων
3178 4453 3238 4520 ἐξ
3259 4455 3610 4526 ὑποστροφῆς

2027 4550 2351 4612 άνύποιστος
2376 4549 2754 4619 κατεφαίνετο,
2776 4550 2856 4611 εἰς
2882 4547 3073 4617 λόγους
3093 4546 3158 4618 δὴ
3183 4545 3461 4617 προελθὼν
3477 4545 3611 4617 βαρ-
3631 4568 3643 4578 ·

2031 4642 2291 4713 ϐαρικοὺς
2337 4642 2568 4707 σπονδάς
2627 4659 2685 4695 τε
2738 4643 2979 4695 ἐποιεῖτο
3018 4641 3304 4713 είρηνικὰς
3352 4640 3447 4695 καὶ
3473 4638 3609 4709 πρὸς

2031 4735 2351 4805 συμμαχίαν
2391 4734 2702 4798 ἐξεκαλεῖτο
2749 4733 2967 4799 αὐτοὺς,
3026 4732 3408 4803 συντιθέμενός
3428 4747 3487 4784 τε
3516 4730 3611 4783 καὶ

2032 4825 2461 4898 ὑπισχνούμενος
2512 4825 2547 4881 ἃ
2594 4829 2689 4879 καὶ
2739 4826 3005 4897 πρότερον
3047 4826 3295 4895 εἴρηται,
3346 4825 3419 4878 τὰ
3467 4822 3609 4877 Ῥωο

2022 4919 2218 4987 μαίων
2239 4931 2303 4973 τε
2337 4916 2666 4987 προδοῦναι
2717 4918 2847 4986 ὅρια
2881 4920 2981 4971 καί
3011 4916 3127 4985 τὴν
3152 4916 3358 4971 αὐτῶν
3404 4915 3611 4983 αὐτοῖς

2028 5014 2152 5067 ὑπὸ
2184 5010 2390 5079 χεῖρας
2417 5008 2668 5078 ποιῆσαι
2697 5010 2913 5079 ἀρχήν.
2942 5008 3107 5062 Ὅθεν
3136 5007 3231 5061 τοῦ
3264 5009 3363 5078 μὲν
3391 5007 3610 5077 βουλεύ-

2033 5123 2201 5175 ματος
2230 5105 2293 5159 ού
2342 5107 2644 5177 διήμαρτεν
2687 5104 2781 5158 τοῦ
2831 5106 3058 5169 οἰκείου,
3091 5104 3226 5158 ἀλλὰ
3258 5104 3355 5156 καὶ
3382 5104 3610 5170 στέφους

2033 5196 2437 5267 μεταλαγχάνει
2493 5198 2589 5251 καὶ
2638 5197 2998 5269 αὐτοκράτωρ
3033 5194 3426 5266 ἀναγορεύεται
3458 5196 3610 5266 παρὰ

2032 5289 2122 5340 τοῦ
2145 5289 2236 5341 τὸν
2278 5293 2338 5342 ὲν
2371 5288 2671 5359 Ἀντιοχείᾳ
2703 5288 2890 5359 θρόνον
2929 5286 3228 5360 τηνικαῦτα
3286 5301 3609 5358 μεταποιου-

2035 5379 2199 5448 μένου
2243 5380 2463 5446 Ἰακὼϐ,
2493 5384 2586 5435 καὶ
2613 5385 2770 5453 χεῖρα
2795 5382 3044 5450 συλλέγει
3074 5379 3298 5449 πολλὴν,
3326 5378 3530 5450 μᾶλλον
3553 5377 3609 5432 δὲ

2033 5472 2301 5543 λαμϐάνει
2340 5476 2477 5547 πρὸς
2505 5478 2604 5548 τὴν
2634 5475 2799 5530 αὑτοῦ
2826 5476 3193 5547 κραταίωσινο
3223 5473 3283 5526 ού
3311 5474 3419 5544 γάρ
3443 5472 3608 5541 ’Δγα-

2037 5564 2217 5636 ρηνῶν
2248 5568 2409 5639 μόνον
2452 5569 2660 5622 τούτων
2699 5567 2764 5638 δὴ
2792 5566 2899 5620 τῶν
2934 5569 3065 5638 ἡμῖν
3096 5564 3481 5635 γειτονούντων
3518 5563 3606 5618 καὶ

1609 5656 1848 5714 ΫΑΗΙΕ
1880 5656 2284 5717 LEC'I'IONES.

426 5764 805 5840 "spuma/1
839 5767 922 5823 his
961 5765 1137 5835 aptior
1191 5771 1310 5834 post
1354 5756 1694 5831 πραγμάτων
1749 5756 1926 5810 '0‘“-
