3958 6034
268 234 305 299 ’1
324 233 342 298 l
1371 228 1864 291 ΤΗΕΟΡΗΛΝΙεΕ

1970 226 2477 292 DNTINUATUS.
3474 231 3543 296 72

277 360 380 413 tari
422 355 672 428 contigit,
704 365 761 409 ut
787 369 882 409 nec
910 353 1089 410 verbis
1114 353 1333 424 quidem
1367 352 1476 407 illis
1508 350 1692 407 induci
1724 365 1860 419 opus

1970 348 2099 419 μηδὲ
2133 350 2295 419 λόγου
2320 350 2603 421 δεηθῆναι,
2636 352 2732 405 καὶ
2756 352 2873 423 ἅμα
2894 352 3357 423 συστρατεύεσθαι
3379 354 3543 425 ἡγου-

275 453 459 518 t'uerit,
500 466 667 520 seque
698 448 843 503 ultro
874 449 941 501 ad
983 446 1406 517 expugnandam
1453 443 1643 499 urbem
1685 460 1857 515 angn-

272 555 412 601 stam
441 545 492 600 ei
520 546 703 601 socios
731 542 1108 612 adjunxerint.

347 637 435 690 14.
478 635 605 690 Haec
627 636 793 690 citius
825 649 991 704 quam
1024 647 1120 701 par
1149 638 1268 685 erat
1303 629 1626 700 imperatori
1657 627 1856 683 delata:

276 731 484 787 idcirco
510 729 676 783 etiam
705 727 1007 782 exercitum
1038 740 1104 779 ex
1137 723 1373 778 residuis
1404 739 1468 777 ex
1500 722 1652 785 Asia,
1685 721 1729 775 si
1767 720 1861 790 qui

272 824 383 893 jam
410 818 794 890 suppetebant,
829 816 1237 884 nonnullasilue
1271 813 1459 883 copias
1500 813 1768 883 Catacylae
1808 822 1862 865 et

279 913 499 969 Olbiani
542 927 704 981 opera
750 910 926 981 cogit,
986 910 1098 978 jam
1155 909 1258 963 sibi
1307 910 1375 962 de
1423 922 1604 961 rerum
1646 919 1861 960 summa

278 1005 583 1077 periculum
618 1003 755 1059 verti
790 1004 1057 1057 sentiens.
1104 998 1175 1055 At
1220 1017 1398 1071 neque
1426 1000 1625 1055 classis
1669 1013 1858 1053 curam

278 1098 524 1169 negligit,
544 1097 823 1165 multaque
847 1094 1127 1149 celeritate
1152 1094 1442 1149 adversum
1477 1093 1687 1146 hostem
1717 1101 1862 1144 terra

275 1191 525 1261 marique
551 1189 758 1243 educit.
816 1185 873 1240 ln
908 1195 1085 1241 tantas
1118 1196 1300 1241 autem
1336 1188 1619 1256 angustias
1648 1200 1861 1238 rerum-

274 1296 381 1349 que
415 1279 765 1335 diﬂicultates
796 1278 1083 1347 conjectus
1111 1288 1213 1341 est,
1268 1288 1327 1330 ut
1356 1284 1410 1330 et
1449 1275 1683 1330 ferream
1714 1288 1863 1329 cate-

276 1389 401 1427 nam
431 1372 499 1427 ab
532 1386 657 1425 arce
698 1371 765 1423 ad
823 1371 1135 1440 appositum
1169 1384 1199 1423 e
1252 1369 1478 1439 regione
1519 1368 1860 1437 oppidulum,

274 1468 339 1521 ad
371 1467 581 1521 hostem
612 1467 681 1519 ab
705 1464 964 1519 interiore
999 1465 1157 1517 muro
1188 1462 1510 1528 arcendum,
1535 1461 1860 1516 extendcrit.

276 1559 512 1615 Vivebat
541 1567 670 1612 tunc
713 1558 767 1611 in
791 1556 983 1628 Scyro,
1019 1573 1141 1625 quae
1190 1572 1296 1610 una
1337 1565 1421 1611 est
1450 1556 1745 1627 Cycladum
1780 1554 1864 1608 in—

276 1656 549 1719 sularum,
579 1652 664 1705 vir
694 1652 920 1720 quidam
954 1651 1132 1712 exsul,
1166 1650 1369 1718 srepius
1401 1650 1557 1704 ducis
1588 1648 1863 1703 exercitus

274 1746 497 1799 functus
530 1758 776 1807 munere,
802 1742 1023 1813 jamque
1047 1741 1261 1795 infenso
1285 1743 1336 1793 in
1363 1741 1676 1796 Michaelem
1704 1751 1857 1800 actus

274 1839 486 1901 animo,
517 1836 821 1907 Gregorius
859 1837 1115 1889 Ptermus
1160 1835 1404 1899 nomine,
1450 1833 1651 1889 Leonis
1684 1833 1858 1903 impe-

276 1932 478 1985 ratoris
528 1930 919 1996 consobrinus,
960 1929 1100 1982 haud
1140 1929 1212 1983 ita
1246 1927 1454 1997 pridem
1508 1927 1599 1981 illo
1644 1926 1858 1982 sublato

274 2025 547 2095 relegatus
595 2038 660 2078 eo
692 2022 835 2093 quod
880 2022 1160 2077 silentium
1204 2023 1305 2075 sibi
1351 2022 1619 2091 imperare
1649 2021 1860 2075 noluis-

275 2128 377 2183 set,
409 2118 502 2173 sed
539 2132 648 2187 prae
675 2116 890 2173 [errore
925 2117 1093 2169 animi
1118 2132 1183 2169 ac
1208 2116 1406 2170 Leonis
1431 2129 1619 2169 amore
1649 2113 1858 2168 saluta-

275 2219 391 2264 tum
440 2208 759 2264 Michaelem
830 2210 1114 2280 ingressus
1165 2208 1353 2261 multis
1412 2223 1536 2261 eum
1594 2205 1860 2260 conviciis

276 2303 600 2372 aspersissct
646 2318 708 2357 ac
742 2302 851 2372 58
883 2303 1085 2356 caedem
1120 2302 1531 2369 exprobrasset.
1587 2299 1669 2354 Ad
1696 2314 1857 2369 quem

278 2407 405 2449 tunc
431 2393 658 2449 Michael
686 2413 696 2447 :
751 2393 909 2460 Novi,
951 2394 1149 2462 inquit,
1179 2394 1345 2446 animi
1374 2393 1451 2444 tui
1483 2392 1742 2447 mestitiae
1770 2407 1861 2461 pe-

278 2490 428 2555 lagus
460 2503 521 2540 ac
559 2486 797 2539 tristitiae
834 2485 1273 2555 magnitudinem;
1312 2484 1622 2553 jubensque
1650 2484 1861 2553 patien-

278 2589 354 2633 ter
411 2576 556 2633 ferre
596 2592 718 2647 quae
761 2577 1125 2646 contigerant,
1186 2584 1312 2645 post
1353 2574 1592 2629 triduum
1642 2574 1693 2628 in
1737 2589 1857 2627 eam

275 2670 573 2743 Cyeladum
623 2668 856 2723 insulam
910 2682 1037 2721 eum
1085 2667 1368 2736 relegat-it.
1414 2666 1567 2721 Hunc
1605 2666 1729 2720 belli
1764 2680 1859 2720 so-

276 2766 421 2819 cium
443 2763 677 2819 ascitum
697 2762 937 2816 Thomas
956 2761 1245 2815 duodecim
1265 2760 1493 2813 millium
1520 2760 1859 2813 terrestrium

277 2860 557 2927 copiarum
605 2857 806 2925 agmini
849 2853 1114 2923 praefecit.
1163 2853 1406 2907 Classem
1437 2869 1659 2924 quoque
1696 2868 1859 2921 quam

279 2951 544 3004 habuerat
570 2950 866 3011 adornans,
901 2947 1178 3015 aliumque
1219 2946 1267 3000 ei
1311 2946 1505 3000 ducem
1540 2945 1862 3015 pt'mlit‘icns,

279 3047 471 3101 ambos
520 3057 784 3116 tanquam
830 3056 1202 3113 praecursores
1250 3041 1456 3111 regiam
1512 3040 1862 3094 Constantini
1891 3078 1934 3134 Ο

286 3137 479 3190 urbem
520 3143 827 3190 tentaturos
868 3132 1166 3203 przeniittit,
1202 3150 1232 3186 c
1280 3146 1337 3185 re
1382 3147 1479 3185 sua
1523 3130 1639 3185 fore
1678 3133 1866 3185 exisui-

286 3243 463 3293 mans,
504 3228 551 3283 si
580 3235 723 3281 terra
758 3225 920 3281 simul
954 3225 1201 3294 marique
1230 3240 1350 3280 eam
1386 3225 1713 3279 adoriretur.
1752 3224 1867 3280 Hoc

280 3322 371 3377 ubi
407 3323 489 3377 sic
513 3330 727 3391 gestum
761 3325 867 3383 est,
908 3318 1185 3389 simulque
1216 3320 1437 3373 navales
1470 3334 1532 3372 ac
1570 3328 1864 3373 terrestres

279 3411 449 3482 copiae
500 3411 565 3465 ad
607 3409 1035 3465 Blachernarum
1089 3411 1270 3465 sinum
1304 3420 1677 3477 apparuerunt
1708 3409 1867 3479 (nihil

282 3506 434 3558 enim
464 3512 684 3558 extenta
726 3503 898 3560 ferrea
935 3512 1128 3557 catena
1179 3501 1571 3571 impedimento
1619 3502 1723 3555 fuit
1775 3510 1868 3554 ant

284 3599 473 3653 urbem
508 3597 700 3670 juvit),
735 3596 891 3651 nihili
939 3596 1046 3651 illa:
1076 3605 1171 3649 aut
1200 3604 1349 3651 certe
1380 3596 1564 3666 exigui
1606 3598 1867 3650 momen'i

282 3691 414 3745 visu:
443 3697 605 3755 sunt;
644 3689 789 3744 unde
820 3703 920 3742 nec
959 3687 1182 3757 dignum
1224 3685 1428 3755 aliquid
1463 3686 1725 3739 memoria
1748 3701 1868 3756 ges—

283 3792 497 3837 serunt.
525 3781 793 3836 Caeterum
831 3780 1073 3833 Thomas
1101 3781 1217 3848 ipse
1246 3777 1536 3846 arietibus,
1576 3778 1867 3833 testudini-

283 3876 386 3927 bus
421 3874 654 3942 aliisque
712 3871 1004 3933 machinis,
1033 3871 1233 3939 quibus
1253 3885 1443 3925 muros
1478 3871 1870 3925 concutiendus

283 3965 681 4029 arbitrabatur,
733 3978 830 4033 per
884 3963 1151 4033 quosdam
1207 3977 1397 4017 eorum
1448 3962 1682 4018 artiﬁces
1735 3976 1868 4017 cun-

284 4058 536 4121 structis,
593 4058 659 4111 ad
717 4057 831 4113 haec
885 4065 1066 4109 autem
1120 4056 1417 4111 Anastasio
1457 4055 1714 4126 quodam,
1775 4057 1869 4126 qui

283 4151 498 4219 (iurato
534 4149 787 4202 monachi
839 4149 1093 4203 instituto
1126 4149 1288 4218 paulo
1328 4160 1455 4202 ante
1505 4148 1571 4203 ad
1603 4158 1869 4204 veterato-

289 4242 427 4296 riam
478 4255 544 4295 ac
591 4240 913 4296 saecularem
966 4241 1134 4294 vitam
1169 4240 1485 4305 transierat,
1528 4241 1630 4295 atri
1672 4241 1871 4296 coloris

292 4345 461 4403 atque
505 4332 673 4387 animi
711 4332 765 4387 in
800 4330 968 4386 lilium
1014 4332 1274 4402 adoptato
1297 4343 1351 4389 et
1390 4343 1647 4389 consorte
1689 4344 1873 4405 tyran-

1967 441 2113 511 μένῳ
2144 444 2284 497 κατὰ
2326 444 2424 513 τὴν
2459 442 2869 513 βασιλεύουσαν.

2038 624 2120 680 ιδ’.
2154 627 2268 679 Οὐκ
2315 627 2505 681 ἔλαθεν
2561 623 2657 682 οὖν
2686 630 2861 683 ταῦτα
2893 630 3088 683 Θᾶττον
3121 629 3153 701 ἢ
3187 628 3291 683 ἔδει
3320 630 3415 683 τὸν
3445 628 3543 700 βα-

1964 717 2116 771 σιλέα
2146 734 2160 749 ⁶
2201 718 2323 771 ὅθεν
2352 722 2444 773 καὶ
2472 723 2704 792 στρατόν
2730 740 2850 775 τινα
2877 725 2941 775 ὲκ
2964 723 3071 775 τῶν
3096 723 3196 793 ήδη
3234 742 3337 776 που
3374 737 3544 775 καται

1961 810 2336 881 λελειμμένων
2363 816 2425 866 ἐκ
2461 816 2560 883 τῆς
2603 816 2787 877 Ἀσίας
2811 817 3131 884 ἐπισυνάγει
3161 817 3254 868 καὶ
3285 816 3543 885 δυνάμεις

1962 902 2113 967 τινὰς
2148 905 2234 957 διὰ
2257 904 2352 958 τοῦ
2380 908 2674 960 Κατάκυλα
2716 911 2810 961 καὶ¹
2852 909 3130 962 Ὀλϐιανοῦ
3171 910 3541 980 συναθροίζει.

1963 996 2055 1049 τὸν
2096 998 2354 1068 περὶτῆς
2406 998 2683 1067 βασιλείας
2712 1000 2813 1071 ἢδη
2849 1000 3095 1054 κίνδυνον
3137 1001 3341 1063 δεδιώς.
3404 1001 3545 1055 Ἀλλ’

1964 1089 2085 1143 οὐδὲ
2128 1088 2222 1142 τοῦ
2272 1094 2411 1144 κατὰ
2451 1091 2729 1145 θάλασσαν
2786 1094 2981 1162 ἡμέλει
3013 1094 3270 1163 στρατοῦ,
3296 1097 3449 1164 τάχει
3486 1095 3545 1147 δὲ

1966 1181 2147 1253 πολλῷ
2182 1183 2320 1252 πρὸς
2351 1186 2451 1254 τὴν
2485 1184 2698 1238 ἐκείνου
2726 1185 2869 1238 κατὰ
2896 1185 3003 1254 γῆν
3032 1203 3090 1237 τε
3142 1189 3236 1239 καὶ
3271 1185 3545 1239 θάλατταν

1966 1273 2051 1346 μ’.
2084 1274 2177 1346 57]
2212 1274 2783 1347 ἀντιπαρεσκευάζετο
2816 1276 3064 1344 δύναμιν.
3098 1277 3189 1339 Είς
3238 1276 3460 1330 τοσοῦτο
3488 1280 3545 1331 δὲ

1964 1360 2066 1436 ἦκε
2120 1368 2415 1437 δυσεργίας
2478 1370 2573 1421 καὶ
2619 1368 3001 1438 περιστάσεως
3047 1369 3120 1430 ὡς
3179 1372 3273 1422 καὶ
3322 1370 3547 1440 σιδηρᾶν

1966 1461 2157 1513 ἅλυσιν
2202 1459 2261 1522 ἐξ
2298 1460 2650 1528 ἀκροπόλεως
2696 1462 2773 1523 εἰς
2801 1461 2863 1513 τὸ
2904 1464 3238 1532 καταντικρὺ
3272 1464 3543 1531 πολίχνιον

1965 1555 2302 1618 ἐπεκτεῖναι,
2336 1555 2435 1623 τὴν
2476 1553 2678 1607 ἔσωθεν
2709 1556 2911 1608 ἄϐατον
2946 1557 3130 1626 τηρῶν
3163 1557 3304 1611 ὁδόν.
3343 1552 3455 1610 Ἦν
3486 1558 3543 1611 δέ

1965 1664 2048 1708 τις
2091 1647 2147 1699 ὲν
2200 1645 2394 1717 Σκύρῳ
2441 1650 2590 1717 νήσῳ
2645 1649 2752 1700 τῶν
2803 1649 3099 1703 Κυκλάδων
3138 1652 3236 1721 μιᾷ
3275 1650 3544 1714 πολλάκις

1965 1740 2394 1809 ἐσιρατηγηκὼς
2424 1743 2563 1812 ἀνὴρ
2591 1742 2905 1813 ὑπερόριος,
2960 1743 3088 1813 ἄρτι
3122 1742 3179 1796 δὲ
3206 1742 3285 1815 τῷ
3325 1744 3545 1817 Μιχαὴλ

1965 1834 2042 1894 είς
2076 1833 2303 1903 πικρίαν
2332 1833 2509 1902 ψυχῆς
2541 1834 2873 1903 ἀφικόμενος
2908 1852 2922 1864 ·
2968 1833 3139 1906 ὄνομα
3186 1833 3362 1906 τούτῳ
3402 1837 3545 1907 Γρη-

1965 1925 2149 1994 γόριος
2180 1926 2207 1977 ό
2248 1923 2390 1976 οὕτω
2428 1925 2721 1994 λεγόμενος
2759 1926 3062 1996 Πτερωτδς,
3116 1926 3184 2006 ὃς
3228 1928 3545 1997 ἀδελφιδοῦς

1969 2017 2069 2083 μὲν
2100 2015 2365 2085 ὑπάρχων
2391 2016 2483 2069 τοῦ
2529 2018 2777 2085 Λέοντος,
2825 2019 2950 2091 ἄρτι
2998 2019 3056 2072 δὲ
3096 2020 3288 2074 τούτου
3324 2023 3545 2093 ἀναιρε-

1967 2108 2146 2171 θέντος
2185 2110 2475 2180 ὑπερόριος
2496 2109 2727 2177 γίνεται,
2763 2112 2846 2164 ὅτι
2877 2110 2952 2182 μὴ
2978 2115 3104 2183 σιγῇ
3122 2153 3138 2179 ,
3170 2113 3367 2185 ζεούσῃ
3393 2114 3451 2167 δὲ
3478 2118 3545 2187 τῇ

1966 2202 2164 2275 καρδίᾳ
2184 2204 2279 2256 καὶ
2314 2204 2465 2273 φιλίᾳ
2480 2203 2574 2257 τοῦ
2600 2205 2851 2269 Λέοντος,
2886 2208 3286 2279 προσκυνήσων
3314 2210 3405 2263 τὸν
3445 2212 3549 2264 Μια-

1966 2295 2106 2365 χαὴλ
2156 2295 2543 2365 εἰσερχόμενος
2575 2295 2792 2360 πολλοῖς
2831 2299 3158 2369 ὀνειδισμοῖς
3199 2302 3361 2356 αὐτὸν
3392 2321 3548 2373 περι-

1968 2388 2176 2454 έϐαλεν,
2202 2391 2292 2441 τὸν
2319 2389 2478 2457 φόνον
2512 2389 2694 2459 φέρων
2723 2390 2832 2443 τῶν
2880 2391 3191 2462 λεγομένων
3219 2397 3546 2467 κατήγορον.

1968 2476 2039 2552 ’ῼ
2068 2482 2287 2553 Μιχαὴλ
2314 2483 2444 2545 τότε
2476 2482 2578 2553 μὲν
2606 2484 2775 2537 είπὼν
2795 2524 2809 2548 ,
2848 2484 2992 2539 Οἷδὰ
3014 2503 3132 2539 σου
3162 2486 3267 2553 τῆς
3294 2488 3548 2556 ἀθυμίας

1968 2571 2034 2625 τὸ
2089 2572 2352 2643 πέλαγος
2398 2572 2497 2627 καὶ
2547 2572 2656 2641 τῆς
2705 2574 2907 2641 ,ιύπης
2962 2576 3028 2629 τὸ
3051 2576 3326 2648 μέγεθος,
3359 2579 3549 2650 φέρειν

1969 2665 2239 2736 ἐπέτρεπε
2294 2666 2363 2719 τὰ
2417 2666 2688 2736 γενόμενα
2734 2684 2748 2698 ο
2785 2667 2978 2739 τρίτης
3034 2669 3091 2721 δὲ
3149 2672 3549 2742 παρῳχηκυίας

1969 2760 2179 2829 ἡμέρας
2206 2759 2345 2812 κατὰ
2368 2759 2457 2813 τὸν
2478 2761 2770 2831 είρημένον
2800 2762 2963 2815 τόπον
2993 2762 3102 2815 τῶν
3131 2764 3430 2819 Κυκλάδων
3448 2784 3547 2818 πε·-

1970 2853 2199 2922 ποίηκεν
2227 2854 2539 2924 ὑπερόριον.
2590 2851 2791 2907 Τοῦτον
2827 2855 3247 2926 ἑταιρισάμενος
3274 2858 3302 2910 ὁ
3349 2861 3549 2930 Θωμᾶς

1974 2944 2383 3013 στρατεύματος
2427 2962 2573 3008 τινος
2605 2946 2697 3000 τοῦ
2748 2946 2890 3000 κατὰ
2921 2947 3025 3017 γῆν
3050 2948 3179 3002 ὡσεὶ
3210 2950 3257 2980 ⁸⁸
3306 2949 3553 3020 χιλιάδας

1973 3037 2103 3090 δέκα
2138 3038 2409 3103 ἀνέδειξεν
2445 3041 2773 3110 στρατηγόν.
2820 3040 2930 3094 Καὶ
2958 3041 3050 3093 τὸν
3083 3042 3223 3095 κατά
3272 3042 3552 3099 θάλασσαν

1966 3132 2022 3185 δὲ
2046 3134 2230 3186 στόλον
2248 3132 2395 3204 αὐτῷ
2421 3134 2715 3205 γενόμενον
2741 3136 3208 3208 εὐτρεπισάμενος
3231 3138 3347 3209 [καὶ
3364 3141 3553 3213 ἕτερον

1967 3224 2118 3294 αὐτῷ
2154 3226 2459 3295 ἐπιστήσας
2499 3226 2829 3299 στρατηγὸν]
2866 3224 2977 3280 οἷόν
3008 3246 3157 3292 τινας
3212 3231 3552 3302 προδρόμους

1970 3319 2298 3388 ἐξέπεμψεν,
2332 3319 2613 3389 ὠφέλιμον
2640 3316 2777 3374 εἶναι
2822 3320 3015 3393 κρίνας
3044 3322 3139 3377 τοῦ
3180 3328 3321 3377 κατὰ
3352 3326 3457 3394 γῆν
3488 3344 3550 3380 τε

1970 3411 2065 3465 καὶ
2096 3410 2372 3465 Θάλασσαν
2407 3411 2525 3481 ἅμα
2567 3412 2839 3467 ποιεῖσθαι
2872 3413 2972 3479 τὰς
3023 3417 3355 3487 προσϐολάς.
3389 3418 3553 3473 Γενο-

1973 3504 2133 3573 μένου
2161 3505 2217 3557 δὲ
2250 3505 2444 3559 τούτου
2476 3506 2571 3560 καὶ
2604 3507 2749 3561 κατὰ
2779 3509 2980 3564 ταυτὸν
3007 3510 3396 3578 ἁναφανέντων
3442 3512 3557 3565 τῶν

1971 3596 2243 3649 ναυτικῶν
2275 3598 2369 3648 καὶ
2402 3596 2647 3661 πεζικῶν
2683 3598 2970 3667 δυνάμεων
3002 3602 3059 3653 ὲν
3110 3600 3187 3670 τῷ
3228 3600 3370 3671 πρὸς
3413 3602 3554 3655 Βλα-

1971 3693 2189 3760 χέρναις
2225 3689 2411 3761 κόλπῳ
2437 3691 2578 3760 (οὐδὲ
2616 3691 2725 3761 γὰρ
2757 3691 3014 3762 οὐδεμίαν
3044 3692 3283 3749 κώλυσιν
3342 3697 3375 3769 ἦ
3428 3696 3553 3768 βοή-

1970 3780 2123 3835 θειαν
2149 3783 2183 3853 ἡ
2208 3780 2592 3853 ἰξαρτισθεῖσα
2636 3784 2838 3856 σιδηρᾶ
2870 3787 3033 3858 σειρὰ
3065 3788 3428 3861 ἐπεδέδεικτο)
3473 3792 3554 3855 είς

1971 3873 2183 3944 οὐδὲνῆ
2216 3874 2411 3944 μικρὸν
2440 3876 2472 3945 ὴ
2504 3874 2711 3929 τούτων
2743 3879 3019 3949 παρουσία
3060 3878 3341 3949 λελόγιστο
3364 3899 3380 3915 ο
3431 3882 3556 3938 ὅθεν

1971 3967 2081 4020 οὐδ’
2122 3966 2404 4035 ἀξιόλογόν
2451 3985 2503 4021 τι
2545 3968 2679 4039 παρ’
2715 3970 2898 4034 αὐτοῖς
2956 3972 3295 4043 ἐπέπρακτο.
3348 3976 3493 4048 Πλὴν
3526 3980 3556 4031 ὁ

1971 4060 2171 4131 Θωμᾶς
2201 4061 2386 4132 κριοὺς
2427 4062 2521 4114 καὶ
2554 4062 2793 4132 χελώνας
2837 4064 2930 4119 καί
2962 4083 3115 4130 τινας
3142 4068 3440 4136 ἑλεπόλεις,
3487 4072 3556 4125 δι’

1971 4144 2128 4205 «Ima
2156 4152 2309 4222 τείχη
2324 4150 2461 4220 ῷετο
2481 4156 2813 4219 κατασείειν,
2838 4154 2927 4209 διά
2942 4172 3105 4210 τινων
3134 4161 3556 4226 κατασκευάσας

1978 4242 2398 4315 μηχανουργῶν,
2438 4246 2575 4316 πρὸς
2603 4244 2659 4299 δὲ
2689 4248 2782 4302 καί
2805 4266 2929 4303 τινα
2964 4249 3318 4308 Ἀναστάσιον
3340 4254 3467 4324 ἄρτι
3490 4255 3556 4327 δὴ

1974 4337 2065 4389 τδν
2130 4336 2242 4389 τῶν
2298 4336 2553 4408 μοναχῶν
2612 4338 2984 4409 ἀλλαξάμενον
3035 4340 3150 4412 βίον
3204 4344 3298 4395 καὶ
3349 4348 3429 4409 είς
3463 4346 3556 4401 τὸν

286 4427 428 4481 nidis
480 4427 819 4490 renuntiato,
871 4427 1183 4498 ingentibus
1239 4429 1417 4501 copiis
1458 4443 1864 4499 numerosoque

1970 4429 2265 4502 ἀγυρτικὸν
2289 4430 2479 4485 τοῦτον
2522 4429 2588 4504 δὴ
2628 4432 2721 4486 καὶ
2775 4435 3052 4488 πολιτικὸν
3110 4436 3555 4509 ὑποστρέψαντα,

286 4520 461 4574 fretus
490 4518 759 4583 exercitu,
790 4518 858 4573 ad
896 4519 1098 4590 regiam
1127 4520 1319 4574 urbem
1344 4521 1606 4575 advectus
1636 4528 1740 4584 est,
1778 4537 1871 4575 ra-

288 4621 375 4667 tus
404 4612 568 4667 simul
599 4620 763 4679 atque
807 4612 875 4666 ad
910 4612 1099 4666 urbem
1128 4614 1479 4677 accessisset,
1534 4626 1719 4684 portas
1768 4616 1871 4687 ipsi

288 4712 597 4760 reseratum
640 4703 730 4758 iri.
774 4701 877 4758 Ubi
928 4716 1113 4760 autem
1164 4705 1302 4758 nihil
1342 4718 1575 4761 eventus
1622 4707 1743 4776 ejus
1779 4721 1875 4762 ex-

288 4794 621 4863 spectationi
656 4795 964 4866 respondit,
992 4795 1101 4867 59
1122 4812 1424 4868 eorumque
1450 4799 1633 4869 potius
1661 4800 1875 4869 probris

286 4888 708 4956 eomplnebatur
738 4902 807 4943 ac
852 4888 1179 4953 maledictis,
1239 4897 1355 4943 tum
1401 4891 1623 4945 demum
1670 4900 1867 4961 praeto-

289 4982 434 5035 rium
465 4982 765 5037 tentorium
799 4980 1116 5050 vallumque
1147 4982 1215 5037 ad
1246 4980 1458 5036 Paulini
1494 4982 1657 5047 aedes,
1694 4984 1783 5037 ubi
1819 4994 1874 5040 ct

287 5072 683 5127 venerabilium
725 5075 1133 5144 Anargyrorum
1162 5074 1450 5130 delubrum
1477 5075 1662 5144 palatii
1696 5075 1871 5133 instar

287 5175 638 5220 exstructum
674 5176 778 5231 est,
829 5166 949 5221 ﬁxit
983 5168 1309 5239 muniitque.
1345 5166 1621 5223 Destinata
1652 5184 1874 5240 quoque

290 5265 442 5326 parte
468 5259 749 5317 exercitus
778 5274 1003 5316 omnem
1029 5261 1096 5315 ad
1124 5260 1394 5317 Euxinum
1423 5276 1595 5332 usque
1620 5259 1875 5318 Hierum-

292 5366 401 5418 que
454 5352 731 5420 regionem
782 5361 948 5424 atque
1009 5355 1093 5409 his
1130 5354 1390 5410 ulteriora
1423 5354 1621 5425 oppida
1652 5356 1871 5420 invasit,

288 5443 355 5494 a-l
402 5439 766 5497 defectionem
816 5459 1044 5516 cogens,
1084 5461 1150 5501 nc
1182 5453 1342 5515 quem
1374 5461 1404 5499 a
1461 5454 1615 5518 tergo
1659 5447 1871 5501 hostem

289 5537 582 5597 pateretur.
640 5531 736 5585 His
793 5533 865 5588 ita
906 5550 969 5589 ex
1019 5536 1207 5591 animo
1242 5537 1580 5601 constitutis,
1615 5538 1744 5592 dum
1780 5555 1872 5608 ap-

1972 4523 2181 4595 μέλανα
2219 4524 2319 4594 τὴν
2349 4525 2563 4597 χροιὰν,
2600 4524 2811 4594 μέλανα
2850 4527 2951 4600 τὴν
2980 4528 3181 4601 ψυχὴν,
3233 4532 3558 4603 υίοθετήσας

1972 4616 2067 4671 καὶ
2092 4616 2455 4683 συγκοινωνδν
2478 4617 2578 4686 τῆς
2600 4619 2904 4689 ἀνταρσίας
2935 4623 3311 4692 ἀναγορεύσας
3330 4665 3343 4689 ,
3378 4624 3559 4697 πολλῷ

1974 4706 2190 4781 στρατῷ
2236 4710 2328 4761 καὶ
2368 4707 2599 4777 δυνάμει
2635 4710 2778 4779 ῥέων
2826 4713 2968 4766 κατὰ
3021 4714 3120 4782 τῆς
3164 4714 3557 4789 βασιλευούσης

1974 4799 2348 4870 προσήλαυνεν
2373 4840 2387 4863 ,
2423 4800 2540 4870 ἃμα
2581 4800 2638 4853 δὲ
2689 4802 2767 4874 τῷ
2813 4804 2892 4866 είς
2933 4804 3056 4874 δψιν
3088 4808 3393 4879 ὲποφϐἧναι
3447 4811 3557 4865 τῶν

1978 4890 2211 4945 πολιτῶν
2241 4893 2338 4957 τὰς
2370 4890 2543 4955 πύλας
2567 4892 2715 4965 αὐτῴ
2740 4896 3083 4952 ἀναπετάσαι
3111 4902 3376 4971 οἰόμενος,
3407 4903 3558 4974 μίσει

1976 4983 2040 5053 δὴ
2071 4982 2149 5054 τῷ
2185 4986 2322 5055 πρὸς
2374 4984 2611 5055 Μιχαὴλ.
2683 4986 2836 5042 Ἐπεὶ
2866 4989 2924 5042 δὲ
2970 4991 3173 5063 ταύτης
3214 4994 3313 5064 τῆς
3343 4996 3556 5061 ἐλπίδος

1978 5075 2251 5142 διέπεσεν,
2283 5075 2482 5147 μᾶλλον
2512 5078 2611 5148 μὲν
2643 5075 2738 5133 οὖν
2760 5082 2854 5135 καὶ
2880 5080 3073 5154 ὐδρισι
3096 5084 3300 5141 τούτων
3332 5089 3426 5141 καὶ
3451 5090 3557 5144 λοιο

1978 5168 2184 5239 δορίαις
2242 5168 2523 5234 ἰπλύνετο,
2589 5170 2709 5225 τότε
2772 5173 2875 5242 μὲν
2918 5175 2984 5248 δὴ
3032 5177 3129 5248 τὴν
3188 5183 3557 5254 στρατηγικὴν

1976 5260 2182 5331 σκηνὴν
2203 5262 2296 5313 καὶ
2318 5262 2411 5315 τὸν
2442 5261 2660 5333 χάρακα
2692 5268 2835 5320 κατά
2862 5267 2954 5322 τὸν
2978 5268 3069 5322 τοῦ
3094 5271 3362 5327 Παυλίνου
3384 5269 3554 5341 οἷκον,

1971 5351 2102 5405 ῑνθα
2134 5351 2199 5423 δὴ
2233 5352 2411 5405 καὶτὸ
2438 5353 2548 5407 τῶν
2597 5354 2911 5425 σεϐασμίων
2943 5358 3294 5430 Ἀναργύρων
3327 5363 3556 5432 τέμενος

1972 5438 2084 5499 οἷόν
2140 5460 2192 5495 τι
2230 5444 2532 5515 ἀνάκτορον
2585 5446 2974 5518 ᾠκιδόμηται,
3020 5451 3363 5525 ὲγκατέπηξε
3391 5496 3404 5518 ,
3457 5454 3557 5507 καὶ

1976 5539 2157 5591 πάντα
2179 5536 2268 5589 τὸν
2309 5536 2435 5609 ἄχρι
2460 5539 2713 5607 Εὐξείνου
2746 5542 2909 5596 τόπον
2944 5545 3039 5599 καὶ
3090 5544 3258 5615 Ἱεροῦ
3295 5546 3387 5601 καὶ
3444 5547 3554 5601 τῶν
3591 5561 3594 5564 '

1612 5631 1846 5689 VARI/IS
1884 5631 2287 5691 LECTlONES.

362 5716 407 5746 ³⁸⁵
436 5715 508 5779 ὡς
536 5718 655 5781 είςῖ
