3958 6034
341 230 408 293 73
1346 231 1491 294 LIB.
1535 231 1616 292 II.
1650 253 1719 268 -
1745 225 1910 293 Μῐει

2013 228 2086 291 ξι
2119 228 2613 292 AMORIENSIS.
3532 229 3604 296 τι

340 346 647 420 περαιτέρω
694 345 761 417 δὴ
818 346 1027 404 τοῦτων
1078 345 1370 418 πολιχνίων
1409 345 1614 417 ιπῆ).θε
1645 345 1735 400 διὰ
1773 361 1910 409 τινος

2025 346 2240 415 paratui
2285 345 2597 416 castrisque
2644 344 3038 414 componendis
3066 343 3183 400 dies
3210 345 3419 415 aliquot
3448 347 3604 403 insu-

339 442 740 516 στρατεύματος
797 441 1005 498 πείσων
1031 483 1049 510 ,
1090 442 1187 498 καὶ
1238 441 1316 513 μή
1364 458 1488 496 τινα
1529 442 1675 513 ἔχειν
1713 440 1820 495 ὑπὸ
1871 441 1917 474 ⁸⁷

335 536 501 591 νώτου
537 535 621 609 μ’.
652 534 749 607 38]
784 534 1000 608 ἐχθρόν.
1048 535 1204 590 Ἐπεὶ
1251 534 1308 590 δὲ
1357 535 1534 590 ταῦτα
1589 534 1734 589 κατὰ
1792 532 1920 588 νοῦν

2025 435 2146 502 mit,
2176 434 2329 491 velut
2353 451 2384 490 e
2420 433 2640 506 specula
2671 433 2994 490 Michaelem
3030 435 3178 492 videt
3217 437 3342 492 belli
3382 437 3603 509 signum

2025 529 2078 583 in
2107 527 2496 583 Blacheruensi
2531 525 2776 598 Deipam
2814 535 2961 584 tecto
2990 527 3250 599 deligere,
3283 540 3446 599 atque
3478 529 3604 587 inde

332 629 472 701 ἔχειν
503 629 682 683 ἐδόκει
727 627 900 700 αὐτῷ,
934 629 1090 694 τινὲς
1127 629 1346 700 ἡμέρας
1378 628 1516 699 πρὸς
1561 627 1910 701 παρασκευὴν

2022 622 2172 679 vires
2199 624 2468 680 adversus
2493 621 2684 679 hostes
2712 621 3010 694 deposcere
3043 623 3258 695 sibique
3284 640 3599 698 corrogare.

330 724 450 786 δοὺς
478 720 686 791 ἑαυτῷ,
717 721 799 785 ὡς
832 721 911 778 εκ,
936 738 1082 785 τινος
1116 721 1370 774 ἀπόπτου
1409 720 1628 774 κατεῖδε
1667 719 1761 774 τὸν
1817 719 1910 790 μιν

2023 715 2256 787 eiusque
2301 714 2476 774 lilium
2518 714 2882 788 Theophilum
2914 732 3044 772 unao
3061 733 3188 774 cum
3223 732 3380 772 sacro
3407 720 3600 774 ordine

334 813 555 883 Μιχαὴλ
589 813 652 866 τδ
683 811 982 882 πολεμικὸν
1029 815 1258 883 σημεῖον
1303 813 1396 866 ἐπὶ
1435 811 1630 882 τέγους
1679 809 1776 866 τοῦ
1816 811 1918 880 τῆς

328 905 590 959 Θεοτόκου
613 904 744 959 ναοῦ
774 903 1212 975 καταπεπηγότα
1240 903 1498 958 κάκεῖθεν
1517 902 1615 974 τὴν
1642 901 1785 958 κατὰ
1807 902 1917 955 τῶν

326 997 585 1050 ἐναντίων
618 997 774 1067 ἰσχὺν
798 995 1126 1067 αἰτούμενόν
1147 1012 1209 1049 τε
1257 995 1356 1050 καὶ
1385 994 1880 1066 προσλαμϐάνοντα
1900 1032 1916 1060 ,

324 1090 412 1143 τὸν
431 1089 477 1143 δ’
504 1091 621 1143 υἱὸν
647 1088 816 1143 αὑτοῦ
849 1088 944 1142 τὸν
972 1088 1236 1157 Θεόφιλον
1260 1089 1439 1144 πάντα
1462 1088 1552 1143 τδν
1573 1088 1675 1156 τῆς
1707 1089 1917 1153 πόλεως

325 1181 611 1253 περίῦολον
648 1183 786 1252 μετὰ
814 1182 907 1236 τοῦ
940 1181 1087 1252 ἱεροῦ
1115 1183 1401 1252 τάγματος
1430 1181 1826 1252 δπιφοιτῶντα,
1856 1181 1918 1235 τό

323 1293 383 1330 τε
412 1275 683 1340 ζωοποιδν
716 1275 812 1330 τοῦ
846 1275 1082 1347 σταυροῦ
1113 1274 1271 1340 ξύλον
1294 1274 1692 1345 ἐπιφερόμενον
1706 1275 1801 1328 καὶ
1816 1274 1918 1344 τὴν

324 1369 528 1438 ἐσθῆτα
583 1368 689 1439 τῆς
743 1370 1021 1437 πανάγνου
1083 1366 1290 1440 μητρὸς
1339 1366 1579 1438 Χριστοῦ
1631 1364 1732 1420 τοῦ
1777 1364 1916 1420 Θεοῦ

324 1461 501 1531 ἡμῶν,
538 1461 623 1526 είς
643 1459 845 1532 πολλὴν
876 1459 978 1530 μὲν
1010 1459 1122 1513 τῶν
1152 1459 1501 1530 πραγμάτων
1528 1457 1916 1512 δυσελπιστίαν

325 1556 418 1609 καὶ
447 1552 496 1586 ⁸⁸
526 1555 789 1615 παντοῖος
836 1553 1058 1621 ἐγένετο
1104 1552 1206 1622 τὴν
1250 1549 1481 1622 γνώμην
1513 1551 1654 1605 κατά
1685 1549 1781 1604 τὸν
1817 1567 1917 1621 χασ-

2024 808 2178 866 urbis
2210 810 2478 866 ambitum
2508 824 2732 866 omnem
2761 815 2928 879 atque
2964 811 3168 867 mteuia
3187 812 3498 877 circumire,
3535 827 3602 868 ac

2024 910 2139 958 tum
2191 904 2473 960 viviticum
2520 903 2709 960 crucis
2737 903 2946 970 lignum
2984 911 3102 960 tum
3144 905 3362 961 intacta:
3393 906 3600 962 Christi

2024 995 2118 1050 Dei
2171 996 2348 1052 nostri
2397 999 2643 1066 parentis
2691 1006 2898 1053 vestem
2945 997 3330 1054 circumferre.
3387 999 3458 1054 Ea
3514 1015 3604 1055 res

2020 1088 2140 1159 ejus
2199 1089 2442 1147 maxime
2497 1106 2624 1161 spes
2672 1090 2904 1161 deiecit,
2957 1091 3482 1160 chamaeleontisque
3545 1094 3599 1146 in

2020 1195 2232 1238 rnorem
2283 1184 2682 1254 cogitationum
2724 1193 2863 1238 astu
2908 1183 3096 1240 varius
3138 1199 3451 1256 ancepsque
3483 1201 3605 1255 age-

2018 1274 2202 1340 batur,
2253 1275 2525 1348 siquidem
2575 1278 2652 1332 illi
2700 1293 2811 1333 non
2843 1277 3005 1332 modo
3031 1290 3222 1334 contra
3257 1279 3446 1334 hostes
3471 1279 3603 1332 visi-

2020 1368 2156 1424 biles
2183 1369 2278 1425 aed
2311 1376 2369 1425 ct
2396 1381 2590 1425 contra
2621 1372 2931 1441 inaspectos
2955 1371 3224 1441 quasdam
3251 1371 3602 1426 fortitudines

2020 1476 2203 1532 pugna
2241 1463 2580 1518 conserenda
2625 1472 2766 1519 erat.
2825 1461 2918 1518 Sic
2950 1464 3137 1533 itaque
3165 1464 3385 1518 consilii
3424 1463 3602 1518 incer-

2018 1567 2130 1623 tus,
2166 1557 2272 1613 etsi
2298 1557 2500 1628 alioqui
2535 1566 2617 1613 tot
2657 1559 2936 1627 tantisque
2969 1559 3145 1627 copiis
3176 1556 3372 1621 fretus,
3410 1572 3598 1614 earum

326 1641 642 1715 μαιλέοντα,
696 1642 813 1711 εἴγε
869 1641 945 1714 μὴ
979 1639 1116 1712 πρὸς
1150 1642 1382 1711 όρατοίδς
1433 1639 1595 1711 μόνον
1632 1639 1770 1694 ἀλλὰ
1817 1639 1910 1694 καὶ

2019 1650 2254 1707 iudicem
2284 1650 2685 1722 cogitationum
2731 1650 2925 1707 Martis
2952 1652 3129 1706 aleam
3171 1649 3288 1707 fore
3329 1650 3599 1708 decernit.

323 1736 585 1806 ἁοράτους
628 1735 780 1800 τινὰς
813 1734 1076 1804 δυνάμεις
1111 1734 1482 1803 ἀναγκάζοιτο
1523 1731 1912 1805 διαμάχεσθαι.

323 1827 434 1884 οὐκ
463 1830 607 1901 ῑχων
638 1828 686 1883 δ’
712 1829 742 1881 ὅ
763 1847 816 1883 τι
846 1829 940 1883 καὶ
972 1828 1258 1900 πράξειεν,
1288 1827 1468 1891 ἄλλως
1489 1844 1547 1881 τε
1565 1827 1625 1880 δὲ
1655 1827 1750 1881 καὶ
1771 1826 1916 1897 ὄχλῳ

320 1924 382 1994 δὴ
409 1921 657 1993 τοσούτῳ
706 1921 1104 1994 τεθαρρηκὼς,
1145 1921 1241 1975 τὸν
1290 1920 1380 1974 διὰ
1437 1920 1622 1991 μάχης
1698 1919 1915 1991 ἔκρινεν

321 2017 504 2082 ἀγῶνα
527 2015 642 2069 τῶν
662 2015 926 2069 τοιούτων
953 2015 1020 2083 δὴ
1049 2013 1333 2084 λογισμῶν
1381 2010 1638 2081 γενέσθαι
1689 2010 1910 2082 κριτήν.

322 2102 485 2158 Ὅθεν
514 2105 582 2177 τῇ
622 2104 751 2175 ἑξῆς
798 2104 1010 2176 άματῷ
1063 2103 1207 2172 φωτὶ
1242 2103 1494 2174 σημάνας
1551 2101 1615 2155 τδ
1666 2103 1917 2156 ἐνυάλιον

322 2200 442 2262 τοὺς
457 2197 666 2269 ἄνδρας
696 2198 885 2268 ἐξῆγε,
915 2199 1013 2252 καὶ
1044 2196 1126 2266 τῷ
1157 2197 1258 2267 μὲν
1276 2195 1383 2269 υίῷ
1413 2195 1555 2250 κατὰ
1589 2195 1683 2250 τὸν
1735 2198 1795 2250 ιν
1843 2198 1912 2268 τῇ

323 2291 499 2360 χέρσῳ
531 2289 636 2344 τοῦ
663 2289 877 2360 τείχους
899 2289 1189 2362 περίϐολον
1211 2289 1398 2358 φέρειν
1425 2285 1522 2342 τδν
1557 2287 1794 2358 πόλεμον
1816 2288 1914 2342 καὶ

321 2383 414 2454 τὴν
436 2383 690 2453 ἀνάγκην
716 2383 1048 2454 ἐπέτρεπεν.
1071 2382 1240 2446 αὐτὸς
1269 2379 1326 2436 δὲ
1359 2379 1421 2434 τὸ
1455 2379 1592 2434 πολὺ
1624 2379 1732 2434 τῶν
1753 2378 1913 2433 δυνά-

324 2491 465 2545 μεων
498 2477 599 2530 καὶ
627 2473 740 2528 τῶν
772 2473 1088 2545 πολεμικῶν
1117 2474 1390 2542 ὀργάνων,
1415 2471 1488 2526 δι’
1519 2464 1597 2525 ὧν
1631 2469 1825 2541 ἔμελλε
1852 2471 1913 2524 τὸ

321 2572 492 2640 τεῖχος
521 2567 958 2638 καταπειράζειν
985 2567 1087 2637 τῆς
1128 2567 1361 2629 πόλεως,
1415 2558 1556 2636 ἔχων
1595 2562 1739 2619 κατὰ
1782 2564 1911 2628 τοὺς

322 2663 425 2716 τῶν
459 2661 787 2732 Βλαχερνῶν
836 2659 1078 2730 πύργους
1127 2652 1366 2713 εποιεῒτο
1420 2659 1521 2729 τὴν
1575 2655 1906 2729 προσϐολὴν,

324 2754 596 2826 κλίμακάς
630 2769 694 2806 τε
736 2752 815 2824 τῷ
846 2750 972 2821 ὕψει
1020 2751 1348 2824 προσφέρων
1381 2749 1762 2819 άναλογούσας
1814 2749 1912 2804 καὶ

319 2845 560 2917 χελώνας
590 2843 816 2898 ἄλλοθεν
863 2843 959 2897 καὶ
987 2842 1254 2915 ἑτέρωθεν
1287 2844 1414 2906 τοὺς
1466 2842 1679 2913 κριοὺς,
1723 2839 1912 2908 τοξεύο

321 2938 448 3010 μασί
477 2956 539 2993 τε
578 2938 674 2992 καὶ
722 2937 1074 3008 πετροὸόλοις
1105 2936 1444 3007 πανταχόθεν
1490 2934 1792 3007 χρώμενος,
1827 2929 1908 2998 οἷς

2021 1743 2202 1800 Prima
2251 1745 2436 1813 itaque
2485 1745 2595 1800 diei
2644 1743 2989 1815 insequentis
3028 1745 3151 1801 luce
3200 1745 3332 1802 dato
3367 1745 3601 1802 classico

2017 1852 2157 1894 suos
2176 1839 2378 1895 castris
2405 1837 2616 1903 educit;
2646 1852 2714 1893 ac
2744 1839 2857 1893 tilio
2881 1839 3100 1909 quidem
3134 1848 3453 1897 terrestrem
3482 1857 3603 1896 mu-

2016 1945 2139 1985 rum
2179 1945 2503 2004 oppugnare
2545 1931 2736 2003 jussit.
2770 1934 2888 2001 ipse
2922 1948 3047 1987 cum
3091 1932 3288 2005 majori
3314 1935 3600 2005 copiarum

2015 2033 2170 2095 parte
2216 2024 2682 2095 validioribnsque
2708 2025 2820 2096 ϐο
2862 2025 3133 2082 machinis
3176 2041 3240 2082 ac
3279 2029 3592 2093 tormentis.

2012 2114 2218 2188 quibus
2244 2116 2488 2172 civitatis
2517 2133 2735 2172 murum
2761 2125 3070 2173 tentaturus
3093 2129 3234 2184 erat,
3273 2117 3600 2176 Blacherua-

2014 2223 2136 2263 rum
2171 2217 2354 2265 turres
2386 2209 2722 2281 aggreditur,
2755 2210 2934 2266 scalas
2961 2211 3268 2266 admovens
3313 2227 3597 2268 murorum

2012 2301 2291 2356 altitudini
2323 2302 2709 2372 congruentes.
2751 2301 2894 2356 Alibi
2929 2303 3254 2365 testudines,
3296 2305 3425 2360 alibi
3455 2307 3600 2360 arie-

2014 2401 2138 2448 tes:
2186 2407 2461 2463 nusquam
2516 2407 2626 2448 non
2661 2392 2956 2448 missilium
2993 2394 3224 2462 grando,
3269 2409 3449 2464 exque
3499 2397 3598 2451 ba-

2013 2487 2151 2543 listis
2181 2486 2391 2542 densus
2420 2487 2660 2557 lapidum
2687 2486 2885 2552 imber;
2911 2500 3022 2556 quo
3045 2494 3156 2541 tam
3185 2488 3334 2542 varia
3355 2489 3600 2560 undique

2011 2573 2302 2645 omnisque
2357 2574 2575 2644 generis
2643 2577 3055 2647 oppugnatione
3133 2585 3248 2633 tum
3306 2578 3597 2649 Oppidanis

2012 2675 2280 2722 terrorem
2315 2667 2590 2737 injiceret.
2642 2677 2757 2721 tum
2799 2670 2935 2724 urbe
2958 2670 3249 2739 potiretur.
3303 2671 3374 2724 At
3414 2687 3598 2742 neque

2011 2773 2202 2814 muros
2234 2758 2538 2813 maritimos
2573 2759 2823 2829 negligit;
2859 2759 2954 2815 sed
2985 2759 3164 2816 classe
3211 2761 3452 2830 undique
3477 2763 3599 2818 cin-

2009 2866 2164 2922 gens,
2217 2851 2442 2924 ignique
2485 2859 2542 2905 et
2584 2850 2782 2920 iaculis
2826 2851 3123 2922 adlimeque
3152 2853 3452 2907 tetrascelis
3479 2854 3601 2923 qui-

2010 2945 2242 3000 busdam
2287 2943 2730 3000 obsidionalibus
2765 2943 3036 2999 machinis
3063 2943 3284 3015 profuse
3313 2944 3596 3015 (perinde-

318 3031 506 3101 ιμελλε
567 3029 837 3084 πάντοθεν
869 3029 1127 3091 παντοῖος
1176 3028 1504 3097 φαινόμενος
1558 3023 1908 3094 καταπλῆξαι

2013 3053 2117 3106 que
2139 3037 2309 3100 dicas,
2347 3044 2553 3092 temere
2583 3036 2842 3106 nulloque
2869 3037 3078 3104 judicio
3103 3051 3168 3092 ac
3195 3038 3336 3106 arte)
3381 3046 3594 3093 tentare

323 3123 417 3194 μὲν
439 3126 577 3186 τοὺς
595 3123 841 3188 πολίτας,
875 3124 1176 3194 κρατήσειν
1219 3121 1276 3176 δὲ
1299 3120 1397 3174 καὶ
1431 3119 1531 3191 τῆς
1563 3118 1792 3181 πόλεως.
1832 3117 1907 3170 Οὐ

322 3217 426 3289 μὴν
455 3217 586 3271 οὐδὲ
614 3216 722 3271 τῶν
745 3217 883 3272 κατὰ
903 3217 1175 3270 θάλατταν
1203 3213 1398 3285 ἠμέλει
1427 3213 1644 3284 τειχῶν,
1669 3213 1805 3270 ἀλλὰ
1833 3211 1910 3286 τῷ

321 3311 562 3382 ναυτικῷ
598 3309 864 3364 πάντοθεν
893 3309 1320 3378 περικυκλὼσας
1351 3308 1525 3375 αὐτὴν
1564 3307 1700 3380 πυρί
1727 3324 1788 3359 τε
1811 3305 1909 3361 καὶ

319 3401 641 3472 τοξεύμασι,
662 3401 798 3472 πρὸς
827 3401 883 3454 δὲ
902 3401 998 3456 καί
1025 3418 1139 3455 τισι
1158 3399 1577 3471 τετρασκελέσιν
1595 3399 1908 3453 ἐλεπόλεσιν

321 3491 560 3564 χρῆσθαι
590 3493 841 3547 ἐκέλευεν
868 3492 1107 3563 ἀφειδῶς
1128 3531 1144 3555 ,
1200 3491 1397 3545 ταυτὸν
1425 3490 1484 3543 δὲ
1517 3490 1615 3544 καὶ
1665 3491 1911 3561 ἀτέχνως

322 3590 490 3643 εἰπεῖν
517 3604 538 3623 ο
571 3587 695 3641 ὅθεν
717 3587 872 3641 οὐδὲν
925 3584 1035 3640 τῶν
1065 3587 1146 3648 είς
1167 3584 1356 3656 ὄνησιν
1389 3584 1670 3656 φερόντων
1694 3583 1847 3655 αύτῷ
1875 3584 1907 3654 ἡ

323 3681 558 3751 τοσαύτη
594 3679 824 3750 δύναμις
857 3677 1482 3749 συμπαρομαρτούντων
1529 3678 1742 3749 ἀνδρῶν
1773 3694 1909 3729 κατ.

323 3774 620 3843 επρόξατο.
667 3771 744 3824 Τὺ
787 3771 888 3841 μὲν
919 3771 1030 3841 γὰρ
1058 3770 1312 3824 ναυτικὸν
1339 3769 1501 3832 εὐθύς
1541 3787 1626 3832 τις
1667 3767 1909 3831 ἐναντίος

323 3867 709 3937 ἰπιγενόμενος
758 3865 962 3935 άνεμος
997 3864 1346 3918 συνδιέλκυσὲ
1381 3881 1442 3917 τε
1477 3865 1573 3917 καὶ
1605 3863 1734 3917 ἄλλο
1771 3862 1909 3936 ἄλλῃ

323 3958 688 4030 διασπαρῆναι
731 3957 1012 4028 εποίησεν.
1061 3956 1158 4012 άτε
1194 3955 1261 4026 δὴ
1304 3956 1399 4010 καὶ
1452 3953 1720 4026 χειμῶνος
1753 3955 1908 4019 ὄντος

325 4050 590 4118 ιξαισίου·
620 4050 762 4103 κατὰ
806 4048 864 4102 δὲ
918 4049 1020 4119 τὴν
1055 4048 1284 4118 ἠπειρον
1335 4047 1597 4115 γενναίως
1650 4047 1753 4118 μὲν
1796 4046 1909 4100 τῶν

324 4142 428 4196 ἀπὸ
458 4143 504 4175 ³¹
525 4141 631 4213 τῆς
655 4141 864 4205 πόλεως
885 4139 1352 4210 ἀπομαχομένων,
1375 4139 1472 4193 καὶ
1509 4143 1649 4201 τέως
1678 4139 1777 4209 μὲν
1807 4139 1907 4202 τὰς

327 4235 602 4306 κλίμακας
630 4235 940 4305 ἀχρήστους
960 4233 1112 4304 αὐτῷ
1140 4231 1439 4287 ποιούντων
1467 4232 1554 4286 διὰ
1581 4231 1692 4285 τῶν
1712 4233 1776 4284 ἐκ
1798 4230 1909 4284 τῶν

327 4332 551 4402 πύργων
610 4326 971 4400 ῥηγνυμένων
1028 4324 1396 4397 ἰσχυροτέρων
1453 4323 1648 4394 βελῶν,
1703 4322 1812 4376 τῶν
1859 4323 1904 4377 δ’

2008 3127 2180 3198 jubet.
2215 3127 2580 3194 Quamobrem
2612 3127 2772 3182 etiam
2805 3136 2951 3183 tanta
2987 3128 3072 3183 vis
3103 3129 3345 3183 virorqu
3367 3129 3418 3184 ei
3451 3129 3594 3184 mili-

2013 3221 2239 3276 tantium
2275 3220 2413 3276 nihil
2460 3220 2832 3274 ei—commodi
2867 3221 3072 3275 attulit.
3116 3220 3271 3276 Illico
3300 3222 3445 3277 enim
3497 3223 3593 3276 ad-

2009 3329 2206 3369 versus
2235 3321 2431 3367 ventus
2457 3311 2686 3368 classem
2725 3311 3034 3381 dissipavit,
3064 3312 3280 3383 alioque
3302 3325 3464 3384 atque
3484 3315 3594 3369 alio

2012 3419 2181 3460 naves
2203 3403 2440 3474 disiecit;
2475 3404 2677 3474 quippe
2703 3418 2828 3458 cum
2858 3405 3050 3475 ingens
3075 3405 3314 3474 procella
3348 3416 3496 3462 esset
3525 3421 3593 3463 ac

2011 3513 2161 3553 mare
2207 3505 2528 3552 aestuosum.
2581 3495 2752 3550 Terra
2797 3511 3017 3565 quoque
3052 3495 3339 3568 oppidanis
3369 3507 3594 3554 strenuo

2009 3587 2421 3652 dimicantibus,
2453 3587 2833 3658 hactenusque
2865 3589 3097 3642 telorum
3132 3604 3163 3643 e
3200 3589 3447 3644 turribus
3476 3588 3591 3643 for-

2012 3684 2137 3736 titer
2171 3682 2466 3736 missorum
2495 3679 2758 3751 grandine
2782 3679 3000 3736 inutiles
3029 3682 3206 3735 seailas
3234 3681 3283 3735 ei
3314 3682 3589 3737 reddenti-

2011 3772 2135 3835 bus,
2166 3771 2232 3826 ad
2267 3772 2382 3826 haec
2411 3771 2697 3826 tormentis
2743 3771 2938 3840 partim
2981 3773 3046 3826 ad
3097 3773 3430 3827 destinatum
3472 3789 3586 3828 non

2011 3865 2405 3935 attingentibus
2459 3863 2626 3935 (quod
2666 3865 2889 3932 quidem
2939 3864 3237 3918 maximum
3267 3866 3433 3921 rebus
3463 3881 3588 3920 mo-

2011 3965 2254 4011 mentum
2306 3954 2490 4010 attnlit
2531 3968 2768 4025 eumque
2815 3954 3052 4024 gerendo
3089 3954 3229 4008 bello
3273 3955 3584 4026 imperitum

2007 4049 2295 4117 ostendit),
2324 4048 2521 4119 partim
2555 4062 2686 4102 vero
2724 4047 3121 4116 attingentibus
3154 4047 3375 4116 quidem
3416 4057 3470 4103 ct
3498 4063 3593 4102 as-

2010 4141 2384 4211 sequentibus.
2428 4140 2883 4196 imbecillioribus
2912 4140 3113 4210 tamen)
3163 4156 3266 4196 nec
3296 4142 3428 4196 satis
3459 4142 3589 4196 forti

2010 4243 2211 4291 conatu
2250 4242 2308 4289 et
2356 4242 2418 4289 ut
2448 4248 2640 4288 muros
2682 4241 2983 4286 concutere
3025 4242 3247 4301 possent
3294 4233 3379 4287 vel
3422 4235 3588 4289 etiam

2009 4325 2382 4397 prasidlarios
2450 4338 2517 4379 ex
2583 4320 2831 4376 turribus
2884 4331 3145 4377 excutere
3201 4331 3369 4392 atque
3438 4323 3592 4379 illinc

326 4397 498 4477 ἄλλων
526 4397 887 4491 ὀργάνωνπῆ
924 4418 1026 4489 μὶν
1064 4419 1164 4472 οὐκ
1191 4416 1625 4486 ἐφικνουμένων,
1657 4413 1755 4469 καὶ
1778 4415 1905 4469 τού-

2015 4417 2224 4489 l‘ugare.
2263 4414 2370 4471 Ubi
2428 4415 2596 4485 igitur
2648 4428 2758 4468 non
2803 4429 2868 4469 ex
2907 4414 3107 4482 prioris
3142 4413 3302 4470 famae
3350 4415 3587 4480 ratione.

327 4531 415 4568 του
465 4512 714 4585 μεγάλην
761 4511 934 4584 ῥοπὴν
981 4513 1093 4575 τοῖς
1131 4510 1424 4583 πράγμασι
1453 4507 1762 4570 τεθεικότος
1811 4509 1908 4561 καὶ

326 4609 422 4679 τὴν
440 4605 608 4662 αὑτοῦ
639 4608 781 4679 πρὸς
810 4605 939 4666 τοὺς
968 4604 1244 4674 πολέμους
1291 4601 1557 4674 ἀπειρίαν
1597 4618 1861 4673 καταμαρ
1879 4631 1907 4644 ο

326 4704 685 4775 τυρήσαντος.
722 4699 802 4770 πῆ
836 4699 897 4753 δὲ
940 4699 1039 4752 καὶ
1090 4697 1201 4750 τῶν
1233 4696 1646 4767 ιφικνουμένων
1675 4697 1770 4749 καὶ
1799 4712 1903 4749 καο

327 4794 783 4867 ταλαμσανόντων
832 4789 1246 4845 ἀσθενεστάτων
1299 4787 1475 4843 ὄντων
1523 4789 1618 4842 καὶ
1655 4790 1717 4843 οὐ
1761 4790 1904 4842 κατὰ

330 4890 506 4960 Mm:
523 4886 782 4957 γενναίαν
809 4902 871 4939 τε
905 4884 1002 4938 καὶ⁵
1026 4882 1291 4937 διασείειν
1327 4881 1483 4951 τείχη
1515 4882 1755 4948 είδότων,
1786 4881 1904 4935 ἀλλ’

323 4982 440 5034 οὐδὲ
464 4981 559 5034 τοῦ
583 4979 724 5034 κατὰ
748 4978 991 5047 πύργους
1014 4975 1308 5044 ἱσταμένου
1333 4974 1529 5046 ἀνδρὸς
1552 4973 1906 5046 ύποχώρησίν

325 5090 445 5128 τινα
515 5069 1070 5142 παρασκευαζόντων.
1116 5067 1203 5131 Ὧς
1268 5062 1364 5123 οὖν
1421 5070 1676 5137 ἐφαίνετο
1729 5069 1905 5123 ταῦτα

326 5161 411 5233 [Ρ.
441 5160 532 5236 39]
561 5163 623 5217 οὐ
655 5162 796 5216 κατὰ
820 5161 920 5231 τὴν
945 5159 1222 5231 προτέραν
1254 5157 1696 5227 διαθρυλήσασαν
1729 5159 1907 5213 πάντα

328 5256 519 5324 φήμην
540 5255 637 5308 καὶ
661 5249 1163 5311 διαιωόωνίσασαν.
1193 5248 1343 5320 ἥττω
1363 5249 1420 5303 δὲ
1449 5249 1546 5301 καὶ
1567 5249 1641 5312 ὡς
1671 5249 1734 5301 ἐκ
1760 5265 1903 5313 τινος

329 5344 732 5412 ἀσθενεστάτης
762 5341 962 5412 φρενὸς
1009 5339 1498 5410 διακυϐερνὼμενα
1540 5339 1631 5392 καὶ
1665 5342 1905 5409 ἐκπερα-

327 5436 604 5505 τούμενα,
649 5432 997 5504 ἀνεθάρρησέ
1054 5447 1116 5485 τε
1166 5432 1203 5502 η
1248 5431 1682 5502 πολιορκουμένη
1747 5432 1902 5494 πόλις

330 5529 559 5597 εὐθέως,
613 5525 711 5584 καὶ
743 5526 998 5582 τοσοῦτον
1049 5525 1484 5597 ἑκηϐολωτέροις
1537 5526 1742 5596 εχρῆτο
1789 5528 1904 5591 τοῖς

2010 4519 2207 4566 cuncta
2239 4523 2435 4580 magno
2464 4506 2703 4576 quodam
2735 4505 3013 4575 vulgantis
3045 4505 3151 4578 61
3199 4521 3444 4572 rumore,
3475 4509 3589 4562 haec

2009 4618 2336 4676 apparuere,
2367 4601 2501 4673 quin
2532 4602 2716 4671 potius
2747 4599 2909 4672 longe
2935 4601 3171 4667 minora,
3196 4615 3262 4656 ac
3289 4615 3412 4671 qua
3434 4618 3588 4658 meus

2007 4696 2345 4753 debilissima
2388 4703 2602 4767 regeret
2645 4709 2711 4749 ac
2763 4697 3079 4764 parturiret,
3131 4694 3314 4750 statim
3359 4697 3585 4753 obsessa

2007 4791 2204 4847 civitas
2259 4789 2475 4844 animos
2508 4787 2906 4857 audaciamque
2955 4788 3273 4855 resumpsit.
3325 4797 3590 4860 tantaquq

2006 4885 2060 4940 vi
2105 4882 2263 4955 longe
2314 4881 2593 4938 mittentes
2647 4880 2872 4935 balistas
2921 4881 3289 4950 displodebat.
3341 4891 3403 4937 ut
3433 4885 3587 4938 omni

2006 4974 2102 5030 illo
2140 4972 2522 5028 machinarum
2569 4979 2833 5041 apparatu
2868 4973 3061 5027 relicto
3086 4972 3456 5027 obsidentium
3491 4988 3586 5045 ag—

2008 5069 2156 5124 mina
2187 5067 2378 5137 procul
2412 5067 2665 5120 rccederc
2689 5065 2866 5136 deque
2912 5064 3087 5121 salute
3120 5066 3413 5121 consilium
3447 5067 3589 5120 inire

2006 5159 2267 5231 coegerit.
2301 5157 2670 5226 Quamobrem
2718 5173 2828 5212 non
2867 5162 3085 5230 qualem
3129 5159 3384 5214 ohscs~or
3431 5171 3588 5226 puta-

2012 5260 2185 5311 verat,
2218 5252 2311 5305 sed
2345 5249 2642 5304 ﬁrmiorem
2673 5251 2833 5320 longe
2857 5265 3021 5320 quam
3053 5266 3152 5319 pro
3177 5251 3588 5305 existimatimte

2011 5344 2201 5399 urbem
2242 5340 2488 5398 oﬂendit.
2543 5339 2808 5397 Praterea
2862 5355 2991 5394 vero
3032 5341 3148 5410 ipsa
3192 5344 3410 5410 quoque
3450 5355 3588 5395 tum-

2010 5448 2198 5506 pestas
2247 5433 2589 5504 asperiorem
2636 5447 2816 5490 aerem
2874 5433 3155 5489 reddebat.
3196 5430 3355 5488 Velut
3400 5435 3585 5502 itaque

2012 5538 2300 5598 appetente
2330 5527 2531 5592 hieme,
2570 5540 2631 5582 ac
2655 5542 2750 5596 per
2780 5526 3010 5581 hiemem
3037 5525 3337 5596 provinciis
3361 5525 3586 5595 reliquid

1612 5616 1847 5677 VARUE
1887 5619 2288 5676 LECTIONEb.

402 5718 447 5750 "
473 5718 648 5776 κατὰτ
718 5717 766 5752 ⁸⁸
789 5717 1183 5772 δυσελπιστίαν
1208 5719 1442 5787 ἀφίκετο
1475 5720 1609 5775 καὶτ
1682 5721 1728 5753 δ’
1766 5716 1898 5783 ἀπὸ]
1948 5715 2115 5770 αὑτοῦ
2149 5717 2211 5772 Ρ.

706 5811 980 5873 Panos.
1013 5811 1130 5871 GR.
1169 5811 1319 5873 CIX.

3054 5803 3090 5860 3
