3958 6034
335 227 410 291 75
1439 208 1949 272 rusormuss
1982 207 2546 271 communes.
3538 210 3607 274 τε

337 338 620 412 lrlgidiore
665 332 926 398 Thracia,
977 330 1045 386 ad
1097 328 1324 383 hiberna
1368 332 1424 382 et
1463 322 1531 379 ad
1577 321 1926 379 reducendas

2032 319 2244 391 βέλεσιν
2266 320 2343 385 ὼς
2364 318 2558 391 πόρρω
2602 334 2704 372 που
2738 316 2962 382 τούτους
3000 318 3322 389 αυλισθῆνοι
3377 337 3609 388 "iuvar

334 410 529 500 coplas
560 424 807 482 animum
840 420 1129 477 convertit.

2032 410 2222 483 κάσαι,
2254 414 2350 478 τὰς
2373 413 2642 477 τοσαύτας
2688 413 2939 484 μηχανὰς
2992 413 3481 480 ἐγκαταλιπόντας,
3522 420 3612 469 καὶ

336 524 467 594 περὶ
494 521 595 592 τῆς
622 518 759 581 ίδίας
791 512 1141 588 βουλεύεσθαι
1180 508 1477 579 σωτηρίας.
1506 506 1670 561 Ὅθεν
1692 507 1813 561 ἐπεὶ
1836 507 1907 562 τὰ
1948 508 2094 561 κατὰ
2128 508 2229 579 τὴν
2276 508 2600 579 πολιορκίαν
2646 504 2836 578 ούχὼς
2889 505 3048 577 ᾤετο,
3092 508 3423 579 στερρότερα
3471 508 3527 560 δὲ
3576 508 3609 574 ἧ

338 611 485 667 κατὰ
512 610 612 681 τὴν
638 605 833 662 ἑαυτοῦ
875 602 1102 674 γνώμην
1141 600 1477 671 ἀπήντησεν.
1516 597 1690 661 ἄλλως
1732 596 1786 649 δὲ
1835 596 1930 650 καὶ
1968 599 2001 667 ἡ
2036 596 2154 669 ὥρα
2205 598 2536 670 δριμύτερον
2588 598 2800 653 ἐδείκνυ
2848 597 2941 652 τὸν
2985 597 3196 668 καιρὸν,
3256 598 3352 653 ἆτε
3404 599 3467 670 δὴ
3520 600 3614 653 καὶ

336 702 605 773 χειμῶνος
635 696 1027 766 ιπιγενομένου
1055 692 1153 749 καὶ
1170 693 1271 764 τῆς
1286 690 1509 764 Θρᾴκης
1533 688 1645 744 τῶν
1670 690 1848 745 ἄλλων
1876 691 1923 722 ⁸⁸
1957 688 2126 751 οὔσης
2187 691 2570 763 δυσχειμέρου,
2625 691 2721 744 ἐπὶ
2764 692 3212 761 παραχειμασίαν
3253 690 3464 763 ἐτράπη
3521 696 3615 748 καὶ

324 802 437 872 τὴν
455 798 551 853 τοῦ
580 793 815 869 στρατοῦ
849 791 1209 865 ἀνακομιδήν.
2547 800 2567 872 7'

409 888 497 944 15.
537 885 678 943 Vere
726 886 911 956 itaque
964 883 1159 939 mitius
1198 880 1549 937 illucescente
1607 888 1927 951 turmasque

338 981 607 1037 militares
636 978 825 1034 lustris
849 975 968 1033 suis
1003 989 1069 1031 ac
1098 974 1347 1030 latibulis
1380 973 1645 1029 excedere
1676 982 1926 1044 cogente,

339 1074 601 1142 utrinque
645 1084 841 1125 rursus
889 1079 1036 1123 terra
1078 1067 1330 1137 marique
1370 1064 1729 1122 adoriendam
1782 1064 1932 1120 Con-

340 1163 570 1222 stantini
642 1161 840 1216 urbem
900 1160 1130 1232 putavit.
1184 1156 1373 1228 Neque
1421 1172 1555 1212 vero
1611 1155 1927 1213 Michaelem

341 1259 557 1329 qualem
592 1265 776 1316 antea,
829 1253 924 1309 sed
954 1236 1068 1322 jam
1122 1262 1176 1306 et
1219 1252 1573 1307 terrestribus
1599 1250 1930 1319 quibusdam

339 1361 396 1405 et
421 1349 709 1405 navalibus
728 1346 900 1415 cepiis
926 1346 1251 1399 instructum
1272 1342 1498 1398 invenit.
1524 1340 1743 1397 Rursus
1764 1341 1932 1412 igitur

341 1441 589 1496 eamdem
635 1445 845 1507 partem
887 1451 1052 1507 quam
1095 1435 1273 1504 prius,
1314 1433 1496 1488 sinum
1551 1432 1761 1488 scilicet
1806 1432 1930 1487 Bia.

339 1536 725 1598 chernensem,
760 1531 1062 1597 eodemque
1082 1535 1344 1597 apparatu
1375 1524 1715 1596 aggreditur.
1749 1524 1931 1581 Prima

342 1623 529 1691 itaque
582 1618 725 1683 luce,
761 1619 888 1673 data
936 1615 1215 1687 pugnandi
1267 1624 1494 1679 tessera,
1539 1629 1604 1669 ac
1654 1615 1785 1670 dum
1815 1615 1929 1683 jam

2102 882 2185 932 ιε’.
2219 874 2360 947 Ἤδη
2388 873 2443 928 δὲ
2475 871 2569 929 τοῦ
2620 871 2780 945 ἔαρος
2821 871 3033 943 ἥμερον
3076 869 3479 941 ιπιλάμποντος
3521 866 3615 923 καὶ

2027 971 2120 1025 τὸν
2151 966 2496 1040 στρατιιῖιτην
2534 966 2694 1039 ὄχλον
2720 964 2821 1031 τὰς
2849 964 3176 1028 καταδύσεις
3211 964 3305 1017 καὶ
3330 962 3615 1034 χηραμοὺς

2030 1058 2356 1117 καταλιπεῖν
2408 1058 2787 1124 ἔκδιάζοντος,
2834 1055 3231 1131 ἀμφοτέρωθεν
3287 1052 3446 1120 αὖθις
3475 1055 3617 1109 κατὰ

2031 1156 2139 1226 γῆν
2165 1169 2225 1208 τε
2272 1149 2542 1207 καὶκατὰ
2574 1150 2851 1206 θάλατταν
2902 1147 3087 1221 ἔκρινε
3137 1146 3504 1220 προσὸάλὶπιν
3548 1148 3615 1218 τῇ

2035 1246 2471 1303 Κωνσταντίνου.
2539 1245 2683 1302 Ἀλλ’
2730 1246 2831 1318 ἢδη
2882 1244 2974 1299 τδν
3035 1244 3256 1316 Μιχαὴλ
3283 1243 3383 1315 οὐχ
3430 1242 3507 1308 ὡς
3556 1243 3620 1297 τὸ

2037 1340 2328 1414 πρότερον,
2361 1340 2485 1410 ἄρτι
2516 1339 2575 1393 δὲ
2608 1339 3010 1411 στρατιωτικήν
3044 1355 3166 1393 τινα
3202 1339 3434 1409 δύναμιν
3467 1336 3619 1409 εὕρι-

2041 1451 2138 1489 σκε
2170 1432 2588 1503 συλλεξάμενον,
2628 1432 2721 1487 καὶ
2742 1433 2884 1486 κατὰ
2914 1430 3188 1486 θάλατταν
3208 1429 3375 1499 ἀλλην
3403 1428 3467 1501 δὴ
3486 1448 3619 1484 ναυ-

2037 1528 2220 1597 τικήν.
2252 1527 2390 1581 Κατ’
2422 1527 2601 1580 ἐκεῖνο
2624 1524 2759 1595 γοῦν
2785 1524 2949 1579 πάλιν
2976 1525 3065 1596 ᾔει
3092 1524 3157 1579 τδ
3194 1524 3365 1595 μέρος
3393 1524 3621 1579 όπλισάυ

2043 1635 2203 1688 μενος
2294 1618 2388 1672 καὶ
2423 1618 2712 1689 πρότερον,
2763 1615 2858 1671 τὸν
2886 1616 3088 1671 κόλπον
3137 1615 3246 1671 τῶν
3274 1615 3618 1687 Βλαχερνῶν.

344 1714 771 1769 Blachernenses
799 1711 943 1765 muri
982 1710 1262 1779 quatiendi
1287 1719 1496 1772 essent,
1528 1707 1758 1764 Michael
1783 1725 1813 1765 e
1841 1725 1929 1765 su-

2043 1710 2132 1774 Ὠς
2161 1706 2255 1764 οὖν
2279 1710 2464 1781 ἡμέρα
2485 1709 2810 1780 ὑπέλαμπεν
2841 1711 2934 1765 καὶ
2961 1710 3025 1764 τδ
3056 1709 3308 1781 σύνθημα
3334 1709 3536 1765 ἐδίδοτο
3558 1707 3621 1761 τὸ

341 1807 547 1879 periori
582 1819 744 1860 muro
774 1803 1043 1875 quosdam
1093 1802 1411 1872 alloquendi
1454 1802 1799 1857 occasionem
1834 1817 1931 1856 na—

341 1911 467 1956 ctus
499 1898 771 1953 malorum
807 1896 1145 1951 oblivionem
1180 1895 1463 1964 multaque
1506 1896 1589 1950 eis
1632 1894 1775 1950 bona
1812 1896 1934 1950 col-

344 1998 586 2046 laturum
634 1989 951 2059 pollicetur,
984 1986 1031 2041 si
1065 1984 1227 2040 modo
1266 1987 1499 2041 consilio
1538 1994 1747 2041 mutato
1776 1987 1843 2041 ad
1877 2001 1936 2043 se

347 2084 672 2139 transierint
722 2096 824 2135 nec
862 2080 1062 2135 civium
1111 2078 1454 2149 fratrumque
1496 2093 1695 2135 cruore
1742 2078 1933 2135 lmdari

342 2178 399 2232 in
422 2178 666 2231 animum
697 2172 1032 2227 induxerint.
1059 2172 1167 2242 62
1200 2170 1311 2226 llos
1333 2171 1624 2226 enimvero
1646 2170 1700 2225 in
1727 2170 1932 2225 dolium

344 2280 634 2336 pertusum
661 2265 829 2335 (quod
852 2264 1051 2334 adagio
1081 2264 1310 2333 dicitur)
1330 2278 1615 2320 sermones
1648 2278 1933 2333 peroraris,

344 2372 461 2417 tum
485 2360 605 2415 illos
628 2359 944 2425 ferociores,
971 2370 1031 2413 ut
1071 2358 1404 2429 quibuscum
1446 2359 1699 2428 precibus
1742 2373 1933 2429 agere-

344 2467 434 2508 tur
472 2452 833 2523 (perindeque
870 2453 1024 2507 dicas
1064 2452 1308 2507 hostium
1346 2462 1493 2507 metu
1535 2451 1765 2519 solutos,
1798 2452 1933 2505 nihil

339 2544 451 2613 jam
494 2544 747 2599 servandi
805 2544 1019 2599 ordinis
1071 2558 1134 2598 ac
1179 2544 1611 2614 conspirationis
1642 2540 1932 2612 sollicitos)

342 2637 597 2701 reddidit,
617 2638 829 2705 sibique
847 2636 1017 2690 robur
1039 2650 1102 2690 ac
1134 2634 1445 2691 ﬁrmitatem
1478 2636 1696 2706 adjecit.
1725 2635 1932 2702 Quam-

344 2730 535 2784 obrem
591 2744 659 2783 ex
719 2728 908 2783 multis
943 2738 1164 2797 repente
1208 2728 1440 2797 portulis
1470 2741 1599 2782 suos
1625 2727 1932 2792 en‘undens,

342 2835 450 2891 qua
491 2821 566 2874 illi
618 2820 753 2873 nihil
795 2818 1068 2888 ejusmodi
1105 2820 1523 2888 exspeCtabant,
1568 2821 1707 2889 parti
1740 2832 1931 2873 eorum

342 2913 714 2982 congreditur,
767 2914 1027 2981 justeque
1081 2910 1218 2965 satis
1274 2910 1430 2964 clade
1486 2909 1729 2965 afﬁciens
1784 2911 1932 2966 clare

347 3003 573 3058 victoria
604 3003 827 3073 potitur.
865 3001 971 3055 Sed
999 3011 1053 3055 et
1079 3001 1219 3053 mari
1252 2999 1530 3055 illustriori
1577 3015 1740 3071 quam
1785 3009 1923 3055 terra

2036 1802 2331 1873 πολεμικὸν
2393 1804 2485 1856 καὶ
2546 1805 2723 1873 τεῖχος
2753 1802 2947 1873 ἔμελλε
2995 1804 3309 1857 κατασείειν
3341 1801 3452 1854 τῶν
3479 1801 3618 1853 Βλα-

2034 1899 2262 1972 χερνῶν,
2280 1901 2360 1963 είς
2389 1898 2583 1968 λόγους
2612 1901 2677 1971 δή
2701 1916 2842 1954 τισιν
2881 1900 2947 1954 ἐκ
2970 1896 3066 1952 τοῦ
3095 1894 3205 1951 τῶν
3230 1894 3427 1965 τειχῶν
3458 1909 3620 1964 μετι-

2034 1991 2178 2062 ὡρου
2201 1988 2365 2065 ἦλθεν
2382 1994 2412 2046 ὁ
2432 1992 2674 2064 Μιχαὴλ,
2704 1991 3014 2063 ἀμνηστίαν
3043 1974 3227 2053 αὑτοίς
3254 1988 3443 2044 δεινῶν
3462 1990 3622 2056 εὐαγ-

2033 2086 2380 2155 γελιζόμενος
2407 2086 2503 2138 καὶ
2532 2085 2965 2157 ὑπισχνούμενος
2996 2083 3191 2139 δώσειν
3220 2081 3401 2152 ἀγαθὰ
3422 2080 3619 2144 πολλὰ,

2036 2178 2085 2229 εί
2116 2178 2276 2247 μόνον
2297 2178 2359 2249 δὴ
2391 2178 2779 2247 μετατάξοιντο
2804 2177 3010 2252 καὶμὴ
3052 2174 3361 2247 βουληθεῖεν
3389 2176 3621 2246 αἰμασιν

2034 2270 2324 2339 ὁμοφύλων
2379 2272 2471 2325 καὶ
2516 2270 2762 2338 ἀδελφῶν
2807 2268 3298 2341 καταχραίνεσθαι.
3365 2266 3507 2322 Ἀλλ’
3536 2268 3621 2331 είς

2035 2362 2195 2417 πίθον
2223 2364 2562 2434 τετρημένον
2604 2364 2670 2430 ⁶¹,
2696 2363 2758 2417 τὸ
2782 2362 2878 2418 τοῦ
2913 2362 3097 2432 λόγου,
3149 2361 3377 2425 τούτους
3417 2362 3623 2415 ἐναπε-

2036 2456 2205 2525 ράνας
2234 2457 2279 2488 ⁸³
2305 2456 2431 2516 τοὺς
2461 2455 2673 2524 λόγους,
2706 2454 2951 2517 ἐκείνους
2984 2454 3084 2523 μὲν
3110 2452 3620 2525 θαρσαλεωτέρους,

2034 2547 2114 2601 ὃτι
2165 2547 2229 2615 δὴ
2286 2550 2379 2600 καὶ
2410 2548 2841 2617 παρακαλοῐντο,
2874 2547 3071 2600 ταυτὸν
3101 2547 3157 2601 δὲ
3189 2550 3365 2601 είπείν
3392 2550 3485 2600 καὶ
3518 2545 3623 2615 τῆς

2034 2641 2099 2692 ἐκ
2125 2637 2219 2690 τοῦ
2253 2639 2418 2707 φόϐου
2451 2635 2771 2704 συστάσεωςἰ
2787 2639 3112 2709 λελυμένους
3141 2639 3452 2709 είργάσατο,
3486 2639 3618 2690 ἑαυο

2033 2728 2125 2781 τὸν
2154 2729 2208 2781 δὲ
2236 2730 2498 2801 σταθερὸν
2528 2747 2587 2785 τε
2647 2733 2742 2783 καὶ
2781 2731 3157 2802 στερῤότερον.
3191 2730 3355 2783 Ὅθεν
3376 2731 3528 2797 ἄφνω
3553 2730 3622 2782 ἐκ

2034 2821 2245 2873 πολλῶν
2269 2821 2505 2874 πυλίδων
2541 2822 2662 2874 κατ’
2699 2822 2882 2876 αὐτῶν
2920 2822 3199 2893 συῤῥυεὶς,
3337 2821 3412 2891 μὴ
3442 2836 3621 2891 προσ·

2032 2912 2231 2965 εδόκων
2255 2915 2477 2979 ἐκεῖνοι,
2508 2915 2886 2987 συρρήγνυται
2912 2931 3021 2966 τισι
3055 2914 3264 2975 τούτοις
3297 2915 3378 2976 εἰς
3408 2913 3618 2982 μάχην,

2033 3005 2126 3055 καὶ
2153 3005 2351 3075 φθόρον
2397 3006 2580 3059 ἱκανὸν
2620 3010 2997 3077 ἐργασάμενος
3030 3007 3130 3075 τὴν
3177 3006 3418 3059 νικῶσαν
3474 3005 3621 3074 λαμ-

345 3097 573 3149 victoria
609 3106 863 3163 augetur.
900 3091 1039 3147 Cum
1076 3094 1223 3147 enim
1278 3092 1642 3162 imperatoriae
1680 3094 1925 3148 triremes

2032 3068 2185 3149 δάνει
2240 3068 2508 3169 λαμπρῶς
2598 3068 2754 3153 at...
2808 3068 3097 3155 θάλατταν-
3124 3099 3181 3153 δὲ
3216 3101 3309 3154 καὶ
3357 3068 3621 3173 μᾶλλονῆ

342 3175 513 3241 altum
550 3194 815 3254 peterent,
844 3188 1071 3253 jamque
1103 3200 1298 3254 pugna:
1334 3184 1687 3239 conserendae
1714 3185 1933 3240 adesset

345 3288 580 3348 tempus.
611 3289 773 3346 atque
804 3277 940 3331 adeo
964 3280 1081 3346 ipsa
1110 3276 1407 3331 desertoris
1437 3276 1633 3332 classis
1668 3292 1926 3347 congres-

345 3387 438 3425 sus
466 3371 659 3425 ardore
697 3384 831 3425 saxa
862 3370 1125 3435 mitteret,
1160 3369 1345 3425 nescio
1375 3384 1487 3441 quo
1521 3384 1651 3425 casu
1678 3381 1928 3426 conster-

344 3475 471 3519 nata
532 3462 802 3533 quibusve
858 3473 977 3516 acta
1029 3463 1358 3528 terroribus,
1410 3478 1568 3519 versa
1625 3464 1795 3534 puppi
1857 3464 1925 3521 ad

343 3565 543 3609 terram
580 3570 640 3611 se
668 3555 945 3611 subducit.
978 3554 1258 3611 Classiarii
1312 3571 1440 3627 pars
1477 3566 1739 3628 concepta
1789 3558 1929 3614 [idu-

343 3649 427 3703 cia
484 3647 552 3702 ad
587 3649 975 3718 imperatorem
1022 3648 1307 3713 deﬁciunt,
1338 3664 1466 3719 pars
1504 3649 1571 3704 ad
1603 3664 1703 3705 sua
1749 3660 1930 3707 castra

344 3750 488 3794 terra
522 3749 777 3810 pergunt,
824 3755 889 3794 ac
922 3741 1008 3795 vel
1042 3740 1097 3795 in
1134 3741 1272 3795 mari
1312 3742 1521 3797 versari
1563 3751 1660 3798 aut
1702 3757 1930 3814 prorsus

343 3844 583 3899 pugnare
631 3840 1018 3900 pernegarent.
1053 3831 1147 3887 Sic
1203 3832 1411 3903 absque
1441 3833 1630 3890 labore
1657 3835 1929 3892 dissoluta

344 3921 569 3976 Tliomte
598 3923 812 3989 classis,
841 3924 1120 3993 cessitque
1163 3924 1215 3980 in
1252 3925 1505 3990 nihilum,
1538 3941 1663 3981 cum
1712 3928 1925 3984 nullum

342 4026 434 4068 aut
489 4030 589 4085 pro
644 4016 867 4070 navium
922 4032 1153 4073 numero
1205 4028 1300 4072 aut
1356 4033 1459 4089 pro
1513 4019 1924 4077 classiariorum

342 4110 544 4163 virtute
600 4110 921 4179 praeclarum
975 4109 1188 4167 facinus
1241 4111 1528 4169 edidisset.

2029 3191 2152 3243 κατ’
2177 3191 2399 3261 ἡπειρον
2426 3191 2521 3261 τὴν
2552 3192 2793 3245 νικῶσαν
2820 3192 3147 3262 ἐλάμόανεν.
3180 3193 3268 3252 Ὠς
3288 3191 3399 3262 γὰρ
3429 3193 3483 3245 αἱ
3517 3192 3584 3262 βα
3607 3219 3625 3235 ι

2029 3281 2238 3335 σιλικαὶ
2268 3285 2514 3355 τριήρεις
2544 3286 2813 3355 ἀνήγοντο
2860 3284 2953 3339 καὶ
2985 3287 3065 3347 είς
3116 3284 3309 3355 χεῖρας
3363 3286 3621 3355 συνέρχε-

2030 3379 2155 3434 σθαι
2199 3381 2462 3452 ἕμελλον,
2495 3382 2623 3453 ἄρτι
2656 3382 2721 3453 δὴ
2767 3382 3004 3452 πόλεμον
3052 3379 3479 3452 συγκροτοῦντος
3524 3383 3622 3435 καὶ

2024 3472 2206 3535 λίθους
2224 3473 2550 3542 ἐπαφιέντος
2578 3473 2674 3527 τοῦ
2700 3472 3075 3528 ἀποστατικοῦ
3096 3472 3371 3540 πλωΐμου,
3396 3472 3496 3525 οὐκ
3516 3467 3619 3526 οἷδ’

2024 3563 2055 3617 ὃ
2091 3582 2143 3617 τι
2174 3564 2436 3627 παθόντος
2465 3566 2559 3619 καὶ
2579 3566 2924 3635 τίσιδείμασι
2955 3566 3051 3619 καὶ
3069 3565 3322 3637 θορύϐοις
3348 3581 3617 3634 περικτυ-

2028 3657 2297 3726 πηθέντος
2350 3658 2445 3711 καὶ
2478 3657 2737 3729 πρύμναν
2787 3657 3122 3728 κρούσαντος
3167 3658 3444 3729 κατήγετο
3479 3659 3620 3729 πρὸς

2025 3750 2124 3819 τὴν
2150 3750 2379 3820 χέρσον·
2416 3750 2511 3803 καὶ
2544 3752 2594 3804 οί
2650 3753 2751 3821 μὲν
2783 3752 2894 3805 τῶν
2928 3751 3143 3821 ἀνδρῶν
3198 3752 3339 3821 πρὸς
3383 3749 3616 3821 βασιλέα

2028 3839 2457 3913 αύτομολοῦντες
2488 3842 2757 3915 ἐθάρρουν
2785 3842 3223 3913 μετατιθέμενοι,
3242 3845 3288 3896 oi
3310 3843 3367 3896 δὲ
3390 3843 3528 3914 πρὸς
3552 3842 3617 3895 τὸ

2028 3938 2229 3989 οίκ;ῖον
2261 3937 2623 4007 στρατόπεδον
2653 3938 2714 3991 τὸ
2749 3937 2893 3990 κατὰ
2941 3937 3046 4008 γῆν
3095 3936 3515 4007 ἀπεδίδρασκον.
3553 3937 3615 3990 τὸ

2030 4029 2174 4084 κατὰ
2204 4029 2481 4084 θάλασσαν
2519 4026 2657 4084 εἶναι
2697 4031 2793 4084 καὶ
2816 4028 3182 4101 διαμάχεσθαι
3212 4031 3612 4101 ἀπαρνησάμεο

2026 4139 2109 4175 νοι
2142 4121 2443 4186 παντελῶς.
2472 4121 2628 4176 Οὖτω
2654 4121 2752 4192 μὲν
2781 4116 2876 4176 οὖν
2900 4122 3131 4191 ἀπονητὶ
3149 4120 3367 4191 διελύθη
3391 4121 3453 4174 τὺ
3482 4137 3614 4173 ναυ-

340 4198 524 4262 τικὸν,
552 4203 645 4252 καὶ
675 4201 810 4262 τέως
844 4200 1123 4271 ἐχώρησεν
1180 4200 1269 4273 ῙΡ.
1298 4200 1390 4275 40]
1436 4207 1517 4268 είς
1560 4205 1736 4274 οὐδὲν,
1768 4208 1921 4277 ἄξιον
1944 4210 2071 4267 οὔτε
2107 4215 2153 4247 ⁸³
2180 4214 2276 4269 τοῦ
2324 4214 2565 4285 πλήθους
2615 4214 2727 4268 τῶν
2768 4215 2906 4269 νεῶν
2959 4213 3085 4268 οὕτε
3136 4213 3249 4267 τῶν
3313 4217 3392 4278 είς
3440 4219 3612 4275 αὐτὰς

340 4288 758 4361 ἀναϐεϐηκότων
780 4293 991 4363 ἀνδρῶν
1020 4293 1483 4364 διαπραξάμενον.

414 4381 499 4437 16.
550 4380 688 4438 Hinc
727 4401 971 4455 quoque,
1010 4386 1314 4457 cujusjam
1351 4386 1728 4461 meminimus,
1782 4391 1922 4450 Gre-
1949 4406 2004 4469 D

340 4474 551 4542 gorius,
584 4490 708 4529 cum
747 4476 1085 4533 desertorem
1124 4477 1392 4534 Thomam
1422 4482 1635 4554 exigua
1684 4485 1926 4540 auctori-

340 4571 469 4623 tatis
503 4582 645 4631 esse,
671 4570 1017 4639 multumque
1047 4571 1096 4625 ei
1123 4573 1366 4628 nominis
1392 4574 1714 4638 decessisse,
1742 4576 1928 4650 longe-

337 4677 443 4729 que
488 4662 727 4729 amplius
757 4662 832 4715 illi
882 4664 1231 4731 postmodum
1271 4664 1625 4720 decessurum
1655 4668 1926 4739 intellige-

338 4765 442 4817 rest,
506 4755 707 4825 quippe
761 4754 971 4811 homini
1028 4757 1136 4827 63
1176 4758 1388 4828 poculis
1449 4758 1655 4826 dedito,
1713 4770 1768 4817 ct
1837 4763 1925 4819 cui

341 4847 581 4902 maxime
622 4848 909 4917 prudentia
945 4849 1182 4916 deesset,
1211 4866 1316 4920 qua
1353 4852 1701 4920 potissimum
1730 4870 1795 4912 ac
1815 4870 1925 4925 prae

339 4940 489 4993 omni
524 4940 628 4994 alia
680 4941 881 4995 virtute
933 4951 1199 5011 parantur
1239 4942 1507 5008 victoriae,
1563 4955 1772 5012 partem
1821 4945 1924 5000 ali-

339 5044 503 5096 quam
533 5044 719 5083 secum
751 5043 1044 5087 assumens
1085 5031 1345 5101 subjectae
1376 5032 1628 5102 legionis,
1661 5034 1923 5106 priusque

340 5122 592 5176 iuonaclii
643 5122 929 5191 cujusdam
980 5124 1217 5189 studiani
1269 5125 1508 5194 collegii,
1546 5126 1599 5179 in
1644 5142 1767 5181 eam
1802 5143 1918 5183 rem

341 5214 517 5275 missi.
541 5228 705 5284 opera
732 5217 1140 5272 communicato
1160 5232 1285 5272 cum
1312 5218 1643 5287 imperatore
1662 5220 1913 5287 consilio,

335 5320 363 5355 a
416 5304 627 5373 reliquo
663 5321 720 5360 se
759 5311 1001 5362 exercitu
1047 5308 1251 5374 avellit,
1300 5319 1641 5379 tyrannoque
1686 5325 1717 5363 a
1764 5318 1918 5382 tergo

333 5395 561 5460 secedit,
588 5406 701 5452 tum
734 5409 793 5453 ut
826 5400 978 5454 illum
1026 5409 1328 5456 exterreret
1359 5415 1424 5456 ac
1471 5401 1785 5457 turbatione
1812 5404 1914 5457 im-

2102 4399 2200 4459 ις’.
2237 4392 2408 4448 Ὅθεν
2440 4391 2535 4446 καὶ
2563 4390 2863 4462 Γρηγόριος
2887 4391 2916 4442 ὁ
2950 4389 3212 4460 δηλωθεὶς
3249 4391 3613 4460 συνεωρακὼς

2022 4486 2187 4541 αὐτόν
2216 4502 2275 4538 τε
2306 4482 2496 4538 τοῦτον
2527 4482 2618 4535 τὸν
2641 4484 2955 4552 ἀποστάτην
2976 4483 3458 4554 εὐκαταφρόνητον
3479 4484 3608 4535 ὄντα

2023 4596 2083 4632 τε
2108 4580 2202 4631 καὶ
2229 4577 2394 4631 πλέον
2422 4577 2703 4647 προϊόντος
2732 4574 2827 4627 τοῦ
2866 4577 3063 4645 χρόνου
3088 4576 3479 4646 γενησόμενον,
3510 4576 3607 4629 ire

2021 4660 2105 4740 δη
2135 4670 2321 4732 πότοις
2374 4667 2705 4738 σχολάζοντα
2761 4667 2856 4719 καὶ
2900 4666 3233 4736 ’φρονήσεως
3273 4667 3607 4736 ἀμοιροῦντα

2025 4758 2166 4813 κατὰ
2197 4757 2353 4822 πολὺ,
2382 4757 2450 4813 δι’
2474 4753 2543 4829 ἦς
2570 4754 2850 4824 πεφύκασι
2894 4754 3099 4827 μᾶλλον
3130 4756 3163 4827 ἦ
3188 4756 3350 4811 ποθεν
3381 4756 3605 4811 ἂλλοθεν

2022 4854 2079 4907 ai
2108 4855 2259 4907 νῖκαι
2287 4849 2701 4924 προσγίνεσθαι,
2742 4850 2936 4921 μοῖράν
2980 4866 3104 4903 τινα
3141 4848 3241 4903 τοῦ
3291 4850 3381 4918 ὑφ’
3409 4851 3602 4907 ἑαυτὸν

2018 4945 2302 5016 τάγματος
2329 4942 2754 5013 συλλαϐόμενος,
2781 4940 2875 4994 καὶ
2910 4940 3177 5011 πρότερον
3198 4940 3253 4994 δὲ
3283 4942 3565 5011 κοινολογη
3587 4972 3600 4983 ρ

2020 5037 2253 5107 σάμενος
2286 5036 2364 5107 τῷ
2402 5035 2617 5106 βασιλεῖ
2641 5035 2729 5091 διὰ
2772 5034 3009 5106 μοναχοῧ
3048 5052 3194 5098 τινος
3215 5034 3310 5090 τοῦ
3341 5037 3448 5089 ἀπὸ
3492 5038 3601 5090 τῶν

2017 5128 2273 5183 Στουδίου
2302 5127 2397 5180 τοῦ
2420 5128 2466 5160 ⁸⁵
2496 5128 2761 5198 βασιλέως
2804 5128 3224 5190 ἀποσταλέντος,
3249 5129 3405 5201 ῥῆξιν
3428 5132 3601 5183 ἐννοεῖ

2017 5222 2109 5275 καὶ
2138 5220 2232 5275 τοῦ
2261 5221 2572 5275 ἀποστάτου
2590 5219 2799 5287 γίνεται
2825 5222 2966 5274 κατὰ
2987 5221 3179 5287 νώτου,
3198 5221 3335 5293 ὁμοῦ
3361 5223 3459 5291 μὲν
3478 5224 3600 5275 τοῦ-

2022 5328 2116 5365 τον
2145 5311 2482 5383 ἐκδειματῶν
2510 5312 2605 5365 καὶ
2653 5312 2887 5385 θορύϐου
2944 5313 3194 5385 πληρῶν,
3238 5314 3375 5382 ὁμοῦ
3416 5315 3471 5368 δὲ
3504 5317 3599 5368 καὶ

2023 5402 2133 5457 τῶν
2160 5405 2239 5467 είς
2267 5402 2491 5475 βασιλέα
2537 5401 2716 5475 ἑαυτῷ
2742 5403 3171 5474 ἡμαρτημένων,
3196 5403 3334 5458 ἀλλὰ
3371 5404 3477 5473 μὴν
3504 5406 3596 5457 καὶ

1612 5517 1850 5575 νΑΒΙᾹΞ
1876 5517 2283 5577 LECTIONES.

406 5599 451 5629 '°
478 5600 653 5680 άλλων
676 5603 890 5680 μᾶλλον
919 5604 1121 5676 οὔτηςῖ
1194 5609 1234 5639 ⁶¹
1273 5609 1636 5680 τετριμμένον
1665 5608 1726 5664 Ρ.

332 5669 445 5721 δίου
471 5670 573 5722 dab
614 5671 745 5724 τοῦἳ

1831 5612 1876 5644 ⁸⁸
1906 5610 2288 5683 εναπεράσαςῗ
2386 5608 2432 5641 ⁸³
2454 5624 2523 5664 an
2550 5609 2629 5672 είς
2659 5608 2833 5677 οὐδέν,
2867 5608 3021 5664 οὐδὲν
3078 5610 3227 5679 ἀξιον
3269 5610 3293 5664 2
3364 5612 3408 5645 ⁸⁸
3428 5612 3592 5665 Στου-
