3958 6034
321 246 387 308 Ὶῖ
1379 243 1520 303 LIB.
1561 243 1642 301 li.
1676 267 1742 278 --
1773 238 2114 300 MICIIAEL
2155 236 2654 298 AMORIENSIS.
3547 231 3619 295 78

329 370 393 437 τῇ
425 365 589 420 αὑτοῦ
617 367 840 437 γαμετῇ
873 364 967 417 καὶ
1001 364 1111 424 τοῖς
1137 360 1343 426 τέκνοις
1378 363 1495 432 (καὶ
1525 361 1638 431 γὰρ
1667 358 1931 429 ἐτηροῦν-

2053 364 2226 422 ηειιρι,
2266 366 2381 413 tmn
2416 372 2545 413 vero
2578 365 2638 411 ut
2681 356 2782 411 sibi
2823 355 2960 424 ipse,
2991 354 3123 423 quin
3152 362 3205 408 et
3251 351 3406 408 uxori
3460 359 3519 410 ct
3555 353 3624 412 li-

333 478 394 515 το
421 464 481 513 ἐν
507 458 726 529 φυλακῇ
763 458 979 511 ἐκείνου
1016 456 1093 525 τῷ
1123 456 1294 526 Θωμᾷ
1341 452 1742 527 προσθεμένου)
1779 450 1931 506 διαλ-

338 552 508 621 λαγὴν
539 551 638 604 καὶ
669 547 1009 622 συγγνώμην
1040 547 1587 618 πραγματευόμενος.
1627 545 1770 597 Ἀλλ’
1803 542 1931 598 οὔτε

342 644 370 695 6
402 642 657 713 βασιλεὺς
702 639 886 695 ταῦτα
937 641 1143 708 ἔφθασε
1195 638 1518 693 διακοῦσαι·
1571 640 1652 703 εἰς
1679 638 1934 691 τοσοῦτην

347 737 455 808 γὰρ
485 735 886 790 ἀπεκέκλειστο
915 733 1140 788 καὶτῶν
1169 734 1392 802 ἔξωθεν,
1416 732 1527 787 οὐδ’
1556 735 1605 787 εί
1627 733 1740 785 τῶν
1767 733 1934 802 ἐγγὺς

352 831 510 898 μόνον
545 846 654 895 τις,
708 828 830 883 ἀλλ’
876 829 984 883 οὐδ’
1040 829 1091 882 εί
1141 828 1252 881 τῶν
1301 828 1638 900 πορρωτέρω
1671 826 1737 881 τὰ
1768 825 1934 881 αὐτοῦ

346 920 622 993 ᾑρημένος
655 920 944 991 ἐτύγχανε.
970 920 1082 974 Καὶ
1107 922 1136 974 6
1157 919 1357 991 Θωμᾶς
1378 921 1440 974 τὸ
1472 918 1550 991 μὴ
1579 919 1746 973 πολὺν
1788 919 1937 985 65a!-

348 1031 484 1084 φνης
514 1012 708 1068 τοῦτον
739 1013 995 1082 γενέσθαι
1017 1013 1402 1085 κατορῤωδῶν,
1431 1013 1526 1066 καὶ
1549 1011 1712 1082 φόϐον
1744 1014 1803 1064 ἐν
1823 1014 1938 1077 τοῖς

348 1103 544 1159 ἐαυτοῦ
595 1103 823 1174 ποιῆσαι
873 1104 1219 1176 βουλόμενος,
1259 1105 1360 1171 τὴν
1392 1104 1492 1175 μὲν
1516 1104 1938 1176 στρατοπεδείαν

346 1197 446 1264 τῆς
475 1195 685 1263 «plu»;
715 1195 818 1249 οὐκ
864 1195 1170 1267 ἐξεκίνησε,
1225 1197 1393 1249 ταυτδ
1419 1195 1578 1249 τοῦτο
1616 1195 1938 1267 προμηθούο

351 1305 537 1360 μενος,
571 1287 669 1343 καὶ
722 1288 972 1360 προνοῶν
1026 1288 1090 1341 τὸ
1128 1289 1206 1360 μὴ
1245 1288 1551 1359 ⁸διωχθῆναι
1613 1287 1932 1353 ἐξόπισθεν·

346 1379 564 1448 ὀλίγους
595 1377 652 1430 δέ
680 1394 857 1443 τινας,
877 1377 974 1432 καὶ
997 1378 1159 1442 ὅσους
1178 1378 1299 1449 ᾔδει
1325 1377 1641 1448 ἀξιοχρέους
1668 1376 1772 1447 τῆς
1802 1377 1940 1448 πρὸς

347 1474 441 1525 τὸν
467 1471 775 1544 Γρηγόριον
807 1471 989 1543 μάχης
1021 1471 1207 1537 ὄντας,
1247 1470 1584 1542 παραλαϐὼν
1617 1468 1766 1541 ἐξῄει
1803 1471 1940 1541 πρὸς

349 1564 532 1626 a’Mv,
565 1564 658 1618 καὶ
685 1562 1028 1634 περιγίνεται
1064 1562 1280 1625 τούτου,
1337 1562 1437 1616 καὶ
1465 1563 1738 1631 φεύγοντα
1769 1579 1938 1615 κατα⁹

349 1655 532 1712 λασὼν
562 1657 797 1727 ἀναιρεῖ.
832 1657 942 1710 Καὶ
971 1651 1128 1718 αὖθις
1181 1656 1274 1709 διὰ
1308 1656 1522 1724 ταχέων
1550 1655 1687 1727 πρὸς
1715 1653 1814 1719 τὰς
1844 1654 1938 1708 δυο

347 1750 546 1819 νὰμεις
600 1726 702 1813 τάξ
756 1748 1232 1820 προσεδρευοῦσας
1259 1751 1327 1820 τῇ
1357 1749 1513 1802 πόλει
1557 1726 1790 1817 γίνεται,
1847 1748 1946 1801 καὶ
1979 1726 2020 1782 Β

348 1843 678 1914 γράμμασιν
693 1842 1027 1897 ἐπιστέλλων
1047 1842 1116 1896 τὰ
1134 1840 1328 1896 ἐαυτοῦ
1364 1841 1752 1912 περιαγγέλλει
1769 1842 1944 1896 ἁπαν-

347 1936 540 2005 ταχοῦ.
573 1934 649 2000 ὥς
680 1935 767 2010 εἴη
797 1951 860 1989 τε
912 1932 1241 2006 νενικηκὼς,
1290 1934 1433 2006 ὅπερ
1479 1932 1581 1986 οὐκ
1609 1927 1710 2004 ἦν,
1743 1932 1840 1986 καὶ
1883 1932 1946 1986 τὸ

348 2027 770 2100 πῳσχωριάζον
827 2027 971 2082 κατὰ
1022 2027 1128 2098 τὴν
1171 2024 1398 2082 Ἐλλάδα
1445 2027 1702 2080 ναυτικὸν
1733 2023 1946 2096 ταχέως

350 2117 594 2174 κελεύων
646 2117 974 2190 ἀναχθῆναι,
1028 2120 1106 2183 ὠς
1137 2113 1297 2182 αὖθις
1325 2117 1442 2181 τοῖς
1474 2115 1620 2171 κατὰ
1664 2115 1947 2172 θάλασσαν

350 2213 683 2284 προσϐάλλοι
747 2213 890 2284 μετὰ
953 2213 1317 2286 στερῤοτέρας
1370 2210 1658 2280 δυνάμεως
1698 2211 1944 2282 μέρεσιν.

363 2307 506 2361 Ἀλλ’
538 2309 747 2361 ἐκεῖναι
779 2307 880 2376 μὲν
911 2307 992 2369 εἰς
1026 2305 1260 2378 ἀριθμὸν
1310 2302 1565 2358 τελοῦσαι
1605 2305 1946 2375 πεντήκοντα

353 2401 490 2470 πρὸς
545 2401 668 2464 ταῖς
698 2400 1044 2471 τριακοσίαις
1077 2397 1531 2469 πολεμιστηρίας
1559 2396 1678 2466 ἅμα
1718 2397 1938 2467 διήρεσι

351 2494 443 2546 καὶ
479 2497 811 2562 σιταγωγοῖς
841 2492 920 2565 τῷ
946 2491 1057 2546 τῶν
1089 2491 1334 2562 Βυρίδων
1357 2491 1403 2523 ⁸⁸
1429 2489 1574 2543 κατὰ
1613 2489 1840 2561 Θρᾴκην
1867 2489 1948 2542 λιν

353 2586 476 2654 μένι
539 2584 1055 2656 ἐγκαθορμίζονται,
1103 2583 1165 2649 ἐξ
1210 2582 1401 2655 οὐρίας
1453 2582 1738 2636 πλέουσαι.
1769 2583 1880 2636 Καὶ
1918 2584 1948 2636 6

353 2677 634 2747 βασιλικὸς
661 2677 719 2730 δὲ
756 2677 1042 2748 πυρφόρος
1080 2674 1269 2740 στόλος
1314 2673 1529 2737 τούτοις
1575 2672 1746 2743 μηδὲν
1777 2673 1948 2739 ἐγνω-

353 2773 509 2825 κόσιν
543 2771 725 2824 ἐκεῖσε
751 2768 1026 2832 ἐπιτεθεὶς
1055 2767 1260 2828 πολλὰς
1296 2768 1398 2838 μὲν
1427 2767 1765 2838 αὐτάνδρους
1796 2766 1949 2836 αίρεί

351 2864 463 2918 τῶν
500 2863 671 2935 νηῶν,
693 2861 846 2925 τινὰς
867 2861 926 2915 δὲ
962 2863 1058 2915 καὶ
1089 2859 1361 2932 πυρπολεῖ
1393 2859 1747 2932 δυνατωτάτη
1779 2856 1944 2927 χειρὶ,

352 2959 554 3026 ὀλίγων
615 2957 899 3022 παντελῶς
945 2957 1052 3024 ἔξω
1109 2955 1420 3026 γενομένων
1453 2954 1552 3010 τοῦ
1607 2953 1818 3016 πάθους
1851 2951 1947 3005 καὶ

2041 449 2188 505 beris
2223 451 2371 522 (nam
2411 460 2466 504 et
2517 449 2640 503 illos
2691 448 2945 513 Michael,
2993 464 3104 518 quo
3144 464 3208 503 ex
3261 457 3507 518 tempore
3555 449 3624 504 ad

2041 542 2308 598 Thomam
2337 542 2635 603 defecerat,
2660 541 2713 594 in
2744 557 2967 596 carcere
2999 541 3276 610 habebat),
3321 541 3626 612 maiestatis

2043 636 2254 691 scilicet
2303 653 2453 699 reus,
2500 637 2714 690 veniam
2768 636 3271 706 indulgentiamth
3333 637 3622 692 obtineret.

2047 730 2150 784 Sed
2198 746 2373 798 neque
2421 731 2716 799 imperator
2768 745 2879 783 rem
2936 730 3117 785 adhuc
3162 729 3414 784 audierat
3470 731 3628 797 (adeo

2044 824 2190 876 enim
2242 825 2422 876 omnis
2471 832 2623 876 extra
2669 833 3011 878 commeatus
3037 825 3294 879 occlusus
3332 823 3496 894 erat),
3527 840 3629 879 nec

2046 916 2092 970 si
2126 916 2274 986 quis,
2305 933 2410 970 non
2444 917 2622 970 solum
2657 933 2845 970 eorum
2886 917 2978 985 qui
3009 932 3178 988 prepe
3219 926 3405 972 essent
3437 934 3624 972 verum

2044 1010 2211 1063 etiam
2263 1010 2358 1079 qui
2406 1009 2622 1078 longius
2674 1010 2948 1073 abessent,
2998 1010 3120 1079 ejus
3174 1020 3358 1080 partes
3407 1020 3631 1068 secutus

2045 1116 2212 1161 esset.
2266 1103 2513 1158 Thomas
2567 1113 2748 1158 autem
2805 1105 3011 1157 veritus
3069 1119 3141 1158 ne
3195 1106 3379 1159 subito
3431 1121 3630 1176 magna

2046 1198 2298 1268 Gregorii
2362 1197 2661 1252 auctoritas
2723 1195 2899 1259 ﬁeret,
2956 1195 3114 1262 isque
3169 1197 3286 1250 suis
3339 1197 3632 1252 ordinibus

2045 1301 2316 1347 terrorem
2367 1291 2642 1360 injiceret,
2675 1289 2813 1343 nihil
2849 1287 3026 1344 soluta
3061 1289 3348 1344 obsidione
3399 1297 3495 1343 aut
3536 1306 3630 1346 ea-

2047 1385 2178 1441 stris
2228 1384 2296 1438 ab
2333 1386 2465 1438 urbe
2491 1383 2740 1445 dimotis,
2780 1385 2977 1437 timens
3021 1397 3090 1437 ne
3118 1398 3177 1437 se
3203 1383 3381 1437 hostis
3412 1399 3441 1436 a
3478 1393 3632 1456 tergo

2050 1478 2454 1544 insequeretur,
2499 1490 2704 1545 paucos
2756 1474 2997 1541 aliquos,
3048 1488 3115 1529 ac
3157 1483 3396 1544 quantos
3446 1477 3634 1546 oppri-

2049 1570 2248 1625 mendo
2304 1569 2568 1640 Gregorio
2615 1566 2862 1622 sullicere
2911 1566 3265 1631 exiSIimavit,
3321 1566 3631 1634 assumens,

2049 1664 2106 1719 in
2139 1663 2290 1719 illum
2318 1663 2540 1727 educit;
2576 1662 2874 1731 praelioqne
2909 1659 3093 1716 fusum
3131 1673 3195 1714 ac
3228 1660 3283 1714 in
3320 1660 3446 1730 fuga
3483 1678 3635 1718 com—

2049 1755 2379 1826 prehensum
2432 1753 2668 1808 necavit.
2706 1751 2952 1820 Hincque
2991 1751 3243 1805 celeriter
3275 1752 3342 1807 ad
3395 1754 3634 1823 reliquas

2047 1849 2236 1919 copias
2261 1847 2448 1904 urbem
2480 1845 2796 1901 obsidentes
2835 1858 3089 1897 reversus
3122 1842 3330 1898 litteras
3363 1842 3416 1896 in
3441 1859 3634 1899 omnes

2048 1951 2252 2014 partes,
2288 1940 2490 2013 quibus
2521 1938 2624 1993 sibi
2663 1937 2948 1992 victoriam
2983 1934 3105 2006 (etsi
3153 1935 3312 2004 falso)
3347 1938 3636 1993 manifeste

2047 2044 2354 2107 arrogaret,
2415 2033 2601 2099 dedit;
2634 2034 3032 2103 ;classemque,
3083 2048 3252 2104 quam
3309 2033 3363 2088 in
3428 2033 3638 2090 Achaia

2049 2128 2311 2192 habebat,
2353 2127 2421 2182 ad
2453 2142 2515 2184 se
2543 2141 2709 2198 quam
2752 2127 2994 2196 primum
3042 2125 3240 2182 adduci
3287 2126 3468 2198 jubet,
3526 2142 3637 2198 quo

2048 2236 2243 2276 rursus
2273 2219 2721 2275 instructioribus
2743 2219 2916 2289 c0piis
2949 2219 3087 2275 mari
3109 2234 3348 2292 pugnam
3380 2235 3640 2275 consere-

2047 2325 2152 2371 ret.
2200 2314 2313 2388 64.
2349 2314 2654 2370 Constabat
2681 2315 2771 2369 illa
2819 2331 2942 2369 cum
2972 2313 3116 2370 bello
3146 2315 3289 2386 aptis
3318 2315 3638 2380 biremibus.

2049 2419 2161 2466 turn
2189 2409 2460 2465 onerariis
2495 2407 2755 2462 trecentis
2784 2406 3186 2477 quinquaginta
3211 2406 3477 2470 navibus;
3518 2422 3642 2478 qute

2045 2513 2103 2558 et
2153 2503 2303 2557 brevi
2341 2500 2600 2556 secundis
2628 2499 2781 2555 auris
2813 2499 2880 2554 ad
2933 2499 3286 2570 Byridensem
3320 2500 3373 2552 in
3404 2498 3640 2555 Thracia

2047 2601 2267 2663 portum
2301 2592 2604 2661 appellunt.
2643 2591 3004 2661 lmperatoria
3039 2599 3224 2645 atem
3269 2591 3642 2662 scyphonibus

2050 2688 2324 2742 instructa
2374 2685 2591 2750 classis,
2637 2684 2749 2738 illic
2805 2684 2993 2739 hostes
3023 2685 3080 2738 in
3127 2682 3367 2739 statione
3391 2685 3644 2739 incautos

2049 2791 2337 2849 aggressa,
2367 2777 2574 2832 multas
2597 2792 2792 2832 eorum
2820 2791 2987 2830 naves
3007 2791 3132 2830 cum
3164 2776 3301 2846 ipsis
3329 2777 3644 2834 veCIoribns

2048 2871 2217 2939 capit,
2249 2870 2388 2924 alias
2422 2868 2472 2921 vi
2505 2870 2742 2930 maxima
2785 2868 3093 2932 comburit;
3126 2882 3316 2938 pauca:
3349 2867 3672 2924 admodum-

2046 2963 2190 3018 cladi
2218 2962 2544 3032 superstites
2574 2961 2738 3017 celeri
2774 2960 2899 3032 fuga
2931 2970 3151 3030 portum
3183 2960 3641 3016 Blachernensem

355 3053 498 3124 πρὸς
529 3053 624 3107 τὸν
679 3052 788 3106 τῶν
837 3049 1164 3120 Βλαχερνῶν
1215 3049 1417 3103 κόλπον
1467 3046 1751 3118 καταίρειν
1786 3045 1943 3115 λόγον

2053 3063 2265 3126 petunt,
2309 3054 2358 3108 id
2399 3055 2626 3109 omnino
2651 3061 2963 3123 satagentes
2986 3061 3048 3106 ut
3073 3051 3419 3106 terrestribus
3443 3051 3641 3122 c0piis.

355 3144 699 3216 ποιουμινων
751 3144 941 3212 πολὺν,
991 3144 1068 3206 ὡς
1095 3142 1165 3196 ἂν
1222 3138 1335 3197 εἷεν
1376 3141 1513 3211 ὁμοῦ
1557 3143 1623 3212 τῇ
1659 3140 1804 3194 κατὰ
1841 3138 1947 3210 γῆν

357 3241 592 3311 στρατιᾷ
611 3255 626 3269 ·
655 3237 687 3292 6
726 3240 822 3292 καὶ
854 3238 1095 3305 γέγονεν.
1123 3235 1207 3291 Τὰ
1255 3234 1354 3306 μὲν
1379 3235 1473 3288 οὖν
1503 3233 1647 3288 κατὰ
1675 3233 1948 3288 θάλατταν

353 3332 548 3386 τοῦτον
585 3332 918 3402 ἐκυϐερνᾶτο
950 3333 1047 3384 καὶ
1098 3328 1370 3399 ηὑθύνετο
1397 3329 1489 3382 τὸν
1535 3329 1740 3400 τρόπον
1761 3343 1776 3357 ’
1804 3325 1946 3380 κατὰ

356 3425 467 3495 γῆν
491 3425 549 3479 δὲ
577 3426 664 3479 ἀεί
713 3441 832 3486 πως
878 3421 1272 3493 ἀκροδολισμοί
1319 3438 1466 3486 τινες
1499 3423 1565 3475 ἐκ
1596 3420 1798 3492 μέρους
1851 3419 1949 3473 καὶ

357 3519 513 3587 φόνοι
538 3505 806 3585 ἐγένοντο,
845 3515 942 3568 νῦν
974 3516 1074 3586 μὲν
1111 3513 1207 3567 τοῦ
1221 3512 1466 3584 Μιχαὴλ,
1495 3511 1592 3566 νῦν
1618 3511 1675 3566 δέ
1709 3511 1804 3564 τοῦ
1827 3508 1947 3564 υἱοῦ

358 3607 527 3663 αὐτοῦ
579 3607 839 3677 Θεοφίλου
884 3607 1070 3668 αὐτοῖς
1118 3603 1434 3670 ἐπεξιόντος
1479 3602 1622 3675 μετά
1663 3600 1948 3657 Ὀλϐιανοῦ

361 3699 450 3775 [Ρ.
478 3699 571 3773 41]
596 3701 692 3753 καὶ
729 3698 1051 3763 Κατάκυλα,
1085 3697 1182 3751 καὶ
1205 3695 1424 3766 πληγὰς
1458 3693 1572 3749 ἐσθ’
1605 3695 1694 3748 ὅτε
1727 3693 1950 3765 καιρίας

358 3791 596 3854 διδόντος
633 3807 693 3844 τε
724 3789 820 3844 καὶ
852 3789 1257 3858 λαμϐάνοντοςο
1290 3787 1355 3840 οὐ
1399 3787 1506 3857 μὴν
1541 3784 1757 3855 ἀγῶνές
1803 3801 1951 3849 τινες

359 3885 608 3956 λαμπροὶ
635 3883 732 3938 καὶ
764 3882 1006 3937 νεανικοὶ
1054 3883 1121 3935 ἐκ
1149 3880 1513 3952 παρατάξεως
1547 3880 1642 3932 καὶ
1670 3876 1772 3947 τῆς
1800 3878 1951 3947 ίσοῤ-

365 3980 536 4052 ρόπου
569 3977 850 4048 δυνάμεως
889 3973 1049 4045 ἔσχον
1070 3973 1134 4028 τδ
1162 3972 1357 4044 κῦρος,
1397 3973 1495 4027 ἅτε
1529 3970 1596 4042 δὴ
1626 3957 1815 4042 πολλῷ·
1855 3969 1954 4024 τοῦ

361 4070 582 4144 Μιχαὴλ
605 4067 1004 4139 ἐλαττουμένου
1054 4067 1149 4120 καὶ
1187 4064 1265 4137 μὴ
1315 4064 1456 4137 πρὸς
1484 4062 1586 4134 τὴν
1615 4063 1828 4116 ἐκείνου
1861 4059 1954 4114 eb-

361 4164 534 4230 ζωνόν
567 4180 629 4217 τε
680 4162 776 4216 καὶ
804 4160 1039 4234 ἱππικὴν
1074 4160 1340 4234 στρατιὰν
1392 4155 1820 4212 ἀντιτάσσεσθαι
1862 4156 1952 4210 δυ-

363 4257 628 4312 νιιιὶνου.

480 4276 628 4310 ενου.

436 4276 525 4412 Ξ.
569 4348 660 4402 Ἐν
681 4344 896 4409 τούτοις
915 4341 1011 4399 οὖν
1037 4343 1209 4398 ὄντων
1230 4342 1434 4409 αὐτῶν,
1465 4342 1770 4414 Μορτάγων
1801 4343 1831 4397 6
1847 4342 1956 4396 τῶν

2049 3149 2197 3222 quod
2253 3157 2311 3202 et
2372 3148 2444 3201 ita
2495 3147 2743 3218 contigit,
2794 3147 3174 3216 junget‘entur.
3228 3146 3321 3200 Sic
3366 3162 3454 3201 res
3507 3148 3647 3202 mari

2051 3241 2365 3310 gerebatur,
2399 3237 2655 3307 felicique
2695 3237 2832 3293 adeo
2878 3239 3052 3291 exitu.
3085 3236 3256 3293 Terra
3291 3255 3421 3292 vero
3465 3238 3647 3293 conti-

2051 3349 2175 3388 nua:
2216 3347 2384 3403 prope
2431 3329 2708 3400 sigillalim
2757 3337 2916 3382 erant
2960 3328 3304 3383 Velitationes
3357 3331 3650 3398 caedesque

2049 3425 2376 3486 edebantur,
2429 3422 2592 3477 modo
2627 3419 2912 3486 Michaele,
2952 3420 3116 3474 modo
3161 3420 3283 3489 ejus
3313 3419 3426 3474 lilio
3457 3418 3646 3477 Theo-

2053 3518 2201 3591 philo
2253 3532 2377 3571 cum
2419 3514 2653 3570 Olbiano
2703 3523 2757 3570 ct
2790 3513 3052 3584 Catacyla
3112 3513 3375 3568 adversus
3431 3515 3648 3568 hostem

2051 3626 2184 3667 suos
2235 3607 2777 3665 educente.-llorum
2836 3607 3150 3676 praeliorum
3207 3606 3394 3661 varius
3441 3607 3646 3670 exitus,

2050 3704 2305 3775 dataque
2361 3709 2416 3757 et
2479 3711 2715 3770 accepta
2778 3715 2939 3769 atque
2984 3714 3123 3770 pene
3168 3706 3346 3753 marte
3415 3699 3651 3754 subinde

2053 3805 2288 3867 strages.
2349 3795 2509 3850 Justa
2565 3802 2747 3848 tamen
2801 3806 2980 3861 pugna
3016 3805 3299 3861 nunquam
3355 3798 3646 3853 certatum,

2052 3903 2120 3945 eo
2149 3888 2296 3960 quod
2328 3888 2625 3957 imperator
2673 3900 2800 3941 eum
2831 3887 3012 3947 hoste,
3043 3884 3206 3952 cuius
3234 3892 3421 3938 essent
3454 3898 3648 3938 inunc-

2053 3982 2300 4038 rosiores
2359 3980 2736 4051 expeditaque
2806 3992 2873 4032 ac
2931 3984 3223 4046 equestres
3288 3977 3482 4046 copiae,
3541 3976 3649 4030 arti

2057 4072 2317 4146 congredi
2354 4089 2462 4127 non
2501 4079 2708 4142 posset.

2136 4337 2225 4390 l7.
2257 4337 2336 4392 Eo
2382 4349 2566 4388 rerum
2619 4341 2794 4396 statu,
2832 4330 3118 4399 Mortagon
3147 4330 3507 4401 Bulgarorum
3545 4331 3648 4385 im-

368 4441 698 4511 Βουλγάρων
724 4437 980 4508 βασιλεὺς
1011 4437 1129 4506 (καὶ
1159 4436 1270 4508 γὰρ
1294 4433 1529 4504 ἔφθασεν
1553 4437 1587 4505 η
1622 4436 1780 4507 φήμη
1809 4435 1947 4489 κατὰ

2064 4438 2306 4502 perator,
2344 4427 2487 4481 fama
2527 4425 2763 4490 excitus,
2791 4440 2915 4494 qua:
2941 4426 3053 4494 jam
3094 4432 3272 4477 totum
3303 4424 3490 4478 orbem
3528 4439 3652 4494 per-

364 4536 465 4606 τὴν
496 4530 827 4604 οἰκουμένην
867 4528 960 4584 τδν
991 4528 1220 4600 βασιλέα
1263 4527 1375 4583 τῶν
1417 4526 1705 4596 Ῥωμαίων
1736 4526 1947 4596 πολιοί).

2066 4531 2306 4591 vaserat,
2380 4520 2753 4576 Romanorum
2821 4519 3206 4588 imperatorem
3260 4517 3404 4570 intra
3465 4532 3652 4573 muros

364 4627 635 4695 κούμενον
693 4622 1113 4692 διαγγέλλουσα)
1169 4621 1348 4693 λάθρα
1404 4618 1557 4684 τινὰς
1616 4622 1675 4682 ἐς
1729 4615 1947 4688 βασιλέα

2066 4619 2357 4674 obsessum
2388 4613 2583 4677 teneri,
2623 4608 2794 4668 misso
2831 4612 2968 4666 clam
3004 4610 3070 4665 ad
3099 4608 3418 4664 Miehaelem
3459 4611 3654 4665 nuntio

368 4721 597 4791 πέμψας
627 4716 1009 4785 ἐξαποστεῖλαι
1067 4715 1363 4784 αὐτομάτῳ
1389 4710 1584 4782 γνώμη
1635 4711 1958 4783 συμμαχίαν

367 4809 793 4879 καθυπισχνεῐτο
842 4806 932 4860 καὶ
972 4802 1228 4875 βοήθειαν
1255 4800 1406 4874 αὒτῷ
1438 4801 1536 4871 τὴν
1567 4798 1848 4870 ἀρκοῦσαν
1878 4800 1963 4854 δι·

367 4905 521 4957 δόναι
549 4899 949 4969 καθωμολόγει.
987 4895 1129 4950 Ἀλλ’
1150 4895 1181 4948 ὃ
1208 4911 1273 4963 γε
1301 4891 1548 4964 Μιχαὴλ,
1595 4893 1708 4946 εἴτε
1733 4896 1800 4964 τῇ
1831 4893 1964 4962 ἁλη-

371 4995 496 5067 θείᾳ
520 4993 585 5047 τὸ
614 4991 726 5045 τῶν
754 4989 1044 5060 ὁμοφύλων
1073 4986 1280 5057 πλῆθος
1321 4986 1752 5057 καταιδούμενός
1779 5005 1840 5040 τε
1868 4991 1964 5043 καὶ

369 5086 560 5152 ἐλεῶν,
592 5085 705 5139 εἴτε
736 5083 827 5137 καὶ
846 5081 1152 5153 χρημάτων
1186 5079 1508 5150 φειδόμενος
1534 5080 1824 5150 (ἐτύγχανε
1852 5080 1964 5154 γὰρ

372 5183 470 5235 ἐπὶ
495 5179 632 5234 πολὺ
659 5179 755 5240 τὰς
780 5178 971 5248 χεῖρας
998 5174 1106 5228 τῶν
1142 5172 1320 5229 ἄλλων
1347 5169 1616 5243 βασιλέων
1647 5174 1737 5241 ὑφ’
1766 5175 1961 5229 ἑαυτὸν

371 5275 514 5344 ἔχων
542 5274 609 5324 ἐκ
639 5268 974 5344 φειδωλίας).
1000 5266 1100 5336 τὴν
1125 5265 1223 5336 μὲν
1249 5263 1474 5333 γνώμην
1500 5265 1655 5333 ἠξίου
1688 5266 1964 5337 ἀποδοχῆς

369 5369 590 5431 τούτου,
619 5365 922 5436 παρῃτεῖτο
940 5361 996 5414 δὲ
1017 5360 1118 5429 τὴν
1148 5357 1315 5411 αὑτοῦ
1342 5355 1619 5428 βοήθειαν,
1663 5358 1759 5410 καὶ
1788 5358 1890 5411 οὐκ
1912 5358 1967 5411 εἴ

373 5479 425 5514 τι
449 5460 662 5528 γίνοιτο
696 5455 845 5525 παρὰ
875 5451 970 5505 τοῦ
1002 5450 1340 5512 ἀποστάτου,
1371 5446 1663 5516 βούλεσθαι
1707 5448 1807 5519 τὴν
1838 5451 1964 5502 ἐπι-

376 5555 604 5627 κοιρεαν
636 5549 787 5620 αὐτῷ
816 5546 1186 5616 κατεμήνυεν.
1232 5540 1375 5595 Ἀλλ’
1399 5541 1428 5594 ὅ
1456 5559 1518 5611 γε
1543 5543 1853 5614 Μορταγων
1871 5544 1966 5598 καὶ

2067 4709 2213 4765 ultro
2267 4724 2328 4765 se
2389 4705 2592 4762 auxilia
2642 4705 2941 4760 missurum
2998 4703 3285 4772 pollicetur
3343 4716 3409 4755 ac
3463 4702 3652 4770 copias

2063 4808 2284 4875 quantm
2335 4801 2603 4856 adversus
2656 4798 2869 4854 hostem
2919 4795 3253 4852 sumcercnt.
3287 4794 3356 4848 At
3387 4792 3497 4866 65
3538 4793 3648 4861 ille,

2063 4897 2180 4954 sive
2235 4908 2427 4950 revera
2483 4889 2884 4957 Romanorum,
2926 4889 2980 4941 in
3020 4885 3247 4941 Τὴοιιιεε
3308 4888 3506 4941 castris
3545 4885 3652 4936 mi-

2063 4987 2365 5051 litantium,
2394 4982 2700 5040 reverentia
2748 4981 2915 5050 inque
2973 4993 3069 5033 eos
3120 4977 3492 5041 miseratione,
3536 4977 3653 5032 sive

2065 5081 2203 5136 alias
2256 5077 2589 5149 parcendum
2637 5073 2952 5142 sumptibus
2982 5069 3219 5125 ducebat
3264 5065 3470 5138 (nullus
3505 5069 3651 5122 enim

2073 5185 2314 5240 unquam
2362 5169 2754 5236 imperatorum
2800 5165 2896 5219 illo
2929 5161 3036 5217 fuit
3069 5160 3399 5229 sordidior),
3433 5158 3653 5214 laudato

2072 5263 2292 5333 Bulgari
2340 5261 2620 5331 proposito
2654 5259 2855 5312 auxilia
2905 5254 3199 5321 recusavit,
3243 5269 3344 5308 nec
3386 5252 3652 5323 quidquid

2071 5356 2292 5412 demum
2327 5363 2588 5424 tyrannus
2627 5349 2959 5419 praestiterit,
2994 5346 3077 5401 eis
3134 5361 3193 5400 se
3224 5360 3451 5399 usurum
3481 5340 3652 5413 signi-

2073 5446 2277 5502 ﬁcavit.
2306 5445 2585 5512 .‘iortagon
2614 5451 2817 5505 tamen,
2856 5449 2913 5494 ut
2955 5439 3049 5509 qui
3081 5431 3287 5508 alioqui
3314 5435 3474 5492 bellis
3509 5447 3651 5506 pra-

2073 5540 2252 5610 daque
2309 5554 2373 5592 ac
2419 5536 2608 5606 spoliis
2662 5535 2947 5606 gauderet,
3012 5530 3302 5600 {adusque
3354 5528 3652 5584 tricennatu

1688 5657 1922 5716 VARUE
1965 5654 2375 5714 LECTIONES.

479 5741 526 5774 ⁸⁸
559 5739 656 5794 alii
692 5733 974 5806 Βηρύδων.
1005 5743 1196 5802 ωειςεο
1245 5726 1496 5785 Combef.
