3958 6034
328 250 401 364 εν
498 360 509 364 Δ
994 338 1000 343 ι
1332 267 1480 332 LIB.
1525 270 1609 334 II.
1645 297 1713 311 -·
1753 274 2097 342 MICBAEL
2125 281 2622 350 AMORIENSIS.
3554 301 3626 364 90

331 359 443 468 τῶν
487 360 819 468 απιυκτῶν,
854 370 995 426 ἀλλὰ
1038 374 1132 428 καὶ
1181 376 1317 448 πρὸς
1367 379 1518 445 λείας
1561 381 1806 456 χωροῦσι
1851 386 1927 438 κα

2049 398 2234 446 autem
2290 409 2392 450 nec
2445 396 2499 450 in
2548 397 2870 467 appulsione
2917 413 3019 456 nec
3061 404 3421 460 esscensione
3469 408 3630 468 triste

341 454 476 526 πρὸς
506 455 778 529 ἁρπαγὰς
816 463 1067 538 εὐχερῶς
1098 465 1168 522 τὰ
1193 469 1294 538 τῆς
1316 471 1580 545 ἐπιϐολῆς
1608 454 1669 528 τί
1700 476 1798 530 καὶ
1820 477 1945 530 ἑπι-

341 545 651 617 χειρήσεως
685 551 1042 626 ἐπεραίνετο,
1072 559 1202 621 τοὺς
1233 559 1334 631 μὲν
1359 561 1703 634 ἐπιτηδείους
1730 564 1812 629 είς
1843 567 1945 629 τὰς

349 639 600 710 συνήθεις
631 645 930 716 προνομὰς
949 647 1248 704 ἀπέστελλε
1274 650 1796 727 δουλαγωγήσοντας
1816 659 1944 723 τοὺς

351 731 601 803 ἐχθροὺς,
652 737 825 802 αὐτὸς
858 739 1097 809 δεδιὼς
1125 741 1349 808 λοιποὺς
1388 745 1550 817 ἔχων,
1582 747 1711 821 ἄρτι
1749 750 1815 821 δή
1846 749 1944 805 τοῦ

355 824 674 897 πνεύματος
704 832 1127 901 ἐπακμάζοντος
1159 836 1430 893 κάκείνων
1461 838 1580 912 ἃμα
1605 843 1944 916 πορρωτέρω

358 919 590 974 σταδίων
617 920 752 976 δέκα
777 921 812 995 ἢ
839 922 1137 980 δεκαπέντε
1165 943 1331 1000 γενομ
1343 928 1501 994 ἐνων,
1541 931 1655 1005 πῦρ
1687 935 1943 1005 ἐμϐαλὼν

349 1012 480 1075 ταῖς
507 1014 698 1068 ναυσὶν
726 1015 946 1081 ἁπάσας
979 1019 1301 1091 κατέφλεξε,
1336 1025 1665 1096 φεισάμενος
1700 1027 1766 1082 τὸ
1797 1046 1940 1102 παρ-

352 1103 508 1159 άπαν
544 1106 831 1179 οὐδεμιᾶς.
867 1109 1021 1174 Τέως
1079 1113 1182 1184 μὲν
1232 1114 1327 1170 οὖν
1377 1115 1455 1186 τῷ
1489 1117 1782 1190 παραδόξῳ
1842 1119 1939 1175 τοῦ

349 1197 685 1269 πράγματος
724 1201 1172 1272 καταπλαγέντες
1202 1208 1349 1273 ἅπας
1379 1208 1444 1280 δή
1483 1209 1513 1262 6
1559 1211 1791 1282 στρατὸς
1825 1210 1942 1283 (καὶ⁸

348 1292 466 1362 γὰρ
503 1292 891 1350 ίπαλινόστουν
919 1296 1144 1369 εὐθέως)
1194 1302 1675 1373 ἐκδειματούμενοι
1713 1306 1813 1377 τὴν
1850 1308 1942 1359 al-

347 1384 480 1439 τίαν
502 1385 870 1444 ἐπυνθάνοντο
909 1393 1004 1446 καὶ
1031 1393 1112 1458 είς
1141 1393 1331 1463 λόγους
1363 1393 1526 1467 ἦλθον
1557 1399 1937 1469 νεωτερικοῦς.

360 1477 517 1534 Ἐπεὶ
573 1479 630 1534 δὲ
700 1485 1043 1556 κατήκουσαν
1094 1486 1132 1542 ἃ
1197 1488 1366 1542 πάλαι
1423 1489 1674 1546 ὡδίνοντο
1715 1492 1798 1556 θ’,
1861 1493 1939 1557 ὡς

342 1572 539 1626 Auro!
559 1589 624 1627 τε
653 1574 886 1630 τούτων
912 1577 1086 1647 ὑμεῖς
1109 1579 1154 1612 ⁸⁸
1174 1580 1463 1635 ἀποικίαν
1493 1579 1811 1650 ζητοῦντες
1837 1585 1935 1639 καί

337 1663 468 1734 τῆν
512 1665 771 1737 ἀγαθὴν,
803 1670 938 1740 ἐμοί
968 1688 1031 1725 τε
1062 1673 1286 1740 ταύτης
1315 1673 1602 1744 οὐδετέρα
1657 1676 1940 1745 κρείττων

336 1760 717 1830 νενόμισται,
751 1767 841 1831 εἰς
871 1765 920 1800 ⁸⁸
952 1765 1180 1835 ταύτην
1221 1761 1415 1836 ἦλθον
1471 1766 1620 1821 ὁδὸν
1664 1768 1808 1836 ὑμῖν
1875 1786 1940 1823 τε

331 1852 536 1921 ἀγαθὰ
571 1855 886 1926 προξενῶν
915 1857 1014 1912 καὶ
1043 1857 1148 1928 ἐμὲ
1171 1857 1283 1927 τῆς
1315 1857 1388 1922 ἐξ
1427 1858 1596 1929 ὑμῶν
1624 1858 1937 1915 ἀπαλλάτ-

331 1960 464 1998 των
493 1951 829 2020 ὀχλήσεως.
872 1949 964 2012 Ὠς
986 1949 1044 2005 δέ
1071 1952 1166 2004 καὶ
1195 1950 1471 2019 γυναικῶν
1499 1952 1808 2025 ἐμέμνηντο
1843 1953 1937 2008 καὶ

331 2042 554 2098 παίδων
597 2044 701 2097 οὖκ
757 2041 1094 2114 ὠλιγώρουν,
1139 2043 1246 2097 Kal
1290 2042 1596 2112 γυναῖκες,
1640 2044 1768 2115 ἔφη,
1817 2038 1934 2100 ὧδε

331 2137 618 2207 ὑμέτεραι
672 2139 736 2191 al
792 2136 1387 2206 αὶχμαλωτιζόμεναι,
1438 2137 1538 2191 καί
1596 2137 1812 2205 παῖδες
1860 2141 1932 2193 οὐ

323 2229 489 2301 μετὰ
511 2229 731 2299 μικρὸν
751 2228 800 2260 ⁸⁵⁸
843 2228 914 2292 ἐξ
940 2226 1160 2284 αὐτῶν.
1200 2228 1365 2282 Ὅθεν
1399 2231 1511 2291 τοῖς
1540 2229 1806 2291 τοιούτοις
1835 2247 1933 2283 κα-

335 2322 776 2391 τασιγασθέντες
806 2322 1010 2390 λόγοις,
1040 2323 1134 2376 καὶ
1171 2323 1444 2394 ἀποδοχῆς
1488 2322 1614 2386 ἄξια
1647 2323 1931 2392 κρίναντες

329 2411 407 2466 τὰ
437 2410 734 2481 λεγόμενα,
765 2412 978 2482 τάφρον
1025 2412 1125 2482 μὲν
1161 2411 1394 2480 ἤγειραν
1431 2412 1650 2482 πρῶτον
1683 2409 1926 2481 βαθεῖαν,

326 2506 431 2559 καὶ
467 2505 694 2577 χάρακα
747 2505 805 2558 ἐν
846 2505 1019 2575 ταύτῃ
1050 2503 1490 2574 καταπήξαντες,
1516 2502 1643 2557 ἔνθα
1688 2506 1782 2556 καὶ
1832 2503 1926 2557 νῦν

322 2597 516 2652 λαϐὼν
558 2599 660 2669 τὴν
697 2597 1022 2667 ἐπωνυμίαν
1052 2599 1081 2650 6
1104 2595 1270 2659 τόπος
1318 2592 1481 2659 σώζει
1513 2596 1614 2665 τήν
1647 2612 1923 2666 προσηγο-

329 2690 484 2761 ρίαν,
525 2688 746 2756 Χάνδαξ
793 2688 1217 2760 ὀνομαζόμενος,
1261 2689 1440 2743 ἐκεῖσε
1489 2686 1923 2758 διενυκτέρευον,

326 2785 588 2852 φυλακάς
625 2801 686 2837 τε
734 2782 838 2847 τὰς
891 2780 1279 2852 προσηκούσας
1331 2779 1648 2850 ποιούμενοι
1684 2779 1780 2834 καὶ¹
1825 2781 1924 2845 τὰς

324 2871 604 2940 ὡφελείας
629 2871 814 2927 αὐτῶν
840 2873 1019 2926 ἐκεῖσε
1047 2869 1609 2941 ἀποθησαυρίζοντες.

407 2982 442 3017 κ
451 2961 518 3034 β’.
537 2964 744 3034 Χρόνος
761 2962 818 3016 δέ
834 2961 1006 3034 ἐρρύη
1024 2961 1194 3025 πολὺς
1211 2961 1461 3030 οὐδαμῶς
1474 3004 1486 3025 ,
1508 2963 1602 3016 καὶ
1623 2961 1802 3017 πάντα
1829 2963 1920 3018 τὸν

2048 482 2257 554 aliquid
2296 486 2610 554 accidisset,
2646 489 2871 560 jamque
2925 491 3097 549 libere
3141 496 3349 565 prztlas
3401 515 3626 573 agerent

2045 590 2111 631 ac
2140 591 2513 646 excurrerent,
2544 579 2720 636 facilis
2751 584 2870 638 visa
2923 589 3203 655 aggressio
3227 599 3311 644 est
3338 592 3619 661 explendi-

2046 681 2154 739 que
2171 669 2388 724 consilii
2418 669 2755 728 ratio.Viros
2782 673 3006 733 idoneos
3033 694 3099 733 ex
3129 695 3284 738 more
3307 686 3623 755 papulatum

2046 759 2212 814 mittit
2245 761 2594 834 praedamque
2649 775 2908 832 acturos;
2939 769 3056 839 ipse
3101 787 3228 827 cum
3260 776 3507 844 reliquis,
3534 782 3625 836 uhi

2047 851 2138 908 isti
2171 854 2337 924 paulo
2373 854 2612 928 longius,
2650 857 2718 914 ad
2761 860 2949 944 decem
2983 864 3203 922 circiter
3242 869 3626 938 quindecimvc

2043 944 2242 1012 stadia,
2277 961 2681 1019 processerant,
2711 965 2878 1010 vento
2906 958 3072 1012 etiam
3101 959 3497 1031 invalescente,
3537 965 3625 1020 in-

2039 1036 2187 1106 jccto
2251 1039 2374 1108 igne
2421 1055 2617 1098 omnes
2655 1045 2723 1099 ad
2773 1063 2937 1103 unam
2974 1064 3144 1108 naves
3199 1053 3458 1112 incendit.
3500 1056 3624 1124 Quo

2043 1129 2225 1186 subito
2251 1132 2641 1204 conflagrantis
2696 1139 2888 1196 classis
2957 1148 3269 1213 spectaculo
3301 1151 3622 1219 perterritus

2041 1223 2224 1278 omnis
2260 1226 2537 1282 exercitus
2569 1237 2680 1282 tum
2711 1229 2857 1288 illico
2891 1233 2958 1288 ad
2987 1246 3167 1293 castra
3206 1242 3403 1296 reverti
3435 1244 3620 1312 εοερὶι,

2045 1322 2155 1368 tum
2188 1312 2427 1371 ferocius
2465 1319 2587 1388 ejus
2621 1323 2752 1376 tanti
2809 1322 3075 1379 facinoris
3137 1328 3401 1383 rationem
3457 1347 3622 1401 repo-

2041 1421 2216 1463 scere.
2256 1407 2337 1463 Ad
2365 1425 2504 1479 quos
2554 1411 2706 1468 dux:
2742 1411 2971 1468 Factum
2994 1427 3096 1482 est,
3136 1420 3329 1491 inquit,
3359 1425 3498 1492 quod
3533 1441 3620 1478 eos

2038 1500 2242 1567 pridem
2277 1503 2688 1570 parturiebatis.
2737 1505 2836 1561 Vos
2896 1509 3000 1579 ipsi
3059 1511 3208 1566 nobis
3263 1515 3341 1568 rei
3376 1527 3620 1570 auctores

2041 1591 2248 1658 fuistis,
2299 1594 2390 1663 qui
2425 1597 2690 1649 coloniam
2722 1615 2786 1651 ac
2815 1611 3013 1655 terram
3042 1603 3234 1658 bonam
3278 1609 3618 1675 qua’sieritis.

2043 1682 2126 1735 Ad
2161 1699 2242 1736 me
2265 1684 2405 1752 quod
2430 1688 2644 1753 attinet,
2671 1690 2772 1742 hac
2797 1694 3224 1758 praestantiorem
3252 1695 3458 1750 nullam
3501 1701 3620 1752 exi-

2042 1779 2276 1831 stimaui.
2335 1776 2550 1850 Hocque
2595 1784 2726 1835 adeo
2758 1785 2860 1837 iter
2888 1788 3118 1854 suscepi,
3150 1798 3207 1840 ut
3229 1797 3283 1842 et
3307 1790 3450 1844 vobis
3485 1790 3619 1846 bona

2036 1885 2287 1937 pararem
2336 1882 2384 1926 et
2441 1881 2627 1928 vestra:
2667 1891 2749 1929 me
2793 1876 3241 1945 iuterpellutiouis
3279 1882 3524 1937 molestia
3553 1886 3621 1936 li-

2039 1962 2296 2018 berarem.
2338 1964 2475 2019 Cum
2522 1977 2706 2022 autem
2743 1968 2909 2023 etiam
2944 1987 3179 2026 uxorum
3235 1975 3621 2032 meminissent

2035 2074 2139 2114 nec
2163 2059 2462 2115 liberorum
2489 2063 2870 2133 negligendam
2904 2082 3116 2133 curam,
3152 2071 3436 2139 respondit
3478 2073 3622 2142 Apu-

2035 2152 2292 2222 chapsns,
2325 2152 2392 2207 In
2421 2167 2666 2223 promptu
2696 2169 2818 2211 sunt
2852 2175 3062 2224 uxores,
3092 2162 3340 2216 mulieres
3371 2165 3614 2231 captiua',

2032 2255 2082 2300 et
2113 2263 2240 2316 quos
2273 2248 2381 2317 76
2415 2264 2477 2302 ea:
2510 2250 2616 2304 illis
2673 2252 2814 2305 breui
2863 2257 3160 2322 suscepturi
3204 2257 3334 2311 estis
3395 2258 3612 2313 liberos.

2031 2337 2128 2394 llis
2170 2340 2352 2408 itaque
2388 2341 2567 2397 verbis
2591 2343 2787 2406 sedati,
2817 2359 2989 2415 eaque
3019 2345 3181 2418 digna
3219 2348 3615 2417 approbatione

2031 2431 2158 2495 rati,
2204 2432 2376 2484 altum
2410 2432 2586 2499 primo
2616 2432 2828 2487 ducunt
2874 2451 3146 2506 aggerem,
3181 2440 3494 2508 vallumque
3521 2439 3612 2508 ja-

2028 2524 2237 2578 cientes
2280 2523 2448 2594 (unde
2489 2533 2545 2580 et
2577 2525 2734 2582 locus
2765 2529 2999 2584 inditum
3029 2542 3448 2601 cognomentum
3481 2532 3615 2587 hac-

2029 2626 2184 2673 tenus
2224 2618 2444 2685 retinet,
2485 2617 2710 2674 Candax
2770 2622 3097 2694 appellatus)
3157 2623 3269 2679 illic
3317 2635 3610 2693 pernocta-

2026 2709 2176 2776 bant,
2208 2721 2505 2766 consuetas
2557 2715 2817 2770 excubias
2857 2716 3121 2772 habentes
3147 2732 3448 2787 omnesque
3474 2732 3610 2774 suas

2025 2819 2156 2875 opes
2195 2811 2250 2861 et
2277 2804 2567 2862 facultates
2602 2807 2677 2862 ibi
2713 2817 3058 2877 reponcntcs.

2091 2984 2186 3041 22.
2228 2985 2344 3042 Non
2384 2985 2607 3058 longum
2651 2985 2885 3041 fluxerat
2947 2996 3184 3055 tempus.
3257 3001 3382 3040 cum
3431 2985 3615 3041 omnis

325 3056 564 3130 βασιλέα
591 3059 627 3127 ή
662 3056 818 3127 φήμη
864 3054 1088 3121 ἐδίδαξε.
1119 3054 1232 3108 Καὶ
1274 3055 1342 3125 δὴ
1388 3054 1482 3108 τόν
1513 3057 1918 3126 πρωτοσπαοά-

2034 3079 2140 3151 ejus
2172 3079 2469 3134 molitionis
2493 3078 2636 3133 fama
2666 3079 2732 3132 ad
2769 3079 3118 3148 imperatoris
3170 3091 3332 3132 aut-cs
3362 3087 3615 3147 pervecta

326 3169 451 3224 ριον
476 3150 774 3216 Φωτεινδν,
814 3148 901 3220 ιΡ.
928 3146 1020 3222 48]
1066 3149 1400 3222 πρόπαππον
1431 3148 1536 3219 μὲν
1560 3150 1715 3222 Ζωῆς
1740 3150 1835 3222 τῆς
1861 3152 1918 3203 ἐν

2034 3183 2125 3227 est.
2187 3171 2238 3227 ls
2269 3172 2452 3242 itaque
2477 3169 2711 3226 Photino
2737 3170 3197 3241 protospathario,
3231 3169 3404 3225 felicis
3432 3185 3615 3225 recor-

325 3245 588 3316 μακαρία
636 3245 705 3315 τῇ
757 3242 913 3316 λήξει
966 3241 1294 3298 θεοστέπτου
1344 3242 1664 3313 Αὖγούστης
1714 3245 1918 3314 τυγχά-

323 3353 516 3401 νοντα,
545 3335 964 3407 στρατηγοῦντα
981 3335 1038 3390 δέ
1059 3333 1368 3407 τηνικαῦτα
1394 3335 1505 3394 τῶν
1536 3335 1917 3400 ’Δνατολικῶν,

321 3429 398 3483 τὰ
421 3429 519 3499 τῆς
540 3430 770 3500 Κρήτης
793 3430 1009 3484 ἅπαντα
1024 3427 1249 3482 διοικεῖν
1273 3427 1636 3500 προεϐάλετο·
1655 3428 1712 3494 ὃς
1741 3430 1918 3483 ἐκεῖσε

324 3522 806 3592 παραγενόμενος,
835 3522 930 3575 καὶ
963 3521 1074 3575 τῶν
1097 3520 1200 3592 μὲν
1227 3521 1519 3591 γενόμενος
1549 3521 1772 3596 θεατὴς,
1809 3522 1919 3576 τῶν

324 3617 389 3671 δὲ
421 3615 520 3670 καὶ
548 3613 848 3688 ἀκροατὴς,
873 3615 1203 3688 τρανότερον
1233 3616 1547 3670 ἀνεδίδασκε
1574 3615 1668 3670 τὸν
1699 3615 1917 3688 Μιχαὴλ

323 3710 401 3764 τὰ
437 3709 817 3781 πραττόμενα,
872 3710 967 3764 καὶ
995 3709 1228 3781 δύναμίν
1267 3727 1390 3762 τινα
1419 3709 1572 3780 ήξίου
1608 3710 1918 3781 ἐκπέμπειν

323 3802 430 3873 τὴν
460 3802 674 3857 ἐκεῖθεν
705 3802 1157 3873 ἁποσοδήσουσαν
1207 3802 1332 3867 τοὺς
1365 3799 1616 3872 ἐχθρούς.
1649 3802 1918 3874 Δαμιανδν

325 3894 463 3963 γοῦν
519 3895 739 3965 κόμητα
771 3895 902 3948 ὄντα
945 3894 1040 3948 τοῦ
1103 3893 1389 3964 βασιλικοῦ
1431 3895 1789 3949 ίπποστασίου
1823 3896 1917 3948 καὶ

331 3986 833 4058 πρωτοσπαθάριον
864 3986 1006 4056 μετὰ
1038 3986 1243 4056 πολλῆς
1279 3982 1562 4058 δυνάμεως
1593 3990 1687 4042 καὶ
1739 4005 1920 4058 παρα-

331 4079 535 4148 σκευῆς
579 4080 609 4132 6
666 4077 970 4147 βασιλεύων
1007 4077 1333 4132 ἀπέστειλεν
1393 4080 1474 4143 είς
1527 4078 1782 4149 βοήθειαν
1821 4079 1917 4132 τοῦ

331 4171 646 4242 στρατηγοῦ
666 4171 939 4225 ⁴Ιθωτεινοιῖδ
959 4187 973 4204 ο
1005 4170 1058 4225 οἶ
1087 4173 1184 4225 καί⁸
1210 4171 1505 4232 ἐνωθέντες
1525 4171 1618 4225 τὸν
1646 4172 1747 4242 μὲν
1776 4175 1918 4228 κατὰ

328 4264 440 4317 τῶν
481 4262 808 4334 ’Δγαρηνῶν
831 4262 1070 4332 πόλεμον
1101 4263 1361 4334 ἔστησαν,
1396 4265 1480 4329 είς
1509 4265 1662 4319 οὐδὲν
1694 4265 1753 4319 δὲ
1775 4267 1915 4337 χρή-

334 4374 491 4428 σιμον
519 4359 585 4411 τὸ
606 4359 757 4421 τέλος
807 4355 1131 4426 ἐνέσκηψεν.
1159 4358 1334 4420 Αὐτός
1361 4375 1422 4411 τε
1457 4358 1568 4431 γὰρ
1611 4362 1640 4414 6
1671 4363 1918 4433 προρῤηο

2021 3265 2258 3320 dationis
2307 3265 2446 3320 Zeos
2507 3281 2537 3318 a
2579 3263 2690 3317 Deo
2742 3275 3015 3318 coronata:
3078 3263 3339 3334 Augustae
3385 3277 3612 3332 proavo,

2020 3353 2378 3410 Orientalium
2414 3370 2514 3424 per
2563 3354 2612 3408 id
2664 3363 2880 3424 tempus
2912 3353 3060 3416 duci,
3116 3368 3388 3408 summam
3419 3355 3496 3407 rei
3544 3355 3612 3407 ad

2020 3448 2232 3502 Cretam
2279 3449 2580 3518 spectantis
2629 3448 2929 3502 commisit.
2988 3446 3109 3513 Quo
3167 3447 3257 3500 ille
3311 3446 3612 3516 profectus,

2021 3556 2085 3597 ac
2122 3555 2243 3595 cum
2286 3542 2390 3595 alia
2434 3542 2609 3596 oculis
2652 3543 2764 3610 ipse
2814 3541 3122 3606 lustrasset,
3154 3549 3267 3595 tum
3299 3541 3420 3596 aliis
3472 3541 3612 3596 refe-

2020 3635 2267 3688 rentibus
2291 3634 2396 3688 alia
2440 3635 2761 3702 accepisset,
2790 3648 2909 3703 quae
2941 3642 3261 3703 gererentur
3296 3633 3611 3702 imperatori

2020 3727 2224 3782 clarius
2262 3725 2578 3792 declaravit,
2619 3726 2873 3795 viresque
2919 3727 3135 3795 aliquas
3165 3725 3231 3779 ad
3263 3727 3450 3779 hostes
3485 3727 3612 3779 inde

2020 3818 2387 3890 proﬂigandos
2449 3818 2518 3872 ab
2575 3817 2710 3873 urbe
2771 3817 2910 3872 mitti
2975 3818 3208 3889 rogavit.
3275 3816 3601 3870 Damianum

2019 3912 2205 3982 itaque
2238 3912 2380 3967 sacri
2438 3912 2640 3967 stabuli
2671 3912 2929 3966 comitem
2976 3925 3040 3964 ac
3098 3908 3608 3978 protospatharium

2018 4020 2144 4060 cum
2176 4005 2382 4076 ingenti
2415 4004 2660 4060 exercitu
2701 4014 2752 4059 et
2776 4014 3042 4074 apparatu
3078 4002 3314 4057 Photino
3346 4000 3472 4056 duci
3505 4001 3609 4054 im-

2021 4109 2243 4167 perator
2299 4100 2581 4168 suppetias
2620 4099 2811 4152 mittit.
2882 4096 3207 4166 Coniunctis
3255 4096 3333 4151 illi
3398 4095 3610 4152 viribus

2023 4189 2287 4243 adversus
2317 4190 2600 4258 Agarenos
2628 4187 2825 4243 bellum
2850 4189 3168 4254 instruunt;
3211 4200 3312 4240 nec
3341 4196 3522 4239 tamen
3544 4200 3611 4240 eo

2021 4290 2218 4338 conatu
2249 4282 2598 4336 commodum
2631 4281 2837 4350 aliquid
2867 4279 3202 4350 parturiunt.
3263 4278 3434 4345 Quem
3463 4277 3607 4331 enim

2024 4373 2296 4437 dicebam,
2352 4374 2649 4428 Damianus
2701 4373 2876 4444 primo
2934 4373 3119 4428 statim
3163 4385 3463 4440 congressu
3516 4383 3611 4422 ac--

333 4451 447 4515 θεὶς
475 4452 749 4522 Δαμιανὺς
799 4451 942 4505 κατὰ
977 4453 1079 4521 τὴν
1114 4452 1366 4521 εἰσϐολὴν
1404 4457 1504 4524 τῆς
1531 4456 1712 4525 μάχης
1749 4455 1912 4518 εὐθὺς

2034 4479 2179 4535 septo
2205 4469 2429 4521 vulnere
2463 4467 2664 4522 cadens
2708 4466 3180 4537 atquejugulatus
3217 4463 3450 4533 reliquis
3494 4477 3606 4516 non

330 4545 675 4617 τραυματίας
705 4544 888 4597 πεσὼν
917 4545 1014 4598 καὶ
1058 4548 1242 4615 σφαγῇ
1285 4546 1619 4616 παραδοθεὶς
1651 4548 1779 4611 τοὺς
1810 4548 1916 4601 λοι-

334 4641 466 4704 ποὺς
509 4642 574 4695 οὐ
624 4642 785 4712 νικᾷν
837 4641 932 4694 καὶ
974 4639 1164 4710 μένειν
1209 4639 1342 4692 ἀλλὰ
1378 4640 1605 4708 φεύγειν
1657 4640 1914 4710 ἐποίησεν

330 4735 708 4807 ἡττημένους·
754 4733 878 4788 καθ’
931 4734 1001 4805 ἢν
1059 4732 1272 4805 τροπὴν
1322 4735 1418 4787 καὶ
1459 4735 1488 4787 6
1534 4734 1802 4796 Φωτεινὸς
1857 4736 1916 4786 ἐν

335 4827 580 4898 μονηρίῳ
609 4827 764 4898 μόλις
811 4826 1137 4891 διασώζεται
1175 4825 1314 4895 πρὸς
1356 4826 1457 4896 τὴν
1504 4825 1656 4890 Δίαν,
1693 4827 1787 4878 καὶ
1838 4825 1918 4893 τῷ

334 4920 548 4989 βασιλεῖ
577 4919 686 4972 τῶν
735 4917 1093 4989 πραχθίντων
1122 4917 1463 4986 αὐτάγγελος
1491 4918 1728 4986 γίνεται.
1777 4917 1918 4969 Ἀλλ’

330 5005 485 5072 οὗτος
515 5010 618 5080 μὲν
648 5009 773 5063 ἐπεὶ
801 5008 886 5062 διὰ
913 5009 1082 5080 τιμῆς
1106 5002 1276 5080 ήγέτο
1321 5010 1474 5081 παρὰ
1503 5009 1597 5063 τοῦ
1648 5009 1918 5080 βασιλέως

333 5102 440 5168 ἀεὶ,
470 5102 570 5172 τήν
597 5104 696 5172 τῆς
721 5102 976 5164 Σικελίας
1005 5101 1345 5175 στρατηγίδα
1367 5098 1526 5165 αὖθις
1556 5104 1656 5173 τῆς
1686 5101 1918 5174 Κρήτης

333 5191 686 5246 ἀλλάσσεται.

407 5282 512 5353 κγ’.
548 5285 674 5348 Τοῖς
705 5284 753 5337 δ’
791 5283 1092 5350 Ίσπανίοις
1126 5284 1207 5338 ἔτι
1239 5303 1354 5349 πως
1388 5285 1448 5339 ἐν
1463 5287 1678 5357 ταραχῇ
1707 5285 1803 5337 καὶ
1825 5300 1920 5354 με·

342 5377 509 5449 ρίμνη
543 5378 825 5447 διάγουσιν
867 5379 1008 5450 ἀνήρ
1063 5395 1147 5442 τις
1177 5379 1241 5431 ἐκ
1265 5377 1377 5433 τῶν
1406 5377 1581 5446 ὀρέων
1624 5377 1724 5446 τῆς
1754 5379 1920 5449 νήσου

343 5470 683 5534 ἐπικαταῦὰς
709 5469 986 5542 μοναστὴς
1016 5471 1175 5525 ἰλλον
1205 5470 1410 5541 ἔφησεν
1448 5465 1586 5523 εἶναι
1621 5470 1786 5522 τόπον
1825 5468 1924 5520 αὑ-

336 5562 448 5626 τοίς
478 5561 917 5633 ἐπιτηδειότερον
962 5563 1101 5633 πρός
1146 5579 1205 5615 τε
1241 5560 1579 5631 πολίσματος
1607 5562 1789 5613 κτίαιν
1826 5564 1919 5614 καὶ

2023 4559 2267 4614 victori-le
2303 4557 2652 4627 durandiqnc
2687 4555 2903 4612 fortiter
2940 4554 3274 4616 certaminis,
3325 4553 3425 4608 sed
3469 4552 3612 4622 fugae

2032 4666 2097 4705 ac
2129 4651 2302 4705 cladis
2358 4660 2550 4705 auctor
2587 4649 2710 4704 fuit.
2757 4647 2943 4718 anue
2987 4646 3112 4718 fuga
3173 4646 3437 4700 Photinus
3479 4661 3612 4699 con-

2023 4757 2220 4797 scensa
2243 4742 2444 4804 celoce,
2469 4742 2575 4812 77
2605 4742 2672 4795 ad
2700 4740 2851 4794 Diam
2877 4742 2965 4794 vix
2988 4755 3178 4809 sospes
3207 4737 3466 4802 evadens,
3496 4737 3614 4806 ipse

2031 4835 2346 4903 imperatori
2376 4835 2545 4889 cladis
2584 4842 2823 4902 acceptae
2851 4832 3078 4885 nuntius
3113 4829 3346 4884 exstitit.
3371 4828 3612 4896 Impera-

2027 4933 2137 4990 tor,
2164 4927 2311 4994 quod
2343 4925 2518 4979 virum
2565 4924 2850 4994 magnifice
2874 4923 3098 4984 coleret,
3135 4935 3232 4990 pro
3277 4921 3440 4975 Creta
3474 4916 3613 4973 Sici-

2027 5016 2114 5072 lia:
2138 5030 2261 5070 cum
2290 5016 2522 5084 imperio
2553 5015 2705 5070 illum
2743 5014 3180 5085 praeesscjussit.

2095 5282 2185 5338 23.
2213 5282 2389 5338 Porro
2408 5282 2680 5352 Hispanos
2709 5279 2888 5334 adhuc
2913 5281 3056 5333 inter
3089 5293 3253 5333 curas
3284 5277 3615 5331 fluctuantes

2026 5377 2336 5432 monachus
2371 5375 2595 5445 quidam
2635 5390 2702 5429 ex
2746 5374 2940 5430 insula:
2991 5372 3268 5426 montibus
3315 5375 3610 5436 degressus

2027 5468 2458 5525 commodiorem
2484 5467 2648 5521 alium
2679 5466 2861 5521 locum
2888 5479 3011 5521 esse
3033 5470 3241 5523 monet,
3284 5462 3377 5514 uhl
3414 5463 3604 5515 urbem

2025 5563 2267 5616 condant
2292 5561 2656 5628 uberioreque
2687 5557 2941 5614 fruantur
2993 5569 3210 5610 annona
3241 5567 3302 5606 ac
3337 5550 3436 5604 tuti
3468 5565 3601 5605 cou-

1623 5649 1860 5706 vsnm;
1902 5648 2315 5725 LEC'llUNES.

411 5746 845 5806 ⁸⁸ὠδάνοντο¹ι
923 5747 1600 5821 ⁸³ὑμεῖ;]ειῐτιειῦμεῖςτ
1671 5749 1921 5821 "suis

2051 5749 2168 5812 ε’ςῗ
2240 5750 2282 5780 ⁵³
2320 5747 2499 5819 {sup};
2515 5746 2570 5799 ιτ
