3958 6034
321 214 384 281 9)
1411 219 1819 280 TllEOPHAN
1831 219 1920 279 ES
1948 219 2504 281 CONTINUA'I‘US.
3517 222 3590 287 92

320 336 538 390 sistant.
602 331 758 386 Tunc
829 332 994 386 simul
1067 347 1162 389 eos
1235 349 1525 391 assumens
1591 335 1900 392 Candacem

2015 333 2107 402 τῆς
2144 333 2341 403 λοιπῆς
2390 335 2676 404 διαρκείας
2708 335 2800 385 καὶ
2852 310 3208 404 ἐπικρατείας
3253 335 3452 389 αὐτῶν.
3481 337 3591 390 Καὶ

321 426 582 493 ostendit,
623 425 712 479 ubi
756 426 1061 481 etiamnum
1096 427 1311 482 illorum
1354 429 1487 483 urbs
1537 429 1755 482 condita
1803 444 1900 484 ex-

320 526 460 574 stat:
494 519 726 587 ejusque
779 527 911 572 tunc
941 533 1141 588 praeses
1197 519 1556 588 Apnchapsus
1582 519 1704 573 fuit.
1769 519 1899 575 inde

318 625 452 679 ergo
487 610 635 663 velut
662 625 727 664 ex
767 610 1003 681 quadam
1055 625 1182 665 arce
1227 610 1480 680 profecti,
1505 626 1630 666 cum
1661 613 1898 667 insulam

319 710 490 756 totam
515 710 628 756 tum
658 701 865 757 vicinas
891 705 1155 771 quasdam
1184 705 1320 759 alias
1349 706 1595 778 regiones
1614 707 1904 762 excursio-

320 791 484 849 nibus
513 794 818 860 vastabant,
844 803 975 849 utet
999 795 1110 850 illic
1129 797 1285 851 sedes
1308 809 1567 868 ponerent
1585 809 1905 869 veteresque

324 888 626 958 inquilinos
651 903 716 944 ac
745 891 894 945 cives
923 891 1169 946 servituti
1200 891 1534 948 addicerent.
1579 893 1758 962 Ipsius
1777 894 1905 949 Cre-

320 990 388 1035 tae
431 981 597 1036 urbes
639 997 836 1037 novem
869 999 1034 1054 supra
1080 985 1271 1057 viginti
1331 985 1437 1055 ipsi
1484 995 1648 1056 atque
1695 989 1904 1056 pedites

320 1088 534 1142 cepere.
590 1073 668 1129 Ex
690 1089 758 1130 eo
790 1084 1033 1146 tempore
1069 1093 1174 1131 uua
1231 1078 1494 1132 duntaxat
1529 1079 1793 1136 immunis
1832 1083 1900 1136 ab

318 1171 724 1241 expugnatione
747 1170 1027 1240 illaesaqne
1079 1172 1282 1226 mansit
1313 1172 1479 1227 verbo
1518 1173 1738 1242 quidem
1771 1175 1902 1230 sub-

316 1265 480 1336 jecta,
507 1280 628 1336 qua:
658 1275 838 1319 tamen
869 1265 1006 1318 ritus
1026 1280 1157 1320 suos
1185 1279 1250 1319 ac
1277 1264 1643 1320 Christianam
1681 1267 1905 1336 religio-

320 1372 445 1412 nem
479 1365 745 1413 servaret.
785 1354 941 1412 Tunc
968 1371 1100 1410 sane
1133 1364 1187 1409 et
1217 1354 1453 1425 Cyrillus
1504 1355 1757 1426 Gortyna:
1795 1358 1905 1427 epi-

321 1463 544 1519 scopus,
583 1463 648 1504 eo
673 1449 818 1518 quod
850 1458 909 1502 ut
936 1448 1219 1504 Christum
1271 1459 1492 1518 negaret
1548 1449 1732 1506 induci
1788 1465 1899 1505 non

319 1551 594 1612 potuerat,
627 1542 785 1612 quasi
833 1529 1056 1597 victim'a
1109 1542 1374 1599 innocens
1426 1543 1713 1613 iugulatus
1774 1552 1900 1611 est;

321 1635 483 1702 cujus
515 1646 570 1688 et
597 1636 846 1705 sanguis,
881 1637 1030 1689 velut
1063 1635 1246 1691 Abelis
1275 1652 1370 1692 seu
1411 1639 1576 1690 etiam
1597 1635 1901 1702 Zachariae,

325 1729 389 1780 ad
419 1726 588 1782 Deum
623 1728 850 1791 clamat,
880 1728 1016 1782 nihil
1076 1737 1324 1784 mutatus
1377 1743 1760 1798 perseverans.
1827 1729 1906 1783 Ex

321 1823 444 1889 ejus
471 1821 764 1889 sepulchro
805 1836 930 1876 cum
960 1822 1148 1877 ﬁdeles
1178 1823 1428 1894 spongiis
1455 1823 1787 1892 quibusdam
1813 1838 1910 1875 ex-

320 1927 577 1982 pressum
616 1915 796 1967 oleum
832 1913 1003 1968 libere
1052 1915 1325 1978 hauriant,
1375 1914 1675 1982 tiugentem
1728 1922 1909 1967 tamen

323 1999 512 2056 colore
551 2003 875 2070 sanguinem
915 2011 1126 2057 mutare
1151 2020 1258 2059 non
1293 2006 1494 2058 valent.
1526 2003 1756 2057 Exstant
1782 2019 1912 2058 vero

324 2085 400 2142 ibi
432 2088 594 2143 etiam
623 2091 718 2145 aiii
746 2093 936 2156 loculi,
961 2108 1025 2146 ac
1049 2107 1173 2150 cum
1216 2093 1450 2147 aliorum
1506 2095 1771 2163 plurium,
1813 2096 1910 2165 qui

322 2187 446 2233 tum
466 2194 566 2249 pro
591 2181 814 2237 Christo
839 2183 1164 2254 martyrium
1205 2184 1316 2255 78
1363 2195 1738 2253 sumpserunt,
1795 2194 1908 2239 tum

322 2272 656 2342 inelylorum
708 2275 896 2329 decem
927 2286 1227 2344 martyrum
1259 2287 1440 2330 erecta
1476 2277 1727 2346 sepulcra
1757 2287 1906 2333 sunt.

325 2365 418 2419 Sic
445 2383 578 2434 ergo
612 2379 668 2418 et
714 2382 810 2435 per
841 2367 943 2422 hoc
976 2377 1193 2436 tempus
1223 2371 1428 2439 talique
1458 2370 1749 2426 occasione
1776 2369 1911 2426 Cre-

324 2465 509 2514 tenses
537 2458 604 2513 de
637 2459 818 2515 medio
837 2460 1278 2518 Christianorum
1321 2464 1520 2519 sublati
1551 2473 1696 2519 sunt.

392 2638 485 2695 24.
521 2636 795 2694 Czeterum
828 2639 1057 2698 Michael
1104 2641 1192 2696 vix
1251 2641 1468 2697 tandem
1512 2643 1908 2702 circumdanti-

320 2727 428 2785 bus
456 2744 578 2784 eum
601 2746 664 2785 ac
687 2735 1127 2788 conterrentibus
1145 2733 1360 2788 solutus
1391 2735 1660 2802 hostibus,
1687 2752 1908 2791 eorum-

321 2835 432 2890 que
455 2831 603 2877 metu
626 2823 914 2888 liberatus,
933 2841 1056 2881 cum
1077 2826 1144 2880 ad
1167 2826 1336 2880 Deum
1368 2829 1608 2883 converti
1653 2839 1907 2900 recteque

2010 423 2129 495 ἅμα
2158 425 2344 484 λαϐὼν
2372 425 2462 478 τὸν
2485 426 2741 478 Χάνδακα
2773 425 2985 489 τούτοις
3007 425 3304 491 ἐπέδειξεν.
3339 426 3468 480 ἔνθα
3501 428 3592 480 καὶ

2011 513 2108 567 νῦν
2141 513 2389 568 ἔκτισται
2428 515 2641 586 ἡπόλις
2695 513 2909 569 αὖτῶνο
2945 515 3042 568 καὶ
3098 515 3324 588 ἡγεμὼν
3361 518 3534 588 αὐτῆς
3564 519 3594 571 ό

2023 606 2269 676 ’Δπόχαψ
2307 605 2428 660 τότε
2454 607 2699 676 ἐγεγόνει
2733 607 2924 678 αὐτῆς.
2977 608 3074 662 Ἐκ
3115 608 3323 680 ταύτης
3351 609 3446 665 οὖν
3480 608 3595 664 οἷόν

2007 712 2158 762 τινος
2195 697 2254 765 ἐξ
2303 697 2658 768 ἀκροπόλεως
2705 697 3019 769 ὁρμώμενοι
3065 699 3248 756 πᾶσάν
3291 717 3351 755 τε
3386 701 3592 772 ταύτην

2010 789 2110 860 τὴν
2139 791 2309 860 νῆσον
2337 789 2674 863 κατέτρεχον
2714 792 2809 846 καῖ
2849 809 3002 856 τινας
3027 793 3138 848 τῶν
3163 795 3594 866 παρακειμένων

2009 881 2111 934 οὐκ
2136 871 2381 950 ἔλαττον,
2405 884 2482 948 ὡς
2515 884 2612 937 καὶ
2640 884 2699 937 ὲν
2723 884 2917 948 αὐταῖς
2954 885 3371 958 ἐγκατοικῆσαι,
3395 889 3592 951 αὐτοὺς

2009 975 2138 1037 τοὺς
2171 975 2467 1045 οἰκήτορας
2509 975 2604 1028 καὶ
2638 975 2974 1046 αὐτόχθονας
3021 977 3444 1050 δουλωσάμενοι.
3485 980 3595 1033 Καὶ

2014 1063 2203 1128 πόλεις
2239 1064 2297 1118 δὲ
2339 1067 2565 1136 Κρήτης
2608 1067 2766 1121 ἐννέα
2797 1068 2934 1139 πρὸς
2973 1073 3095 1132 ταῖς
3135 1071 3342 1124 εῖκοσιν
3370 1069 3594 1136 εὖζωνοι

2010 1173 2071 1211 τε
2111 1157 2208 1210 καὶ
2237 1157 2395 1220 πεζοὶ
2426 1158 2884 1229 ῂχμαλὼτευσαν,
2917 1163 3048 1232 μιᾶς
3075 1161 3262 1216 ἔκτοτε
3291 1164 3459 1234 μόνης
3489 1181 3595 1217 πα-

2012 1250 2358 1322 ραμεινάσης
2400 1252 2680 1305 ἀναλώτου
2731 1254 2826 1306 καὶ
2877 1253 3148 1321 ἀπαθοῦς,
3183 1256 3279 1309 καὶ
3311 1256 3454 1325 λόγῳ
3497 1257 3598 1325 μὲν

2006 1341 2400 1413 ύποταγείσης,
2449 1344 2520 1396 τά
2546 1345 2758 1397 ἑαυτῶν
2787 1343 2843 1396 δὲ
2874 1345 3038 1414 ἔθιμα
3088 1347 3186 1400 καὶ
3213 1345 3308 1399 τὸν
3338 1347 3598 1418 Χριστια-

2009 1435 2206 1504 νισμὸν
2241 1435 2622 1504 φυλαττούσης
2650 1435 2955 1506 ἀλὼὗητον.
2982 1437 3118 1492 Τότε
3149 1441 3240 1492 καὶ
3271 1437 3540 1509 Κύριλλος
3570 1440 3600 1490 ὁ

2010 1527 2286 1599 Γορτύνης
2342 1529 2629 1599 πρόεδρος,
2681 1530 2806 1583 ἐπεὶ
2858 1531 2936 1601 μὴ
2987 1531 3197 1598 τούτοις
3253 1536 3332 1597 εις
3371 1534 3602 1604 ἄρνησιν

2009 1619 2211 1692 ἐχώρει
2243 1619 2508 1691 Χριστοῦ,
2536 1620 2612 1684 ὡς
2642 1622 2837 1691 ἱερεῖον
2875 1622 3112 1692 ἄμωμον
3132 1619 3477 1696 ὲσφαγίαστο
3496 1641 3510 1654 ·
3539 1618 3602 1676 οὗ

2014 1714 2109 1766 καὶ
2141 1714 2201 1766 τὸ
2234 1708 2374 1768 αἷμα
2395 1712 2493 1784 βοᾷ
2531 1713 2692 1783 μένον
2715 1713 2790 1776 ὡς
2824 1713 2918 1767 τοῦ
2941 1713 3108 1769 "AGER
3147 1715 3179 1786 ἢ
3204 1718 3299 1771 καὶ
3326 1715 3604 1788 ἰαχαρῐου

2015 1803 2154 1874 πρὸς
2188 1803 2282 1857 τὸν
2316 1803 2451 1856 Θεὸν
2495 1802 2859 1857 ἀναλλοίωτον
2882 1817 2900 1835 ⁶
2933 1803 3028 1858 καὶ
3063 1805 3237 1876 μύρον
3265 1807 3364 1878 μιν
3395 1807 3606 1862 ικεῖθεν

2015 1895 2164 1950 ἔστιν
2209 1895 2524 1967 ἀρύσασθαι
2560 1898 2674 1959 τοῖς
2734 1898 2948 1961 πιστοῖς
3006 1898 3270 1967 σπόγγοις
3325 1903 3474 1953 τισιν
3519 1901 3606 1951 ὲν-

2015 1987 2487 2056 αποματτόμενον,
2511 1986 2614 2056 τὴν
2638 1987 2694 2041 δὲ
2716 1987 2899 2058 βαφὴν
2927 1987 3021 2043 τοῦ
3047 1989 3279 2060 αἵματος
3307 1991 3601 2045 ἀλλοιῶσαι

2012 2079 2076 2131 οὐ
2110 2077 2427 2149 πρόσεστιν.
2478 2078 2715 2149 Προσετι
2756 2078 2864 2150 μὴν
2909 2079 3098 2136 αὐτόθι
3136 2082 3287 2152 σοροὶ
3314 2083 3409 2138 καὶ
3436 2085 3599 2154 τάφοι

2016 2171 2386 2241 ἀνεγὴγερται
2440 2169 2616 2225 ἀλλων
2675 2190 2737 2226 τε
2796 2173 3012 2228 πολλῶν
3046 2173 3156 2228 τῶν
3185 2175 3329 2248 ὑπὲρ
3362 2178 3596 2248 Χριστοῦ

2013 2264 2136 2316 τότε
2195 2266 2669 2335 μαρτυρησάντων
2733 2266 2826 2320 καὶ
2891 2266 3001 2319 τῶν
3048 2266 3182 2320 δέκα
3235 2268 3602 2340 περιωνύμων

2016 2355 2335 2426 μαρτύρων.
2378 2356 2464 2428 [Ρ.
2499 2355 2594 2428 49]
2634 2358 2877 2428 Τοιούτῳ
2922 2358 3054 2425 γοῦν
3088 2360 3276 2430 τρόπῳ
3313 2361 3409 2414 καὶ
3457 2361 3602 2414 κατά

2011 2448 2202 2502 τοῦτον
2225 2451 2660 2521 ἀνηρπάσθησαν
2683 2452 2776 2504 τὸν
2821 2451 3014 2524 καιρὸν
3038 2454 3104 2506 ὲκ
3131 2453 3298 2522 μέσου
3311 2454 3421 2508 τῶν
3465 2455 3600 2526 Χρι-

2011 2541 2244 2597 στιανῶν
2273 2543 2323 2594 ol
2361 2545 2675 2614 Κρηταιεῖς.

2083 2634 2180 2689 κδ’.
2236 2636 2390 2689 Ἐπεὶ
2423 2637 2480 2689 δὲ
2517 2636 2614 2705 ὀψὲ
2654 2637 2746 2689 καὶ
2783 2637 2939 2708 μόλις
2969 2637 3097 2700 τοὺς
3128 2637 3599 2708 περικυκλοῦντας

2007 2729 2199 2784 τοῦτον
2227 2731 2458 2801 ἐχθροὺς
2483 2731 2576 2784 καὶ
2603 2730 3074 2801 περικτυποῦντας
3098 2732 3126 2784 ό
3145 2729 3364 2802 Μιχαὴλ
3383 2732 3599 2784 ἀπεσεβ

2013 2841 2160 2887 σατο,
2188 2823 2308 2876 δέον
2342 2823 2480 2894 πρὸς
2511 2823 2645 2876 Θεὸν
2675 2822 2985 2894 τραπέσθαι
3017 2823 3113 2876 καὶ
3147 2823 3339 2876 τοῦτον
3368 2821 3596 2893 ἐξευμεφ

324 2912 484 2969 factis
517 2915 838 2984 placabilem
880 2933 1003 2973 eum
1056 2934 1121 2972 ac
1155 2919 1451 2987 propitium
1487 2920 1713 2974 reddere
1739 2937 1905 2991 opor-

2015 2913 2284 2979 νίσασθαι,
2318 2913 2445 2966 ἵλεω
2476 2913 2564 2968 διά
2609 2913 2721 2968 τῶν
2775 2914 2955 2983 ἔργων
2987 2913 3180 2978 ποιῶν,
3213 2916 3243 2966 ὁ
3286 2913 3341 2966 δὲ
3374 2913 3597 2966 τούναν-

325 3013 486 3073 teret,
505 3021 685 3073 secus,
728 3009 878 3063 velut
933 3024 963 3063 a
988 3024 1048 3062 se
1090 3010 1213 3078 ipso
1241 3011 1462 3066 noullei
1507 3019 1641 3066 nutu
1673 3015 1902 3068 salutem

2015 3006 2125 3060 τίον
2152 3006 2185 3078 ἢ
2220 3006 2296 3070 ὡς
2324 3009 2375 3060 οἱ
2406 3007 2679 3060 πολιτικοὶ
2704 3007 2898 3078 Θεσμοὶ
2925 3008 3232 3077 βούλονται,
3264 3011 3340 3072 ὡς
3371 3010 3433 3062 οὐ
3465 3007 3599 3080 παρ’

325 3108 675 3161 consecutus.
701 3109 891 3154 contra
919 3114 981 3156 ac
1006 3101 1353 3172 publicajura
1373 3103 1627 3174 legesque
1649 3102 1907 3172 habeant,

326 3187 449 3242 vita:
481 3204 594 3244 sua:
628 3192 870 3246 rationes
893 3190 1146 3246 instituit.
1182 3193 1417 3248 Proinde
1458 3210 1628 3249 uxore
1673 3207 1907 3262 mortua,

323 3293 448 3332 cum
471 3295 590 3334 eam
627 3281 776 3350 vulgi
801 3281 1114 3352 opinionem
1160 3285 1392 3339 ambiret
1443 3295 1500 3339 ut
1533 3286 1679 3341 illius
1713 3286 1910 3358 impla-

324 3371 487 3426 cabili
515 3371 662 3428 luctu
696 3389 820 3427 eum
851 3372 989 3431 adici
1026 3383 1298 3444 putarent,
1329 3378 1556 3432 secretis
1593 3386 1776 3432 tamen
1811 3393 1908 3432 oc-

323 3464 606 3535 cultisque
631 3466 856 3520 monitis
883 3480 1008 3520 cum
1042 3477 1233 3521 senatu
1261 3471 1372 3538 agit
1398 3481 1457 3523 ut
1487 3486 1545 3525 se
1585 3472 1650 3524 ad
1685 3474 1906 3540 nuptiao

328 3567 448 3608 rum
489 3551 694 3611 hedera
729 3556 948 3611 -iterum
1002 3557 1301 3624 inducant,
1346 3576 1448 3618 nec
1504 3563 1686 3617 verbis
1729 3567 1909 3620 solum

327 3648 592 3705 suasoriis
615 3665 740 3703 cum
773 3650 890 3718 ipso
927 3661 1108 3720 agant.
1139 3653 1231 3708 sed
1263 3662 1311 3707 et
1337 3667 1536 3725 cogant
1577 3657 1798 3726 vimque
1825 3659 1909 3713 fa-

326 3750 516 3796 cturos
553 3743 893 3809 minitentur,
919 3745 1022 3798 nisi
1063 3745 1107 3799 is
1151 3751 1376 3802 omnino
1415 3765 1529 3804 rem
1572 3753 1906 3821 praestiterit.

332 3820 622 3887 Ostendam
653 3851 755 3887 non
778 3851 929 3899 posse
959 3838 1322 3905 imperatorem
1352 3820 1787 3908 cazlt'bcutviverc,
1811 3862 1910 3914 quo

327 3926 423 3990 fiat
449 3936 502 3978 ut
532 3925 746 3978 illorum
764 3942 956 3980 uxores
983 3928 1199 3983 domina
1215 3941 1370 4001 atque
1401 3934 1641 4003 Augusta
1671 3948 1908 3993 careant.

330 4014 406 4069 Ita
445 4017 610 4088 igitur
660 4016 801 4074 lictis
857 4035 1048 4075 eorum
1090 4024 1440 4080 sermonibus
1493 4025 1558 4079 ad
1603 4037 1910 4084 extremum

327 4111 533 4180 cessit,
581 4126 897 4184 quanquam
933 4114 1048 4168 lieri
1078 4131 1186 4170 non
1218 4126 1431 4186 poterat
1467 4127 1526 4172 ut
1549 4134 1658 4175 non
1693 4125 1910 4176 tandem

328 4212 575 4270 tempore
607 4204 786 4259 fabula
813 4207 1127 4264 nudatetur.
1170 4209 1250 4265 Ac
1282 4212 1521 4279 primum
1547 4213 1913 4287 chirographo

327 4295 578 4354 subditos
597 4298 912 4371 obstringit,
947 4300 1217 4373 iidemque
1246 4305 1436 4376 exigit,
1459 4320 1523 4360 ea
1550 4320 1610 4362 se
1633 4308 1911 4377 praestitu-

2019 3099 2185 3154 αὐτοῦ
2221 3101 2316 3168 ἀφ’
2348 3103 2545 3154 ἑαυτοῦ
2570 3101 2626 3154 δὲ
2656 3100 2872 3165 σωθεὶς,
2907 3101 3145 3172 ἔπραττὲ
3170 3119 3230 3155 τε
3267 3103 3363 3156 καὶ
3393 3104 3596 3158 ἐπεποο

2016 3195 2248 3248 λίτευτο.
2279 3195 2391 3265 Τῆς
2412 3198 2666 3266 γαμετῆς
2693 3195 2825 3264 γοῦν
2850 3194 3261 3265 τελευτησάσης
3284 3195 3473 3259 αὑτοῦ,
3501 3196 3600 3248 καὶ

2017 3289 2177 3353 δόξαν
2227 3288 2476 3352 Θέλοντος
2535 3289 2833 3358 κατασχεῖν
2881 3287 2992 3341 τῶν
3024 3287 3240 3341 πολλῶν
3280 3287 3358 3349 ὡς
3403 3287 3601 3352 πένθος

2016 3380 2252 3451 ἄληστον
2281 3380 2397 3449 εχει
2425 3379 2618 3449 αὐτῆς,
2645 3379 2746 3450 τὴν
2774 3379 3082 3450 σύγκλητον
3107 3378 3281 3433 ἐποίει
3313 3379 3400 3433 διά
3434 3396 3600 3434 τινων

2019 3473 2357 3542 μηνυμάτων
2399 3469 2649 3542 κρυφίων
2673 3472 2769 3524 καὶ
2815 3472 3095 3541 μυστικῶν
3118 3473 3454 3543 αῖρήσασθαι
3478 3471 3603 3526 τοῦ.

2018 3580 2110 3616 τον
2139 3565 2325 3616 πεῖσαι
2373 3562 2594 3631 γυναικὶ
2626 3557 2784 3624 αὖθις
2833 3560 3156 3633 ζευχθῆναι,
3196 3565 3292 3618 καὶ
3320 3566 3381 3618 οὐ
3415 3581 3604 3635 παρα-

2020 3655 2246 3707 καλέσαι
2279 3654 2438 3723 μόνον
2469 3652 2607 3723 πρὸς
2639 3651 2800 3704 τοῦτο
2839 3651 2980 3705 ἀλλά
3021 3655 3116 3705 καὶ
3146 3652 3464 3723 βιάσασθαι,
3505 3653 3606 3708 καὶ

2019 3749 2100 3810 εἰς
2135 3746 2531 3812 ἐπανάστασιν,
2564 3745 2613 3797 ει
2647 3744 2723 3816 μὴ
2750 3742 2907 3797 τοῦτο
2938 3744 3198 3815 γένηται,
3227 3746 3475 3816 χωρῆσαι
3500 3746 3606 3799 αῠη

2018 3842 2178 3904 τούς·
2230 3843 2312 3894 οὐ
2361 3840 2471 3909 γὰρ
2495 3839 2669 3893 ἐστιν
2701 3831 2832 3892 οἷον
2871 3839 3160 3908 γυναικὸς
3187 3836 3334 3892 ἄνευ
3373 3837 3608 3908 φάσκειν

2013 3935 2282 4003 βασιλέα
2312 3951 2375 3988 τε
2405 3932 2513 4002 (ἀν
2552 3931 2652 3986 και
2680 3931 2788 3997 τὰς
2811 3929 3104 3999 ἡμετέρας
3137 3929 3477 3998 στερεῖσθαι
3505 3947 3610 4000 τα-

2016 4028 2201 4099 μετὰς
2241 4028 2578 4093 Δεσποίνης
2605 4023 2705 4078 καὶ
2724 4021 3075 4091 βασιλίδος.
3117 4022 3446 4078 Ἐπέπειστο
3473 4022 3608 4093 γοῦν

1989 4121 2116 4192 ’ὀψὲ
2141 4121 2229 4174 διὰ
2258 4119 2367 4173 τῶν
2420 4117 2773 4171 ἐπιπλάστων
2803 4115 3001 4185 λόγων,
3045 4113 3141 4178 οὓς
3168 4114 3250 4184 τῷ
3286 4117 3465 4186 χρόνῳ
3507 4114 3605 4170 λα-

2020 4215 2135 4269 Οεῖν
2161 4215 2264 4266 οὐκ
2299 4208 2396 4283 ἦν·
2429 4210 2526 4264 καὶ
2560 4209 2780 4281 πρῶτον
2816 4209 2916 4279 μὲν
2954 4207 3295 4279 χειρόγραφα
3319 4206 3460 4278 ὑπὲρ
3489 4207 3601 4262 τῶν

2022 4309 2164 4378 μήτε
2190 4307 2361 4359 ὄντων
2393 4309 2532 4375 μήτε
2560 4303 2836 4372 ἐσομένων
2866 4304 3048 4356 πᾶσαν
3080 4301 3281 4373 ἀπῄτει
3309 4305 3490 4372 χεῖρα,
3523 4302 3599 4366 ὡς

330 4404 422 4444 ms
447 4406 565 4459 qua:
595 4408 694 4446 uec
728 4392 862 4447 ﬁant
912 4410 1010 4450 nee
1065 4411 1186 4452 esse
1215 4411 1454 4469 unquam
1501 4399 1739 4470 possint,
1790 4405 1907 4473 ejus

2015 4399 2189 4468 αὐτήν
2238 4413 2298 4448 τε
2339 4395 2440 4466 τὴν
2482 4393 2754 4463 ἐσομένην
2802 4391 2952 4463 αὑτῷ
3007 4395 3258 4463 γαμετὴν
3294 4393 3386 4446 καὶ
3431 4392 3502 4446 τά
3535 4395 3600 4446 ὲκ

329 4480 570 4538 l‘utttram
601 4499 822 4539 uxorem
848 4494 900 4542 et
923 4501 1061 4555 quos
1090 4504 1154 4543 cx
1201 4491 1290 4544 illa
1336 4494 1642 4564 susceperit
1694 4495 1914 4564 liberos,

2013 4488 2219 4558 ταύτης
2250 4488 2451 4556 ἔκγονα
2498 4485 2900 4556 ὐπερασπίζειν
2940 4487 3037 4542 καὶ
3078 4487 3426 4557 ὑπερμαχεῖν
3461 4484 3605 4553 μετά

323 4588 453 4627 eum
480 4592 511 4630 e
543 4577 681 4632 vivis
711 4581 1032 4645 excesserit,
1081 4581 1308 4638 omnino
1338 4582 1692 4651 defensuros,
1722 4588 1817 4641 sed
1864 4598 1907 4644 et

2015 4585 2107 4636 τὸν
2138 4580 2306 4636 αὑτοῦ
2339 4579 2414 4651 μὴ
2457 4578 2758 4633 παύσαιντο
2792 4577 3046 4644 Θάνατον,
3079 4578 3216 4631 ἀλλά
3246 4579 3510 4650 κάκείνην
3541 4593 3606 4632 τε

331 4673 446 4720 tum
487 4665 608 4724 illos
641 4667 996 4737 imperatores
1053 4683 1168 4725 tum
1217 4669 1395 4742 ipsam
1424 4690 1669 4746 quoque,
1717 4685 1776 4732 ut
1819 4693 1907 4749 pa:

2019 4676 2139 4748 μετ’
2154 4676 2201 4708 ⁸⁸
2231 4674 2477 4736 ἐκείνους
2525 4669 2782 4742 βασιλέας
2815 4671 2994 4740 ἔχοιεν
3025 4671 3120 4725 καὶ
3163 4672 3481 4738 δέσποιναν,
3526 4672 3609 4737 ὡς

331 4765 436 4826 est,
455 4760 733 4815 dominam
769 4762 1072 4819 habituros.
1097 4765 1242 4819 Adeo
1263 4781 1370 4822 non
1401 4767 1458 4822 in
1483 4766 1590 4823 hoc
1612 4771 1778 4825 modo
1801 4787 1907 4826 aevo

2017 4769 2185 4830 εἰκός.
2216 4765 2404 4828 Οὕτως
2432 4764 2494 4816 οὐ
2521 4763 2614 4816 τοῦ
2657 4765 2782 4816 κατ’
2812 4764 3023 4817 ἐκεῖνον
3053 4763 3186 4817 ἀλλὰ
3221 4765 3318 4818 καί
3347 4765 3443 4819 τοῦ
3485 4764 3608 4836 μετ’

332 4853 562 4918 δειιροδι
591 4867 748 4906 suam
781 4870 1000 4926 quoque
1022 4869 1246 4912 mortem
1282 4873 1341 4914 se
1367 4860 1765 4928 imperaturum
1801 4862 1912 4934 79

327 4945 702 5012 existimabat,
723 4963 850 5000 cum
888 4965 952 5002 ex
984 4948 1096 5005 Deo
1132 4950 1261 5020 (non
1300 4959 1559 5024 tanquam
1584 4969 1651 5008 ex
1687 4955 1908 5009 illorum

333 5039 630 5104 penderent
655 5043 1056 5109 niauu)cuncta
1080 5044 1349 5111 speranda
1379 5045 1594 5112 forent;
1626 5045 1726 5100 Per
1756 5064 1911 5116 quem

335 5145 475 5198 reges
512 5146 728 5198 regnant
763 5147 810 5185 et
851 5136 1062 5204 tyranni
1098 5147 1267 5189 tenent
1301 5148 1498 5190 terram
1527 5139 1577 5195 ἀ.
1638 5139 1909 5196 Caeterum

331 5237 544 5279 stutirem
574 5225 713 5293 gerit
757 5226 831 5278 illi
868 5231 1372 5297 senatusconsulto,
1406 5248 1551 5286 unus
1591 5234 1706 5302 ipse
1728 5236 1912 5291 ouiuis

332 5326 495 5370 terrae
528 5317 852 5384 dominans;
885 5323 1091 5392 quique
1119 5325 1390 5383 castitatis
1434 5329 1776 5400 propositum
1806 5330 1912 5383 ini-

2013 4862 2175 4916 αὑτὸν
2218 4858 2356 4931 (ρετο
2399 4857 2845 4927 κατακρατήσειν
2889 4858 3107 4923 αἰῶνος,
3158 4858 3277 4912 δέον
3310 4861 3492 4916 πάντα
3540 4863 3605 4913 ἐκ

2016 4950 2152 5006 Θεοῦ
2189 4951 2304 5004 ἀλλ’
2334 4949 2435 5002 οὐκ
2473 4947 2697 5000 ἐκείνων
2730 4947 3039 5019 ἀναρτῆσαι
3070 4947 3246 5017 χειρὶ,
3279 4949 3356 5001 Δι’
3388 4947 3461 5000 ὃν
3491 4950 3597 5011 βυ-

2017 5043 2210 5108 σιλδῒς
2235 5040 2645 5106 ,βασιλεύουσι
2694 5038 2792 5094 καὶ
2821 5040 3102 5107 τύραννοι
3144 5039 3430 5106 κρατοῦσι
3466 5039 3600 5110 γῆς.

2019 5137 2165 5205 Πλὴν
2187 5134 2499 5186 ὑπέκυπτεν
2528 5132 2557 5182 ό
2583 5132 2762 5200 πάσης
2789 5131 3061 5200 κυριεύων
3088 5135 3190 5200 γῆς
3216 5132 3602 5203 προστάγματι

2016 5229 2097 5300 τῷ
2131 5223 2503 5296 συγκλητικῷ,
2554 5224 2651 5278 καὶ
2698 5223 3035 5294 συνάψεσθαι
3082 5225 3231 5279 ἄκων
3277 5226 3523 5296 ἠνείχετο
3571 5226 3601 5276 ό

2022 5321 2277 5392 σώφρονα
2315 5319 2431 5390 βίον
2472 5317 2836 5388 ἀνῃρημένος.
2873 5318 3076 5387 Ἤγετο
3123 5314 3218 5373 οὖν
3258 5319 3394 5390 πρὸς
3422 5320 3600 5386 γάμον

407 5476 429 5513 ἀ
461 5472 620 5531 Γτον.
661 5495 778 5544 VIII,
817 5482 897 5533 15.

1643 5613 1873 5670 VARUS
1917 5604 2321 5666 LECTIONES.

412 5699 458 5729 ³⁸
487 5700 629 5767 μετἸ
661 5702 793 5753 ttat?
