3958 6034
352 239 449 301 i’l'i

1432 255 1943 321 THEOPHANES
1982 259 2545 333 CONTINUATUS.

3507 258 3607 325 1M

344 360 546 431 saepius
583 361 756 430 rogati
788 363 879 417 vix
920 365 1134 420 tandem
1175 370 1587 439 respondissent
1617 375 1823 431 nullius
1869 392 1916 433 se

2031 376 2175 451 τρὶς,
2204 378 2329 433 ὅτου
2357 380 2422 446 δή
2456 396 2541 445 τις
2567 378 2680 450 εχοι
2724 379 2915 454 χρείαν
2947 377 3057 434 τῶν
3090 378 3386 447 ἐδωδίμων,
3456 375 3606 428 σίτου

341 465 500 519 egere
537 454 780 521 quandiu
834 454 927 511 illo
982 473 1164 512 rerum
1211 462 1434 518 domino
1479 480 1545 520 ac
1596 470 1927 538 imperatore

341 542 576 596 feliciter
608 546 929 614 gauderent,
962 562 1027 602 ac
1058 563 1116 602 se
1141 551 1359 619 penitus
1394 569 1504 624 quo
1533 567 1804 626 spectaret
1833 560 1925 615 illa

342 636 699 708 interrogatio
729 642 945 695 nescire
970 644 1323 703 addidissent.
1356 649 1424 701 At
1462 652 1693 717 nescitis,
1728 654 1923 723 inquit,

340 743 421 780 me
447 728 536 798 qui
564 727 659 782 Dei
690 740 821 782 nutu
849 748 912 783 ac
942 734 1210 787 voluntate
1235 738 1522 805 imperator
1549 744 1822 807 exsistam,
1858 744 1924 797 ab

338 817 580 885 Augusta
606 838 666 871 ac
688 822 906 891 conjuge
928 827 1234 878 nunc/erum
1252 828 1454 895 factum
1481 847 1591 885 esse
1606 833 1632 883 ?
1653 833 1925 902 Additque

338 911 788 981 indignabundus
833 934 847 969 :
903 916 1049 969 Num
1095 920 1215 987 quis
1266 937 1498 991 unquam
1554 925 1924 994 imperatorem

340 1003 637 1057 Romanum
695 1006 871 1074 ejusve
925 1010 1202 1079 coniugem
1264 1024 1621 1069 mercaturam
1688 1034 1927 1075 exercere

2028 472 2063 543 ἢ
2098 473 2242 525 οίνου
2275 472 2309 543 ἦ
2342 487 2487 537 τινος
2514 472 2678 528 ἄλλου
2733 473 2845 527 τῶν
2896 472 3015 527 κατ’
3054 466 3200 526 οἷκον
3244 466 3608 539 ἀναλισκομέ-

2026 581 2155 618 νων.
2206 563 2294 630 Ὢς
2319 564 2374 618 δὲ
2400 565 2660 631 πολλάκις
2685 566 3053 638 ἐρωτηθέντες
3101 565 3255 636 μόλις
3299 564 3443 629 ἀπαξ
3471 563 3610 616 ἀπεο

2029 658 2298 728 κρίθησαν
2324 659 2601 727 Μηδεγὸς
2641 660 2957 714 λείπεσθαι
2987 657 3165 728 μέχρι
3198 655 3309 724 τῆς
3354 653 3476 722 σῆς
3507 654 3611 708 εὖ·

2024 749 2355 819 μοιροῦμεν
2372 748 2733 815 δεσποτείας
2752 767 2816 804 τε
2835 752 2930 804 καὶ
2951 749 3298 815 βασιλείας.
3317 747 3413 801 καὶ
3436 763 3607 818 προσ-

2027 841 2290 895 τιθέντων
2306 841 2513 910 Μηδέν
2529 843 2573 873 ⁹⁶¹
2586 842 2804 896 ειδέναι
2823 841 2940 894 τῶν
2951 834 3039 895 ὧν
3062 838 3421 909 ἐωτώμέθα.
3440 836 3496 892 Ἀ
3506 836 3608 892 ,ω’

2027 934 2142 986 οὐκ
2162 934 2315 1000 ιστε,
2347 932 2570 1003 ἔφησεν,
2604 933 2693 988 ὅτι
2720 950 2796 1002 με
2818 934 2938 988 ὑπὸ
2968 931 3117 986 Θεοῦ
3140 931 3408 997 ,βασιλέα
3438 931 3609 998 τενό-

2025 1041 2217 1094 μενον
2250 1027 2289 1094 ἠ
2338 1025 2663 1095 Ain-onata
2712 1024 2812 1079 καί
2845 1026 3098 1093 σύμϐιος
3146 1025 3496 1089 radean
3534 1039 3612 1090 με

338 1097 470 1149 cidit
493 1098 520 1151 ?
558 1096 823 1167 Tuncque
860 1100 999 1155 adeo
1033 1119 1159 1157 cum
1196 1120 1357 1160 nemo
1392 1124 1718 1178 responsum
1747 1113 1916 1181 daret,

2029 1115 2384 1184 elpydo'aro;
2414 1119 2512 1172 καὶ
2544 1118 2637 1184 τις
2674 1117 2935 1183 πώποτε,
2968 1117 3107 1187 μετά
3124 1116 3351 1186 πικρίας
3373 1112 3606 1183 λέγωνπ

336 1191 573 1259 egressis
605 1192 875 1249 duntaxat
904 1195 1035 1251 viris
1057 1198 1151 1266 qui
1182 1200 1235 1252 in
1268 1202 1391 1255 navi
1427 1212 1606 1266 erant,
1638 1220 1757 1259 eam
1793 1221 1916 1262 con-

2028 1209 2188 1263 τοῦτο
2232 1210 2434 1281 ψυχῆς,
2480 1210 2746 1276 ,ϐασιλέα
2814 1210 3119 1281 Ῥωμαίων
3166 1207 3205 1277 ἦ
3261 1208 3376 1275 τὴν
3419 1205 3609 1261 αὑτοῦ

336 1278 515 1333 festlm
556 1297 681 1336 cum
727 1287 945 1339 ancoris
974 1296 1028 1339 et
1058 1290 1213 1355 velis,
1242 1305 1307 1345 ac
1346 1293 1614 1365 quidquid
1658 1298 1916 1352 mercium

2035 1278 2609 1373 ’λυμεὼν-ἔμπορον
2649 1278 2979 1370 ἐθεάσατο;
3011 1302 3121 1357 Καὶ
3164 1304 3256 1355 ἐπὶ
3298 1300 3473 1368 τούτῳ
3510 1301 3613 1354 ἀν-

335 1386 475 1438 crat,
529 1376 640 1445 igni
690 1380 996 1445 succendit,
1045 1385 1277 1439 multum
1339 1398 1525 1456 postea
1583 1391 1916 1460 vituperans,

2034 1396 2395 1467 απολογήτων
2439 1399 2734 1468 μενόντων,
2785 1398 3073 1452 ἐκέλευσεν
3124 1395 3372 1465 αὑθωρδν
3414 1394 3609 1465 μόνους

338 1465 599 1536 nulloque
649 1483 757 1523 non
790 1474 1039 1527 convicio
1091 1476 1370 1531 dominam
1420 1492 1679 1545 onerans,
1734 1498 1797 1538 ac
1843 1484 1916 1539 vel

2031 1465 2279 1557 ἔξιάνταέ
2311 1465 2787 1565 τοὺςνάνθρώπους
2836 1493 2936 1563 τὴν
2977 1490 3111 1546 ναῦν
3173 1491 3394 1560 εκείνην
3428 1504 3612 1559 παρα-

338 1572 527 1613 nccem
570 1562 854 1629 minitans,
888 1566 932 1619 si
958 1580 1124 1635 porro
1154 1568 1422 1636 ejusmodi
1448 1572 1654 1643 aliquid
1684 1574 1916 1634 factitare

2028 1581 2213 1637 δοῦναι
2240 1586 2374 1654 πυρὶ
2402 1562 2591 1648 αὑταῖς
2631 1562 2906 1656 ἀγκύραις
2953 1586 3047 1639 καὶ
3100 1584 3291 1648 ίστίοις
3344 1583 3441 1637 καὶ
3494 1583 3610 1645 τοῖς

334 1665 577 1721 unquam
617 1654 1143 1725 deprehenderetur.

2033 1674 2215 1740 ἄλλοις
2250 1680 2416 1730 πᾶσιν
2469 1654 2798 1747 ἀγωγίμοις,
2861 1678 3034 1732 πολλὰ
3061 1678 3338 1733 κατειπὼν
3379 1677 3605 1745 ὕστερον

333 1748 429 1802 καὶ
459 1751 742 1815 παντοίαις
764 1751 956 1825 ὕϐρεσι
993 1756 1093 1823 τὴν
1137 1755 1433 1814 δέσποιναν
1465 1760 1804 1832 περιϐαλὼν,
1836 1764 1912 1831 ὡς
1940 1768 2033 1822 καὶ
2056 1772 2230 1842 αὐτῆς
2278 1772 2645 1845 ὲπαπειλῆσαι
2695 1774 2984 1844 ἐξαγαγεῖν
3031 1774 3130 1844 τῆς
3170 1772 3335 1843 ζωῆς.
3375 1772 3489 1842 εἴτε
3542 1770 3611 1844 δὴ

334 1841 520 1896 ἔκτοτε
544 1843 785 1897 τοιοῦτόν
813 1863 868 1899 τι
890 1847 1118 1901 ποιοῦσα
1139 1853 1445 1925 φωραθείη.

406 1940 457 1992 5.
490 1936 762 1993 Caeterum
784 1938 1075 1997 Theodore
1095 1945 1225 2011 (hoc
1246 1947 1391 2001 enim
1417 1949 1677 2020 Augustae
1694 1954 1916 2025 nomen)

2096 1953 2156 2009 ε’.
2198 1954 2363 2009 Ἀλλά
2392 1953 2626 2025 πατρίδα
2651 1955 2750 2025 μὲν
2779 1956 2813 2025 η
2846 1951 3101 2025 Θεοδὼρα
3129 1951 3309 2022 (τοῦτο
3351 1954 3461 2025 γὰρ
3487 1952 3611 2008 ὅνο-

332 2027 756 2101 Paphlagoniam
788 2034 1022 2101 patriam
1063 2036 1419 2104 honestabat,
1457 2042 1714 2111 oppidum
1767 2046 1916 2104 Ebis-

2028 2065 2105 2119 μα
2139 2050 2205 2119 τῇ
2237 2046 2551 2120 Αὑγούστῃ)
2583 2047 2970 2116 Παφλαγονίαν
2997 2047 3316 2116 ἐσέμνυνεν,
3352 2046 3449 2099 καὶ
3498 2062 3609 2116 χω-

332 2138 450 2177 sam
488 2137 506 2177 :
538 2132 791 2192 parentes
816 2124 1086 2182 Marinum
1112 2139 1341 2199 patrem,
1374 2133 1554 2189 virum
1586 2153 1692 2191 non
1721 2137 1916 2195 obscu-

2028 2140 2146 2212 ρίον
2193 2139 2479 2205 Ἔόισσαν,
2516 2143 2817 2211 γεννήτορα
2857 2141 2914 2194 δὲ
2948 2141 3192 2211 Μαρίνον
3243 2139 3346 2192 οὐκ
3394 2135 3610 2209 ἄσημόν

333 2230 454 2269 rum
489 2226 581 2270 aut
598 2216 821 2286 privata
847 2220 1011 2275 sortis
1037 2221 1333 2289 hominem,
1354 2228 1445 2281 sed
1474 2228 1567 2296 qui
1590 2228 1924 2302 drungarius

331 2304 605 2362 exstiterit
655 2308 739 2362 vel
783 2308 867 2380 (ut
919 2312 1042 2367 aliis
1084 2314 1281 2385 placet)
1339 2318 1589 2375 tribunus
1629 2338 1643 2374 :
1696 2319 1924 2380 Matrem

333 2395 526 2451 habuit
577 2394 946 2454 Theoctistam
991 2417 1357 2472 cognomento
1392 2406 1691 2477 Florinam,
1732 2415 1926 2473 ambos

331 2484 438 2555 piis
468 2486 713 2541 moribus
736 2502 992 2558 reetaquc
1021 2492 1072 2546 in
1107 2494 1212 2548 title
1235 2496 1515 2562 educatos,
1545 2515 1607 2554 ac
1638 2502 1730 2570 qui
1754 2517 1924 2559 vene-

332 2576 588 2631 rabilium
612 2576 914 2649 imaginum
936 2580 1171 2647 cultum,
1205 2600 1303 2653 pro
1329 2588 1576 2642 omnium
1607 2590 1729 2660 ejus
1752 2594 1927 2650 aetatis

330 2668 615 2724 hominum
639 2672 802 2741 genio
831 2681 996 2743 atque
1029 2674 1249 2743 haeresi,
1277 2678 1505 2734 minime
1535 2682 1922 2754 abnegassent,

329 2762 427 2818 sed
456 2764 849 2823 ardentissimo
867 2783 966 2823 eas
994 2770 1183 2824 studio
1213 2772 1330 2828 oris
1362 2788 1668 2846 manusque
1696 2787 1747 2834 et
1768 2780 1924 2837 sinus

327 2856 586 2926 amplexu
601 2870 1012 2915 venerarentur.
1034 2861 1205 2918 Porro
1224 2864 1512 2923 Theodora
1545 2871 1692 2941 regia
1710 2873 1920 2943 pridem

328 2961 396 3003 ex
442 2947 833 3019 imperatorum
882 2952 993 3023 90
1034 2970 1186 3010 more
1228 2971 1432 3012 corona
1477 2961 1703 3025 donata.
1754 2964 1925 3021 Mater

327 3054 551 3111 quoque
587 3042 901 3099 ’l‘beoctista
950 3055 1120 3103 easta:
1151 3064 1317 3117 quam
1355 3066 1553 3107 vocant
1585 3054 1661 3124 (id
1696 3064 1779 3111 est
1809 3059 1927 3113 cin-

329 3132 459 3203 gulo
489 3132 728 3205 donata)
753 3152 818 3192 ac
848 3138 1091 3207 patriciae
1114 3140 1438 3209 dignitatem
1470 3156 1765 3203 consecuta
1782 3161 1920 3206 erat.

2020 2250 2141 2286 τινα
2172 2234 2205 2304 ἢ
2239 2232 2456 2304 ῑδιὼτην
2484 2234 2585 2305 τὴν
2623 2233 2818 2303 τύχην,
2875 2232 3237 2303 δρουγγάριον
3284 2231 3343 2284 δὲ
3383 2230 3416 2301 ἢ
3447 2246 3607 2304 coup-

2030 2328 2247 2400 μάρχην
2302 2327 2445 2381 κατά
2494 2343 2668 2389 τινας,
2709 2326 2807 2379 καὶ
2859 2326 3075 2397 μητέρα
3127 2323 3464 2393 Θεοκτίστην
3510 2322 3611 2393 τὴν

2021 2418 2167 2472 οὕτω
2212 2418 2495 2489 Φλωρίναν
2531 2416 3075 2487 κατονομαζομένην,
3125 2417 3473 2489 ἀμφοτέρους
3515 2415 3608 2469 εὐ·

2026 2513 2215 2585 σεσείᾳ
2241 2512 2719 2584 ἑντεθραμμένους
2743 2512 2790 2544 ³⁸
2831 2509 2927 2564 καὶ⁵
2956 2513 3058 2582 τὴν
3110 2510 3222 2567 τῶν
3270 2510 3487 2565 cemth
3526 2512 3608 2564 εί-

2026 2605 2198 2658 κόνων
2252 2602 2632 2674 προσκύνησιν
2685 2603 2787 2655 οὑκ
2865 2602 3300 2673 ὲξαρνουμένους
3356 2601 3480 2671 μιν,
3529 2600 3608 2664 ὡς

2022 2694 2145 2749 κατ’
2191 2696 2369 2747 ἐκεῖνο
2408 2694 2611 2758 πάντες
2667 2693 2887 2764 καιροῦ,
2924 2691 3347 2764 ἀσπαζομένους
3392 2690 3450 2745 δὲ
3505 2689 3606 2745 καὶ

2024 2785 2538 2854 ὲνστερνιζομένους
2587 2784 2905 2855 ὑπερφυῶς.
2950 2782 3091 2837 Ἀλλ’
3124 2784 3158 2853 ἡ
3215 2783 3314 2852 μὲν
3352 2779 3607 2852 ensem

2022 2876 2319 2948 διαδήματι
2368 2875 2648 2960 βασιλείας
2694 2876 2860 2930 πάλαι
2904 2876 2969 2946 δὴ
3019 2876 3378 2939 κατέστεπτο,
3428 2873 3522 2927 καὶ
3572 2875 3608 2945 ἠ

2024 2968 2194 3036 αὐτῆς
2253 2968 2440 3038 μήτηρ
2492 2966 2791 3035 Θεοκτίστη
2852 2965 3035 3035 (tosti;
3086 2982 3147 3019 τε
3201 2965 3297 3018 καὶ
3344 2964 3609 3035 πατρικία

2019 3062 2301 3131 τετίμητο.
2338 3060 2489 3129 Αὕτη
2512 3059 2578 3123 δὴ
2604 3057 2698 3111 οὖν
2725 3059 2759 3129 ἡ
2781 3057 3083 3129 Θεοκτίστη
3114 3060 3256 3112 κατὰ
3280 3056 3371 3110 τὸν
3400 3058 3605 3125 ἑαυτῆς

2018 3147 2189 3217 οἷκον,
2209 3151 2341 3205 ἔνθα
2363 3151 2429 3221 δὴ
2450 3154 2483 3219 ἡ
2522 3151 2630 3205 τῶν
2658 3152 2697 3205 Γ
2699 3152 2939 3220 αστρίων
2963 3149 3100 3222 μονὴ
3130 3150 3231 3223 τὴν
3283 3148 3445 3221 πῆξιν
3491 3150 3607 3221 ἔχει

327 3223 404 3279 lbi
459 3227 643 3296 itaque
680 3228 991 3286 Theoctista
1037 3232 1093 3286 in
1144 3234 1367 3290 domum
1416 3254 1597 3304 suam,
1646 3258 1810 3311 quam
1854 3260 1916 3299 eo

2022 3242 2212 3297 τὰνῦν
2241 3246 2340 3297 καὶ
2392 3244 2601 3314 ἵδρυσιν
2630 3240 2723 3316 (ἦν
2774 3245 2831 3298 δὲ
2872 3243 3067 3298 τοῦτον
3134 3243 3196 3308 ἔξ
3241 3243 3451 3297 ἐκείνου
3508 3242 3606 3299 τοῦ

326 3315 451 3370 loco
467 3315 627 3371 sitam
659 3316 893 3373 habebat
920 3321 1013 3376 ubi
1031 3322 1195 3378 modo
1216 3324 1560 3383 Gastriorum
1582 3305 1916 3390 exstructum

2027 3337 2319 3410 πατρικίου
2346 3305 2739 3408 ὲξωινησαμενη
2775 3338 3037 3409 Νικήτα),
3063 3337 3160 3401 τὰς
3178 3305 3291 3408 *τῆς
3322 3335 3606 3409 Θεοδώρας

327 3411 722 3466 monasterium
773 3425 877 3478 est,
929 3428 1107 3485 exque
1164 3415 1350 3473 Nieeta
1404 3424 1634 3492 patricio
1685 3437 1916 3495 emerat,

2024 3428 2332 3501 θυγατέρας
2362 3428 2821 3500 μετακαλουμένη
2858 3430 3042 3501 (πέντε
3088 3428 3145 3483 δὲ
3178 3423 3320 3502 ἦσαν
3349 3428 3443 3483 τὸν
3478 3431 3605 3501 ἀρι-

326 3502 632 3559 Theodore
658 3506 1054 3566 filiasinvitans
1070 3510 1341 3583 (quinque
1359 3515 1466 3571 illae
1491 3534 1722 3574 numero
1739 3531 1916 3589 erant,

2023 3521 2180 3594 θμδν,
2208 3525 2318 3597 ἥτε
2341 3524 2520 3578 Θέκλα
2547 3523 2643 3578 καὶ
2661 3525 2851 3591 Ἀννα,
2868 3525 3203 3581 Ἀναστασία
3228 3541 3287 3577 τε
3318 3524 3412 3578 καὶ
3435 3525 3605 3579 Πουλ-

327 3592 527 3649 Thecla
558 3603 613 3649 et
631 3595 785 3650 Anna
816 3597 1214 3669 Anastasiaqtte
1242 3612 1298 3656 et
1324 3604 1612 3661 Puleheria
1637 3617 1693 3661 et
1727 3608 1916 3692 Maria}

2020 3592 2200 3686 χερία,
2234 3592 2335 3669 ⁷καὶ
2364 3617 2399 3688 η
2441 3614 2652 3687 Μαρία)
2686 3615 2875 3680 ἄλλαις
2907 3632 2968 3668 τε
2996 3615 3226 3686 δωρεαῖς
3269 3609 3355 3679 αἷς
3393 3616 3602 3684 ὑπάγε-

325 3703 451 3743 cum
483 3690 606 3745 aliis
640 3692 1003 3759 munusculis,
1047 3694 1249 3764 quibus
1287 3697 1587 3756 demulceri
1620 3701 1711 3758 hic
1752 3690 1916 3762 sexus

2022 3709 2147 3762 σθαι
2189 3710 2250 3763 τὸ
2280 3709 2414 3779 θῆλυ
2443 3711 2690 3779 πέφυκεν
2720 3709 3013 3776 ἐδεξιοῦτο,
3046 3710 3142 3763 καὶ
3175 3710 3282 3782 ἰδίᾳ
3308 3710 3604 3781 παραλαμ-

324 3784 481 3848 solet,
530 3784 933 3852 blandicbatur,
976 3795 1090 3841 tum
1126 3804 1376 3845 seorsum
1408 3807 1696 3851 assumens
1726 3798 1917 3855 horta-

325 3878 486 3929 batur
528 3884 589 3931 ut
632 3892 799 3947 supra
848 3894 1038 3933 sexum
1080 3896 1236 3935 suum
1282 3895 1536 3953 saperent
1590 3888 1916 3961 animosque

323 3968 507 4023 viriles
542 3984 605 4023 ac
637 3980 883 4025 materno
916 3969 1054 4025 lacte
1083 3972 1278 4043 dignos
1305 3988 1670 4045 assumerent,
1705 3982 1916 4037 abomi-

321 4069 517 4115 nantes
562 4070 839 4130 paternam
886 4063 1140 4119 hzeresim
1179 4081 1481 4136 sacrasque
1514 4072 1909 4129 venerabilium

322 4150 621 4221 imaginum
669 4153 1043 4223 amplexantes
1097 4170 1162 4211 ac
1210 4160 1596 4217 exosculantes
1649 4164 1853 4236 emgies
1891 4184 1907 4234 ;

320 4243 598 4313 simulque
630 4243 684 4299 in
722 4260 918 4300 manus
943 4261 1255 4316 assumens,
1284 4251 1485 4322 quippe
1516 4269 1654 4324 quas
1684 4259 1737 4311 in
1772 4257 1910 4314 cista

318 4337 558 4406 quadam
600 4338 869 4406 repositas
910 4339 1171 4404 habebat,
1213 4343 1383 4399 vultui
1424 4346 1693 4417 labiisque
1720 4350 1912 4406 admo-

319 4442 456 4483 vens
502 4427 711 4499 puellas
760 4433 1161 4500 sanctiﬁcabat,
1224 4436 1387 4507 inque
1430 4455 1618 4494 earum
1666 4457 1909 4499 amorem

319 4522 445 4578 illas
490 4522 794 4578 excitabat.
828 4523 944 4580 Hoc
989 4526 1079 4582 illa
1123 4543 1249 4583 cum
1290 4530 1587 4587 identidem
1615 4532 1910 4602 factitaret,

2019 3801 2258 3856 δάνουσα
2282 3802 2342 3855 οὒ
2385 3802 2785 3873 μαλακίζεσθαι
2818 3803 2942 3856 οὐδὲ
2998 3803 3181 3874 μένειν
3205 3802 3427 3873 θηλείας
3457 3802 3597 3873 ὅπερ

2017 3889 2158 3965 ἦσαν
2198 3894 2513 3967 ἔξελιπάρει
2560 3895 2655 3948 καὶ
2695 3893 3051 3949 καθικέτευεν
3084 3934 3100 3960 ,
3140 3894 3489 3965 ἀνδρίζεσθαι
3540 3895 3599 3951 δὲ

2016 3988 2112 4040 καὶ
2142 3991 2241 4059 τῆς
2273 3988 2533 4058 μητρῴας
2584 3988 2755 4060 θηλῆς
2786 3988 2914 4053 ἀξια
2970 3985 3299 4043 διανοεῖσθαι
3332 3988 3431 4043 καὶ
3461 3987 3568 4055 πρέ

2014 4099 2210 4144 ποντα,
2239 4083 2339 4154 τὴν
2357 4082 2621 4154 πατρῴαν
2660 4084 2757 4153 μὲν
2789 4083 3003 4154 αἵρεσιν
3055 4080 3596 4154 ἀπορριπιζομένας,

2013 4175 2419 4245 καταφιλούσας
2448 4177 2505 4231 δὲ
2556 4178 2652 4230 καὶ
2684 4175 3180 4245 κατασπαζομένας
3233 4175 3331 4237 τὰς
3363 4175 3470 4227 τῶν
3502 4192 3597 4229 σε-

2013 4265 2164 4319 πτῶν
2193 4266 2421 4321 εἰκόνων
2452 4266 2684 4339 μορφάς.
2704 4268 2814 4321 Καὶ
2830 4266 2949 4336 ἅμα
2964 4265 3167 4328 ταύτας
3186 4265 3263 4328 είς
3282 4266 3465 4335 χεῖρας
3494 4265 3597 4337 ιμ-

2013 4359 2285 4414 6άλλουσα
2309 4360 2697 4429 (ἐφυλάττοντο
2714 4361 2771 4414 δὲ
2802 4362 2942 4434 αὑτῇ
2960 4359 3017 4413 ἐν
3045 4376 3153 4416 τινι
3198 4358 3483 4429 κιϐωτίῳ),
3516 4357 3597 4428 τῷ

2014 4450 2291 4523 προσώπῳ
2345 4453 2439 4507 καὶ
2482 4454 2596 4516 τοῖς
2656 4454 2891 4524 χείλεσιν
2945 4453 3031 4527 [Ρ.
3068 4453 3162 4527 57]
3236 4452 3593 4524 ἐπιτιθεμένη

2012 4543 2240 4613 ήγίαζέν
2268 4560 2329 4596 τε
2352 4542 2521 4607 αὐτάς
2554 4546 2651 4597 καὶ
2674 4545 2810 4613 πρὸς
2863 4543 2926 4596 τὸ
2981 4544 3208 4598 ὲκείνων
3262 4542 3597 4615 φίλτρον-διο

316 4613 629 4685 ardensque
663 4629 793 4686 erga
829 4616 1095 4689 imagines
1127 4621 1459 4678 desiderium
1503 4628 1757 4695 neptibus
1796 4628 1907 4684 fre-

2017 4635 2259 4705 ήγειρεν.
2276 4636 2449 4689 Τοῦτο
2470 4632 2567 4689 οὖν
2598 4636 2890 4707 ἐνδελεχῶς
2910 4636 3138 4691 ποιοῦσα
3165 4637 3259 4691 καὶ
3289 4613 3406 4700 ταῖς
3432 4638 3597 4706 ἐγγό-

317 4723 498 4778 quens
539 4710 882 4777 accenderet,
930 4726 1040 4765 non
1072 4710 1262 4768 fefellit
1298 4728 1384 4769 res
1422 4715 1809 4789 Theophilum.
1858 4721 1911 4776 ls

316 4802 464 4855 enim
500 4803 801 4871 aliquando
830 4818 954 4857 cum
989 4803 1130 4860 filias
1157 4805 1517 4878 interrogaret
1545 4811 1674 4879 quid
1694 4827 1759 4868 ex
1791 4814 1910 4868 aria

316 4908 606 4948 munerum
662 4895 1026 4963 accepissent,
1082 4898 1285 4967 quidve
1344 4900 1689 4957 humanioris
1748 4903 1910 4960 oﬂicii

314 4983 816 5055 blanditiarumque
846 4985 899 5038 in
942 5000 1035 5040 eas
1067 4986 1328 5042 collatum
1360 5000 1529 5054 esset,
1570 4993 1796 5062 reliquis
1827 4995 1911 5049 in-

312 5076 741 5147 gerrogationem
800 5076 921 5145 ejus
986 5088 1248 5148 tanquam
1313 5082 1677 5151 muscipulam
1720 5088 1909 5142 solerti

312 5169 501 5223 animo
559 5176 881 5224 constanter
936 5170 1385 5239 declinantibus,
1451 5171 1740 5235 Pulcheria
1799 5196 1908 5236 non

317 5263 493 5333 magis
545 5272 705 5319 aetate
735 5280 899 5334 quam
945 5281 1111 5321 sensu
1145 5267 1440 5323 immatura
1463 5310 1478 5333 ,
1509 5286 1677 5340 quam
1709 5274 1908 5331 blande

311 5364 556 5411 tractata:
581 5367 766 5413 essent
798 5357 1022 5421 referre,
1044 5374 1109 5415 ac
1124 5375 1289 5429 quam
1323 5364 1491 5417 variis
1521 5365 1699 5431 pomis
1729 5368 1905 5424 dona--

311 5458 401 5505 tae.
437 5463 656 5519 unaque
698 5449 1091 5504 vcnerabilium
1137 5451 1438 5521 imaginum
1486 5458 1897 5516 venerationem

310 5542 627 5613 adiungere,
650 5550 813 5611 atque
852 5542 922 5596 ita
948 5557 1061 5596 rem
1088 5541 1193 5612 91
1220 5545 1457 5612 simplici
1483 5561 1648 5603 sensu
1686 5552 1898 5609 verbis-

2011 4744 2124 4791 νοις
2143 4728 2208 4783 τὸ
2237 4728 2368 4799 περὶ
2388 4730 2486 4793 τὰς
2507 4730 2725 4792 εἰκόνας
2762 4729 2983 4801 φίλτρον
3008 4729 3448 4801 ἀναζωπυροῦσα
3494 4731 3597 4784 οὐκ

2008 4820 2167 4875 ἔλαθε
2190 4822 2283 4875 τὸν
2300 4820 2581 4892 Θεόφιλον,
2607 4822 3017 4893 πυνθανόμενον
3044 4822 3071 4876 ὅ
3087 4840 3139 4877 τι
3154 4839 3214 4875 τε
3235 4822 3425 4884 αὐταῐς
3445 4824 3596 4893 παρὰ

2006 4915 2105 4984 τῆς
2142 4915 2377 4985 μάμμης
2403 4914 2708 4989 δεδώρηται
2737 4918 2833 4969 καὶ
2865 4919 2893 4971 ὃ
2918 4933 2972 4969 τι
3000 4917 3223 4987 χάριτος
3245 4914 3596 4985 ἐξείργασται

2005 5007 2272 5072 ἄξιον..Δῑ
2312 5008 2412 5079 μὲν
2444 5011 2555 5080 γὰρ
2593 5009 2749 5064 ἀλλαι
2780 5010 2973 5065 τούτου
3022 5011 3123 5069 τὰς
3151 5009 3375 5074 πεύσεις
3411 5010 3597 5078 ἀγαθά

2013 5103 2311 5172 φρονοῦσαι
2381 5102 2570 5177 ὥσπερ
2604 5105 2758 5168 τινὰς
2814 5104 2987 5168 λαϐὰς
3059 5104 3389 5175 ἐρρωμένως
3447 5120 3593 5171 παρ-

2009 5194 2233 5265 έτρεχον
2253 5211 2265 5225 ’
2303 5194 2415 5266 ἠδὲ
2443 5195 2754 5265 Πουλχερὶα
2784 5196 2879 5249 ἀτε
2928 5194 3118 5264 ἡλικία
3164 5197 3259 5247 καὶ
3280 5194 3360 5262 νῷ
3398 5194 3597 5262 νηπιά-

2005 5286 2176 5352 ζουσα
2196 5288 2295 5349 τάς
2325 5304 2384 5339 τε
2422 5288 2826 5359 φιλοφροσύνας
2858 5288 3013 5356 ἔλεγε
3052 5288 3151 5342 καὶ
3169 5287 3230 5341 τδ
3256 5286 3457 5355 πλῆθος
3482 5287 3592 5339 τῶν

2002 5379 2258 5446 ὀπωρῶν,
2293 5380 2621 5451 συνηρίθμει
2643 5381 2699 5433 δὲ
2724 5382 2818 5433 καὶ
2848 5381 2948 5448 τὴν
2977 5380 3085 5434 τῶν
3112 5378 3326 5433 σεπτῶν
3363 5379 3592 5432 είκόνων

2007 5474 2403 5544 προσκύνησιν,
2430 5473 2573 5528 οὕτω
2608 5474 2675 5545 δὴ
2708 5473 2891 5527 ἁπαλὰ
2917 5472 3192 5544 φρονοῦσα
3232 5470 3330 5524 καὶ
3351 5469 3588 5539 λέγουσα

2006 5560 2080 5620 ὡς
2104 5562 2247 5613 νινία
2278 5562 2451 5622 πολλά
2474 5562 2562 5634 είή
2592 5563 2731 5634 αὐτῇ
2769 5564 2909 5618 κατὰ
2928 5563 2990 5617 τὸ
3008 5562 3263 5617 κιϐώτιον
3290 5560 3384 5616 καὶ
3414 5556 3587 5615 ταῦτα

1602 5636 1837 5702 VARUE
1881 5649 2284 5713 LECTIONES.

377 5730 423 5762 ⁹⁶
451 5729 589 5799 μηδι
620 5729 678 5785 P.
756 5733 801 5766 "
823 5733 965 5801 λέγω
995 5734 1015 5785 ?
1090 5732 1135 5764 ⁵⁸
1166 5734 1644 5807 ἐκτεθραμμένους
1662 5736 1724 5792 P.
