3958 6034
235 72 338 136 127

1293 75 1801 135 TIIEOPHANES
1831 73 2398 139 CONTINUATUS.

3395 74 3498 140 1'28

231 201 333 243 nos
377 186 442 241 ad
499 187 700 244 bellum
757 188 1180 258 procedentibus
1236 202 1357 243 eam
1419 187 1808 242 connumerari

1927 187 2154 254 πόλεμον
2212 185 2420 256 ἐξιοῦσι
2488 189 2785 260 Ῥωμαίοις
2839 188 2981 244 κατά
3016 188 3128 244 τῶν
3179 188 3497 261 ’Δγαρηνῶν

227 279 417 348 jussit.

305 371 396 427 22.
457 369 555 428 His
599 387 732 441 ergo
786 371 922 426 viris
973 369 1145 426 fretus
1185 368 1544 441 TheOphilus,
1572 368 1719 440 quod
1754 378 1808 422 et

235 464 372 519 alias
427 462 573 518 bello
639 471 899 519 strenuos
962 463 1161 528 sciret,
1210 461 1474 517 adversus
1525 459 1809 530 Agarenos

233 553 623 626 proﬁciscitur,
680 568 806 609 cum
855 563 911 608 et
958 551 1262 617 Ibraemns,
1298 553 1377 608 uti
1440 552 1650 609 dictum
1698 559 1809 615 est,

238 646 395 718 113
449 648 614 701 etiam
672 646 787 716 ipse
840 645 894 700 in
946 660 1046 700 nos
1087 645 1369 700 movisset.
1433 642 1571 701 Cum
1621 643 1812 714 itaque

233 740 410 792 ambae
425 737 539 806 jam
575 736 745 800 acies,
775 751 837 791 ac
870 746 983 790 tum
1008 735 1386 806 Agarenornm
1412 737 1668 807 princeps
1692 745 1809 791 tum

235 826 573 899 Theophilus
601 828 655 882 in
682 827 864 883 vicino
891 838 1098 895 essent,
1122 837 1377 898 essetque
1407 842 1495 882 res
1521 827 1575 881 in
1607 827 1814 882 delibe-

234 922 508 978 rationem
549 931 767 985 vocata,
819 920 1082 977 Mannelis
1111 937 1176 978 ea
1226 923 1498 978 sententia
1549 918 1678 989 fuit,
1725 922 1812 975 in-

233 1016 460 1086 dignum
500 1013 670 1069 videri
693 1013 1068 1069 Romanorum
1090 1013 1481 1084 imperatorem
1505 1029 1631 1070 cum
1663 1027 1815 1068 ame-

235 1120 507 1162 ramnune
559 1115 814 1162 conserta
871 1108 990 1161 acie
1038 1121 1303 1176 pugnare;
1356 1121 1524 1160 unum
1576 1105 1811 1176 aliquem

235 1214 361 1254 cum
404 1208 558 1269 parte
606 1199 880 1254 exercitus
922 1199 978 1253 in
1020 1213 1144 1253 eum
1185 1198 1610 1261 immittendnm,
1652 1199 1816 1268 idque

239 1290 474 1345 interdiu
526 1287 886 1345 factitandum
951 1305 1096 1346 esse.
1179 1288 1385 1344 Contra
1446 1288 1816 1360 TheOphobns

237 1391 563 1454 praesentem
614 1381 668 1437 in
712 1383 830 1439 acie
862 1383 1246 1454 imperatorem
1295 1383 1489 1439 adesse
1528 1384 1812 1452 suadebat;

241 1486 409 1533 noctu
457 1485 640 1534 tamen
686 1476 1148 1544 congrediendum
1178 1516 1192 1541 ,
1251 1476 1614 1545 impressione
1675 1474 1814 1531 facta

1909 279 2329 349 δναριθμεῑσθαι
2362 278 2686 350 προσέταξε.

1980 368 2087 440 κβ’.
2112 368 2338 434 Τούτοις
2361 370 2492 439 γοῦν
2517 369 2880 442 τεθαρρηκὼς
2901 371 2931 424 ὁ
2954 370 3234 442 Θεόφιλος,
3259 372 3382 426 ἐπεὶ
3403 374 3499 427 καὶ

1910 462 2088 526 ἄλλως
2116 461 2233 534 ᾔδει
2258 461 2485 527 τούτους
2513 461 3083 532 ἁνδραγαθιζομένους
3101 505 3117 529 ,
3153 466 3235 528 είς
3260 465 3500 534 πόλεμον

1911 559 2055 613 κατὰ
2079 557 2189 611 τῶν
2245 556 2565 629 Ἀγαρηνῶν
2604 557 2773 625 ἔξεισι
2809 560 2906 612 καὶ
2957 558 3052 613 τοῦ
3107 557 3340 629 ἰϐραὴμ
3373 557 3498 612 καθ’

1911 650 2089 720 ἡμῶν,
2124 650 2200 711 ὡς
2229 649 2467 720 εἴρηται,
2496 647 3013 720 ἐκστρατεύσαντος.
3080 648 3343 719 Ἐπείπερ
3368 649 3499 717 γοῦν

1911 742 2080 810 ἐγγὺς
2109 740 2356 812 αλλήλων
2379 742 2406 794 ὂ
2435 758 2495 795 τε
2521 739 2630 794 τῶν
2663 741 2999 813 Σαρακηνῶν
3033 741 3275 812 ἀρχηγδς
3309 741 3501 811 £7316-

1913 851 1992 886 νει
2023 834 2119 886 καὶ
2138 833 2166 887 ὁ
2189 832 2471 901 Θεόφιλος.
2496 832 2603 886 ἔδει
2624 831 2679 886 δὲ
2705 833 2800 887 καὶ
2833 833 3054 904 βουλῆς,
3072 832 3102 884 6
3124 833 3224 904 μὲν
3243 833 3498 906 Μανουὴλ

1912 925 1974 980 ού
2018 923 2228 978 δίκαιον
2281 923 2451 994 ἔφησε
2509 924 2736 995 βασιλέα
2779 923 3074 995 Ῥωμαίων
3126 924 3265 994 πρὸς
3290 925 3498 997 ἅμερα-

1919 1019 2123 1088 μνουνῆ
2143 1015 2423 1084 πολεμεῖν,
2447 1016 2584 1070 ἀλλὰ
2599 1033 2720 1069 τινα
2755 1015 2928 1086 μέρος
2950 1015 3184 1071 λαϐόντα
3205 1015 3316 1070 τῶν
3337 1032 3501 1088 στρα-

1915 1107 2186 1161 τιωτικῶν
2232 1107 2437 1172 ἐξιέναι
2489 1111 2632 1164 κατὰ
2657 1108 2956 1178 πρόσωπον
2993 1107 3104 1161 τῶν
3137 1106 3369 1180 ἐχθρῶν,
3405 1109 3500 1163 καὶ

1917 1202 2035 1272 ἅμα
2091 1201 2212 1272 μεθ’
2243 1199 2462 1270 ἡμέραν
2495 1199 2655 1254 τοῦτο
2685 1202 2882 1265 ποιεῖν,
2910 1203 2939 1254 6
2967 1199 3242 1270 Θεὸφοϐος
3266 1199 3323 1253 δὲ
3359 1196 3500 1255 εἷναί

1920 1297 2022 1365 μὲν
2058 1295 2151 1347 ἐπὶ
2196 1295 2559 1365 παρατάξεως
2596 1295 2685 1348 τὸν
2719 1294 2942 1365 βασιλέα
2973 1295 3250 1359 ἐϐούλετο,
3283 1295 3503 1366 νύκτωρ

1917 1385 1975 1439 δὲ
2004 1387 2321 1457 ἐπιτεθῆναι
2351 1386 2539 1447 αὺτοῖς
2573 1387 2714 1455 μετὰ
2732 1385 2828 1439 τοῦ
2851 1385 2961 1440 τῶν
2993 1387 3219 1457 Περσῶν
3248 1385 3503 1454 πεζικοῦ,

1919 1481 2013 1532 καὶ
2065 1479 2154 1531 ὅτε
2208 1477 2372 1530 πάλιν
2411 1477 2677 1546 δεήσειεν,
2729 1477 3108 1532 ὲπικυκλῶσαι
3157 1478 3221 1531 τὸ
3257 1478 3504 1534 ἱππικόν.

240 1586 339 1640 per
371 1571 625 1628 Persicas
651 1571 932 1643 pedestres
962 1569 1169 1639 copias;
1219 1585 1284 1625 ac
1325 1580 1439 1624 tum
1477 1581 1664 1640 postea
1691 1586 1814 1625 eum

1934 1570 2074 1624 Ἀλλ’
2096 1571 2194 1624 οὐκ
2224 1569 2411 1623 ἔπεισε
2437 1571 2532 1622 τὸν
2557 1571 2804 1640 βασιλέα,
2828 1571 3093 1623 εἰπόντων
3117 1569 3348 1637 πολλῶν,
3375 1586 3509 1639 σφε-

240 1677 471 1720 necesse
502 1665 692 1731 fuerit,
722 1672 1010 1733 equestres
1053 1673 1261 1718 turmas
1292 1674 1489 1733 praesto
1527 1663 1663 1729 fore,
1698 1678 1820 1733 qum

240 1753 497 1808 hostilem
535 1752 834 1808 exercitum
860 1761 1046 1808 essent
1074 1751 1437 1807 conclusurae.
1478 1751 1678 1807 Verum
1711 1769 1820 1807 non

239 1844 520 1914 acquievit
549 1847 871 1916 imperator,
916 1844 1105 1899 multis
1149 1845 1354 1900 idcirco
1387 1861 1622 1915 pugnam
1655 1858 1819 1901 noctu

239 1936 638 1993 conserendam
688 1937 923 1992 suadere
962 1934 1359 2006 Theophobum
1390 1938 1722 2002 dicentibus,
1761 1945 1823 1994 ut

243 2028 348 2084 sibi
398 2029 502 2100 ipsi
549 2029 924 2084 Romanorum
977 2029 1283 2085 vindicaret
1317 2029 1570 2101 gloriam.
1620 2030 1822 2100 Aperto

241 2121 433 2192 itaque
459 2120 630 2178 Marte
657 2121 935 2176 decretum
979 2130 1038 2177 ut
1067 2136 1191 2175 cum
1225 2121 1383 2177 hoste
1421 2121 1825 2192 congrederen-

242 2221 357 2266 tur.
398 2209 669 2266 Caaterum
703 2211 1008 2275 lbracmus.
1050 2212 1317 2266 incertum
1348 2228 1477 2267 num
1515 2214 1824 2285 arrogantia

243 2305 444 2359 ductus
493 2319 562 2357 an
623 2304 971 2372 imperatoris
1032 2314 1180 2358 metu
1245 2307 1610 2372 conterritus,
1674 2317 1825 2376 parte

242 2397 524 2451 exercitus
577 2407 860 2465 assumpta
904 2397 1154 2462 recessit,
1209 2397 1458 2454 immisso
1500 2399 1825 2453 Abuchazar

244 2503 372 2544 cum
433 2491 710 2558 octoginta
774 2488 1016 2543 millibus
1075 2498 1410 2544 armatorum
1471 2489 1537 2545 ad
1585 2505 1823 2561 pugnam

246 2581 668 2636 conserendam.
739 2581 838 2634 Diu
901 2582 1158 2651 utrinque
1216 2581 1431 2636 fortiter
1481 2582 1822 2652 dimicatum;

249 2675 466 2730 tandem
515 2674 717 2730 scholae
758 2689 882 2728 cum
935 2673 1240 2729 domestico
1284 2674 1525 2729 adversae
1553 2676 1691 2729 aciei
1724 2676 1827 2729 im-

249 2774 377 2836 petu
415 2773 617 2820 coacta:
657 2763 849 2820 cedere
883 2778 946 2819 ac
987 2764 1168 2834 fugam
1209 2763 1367 2818 inire.
1420 2762 1669 2834 Hincqne
1691 2765 1825 2819 adeo

1919 1661 2270 1733 τεριζομόνου
2297 1661 2342 1692 ’δ
2363 1661 2457 1714 τοῦ
2487 1661 2760 1730 Θεοφόϐου
2787 1662 2886 1732 τὴν
2909 1662 3017 1714 τῶν
3046 1661 3334 1732 Ῥωμαίων
3349 1661 3509 1727 δόξαν

1923 1754 2018 1808 καὶ
2046 1752 2136 1805 διὰ
2166 1752 2324 1805 τοῦτο
2353 1752 2682 1823 βουλομένου
2717 1755 2775 1806 ἐν
2829 1755 2987 1806 νυκτὶ
3037 1754 3299 1822 πολεμεῖν
3319 1769 3336 1786 ο
3368 1752 3511 1823 πλὴν

1923 1846 2098 1912 ἔδοξεν
2129 1845 2210 1906 εἰς
2236 1844 2546 1915 τούμφανὲς
2573 1843 2694 1913 μεθ’
2730 1845 2946 1914 ἡμέραν
2989 1843 3258 1915 συρρῆξαι
3285 1845 3377 1899 τὸν
3407 1845 3510 1900 πόα

1923 1937 2109 2005 λεμον.
2143 1937 2252 1989 Καὶ
2282 1939 2310 1987 6
2341 1938 2440 2006 μὲν
2471 1935 2722 2005 Ίϐραὴμ,
2745 1938 2844 1989 εἶτ’
2872 1935 3049 1998 ἄλλως
3076 1936 3508 2000 καταλαζονευό-

1926 2045 2086 2100 μενος
2121 2030 2230 2082 εῐτε
2256 2027 2322 2099 δὴ
2351 2030 2446 2082 καὶ
2475 2028 2623 2098 φόϐῳ
2648 2029 2913 2099 βασιλέως
2945 2028 3510 2100 περιστοιχιζόμενος,

1927 2128 2095 2196 μέρος
2127 2122 2311 2178 λαϐὼν
2343 2124 2437 2177 τοῦ
2479 2126 2717 2195 στρατοῦ
2741 2123 3114 2194 ἀνεχώρησεν,
3165 2123 3510 2195 Ἀϐουχάζαρ

1924 2219 1983 2272 δὲ
2015 2219 2151 2289 πρὸς
2182 2216 2270 2271 τὸν
2323 2217 2466 2270 κατὰ
2494 2215 2761 2284 βασιλέως
2788 2218 3024 2286 πόλεμον
3062 2217 3201 2285 μετὰ
3229 2217 3509 2287 μυριάδων

1924 2308 2069 2365 ὀκτὼ
2094 2307 2502 2372 ἐξαπέστειλεν,
2556 2306 2605 2359 οἳ
2646 2309 2743 2359 καὶ
2772 2305 3058 2376 καρτερῶς
3088 2307 3229 2375 ἄγαν
3254 2307 3512 2375 ἀνδρισα-

1929 2402 2105 2470 μένων
2135 2398 2467 2468 ἀμφοτέρων
2501 2399 2595 2451 ἐπὶ
2629 2398 2788 2460 πολὺ,
2824 2397 2908 2470 [Ρ.
2951 2397 3041 2470 Ἠ]
3072 2399 3229 2462 τέλος
3268 2397 3514 2452 ἐνδοῦναι

1924 2490 2025 2553 τὰς
2075 2490 2267 2559 σχολὰς
2322 2489 2462 2556 μετὰ
2515 2486 2609 2540 τοῦ
2644 2487 2966 2557 δομεστίκου
3019 2488 3115 2541 καὶ
3167 2489 3306 2559 πρὸς
3333 2487 3516 2558 φυγὴν

1927 2583 2202 2652 τραπῆναι
2249 2580 2620 2646 ἐξεϐιάσαντο.
2679 2579 2842 2633 Ὅθεν
2892 2582 2920 2634 6
2947 2580 3202 2650 βασιλεὺς
3234 2579 3372 2650 μετὰ
3416 2580 3515 2650 τῆς

1930 2674 2217 2744 βασιλικῆς
2248 2674 2523 2742 φάλαγγος
2549 2672 2758 2724 καὶδύο
2782 2672 3037 2740 χιλιάδων
3067 2671 3319 2742 Περσῶν,
3343 2687 3511 2743 προσ-

1929 2770 2082 2829 όντος
2141 2766 2348 2829 τούτοις
2403 2767 2498 2818 καὶ
2534 2764 2628 2817 τοῦ
2681 2764 2978 2833 Θεοφόϐου,
3006 2765 3275 2828 ἐπιτινος
3327 2763 3519 2834 βουνοῦ

251 2863 549 2930 imperator
593 2874 717 2913 cum
764 2858 988 2913 cohorte
1041 2857 1298 2928 prator-ia
1341 2867 1397 2910 et
1430 2856 1646 2912 duobus
1693 2857 1825 2912 Per-

1938 2861 2198 2924 σέσωστο,
2226 2859 2317 2911 τὸν
2351 2859 2478 2928 περὶ
2507 2858 2689 2928 ψυχῆς
2720 2859 2964 2911 κίνδυνον
2999 2857 3370 2928 ὑφορώμενος.
3408 2859 3523 2912 Καὶ

251 2967 441 3009 sarum
494 2951 755 3014 millibus,
807 2966 914 3005 una
948 2952 1114 3005 etiam
1162 2949 1422 3019 adjuncto
1472 2949 1829 3020 Theophobo,

255 3050 311 3100 in
361 3045 555 3102 collem
600 3043 892 3113 quemdam
925 3042 1088 3098 saluti
1121 3051 1369 3096 metuens
1396 3041 1589 3096 evasit.
1623 3042 1834 3096 Acriter

255 3141 324 3192 ad
367 3153 653 3207 vesperam
697 3151 873 3206 usque
917 3135 1064 3191 circa
1117 3134 1271 3189 illum
1325 3146 1650 3204 pugnatum,
1714 3136 1836 3192 aliis

255 3240 518 3301 capturos
560 3245 619 3286 se
669 3231 1050 3298 imperatorem
1101 3229 1527 3295 conlidentibus,
1584 3230 1707 3284 aliis
1752 3230 1837 3283 ul-

258 3322 594 3378 ciscentihns
639 3320 801 3392 11h.
844 3336 944 3375 nec
988 3334 1115 3374 eum
1158 3321 1388 3389 prodere
1415 3321 1834 3376 sustinentibus.
1883 3343 1887 3347 ·

257 3413 428 3471 Nocte
475 3417 657 3482 itaque
705 3414 1148 3482 superveniente,
1196 3411 1291 3481 qui
1336 3426 1462 3466 cum
1510 3413 1839 3482 imperatore

259 3516 438 3574 erant,
476 3506 732 3561 simulata
761 3505 945 3574 gaudii
974 3506 1154 3574 specie
1186 3514 1527 3574 perstrepere
1558 3507 1834 3570 manibus,

261 3599 628 3665 conclamare,
650 3599 920 3670 cinnyris,
944 3597 1188 3663 chordis,
1211 3596 1454 3666 aliasque
1482 3598 1839 3654 buccinarum

263 3695 445 3754 sonitu
471 3710 652 3750 aerem
698 3694 928 3763 strepitu
986 3693 1238 3761 implere;
1287 3708 1399 3762 quo
1445 3691 1703 3747 nimirum
1752 3694 1840 3747 in-

264 3797 452 3860 gentes
478 3789 582 3844 sibi
616 3797 810 3843 auctas
839 3801 967 3857 spes
992 3787 1230 3856 novique
1260 3785 1493 3841 subsidii
1525 3786 1840 3856 opinionem

266 3879 645 3935 conterrendis
689 3878 928 3933 hostium
977 3878 1179 3933 animis
1223 3879 1555 3948 ingererent.
1595 3877 1751 3944 Quod
1789 3889 1847 3934 et

1936 2953 2064 3022 ἄχρι
2099 2953 2196 3021 μὲν
2248 2952 2486 3022 ἑσπέρας
2519 2952 2690 3013 πολὺς
2731 2945 2799 3021 ἦν
2850 2953 2879 3003 ὁ
2912 2947 3041 3021 περὶ
3071 2950 3234 3003 αὑτὸν
3261 2951 3519 3019 πόλεμος,

1935 3042 2045 3095 τῶν
2075 3043 2174 3110 μὲν
2203 3041 2539 3106 ἐλπιζόντων
2578 3039 2770 3094 τοῦτον
2807 3041 2900 3092 ἐπὶ
2935 3041 3126 3110 χεῖρας
3165 3037 3378 3105 λαϐεῖν,
3411 3039 3524 3093 τῶν

1937 3134 1993 3187 δὲ
2014 3134 2435 3203 ἁνταμυνὸντων
2469 3133 2563 3185 καὶ
2593 3131 2668 3201 μὴ
2697 3130 2986 3202 προδοῦναι
3016 3129 3205 3183 τοῦτον
3227 3130 3525 3199 διακαρτε-

1942 3223 2197 3294 ρούντων.
2231 3224 2322 3276 Διὸ
2347 3223 2540 3286 νυκτὸς
2569 3223 2695 3293 ἄρτι
2717 3222 3020 3290 γενομένης
3065 3222 3282 3290 κρότοις
3325 3218 3526 3290 χειρῶν

1938 3335 1999 3371 τε
2023 3319 2117 3370 καὶ
2153 3318 2498 3388 ἀλαλαγμοῖς
2545 3317 2788 3386 ἐχρῶντο
2819 3317 2869 3368 οἱ
2924 3315 3066 3384 μετὰ
3110 3313 3202 3366 τοῦ
3235 3312 3524 3383 βασιλέως,

1942 3409 2158 3479 χαίρειν
2202 3405 2687 3475 προσποιούμενοι,
2743 3403 3028 3472 κιννύραις
3059 3421 3119 3455 τε
3158 3403 3255 3456 καὶ
3309 3401 3532 3474 χορδαῖς

1943 3505 2035 3556 καὶ
2063 3501 2236 3564 ἄλλως
2265 3499 2528 3570 βουκίνων
2578 3499 2784 3567 φωναῖς
2811 3497 2902 3551 τὸν
2935 3496 3133 3566 αἰθέρα
3154 3496 3526 3566 περιεδόνουν,

1942 3595 2163 3657 ἐλπίδας
2197 3592 2256 3645 ού
2282 3592 2380 3656 τὰς
2405 3590 2679 3661 τυχούσας
2701 3591 2814 3651 τοῖς
2848 3588 3063 3658 ἐχθροῖς
3087 3587 3336 3649 θέλοντες
3364 3603 3527 3658 περι-

1945 3688 2190 3757 ποιῆσαι.
2229 3686 2292 3738 Ὃ
2315 3686 2410 3738 καὶ
2443 3683 2645 3754 συνέϐη
2673 3701 2686 3714 τ
2727 3683 2879 3752 μίλια
2925 3681 3033 3750 γὰρ
3084 3679 3141 3744 ἐξ
3175 3679 3530 3750 ὑποχωρῆσαι

1943 3779 2167 3842 τούτους
2215 3781 2296 3840 είς
2343 3777 2588 3830 τούπίσω
2634 3775 2756 3829 τινὰ
2791 3771 3202 3843 κατορρωδοῦσι
3223 3770 3531 3844 προσϐολήν

1944 3888 2000 3924 τε
2037 3870 2132 3923 καὶ
2157 3868 2432 3924 κύκλωσιν
2464 3866 2853 3939 προσεγένετο.
2882 3865 3046 3920 Ὅθεν
3071 3864 3256 3929 ἀδείας
3282 3863 3532 3934 τυχόντες

267 3976 343 4028 ita
381 3973 632 4044 contigit.
665 3969 777 4026 Hoc
803 3971 950 4026 enim
973 3971 1152 4041 ipsum
1185 3970 1264 4025 illi
1293 3971 1661 4042 suspicantes,
1693 3987 1756 4027 ac
1777 3988 1825 4026 ne

1953 3965 2152 4036 μικρᾶς
2173 3965 2223 4017 οἱ
2255 3965 2385 4036 περὶ
2405 3962 2498 4016 τὸν
2525 3959 2770 4033 βασιλέα,
2797 3961 2986 4030 πόρρω
3008 3974 3112 4012 που
3142 3957 3358 4013 νυκτῶν
3384 3960 3532 4028 φυγῇ

268 4065 327 4121 in
348 4065 496 4136 ipsos
520 4063 706 4120 hostes
735 4065 1098 4134 irrumperent
1124 4063 1193 4118 ab
1222 4062 1410 4132 eisque
1435 4063 1825 4118 circumdarcn

1948 4056 2286 4130 χρησάμενοι
2343 4057 2446 4123 τὴν
2501 4053 2780 4123 σωτηρίαν
2829 4049 3383 4119 ἐπραγματεύσαντο.
3438 4049 3537 4101 καὶ

270 4167 385 4224 tur,
423 4157 491 4212 ad
545 4173 639 4212 sex
684 4155 830 4210 milia
880 4170 1140 4225 passuum
1197 4170 1497 4211 recessere.
1547 4157 1825 4226 lmperatow

1953 4153 2092 4222 πρὸς
2116 4149 2196 4219 τῷ
2225 4147 2625 4219 καταπροδόντι
2668 4143 2858 4199 τοῦτον
2917 4140 3296 4213 στρατεύματι
3345 4137 3440 4195 καὶ
3467 4139 3539 4193 τὰ

269 4265 396 4306 cum
426 4251 544 4305 suis
576 4249 918 4318 aliquantum
945 4247 1192 4318 periculo
1229 4248 1546 4304 sublevatus
1586 4246 1712 4317 fuga
1753 4261 1825 4302 sa

1955 4245 2099 4302 νῶτα
2135 4241 2280 4297 δόντι
2310 4243 2424 4304 τοῖς
2475 4239 2691 4310 ἐχθροῖς
2740 4235 3102 4306 διεσώθησαν.
3138 4231 3402 4304 Μὲμψεσι
3437 4232 3540 4302 μιν

272 4344 445 4399 Intern
475 4340 771 4412 expedivit,
796 4348 851 4394 et
870 4340 936 4394 ad
966 4339 1274 4395 exercitum
1309 4338 1402 4410 qui
1435 4340 1755 4410 prodiderat
1784 4355 1825 4394 at

1954 4329 2051 4390 οὖν
2106 4332 2323 4395 πολλαῖς
2355 4333 2384 4384 6
2414 4328 2667 4400 βασιλεὺς
2717 4328 2777 4381 τὸ
2822 4323 3168 4396 προδεδωκὸς
3224 4323 3541 4393 στράτευμα

272 4437 506 4509 turpiter
537 4443 686 4506 terga
717 4433 943 4489 dederat
968 4434 1262 4489 incolumis
1282 4433 1486 4490 evadit.
1516 4433 1596 4489 Ac
1625 4432 1825 4503 quiden

1958 4426 2356 4488 καθυπέϐαλεν,
2382 4424 2569 4494 χάρισι
2596 4421 2653 4474 δὲ
2677 4420 2773 4472 καὶ
2800 4421 2991 4488 τιμαῖς
3016 4417 3385 4489 διαφερόντως
3414 4415 3542 4476 τοὺς

274 4508 609 4601 proditorem
657 4526 958 4583 exercitum
995 4526 1291 4595 imperator
1347 4525 1529 4580 acrius
1574 4525 1825 4595 ohjurgat

1961 4523 2091 4589 περὶ
2111 4518 2203 4570 τὸν
2233 4514 2505 4585 θεόφοϐον
2529 4512 2844 4582 ἐγέραιρεν.
2870 4508 3036 4564 Ὅθεν
3060 4510 3108 4563 οἱ
3149 4508 3358 4580 Πέρσαι
3377 4508 3543 4581 ἔρωτι

276 4599 549 4688 summam
579 4634 710 4674 vero
746 4616 1083 4688 Theophobo
1127 4618 1353 4687 suisque
1390 4618 1618 4687 gratiam
1670 4617 1825 4678 habet

1958 4610 2211 4680 διαπύρῳ
2244 4607 2383 4680 πρὸς
2409 4604 2502 4667 τὸν
2531 4602 2802 4672 Θεόφοϐον
2817 4600 3152 4665 ἐξεκαίοντο,
3186 4601 3281 4654 καὶ
3307 4599 3545 4672 θυμηδίᾳ

277 4715 629 4787 przmiisque
671 4729 736 4768 ac
777 4711 1082 4766 honoribus
1120 4710 1408 4780 magniﬁce
1444 4709 1674 4781 accepit.
1716 4707 1820 4764 Hin

1959 4708 2067 4762 τινὶ
2093 4705 2318 4778 ἀρρήτῳ
2355 4698 2873 4770 ιάναθαρρυνόμενοι
2942 4695 3062 4766 μετ’
3105 4693 3272 4748 αὑτοῦ
3299 4695 3391 4748 τὸν
3421 4695 3544 4751 κατ’

278 4786 463 4864 Persa!
511 4806 740 4863 ferventi
801 4805 854 4859 in
920 4802 1318 4875 Theophobum
1376 4816 1565 4858 amore
1621 4801 1825 4856 incensi

1975 4795 2295 4868 Ἀγαρηνῶν
2319 4789 2648 4847 ὑποδύεσθαι
2672 4788 2912 4860 πόλεμον
2939 4787 3272 4850 ξλιτάνευον,
3301 4787 3396 4840 καὶ
3427 4786 3549 4857 τρέ-

283 4900 698 4968 incredibilique
729 4899 928 4969 gaudio
964 4898 1216 4964 animati,
1264 4913 1376 4953 uno
1403 4896 1498 4952 illo
1540 4897 1679 4952 duce
1717 4898 1825 4966 Aga

1963 4907 2090 4943 πειν
2122 4888 2346 4949 τούτους
2384 4883 2445 4949 ἐξ
2465 4883 2738 4954 ἀηττήτου
2788 4880 3074 4950 δυνάμεως
3116 4879 3435 4933 ἐϐεϐαίουν·
3469 4878 3552 4931 διδ

284 5005 544 5047 renorum
579 4967 684 5047 sibi
727 4967 930 5046 bellum
984 4989 1238 5045 concredi
1273 4988 1574 5060 postulant,
1629 4986 1825 5041 invicta

1971 4983 2062 5034 καὶ
2086 4981 2115 5033 6
2150 4978 2403 5048 βασιλεὺς
2426 4973 2782 5046 ἡγεμονεύειν
2813 4970 2993 5026 αὐτῶν
3026 4968 3284 5024 ἐϐούλετο
3308 4968 3401 5024 τὸν
3423 4967 3553 5023 θεό-

282 5072 395 5153 ὶμιε
449 5084 618 5138 animi
687 5084 737 5136 vi
784 5095 988 5139 certam
1060 5083 1164 5137 sibi
1223 5082 1553 5152 compressis
1614 5078 1865 5135 hostibus
1973 5073 2162 5143 φοϐον-

292 5177 621 5247 pollicentur
681 5176 991 5234 victoriam.
1049 5175 1418 5241 Quamobrem
1473 5174 1636 5228 etiam
1692 5172 1864 5242 impe-

291 5279 443 5328 rator
472 5269 869 5342 Theophobnm
909 5269 1198 5325 Persarum
1226 5269 1420 5325 ducent
1455 5266 1573 5323 fore
1605 5266 1864 5321 decrevit.
2470 5340 2480 5343 _
2604 5340 2612 5343 _
2801 5336 2825 5343 _
2863 5335 2916 5343 __
3114 5331 3148 5343 η
3361 5328 3370 5339 ς

365 5365 456 5419 25.
498 5361 808 5433 Insequenti
865 5379 1010 5419 anno
1059 5359 1393 5434 Theophilus
1427 5375 1620 5418 rursus
1677 5356 1825 5427 copia

2043 5345 2146 5414 κγ’.
2184 5343 2276 5409 Τῷ
2299 5343 2342 5396 δ’
2361 5340 2569 5395 ἐπιόντι
2601 5336 2837 5407 ἐνιαυτῷ
2861 5335 3028 5405 ιξεισι
3061 5331 3218 5386 πάλιν
3246 5324 3562 5402 petituri-

1593 5448 1830 5507 νΑΡιΙΕ
1867 5437 2268 5506 LECTIONES.

375 5552 420 5580 “
452 5549 525 5614 ὡς
556 5551 687 5619 σφ.”ι
