3958 6034
254 271 344 339 159
1108 270 1261 334 LIB.
1298 269 1393 333 ιν.
1437 293 1507 307 —-
1544 253 1886 333 MICHAEL
1921 266 2344 330 TliEOPHILl
2384 266 2663 329 FILIUS.
3378 261 3484 327 tio

240 394 312 458 ὠς
340 388 524 454 ἀετὸς,
550 385 612 441 τὸ
640 385 740 457 τῆς
768 384 1016 455 Γραφῆς,
1063 383 1284 440 πάντων
1313 383 1424 438 τῶν
1453 381 1793 457 αἰρεσιωτῶν

1920 381 2128 435 mbatur
2155 390 2213 433 ut
2241 379 2423 450 aquila
2452 378 2503 446 ιι,
2537 377 2862 450 proscriptis
2896 384 3013 432 toto
3043 386 3313 432 terrarum
3344 375 3483 432 orbe

242 483 294 538 tv
307 481 442 554 πάσῃ
473 481 538 549 τῇ
571 479 659 549 ὑφ’
696 477 833 550 ἡλίῳ
865 476 1183 549 καθαιρέσει
1207 475 1625 548 ύπούληθέντων
1647 477 1741 530 καὶ
1754 475 1801 509 ⁵⁸

1920 471 2124 528 :unctis
2151 471 2448 536 haereticis,
2478 482 2780 542 eorumque
2801 469 3072 534 antistite,
3100 466 3315 526 Joanne
3334 468 3486 526 scili-

241 574 324 630 τοῦ
357 571 654 644 ἀρχιερέως
689 569 900 625 αὐτῶν·
942 569 1197 641 Ἰωάννης
1239 564 1396 633 οὗτος
1422 564 1510 641 ἦν,
1536 568 1568 620 6
1597 567 1687 622 διὰ
1702 568 1804 639 τὴν

1920 575 2013 630 :et,
2044 565 2133 620 cui
2163 579 2194 620 a
2223 563 2480 622 ﬁdelibus
2508 563 2580 620 ob
2609 579 2766 620 suam
2799 563 3134 634 impietatem
3167 561 3362 619 Jannis
3387 575 3488 618 no-

242 664 430 722 οίκείαν
457 664 715 719 ἀσέόειαν
752 662 966 734 Ἰαννῆς
996 662 1151 737 παρὰ
1178 663 1288 717 τῶν
1326 659 1567 716 εὐσεϐῶν
1598 662 1804 732 ὀνομα-

1920 674 2032 712 men
2076 657 2310 712 inditum
2352 667 2458 712 est.
2494 655 2624 712 Fuit
2669 671 2802 712 vero
2841 655 2934 712 ille
2977 670 3087 712 non
3126 654 3336 710 advena
3390 661 3490 710 aut

245 760 374 822 σθεὶς
401 758 500 812 οὐκ
526 755 809 829 ὲπηλύτης
831 759 926 811 καὶ
957 755 1131 823 ξένος,
1183 755 1467 827 αὐτόχθων
1495 754 1552 808 δὲ
1574 755 1672 808 καὶ
1703 753 1804 824 τῆς

1920 750 2204 816 barbarus,
2236 750 2335 806 sed
2370 749 2626 820 indigena
2677 747 2910 820 ipsaque
2937 754 3097 804 ortus
3125 746 3263 804 urbe
3312 747 3487 818 regia.

244 850 491 922 βασιλίδος
521 847 732 921 ταύτης
756 848 866 902 τῶν
891 849 1102 903 πόλεων
1138 847 1431 920 βλάστημα
1461 846 1722 919 (φύεσθαι
1745 845 1803 900 δὲ

1920 841 2044 900 Nam
2075 852 2130 899 et
2160 859 2229 898 ex
2255 846 2364 900 vite
2394 843 2592 898 rubum
2633 841 2821 898 enasci
2866 842 3119 898 auditum
3147 849 3254 897 est.
3281 839 3353 895 At
3390 852 3495 894 ne-

243 945 325 997 καὶ
357 945 412 996 ὲν
439 941 672 1013 ἀμπέλῳ
721 941 884 1012 βάτον
931 939 1296 1013 ἠκούσαμεν),
1339 941 1450 994 οὐδ’
1483 941 1544 1007 ἐξ
1586 927 1804 1011 ἀσήμου

1920 952 2015 1008 que
2043 938 2279 993 obscura
2313 945 2469 993 satus
2497 935 2774 1006 prosapia,
2796 934 2890 990 sed
2919 933 3076 989 valde
3098 933 3294 998 nobili,
3317 931 3493 1002 stirpe

243 1035 388 1098 τινος.
424 1034 557 1089 ἀλλά
596 1035 694 1088 καὶ
723 1033 843 1087 λίαν
884 1033 1145 1103 εὐγενοῦς
1168 1033 1545 1105 καταγόμενος
1593 1032 1803 1105 σειρᾶς,

1920 1030 2123 1088 scilicet
2147 1041 2314 1102 quam
2353 1028 2950 1086 Morocharzamiorum
2981 1033 3204 1082 vocant.

242 1129 328 1198 τῆς
353 1125 490 1180 οὕτω
523 1126 637 1180 τῶν
670 1126 1156 1198 Μοροχαρζαμίων
1182 1125 1508 1197 λεγομένης.
3061 1168 3063 1170 ,

303 1216 364 1284 ζ’.
398 1213 562 1282 Οὗτος
583 1219 702 1285 οὖν,
737 1221 825 1275 ἵνα
853 1219 950 1275 καὶ
973 1219 1041 1272 τὰ
1072 1218 1194 1274 κατ’
1225 1219 1390 1273 αὐτὸν
1413 1221 1446 1287 ὴ
1478 1217 1690 1287 ἱστορία
1715 1217 1809 1290 δη·-

1981 1207 2034 1264 7.
2072 1205 2172 1263 ilic
2220 1223 2376 1278 ergo,
2404 1217 2464 1264 ut
2510 1207 2629 1280 ejus
2681 1223 2771 1264 res
2817 1207 3023 1279 scripto
3079 1209 3493 1281 consignemus,

243 1309 391 1381 λὼσῃ,
420 1309 519 1378 τῆς
556 1311 729 1381 μονῆς
749 1310 856 1362 τῶν
889 1309 1187 1381 μαρτύρων
1221 1309 1448 1380 Σεργίου
1478 1310 1575 1364 καὶ
1590 1310 1806 1381 Βάκχου

1920 1302 2230 1357 monasterii
2261 1312 2582 1358 sanctorum
2610 1308 2914 1372 martyrum
2959 1297 3138 1374 Sergii
3167 1311 3225 1360 et
3263 1303 3494 1373 Bacchi,

241 1402 326 1471 τῆς
347 1404 402 1455 ὲν
417 1405 525 1465 τοῖς
560 1403 861 1474 Ὁρμίσδου
885 1404 1238 1474 διακειμένης
1266 1403 1574 1474 ἡγούμενος
1601 1403 1809 1458 ἀνωθεν

1920 1395 2056 1466 quod
2084 1395 2151 1452 ad
2182 1393 2487 1454 Hormisdae
2513 1395 2659 1451 aedes
2689 1396 2856 1451 situm
2885 1404 2997 1460 est,
3042 1399 3177 1453 olim
3227 1401 3496 1470 praeposi-

241 1497 323 1549 καὶ
348 1493 422 1565 τῷ
450 1494 724 1567 βασιλικῷ
779 1496 966 1567 κλήρῳ
1025 1496 1568 1568 καταριθμούμενος,
1617 1496 1810 1564 διαφε·

1920 1496 2006 1544 tus
2032 1504 2097 1545 ac
2121 1489 2367 1558 palatino
2393 1487 2674 1561 ascriptus
2710 1489 2881 1555 clero,
2908 1487 3164 1546 Michaeli
3189 1490 3362 1548 Balbo
3392 1492 3499 1549 im-

243 1585 424 1656 ρόντως
471 1588 628 1658 παρά
682 1587 904 1658 Μιχαὴλ
953 1588 1212 1658 ἠγάπητο
1260 1587 1355 1640 τοῦ
1385 1587 1659 1659 Τῳυλοῦ,
1692 1587 1806 1641 εἴτε

1920 1583 2152 1652 peratori
2184 1581 2548 1637 charissimus
2577 1579 2702 1648 fuit,
2736 1583 2854 1638 sive
2891 1597 2959 1638 eo
3008 1582 3189 1639 solum
3246 1585 3491 1653 nomine,

243 1677 373 1746 μόνῳ
391 1677 563 1747 τούτῳ
593 1676 676 1748 τῷ
709 1677 966 1742 κοινωνὸς
993 1673 1133 1731 εἶναι
1160 1678 1261 1748 τῆς
1285 1680 1480 1733 τούτου
1519 1680 1803 1752 αίρὲσεως,

1920 1673 2059 1746 quod
2099 1673 2326 1731 haeresis
2351 1674 2426 1728 illi
2458 1673 2643 1730 socius
2672 1685 2813 1740 erat,
2839 1675 2957 1731 sive
2994 1675 3141 1748 quod
3171 1678 3493 1736 excellentis

240 1770 338 1823 εἴτε
360 1769 448 1823 καὶ
473 1770 552 1841 τῷ
581 1771 870 1843 διαφέρειν
902 1772 995 1824 ἐπὶ
1024 1771 1301 1844 λογιότητι
1329 1773 1630 1840 δόξαντινά
1656 1775 1813 1845 “XV

1920 1765 2245 1821 eruditionis
2272 1765 2381 1849 sibi.
2411 1779 2610 1820 nomen
2636 1765 2933 1836 quaesierat
2965 1764 3168 1838 illaque
3199 1767 3318 1840 ejus
3345 1769 3492 1828 fama

241 1863 362 1927 κῶς.
395 1864 541 1936 Πλὴν
591 1865 853 1937 ὴγάπητο
918 1865 1014 1920 καὶ
1055 1865 1150 1920 τοῦ
1198 1866 1457 1937 Θεοφίλου
1495 1866 1813 1932 διδάσκαλος

1920 1858 2319 1928 percrebuerat.
2352 1857 2511 1929 155
2558 1857 2694 1914 Utut
2746 1860 2838 1927 sit,
2874 1860 2954 1917 illi
2979 1861 3340 1920 charissimus
3366 1863 3492 1931 fuit,

239 1957 605 2025 ἔγκαθίστατο.
631 1959 749 2014 Καὶ
771 1952 929 2024 οὗτος
950 1959 1077 2013 ἐπεὶ
1105 1958 1206 2024 τὰς
1223 1963 1324 2033 τῆς
1349 1959 1627 2032 βασιλείας
1653 1959 1814 2031 ἔσχεν

1920 1967 1982 2007 ac
2017 1952 2307 2022 Theophili
2364 1963 2664 2024 praeceptor
2721 1954 3096 2011 constituitur.
3154 1955 3496 2027 Theophilus

239 2050 400 2120 ἡνίας,
434 2052 734 2121 σύγκελλον
769 2050 872 2122 μὲν
923 2051 1192 2123 πρότερον
1243 2051 1436 2106 τοῦτον
1496 2053 1656 2122 τιμᾷ,
1711 2046 1814 2104 εἷθ’

239 2140 450 2213 ὕστερον
475 2147 572 2198 καὶ
597 2145 951 2215 πατριάρχην
975 2144 1269 2216 καθίστησι
1291 2142 1816 2198 Κωνσταντινουπό·

238 2232 380 2300 λεως,
439 2236 789 2306 προγνώσεις
849 2236 1005 2300 τινὰς
1057 2235 1149 2290 διὰ
1202 2234 1666 2307 λεκανομαντείας
1718 2236 1817 2290 καὶ

237 2325 474 2396 γοητείας
497 2325 654 2396 αὑτῷ
682 2325 1121 2396 ἀπαγγέλλοντα.
1154 2327 1263 2380 Καὶ
1293 2329 1326 2398 ἡ
1359 2325 1586 2396 γοητεία
1625 2324 1813 2380 τοιαύ-

239 2432 321 2489 τη*
353 2418 577 2481 Ἔθνους
598 2417 735 2471 ποτὲ
763 2418 943 2486 τρισὶν
970 2419 1307 2492 ὑφ’ήγεμόσι
1335 2419 1814 2490 στρατηγουμένου

241 2510 456 2565 ἀπίστου
490 2530 551 2564 τε
581 2513 684 2566 καὶ
713 2511 955 2585 σκληροῦ
1005 2515 1104 2584 τὴν
1133 2512 1246 2567 τῶν
1301 2513 1592 2583 Ῥωμαίων
1628 2513 1816 2583 χώραν

242 2603 667 2676 κατατρέχοντός
687 2621 746 2658 τε
775 2607 869 2658 καὶ
888 2604 1379 2676 καταληῖζομένου,
1409 2606 1526 2672 καὶ,
1547 2607 1623 2668 ὡς
1645 2605 1815 2672 εἰκὸς,

237 2693 562 2764 ἀθυμοῦντος
593 2697 690 2750 ἐπὶ
713 2697 892 2767 τούτῳ
922 2696 1018 2751 τοῦ
1039 2697 1304 2768 Θεοφίλου
1341 2698 1550 2752 καὶτοῦ
1571 2697 1816 2770 ὑπηκόου

240 2787 447 2853 παντὸς,
477 2789 968 2854 ἁποσκευάζεσθαί
995 2807 1101 2845 που
1116 2791 1216 2860 τὴν
1239 2789 1478 2861 ἀθυμίαν
1499 2783 1653 2855 οὗτος
1680 2806 1817 2862 συμ-

237 2878 470 2935 ϐουλεύει
499 2881 604 2937 καὶ
631 2881 869 2954 θάρῤους
901 2881 1259 2953 πληρωθῆναι
1275 2900 1334 2935 τε
1357 2881 1449 2937 καὶ
1477 2885 1673 2955 χαρᾶς,
1701 2885 1816 2952 εῐγε

241 2975 389 3040 μόνον
414 2977 483 3047 τῇ
510 2972 716 3028 τούτου
745 2975 1144 3046 ὲπακολουθοίη
1178 2975 1263 3048 [Ρ.
1294 2976 1387 3051 97]
1434 2977 1620 3049 βουλῇ.
1669 2977 1734 3033 Ἦ
1759 2976 1816 3032 δὲ

1916 2057 2048 2097 vero
2069 2054 2326 2112 suscepto
2349 2043 2580 2114 imperio
2610 2044 2849 2114 primum
2879 2060 3004 2101 eum
3052 2048 3279 2116 syncelli
3312 2049 3497 2122 digni-

1918 2141 2029 2188 tate
2077 2143 2276 2199 ornat;
2312 2142 2426 2188 tum
2458 2134 2656 2189 deinde
2707 2136 3082 2207 patriarcham
3143 2138 3494 2210 Cpolitanum

1917 2225 2165 2293 praeﬁcit,
2201 2239 2324 2279 cum
2377 2225 2426 2281 is
2460 2226 2540 2281 illi
2572 2225 2910 2286 divinatione
2960 2244 3028 2285 ex
3067 2230 3207 2299 pelvi
3243 2243 3398 2290 vates
3431 2247 3499 2290 ac

1916 2316 2208 2387 praestigiis
2238 2318 2490 2388 quaedam
2517 2329 2818 2390 auguratus
2851 2329 3020 2378 esset.
3043 2320 3171 2378 Fuit
3201 2333 3384 2380 autem
3414 2324 3499 2382 di-

1917 2410 2126 2465 vinatio
2153 2411 2420 2479 ejusmodi
2447 2431 2461 2468 :
2490 2411 2635 2468 Gens
2664 2414 2912 2484 quaedam
2958 2416 3197 2474 inﬁdelis
3243 2432 3497 2488 satiaque

1917 2502 2095 2557 tribus
2124 2502 2446 2559 ductoribus
2482 2503 2742 2561 Romanae
2773 2506 3001 2563 ditionis
3040 2517 3217 2565 terras
3266 2510 3497 2582 locaque
3578 2581 3584 2586 ⁸

1919 2594 2258 2661 incursabat,
2302 2612 2481 2667 exque
2523 2613 2584 2652 ea
2641 2599 2851 2669 praedas
2879 2601 3115 2671 agebat;
3143 2617 3267 2672 quae
3295 2619 3404 2669 res,
3437 2613 3500 2660 ut

1919 2704 2017 2759 par
2045 2697 2152 2755 est,
2177 2689 2464 2760 Theophili
2497 2691 2742 2747 animum
2774 2693 3132 2764 omniumque
3150 2695 3497 2753 subditorum

1919 2793 2145 2840 incestos
2209 2785 2513 2856 anxiosque
2564 2785 2819 2842 habebat.
2869 2785 3074 2846 Jannes
3124 2788 3353 2846 dimissa
3406 2794 3499 2850 illa

1921 2876 2088 2930 animi
2122 2877 2448 2947 aegritudine
2474 2879 2683 2948 optime
2715 2882 2779 2934 de
2807 2881 2975 2937 rebus
3006 2897 3230 2954 sperare
3270 2900 3336 2941 ac
3363 2903 3501 2957 gau-

1920 2969 2050 3023 dere
2075 2968 2251 3038 jubet,
2294 2969 2339 3025 si
2371 2970 2533 3024 modo
2579 2971 2728 3028 illius
2758 2974 3007 3030 consiliis
3039 2990 3235 3044 parere
3280 2978 3334 3032 in
3380 2978 3504 3034 ani-

234 3061 298 3136 ἦν
325 3068 550 3139 τοιαύτη
575 3085 594 3100 ο
646 3069 737 3122 Ἐν
768 3072 883 3134 τοῖς
917 3072 998 3132 εἰς
1028 3069 1120 3124 τὸν
1154 3069 1379 3143 εὗριπον
1410 3070 1504 3127 τοῦ
1554 3072 1811 3140 ἱπποδροσ

1922 3074 2072 3115 mum
2112 3060 2448 3116 induxerint.
2476 3061 2782 3118 Consilium
2817 3065 2926 3120 tale
2961 3074 3120 3122 erat:
3153 3066 3298 3123 inter
3329 3086 3501 3128 aereas

239 3160 355 3229 μίου
379 3161 698 3232 ἱδρυμένοις
731 3163 955 3232 χαλκοῖς
983 3163 1270 3233 ἀνδριᾶσιν
1297 3163 1514 3234 ὲλέγετό
1546 3181 1629 3226 τις
1676 3159 1818 3218 εἷναι

236 3252 448 3323 ἀνδριὰς
482 3255 642 3326 τρισὶ
685 3253 1159 3324 διαμορφούμενος
1215 3255 1503 3324 κεφαλαῖς,
1563 3255 1628 3318 ἃς
1677 3257 1819 3311 κατά

237 3360 352 3396 τινα
394 3346 740 3416 στοιχείωσιν
799 3347 934 3416 πρὸς
977 3347 1244 3410 τοὺς.τοῦ
1301 3348 1490 3413 ἔθνους
1539 3350 1818 3422 ἀρχηγοὺς

236 3436 451 3506 ἀνῆγεν.
504 3436 732 3508 Σφύρας
781 3433 875 3491 οὖν
919 3438 1185 3510 μεγίστας
1236 3441 1461 3511 σιδηρᾶς
1494 3443 1818 3512 ίσαρίθμους

235 3531 348 3592 ταῖς
373 3529 649 3597 κεφαλαῖς
696 3528 1031 3601 προσέταττε
1075 3531 1351 3600 γενέσθαι,
1412 3532 1506 3586 καὶ
1561 3533 1819 3604 ἀνδράσιν

237 3621 644 3694 ἐγχειρισθῆναι
673 3621 841 3683 αὑτὰς
872 3623 1074 3686 τρισὶν,
1122 3623 1213 3674 ἐπὶ
1236 3622 1438 3693 χειρῶν
1474 3624 1819 3693 γενναιότητι

234 3709 633 3782 διαφέροντας’
679 3711 823 3764 κατὰ
845 3709 902 3764 δέ
942 3728 1066 3763 τινα
1108 3710 1258 3782 ὥραν
1312 3711 1628 3783 νυκτερινὴν
1681 3714 1820 3783 πρὸς

233 3801 320 3856 τὸν
347 3804 651 3875 εἰρημένον
671 3801 960 3873 ἀνδριάντα
995 3802 1222 3873 πλησίον
1247 3803 1478 3867 στάντας
1506 3804 1693 3870 αὑτοῦ,
1726 3806 1821 3859 καὶ

235 3894 328 3960 τὰς
360 3896 586 3966 σφύρας
616 3897 710 3948 ἐπὶ
742 3897 934 3967 χεῖρας
979 3898 1038 3948 ὲν
1073 3894 1330 3967 μετεώρῳ
1363 3897 1607 3966 ἔχοντας,
1658 3897 1820 3966 ήνίκα

237 3987 436 4054 τούτοις
457 3987 780 4043 κελεύσειεν
819 3988 886 4054 ⁸⁸,
919 3987 1037 4058 μεθ’
1068 3988 1510 4060 ύπερῦαλλούσης
1537 3991 1821 4062 δυνάμεως

241 4082 366 4156 ἐμοῦ
386 4083 602 4149 ταύτας
636 4084 1011 4155 κατενεγκεῖν,
1045 4083 1120 4147 ὡς
1145 4084 1203 4151 ἐξ
1242 4083 1361 4150 ἑνὸς
1397 4083 1738 4155 κῳύσματὸς
1759 4100 1821 4138 τε

247 4180 326 4229 καὶ
352 4178 608 4249 πλήξεως
626 4177 725 4240 τὰς
754 4175 1016 4240 τοιαύτας
1048 4178 1345 4246 ἀποτεμεῖν
1373 4176 1633 4248 κεφαλάς.
1679 4176 1821 4230 Τού-

246 4272 477 4335 ταςτοῖς
504 4270 689 4337 λόγοις
729 4267 1054 4338 εὐφρανθείς
1087 4284 1147 4339 τε
1182 4267 1300 4338 ἀμα
1329 4270 1425 4321 καὶ
1455 4268 1756 4336 ἐκπλαγεὶς
1791 4270 1823 4324 ὁ

247 4361 492 4429 Θεόφιλος
559 4361 815 4414 ἐκέλευσε
861 4359 925 4412 τὸ
983 4357 1145 4430 ἔργον
1207 4359 1530 4427 ιπαγαγείν.
1598 4358 1686 4422 Ὠς
1727 4355 1820 4415 οὖν

1921 3162 2132 3210 statuas
2164 3154 2217 3208 in
2245 3155 2376 3208 cirri
2409 3156 2616 3224 Euripo
2644 3164 2856 3217 erectas
2887 3167 3067 3215 Statua
3099 3163 3349 3232 quaedam
3399 3165 3528 3240 tri-3

1921 3263 2046 3316 σερε
2067 3257 2284 3303 exstare
2317 3246 2613 3303 ferebatur.
2649 3250 2775 3305 Haec
2804 3250 2894 3307 ille
2923 3253 3100 3323 capita
3129 3270 3228 3311 sua
3261 3257 3500 3327 quadam

1920 3341 2211 3396 devotione
2255 3351 2309 3398 et
2361 3345 2780 3400 consecratione
2833 3344 2888 3400 in
2925 3347 3102 3416 gentis
3157 3348 3300 3404 illius
3332 3351 3503 3406 duces

1922 3437 2110 3491 refert.
2149 3434 2286 3493 Tres
2310 3452 2441 3506 ergo
2498 3437 2736 3507 ingentis
2765 3439 2928 3494 molis
2958 3438 3214 3497 fabricari
3266 3442 3498 3499 malleos

1916 3528 2090 3600 jubet,
2111 3528 2447 3599 totidemque
2471 3529 2876 3598 robustissimis
2906 3529 3037 3585 viris
3066 3530 3226 3586 tradi.
3249 3530 3499 3599 Quadam

1923 3640 2052 3679 vero
2084 3625 2261 3678 noctis
2289 3624 2426 3678 hora
2465 3623 2615 3677 viros
2643 3622 2766 3678 illos
2795 3623 2862 3679 ad
2893 3639 3012 3678 eam
3060 3633 3299 3680 statuam
3330 3641 3501 3696 prope

1920 3731 1980 3772 se
2014 3724 2222 3771 stantes
2252 3715 2587 3784 malleosque
2621 3717 2688 3770 ad
2720 3717 2891 3770 ictum
2922 3716 3186 3772 sublimes
3225 3727 3498 3781 tenentes.

1921 3822 2048 3863 cum
2077 3807 2192 3876 ipse
2223 3806 2583 3869 mandaverit,
2616 3820 2831 3861 summa
2861 3805 2913 3860 vi
2939 3807 3117 3875 capita
3165 3806 3329 3862 ferire
3360 3822 3500 3876 prte-

1922 3899 2075 3970 cipit,
2118 3914 2338 3970 unoque
2375 3898 2526 3953 velut
2563 3899 2676 3954 ictu
2722 3914 2788 3954 ac
2818 3911 3016 3954 conatu
3045 3914 3110 3954 ea
3155 3900 3498 3956 exscindere.

1923 3990 2222 4046 Recreatus
2283 3990 2465 4046 verbis
2528 3987 2888 4060 Theophilus.
2942 3991 3219 4060 simulque
3274 4003 3505 4060 stupore

1922 4083 2171 4148 allectus,
2209 4099 2322 4140 rem
2358 4085 2583 4152 exsequi
2609 4083 2786 4153 jubet.
2822 4083 3059 4139 Veniunt
3087 4084 3274 4154 itaque
3299 4085 3498 4140 intem-

1923 4186 2078 4251 pesta
2109 4177 2224 4248 jam
2260 4185 2425 4232 nocte
2457 4178 2558 4232 viri
2595 4177 2821 4247 quidam
2868 4175 3030 4248 156
3055 4177 3283 4232 malleos
3313 4175 3499 4233 feretro

1924 4279 2043 4327 tes:
2075 4269 2314 4327 Joannes
2341 4284 2471 4326 vero
2517 4269 2640 4325 laici
2690 4268 2876 4324 habitu
2923 4285 3044 4325 sese
3073 4270 3406 4333 occultabat,
3433 4285 3501 4325 ne

1923 4374 2367 4434 cognosceretur.
2401 4362 2539 4418 Tum
2574 4364 2664 4419 ille
2703 4364 2916 4434 magico
2951 4363 3196 4419 carmine
3244 4363 3496 4424 recitato,

248 4453 496 4522 παρῆσαν
531 4451 723 4522 πόρρω
765 4449 830 4520 δὴ
876 4448 986 4502 τῶν
1021 4447 1233 4504 νυκτῶν
1264 4449 1314 4501 oi
1343 4452 1444 4520 μὲν
1491 4449 1686 4519 ἄνδρες
1719 4450 1817 4523 τὰς

1923 4432 2098 4526 eaque
2125 4454 2442 4511 fortitudine
2466 4470 2588 4525 quae
2630 4456 2685 4509 in
2738 4432 2972 4509 ducibus
2997 4463 3118 4509 erat
3145 4454 3201 4509 in
3258 4464 3495 4510 statuam

251 4542 451 4612 σφύρας
484 4543 827 4614 κατέχοντες,
851 4541 882 4596 δ
906 4542 963 4597 δὲ
978 4545 1233 4614 Ἰωάννης
1254 4542 1344 4596 διὰ
1367 4543 1557 4597 λαῖκοῦ
1585 4544 1823 4615 ἐνδύμαο

246 4647 329 4695 τος
356 4633 552 4686 ἑαυτὸν
599 4632 1010 4704 περικρύπτων,
1043 4632 1120 4696 ὡς
1175 4631 1243 4686 ἂν
1277 4632 1352 4704 μὴ
1386 4633 1690 4704 κατάδηλος
1727 4635 1822 4703 γί-

246 4740 420 4793 νηται,
474 4723 601 4780 καθ’
630 4723 824 4778 ἑαυτὸν
860 4725 888 4777 6
926 4722 1178 4794 Ἰωάννης
1228 4726 1356 4789 τοὺς
1384 4728 1823 4798 στοιχειωτικοὺς

245 4817 428 4888 ντηυς
455 4817 710 4875 ὑπειπὼν
737 4817 831 4872 καὶ
862 4817 960 4890 τὴν
988 4817 1215 4874 ἐνοῦσαν
1255 4822 1369 4882 τοῖς
1405 4820 1632 4893 ἄρχουσι
1661 4821 1821 4876 δύνα-

246 4930 332 4983 μιν
359 4915 439 4975 si;
467 4910 562 4965 τὸν
587 4910 883 4982 ἀνδριάντα
919 4909 1266 4980 μεταγαγὼν,
1303 4911 1336 4982 ἢ
1365 4912 1566 4983 μᾶλλον
1598 4913 1697 4986 τὴν
1721 4912 1815 4968 οὖα

243 5022 335 5061 σαν
364 5007 632 5078 πρότερον
658 5007 718 5060 ιν
747 5004 826 5076 τῷ
846 5004 1120 5078 ἀνδριάντι
1152 5007 1478 5062 καταϐαλὼν
1502 5009 1564 5062 ὲκ
1590 5011 1687 5078 τῆς
1707 5006 1817 5062 τῶν

245 5098 702 5170 σωιχειωαάντων
723 5098 1030 5176 δυνάμεως,
1065 5099 1249 5156 παίειν
1279 5099 1509 5154 ἕκαστον
1543 5101 1812 5174 προστάτ-

242 5209 320 5246 τει
350 5192 618 5257 νεανικῶς
644 5209 706 5247 τε
735 5197 828 5246 καὶ
857 5193 1111 5264 ίσχυρῶς.
1155 5194 1270 5252 Καὶ
1313 5195 1360 5248 οἱ
1401 5194 1502 5265 μὲν
1528 5195 1622 5249 δύο
1662 5196 1814 5267 ίσχυυ

245 5288 494 5356 μτάταις
552 5288 886 5359 χρησάμενοι
949 5288 1289 5356 καταφοραῖς
1313 5287 1412 5350 τὰς
1450 5287 1545 5341 δύο
1591 5287 1685 5343 τοῦ
1716 5290 1810 5342 ἀν-

239 5379 485 5451 δριάντος
504 5378 745 5450 κεφαλὰς
775 5377 1060 5448 ἀπέκοψαν
1079 5397 1092 5410 ·
1123 5382 1152 5430 ὸ
1197 5379 1242 5431 δ’
1271 5379 1456 5450 ἕτερος
1491 5380 1811 5451 μαλακώτε-

308 5559 339 5602 1:
366 5555 508 5614 Psal.
544 5573 638 5621 cu,
671 5557 725 5612 5.

1927 4547 2210 4610 translata,
2246 4561 2342 4601 seu
2375 4545 2580 4617 potius,
2609 4559 2734 4618 qua
2783 4546 2836 4599 in
2870 4553 3048 4599 statua
3081 4560 3147 4599 ex
3192 4545 3495 4616 superiori-

1922 4638 2027 4694 bus
2086 4639 2394 4692 daemonum
2457 4637 2895 4693 invocationibus
2957 4637 3236 4703 herebat,
3290 4638 3500 4708 dejecta

1921 4729 2334 4799 destructaque.
2368 4730 2518 4784 viros
2557 4729 2705 4783 omni
2737 4738 2936 4784 conatu
2971 4737 3163 4784 statuae
3207 4732 3387 4801 capita
3417 4731 3500 4787 fe-

1923 4821 2035 4877 rire
2075 4821 2322 4890 imperat,
2365 4820 2571 4877 Horum
2608 4821 2720 4876 bini
2758 4820 3112 4876 validissimis
3147 4822 3346 4879 ictibus
3387 4825 3500 4880 duo

1922 4925 2113 4973 statuae
2141 4908 2707 4985 capita‘decusserunt
2731 4934 2745 4970 ε
2779 4915 2975 4973 tertius
3000 4916 3282 4986 aliquanto
3307 4918 3502 4973 remis.

1922 5008 2039 5066 sius
2069 5009 2272 5066 feriens
2311 5009 2555 5065 nonnihil
2587 5009 2678 5064 ille
2703 5009 2922 5079 quidem
2955 5008 3244 5078 depressit,
3278 5025 3386 5066 nan
3417 5018 3502 5068 ta-

1922 5116 2046 5156 men
2089 5103 2252 5156 etiatn
2301 5109 2473 5156 totum
2523 5115 2553 5156 a
2585 5115 2815 5168 corpore
2859 5107 3025 5170 caput
3056 5100 3309 5156 abscidit.
3339 5099 3497 5157 Haud

1923 5192 2035 5248 fere
2063 5193 2222 5249 aliter
2246 5208 2372 5249 cum
2403 5193 2582 5264 gentis
2611 5192 2842 5249 ducibus
2869 5201 3052 5250 actum
3075 5191 3322 5248 est.0rta
3347 5193 3496 5250 enim

1925 5290 2066 5345 inter
2115 5303 2212 5344 eos
2244 5286 2398 5358 gravi
2427 5284 2856 5348 concertatione,
2905 5299 3030 5340 cum
3067 5284 3156 5339 illa
3188 5284 3246 5338 in
3292 5282 3496 5340 bellum

1921 5383 2081 5436 civile
2106 5381 2393 5446 evasisset,
2431 5381 2632 5435 ducum
2667 5394 2813 5436 unus
2837 5386 2894 5434 et
2919 5379 3057 5434 alter
3083 5377 3184 5432 sub
3216 5379 3380 5433 tertio
3404 5390 3499 5432 ca-

1514 5649 1750 5705 VAMIE
1786 5649 2183 5710 LECTIONES.

317 5749 362 5779 ”
390 5746 497 5821 ut]
530 5745 711 5813 μετάτ
778 5744 827 5777 ⁸⁸
855 5744 1170 5798 κελεύσαιεν
1199 5745 1254 5796 Ρ.

478 5843 750 5902 Pareat.
800 5839 846 5898 ii
861 5859 910 5900 ιι.
969 5838 1039 5898 Cl
1054 5839 1128 5898 Χ.
