4056 6034
415 320 515 384 187

1511 327 2022 390 THEOPHANES
2055 326 2612 396 CONTINUATUS.

3567 335 3668 401 188

407 451 582 506 equos
615 437 732 506 ipse
765 452 924 507 agere
952 438 1005 494 in
1032 438 1253 495 Circo-a
1281 454 1341 495 se
1370 440 1608 496 alienum
1659 452 1893 512 putaret,
1919 443 1973 514 (0

2095 439 2380 516 Ῥωμαίων
2405 445 2740 518 βασιλείαςί)
2773 446 2835 502 οὔ
2871 446 3332 519 παραιτούμενος,
3368 450 3475 502 τῶν
3523 466 3665 522 συμρ

407 542 572 593 quam
625 529 856 596 protrita
900 540 1014 583 tum
1065 529 1385 600 abiectaque
1421 533 1632 601 itnperii
1686 534 1979 605 dignitas!)

406 635 599 674 eorum
629 621 722 690 qui
758 633 944 676 secum
979 622 1166 677 ludere
1193 638 1256 678 ae
1291 624 1501 680 ludicro
1532 627 1633 681 boc
1659 636 1870 682 certare
1895 643 1984 683 so-

409 713 613 778 lebant,
645 729 674 768 e
705 730 866 770 sacro
906 717 1231 786 baptismate
1257 719 1624 790 suscipiendis
1659 721 1849 776 liberis
1884 724 1982 776 tis-

409 823 536 864 cum
571 809 963 876 exhauriebat;
1015 810 1108 881 qui
1167 812 1416 867 videlicet
1475 813 1872 884 quinquaginta
1918 831 1982 870 ac

407 904 770 974 quadraginta
803 905 1131 974 trigintaque
1164 915 1222 958 ut
1256 906 1542 959 minimum
1573 907 1691 961 auri
1727 908 1896 962 libras
1926 908 1979 961 iu

408 996 653 1061 singulos
679 1011 870 1049 eorum
904 995 1202 1051 conferret.
1261 998 1566 1069 Aliquando
1599 997 1841 1055 Himerio
1865 1001 1982 1056 cui-

403 1086 532 1140 dam
567 1087 799 1152 patricio
827 1087 1030 1157 (dictus
1059 1090 1147 1142 hic
1188 1087 1446 1152 Cbmrus,
1479 1092 1630 1160 quod
1658 1102 1742 1146 est
1766 1109 1978 1162 porcus,

407 1177 480 1232 ab
510 1179 622 1232 oris
651 1181 947 1250 vultusque
979 1183 1331 1253 rusticitate),
1366 1200 1491 1240 cum
1543 1186 1684 1241 inter
1733 1191 1980 1243 convivia

409 1273 663 1341 turpibus
716 1275 895 1329 verbis
937 1278 1250 1332 scurriliter
1297 1278 1507 1334 luderet
1543 1295 1605 1335 ac
1636 1281 1984 1349 impudenter

410 1366 466 1420 in
494 1367 683 1421 faciem
737 1367 1082 1438 imperatoris
1108 1381 1396 1440 coetusque
1441 1374 1850 1430 couvivantium
1906 1394 1980 1432 ex

408 1460 628 1530 impuro
657 1472 845 1517 ventre
871 1479 972 1516 suo
998 1465 1237 1532 pederet,
1279 1467 1352 1519 ita
1410 1473 1471 1520 ut
1522 1469 1731 1523 ventris
1772 1471 1980 1538 crepitu

409 1555 786 1623 prolucentem
825 1556 998 1626 ipsam
1038 1557 1211 1612 facem
1245 1560 1588 1624 exstinxerit,
1622 1560 1984 1618 sicinaudita:

412 1647 490 1700 rei
530 1645 796 1703 miraculo
827 1659 1045 1704 centum
1085 1653 1204 1704 auri
1254 1652 1423 1706 libras
1478 1653 1770 1708 concessit.
1836 1655 1984 1710 Alias

409 1756 630 1810 quoque
683 1739 891 1799 Cbeilae
934 1745 1096 1797 unius
1147 1761 1176 1797 c
1234 1746 1399 1799 sociis
1439 1745 1669 1816 aurigis,
1727 1760 1982 1816 suscepto

409 1836 648 1901 quodam
707 1852 774 1891 ex
822 1852 980 1891 sacro
1032 1838 1357 1907 baptismate
1415 1837 1545 1903 filio,
1598 1840 1716 1893 auri
1757 1840 1980 1895 totidem

413 1926 581 1981 libras
613 1927 766 1997 173
803 1929 997 1983 tribuit
1028 1949 1041 1984 :
1087 1932 1167 1984 sic
1206 1931 1294 1984 ille
1329 1931 1480 1985 nulla
1525 1930 1678 2000 fruge
1717 1934 1983 2002 pecunias

413 2020 663 2088 publicas
688 2021 1019 2078 insumebat.
1056 2022 1307 2091 Cumque
1348 2025 1496 2078 brevi
1535 2035 1780 2096 tempore
1809 2029 1986 2083 sceni-

414 2111 495 2165 ris
528 2111 641 2164 illis
699 2129 761 2166 ac
814 2115 1169 2182 nequissimis
1218 2119 1431 2172 actibus
1485 2129 1666 2173 tantas
1704 2120 1825 2174 illas
1851 2136 1986 2189 opes

414 2202 774 2270 prodegisset,
799 2203 1141 2261 Circensium
1164 2220 1378 2264 amatm-
1395 2212 1819 2278 perditissimus,
1843 2213 1988 2268 dies-

414 2313 523 2364 que
564 2299 726 2368 regiis
779 2299 1161 2369 largitionibus
1195 2305 1529 2359 constitutus
1581 2316 1882 2374 appeteret,
1923 2322 1987 2361 ac

413 2390 930 2457 paraudmpecuuiae
969 2393 1108 2448 ratio
1159 2394 1396 2460 deesset,
1436 2397 1638 2466 quibus
1671 2398 1854 2450 donati
1884 2400 1988 2450 mi-

413 2484 535 2536 lites
569 2484 831 2539 ath-rsus
864 2486 1100 2543 hostium
1128 2489 1304 2542 valide
1342 2489 1487 2544 acies
1528 2490 1812 2544 decertant
1845 2507 1988 2545 rent-

413 2592 762 2646 quetucutur
813 2580 1154 2648 Romanam,
1209 2588 1476 2639 famosam
1547 2585 1699 2638 illaut
1759 2601 1984 2641 auream

412 2675 688 2742 platanum
715 2676 958 2745 duosque
981 2691 1178 2731 aureos
1204 2677 1387 2730 leones
1410 2692 1470 2730 ac
1489 2677 1708 2730 totidem
1726 2680 1985 2747 grypbes.

418 2769 565 2834 ipsos
603 2784 824 2836 quoque
849 2785 910 2822 ex
952 2784 1087 2823 auro
1114 2770 1290 2824 solido
1320 2771 1573 2835 ductilcs,
1609 2787 1987 2842 organumque

413 2875 552 2913 auro
591 2862 766 2916 solido
818 2861 1199 2926 fabrefactum,
1243 2878 1343 2918 nec
1379 2880 1488 2918 non
1521 2865 1786 2933 reliquam
1825 2867 1987 2935 regite

417 2953 829 3020 magniﬁcentia:
891 2955 1302 3020 supellectilem,
1345 2954 1466 3009 auri
1522 2958 1702 3024 pondo
1733 2973 1838 3010 non
1881 2958 1982 3012 mi-

413 3060 518 3098 nus
548 3062 710 3114 quam
743 3050 1056 3102 ceutenaria
1080 3049 1315 3103 ducenta
1350 3047 1616 3114 conflatis,
1657 3067 1718 3104 ex
1759 3051 1868 3104 illis
1894 3067 1986 3119 pe-

2086 535 2396 600 παιζόντων
2443 538 2593 609 αύτῷ
2638 538 2734 592 καὶ
2770 537 3235 610 συνηνιοχούντων
3278 541 3342 594 ὲκ
3383 539 3477 594 τοῦ
3522 540 3665 596 θείου

2087 625 2466 697 βαπτίσματος
2503 630 2573 683 τὰ
2602 631 2773 684 τέκνα
2808 629 3222 702 υίοθετούμενος
3265 630 3358 685 τὸν
3390 630 3668 702 βασίλειον

2083 722 2333 786 ὲξεκένου
2375 722 2628 789 πλοῦτον,
2664 723 3002 795 πεντήκοντα
3033 722 3099 793 δὴ
3132 723 3225 777 καὶ
3253 723 3667 795 τεσσαράκοντα

2085 813 2179 865 καὶ
2218 812 2277 866 τὸ
2306 812 2588 885 ἐλάχιστον
2628 814 2844 883 ἑκάστῳ
2872 815 3170 885 τριάκοντα
3206 816 3428 885 χρυσίου
3477 814 3668 884 λίτρας

2084 905 2452 977 ἐπιχορηγῶν.
2490 907 2624 960 [fore
2659 906 2715 960 δέ
2750 923 2857 960 τινι
2895 907 3173 980 πατρικίῳ
3204 907 3480 979 (Ἱμέριος
3513 903 3666 971 οὗτος

2084 997 2333 1050 ἐκαλεῖτο
2361 998 2387 1049 6
2415 999 2630 1069 Χοϊρος,
2659 997 2747 1052 διὰ
2774 999 2875 1067 τὴν
2905 997 3000 1051 τοῦ
3033 998 3332 1068 προσώπου
3358 997 3502 1052 οὕτω
3529 1016 3665 1052 κατι

2081 1089 2486 1160 ονομαζόμενος
2563 1089 2907 1160 ἀγριότητα)
2984 1089 3163 1154 ἄλλως
3224 1088 3666 1159 αἱσχρολογοῦντι

2083 1183 2227 1234 κατὰ
2249 1185 2347 1250 τὴν
2377 1180 2658 1250 τράπεζαν
2683 1181 2773 1234 καὶ
2808 1182 2982 1250 ψόφον
3016 1183 3080 1235 ὲκ
3100 1181 3201 1250 τῆς
3233 1180 3464 1251 βεϐήλου
3499 1179 3666 1234 αὑτοῦ

2084 1275 2320 1344 γαστρὸς
2353 1273 2496 1326 κατά
2524 1275 2816 1343 πρόσωπον
2841 1273 2934 1328 τοῦ
2973 1271 3240 1344 βασιλέως
3271 1275 3368 1326 καὶ
3395 1275 3506 1327 τῶν
3541 1289 3668 1326 συν-

2083 1368 2446 1424 δειπνούντων
2490 1366 2726 1435 ἀφιέντι,
2761 1367 2836 1430 ὡς
2880 1367 3054 1421 καὶτὸ
3087 1367 3311 1436 φατλίον
3339 1367 3400 1420 τὸ
3445 1366 3669 1431 τούτους

2084 1459 2459 1527 φωταγωγοῦν
2497 1461 2562 1512 ὲκ
2589 1457 2684 1512 τοῦ
2730 1459 3054 1529 τηλικούτου
3078 1459 3259 1529 ψόφου
3306 1459 3668 1520 κατασϐέσαι.

2083 1554 2161 1624 τῷ
2202 1552 2492 1624 παραδόξῳ
2522 1551 2615 1606 τοῦ
2647 1553 2890 1607 τοιούτου
2915 1552 3197 1624 θαύματος
3227 1554 3456 1624 χρυσίου
3481 1551 3670 1625 λίτρας

2081 1647 2285 1699 ἔδωκεν
2330 1647 2545 1701 ἑκατόν.
2579 1647 2687 1700 Καὶ
2733 1647 2902 1700 Χειλᾶ
2931 1645 2986 1700 δὲ
3017 1645 3209 1702 ἄλλοτε
3263 1645 3357 1698 τοῦ
3392 1647 3488 1700 σὺν
3521 1645 3671 1714 αὐτῷ

2085 1743 2428 1816 ἡνιοχοῦντος
2453 1745 2545 1796 τὸν
2576 1745 2690 1798 υίδν
2734 1745 2799 1799 ἑκ
2828 1743 2923 1798 τοῦ
2963 1742 3110 1797 θείου
3141 1741 3373 1812 λουτροῦ
3407 1741 3670 1807 ἀναδεξά-

2091 1856 2248 1910 μενος
2276 1839 2477 1908 ὁμοίως
2505 1838 2732 1909 χρυσίου
2756 1835 2950 1909 λίτρας
2980 1837 3212 1891 δέδωκεν
3239 1836 3455 1890 ἑκατόν.
3481 1835 3671 1899 Οῦτως

2086 1935 2298 1994 ἐκεῖνος
2327 1931 2408 1995 είς
2462 1931 2614 1984 οὐδὲν
2666 1929 2785 1984 δέον
2838 1931 2907 1985 τὰ
2949 1930 3188 2000 δημόσια
3248 1930 3670 1984 κατανάλισκεν.

2098 2023 2252 2075 Ἐπεὶ
2283 2022 2337 2075 δὲ
2387 2022 2538 2085 ἐντὸς
2568 2023 2752 2092 ὀλίγου
2784 2022 2982 2093 καιροῦ
3012 2025 3105 2075 τὸν
3154 2021 3411 2075 τοσοῦτον
3442 2019 3675 2075 πλοῦτον

2085 2117 2207 2178 ταῖς
2247 2114 2527 2178 τοιαύταις
2566 2117 2855 2185 σκηνικαϊς
2890 2115 2985 2168 καὶ
3014 2113 3281 2184 ἀθέσμοις
3317 2114 3668 2169 κατανάλωσε

2087 2210 2346 2281 πράξεσι,
2381 2209 2558 2272 δεινὸς
2609 2208 2846 2280 ἐραστὴς
2873 2208 2949 2262 ὣν
2997 2209 3386 2280 ἱπποδρομίας,
3425 2205 3588 2280 ἢλθεν
3615 2209 3672 2262 δὲ

2086 2306 2117 2358 6
2147 2305 2243 2372 τῆς
2293 2303 2555 2374 διανομῆς
2583 2303 2693 2355 τῶν
2728 2301 3026 2372 βασιλικῶν
3065 2301 3287 2371 δωρεῶν
3335 2303 3547 2373 καιρὸς,
3577 2305 3672 2357 καὶ

2088 2399 2388 2467 Χρημάτων
2417 2395 2581 2466 πόρος
2611 2397 2711 2447 οὐκ
2740 2392 2806 2466 ἦν
2845 2397 2912 2449 δι’
2953 2388 3028 2448 ὧν
3059 2400 3129 2447 τὰ
3171 2396 3563 2466 στρατεύματα
3586 2414 3674 2464 ιρις

2088 2488 2455 2558 λοτιμούμενα
2480 2489 2579 2551 τὰς
2612 2487 2720 2541 τῶν
2750 2486 2962 2558 ἐχθρῶν
2986 2489 3320 2558 παρατάξεις
3349 2488 3672 2559 ἀμύνονται.

2089 2582 2188 2650 τήν
2225 2597 2282 2632 τε
2324 2580 2534 2651 χρυσῆν
2560 2581 2778 2652 ἱκείνην
2815 2580 2908 2633 καὶ
2949 2579 3359 2651 πολυθρύλητον
3403 2580 3674 2635 πλάτανον

2088 2671 2183 2726 καὶ
2218 2675 2342 2735 τοὺς
2377 2671 2471 2724 δύο
2500 2670 2736 2741 χρυσοῦς
2765 2673 3011 2737 λέοντας,
3047 2674 3182 2742 πρὸς
3223 2674 3277 2726 δὲ
3307 2675 3403 2728 καὶ
3430 2674 3559 2737 τοὺς
3581 2673 3674 2728 δύο

2089 2765 2304 2835 γρῦπας
2335 2762 2665 2833 ὁλοχρύσους
2696 2765 2859 2828 ὄντας
2901 2766 2996 2819 καὶ
3041 2766 3440 2834 σφυρηλάτους.
3491 2766 3586 2820 καὶ
3614 2767 3677 2820 τὺ

2085 2857 2377 2927 ὁλόχρυσον
2395 2857 2646 2927 ὄργανον,
2677 2857 2810 2910 ἀλλὰ
2831 2859 2921 2911 καὶ
2945 2859 3110 2928 ἓτερτ
3149 2859 3286 2928 ἔργα
3319 2860 3421 2928 τῆς
3453 2857 3669 2929 βασιλι-

2089 2953 2192 3022 κῆς
2211 2950 2501 3013 ἐκθέσεως,
2522 2949 2688 3020 ὁλκὴν
2717 2948 2914 3020 ἔχοντα
2933 2950 3045 3004 τῶν
3070 2951 3363 3007 διακοσίων
3392 2953 3495 3007 οὐκ
3521 2951 3676 3006 ἔλατ-

2088 3063 2182 3099 τον
2211 3045 2606 3115 κεντηναρίων,
2652 3045 2934 3115 χωνεύσας
2966 3047 3202 3118 χαράξαι
3231 3047 3469 3101 δέδωκεν
3511 3048 3570 3098 ιν
3596 3045 3678 3117 τῷ

416 3140 632 3191 ι-ιιιιίιιιιι
693 3141 826 3193 lisco
856 3139 1194 3195 inferendam
1255 3144 1381 3197 rudi
1418 3144 1695 3214 praecepit.
1751 3143 1894 3208 Quin
1937 3156 1984 3199 et

2092 3139 2357 3208 βασιλικῷ
2390 3138 2643 3209 ταμιείῳ.
2677 3139 2758 3212 [Ρ.
2799 3139 2925 3211 108]
2955 3142 3064 3194 Καὶ
3095 3141 3287 3204 στολὰς
3316 3141 3373 3194 δέ
3401 3159 3552 3204 τινας
3579 3139 3676 3209 βα-

412 3234 588 3299 ταιςὺιιδ
613 3233 876 3301 quasdam
905 3244 1010 3286 tant
1037 3235 1422 3304 imperatorum
1440 3253 1602 3305 quam
1623 3238 1989 3303 Augustarum

413 3335 613 3388 ιιι-ειυς,
641 3329 884 3394 adt-eque
914 3331 1079 3382 etiam
1099 3331 1428 3393 senatorias,
1464 3331 1599 3384 alias
1617 3344 1679 3385 ex
1702 3346 1840 3384 auro
1858 3332 1990 3384 soli-

410 3419 512 3470 das
546 3419 788 3489 aliasque
820 3437 958 3474 auro
992 3422 1246 3486 intextas,
1279 3426 1332 3477 in
1373 3425 1522 3492 regio
1555 3425 1750 3478 aerario
1781 3425 1992 3492 privato

416 3509 641 3575 positas.
659 3510 883 3578 penuria
906 3512 1121 3563 tandem
1143 3525 1364 3578 pressus
1382 3510 1696 3566 conflandas
1713 3514 1988 3581 exposuit.

411 3601 732 3671 Quanquam
757 3603 861 3655 illis
877 3603 1106 3657 necdum
1124 3603 1372 3659 conflatis
1385 3603 1612 3658 Michael
1626 3621 1655 3658 e
1673 3607 1990 3660 vit-iscum-

409 3703 536 3763 ptus
549 3703 652 3747 est.
675 3694 910 3762 Inclytus
924 3702 1104 3748 autem
1121 3694 1376 3760 Basilius,
1395 3698 1506 3765 ipse
1521 3698 1749 3766 imperio
1765 3704 1986 3768 potitus,

410 3803 535 3842 cum
560 3788 797 3856 integras
819 3789 995 3841 adhuc
1015 3801 1076 3842 ac
1091 3787 1392 3844 incolumes
1411 3795 1724 3859 reperisset.
1744 3797 1886 3862 ipsas
1905 3812 1990 3849 re-

411 3880 573 3946 cepit,
591 3894 826 3946 acquam
843 3895 986 3933 nunc
1005 3894 1261 3934 vocamus
1283 3891 1563 3936 senzatum
1582 3897 1849 3938 monetam
1867 3887 1990 3940 cudi

408 3971 597 4040 jussit,
629 3989 658 4024 ο
709 3975 872 4028 tantis
942 3973 1148 4027 divitiis
1184 3974 1617 4028 niltilinveniens
1646 3990 1837 4044 prteter
1873 3981 1990 4034 auri

417 4065 732 4119 rentcnaria
761 4067 862 4119 tria
917 4075 970 4119 et
1011 4067 1428 4120 milliarensium
1466 4071 1718 4123 sacculos
1761 4088 1988 4138 novem;

417 4159 618 4226 quibus
643 4158 830 4224 ,etiam
890 4158 946 4212 in
982 4161 1303 4215 concionem
1339 4161 1520 4216 allatis
1551 4163 1715 4232 inque
1742 4166 1988 4219 omnium

409 4251 586 4307 oculis
604 4252 905 4322 productis,
920 4253 1416 4323 deploravitcoram
1436 4267 1650 4314 senatu.
1673 4260 1992 4314 undetantis

413 4341 521 4396 illis
569 4344 836 4410 angustiis
866 4347 1206 4416 procuranda
1240 4347 1339 4417 ipsi
1369 4363 1456 4402 res
1492 4348 1710 4415 publica
1753 4350 1917 4404 foret.

487 4431 651 4506 174
677 4434 767 4488 22.
805 4433 1006 4490 Verum
1050 4438 1165 4492 haec
1204 4449 1388 4506 postea
1423 4439 1791 4510 contigerunt.
1831 4440 1988 4499 Tunc

411 4535 592 4577 autem
620 4525 787 4580 moris
814 4525 1271 4594 crat'l'hcodorae,
1303 4539 1357 4585 ut
1383 4545 1598 4586 sacram
1623 4531 1986 4588 Blacberneu—

411 4634 528 4671 sem
558 4619 728 4674 aedem
781 4619 1038 4692 frequens
1077 4624 1270 4688 adiret,
1313 4635 1427 4680 tum
1463 4637 1520 4680 ut
1570 4637 1694 4682 vota
1729 4630 1980 4697 qumdam

414 4707 528 4764 Deo
571 4711 856 4775 redderet.
894 4722 1008 4767 tum
1051 4730 1183 4769 vero
1222 4716 1386 4770 etiaut
1436 4727 1495 4772 ut
1537 4718 1766 4772 lavarct.
1841 4720 1982 4776 Cum

414 4806 597 4873 itaque
652 4821 716 4861 ex
761 4820 915 4860 more
969 4808 1303 4878 quandoque
1358 4825 1426 4863 eo
1508 4827 1567 4864 se
1635 4814 1980 4877 contulisset,

412 4895 641 4949 Michael
673 4907 723 4949 ct
749 4895 955 4952 Bardas
984 4898 1157 4952 misso
1184 4897 1414 4953 Petroua
1435 4900 1580 4954 illius
1610 4899 1776 4956 fratre
1809 4903 1980 4969 ipsam

411 5003 538 5043 eum
576 4988 791 5043 filiabus
820 4998 1090 5045 attonsam
1137 4992 1200 5042 ad
1243 4989 1458 5045 Cariani
1510 4993 1729 5046 interim
1783 4996 1980 5062 palatia

413 5085 696 5153 relegant:
756 5092 942 5152 postea
984 5099 1112 5140 vero
1160 5099 1269 5139 non
1314 5085 1480 5140 semel
1508 5097 1741 5152 tantum,
1779 5091 1872 5143 sed
1928 5099 1983 5144 et

416 5175 610 5228 iterum
633 5175 816 5229 missis
839 5174 1125 5237 ministris.
1165 5177 1489 5246 illarumque
1515 5178 1651 5233 lisco
1684 5179 1830 5234 illata
1855 5183 1984 5234 sub-

416 5267 643 5329 stantia,
681 5269 943 5337 privatas,
965 5285 1028 5323 ac
1055 5271 1199 5325 velut
1225 5272 1434 5342 evulgo
1472 5270 1728 5335 feminas,
1765 5290 1870 5327 non
1906 5291 1983 5329 re-

413 5359 507 5428 gio
539 5359 688 5411 cultu
727 5360 909 5413 vivere
942 5376 1035 5417 eas
1076 5363 1340 5417 siverunt.
1410 5363 1602 5417 Verum
1635 5364 1776 5420 baud
1812 5368 1984 5423 multo

416 5460 543 5523 post
565 5449 852 5507 'l‘heodora
885 5468 914 5506 e
941 5454 1080 5510 vivis
1110 5457 1365 5510 excessit.
1416 5456 1656 5528 lnclytus
1677 5473 1808 5512 vero
1826 5458 1985 5514 Basi-

414 5544 522 5601 lius
560 5557 818 5616 suscepto
846 5548 1096 5618 imperio,
1136 5565 1258 5604 cum
1287 5550 1406 5617 ejus
1439 5551 1676 5606 cadaver
1703 5561 1815 5607 tum
1848 5554 1988 5609 filias

411 5637 466 5693 iu
481 5640 613 5694 avi-.c
632 5642 1022 5696 moiiasterium
1047 5643 1343 5714 transtulit,
1368 5643 1508 5714 quod
1528 5643 1742 5701 Gastria
1768 5655 1986 5713 vocant,

2094 3231 2307 3292 σιλικάς
2338 3231 2434 3284 καὶ
2464 3232 2894 3299 αὑγουστιακάς,
2933 3232 3069 3286 ἀλλὰ
3109 3234 3205 3288 καὶ
3235 3233 3336 3303 τῆς
3365 3235 3676 3304 συγκλήτου

2097 3324 2314 3393 βουλῆς,
2345 3327 2443 3387 τὰς
2494 3326 2592 3394 μὲν
2625 3324 2974 3394 ὁλοχρύσους,
2999 3327 3097 3387 τὰς
3143 3325 3200 3377 δι
3233 3325 3677 3395 χρυσοῦφάντους

2093 3416 2260 3479 οὗσας
2286 3420 2342 3469 ὲν
2376 3417 2454 3486 τῷ
2481 3417 2687 3487 είδικῷ,
2722 3417 2858 3487 πρὸς
2897 3417 2977 3487 τῷ
3019 3416 3186 3482 τέλει,
3229 3418 3528 3470 ἐκδέδωκεν
3585 3417 3676 3482 ἐξ-

2094 3512 2341 3582 απορῶν,
2371 3509 2446 3574 ὡς
2465 3510 2532 3563 ἀν
2549 3509 2889 3581 χαραχθῶσι.
2917 3510 3062 3579 Πλὴν
3088 3511 3188 3564 οὐκ
3212 3509 3454 3580 ἔφθασαν
3475 3529 3680 3582 χωνιυ-

2096 3604 2275 3674 θῆναι,
2307 3605 2398 3656 καὶ
2428 3605 2634 3664 ἐκεῖνος
2658 3603 2758 3672 μὲν
2781 3602 2841 3666 ἐξ
2867 3603 3172 3674 ἀνθρώπων
3198 3604 3434 3671 ὲγένετο,
3473 3605 3678 3668 ταύτας

2094 3698 2147 3748 δὲ
2206 3695 2488 3756 Βασίλειος
2531 3694 2560 3746 6
2594 3694 2837 3763 ἀοίδιμος
2886 3694 2986 3764 τὴν
3029 3692 3307 3762 βασιλείαν
3352 3692 3532 3750 λαϐὼν
3582 3696 3677 3748 καὶ

2095 3787 2421 3842 καταλαϐὼν
2461 3787 2539 3839 ἔτι
2576 3787 2920 3855 ἀλύμαντους
2947 3787 3339 3850 ἀνεκαλέσατο,
3367 3787 3461 3842 καὶ
3493 3788 3555 3841 τὸ
3582 3786 3678 3841 νῦν

2096 3882 2353 3944 σενζάτον
2385 3879 2724 3948 καλούμενον
2760 3879 3106 3950 χαραχθῆναι
3154 3880 3480 3935 ἐκελεύσατο
3510 3881 3579 3944 ⁷⁸,
3611 3882 3678 3935 ἐκ

2093 3975 2350 4028 τοσούτου
2380 3973 2614 4026 πλούτου
2655 3975 2822 4043 μηδὲν
2855 3973 3046 4044 ἕτερον
3081 3972 3337 4042 εὑρηκὼς
3385 3974 3419 4044 ἢ
3447 3973 3675 4044 χρυσίου

2094 4067 2427 4137 κεντηνάρια
2456 4070 2603 4138 τρία,
2640 4067 2947 4135 μιλιαρίσια
2984 4066 3040 4118 δὲ
3076 4067 3282 4121 σακκία
3311 4067 3491 4129 ἐννέα.
3523 4067 3561 4123 ἃ
3583 4068 3678 4120 καὶ

2091 4160 2457 4230 δημοσιεύσας
2485 4161 2581 4212 καὶ
2611 4161 2746 4213 πᾶσι
2776 4158 2915 4229 δῆλα
2965 4159 3200 4229 ποιήσας
3233 4158 3553 4230 ἀπωδύρετο
3578 4161 3676 4231 τῆς

2094 4254 2403 4323 συγκλήτου
2432 4252 2664 4305 ἐνώπιον
2699 4252 2798 4323 τὴν
2826 4251 2951 4305 ὅθεν
2994 4251 3187 4321 ἔμελλε
3227 4252 3550 4323 ποιήσεσθαι
3577 4253 3678 4318 τῆς

2096 4346 2372 4411 πολιτείας
2405 4346 2694 4415 διοίκησιν.

2164 4440 2268 4510 κβ’.
2312 4439 2469 4493 Ἀλλά
2500 4440 2675 4494 ταῦτα
2708 4438 2808 4508 μὲν
2831 4437 3116 4508 προῖόντος
3143 4437 3236 4491 τοῦ
3283 4439 3478 4508 χρόνου
3517 4440 3675 4504 γιγό-

2093 4550 2277 4587 νασιν·
2303 4533 2422 4585 τότε
2455 4532 2512 4586 δι
2537 4532 2739 4584 εἴθιστο
2761 4529 3018 4600 Θεοδώρα
3051 4533 3194 4584 κατά
3225 4532 3316 4584 τδν
3347 4533 3406 4582 ἐν
3431 4530 3672 4602 Βλαχίρ-

2093 4645 2211 4690 ναις
2267 4627 2407 4678 θεῖον
2460 4623 2669 4692 συχνῶς
2721 4641 2839 4684 πως
2884 4624 3178 4692 ἔπιφοιτᾷν
3229 4625 3380 4687 ναὸν,
3410 4624 3546 4692 ὁμοῦ
3577 4625 3675 4691 μὲν

2091 4719 2256 4789 εὐχάς
2274 4735 2422 4780 τινας
2457 4714 2782 4769 ἀποδιδοῦσα
2797 4714 2936 4783 Θεῷ,
2959 4715 3098 4784 ὁμοῦ
3118 4715 3174 4768 δὲ
3204 4715 3300 4769 καὶ
3323 4715 3420 4769 τοῦ
3446 4715 3676 4785 λουτροῦ

2096 4814 2416 4882 μετέχουσα.
2468 4811 2553 4871 Ὠς
2597 4806 2726 4874 γοῦν
2767 4807 2864 4877 ὀψέ
2891 4825 3022 4860 ποτε
3052 4808 3306 4876 ἀφίκετο,
3337 4809 3430 4861 τὸν
3461 4808 3678 4877 Πετρω-

2091 4906 2188 4957 νᾶν
2216 4902 2442 4970 ἀδελφὸν
2471 4899 2638 4968 αὐτῆς
2662 4898 2795 4951 ὄντα
2830 4897 3150 4966 πέμψαντες
3180 4899 3208 4950 6
3243 4897 3464 4968 Μιχαήλ
3488 4915 3546 4950 τε
3583 4897 3678 4951 καὶ

2085 4994 2297 5065 Βάρδας
2342 4986 2695 5057 ἀποκείρουσι
2733 5004 2793 5039 τι
2819 4984 3026 5054 ταύτην
3063 4987 3203 5054 μετά
3232 4988 3330 5049 τὰς
3370 4987 3678 5060 θυγατέρας

2084 5083 2244 5153 ὁμοῦ,
2278 5085 2372 5135 καὶ
2415 5081 2529 5142 τοῖς
2588 5076 2732 5130 κατὰ
2767 5077 2834 5128 τὰ
2875 5076 3153 5146 Καριανοῦ
3191 5077 3520 5150 ἀνακτόροις
3552 5080 3674 5132 τότε

2090 5179 2189 5246 μὲν
2227 5171 2633 5244 περιορίζουσιν
2655 5188 2670 5201 ο
2691 5170 2920 5239 ὕστερον
2943 5170 2999 5222 δὲ
3024 5169 3124 5239 οὐχ
3151 5170 3300 5235 ἀπαξ
3329 5170 3514 5240 μόνον,
3539 5171 3678 5227 ἀλλὰ

2088 5271 2183 5324 καὶ
2203 5271 2284 5331 δὶς
2325 5264 2746 5327 ἀποστείλαντες
2773 5263 3133 5330 είσεκόμισαν
3158 5262 3250 5316 τὸν
3283 5264 3475 5319 ινὸντα
3504 5265 3677 5320 πλοῦ-

2096 5383 2185 5418 τον
2209 5363 2418 5422 αὑταῖς,
2452 5360 2546 5411 καὶ
2588 5357 2784 5420 κοινῶς
2827 5373 2944 5420 πως
2995 5355 3089 5409 καὶ
3112 5355 3422 5424 ίδιωτικῶς,
3453 5356 3570 5411 ἀλλ’
3611 5360 3675 5412 οὐ

2097 5455 2390 5531 βασιλικῶς
2417 5454 2606 5506 είασαν
2641 5451 2761 5520 ζῇν.
2802 5449 2942 5504 Ἀλλ’
2967 5450 3152 5521 ὲκείνη
3177 5452 3278 5521 μὶν
3307 5451 3426 5521 μετ’
3454 5454 3516 5505 οὑ
3541 5452 3676 5506 πολὺ

2093 5554 2203 5607 τῶν
2230 5549 2356 5618 τῇδε
2391 5544 2704 5617 μεθίστατο,
2756 5543 2851 5597 καὶ
2890 5541 3143 5612 βασιλεὺς
3167 5546 3195 5598 6
3234 5543 3474 5613 ἀοίδιμος
3512 5544 3678 5597 Boot-

2095 5649 2237 5705 λειος
2263 5641 2433 5710 αὐτῆς
2460 5656 2516 5692 τε
2548 5638 2637 5693 τὸν
2668 5637 2864 5708 νεκρὸν
2903 5639 2996 5690 καὶ
3021 5637 3120 5701 τάς
3169 5638 3340 5708 αὐτῆς
3369 5639 3676 5709 θυγατέρας

1706 5740 1937 5796 VARle
1994 5738 2398 5798 LECTIONES.

487 5832 531 5862 "
560 5832 946 5887 ἐνεκελεύσκτο
975 5834 993 5884 7
