4056 6034
323 259 419 327 ιειι

1348 266 1867 331 TBEOPHANES
1893 267 2479 332 CONTINUATUS.-

3491 266 3594 333 192

316 378 543 434 domina
574 378 699 446 fuit,
729 380 947 451 expleto
975 379 1089 452 jam
1128 379 1246 435 fere
1274 380 1563 437 incruento
1600 380 1897 446 sacrificio,

2011 381 2116 436 τῶν
2152 382 2325 450 άγιων
2378 383 2701 455 μυστηρίων
2753 378 3105 454 μετάσχοιεν,
3160 378 3443 450 ἔξαίφνης,
3494 380 3595 435 εἴτ’

317 481 378 525 ιιι
411 472 586 527 sacris
614 471 893 543 mysteriis
928 473 1368 542 impartirentur,
1393 482 1617 542 repente
1643 473 1784 544 (sive
1812 462 1901 527 in:

314 573 475 618 caute
509 563 600 617 illa
632 564 980 634 peragebant,
1006 564 1131 641 sive
1156 567 1321 620 etiam
1369 565 1446 621 rei
1486 565 1694 620 bellicae
1729 566 1899 635 impe-

316 654 441 709 ritia
476 656 665 711 urbem
731 656 1031 727 hostesque
1060 659 1508 724 contemnebant,
1576 659 1903 729 nullumque

318 744 432 802 fore
482 748 889 803 arbitrabantur
938 750 1033 819 qui
1089 749 1272 805 levare
1332 765 1555 805 manum
1589 752 1904 808 iadversus

319 838 629 895 Romanum
683 840 1073 910 imperatorem
1128 843 1374 913 auderet)
1428 844 1550 912 ipsa
1608 844 1743 899 hora
1794 860 1904 914 qua

324 932 610 1001 mysteriis
638 931 988 1002 itnpartiendi
1020 944 1199 1001 erant,
1245 934 1492 1005 undique
1538 950 1606 991 ex
1640 937 1775 991 urbe
1809 951 1903 990 ar-

320 1022 453 1077 mati
490 1024 770 1077 irruentes
799 1032 1011 1079 tantum
1048 1028 1133 1079 eis
1152 1034 1416 1081 terrorem
1450 1026 1819 1091 incusserunt,
1846 1036 1907 1083 ut

316 1132 477 1171 nemo
508 1115 775 1186 impetum
812 1119 1109 1184 sustinere,
1140 1133 1304 1173 nemo
1343 1134 1449 1173 non
1493 1117 1619 1189 fuga
1665 1120 1901 1175 salutem

314 1213 573 1283 expedire
594 1212 1027 1281 conspiceretur.
1056 1212 1173 1283 Ipse
1220 1210 1450 1268 Michael
1494 1213 1582 1268 vix
1619 1215 1671 1267 in
1700 1228 1900 1282 equum

314 1304 552 1358 evadens
575 1301 836 1372 fugientis
870 1305 1175 1373 specimen,
1214 1317 1324 1358 non
1357 1303 1459 1356 viri
1487 1301 1645 1359 fortis
1665 1305 1902 1376 ejusque

314 1397 408 1466 qui
445 1396 593 1467 prior
624 1397 681 1451 in
716 1397 837 1452 acie
866 1404 1056 1461 staret,
1123 1396 1295 1452 dedit.
1347 1397 1437 1451 Sic
1483 1412 1625 1468 aegre
1677 1400 1901 1454 tandem

316 1498 564 1545 servatus
590 1499 698 1552 est.
742 1492 859 1546 suis
888 1489 1148 1545 omnibus
1202 1500 1625 1559 castrorumque
1671 1492 1903 1563 impedi-

318 1584 514 1638 mentis
545 1583 599 1635 in
631 1582 871 1636 hostium
914 1590 1182 1651 potestate
1231 1582 1461 1637 relictis.
1530 1582 1648 1638 lilic
1680 1582 1905 1639 Carbeae

2004 472 2335 542 ἀφυλάκτως
2357 470 2639 535 τελοῦντες
2656 470 2944 535 αὐτά,εῐτε
2976 467 3074 522 καὶ
3103 471 3593 540 καταφρονητικῶς

2000 566 2217 637 ιχοντες
2256 564 2395 635 πρὸς
2455 564 2555 636 τὴν
2613 564 2769 618 πόλιν
2806 562 2875 617 δι’
2931 561 3194 631 ἀπειρίαν
3240 559 3317 623 ὡς
3354 560 3430 631 μὴ
3460 561 3594 631 πρὸς

2004 658 2227 729 βασιλέα
2261 658 2549 730 Ῥωμαίων
2578 654 2711 729 ἆραι
2735 656 3041 727 τολμῶντος
3072 655 3233 725 χεῖρά
3262 670 3429 717 τινος,
3452 656 3597 708 κατά

2002 751 2100 822 τὴν
2124 751 2274 824 ὥραν
2305 752 2365 805 ὲν
2402 744 2436 826 ᾖ
2464 751 2575 804 τῶν
2605 750 2767 805 θείων
2789 750 3018 822 ἔμελλον
3056 752 3352 821 μετασχεῖν
3386 766 3594 820 μυστης

2004 839 2160 911 ρίων,
2197 840 2462 895 πάντοθεν
2494 840 2615 910 μεθ’
2642 840 2823 895 ὅπλων
2850 840 3307 911 ἐκπεπηδηκότες
3358 841 3461 908 τῆς
3491 843 3593 893 πό-

2003 932 2162 997 λεως,
2193 931 2295 986 οὐκ
2316 928 2386 1004 ἦν
2413 934 2542 987 ίδιίν
2566 933 2657 1006 τὸν
2689 934 2841 997 ὅστις
2894 933 3186 1003 Ῥωμαίων
3226 932 3313 1006 [Ρ.
3341 932 3466 1002 HO]
3492 934 3594 986 οὐκ

2004 1026 2206 1097 ὶχρῆτο
2239 1028 2410 1095 φυγῇ.
2449 1026 2621 1080 Ἔνθα
2660 1026 2756 1079 καὶ
2803 1029 2830 1079 ὁ
2884 1026 3111 1097 Μιχαὴλ
3155 1025 3310 1096 μόλις
3362 1042 3467 1078 που
3499 1025 3595 1078 τὸν

2006 1119 2174 1172 ῐππον
2200 1118 2409 1182 άναδὰς
2461 1118 2681 1188 φεύγων
2720 1119 3031 1190 καθωρᾶτο,
3061 1119 3179 1173 ἀλλ’
3206 1120 3269 1172 οὑ
3319 1120 3591 1186 προπολε-

2010 1210 2158 1283 μῶν’
2194 1210 2339 1265 οὕτω
2368 1227 2472 1264 που
2498 1212 2659 1281 μόγις
2689 1211 3023 1276 ὲκσέσωστο,
3071 1212 3279 1282 σκηνὰς
3307 1210 3476 1273 αὐτάς
3500 1210 3594 1264 καὶ

2005 1306 2107 1374 τὴν
2134 1306 2234 1376 όση
2254 1307 2468 1370 τούτοις
2491 1306 2764 1376 Θεραπεία
2784 1306 2998 1377 προσῆν
3022 1307 3141 1357 ἐκεῖ
3161 1303 3591 1365 καταλελοιπώς.

2009 1397 2181 1452 Ἔνθα
2219 1400 2313 1451 καὶ
2342 1398 2435 1451 τὸν
2484 1398 3046 1468 προμνημονευθέντα
3076 1397 3243 1465 φασὶν
3271 1395 3592 1466 ἀριστεῦσαι

2004 1491 2269 1562 Καρδέαν
2317 1490 2409 1543 τὸν
2464 1492 2567 1557 τὴν
2596 1491 2876 1563 Τεφρικὴν
2928 1490 3461 1560 οἰκοδομησάμενον,
3498 1491 3593 1543 καὶ

2004 1584 2176 1637 πολὺν
2200 1584 2259 1637 οὐ
2294 1584 2458 1653 μόνον
2473 1584 2567 1637 τοῦ
2599 1584 2823 1655 χυδαίου
2854 1583 3054 1654 φθόρον
3081 1582 3213 1636 λαοῦ
3245 1584 3592 1651 κατεργάσα-

320 1676 500 1744 tcujus
528 1689 694 1743 supra
739 1675 1114 1737 meminimus,
1141 1675 1233 1743 qui
1262 1675 1627 1745 et'l‘ephrices
1650 1677 1903 1731 conditor

2011 1678 2155 1737 σθαι,
2185 1676 2322 1729 ἀλλὰ
2341 1678 2436 1729 καὶ
2463 1675 2571 1729 τῶν
2600 1678 2856 1745 μεγάλων
2883 1676 2948 1745 δὴ
2986 1674 3311 1745 στρατηγῶν
3352 1673 3595 1743 ζωγρείᾳ

323 1736 481 1836 1ά7
518 1736 641 1834 fuii)
671 1766 886 1837 egregie
916 1766 1069 1819 aiunt
1096 1736 1352 1819 virtutem
1383 1736 1673 1834 enituisse,
1709 1776 1900 1823 utnon

2011 1736 2192 1824 λαὸεἶν
2213 1769 2304 1822 τόν
2329 1785 2389 1821 τε
2413 1736 2817 1836 τζαγγότουσον
2847 1736 2948 1821 τὸν.
2972 1736 3303 1836 Ἀδεσαλιῖομ
3324 1736 3416 1820 καὶ

318 1859 494 1914 solum
529 1860 805 1929 gregarios
829 1860 1029 1914 multos
1064 1868 1226 1930 atque
1253 1860 1522 1916 obscuros
1544 1861 1901 1927 interfecerit,

320 1969 508 2008 verum
550 1968 777 2023 magnos
810 1968 1029 2022 quoque
1060 1953 1229 2007 duces
1256 1954 1486 2024 ceperit,
1510 1970 1703 2025 nempe
1726 1954 1903 2011 Tzan-

321 2044 584 2114 gotubum
607 2042 997 2098 Abessalonem
1015 2051 1068 2098 et
1096 2041 1331 2097 Seonem
1382 2043 1714 2110 Palatinum,
1742 2045 1905 2101 alios-

318 2151 425 2205 que
453 2136 660 2206 legatos
690 2144 856 2204 atque
887 2134 1136 2189 tribunos
1170 2135 1313 2189 baud
1342 2135 1630 2203 pauciores
1655 2145 1899 2191 centum.

323 2230 700 2285 Servabantur
740 2244 872 2298 ergo
922 2228 1000 2293 hi,
1034 2243 1175 2297 quos
1206 2229 1343 2295 dixi,
1391 2229 1557 2284 duces
1600 2232 1652 2283 in
1679 2245 1903 2285 carcere

324 2335 605 2379 transacto
633 2324 776 2379 bello
804 2341 817 2389 ;
855 2337 920 2378 ac
944 2338 1108 2392 quam
1140 2321 1381 2377 Carbeas
1405 2332 1681 2393 exegerat,
1716 2325 1906 2394 ingen-

323 2429 428 2472 tem
454 2418 563 2472 vim
586 2417 705 2472 auri
737 2418 900 2470 domo
930 2416 1240 2478 advectam,
1300 2416 1697 2484 redemptionis
1730 2417 1905 2485 pretio

321 2512 724 2584 persolverunt.
752 2510 990 2566 Carbeas
1022 2510 1199 2578 pretio
1226 2518 1448 2577 accepto
1472 2506 1703 2563 Seonem
1733 2509 1903 2562 inter-

326 2616 500 2678 rogat,
536 2622 664 2659 num
705 2620 1041 2661 uenenorum
1077 2620 1256 2658 amore
1296 2604 1596 2671 afﬁciatur,
1631 2614 1904 2671 metusque

322 2696 635 2751 libidinosas
664 2698 719 2749 in
764 2711 981 2763 corpore
1008 2696 1251 2750 sentiat?
1280 2693 1521 2763 Negante
1550 2692 1662 2758 illo,
1694 2707 1759 2747 ac
1811 2708 1904 2749 as-

329 2799 546 2844 serente
584 2788 720 2840 nihil
749 2804 802 2841 se
833 2788 901 2840 iis
940 2786 1127 2856 affici,
1162 2784 1350 2840 eadem
1386 2786 1582 2839 iterum
1630 2799 1695 2839 ex
1726 2784 1899 2841 Abes-

320 2883 513 2937 salone
568 2890 942 2950 percontatur.
1021 2878 1322 2934 Abessalon
1382 2890 1563 2933 autem
1619 2888 1899 2947 comperta

325 2974 564 3029 hominis
614 2972 856 3041 nequitia
903 2988 968 3027 ac
987 2972 1135 3037 dolo,
1183 2971 1299 3026 sive
1341 2967 1503 3025 etiam
1548 2972 1693 3040 quod
1733 2972 1811 3025 sic
1844 2987 1903 3025 re

324 3067 809 3136 ipsa'afﬂeetetur,
831 3068 908 3119 ita
931 3082 1105 3118 secum
1140 3066 1226 3133 agi
1255 3066 1506 3119 accurnis
1538 3075 1711 3117 motus
1740 3064 1901 3117 mole-

322 3172 428 3213 stos
455 3160 612 3228 ferre,
638 3158 942 3227 respondit.
969 3156 1107 3210 Tum
1139 3157 1187 3210 ei
1213 3158 1452 3211 Carbcas
1476 3174 1490 3209 :
1526 3154 1605 3208 Tu
1625 3172 1657 3207 a
1683 3156 1904 3210 uinculis

322 3250 453 3303 liber
474 3261 604 3313 esto,
644 3248 919 3317 simulque
948 3248 1185 3310 dimisit;
1210 3244 1373 3300 Seoni
1395 3260 1529 3300 vero
1566 3264 1577 3299 :
1604 3243 1756 3299 Certe
1802 3262 1904 3299 non

323 3342 433 3395 vult
470 3342 607 3395 Deus
625 3348 681 3395 ut
704 3358 737 3395 α
778 3356 990 3394 carcere
1017 3340 1283 3403 libereris,
1318 3339 1595 3406 simulque
1625 3340 1901 3405 restituto,

322 3433 471 3505 quod
502 3442 805 3502 acceperat,
844 3433 1239 3500 redemptionis
1268 3431 1463 3501 pretio,
1498 3431 1673 3487 donec
1706 3430 1907 3486 efllavit

324 3525 563 3580 animam
591 3527 643 3577 in
682 3538 906 3579 carcere
937 3538 1063 3577 eum
1088 3522 1283 3576 tenuit;

394 3617 485 3673 9.4.
544 3617 687 3683 Quia
726 3632 857 3671 vero
885 3618 1022 3669 alter
1044 3615 1155 3685 jam
1184 3631 1412 3670 annusa
1450 3615 1726 3684 superiori
1750 3615 1909 3671 clade

325 3709 624 3774 efﬂuxerat,
666 3710 894 3764 audiens
930 3707 1159 3761 Michael
1191 3708 1412 3776 triginta
1441 3708 1669 3761 millium
1708 3707 1761 3760 in
1802 3708 1907 3761 Ro-

328 3817 545 3856 manam
574 3802 834 3855 ditionem
861 3799 1061 3854 factam
1092 3800 1476 3869 irruptionem,
1503 3815 1568 3853 ac
1597 3800 1792 3855 iterum
1818 3814 1911 3854 ac-

325 3906 481 3964 cepta
507 3895 708 3948 damna
727 3908 793 3946 ex
828 3892 1056 3947 victoris
1089 3892 1317 3961 cupiens
1339 3892 1631 3956 resarcire,
1666 3891 1909 3946 collectis

322 4003 390 4042 ex
427 3985 839 4041 Thracensibus
876 4001 940 4040 ac
972 3983 1363 4039 Macedonibus
1396 3985 1759 4055 quadraginta
1788 3987 1910 4039 mil-

327 4079 472 4133 libus
501 4078 682 4132 alacer
708 4078 789 4131 eis
826 4076 1041 4131 obviam
1070 4076 1236 4131 venit.
1268 4075 1368 4130 Ubi
1399 4085 1581 4130 autem
1621 4079 1687 4132 ad
1719 4078 1906 4132 locum

324 4169 617 4240 quemdam
658 4168 878 4239 pascuis
925 4168 1149 4223 uberem
1211 4167 1489 4224 Celarium
1539 4170 1747 4224 dictum
1801 4173 1908 4226 tixa

327 4262 562 4315 tentoria
612 4268 819 4323 essent,
856 4259 1022 4315 Amer
1072 4259 1185 4329 jam
1237 4259 1454 4315 infestis
1506 4262 1559 4314 in
1593 4276 1687 4317 eos
1734 4263 1909 4333 signis

326 4372 682 4425 procurrens,
718 4356 934 4426 longius
969 4356 1251 4427 digressus
1292 4358 1454 4427 178
1507 4357 1575 4412 ab
1616 4368 1787 4413 strata
1811 4374 1910 4427 pu-

2004 1861 2096 1914 τὸν
2137 1862 2457 1923 παλατῖνον,
2490 1860 2583 1914 καὶ
2600 1860 2825 1930 ἐτέρους
2842 1862 3296 1930 ὑποστρατήγους
3323 1862 3415 1913 καὶ
3433 1877 3593 1930 τουρ-

2009 1954 2228 2023 μάρχας
2260 1953 2386 2023 άχρι
2414 1952 2524 2005 τῶν
2558 1953 2777 2009 ἑκατόν.
2851 1951 3181 2023 Ἐτηροῦντο
3217 1948 3311 2005 οὖν
3338 1954 3386 2003 οἱ
3417 1952 3594 2021 δηλω-

2006 2045 2192 2109 θέντες
2225 2045 2521 2116 στρατηγοὶ
2545 2045 2681 2114 μετὰ
2705 2043 2805 2113 τὴν
2834 2043 2930 2097 τοῦ
2962 2042 3203 2111 πολέμου
3236 2042 3593 2112 παραδρομὴν

2006 2142 2065 2193 ὲν
2099 2142 2166 2210 τῇ
2198 2138 2449 2208 φυλακῇ·
2506 2139 2603 2191 καὶ
2632 2138 2697 2209 δὴ
2745 2141 3008 2209 χρήματα
3061 2138 3219 2191 ἱκανά
3264 2136 3343 2207 τῷ
3367 2137 3595 2208 Καρδέᾳ

2006 2233 2270 2298 ἐδίδοσαν,
2316 2232 2530 2285 οῐκοθεν
2569 2231 3086 2302 μεταπεμψάμενοι,
3115 2230 3216 2301 τὴν
3244 2231 3425 2284 αὐτῶν
3454 2232 3593 2284 άπο-

2006 2324 2275 2396 λύτρωσιν
2305 2325 2703 2392 ἐξαιτούμενοι.
2761 2324 2848 2386 Ὠς
2885 2324 2929 2376 δ’
2979 2324 3171 2377 ελασεν
3221 2324 3317 2376 ἐπὶ
3350 2325 3539 2393 χεῖρας
3563 2323 3594 2375 ό

1962 2459 1973 2473 .
2005 2418 2286 2490 Καρδέας,
2317 2418 2508 2488 ἠρώτα
2544 2418 2637 2471 τὸν
2654 2418 2810 2488 Σηὼν
2832 2416 3083 2483 εὐθὺς,ει
3105 2418 3253 2486 πρὸς
3270 2417 3593 2487 ἀφροδίσια

2004 2514 2133 2582 ἔχοι
2159 2510 2447 2581 ἐρωτικῶς
2480 2512 2579 2566 καὶ
2612 2510 2678 2564 τὸ
2714 2510 2933 2565 ἑαυτοῦ
2962 2509 3136 2579 σῶμα
3184 2510 3431 2576 κίνησιν
3463 2509 3593 2580 ἔχοι

2006 2605 2122 2672 τὴν
2148 2602 2382 2672 ἐμπαθῆ
2402 2620 2413 2631 ·
2443 2603 2517 2666 ὡς
2536 2603 2580 2655 δ’
2604 2603 2984 2675 ἀπηγόρευσεν
3012 2605 3039 2657 ὁ
3070 2602 3223 2673 Σηὼν
3249 2604 3341 2654 καὶ
3358 2602 3595 2673 πάσχειν

2003 2714 2058 2749 τι
2090 2696 2327 2749 τοιοῦτον
2374 2695 2681 2765 ἀπέφησεν,
2730 2694 2921 2765 ἠρώτα
2968 2695 3132 2748 πάλιν
3173 2696 3241 2749 τὰ
3285 2697 3447 2764 ὃμοια
3498 2695 3591 2747 τὸν

2018 2786 2361 2857 Ἀδεσαλὼμ.
2409 2787 2468 2841 Ὀ
2520 2787 2577 2839 δὲ
2607 2788 2707 2859 τὴν
2745 2788 2911 2841 αὑτοῦ
2962 2791 3225 2857 φωράσας
3255 2789 3457 2841 κακίαν
3498 2790 3591 2840 καὶ

2010 2881 2338 2951 μοχθηρίαν,
2396 2882 2506 2933 εῐτε
2545 2882 2643 2934 καὶ
2674 2879 2851 2945 άλλως
2886 2881 3128 2954 ἀληθῶς,
3181 2881 3361 2935 τοῦτό
3394 2900 3457 2935 τε
3484 2881 3597 2935 πά-

2006 2987 2182 3042 σχειν
2230 2972 2330 3026 καὶ
2368 2972 2615 3037 κίνησιν
2651 2974 2999 3041 ὑπομένειν,
3034 2971 3224 3035 εἰπὼν,
3251 2974 3426 3042 τούτῳ
3471 2973 3594 3041 μὲν,

2008 3064 2372 3132 Λυτροῦσαι,
2403 3064 2530 3133 ἐφη,
2553 3062 2673 3117 τῶν
2698 3063 2959 3133 δεσμῶν,
2984 3064 3077 3116 καλ⁵
3110 3064 3226 3134 ἅμα
3250 3064 3596 3134 ὰπέλυεν,τῷ

2007 3158 2063 3212 δὲ
2086 3158 2258 3229 Σηὼν,
2286 3157 2672 3219 Οὺβούλειαί
2699 3171 2772 3211 σε
2798 3158 2866 3212 τὸ
2892 3158 3065 3212 Θεῖογ
3094 3156 3355 3225 λυθῆναι
3383 3157 3459 3223 δὴ
3484 3156 3599 3225 τῆς

2007 3251 2294 3322 φρουρᾶς.
2319 3255 2411 3306 καὶ
2444 3249 2561 3319 ἅμα
2598 3245 2768 3303 ἐδίδου
2791 3250 2969 3322 τούτῳ
2997 3249 3066 3303 τὰ
3084 3249 3257 3320 λύτρα
3284 3255 3351 3302 τά
3372 3250 3602 3302 δοθέντα

2007 3346 2155 3415 αὐτῷ
2194 3344 2336 3414 ὑπὲρ
2364 3344 2551 3411 αὑτοῦ,
2578 3348 2673 3398 καὶ
2694 3347 2760 3414 τῇ
2786 3343 3003 3416 φρουρᾷ
3027 3343 3411 3411 ἐγκατέκλειεν
3438 3343 3600 3412 ἄχρις

2007 3433 2071 3492 οὗ
2102 3438 2202 3509 τὴν
2222 3436 2398 3508 ψυχὴν
2428 3436 2825 3501 ἁπεστάλαξεν.

2080 3616 2158 3669 κδ’
2168 3661 2180 3673 .
2219 3614 2373 3669 Ἐπεὶ
2407 3616 2464 3669 δὲ
2486 3616 2758 3686 ’δεύτερος
2790 3614 2893 3686 ἥδη
2930 3614 3126 3684 χρόνος
3158 3613 3482 3684 παρέδραμε
3508 3614 3601 3667 καὶ

2014 3710 2281 3780 μυριάδας
2313 3711 2477 3779 ἤκουε
2514 3712 2659 3779 τρεῖς
2692 3710 2835 3762 κατὰ
2882 3707 2991 3760 τῶν
3024 3708 3320 3777 Ῥωμαίων
3365 3709 3601 3775 ἐκστρα-

2011 3805 2212 3863 τεύειν.
2246 3804 2347 3874 τὴν
2403 3799 2579 3874 ἦτταν
2632 3801 2787 3864 αὖθις
2833 3803 2861 3854 ό
2890 3800 3116 3873 Μιχαὴλ
3155 3799 3601 3853 ἀνακαλέσασθαι

2010 3892 2315 3963 ἐπιθυμῶν,
2352 3892 2577 3963 Θρᾷκας
2605 3909 2663 3944 τε
2690 3894 2785 3945 καὶ
2804 3890 3128 3952 Μακεδόνας
3156 3890 3319 3959 μέχρι
3348 3890 3457 3942 τῶν
3485 3906 3603 3942 τεσ-

2012 3987 2194 4057 σάρων
2220 3984 2593 4056 συνηθροικὼς
2626 3983 2929 4055 μυριάδων,
2972 3981 3120 4054 ἐξῄει
3163 3982 3449 4052 πρόθυμος
3482 3977 3604 4035 κατ’

2011 4079 2198 4133 αὑτοῦ.
2246 4080 2334 4142 Ὠς
2361 4078 2416 4131 δὲ
2450 4077 2591 4131 κατά
2630 4095 2683 4130 τι
2720 4077 3051 4147 χορτοφόρον
3101 4074 3287 4129 πεδίον
3336 4076 3602 4145 Κελάριον

2011 4171 2154 4225 οὕτω
2183 4170 2480 4241 λεγόμενον
2510 4169 2910 4240 κατεσκήνητο,
2943 4170 3070 4239 άρτι
3111 4167 3177 4239 δὴ
3224 4169 3407 4237 Ἀρμερ
3455 4164 3605 4235 αὐτῷ

2014 4263 2485 4334 καταστρατηγῶν
2553 4263 2894 4335 πορρωτέρω
2949 4261 3050 4331 τῆς
3106 4263 3479 4331 τετριμμένης
3515 4263 3601 4330 ᾔει

2012 4356 2159 4417 έδοῦ,
2200 4356 2336 4425 πρὸς
2384 4356 2446 4407 τὸ
2495 4356 2782 4425 Χωνάριον
2811 4353 3181 4406 ἐπισπεύδων.
3224 4352 3313 4405 Ἐν
3338 4352 3394 4404 δὲ
3428 4352 3603 4418 τούτῳ

325 4450 487 4515 blica,
516 4450 852 4504 Chonarium
882 4451 1160 4505 tendebat.
1201 4450 1279 4505 lbi
1328 4452 1660 4513 consistens,
1686 4452 1906 4520 acieque

2016 4447 2311 4515 ἐγγύτερόν
2342 4463 2402 4498 τε
2430 4445 2724 4517 γενόμενος
2742 4446 2837 4498 καὶ
2854 4448 3045 4515 χεῖρας
3073 4444 3138 4514 δὴ
3165 4443 3488 4515 προσϐαλὼν
3512 4444 3606 4496 καὶ

328 4548 383 4601 ἱιι
412 4559 650 4615 pugnam
678 4545 904 4608 directa,
958 4558 1024 4598 ac
1055 4544 1167 4598 acri
1214 4546 1514 4598 commisso
1552 4544 1762 4613 praalio,
1811 4544 1916 4597 im-

329 4649 637 4705 peratorem
690 4636 1041 4705 impressioni
1086 4637 1353 4704 imparem
1400 4637 1467 4690 ad
1517 4635 1697 4706 fugam
1741 4639 1909 4706 cogit.

328 4733 409 4785 Ac
445 4746 574 4787 vero
599 4731 790 4785 tandiu
813 4730 903 4783 ille
937 4729 1080 4799 fugae
1113 4730 1331 4793 institit,
1366 4730 1607 4799 quandiu
1641 4745 1909 4799 equorum

333 4826 513 4895 vigere
542 4839 763 4878 cursum
791 4832 847 4877 et
874 4837 980 4876 non
1008 4824 1371 4877 intermittere
1394 4838 1457 4876 ac
1485 4822 1783 4877 lassescere
1806 4824 1913 4877 exi.

331 4917 593 4972 stimavit.
658 4914 777 4971 Jam
813 4917 997 4985 itaque
1042 4915 1217 4970 media
1245 4928 1548 4985 occupante
1604 4916 1711 4979 die,
1739 4930 1916 4983 exque

333 5010 468 5065 solis
494 5010 783 5066 ardoribus
818 5009 1147 5078 permolesto
1168 5016 1326 5071 astu,
1368 5008 1573 5072 editum
1620 5009 1912 5076 quemdam

336 5104 513 5158 locum
552 5103 734 5155 Anzen
769 5102 1015 5162 nomine,
1052 5116 1277 5155 accessu
1317 5099 1589 5156 diflicilem
1623 5116 1687 5154 ac
1716 5100 1915 5171 lapidi-

339 5197 441 5249 bus
480 5208 761 5261 asperum,
798 5202 1072 5262 coguntur
1097 5192 1418 5248 ascendere.
1467 5190 1581 5246 Illic
1622 5193 1918 5263 imperator

337 5306 400 5341 cx
443 5286 570 5356 fuga
622 5296 874 5355 receptus
916 5288 1331 5351 stabulabatur;
1386 5302 1417 5341 e
1460 5286 1691 5358 vestigio
1735 5294 1916 5341 autem

336 5389 554 5434 secutus
592 5382 753 5433 Amer
784 5380 961 5433 lncum
984 5380 1175 5448 cingit,
1224 5381 1374 5434 velut
1408 5380 1622 5434 scilicet
1655 5379 1918 5449 indagine

340 5476 724 5541 imperatorem
758 5483 1037 5542 capturus.
1074 5476 1151 5529 Ac
1174 5482 1325 5529 certe
1351 5473 1624 5543 captivum
1656 5473 1911 5541 cepisset,

344 5565 449 5621 nisi
481 5566 739 5621 Palatina:
766 5567 1021 5620 cohortes
1052 5566 1269 5623 fortiter
1322 5567 1641 5621 dimicando
1697 5567 1913 5635 locique

345 5673 461 5728 ipsa
499 5660 769 5714 celsitudo
785 5670 841 5715 et
868 5661 1119 5715 arduitas
1152 5662 1413 5715 momenti
1438 5658 1641 5728 aliquid
1668 5662 1732 5713 ad
1770 5659 1920 5711 salu-

349 5762 457 5804 tem
500 5754 547 5806 ei
583 5754 959 5809 contulissent.
1039 5754 1313 5823 Agebatur
1354 5752 1655 5822 periculum
1700 5751 1915 5815 animae,

2022 4539 2258 4609 πόλεμον
2294 4538 2560 4608 συνάψας,
2593 4537 2840 4591 νεανικὸν
2873 4534 3119 4605 φεύγειν,
3157 4534 3273 4589 ἀλλ’
3300 4537 3361 4589 οὐ
3401 4536 3602 4606 μένειν,

2018 4631 2358 4701 τὸνβασιλέα
2386 4630 2715 4700 ἠνάγκαζεν.
2750 4630 2912 4683 Ἀλλὰ
2947 4630 3172 4697 φεύγειν
3206 4628 3304 4699 μὲν
3326 4631 3609 4697 ἐπειρᾶτο,

2018 4722 2124 4786 ἕως
2169 4723 2263 4774 τὸν
2285 4721 2394 4773 τῶν
2418 4721 2599 4776 ἵππων
2629 4719 2904 4789 ἀκμάζειν
2934 4719 3159 4789 δρόμον.
3195 4718 3312 4770 ἀλλ’
3342 4720 3402 4770 οὐ
3422 4719 3609 4771 διακό-

2022 4816 2255 4869 πτεσθαι
2288 4815 2694 4883 ὑπελάμϐανεν.
2729 4814 2837 4867 Καὶ
2868 4813 2932 4884 δὴ
2980 4811 3249 4882 σταθερᾶς
3280 4828 3339 4863 τε
3390 4828 3607 4879 μεσημ-

2023 4908 2180 4979 ϐρίας
2206 4907 2432 4976 ινούσης
2480 4905 2574 4958 καὶ
2620 4905 2901 4974 καύματος
2927 4905 3046 4972 join:
3078 4902 3263 4969 ὀλίγου
3312 4903 3609 4964 θάλποντος

2022 5004 2089 5053 ὲκ
2110 5002 2208 5068 τῆς
2236 5000 2331 5052 τοῦ
2363 5000 2521 5069 ’ἡλίου
2553 4997 2900 5067 φλογὼσεως,
2932 4996 3078 5049 κατά
3094 5013 3215 5048 τινα
3242 4995 3451 5065 ὀρεινὸν
3480 4998 3608 5048 ἁνα-

2023 5093 2232 5146 6αίνειν
2270 5091 2434 5144 τόπον
2492 5092 2791 5160 βιάζονται,
2842 5088 3039 5156 Ἀνζῆν
3094 5088 3239 5141 οὕτω
3290 5088 3605 5155 λεγόμενον,

2020 5185 2391 5254 δυσπρόσοδον
2406 5200 2467 5235 τε
2497 5183 2592 5236 καὶ
2611 5183 2840 5252 τραχέσι
2858 5182 3025 5242 λίθοις
3047 5181 3147 5233 ούκ
3174 5179 3377 5233 εὖοδον.
3397 5181 3609 5232 Ἐκεῖσε

2022 5280 2085 5347 δὴ
2120 5278 2337 5346 φεύγων
2382 5280 2411 5332 ὀ
2439 5277 2698 5347 βασιλεὺς
2752 5274 3085 5346 ἐνηυλίζετο,
3124 5274 3221 5326 καὶ
3279 5274 3345 5327 ἐκ
3401 5272 3559 5333 ποδὸς
3584 5274 3613 5324 ὁ

2028 5374 2207 5445 ’Δμερ
2246 5372 2397 5441 αὑτῷ
2442 5369 2825 5425 ἐπακολουθῶν
2858 5368 2945 5441 [Ρ.
2999 5365 3127 5439 lli]
3164 5366 3505 5437 mptxuxloi,
3535 5365 3610 5428 ὡς

2023 5472 2080 5522 iv
2116 5465 2319 5535 δικτύῳ
2340 5464 2515 5517 θέλων
2541 5462 2751 5517 λαϐεῖν.
2784 5462 2906 5515 Κᾶν
2938 5459 3130 5514 ἔλασεν
3158 5459 3320 5512 αὐτὸν
3336 5456 3609 5527 δορυάλω-

2024 5576 2138 5624 τον,
2166 5556 2284 5612 ἀλλ’
2306 5558 2339 5625 ἡ
2358 5557 2469 5610 τῶν
2496 5553 2791 5627 βασιλικῶν
2820 5552 3118 5620 ταγμάτων
3151 5551 3304 5622 ἰσχὺς
3331 5547 3612 5615 καρτερῶς

2027 5650 2431 5721 άπομαχομίνη
2477 5650 2573 5701 καὶ
2609 5648 2671 5700 τὸ
2720 5646 2815 5699 τοῦ
2866 5645 3034 5697 τόπου
3065 5640 3366 5710 άνεστηκός
3416 5656 3476 5692 τε
3518 5638 3613 5691 καὶ

2030 5744 2298 5813 ὑπερέχον
2330 5741 2524 5811 μικρόν
2554 5760 2603 5794 τι
2641 5740 2861 5809 τούτους
2893 5737 3169 5789 διέσωσεν.
3200 5731 3366 5787 Ἔνθα
3402 5734 3492 5786 καὶ
3526 5731 3615 5783 τὸν
