4056 6034
403 304 514 370 255

1506 303 2016 366 THEOPHANES
2053 302 2621 371 CONTINUATUS.

3570 302 3677 365 256

406 419 605 484 tactus,
631 414 718 470 vix
746 411 963 471 tandem
989 416 1384 488 aliquantisper
1405 432 1695 491 emergens
1725 434 1994 487 suamque

2114 418 2192 473 ιαὶ
2250 419 2451 484 παντὸς
2502 417 2599 473 τοῦ
2654 414 2899 489 πλήθους
2950 414 3045 472 τοῦ
3076 413 3336 473 ἀστικοῦ·
3370 413 3413 473 ἀ
3443 413 3531 471 διὰ
3565 418 3675 471 τῶν

412 524 722 582 agnoscens
747 509 805 564 in
832 510 1179 580 procuranda
1216 512 1497 582 republica
1524 528 1635 567 non
1680 512 1842 567 modo
1892 527 1988 566 ne-

409 602 728 674 gligentiam
784 618 849 658 ac
896 602 1208 674 segnitiem,
1243 620 1435 661 verum
1467 605 1630 661 etiam
1669 605 1991 677 ineptitudi-

409 710 533 749 nem
563 710 629 750 ac
655 696 994 756 vecordiam,
1031 697 1346 763 timensque
1379 714 1450 755 ne
1476 699 1771 757 multitudo
1805 701 1993 756 conci-

406 794 515 843 tata
554 785 743 842 turbas
769 788 937 843 cieret
968 798 1061 844 aut
1085 791 1401 856 rebellaret,
1434 792 1629 849 statuit
1666 808 1855 850 rerum
1892 809 1993 863 ge-

406 879 705 933 rendarum
733 880 1040 948 adiutorem
1073 892 1125 937 et
1161 882 1375 953 imperii
1401 885 1664 955 collegam
1696 885 1800 940 sibi
1835 887 1995 941 adbi-

407 972 556 1027 bere.
594 971 863 1040 Quodque
913 983 1040 1028 ante
1104 989 1212 1030 non
1284 976 1489 1032 multos
1550 978 1670 1034 dies
1728 976 1992 1033 Basilium

407 1081 440 1120 ει
464 1066 780 1132 luptavcrat,
802 1080 1040 1135 eumque
1073 1082 1178 1121 non
1208 1071 1388 1124 solum
1421 1071 1632 1126 viribus
1658 1071 1753 1127 sed
1782 1082 1837 1127 et
1864 1087 1995 1142 pru~

408 1158 589 1211 dentia
622 1159 930 1228 mentisque
959 1162 1263 1230 sagacitate
1292 1161 1522 1233 reliquis
1551 1162 1713 1234 vulgo
1739 1177 1999 1234 praestare

409 1260 660 1315 noverat,
712 1253 960 1321 satisque
1017 1253 1275 1311 idoneum
1327 1256 1396 1311 ad
1450 1256 1815 1328 supplendum
1852 1259 1998 1328 quod

415 1340 521 1411 ipsi
555 1345 609 1400 in
640 1344 999 1414 gubernanda
1057 1348 1207 1406 orbis
1256 1348 1459 1419 scapha
1509 1349 1795 1405 industriae
1835 1358 2001 1420 atque

410 1452 595 1507 Opi-rte
633 1436 842 1501 deerat,
874 1454 982 1494 una
1026 1455 1244 1509 quoque
1271 1440 1457 1497 divina
1496 1439 1842 1499 Providentia
1886 1460 1998 1500 rem

414 1537 797 1598 promovente,
822 1530 877 1584 in
906 1530 1010 1586 hoc
1037 1531 1283 1584 animum
1316 1531 1547 1586 consilio
1579 1532 1856 1597 oblinunt,
1884 1548 2002 1587 om-

417 1621 659 1692 ninoque
686 1622 938 1677 decernit
978 1632 1039 1679 ut
1079 1621 1339 1677 Basilium
1373 1624 1752 1693 imperatorem
1790 1627 2001 1681 consti-

414 1720 554 1767 tuat.
612 1713 695 1771 Ac
745 1727 881 1769 sane
915 1713 1028 1769 Deo
1064 1716 1357 1769 consilium
1400 1728 1769 1785 prosequente
1809 1717 1999 1787 reique

415 1822 446 1861 a
471 1805 692 1874 ijntore,
730 1807 820 1861 die
864 1807 982 1875 ipsa
1010 1806 1386 1872 Pentecostes,
1426 1823 1534 1876 qua
1565 1806 1747 1862 Patris
1777 1809 1865 1863 ille
1896 1809 1999 1864 Pa-

418 1898 660 1954 racletus
708 1899 764 1953 in
812 1897 1017 1954 Christi
1049 1898 1255 1968 Deique
1294 1901 1471 1954 nOStri
1506 1900 1809 1969 discipulos
1839 1901 2005 1975 24η

418 1991 590 2055 venit,
617 1991 670 2045 in
695 1990 896 2046 celebri
926 2002 979 2047 et
1009 2008 1045 2047 a
1076 1993 1168 2047 Dei
1212 1991 1490 2062 Sapientia
1522 2005 1837 2065 nunrupato
1870 2008 2004 2050 tem-

420 2082 512 2153 plo
540 2082 775 2140 Basilius
806 2084 956 2153 regio
988 2084 1300 2139 diademate
1344 2094 1665 2150 coronatur,
1701 2102 1860 2141 manu
1885 2088 2005 2158 qui-

420 2174 543 2231 dem
570 2185 700 2230 tunc
731 2176 1054 2245 imperantis
1094 2175 1398 2240 Michaelis,
1441 2177 1655 2232 calculo
1684 2194 1813 2234 vero
1839 2191 1890 2234 et
1914 2181 2004 2248 ju-

419 2265 563 2321 dicio
594 2264 798 2321 Christi
841 2266 896 2320 in
938 2280 1261 2337 perpetuum
1309 2270 1474 2339 regis,
1510 2283 1563 2322 a.
1597 2270 1651 2323 d.
1697 2272 1727 2324 7
1756 2268 1866 2325 kal.
1900 2270 1999 2326 Ju-

421 2359 520 2421 nii,
555 2358 854 2416 indictione
883 2360 1183 2414 secundum
1223 2359 1503 2416 Romanos
1538 2361 1621 2414 14.
1667 2360 1768 2417 Ubi
1799 2363 2006 2418 audivit

423 2452 739 2525 Symbatins
771 2469 871 2523 pro
903 2454 1149 2509 muneris
1183 2456 1398 2509 ratione
1425 2456 1478 2508 in
1504 2459 1784 2525 provincia
1814 2476 2003 2529 agens,

422 2542 681 2599 invidiam
717 2560 826 2615 qua
860 2546 1286 2602 contabescebat
1317 2548 1554 2604 humane
1588 2548 1732 2605 ferre
1767 2567 1872 2605 non
1908 2570 2008 2617 po.

421 2637 567 2705 tuit;
605 2638 698 2693 sed
744 2638 863 2707 pari
904 2655 1089 2695 secum
1122 2639 1306 2695 furore
1339 2644 1618 2697 concitum
1667 2646 1872 2699 habens
1905 2644 2010 2700 Pe-

422 2744 616 2801 gancm
646 2731 976 2799 'patricium,
1024 2734 1119 2801 qui
1171 2731 1374 2802 Opsicii
1427 2736 1716 2805 praefectus
1770 2750 1907 2803 enat,
1942 2741 2007 2796 ad

424 2823 785 2878 defectionem
820 2825 1109 2881 attendunt
1149 2827 1394 2882 animum
1432 2832 1837 2902 tumultumque
1864 2836 2011 2890 exci-

426 2925 543 2970 tare
567 2931 760 2983 parum
792 2927 953 2971 caute
983 2919 1352 2975 constituunt.
1387 2919 1574 2992 Itaque
1601 2924 1654 2976 in
1682 2927 2009 2980 sententiam

424 3007 675 3063 adductis
698 3009 1009 3076 ordinibus,
1046 3027 1184 3079 quos
1220 3013 1491 3068 obnoxios
1528 3014 1823 3079 habebant,
1850 3033 2012 3072 exse-

2095 512 2447 567 οἰκιιοτάτων
2489 511 2519 565 6
2568 510 2824 584 βασιλεὺς
2870 510 3057 582 γνοὺς,
3093 508 3187 564 καὶ
3235 509 3387 580 μόλις
3438 504 3555 564 οἷον
3585 512 3680 563 ἰπὶ

2096 604 2273 677 βραχὺ
2317 604 2632 677 ἀνανήψας,
2663 604 2763 658 καὶ
2790 602 3052 674 ὲπιγνοὺς
3081 604 3181 672 τὴν
3218 602 3427 656 οἰκείαν
3456 601 3588 673 περὶ
3611 600 3681 655 τὰ

2094 699 2251 753 κοινά
2287 697 2348 752 οὐ
2402 700 2561 769 μόνον
2614 698 2876 770 ἀμέλειαν
2924 696 3025 751 καὶ
3052 695 3348 766 ῥαθυμίαν,
3398 694 3540 747 ἀλλά
3585 694 3681 747 καὶ

2094 791 2585 864 ἀνεπιτηδειότητα
2643 791 2741 846 καὶ
2775 791 3059 860 ἀφέλειαν,
3104 792 3199 841 καὶ
3234 788 3608 841 ἐπανάστασιν
3645 788 3682 857 ἢ

2097 881 2401 935 ἀπόστασιν
2460 882 2612 954 παρά
2661 880 2757 935 τοῦ
2810 880 3051 952 πλήθους
3116 877 3485 946 εὐλαϐηθεὶς,
3538 878 3684 944 ἔγνω

2096 968 2355 1029 κοινωνὸν
2385 975 2492 1028 τῶν
2524 975 2870 1046 πραγμάτων
2904 970 3309 1041 προσλαϐέσθαι
3361 973 3457 1023 καὶ
3501 972 3598 1039 τῆς
3636 970 3684 1002 ⁸³

2097 1067 2304 1138 ἀρχῆς·
2360 1068 2456 1120 καὶ
2506 1065 2742 1137 ἐπείπερ
2779 1065 2885 1139 πρὸ
2918 1064 3100 1131 ὀλίγου
3139 1062 3592 1132 υἱοποιησάμενος
3618 1056 3686 1129 ἦν

2097 1161 2189 1214 τὸν
2220 1159 2522 1219 Βασίλειον,
2560 1159 2676 1229 ᾔδει
2711 1159 2773 1213 δὲ
2797 1158 2959 1211 αὑτὸν
3004 1157 3066 1209 ού
3104 1155 3264 1225 μόνον
3298 1154 3515 1225 ἀνδρία,
3548 1151 3688 1207 ἀλλὰ

2100 1253 2196 1305 καὶ
2216 1254 2445 1311 ,συνέσει
2474 1252 2585 1303 τῶν
2612 1251 2825 1311 πολλῶν
2853 1250 3185 1320 διαφέροντα
3217 1248 3312 1301 καὶ
3340 1247 3522 1301 ἱκανὸν
3553 1247 3689 1301 ἀνα-

2100 1344 2348 1414 πληροῦν
2375 1343 2541 1397 αὑτοῦ
2579 1344 2640 1397 τὺ
2688 1345 2747 1397 ὲν
2786 1345 2853 1413 τῇ
2905 1341 3233 1411 κυϐερνήσει
3280 1337 3377 1393 τοῦ
3416 1335 3687 1407 κοσμικοῦ

2102 1438 2349 1506 σκάτους
2374 1438 2684 1511 ὑστὲρημα,
2738 1438 2856 1507 ἅμα
2915 1435 3009 1489 καὶ
3063 1434 3165 1503 τῆς
3202 1432 3351 1495 θείας
3388 1431 3691 1499 ἐναγούσης

2100 1535 2179 1594 εἰς
2222 1530 2384 1584 τοῦτο
2434 1531 2702 1602 Προνοίας
2736 1529 2924 1593 αὑτὸν,
2958 1526 3168 1598 βεϐαιοῖ
3209 1528 3346 1597 πρὸς
3388 1524 3545 1577 τοῦτο
3593 1525 3692 1593 τὴν

2098 1626 2325 1696 γνώμην
2363 1622 2524 1678 αὑτοῦ
2568 1623 2708 1677 ὥστε
2752 1622 3034 1677 Βασίλειον
3053 1618 3296 1690 ’βασιλέα
3325 1618 3442 1673 ⁸³...
3479 1619 3591 1671 Καὶ
3623 1614 3687 1687 δή

2104 1717 2240 1772 Θεοῦ
2273 1715 2755 1786 συνεφαπτομένου
2789 1715 2891 1785 τῆς
2935 1711 3135 1781 βουλῆς
3174 1711 3267 1763 καὶ
3301 1710 3396 1763 τοῦ
3430 1711 3620 1781 πρᾶγμ
3647 1725 3687 1749 ··

2103 1830 2219 1879 τος,
2265 1813 2383 1866 κατ’
2415 1811 2587 1881 αὐτὴν
2637 1813 2737 1879 τὴν
2773 1810 2991 1880 ἡμέραν
3045 1810 3145 1879 τῆς
3198 1808 3363 1877 ἁγίας
3406 1804 3453 1839 ⁸⁸
3490 1804 3694 1875 Πεντη-

2104 1908 2325 1977 κοστῆς,
2353 1908 2411 1959 ὲν
2529 1902 2625 1958 τοῦ
2684 1904 2898 1972 [ἰατρὸς
2927 1902 2956 1954 ὁ
3002 1902 3361 1972 Παράκλητος
3404 1898 3538 1969 πρὸς
3566 1898 3693 1959 τοῦς

2105 1998 2196 2052 τοῦ
2232 1996 2471 2067 Χριστοῦ
2509 1997 2603 2050 καὶ
2654 1996 2789 2049 Θεοῦ
2836 1986 2995 2064 ἡμῶν
3044 1995 3301 2063 ὲφοίτησε
3335 1991 3608 2064 μαθητὰς,
3632 1990 3691 2043 ὲν

2104 2092 2185 2161 τῷ
2217 2090 2572 2161 περιϐλέπτῳ
2610 2093 2706 2141 καὶ
2740 2090 3017 2157 ἐπωνύμῳ
3070 2086 3169 2155 τῆς
3196 2084 3292 2139 τοῦ
3325 2083 3462 2139 Θεοῦ
3494 2084 3696 2152 Σοφίας

2108 2183 2220 2252 ναῷ
2252 2182 2345 2235 τὸν
2379 2180 2651 2252 βασίλειον
2703 2181 2731 2233 ό
2767 2179 3055 2241 Βασίλειος
3107 2177 3448 2249 περιτίθεται
3492 2175 3693 2242 στέφα-

2107 2294 2221 2339 νον,
2256 2274 2401 2345 χειρὶ
2434 2272 2531 2343 μὲν
2560 2270 2655 2325 τοῦ
2688 2270 2812 2325 τότε
2841 2269 3065 2341 Μιχαὴλ
3101 2267 3496 2336 βασιλεύοντος.
3528 2265 3697 2335 ψήφῳ

2106 2369 2163 2421 δὲ
2194 2369 2289 2421 καὶ
2314 2367 2494 2436 κρίσει
2523 2364 2763 2434 Χριστοῦ
2808 2364 2903 2416 τοῦ
2931 2363 3023 2416 ἀεὶ
3050 2361 3450 2433 βασιλεύοντος.
3490 2358 3697 2423 Ἔκτην

2111 2462 2248 2532 πρδς
2277 2463 2398 2523 ταῖς
2438 2458 2644 2512 εἴκοσιν
2673 2452 2832 2526 Ϊεῖχεν
2885 2458 2914 2509 ό
2955 2455 3134 2518 Μὰῖος
3173 2454 3301 2523 μὴν,
3352 2451 3457 2519 τῆς
3490 2465 3697 2503 τεσσα-

2112 2549 2544 2623 ρεσκαιδεκάτης
2595 2548 2738 2599 κατά
2784 2544 3089 2613 Ῥωμαίους
3128 2543 3527 2613 ὲπινεμήσεως.
3570 2541 3697 2594 Μαι

2112 2640 2221 2695 θὼν
2253 2642 2310 2693 δὲ
2342 2640 2403 2693 τὸ
2435 2639 2658 2708 γεγονὸς
2688 2640 2716 2690 ὁ
2758 2636 3070 2705 Συμΰὰτιος
3105 2637 3248 2690 κατά
3281 2635 3382 2707 τὴν
3415 2635 3697 2702 ἀπονεμη-

2113 2733 2301 2786 θεῖσαν
2353 2731 2503 2803 αὐτῷ
2554 2730 2889 2798 στρατηγίδα
2934 2728 3159 2795 διάγων,
3199 2727 3300 2781 οῦκ
3334 2725 3572 2795 ἠδυνήθη
3608 2724 3701 2777 τὸν

2112 2828 2440 2898 διατήκοντα
2478 2825 2673 2894 φθόνον
2732 2822 2882 2891 αὐτῷ
2926 2820 3283 2891 ἀνθρωπίνως
3345 2820 3697 2885 ὑπενεγκεῖν,

2113 2922 2250 2976 ἀλλά
2289 2916 2745 2985 συναπομανέντα
2779 2913 2924 2983 σχὼν
2956 2914 3060 2967 καὶ
3090 2912 3353 2983 Πηγάνην
3376 2911 3584 2964 ἐκεῖνον
3610 2909 3702 2961 τὸν

2114 3018 2422 3090 πατρίκιον.
2456 3016 2511 3076 ὃς
2538 3015 2633 3084 τῆς
2667 3014 2713 3045 ⁸⁸
2748 3010 2889 3063 κο.τά
2923 3012 2983 3063 τὸ
3017 3010 3261 3078 Ὀψίκιον
3285 3009 3471 3077 ἡγεῖτο
3491 3020 3699 3076 στρατ-

424 3110 667 3168 quuntur
696 3103 924 3156 consilia
960 3119 974 3154 ι
1004 3102 1331 3159 Michaclen‘r
1381 3106 1690 3161 acclamant
1742 3120 1799 3163 ut
1836 3113 2005 3179 impe-

2118 3116 2298 3185 ηγίδος
2360 3111 2447 3184 [Ρ.
2486 3106 2637 3177 1301.
2670 3108 2747 3167 είς
2776 3103 3081 3158 ἀπόστασιν
3105 3100 3389 3169 βλέπουσι,
3421 3097 3515 3150 καὶ
3543 3096 3701 3166 μοῦλ-

429 3202 692 3257 ratorem,
730 3208 839 3261 quo
869 3194 1081 3248 scilicet
1121 3195 1247 3251 inde
1284 3196 1691 3253 multitudinem
1727 3202 2006 3254 allicercnt

432 3297 530 3338 nec
586 3284 904 3339 rebellionis
941 3285 1260 3342 calcaneum
1322 3291 1585 3347 adversus
1629 3293 2009 3363 imperatorem

428 3389 487 3429 se
547 3376 728 3429 levare
778 3376 1152 3443 ostenderent,
1209 3376 1475 3435 Basilium
1523 3398 1650 3437 vero
1706 3385 2013 3441 maledictis

432 3470 705 3537 impvtunt
742 3468 1002 3537 omnique
1042 3470 1332 3525 verborum
1393 3473 1728 3542 procacitate
1773 3475 2015 3530 lacerant

428 3572 495 3612 ac
528 3558 797 3612 conviciis
846 3561 1191 3629 compluunt.
1243 3560 1478 3632 Talique
1526 3574 1791 3634 apparatu
1850 3568 2015 3622 stulte

431 3651 727 3707 admodum
780 3650 1075 3708 frementes
1120 3656 1317 3711 messis
1379 3666 1624 3724 tempore
1678 3659 2011 3729 irrumpunt,

434 3742 750 3810 multosque
800 3758 1085 3811 procerum
1138 3762 1303 3817 agros
1353 3750 1474 3803 urbi
1522 3750 1733 3806 vicinos
1770 3752 1877 3820 igni
1908 3750 2016 3806 fer-

432 3850 607 3904 roque
639 3844 880 3897 vastant,
912 3853 1011 3892 nec
1044 3855 1248 3907 paucas
1287 3857 1454 3897 naves
1483 3841 2014 3913 Constantinopolim

436 3929 807 3998 navigantium
876 3930 931 3983 in
976 3932 1331 3989 stationibns-
1363 3933 1729 4002 deprehensas
1778 3950 2012 3990 succen—

435 4018 592 4074 dunt.
625 4020 814 4075 ﬂicme
863 4033 1043 4078 autem
1073 4034 1356 4095 appetente
1383 4026 1737 4089 dirimuntur,
1776 4028 1915 4082 clam
1954 4045 2019 4083 ac

436 4114 638 4167 viritim
673 4116 899 4170 sceleris
933 4117 1098 4173 sociis
1132 4117 1564 4188 aufugientibus.
1608 4118 1788 4185 Quare
1817 4131 2019 4191 tragoe-

438 4206 543 4261 dia:
572 4217 827 4264 auctores
863 4209 1027 4265 saluti
1062 4209 1187 4279 fuga
1216 4212 1505 4267 consulere
1534 4216 1717 4269 conati
1766 4225 1913 4269 sunt.
1943 4216 2020 4270 Ac

440 4299 759 4370 Symbatius
801 4302 1021 4370 quidem
1055 4303 1111 4356 in
1158 4305 1442 4359 castellum
1482 4306 1650 4369 subit,
1683 4308 1828 4376 quod
1872 4307 2021 4364 Latae

440 4391 612 4448 Petra:
644 4404 864 4455 vocant,
900 4392 1143 4464 l’eganes
1194 4411 1324 4451 vero
1375 4396 1663 4468 Cotyaium
1708 4398 1870 4473 241
1926 4417 2020 4457 oc-

440 4494 623 4554 cupat.
672 4484 817 4540 Nihil
862 4496 1042 4540 tamen
1078 4502 1142 4543 eo
1174 4503 1489 4546 commento
1521 4472 1799 4546 commodi
1823 4507 2021 4548 consc-
2055 4472 2099 4528 ί)

442 4586 707 4647 quuntur.
742 4576 900 4646 Capti
928 4577 1074 4632 enim
1102 4581 1169 4634 ab
1195 4580 1543 4650 imperatoris
1569 4584 1743 4638 milite
1767 4585 1931 4640 vincti
1960 4586 2029 4641 ad

444 4681 567 4721 eum
600 4668 961 4724 adducuntur.
996 4670 1202 4740 Agebat
1233 4680 1361 4726 tunc
1397 4672 1695 4743 imperator
1725 4676 1778 4730 in
1818 4675 1876 4731 S.
1915 4675 2029 4731 Ma-

444 4759 644 4814 mantis
693 4761 859 4830 regiis
892 4761 1138 4828 aedibus;
1172 4762 1495 4833 vidensque,
1558 4768 1791 4823 multum
1846 4784 2029 4825 vecor-

445 4848 590 4903 diam
630 4860 685 4906 et
738 4854 1101 4908 temeritatem
1154 4869 1218 4910 ac
1266 4859 1671 4913 contumaciam
1735 4876 1844 4915 non
1907 4862 2030 4919 sine

448 4942 700 4998 convicio
724 4944 1090 5014 exprobrans,
1136 4946 1291 5017 prius
1337 4949 1654 5006 verberibus
1686 4950 1889 5009 aﬂatim
1922 4970 2031 5011 cae-

448 5047 563 5095 sos.
607 5032 831 5091 demum
882 5038 996 5105 lege
1060 5053 1227 5108 agens
1276 5042 1546 5109 supplicio
1606 5046 1909 5100 damnavit.
1956 5048 2034 5102 Ac

450 5119 763 5194 Symbatius
817 5128 1039 5197 quidem
1086 5129 1252 5186 oculo
1308 5129 1511 5188 ell‘osso
1568 5144 1734 5204 atque
1774 5151 1881 5190 una
1924 5151 2036 5191 ma-

451 5231 620 5271 nuum
652 5228 931 5288 amputata
966 5221 1019 5273 in
1054 5221 1277 5276 exilium
1322 5223 1554 5278 mittitur
1584 5245 1595 5278 :
1629 5224 1873 5297 Peganes
1906 5243 2033 5283 vero

454 5307 575 5380 ipse
638 5324 860 5381 quoque
912 5314 1089 5369 oculis
1148 5315 1455 5384 spoliatus,
1524 5320 1859 5391 naribusque
1932 5320 2034 5378 fer-

456 5416 517 5457 ro
579 5405 907 5475 amputatis,
978 5410 1271 5480 relegatur.
1326 5408 1651 5481 Quanquam
1710 5414 1808 5469 hos
1878 5415 2027 5486 ipsos

2119 3226 2208 3259 τον
2258 3205 2316 3271 ἐξ
2350 3203 2610 3264 ἀπονοίας
2666 3201 2910 3268 ἔγνωσαν
2960 3195 3234 3266 συνιστᾷν.
3280 3192 3703 3254 Ἀναπείσαντες

2115 3300 2171 3353 δὲ
2203 3299 2295 3351 καὶ
2326 3296 2392 3349 τὰ
2422 3295 2513 3347 ὑπ’
2540 3294 2737 3353 αὐτοὺς
2766 3291 2815 3323 ⁸⁵
2865 3288 3257 3360 στρατεύματα
3305 3286 3384 3347 είς
3419 3285 3579 3354 ἔργον
3623 3283 3703 3348 ἑξ-

2117 3391 2311 3455 ἀγουσι
2341 3387 2406 3439 τὰ
2440 3383 2781 3454 βουλεύματα
2810 3381 2879 3445 ⁸⁷,
2913 3375 3291 3449 εὐφημοῦντες
3324 3374 3424 3443 μὲν
3462 3374 3553 3427 τὸν
3592 3373 3703 3426 Μιο

2118 3481 2258 3553 χαὴλ
2300 3477 2375 3539 ὡς
2412 3476 2637 3547 βασιλέα
2688 3473 2777 3527 διὰ
2825 3472 2887 3527 τὸ
2928 3472 2995 3525 ὲκ
3030 3470 3224 3523 τούτου
3271 3466 3343 3522 τὰ
3394 3465 3571 3537 πλήθη
3606 3469 3704 3518 ἐπ-

2119 3570 2350 3641 άγεσθαι
2398 3570 2492 3623 καὶ
2528 3567 2602 3639 μὴ
2649 3566 2828 3619 δοκεῖν
2854 3562 3121 3633 ’πτέρναν
3156 3561 3497 3622 ἀποστασίας
3526 3558 3703 3630 αἴρειν

2120 3665 2263 3720 κατὰ
2288 3662 2380 3716 τοῦ
2424 3660 2848 3732 αὐτοκράτορος,
2880 3654 3297 3727 δυσφημοῦντες
3340 3652 3398 3707 δὲ
3429 3654 3521 3704 τὶν
3552 3650 3705 3703 Βασί-

2121 3759 2264 3811 λειον
2313 3755 2410 3809 καὶ
2468 3754 2696 3825 μυρίαις
2742 3749 3035 3813 πλύνοντες
3069 3748 3283 3819 ῦόρεσι.
3328 3746 3705 3817 Φρυαξάμενοι

2120 3851 2177 3904 δὲ
2237 3852 2358 3911 ταῖς
2394 3847 2671 3907 τοιαύταις
2706 3844 2995 3906 ἀπονοίαις
3027 3842 3172 3896 κατά
3218 3841 3309 3894 τὸν
3367 3836 3462 3891 τοῦ
3513 3838 3705 3907 θέρους

2123 3945 2337 4014 καιρὸν,
2376 3942 2470 3996 καὶ
2500 3940 2731 4003 πολλοὺς
2768 3939 2975 4009 ἀγροὺς
3008 3934 3120 3988 τῶν
3156 3933 3298 3988 κατά
3337 3931 3435 4001 τὴν
3463 3930 3706 4001 βασιλίδα

2122 4033 2365 4089 δυνατῶν
2396 4032 2876 4104 πυρπολήσαντες,
2910 4027 3008 4081 καὶ
3052 4024 3185 4086 ναῦς
3237 4026 3340 4079 οὐκ
3382 4023 3571 4090 ὀλίγας
3599 4023 3707 4075 τῶν

2126 4131 2261 4203 πρὸς
2311 4129 2411 4200 τὴν
2467 4124 2863 4196 βασιλεύουσαν
2922 4122 3265 4191 ποιουμένων
3303 4118 3396 4173 τὸν
3437 4115 3604 4172 πλοῦν
3650 4116 3707 4167 ἐν

2126 4225 2237 4286 τοῖς
2280 4222 2474 4292 ὅρμοις
2528 4216 2900 4286 κατασχόντες
2962 4214 3055 4266 καὶ
3115 4210 3585 4273 κατακαύσαντες,
3633 4207 3711 4270 ὡς

2126 4312 2363 4385 ἔφθασεν
2390 4313 2419 4363 ὁ
2449 4308 2681 4381 χειμὼν,
2720 4303 3055 4361 διαλύονται.
3096 4299 3589 4372 διαδιδρασκόντων
3613 4296 3710 4351 ita-

2130 4406 2234 4477 θρα
2266 4404 2363 4459 καὶ
2390 4403 2512 4456 κατ’
2542 4402 2758 4466 ὀλίγους
2779 4398 2887 4452 τῶν
2918 4394 3193 4450 κοινωνῶν
3218 4392 3314 4448 τοῦ
3336 4392 3708 4463 τολμήματος.

2133 4499 2199 4551 Ὃ
2233 4494 2535 4556 συνιδόντες
2583 4493 2634 4544 oi
2666 4491 2758 4542 106
2798 4486 3077 4559 δράματος
3123 4484 3358 4557 ἀρχηγοὶ
3411 4483 3557 4551 φυγῇ
3611 4481 3711 4549 τὴν

2130 4588 2405 4660 σωτηρίαν
2428 4583 2618 4638 λαϐεῖν
2653 4580 3050 4654 ἐπειράθησαν.
3080 4578 3193 4633 Καὶ
3218 4578 3246 4628 ὁ
3273 4575 3374 4648 μὲν
3402 4572 3710 4641 Συμϐἀτιος

2128 4685 2209 4747 είς
2244 4681 2310 4735 τὸ
2362 4680 2461 4750 τῆς
2515 4675 2787 4740 Πλατείας
2821 4672 3127 4746 λεγομένης
3184 4671 3396 4741 πέτρας
3446 4665 3713 4740 φρούριον

2128 4776 2543 4845 ὑπεισέρχεται,
2571 4772 2600 4823 ὁ
2643 4770 2700 4824 δὲ
2744 4768 3005 4840 Πηγάνης
3033 4764 3259 4834 κατέχει
3292 4762 3355 4816 τδ
3388 4758 3712 4815 Κοτυάειον.

2139 4867 2282 4925 Ἀλλ’
2310 4869 2390 4930 είς
2425 4865 2580 4919 οὐδὲν
2626 4863 2728 4933 τῆς
2762 4861 3023 4929 τοιαύτης
3058 4855 3299 4920 ἐπινοίας
3322 4852 3610 4910 ἀπώναντο
3641 4846 3709 4882 ⁸⁸⁸

2128 4961 2235 5017 ὑπὸ
2263 4960 2372 5031 γὰρ
2398 4958 2499 5027 τῆς
2525 4956 2621 5010 τοῦ
2655 4954 2923 5025 βασιλέως
2948 4950 3247 5022 ληφθέντες
3287 4946 3471 5019 χειρὸς
3499 4946 3713 5013 δέσμιοι

2129 5050 2267 5122 πρδς
2297 5046 2460 5103 αὐτὸν
2482 5044 2871 5114 ἀναφέρονται.
2901 5038 3402 5109 Καταλαμϐἀνουσι
3432 5034 3489 5087 δὲ
3519 5032 3715 5122 τοῦτον

2132 5120 2189 5194 ὲν
2221 5141 2333 5203 τοῖς
2356 5138 2453 5190 τοῦ
2496 5135 2681 5205 ’Δγίου
2702 5133 3008 5201 Μάμαντος
3038 5127 3324 5188 παλατίοις
3351 5124 3609 5190 διάγοντα
3636 5120 3710 5152 "-

2129 5232 2225 5295 οὓς
2263 5229 2411 5297 ἰδὼν,
2446 5230 2542 5283 καὶ
2568 5226 2741 5281 πολλὰ
2768 5226 2868 5295 τῆς
2894 5222 3155 5286 ἀπονοίας
3185 5220 3282 5274 καὶ
3313 5215 3541 5280 ἀταξίας
3568 5212 3713 5264 ὀνει-

2138 5327 2290 5389 δίσας
2345 5342 2404 5378 τε
2461 5324 2557 5378 καὶ
2614 5320 3109 5391 λοιδορησάμενος,
3147 5315 3245 5370 καὶ
3290 5311 3381 5366 διὰ
3431 5305 3717 5381 μαστίγων

2137 5420 2403 5488 πρότερον
2458 5414 2762 5481 ἐπεξελθὼν
2795 5412 3016 5479 ἱκανῶν,
3054 5409 3283 5480 ὕστερον
3316 5402 3569 5465 ἐκδότους
3594 5398 3717 5459 ταῖς

1735 5598 1973 5657 VARIE
2012 5596 2420 5656 LECTlthliS.

529 5712 577 5745 “
604 5713 694 5781 τῆς
733 5726 843 5787 οιξι.
1034 5717 1078 5748 ⁸³
1103 5715 1397 5787 βασιλέα...
1437 5734 1550 5774 om.
1584 5720 1641 5771 Α.

464 5784 655 5851 ἀγα-,σι
690 5786 751 5835 13c
787 5784 1129 5861 βουλεύματα
1154 5805 1263 5847 om.
1296 5791 1349 5843 l‘.

1748 5721 1791 5752 ⁸³
1818 5720 1976 5788 ἁγίας
2020 5735 2131 5775 om.
2165 5718 2226 5774 P.

1431 5791 1475 5824 ³⁸
1507 5790 1815 5847 κατὼναντο
1840 5787 1899 5847 Ρ.
1977 5792 2023 5825 ⁸⁹
2057 5789 2309 5858 διάγοντα
2340 5804 2444 5842 οιιι.
2481 5787 2537 5842 l‘.

2328 5718 2373 5750 ⁸⁸
2401 5716 2502 5785 τῆς
2524 5730 2632 5769 om.
2660 5715 2718 5770 Ρ.
2824 5712 2867 5744 ⁸⁵
2894 5711 3056 5767 αὑτοῦ
3090 5710 3146 5762 Α.
3251 5706 3293 5739 ⁸⁷
3332 5705 3410 5769 εἰς
3438 5702 3714 5773 ἕργον’ὲξ-
