4056 6034
362 189 459 223 απτ

362 191 465 255 Ξύῇ

1452 197 1595 257 LIB.
1641 198 1709 260 V.

1749 220 1770 227 -
1789 220 1811 231 ο
1864 200 2216 266 BASILIUS
2245 208 2577 271 'MACEDO.

3516 207 3625 272 266

351 305 498 372 mir;
524 300 617 369 Οἷς
642 305 706 378 δὴ
739 306 945 378 μᾶλλον
980 308 1287 373 ύπενδιδοῦς
1318 310 1345 363 6
1377 308 1631 380 βασιλεὺς
1662 312 1757 366 καὶ
1794 329 1914 366 πει-

2025 317 2294 389 tidemque
2315 321 2523 377 habens
2548 320 2843 380 inferendae
2868 323 3072 380 Basilio
3089 323 3242 381 necis
3272 324 3623 383 occasionem

352 396 573 466 οόμενος
596 394 828 452 θάνατον
856 399 935 469 τῷ
969 398 1235 470 Βασιλείῳ
1266 398 1528 471 ἐτύρευεν
1549 400 1613 465 ¹⁷,
1637 402 1732 455 καὶ
1758 404 1929 474 ἀφορ-

353 491 454 561 μὴν
485 491 669 561 ἐζήτει
698 490 801 561 τῆς
830 493 1166 561 ἀναιρέσεως
1214 491 1461 563 εὔλογον,
1486 494 1602 548 ἀλλ’
1632 496 1731 568 οὐχ
1775 495 1929 570 εὕρι-

349 603 489 639 σκεν.
523 584 618 650 Et;
638 587 898 641 τοσοῦτον
919 587 975 641 δὲ
1006 587 1249 660 προῆλθε
1296 588 1364 642 τὰ
1390 589 1492 659 τῆς
1522 590 1726 662 μανίας
1760 593 1929 648 αὐτοῦ

346 672 481 728 ὥστε
525 674 666 744 πρὸς
720 674 823 748 τὴν
875 674 1146 747 λαθραίαν
1197 681 1450 751 χωρῆσαι
1498 682 1785 753 ἀναίρεσιν
1832 684 1930 737 καί

344 782 449 819 τισι
472 766 584 821 τῶν
602 767 711 822 ἀπὸ
740 766 833 821 τοῦ
862 769 1207 839 παλαμναίου
1232 773 1534 845 συνεδρίου,
1560 771 1643 839 οἷς
1660 775 1726 829 τά
1751 777 1929 832 πάντα

345 858 583 932 ἐθάρρει,
646 861 1085 935 προτρέψασθαι,
1112 863 1242 919 ὅταν
1284 866 1368 929 εἰς
1422 868 1598 937 Θήραν
1641 867 1926 936 ἐξέλθωσι,

345 953 614 1021 προφάσει
639 954 732 1007 τοῦ
750 954 813 1007 τὸ
843 954 1034 1025 θηρίον
1061 956 1244 1026 βαλεῖν
1284 959 1570 1014 ἀκοντίσαι
1602 961 1697 1033 τὴν
1724 962 1926 1034 λόγχην

344 1045 456 1102 κατ’
500 1047 668 1101 αύτοῦ
719 1049 814 1102 καὶ
856 1049 1028 1114 οὕτως
1083 1049 1247 1105 αὐτὸν
1300 1050 1735 1132 διαχρήσασθαιο
1786 1057 1926 1129 ὅπερ

340 1134 438 1207 εἷς,
482 1138 561 1204 ὥς
601 1159 761 1211 φασι,
819 1142 1141 1213 πεποιηκὼς
1199 1145 1295 1199 καὶ
1355 1146 1515 1215 ἀφεὶς
1561 1147 1625 1203 τὸ
1676 1148 1927 1204 ἀκόντιον

340 1229 501 1285 αὐτοῦ
545 1230 648 1303 μὲν
673 1233 915 1304 ἥμαρτε,
957 1234 1054 1286 καὶ
1107 1236 1474 1308 παραδραμὸν
1502 1239 1563 1291 τὸ
1595 1239 1723 1310 δόρυ
1758 1258 1926 1310 προσ-

339 1322 516 1391 επάγη
549 1325 619 1394 τῇ
645 1326 740 1395 γῇ,
774 1325 937 1379 αὐτὸν
986 1326 1044 1379 δὲ
1086 1329 1116 1381 6
1146 1328 1317 1394 ἵππος
1350 1328 1552 1401 αἴφνης
1594 1330 1686 1384 τὸν
1709 1331 1926 1402 χαλινὸν

338 1413 575 1468 ἐνδακὼν
633 1415 730 1468 καὶ
788 1418 1149 1486 συναρπάσας
1200 1420 1342 1474 κατά
1367 1420 1463 1475 τοῦ
1500 1423 1757 1493 κρημνοῦ
1821 1424 1926 1477 άπ-

339 1505 674 1573 εδίσκευσεν,
735 1506 811 1570 ὡς
855 1507 951 1562 ἀπ’
998 1510 1209 1564 ἐκείνου
1247 1510 1343 1565 τοῦ
1383 1510 1679 1582 πτώματος
1722 1516 1817 1569 καὶ
1863 1517 1925 1569 τὸ

336 1597 482 1660 τέλος
507 1597 685 1651 ἐλθεῖν
716 1600 805 1652 ἐπ’
846 1599 891 1633 ³⁸
922 1601 1109 1669 αὑτὸν,
1152 1602 1242 1657 ὅτε
1275 1606 1372 1657 καὶ
1405 1605 1643 1676 ἀνόνητα
1671 1605 1715 1639 ¹⁹
1750 1624 1921 1679 μετα-

336 1687 653 1759 μελόμενος,
705 1689 782 1756 ὥς
832 1708 989 1762 φασι,
1036 1694 1152 1758 τοῖς
1203 1694 1559 1768 συμμύσταις
1604 1698 1923 1770 ἐπέσκηπτε

336 1780 409 1852 μὴ
433 1781 712 1854 τολμῆσαι
734 1784 880 1839 κατὰ
914 1784 1008 1849 τοῦ
1038 1787 1292 1841 ἀναιτίου
1350 1789 1656 1863 ἐπιχειρεῖν
1683 1790 1782 1846 τοῦ
1811 1793 1923 1847 λοι-

332 1872 456 1941 ποῦ,
477 1876 527 1928 st
558 1875 635 1947 μὴ
656 1875 930 1949 τολμῆσαι
962 1879 1010 1912 ’⁸
1049 1879 1195 1935 κατά
1218 1881 1312 1934 τὸν
1344 1882 1534 1951 ὅμοιον
1582 1883 1806 1955 ὄλεθρον
1827 1903 1923 1939 πε-

334 1968 445 2021 σεῖν
476 1969 577 2021 καὶ
609 1968 793 2022 αὐτοίο
827 1968 923 2023 καί
944 1987 1069 2024 τινα
1095 1970 1207 2025 τῶν
1248 1972 1498 2027 εὐλαϐὦν
1534 1977 1922 2046 προσκαλεσά-

335 2074 493 2127 μενος
555 2060 697 2130 μετά
753 2059 863 2114 τῶν
910 2059 1122 2116 λοιπῶν
1186 2064 1559 2135 ἀτοπημάτων
1599 2069 1766 2124 αὑτοῦ
1824 2073 1919 2125 καὶ

331 2151 571 2221 ἀνομιῶν
605 2152 701 2206 καὶ
720 2153 881 2207 τοῦτο
910 2153 1375 2227 ἐξωμολογήσατο
1400 2158 1497 2221 καὶ
1533 2158 1913 2232 ἐξηγόρευσεν,

397 2251 497 2300 κε’.
549 2245 637 2310 Ὠς
661 2247 707 2300 δ’
733 2246 836 2301 οὐκ
865 2243 978 2319 εἶχε
1006 2249 1194 2303 λοιπὸν
1224 2252 1408 2321 εὑρεῖν
1437 2253 1464 2306 6
1489 2252 1748 2324 βασιλεὺς
1776 2256 1915 2326 πρὸς

328 2337 387 2389 τὸ
412 2339 624 2393 ἀνελεῖν
645 2340 810 2394 αὐτὸν
846 2343 1012 2413 πόρον
1035 2344 1069 2417 ἢ
1105 2346 1403 2417 πρόφασιν,
1431 2347 1513 2411 είς
1553 2348 1750 2420 ἑτέραν
1780 2348 1913 2423 ἦλθε

330 2430 525 2503 βουλὴν
557 2433 808 2505 πονηράν
836 2452 896 2488 τε
936 2437 1036 2490 καὶ
1071 2436 1333 2508 ἄθεσμον.
1378 2439 1774 2497 Ἐϐουλεύσατο
1802 2445 1912 2517 γὰρ

329 2526 662 2597 ἐπεμϐαλεῖν
700 2531 815 2592 τοῖς
874 2530 1179 2602 σκήπτροις
1220 2532 1315 2587 καὶ
1343 2533 1534 2604 ἕτερον
1578 2536 1908 2610 σύγκληρον.

331 2617 437 2670 Καὶ
476 2617 544 2689 δὴ
608 2621 702 2675 τὸν
758 2623 881 2674 κατ’
926 2622 1248 2692 ἐπωνυμίαν
1296 2624 1638 2679 Βασιλικῖνον
1678 2627 1907 2697 ἐκεῖνον,

328 2706 410 2781 [Ρ.
443 2709 572 2783 156]
625 2711 721 2767 ἕνα
760 2714 857 2766 καὶ
891 2713 1054 2767 αὐτὸν
1099 2714 1193 2768 τοῦ
1228 2716 1579 2787 παλαμναίου
1628 2720 1908 2792 συνεδρίου

326 2803 687 2872 τυγχάνοντα,
719 2805 923 2874 φαῦλον
986 2806 1079 2860 καὶ
1126 2808 1325 2879 μιαρὸν
1374 2809 1666 2881 θηλυδρίαν
1698 2829 1758 2866 τε
1812 2814 1908 2868 καὶ

327 2894 639 2965 φιλόκωμον
661 2896 727 2963 ¹¹,
751 2896 863 2950 ἀπὸ
892 2897 991 2968 τῆς
1025 2898 1371 2970 Νικομήδους
1400 2902 1744 2974 ὁρμώμενον,
1779 2906 1908 2977 ὀμό-

2034 412 2313 482 captahat,
2381 413 2614 485 ejusque
2668 417 2890 473 tollendi
2944 416 3214 472 rationem
3266 417 3623 472 verisimilem

2031 502 2311 570 quairebat
2338 521 2353 569 ;
2386 505 2481 558 sed
2510 505 2658 560 nulla
2692 507 3033 578 suppetebat.
3057 507 3294 562 Tantum
3318 523 3451 563 vero
3480 508 3628 565 illius

2032 592 2189 648 furor
2224 596 2517 663 processit,
2552 606 2693 655 οισι
2724 600 2792 655 ad
2826 601 3103 657 occultam
3135 614 3327 656 necem
3371 599 3622 656 animum

2032 687 2311 758 impulerit
2343 708 2359 759 ;
2395 707 2561 761 quam
2597 695 2877 753 nonnullis
2915 712 2982 753 ex
3029 696 3355 754 sicariorum
3392 696 3484 752 illo
3508 695 3626 753 col;

2030 780 2195 855 legio,
2216 784 2417 854 quibus
2441 786 2625 842 omnia
2646 788 2921 853 credebat,
2953 790 3253 855 commisit,
3279 798 3338 844 ut
3361 789 3621 845 nimirum

2031 885 2284 931 venatum
2334 889 2620 945 exeuntes,
2667 890 2928 951 tanquam
2979 883 3211 939 bestiam
3265 882 3618 953 percussuri,

2030 967 2247 1022 hastam
2281 968 2335 1022 in
2378 984 2504 1025 eum
2549 972 2828 1028 mitterent
2860 988 3037 1044 eaque
3075 975 3291 1029 ratione
3335 980 3616 1029 necarent.

2028 1055 2085 1111 id
2119 1059 2411 1128 quemdam
2443 1071 2694 1131 patrasse
2724 1062 2927 1130 ferunt,
2974 1065 3255 1136 missoque
3287 1065 3517 1134 Spiculo,
3549 1065 3619 1120 ab

2029 1163 2097 1203 eo
2146 1149 2453 1219 aberrasse,
2500 1156 2915 1227 praevolausque
2953 1156 3121 1212 telum
3170 1157 3340 1213 humo
3377 1158 3615 1215 defixum

2026 1255 2174 1305 esse,
2228 1257 2431 1313 equum
2468 1261 2596 1300 vero
2646 1256 2870 1317 repente
2920 1249 3261 1305 mordentem
3300 1248 3455 1305 frena
3508 1266 3618 1306 una

2027 1347 2215 1387 secum
2252 1342 2468 1406 raptum
2501 1352 2601 1406 per
2630 1337 2863 1409 abrupta
2894 1353 3025 1395 saxa
3050 1340 3387 1411 prtecipitem
3415 1341 3615 1412 egisse,

2027 1432 2191 1495 atque
2220 1441 2287 1483 eo
2312 1443 2443 1484 casu
2473 1429 2626 1485 illum
2654 1431 2821 1487 vitam
2848 1433 3058 1489 ﬁnisse.
3079 1432 3312 1500 Quando
3332 1443 3388 1490 et
3409 1436 3613 1492 frustra

2025 1518 2343 1586 poenitentia
2399 1521 2622 1577 ductum
2662 1523 2815 1580 aiunt
2869 1526 3148 1582 sodalibus
3206 1528 3495 1585 mandasse
3547 1546 3615 1584 ne

2025 1611 2285 1683 deinceps
2319 1613 2590 1669 insontem
2632 1617 2856 1688 aggredi
2885 1619 3171 1686 auderent,
3220 1621 3325 1675 nisi
3364 1621 3531 1676 velint
3560 1631 3616 1677 et

2026 1703 2127 1772 ipsi
2161 1705 2350 1759 eodem
2378 1715 2541 1777 atque
2568 1708 2659 1763 ille
2684 1709 2854 1765 exitio
2883 1710 3050 1766 vitam
3091 1727 3293 1783 ponere
3329 1732 3344 1781 ;
3379 1716 3611 1770 accersi-

2024 1802 2187 1865 toque
2208 1795 2373 1867 250
2395 1799 2513 1854 viro
2538 1800 2775 1870 quodam
2807 1801 3082 1873 religioso,
3109 1819 3235 1860 cum
3252 1804 3375 1861 aliis
3399 1805 3613 1862 delictis

2024 1888 2141 1944 suis
2169 1903 2235 1944 ac
2274 1890 2597 1957 sceleribus,
2634 1895 2740 1950 hoc
2765 1909 2987 1966 quoque
3021 1911 3177 1953 sacra
3202 1898 3611 1971 cxhomologesi

2022 1980 2355 2051 expiandum
2391 1984 2619 2054 putavit.

2090 2247 2181 2302 25.
2223 2248 2359 2304 Cum
2401 2259 2585 2305 autem
2623 2251 2922 2320 imperator
2958 2252 3164 2308 nullam
3198 2254 3341 2308 viam
3383 2264 3480 2310 aut
3510 2269 3609 2311 oc-

2026 2339 2312 2393 casionem
2364 2340 2633 2396 inveniret
2681 2341 3037 2398 Interimendi
3071 2343 3359 2412 Basilium,
3385 2345 3454 2400 ad
3503 2347 3611 2403 alia

2017 2432 2271 2496 consilia.
2326 2434 2594 2490 scelerata
2645 2436 2870 2506 quidem
2928 2452 2994 2492 ac
3041 2436 3300 2505 nefanda,
3349 2440 3604 2497 vertitur.

2013 2520 2220 2593 Nempe
2256 2540 2447 2581 secum
2504 2527 2622 2596 ipse
2668 2528 2959 2584 constituit
2992 2538 3051 2585 ut
3094 2539 3151 2586 et
3197 2530 3366 2586 alium
3402 2533 3609 2602 pariter

2013 2614 2288 2670 haeredem
2348 2618 2581 2687 sceptris
2637 2618 2915 2675 immittat.
2960 2621 3037 2677 Ac
3078 2637 3214 2680 sane
3250 2624 3608 2683 Basilicinum

2012 2705 2193 2769 illum,
2224 2707 2306 2761 sic
2335 2708 2693 2778 appellatum,
2722 2727 2892 2766 unum
2926 2721 2980 2769 et
3015 2713 3194 2783 ipsum
3231 2709 3427 2772 nefarii
3458 2719 3607 2775 illius

2010 2796 2246 2867 collegii,
2282 2798 2562 2853 hominem
2595 2816 2831 2871 nequam
2860 2818 2925 2859 ac
2954 2805 3281 2861 sceleratum
3321 2807 3605 2867 eﬂ'emina-

2013 2896 2241 2956 tumque
2279 2899 2332 2941 et
2364 2889 2504 2959 gula:
2529 2893 2886 2961 mancipium,
2917 2892 3234 2952 Nicomedia
3283 2900 3602 2968 oriundum,

326 3002 472 3051 γνιον
494 2988 728 3059 ἀδελφὸν
756 2990 852 3043 τοῦ
890 2991 1034 3045 κατὰ
1084 2992 1176 3047 τὸν
1207 2994 1570 3065 Καπνογένην
1604 2998 1904 3052 Κωνστανκ

2017 2978 2237 3034 fratrem
2292 2996 2612 3049 germanum
2681 2984 3030 3043 Constantini
3088 2988 3452 3063 Capnogenm,
3508 2998 3604 3067 qui

324 3077 491 3143 τίνου,
525 3079 627 3133 τοῦ
657 3080 740 3145 δὶς
777 3083 876 3153 τὴν
904 3080 999 3136 τοῦ
1046 3084 1294 3154 ὑπάρχου
1335 3085 1475 3156 μετὰ
1511 3086 1689 3143 ταῦτα
1726 3090 1911 3160 ἐγχει-

326 3170 605 3240 ρισθέντος
622 3174 802 3244 ἀρχὴν
822 3189 836 3203 ·
870 3176 992 3229 τότε
1027 3176 1085 3229 δὲ
1131 3180 1191 3232 ἐν
1223 3180 1337 3241 τοῖς
1364 3179 1684 3235 ἐλαύνουσιν
1706 3183 1786 3246 εἰς
1807 3185 1912 3255 τὴν

324 3261 612 3336 βασιλικὴν
646 3268 850 3337 τριήρη
897 3271 1321 3341 κατειλεγμένος
1370 3271 1634 3343 ἐτύγχανε
1665 3275 1733 3331 ’⁸.
1771 3277 1912 3330 Τοῦ.

321 3372 412 3410 τον
465 3357 534 3427 δὴ
567 3357 660 3412 τὸν
697 3359 1011 3430 δυσώνυμον
1040 3362 1384 3417 Βασιλικῖνον
1425 3365 1601 3419 ἐνδύει
1629 3368 1760 3423 ποτὲ
1784 3369 1913 3441 ζτὴν

321 3448 709 3521 πολυύμνητον
775 3452 1062 3525 βασιλικὴν
1120 3456 1414 3528 πορφύραν
1461 3458 1557 3512 καὶ
1612 3460 1703 3514 τὸν
1748 3462 1908 3533 περί-

322 3560 486 3597 οπτον
548 3546 647 3598 καὶ
704 3544 994 3615 ἐπίφθονον
1040 3547 1308 3616 στέφανον
1367 3548 1618 3630 χλαμύδα
1672 3568 1732 3603 τε
1767 3553 1910 3619 πάγ-

323 3652 525 3707 χρυσον
566 3636 667 3689 καὶ
720 3636 791 3691 τά
850 3638 1174 3710 κοκκοὸαφῆ
1242 3640 1337 3692 καὶ
1372 3640 1418 3671 ²³
1467 3639 1682 3694 διάλιθα
1715 3641 1911 3697 πέδιλα

323 3730 414 3782 καὶ
467 3725 641 3784 τᾶλλα
683 3730 782 3799 τῆς
823 3730 1104 3799 βασιλείας
1156 3731 1425 3804 ἐπίσημα,
1466 3734 1651 3803 ἐξάγει
1701 3753 1761 3788 τε
1811 3736 1910 3789 αὐ-

321 3815 408 3870 τὸν
459 3818 605 3888 πρὸς
634 3817 735 3888 τὴν
792 3818 1099 3892 σύγκλητον
1155 3822 1254 3891 τῆς
1310 3824 1495 3893 χειρδς
1538 3824 1656 3894 ἅμα
1688 3827 1907 3897 κρατῶν

322 3908 414 3961 καὶ
446 3908 746 3980 ὑπουργῶν
776 3909 949 3982 αὐτῷ,
978 3910 1054 3975 ὡς
1080 3912 1111 3965 6
1140 3912 1334 3984 Νέρων
1366 3915 1576 3979 ἐκεῖνος
1614 3917 1784 3973 πάλαι
1814 3919 1907 3973 τον

324 3999 731 4072 πολυθρύλητον
768 4003 1010 4074 Ἔρωτα,
1034 4004 1130 4059 καί
1162 4022 1331 4079 φησιν
1366 4007 1462 4060 ἐπὶ
1492 4006 1694 4074 λέξεως
1716 4026 1729 4039 ·

461 4224 654 4302 ςζδετε
678 4224 913 4302 πάντες
942 4226 1136 4302 ἡμεῖς,
1168 4229 1268 4302 ira}
1311 4232 1680 4302 θαυμάσατε.

452 4288 601 4371 ᾎρίι
629 4297 702 4349 οὐ
733 4288 1169 4371 πρέπςιάὐζόν
1200 4296 1353 4356 εἶναι
1373 4288 1677 4371 ,βασιλέα

454 4365 702 4440 [lpidam-
723 4367 844 4435 μὲν
866 4364 1027 4440 εἶδος
1058 4369 1235 4435 ἄξιον
1260 4364 1644 4440 τυραννίδος,

556 4435 843 4513 δεύτερον
864 4438 940 4513 es
965 4435 1248 4513 qypgpvéc
1274 4435 1443 4497 πέλει
1467 4435 1713 4513 στέφος,

456 4506 734 4562 Ἀπαντα
758 4507 811 4559 δ’
845 4506 1165 4578 amatam
1197 4514 1347 4580 πρὸς
1368 4513 1486 4583 τὴν
1512 4506 1726 4580 dific)?"

320 4689 407 4734 καὶ
446 4681 601 4734 ὄτιίδ
623 4683 828 4736 Πόσον
854 4682 935 4752 ἦν
966 4684 1222 4741 κάλλιον
1267 4687 1485 4745 τοῦτόν
1520 4707 1600 4761 με
1646 4693 1899 4765 ποιῆσαι

313 4770 579 4836 ,βᾶσιλέα
608 4775 646 4845 ἣ
670 4774 780 4829 τὸν
804 4776 1137 4833 Βασίλειον
1165 4781 1185 4834 !
1215 4780 1404 4836 Ταῦτα
1452 4784 1656 4851 πάντες
1685 4789 1733 4841 οἱ
1761 4789 1903 4843 κατά

318 4864 383 4916 τὰ
412 4864 659 4934 βασίλεια
690 4865 895 4932 ἰδόντες
921 4885 981 4922 τε
1009 4873 1119 4923 -καὶ
1147 4871 1479 4939 ἀκούσαντες
1512 4875 1735 4946 ἔμειναν
1761 4880 1898 4952 ἀχα-

320 4957 426 5019 νεῖς
455 4956 523 5021 ⁸⁸,
556 4958 988 5029 ἐκπληττόμενοι
1015 4961 1117 5033 τὴν
1151 4964 1466 5035 παράλογον
1495 4968 1554 5035 ἐξ
1583 4970 1896 5045 ἀφροσύνης

317 5046 408 5100 τοῦ
446 5048 716 5115 βασιλέως
764 5053 1171 5126 ἐμϐροντησίαν
1204 5074 1265 5110 τε
1314 5060 1411 5113 καὶ
1449 5064 1781 5137 παρακοπὴν
1824 5067 1892 5124 ⁸⁸.

319 5140 509 5209 Οὕτως
529 5141 599 5217 ἦν
631 5145 922 5219 ἄνθρωπος
944 5149 1061 5213 ὑπὸ
1095 5151 1196 5222 τῆς
1223 5158 1761 5230 κατακοροῦςμέθης
1799 5162 1894 5216 καὶ

318 5234 426 5289 τῶν
450 5236 710 5311 ἀθέσμων
738 5241 834 5295 καὶ
870 5242 1122 5312 ἀσελγῶν
1153 5246 1413 5317 πράξεων
1438 5249 1576 5315 ὅλως
1605 5251 1715 5307 τῶν
1743 5254 1893 5309 δεόν-

318 5340 423 5380 των
456 5327 765 5403 ἐξεστηκὼς
785 5332 879 5387 καὶ
917 5336 1230 5409 φρενοπλὴξ
1254 5339 1350 5393 καὶ
1388 5342 1735 5416 παράφορος.

2014 3080 2204 3141 postea
2240 3075 2409 3129 semel
2436 3075 2747 3147 iterumque
2780 3079 3025 3149 praefecti
3049 3081 3201 3138 urbis
3241 3099 3440 3143 munus
3470 3089 3603 3144 ade-

2015 3173 2140 3233 ptus
2170 3177 2288 3221 est:
2332 3175 2465 3221 tunc
2512 3183 2642 3222 vero
2672 3170 2817 3225 inter
2863 3174 3027 3241 regiae
3078 3176 3317 3233 triremis
3372 3181 3603 3252 remiges

2015 3258 2289 3326 ascriptus
2351 3266 2489 3313 erat.
2545 3258 2699 3314 llunc
2749 3262 2933 3332 itaque
2989 3262 3288 3321 infaustum
3347 3268 3600 3327 Basilici-

2014 3363 2146 3402 num
2176 3348 2509 3419 quandoque
2541 3352 2708 3421 regia,
2740 3353 2933 3409 multis
2957 3355 3273 3414 nominibus
3306 3360 3600 3427 celebrata,

2014 3439 2249 3495 induens
2274 3456 2539 3511 purpura,
2577 3443 2975 3515 spectabilique
3000 3456 3165 3518 atque
3185 3451 3433 3508 omnium
3457 3456 3603 3511 votis

2013 3532 2318 3601 expetenda
2376 3534 2544 3603 capiti
2600 3535 2859 3606 imposita
2918 3555 3145 3607 corona,
3206 3544 3604 3618 chlamydeque

2012 3625 2320 3681 boloserica
2351 3627 2617 3695 adhibita,
2655 3639 2710 3685 et
2740 3633 3017 3690 coccineis
3046 3636 3429 3710 lapidibusque
3474 3658 3598 3711 pre-

2013 3720 2171 3772 tiosis
2218 3716 2586 3777 interstinctis
2623 3721 2850 3793 calceis,
2889 3726 3121 3797 aliisque
3154 3731 3320 3801 regiis
3365 3733 3598 3805 insigni-

2010 3810 2134 3876 bus,
2186 3808 2256 3864 ad
2302 3820 2553 3867 senatum
2590 3814 2781 3870 eduxit
2820 3833 2985 3873 manu
3044 3831 3255 3888 tenens,
3304 3825 3464 3896 eique
3500 3842 3600 3896 pro

2008 3901 2248 3957 ministri
2286 3904 2535 3974 partibus
2574 3905 2908 3979 obsequens,
2944 3911 3090 3967 haud
3139 3914 3299 3970 aliter
3341 3931 3407 3973 ac
3455 3916 3599 3974 Nero

2007 3994 2099 4048 ille
2145 3997 2423 4063 quondam
2471 3996 2987 4057 decantatissimum
3023 4004 3473 4081 Erotem.Atquc
3527 4012 3597 4067 ad

2005 4085 2234 4142 verbum
2275 4088 2369 4143 ait:

2120 4222 2300 4278 Videte
2329 4242 2529 4293 omnes,
2562 4236 2611 4281 et
2638 4229 3006 4290 admiramini.

2110 4294 2210 4375 4n
2240 4312 2344 4349 non
2381 4301 2621 4375 conuenit
2668 4300 2956 4375 ipsiuregia
2994 4304 3226 4375 dignitas
3248 4308 3274 4360 .’

2113 4362 2357 4447 {ft-imum
2397 4369 2605 4436 quidem
2648 4362 2844 4438 species
2866 4362 3340 4447 idignavimperio:

2110 4433 2424 4515 §ecunduni
2455 4448 2630 4515 autem
2676 4433 2974 4512 congenita"
3001 4457 3079 4498 est
3126 4433 3344 4515 corona,

2109 4503 2343 4577 Suntque
2369 4510 2618 4578 dignitati
2663 4503 2896 4583 congrua
2926 4518 3127 4570 omnia.

2112 4685 2328 4753 Quanto
2351 4693 2538 4746 melius
2577 4705 2692 4749 erat
2732 4714 2813 4752 me
2851 4698 2987 4754 hunc
3026 4700 3183 4771 251
3222 4703 3593 4773 imperatorem

2006 4778 2193 4847 fecisse
2250 4798 2408 4851 quam
2444 4784 2761 4843 Basiliam?
2815 4791 2943 4848 Haec
2989 4794 3080 4863 qui
3138 4796 3192 4849 in
3248 4798 3393 4867 regia
3433 4815 3594 4857 erant

2007 4872 2247 4928 universi
2284 4874 2530 4932 videntes
2584 4889 2638 4932 ct
2692 4881 2998 4949 audientes,
3058 4887 3219 4942 delixi
3277 4898 3588 4959 steterunt,

2004 4969 2213 5018 tantam
2269 4966 2367 5019 viri
2403 4970 2710 5025 vecordiam
2743 4982 3027 5043 stupentes
3078 4980 3388 5051 mentisque
3435 5001 3595 5041 ever-

2006 5054 2239 5110 sionem.
2272 5057 2364 5115 Sie
2393 5062 2656 5118 nimirum
2682 5080 2793 5137 prm
2815 5068 3107 5125 immodica
3129 5071 3393 5129 ebrietate
3418 5081 3595 5134 scele~

2002 5146 2372 5219 stissimisque
2426 5169 2492 5208 ac
2542 5155 2936 5226 impurissimis
3007 5164 3263 5230 actibus,
3319 5167 3589 5237 quidquid

2002 5252 2231 5306 prorsus
2261 5244 2473 5301 honesti
2528 5264 2593 5304 ac
2639 5250 2798 5305 oilieii
2836 5262 2919 5308 est
2968 5268 3315 5324 excusserat,
3366 5272 3590 5316 emotae-

1999 5344 2106 5399 que
2149 5335 2350 5392 mentis
2408 5338 2745 5413 insanusque
2801 5360 2866 5402 ac
2912 5348 3157 5405 titubans
3208 5352 3422 5406 ratione
3448 5364 3583 5409 erat.

1614 5482 1852 5542 YARl/E
1888 5488 2300 5553 LECTIONES.
2354 5528 2357 5531 -

386 5581 705 5677 "teipse?
945 5591 1027 5654 είς
1057 5590 1120 5646 Ρ.
1166 5593 1242 5677 ﬁ"
1264 5596 1356 5677 κα)
1397 5596 1633 5677 ἀνόνητα
1664 5599 1914 5677 pompeii

2017 5605 2072 5677 δέ
2107 5608 2313 5677 ἀνόητα
2342 5612 2379 5663 Δ
2392 5610 2449 5665 Ρ.

320 5668 480 5724 κομον
512 5657 576 5710 Α.
648 5657 694 5689 ⁸⁸
728 5657 987 5730 ἐτύγχανε
1014 5677 1125 5717 om.
1164 5663 1222 5718 P.
1301 5666 1344 5696 ’³
1372 5669 1462 5720 καὶ
1504 5657 1573 5721 an
1601 5684 1630 5723 e
1660 5670 1871 5726 διάλιθα
1904 5690 1914 5727 t

2039 5657 2537 5751 p."'i<"a;.j':.5p.
2614 5657 2904 5758 ίινξῖοιῑιεέ
2930 5657 2997 5745 1r:

626 5751 903 5814 Pnaoc.
942 5755 1065 5818 Gn.
1113 5757 1277 5821 CIX.

2551 5616 2596 5647 “
2613 5616 2903 5699 τρλμῆσαι]
2928 5622 3265 5699 θελήσαιενῖ
3357 5629 3396 5659 ²¹
3433 5627 3582 5699 aprici-

3073 5697 3119 5726 ’⁸
3141 5697 3498 5770 παρατροπην
3520 5697 3581 5752 Ρ.

3149 5793 3188 5851 9
