4056 6034
463 190 569 255 9.71

1572 185 2087 248 THEOPHANES
2116 187 2682 250 CONTINUATUS.

3638 184 3747 248 272

538 304 630 361 28.
662 302 818 358 Illico
845 309 1027 357 autem
1070 297 1139 354 ad
1185 311 1460 354 summam
1492 310 1681 352 rerum
1707 294 2050 367 provehitur,

2235 296 2321 370 [Ρ.
2359 296 2483 370 159]
2513 296 2621 369 κη’.
2664 267 2975 369 Προάγεται
2997 295 3053 350 δὲ
3088 293 3249 354 εὐθὺς
3272 294 3365 350 ἐπὶ
3400 296 3500 368 τὴν
3530 295 3753 350 πάντων

469 400 561 471 qui
594 397 859 452 hactenus
883 393 1165 451 secundas
1192 392 1246 447 in
1295 390 1580 462 republica
1616 390 1859 453 tenebat,
1897 388 2051 445 Basi-

468 492 575 547 lius
604 507 619 555 ;
648 496 815 560 atque
834 487 905 543 ab
928 485 1293 557 optimatibus
1320 482 1795 553 inferioribusque
1838 482 2053 536 ordini-

469 584 573 639 bus
601 581 863 651 omnique
897 580 1140 635 exercitu
1165 588 1221 633 et
1263 577 1475 647 reliqua
1508 576 1717 631 urbana
1749 575 1927 647 plebe,
1964 574 2059 646 qui

462 687 521 731 et
549 684 710 731 antea
747 673 1094 745 supplicibus
1124 687 1154 727 a
1186 671 1296 727 Deo
1331 671 1475 727 votis
1511 670 1581 725 iis
1634 670 2058 739 exposcebatur,

471 773 774 841 imperator
804 769 1148 824 acclamatus
1186 776 1291 821 est.
1320 766 1372 820 ιε
1418 778 1570 829 vero,
1617 778 1744 819 mox
1784 778 1849 818 ac
1876 763 2060 831 reipu-

468 862 628 917 blica:
659 862 817 915 clavo
856 858 1118 913 admotus
1151 866 1260 919 est,
1286 866 1399 910 tum
1430 871 1490 911 se
1522 856 1641 926 ipse
1690 863 1805 909 tum
1842 851 2059 923 imperii

470 956 721 1010 habenas
763 952 876 1007 Deo
905 951 1135 1016 dicavit,
1158 950 1272 1004 haec
1300 948 1483 1003 verbis
1508 948 1847 1005 solemnibus
1870 963 2061 1014 orans,

468 1049 680 1104 Christe
707 1062 822 1110 rex,
858 1046 949 1117 qui
979 1054 1071 1099 tuo
1092 1043 1305 1113 judicio
1330 1060 1393 1097 ac
1427 1052 1560 1096 nutu
1586 1043 1864 1113 imperium
1896 1042 2061 1111 adep-

476 1153 562 1196 tus
603 1143 729 1209 sim,
784 1140 882 1193 tibi
930 1137 1067 1193 illud
1111 1139 1316 1207 pariter
1354 1153 1535 1206 meque
1573 1135 1745 1205 ipsum
1794 1151 2062 1190 consecro.

472 1236 713 1307 Moxque
764 1232 1051 1288 accersitis
1098 1237 1325 1285 senatus
1370 1228 1707 1299 primoribus
1752 1227 2065 1297 muniisque

471 1329 711 1400 publicis
755 1341 820 1381 ac
864 1324 1227 1396 dignitatibus
1272 1321 1735 1394 praecedentibus,
1781 1321 1849 1377 iis
1876 1335 2063 1377 coram

472 1423 746 1491 regiorum
789 1418 1180 1473 thesaurorum
1220 1430 1422 1486 penum
1457 1414 1714 1485 aperult;
1756 1428 1858 1470 nec
1909 1411 2064 1468 aliud

471 1514 773 1584 quidquam
805 1527 875 1565 ex
906 1518 1059 1565 tanta
1086 1508 1448 1579 pecuniarum
1481 1506 1533 1562 vi
1564 1506 1852 1562 inventum
1896 1521 2064 1577 quant

475 1607 579 1661 tria
609 1603 902 1666 duntaxat,
936 1600 1406 1671 quemadmodum
1436 1597 1603 1668 paulo
1633 1606 1763 1653 ante
1794 1596 2066 1660 dicebam,

475 1696 823 1752 centenaria.
857 1694 1044 1760 Quare
1085 1692 1355 1763 indagans
1388 1691 1695 1760 imperator
1725 1688 1952 1758 expensi
1982 1703 2068 1744 co-

474 1792 674 1854 dicem,
701 1802 879 1858 eoque
909 1786 1137 1840 invento
1166 1783 1307 1855 apud
1345 1797 1530 1839 senem
1566 1781 1861 1851 quemdam
1887 1796 2067 1836 eunu-

476 1884 667 1947 chum,
733 1881 1004 1937 Basilium
1067 1877 1596 1951 protospatharium,
1648 1875 2072 1945 intelligensque

476 1993 584 2048 quo
616 1976 721 2031 illae
754 1975 1046 2037 abiissent,
1070 1986 1197 2027 cum
1221 1968 1580 2040 optimatibus
1605 1968 1725 2038 ejus
1771 1969 1851 2023 rei
1900 1982 2069 2024 causa

478 2072 775 2127 consilium
839 2067 1053 2123 habuit.
1101 2063 1313 2120 Horum
1350 2077 1459 2117 una
1516 2077 1752 2117 concors
1798 2060 2071 2116 sententia

478 2164 604 2227 fuit,
638 2164 786 2233 ipsos
814 2161 908 2231 qui
942 2158 1086 2213 male
1110 2163 1459 2225 acceperant,
1490 2154 1543 2208 in
1569 2154 1825 2208 aerarium
1865 2151 2073 2205 referre

479 2268 753 2327 oportere.
788 2254 1093 2323 Imperator
1124 2249 1291 2323 256
1316 2249 1510 2319 judicii
1536 2247 1897 2303 acrimoniam
1932 2254 2071 2300 tem-

482 2363 702 2419 perans,
752 2347 1043 2401 semissem
1084 2355 1432 2411 recepturum
1480 2342 1533 2395 in
1583 2341 1839 2393 aerarium
1893 2338 2075 2408 publi-

480 2457 603 2497 cum
636 2440 871 2509 singulis
903 2436 1253 2492 referendam
1290 2434 1498 2489 sanxit.
1545 2434 1624 2487 [ta
1664 2431 1871 2486 factum
1902 2440 1988 2486 est
2016 2438 2078 2486 ut

481 2548 535 2586 ut
573 2533 705 2597 illis,
743 2530 849 2585 etsi
882 2527 1033 2583 nulla
1064 2526 1215 2595 digni
1245 2524 1623 2579 muniﬁcentia
1652 2531 1832 2589 erant,
1866 2524 2077 2592 accepti

484 2622 728 2676 muneris
752 2635 882 2688 pars
907 2618 1051 2672 haud
1081 2617 1277 2687 exigua
1304 2617 1547 2680 cederet,
1575 2625 1631 2670 et
1669 2625 1916 2670 trecenta
1950 2630 2078 2669 cen-

485 2716 696 2771 tenaria
728 2717 796 2768 ad
844 2714 1100 2768 aerarium
1158 2709 1442 2779 publicum
1490 2707 1774 2772 redirent;
1830 2707 1975 2761 unde
2022 2706 2078 2760 in

486 2810 807 2880 urgentibus
834 2806 1073 2875 negotiis
1099 2803 1527 2859 subministrare
1552 2802 1718 2871 coepit
1753 2801 2072 2872 imperator,

484 2918 662 2973 exque
692 2900 852 2955 ollicii
890 2899 1101 2952 ratione
1139 2912 1253 2950 rem
1296 2897 1569 2965 publicam
1601 2910 1816 2965 gerere.

2163 389 2386 461 ἀρχὴνὸ
2419 390 2582 459 μέχρι
2608 388 2762 442 τοῦδε
2801 386 3139 458 δευτερεύων
3193 385 3400 458 ταύτης
3444 385 3750 451 Βασίλειος,

2166 483 2261 535 καὶ
2291 482 2444 553 παρά
2492 498 2551 534 τε
2573 480 2673 552 τῆς
2701 479 2922 550 έντίμου
2975 478 3170 550 βουλῆς
3202 477 3300 534 καὶ
3328 478 3441 532 τῶν
3471 479 3752 549 ὑποΰεῦη-

2166 574 2344 628 κότων
2388 571 2688 641 ταγμάτων
2718 573 2813 623 καὶ
2845 568 3047 632 παντὸς
3075 566 3173 621 τοῦ
3218 564 3629 639 στρατεύματος
3659 568 3757 620 καὶ

2165 664 2264 722 τοῦ
2297 665 2458 736 ὄχλου
2517 662 2611 717 τοῦ
2658 663 2884 717 ἀστικοῦ
2915 660 2944 712 ὁ
2979 662 3072 715 καὶ
3117 660 3225 731 πρὸ
3258 659 3454 713 τούτου
3473 658 3541 712 δι’
3569 660 3757 728 ἱκετη-

2171 759 2342 831 ρικῶν
2408 756 2585 827 εὑχῶν
2666 755 3094 825 ὲπιζητούμενος
3172 751 3567 823 ἀναγορεύεται
3657 749 3761 803 αὑ-

2167 852 2458 922 τοκράτωρ
2512 849 2814 912 Βασίλειος.
2851 852 2947 913 Ὃς
3017 848 3134 918 ἅμα
3183 844 3265 917 τῷ
3319 834 3619 916 παρελθεῖν
3661 842 3758 896 ἐπὶ

2169 946 2270 1018 τὴν
2296 945 2405 997 τῶν
2436 944 2575 997 ὅλων
2598 942 2775 1013 ἀρχὴν
2804 942 2898 996 καὶ
2931 940 3125 995 ἑαυαδν
3150 938 3247 994 καὶ
3276 938 3374 1003 τὰς
3398 937 3494 991 τοῦ
3520 938 3760 1007 κράτους

2170 1038 2329 1110 ἡνίας
2359 1036 2478 1109 Θεῷ
2505 1038 2880 1101 ἀνατέθεικεν,
2913 1034 3213 1105 εὐξάμενος
3236 1033 3332 1085 ἐπὶ
3358 1030 3561 1098 λέξεως
3590 1028 3720 1082 τάδε
3738 1044 3755 1060 ⁸

2169 1130 2390 1201 Χριστὲ
2442 1130 2732 1197 βασιλεῦ,
2787 1128 2862 1197 τῇ
2895 1126 2979 1197 σῇ
3022 1128 3217 1194 κρίσει
3270 1124 3388 1194 τὴν
3426 1120 3762 1189 βασιλείαν

2169 1226 2520 1297 δεξάμενος,
2538 1224 2637 1279 σοί
2656 1224 2753 1279 καί
2772 1224 3001 1291 ταύτην
3018 1221 3117 1277 καὶ
3135 1219 3399 1291 ἐμαυτὸν
3416 1218 3757 1287 ἀνατίθημι.

2172 1318 2700 1391 Προσκαλεσάμενος
2778 1316 2835 1370 δὲ
2866 1316 3067 1371 αὐτίκα
3108 1314 3237 1377 τοὺς
3313 1311 3416 1381 τῆς
3466 1310 3763 1383 γερουσίας

2172 1410 2471 1483 προκίτους
2502 1412 2600 1467 καὶ
2631 1410 2679 1443 ⁸⁰
2710 1412 2770 1465 ἐν
2793 1407 3072 1480 ἀξιώμασι
3119 1404 3482 1479 προῦχοντας,
3520 1403 3639 1476 μετ’
3662 1404 3765 1457 au-

2171 1507 2279 1561 τῶν
2314 1506 2407 1560 τὸν
2434 1504 2549 1559 τῶν
2579 1504 2874 1576 βασιλείων
2892 1504 3069 1575 θησαν
3081 1501 3189 1573 ρῶν
3217 1500 3263 1533 ⁸¹
3285 1498 3488 1570 ἀνέῳξε
3508 1496 3761 1568 φύλακαο

2173 1598 2271 1653 καὶ⁴
2305 1596 2460 1652 οὐδὲν
2513 1597 2706 1669 ἕτερον
2750 1598 2816 1651 ὲκ
2866 1595 2963 1650 τοῦ
3011 1592 3273 1649 τοσούτου
3317 1590 3429 1645 τῶν
3457 1588 3764 1661 χρημάτων

2173 1690 2417 1762 πλήθους
2446 1689 2649 1762 εὑρέθη
2682 1689 2825 1760 πλὴν
2852 1687 2977 1759 τρία
3000 1686 3097 1741 καλ⁸
3128 1686 3287 1757 μόνα,
3315 1669 3516 1746 καθὼςο
3533 1681 3633 1753 ήδη
3665 1680 3765 1735 καὶ

2173 1784 2281 1855 πρὸ
2305 1783 2492 1851 ὀλίγου
2523 1800 2614 1853 μοι
2678 1780 2923 1854 εἴρηται.
2982 1776 3338 1848 κεν-δηνάρια.
3370 1776 3623 1844 Ζητήσας
3667 1770 3766 1825 οὑν

2172 1879 2202 1930 6
2228 1875 2484 1947 βασιλεὺς
2516 1875 2615 1947 τὴν
2648 1874 2749 1943 τῆς
2791 1872 2977 1937 ἐξόδου
3031 1868 3418 1941 καταγραφὴν,
3484 1868 3579 1921 καὶ
3635 1863 3768 1917 ταύ-

2170 1986 2272 2039 την
2333 1967 2511 2038 εὑρὼν
2564 1967 2721 2037 παρά
2769 1981 2878 2019 τινι
2934 1964 3045 2017 τῶν
3086 1960 3358 2032 εὐνούχων
3419 1957 3637 2027 γᾶροντι
3684 1953 3769 2027 τῷ

2176 2060 2667 2133 πρωτοσπσθαρίῳ
2744 2060 2791 2092 δ’
2837 2056 3147 2128 Βασιλςίῳ,
3223 2053 3321 2109 καὶ
3395 2052 3559 2120 γνοὺς
3626 2049 3765 2103 ὅπου

2173 2155 2352 2210 ταῦτα
2390 2155 2661 2225 ἐχώρησε,
2726 2152 2924 2223 βουλὴν
2960 2151 3093 2220 περὶ
3125 2147 3315 2203 τούτου
3364 2149 3480 2208 τοῖς
3519 2143 3769 2217 ἀρίστοις

2174 2243 2497 2316 προῦθηκεν
2518 2261 2531 2273 ·
2593 2236 2670 2297 ὧν
2698 2245 2731 2313 ή
2762 2240 2945 2313 ψῆφος
2996 2237 3297 2311 ὁμοφώνως
3325 2234 3634 2305 συνᾴδουσα
3666 2231 3770 2285 αὑ-

2173 2340 2305 2403 τοὺς
2334 2338 2576 2401 ἐκείνους
2607 2336 2739 2399 τοὺς
2770 2334 2961 2399 κακῶς
2985 2333 3164 2387 ταῦτα
3190 2330 3459 2391 λαϐόντας
3480 2324 3770 2395 ἀντιστρέ-

2175 2429 2277 2499 ea:
2306 2428 2441 2501 πρὸς
2468 2428 2527 2481 τὺ
2554 2428 2839 2498 δημόσιον,
2860 2427 2888 2479 6
2910 2422 3165 2497 βασιλεὺς
3193 2422 3255 2475 τὸ
3274 2421 3415 2489 ἄγαν
3440 2415 3771 2488 ὑποθραύων

2177 2523 2387 2577 δίκαιον
2444 2522 2545 2585 τάς
2596 2519 2857 2592 ἡμισείας
2889 2511 3076 2587 ὦνπερ
3125 2513 3321 2569 ἔλαϐον
3353 2512 3581 2565 ἒκαστοι
3622 2508 3773 2561 ἀντι-

2182 2613 2418 2686 στρέψαι
2451 2613 2594 2685 πρὸς
2647 2614 2711 2666 τὸ
2764 2610 3042 2684 βασιλικὸν
3072 2608 3321 2679 ταμιεῖον
3350 2601 3627 2659 ἐκέλευσε.
3659 2597 3775 2653 Καὶ

2180 2706 2356 2771 οὕτως
2388 2706 2590 2776 συνέϐη
2622 2704 2921 2767 κάκείνοις,
2954 2703 3002 2755 εί
3042 2701 3139 2754 καὶ
3168 2697 3380 2763 ἀνάξιοι
3410 2693 3591 2763 πάσης
3615 2690 3771 2761 φιλοτ

2184 2802 2374 2872 τιμίας
2398 2799 2718 2869 ἐτύγχανον,
2754 2797 2857 2849 οὐκ
2892 2794 3075 2862 ὀλίγον
3107 2792 3189 2845 ἔτι
3222 2784 3639 2861 περιλειφθῆναι
3672 2784 3775 2854 τῆς

2175 2895 2410 2967 δωρεᾶς,
2439 2892 2535 2946 καὶ
2558 2890 2637 2962 τῷ
2663 2888 2927 2959 βασιλικῷ
2946 2881 3441 2958 θησαυροφυλακίῳ
3469 2876 3770 2950 τριακόσια

485 2967 878 3062 ἐπεισαχθῆναι
899 2990 944 3021 ⁸³
969 2986 1321 3059 κεντηνάρια,
1351 2988 1444 3057 ἀφ’
1470 2982 1546 3040 ῶν
1596 2987 1656 3040 ὲν
1691 2989 1806 3050 τοῖς
1860 2988 2177 3057 ἐπείγουσιν
2194 2988 2398 3059 ἤρξατο
2421 2987 2681 3057 χορηγεῖν
2710 2981 2807 3037 καὶ
2851 2980 3080 3042 δεόντως
3113 2981 3142 3032 6
3168 2976 3214 3013 ⁸⁵
3247 2972 3500 3046 βασιλεὺς
3524 2967 3770 3026 διοικεῖν,

557 3085 649 3139 ες).
682 3083 802 3149 Qua
831 3083 921 3136 die
962 3082 1177 3151 imperii
1206 3097 1481 3136 summam
1517 3081 1748 3152 adeptus
1800 3089 1887 3137 est
1930 3080 2077 3137 Basi-

2264 3081 2369 3137 κθ’.
2394 3082 2555 3135 Κατὰ
2606 3078 2665 3133 δὲ
2706 3075 2808 3149 τὴν
2841 3074 3055 3147 ἡμέραν
3103 3070 3225 3126 καθ’
3256 3070 3324 3140 ἢν
3357 3068 3447 3120 ἐπὶ
3483 3065 3582 3137 τὴν
3611 3064 3771 3118 αὑτο-

488 3179 618 3241 lius,
646 3178 795 3231 velut
822 3175 933 3228 Deo
963 3175 1341 3228 Romanarum
1388 3189 1571 3228 rerum
1610 3174 1666 3228 in
1712 3173 1911 3228 melius
1958 3189 2085 3227 mit-

490 3268 714 3325 tationis
781 3267 1002 3331 indice,
1062 3266 1363 3321 multorum
1416 3274 1742 3335 tropreorum
1797 3267 1974 3321 nuntii
2028 3268 2085 3322 in

491 3369 784 3430 angustant
856 3360 997 3411 hanc
1060 3356 1252 3410 urbem
1312 3356 1694 3422 advenerunt,
1787 3357 2087 3428 multisque

491 3450 825 3507 Christianis
872 3458 1141 3505 assertam
1194 3464 1260 3504 ex
1306 3448 1627 3518 captivitate
1668 3449 1975 3504 libertatem
2017 3449 2087 3506 ad

491 3562 614 3604 eam
642 3546 912 3616 perlatum
942 3552 1046 3599 est.
1080 3542 1287 3612 Pompa
1318 3542 1503 3612 itaque
1534 3558 1863 3614 progressus
1912 3544 2089 3615 impe-

492 3652 651 3695 rator
680 3639 746 3693 ad
775 3653 1035 3708 magnum
1063 3634 1158 3691 Dei
1193 3636 1478 3705 templum,
1503 3635 1591 3691 cui
1622 3637 1692 3689 ab
1722 3634 1845 3706 ejus
1868 3638 2089 3707 sapien-

494 3736 570 3788 tia
630 3747 832 3787 nomen
862 3740 971 3793 est,
1007 3743 1218 3799 proque
1265 3728 1527 3784 omnibus
1562 3728 1729 3783 simul
1783 3727 2086 3797 gratiarum

496 3827 721 3882 actione
779 3823 1130 3895 perfunctus,
1189 3820 1472 3875 redeundo
1530 3821 1847 3876 consularia
1888 3821 2092 3890 sparsit

495 3934 753 3980 munera,
811 3918 1203 3984 ingentemque
1251 3913 1358 3966 vim
1422 3912 1800 3981 pecuniarum,
1856 3927 1964 3965 non
2021 3926 2089 3967 ex

497 4011 736 4080 publicis
771 4010 937 4078 (qua:
981 4022 1089 4061 non
1149 4004 1568 4075 suppetebant),
1601 4003 1697 4058 sed
1729 4019 1794 4057 ex
1826 4005 2086 4073 propriis,

498 4120 638 4175 quas
666 4115 795 4158 ante
822 4101 1164 4171 possederat,
1190 4101 1244 4153 in
1271 4100 1521 4155 subditos
1547 4099 1871 4168 plebemque
1899 4097 2092 4153 distri-

498 4197 639 4253 buit.
678 4194 829 4251 Uxor
861 4206 1083 4262 quoque
1118 4190 1359 4246 Eudocia
1401 4204 1529 4245 cum
1570 4189 1762 4244 liberis
1818 4190 2091 4245 Constan—

502 4290 619 4345 tino
658 4296 712 4342 et
758 4285 964 4351 Leone,
993 4283 1110 4353 pari
1143 4292 1199 4338 et
1226 4283 1345 4353 ipsa
1374 4282 1689 4353 largitione,
1722 4283 1924 4337 multas
1955 4281 2091 4337 civi-

502 4385 610 4439 bus
637 4382 905 4453 pecunias
930 4395 996 4433 ex
1025 4378 1143 4432 suis
1173 4378 1442 4446 erogavit.
1466 4378 1547 4431 Ac
1586 4376 1714 4432 licet
1750 4389 1817 4431 eo
1847 4386 2093 4445 tempore

2183 3177 2439 3249 κράτορα
2457 3169 2622 3245 ἦλθεν
2648 3169 2873 3243 ἀρχὴνὸ
2914 3166 3215 3230 Βασίλειος,
3265 3162 3456 3231 ὥσπερ
3498 3158 3775 3211 ἐνδεικνυ-

2146 3272 2356 3354 νμένου
2385 3266 2522 3322 θεοῦ
2572 3265 2671 3337 τὴν
2728 3267 2823 3318 ἐπὶ
2868 3259 2939 3315 τὰ
2985 3260 3222 3330 κρείττω
3280 3255 3389 3308 τῶν
3442 3249 3773 3354 Ῥωμαϊκῶν

2185 3341 2535 3430 πραγμάτων
2587 3353 2915 3427 μεταϐολὴν,
2972 3348 3170 3420 συνέϐη
3225 3345 3435 3401 πολλῶν
3487 3341 3777 3395 ἐπινικίων

2188 3452 2450 3522 ἀγγελίαν
2485 3450 2586 3521 τὴν
2622 3446 3017 3520 βασιλεύουσαν
3049 3442 3257 3512 ταύτην
3297 3436 3630 3494 καταλαϐεῖν
3680 3432 3778 3486 καὶ

2190 3547 2493 3617 ἀνάρρυσιν
2523 3542 2766 3613 πλήθους
2809 3535 3172 3609 αἰχμαλώτων
3212 3528 3556 3602 Χριστιανῶν
3580 3526 3776 3617 άγγελζ

2191 3616 2371 3707 θῆναι.
2397 3634 2630 3705 Πρόοδον
2648 3629 2741 3687 οὖν
2760 3632 2787 3685 ὁ
2810 3628 3061 3700 βασιλεὺς
3088 3626 3179 3679 ἐπὶ
3197 3623 3290 3677 τὸν
3327 3621 3502 3692 μέγαν
3530 3618 3623 3673 τοῦ
3637 3616 3773 3670 Θεοῦ

2190 3725 2318 3783 ναὸν
2351 3726 2443 3780 τὸν
2459 3724 2559 3796 τῆς
2578 3723 2790 3779 ἐκείνου
2832 3719 3034 3789 Σοφίας
3061 3715 3349 3783 ἐπώνυμον
3383 3709 3771 3781 ποιησάμενος,

2192 3822 2285 3874 καὶ
2308 3818 2408 3883 τὰς
2441 3818 2571 3890 περὶ
2593 3816 2811 3870 πάντων
2826 3813 2963 3885 ὁμοῦ
2986 3808 3335 3882 εὐχαριστίας
3353 3804 3502 3876 αὑτῷ
3517 3804 3773 3867 ἀποδοὺς,

2192 3916 2251 3967 έν
2274 3913 2353 3983 τῷ
2380 3910 2747 3981 ὑποστρέφειν
2804 3907 3131 3971 ὑπάτευσεν,
3158 3902 3254 3956 καὶ
3286 3901 3545 3971 χρήματα
3577 3895 3772 3960 πολλὰ,

2192 4008 2294 4060 οὑκ
2321 4008 2385 4058 ἐκ
2421 4003 2528 4057 τῶν
2552 4000 2831 4071 δημοσίων
2873 3996 3016 4068 (οὐδὲ
3045 3994 3155 4064 γὰρ
3182 3988 3297 4064 ἦν),
3324 3989 3440 4044 ἀλλ’
3462 3991 3527 4042 ὲκ
3555 3987 3666 4039 τῶν
3696 3984 3775 4038 ol-

2192 4096 2379 4161 κείων,
2396 4094 2433 4149 ἃ.
2458 4094 2723 4161 ἐκέκτητο
2743 4091 3034 4159 πρότερον,
3050 4088 3163 4149 τοῖς
3186 4082 3450 4151 ὑπηκόοις
3481 4080 3770 4147 διένειμεν.

2193 4190 2305 4242 Καὶ
2340 4186 2583 4259 ήτούτου
2613 4182 2671 4237 δὲ
2703 4182 2936 4248 σύζυγος
2958 4177 3190 4231 Εὑδοκία
3210 4178 3243 4245 ἡ
3274 4172 3486 4243 βασιλὶς
3520 4169 3635 4241 ἅμα
3661 4171 3776 4231 τοῖς

2196 4280 2332 4339 υἱοῖς
2390 4276 2790 4345 Κωνσταντίνῳ
2843 4273 2939 4325 καὶ
2970 4270 3162 4324 Λέοντι
3194 4264 3553 4320 ὑπατεύσασα
3604 4261 3775 4314 πολλὰ

2194 4375 2260 4445 τῇ
2291 4369 2543 4441 πολιτείᾳ
2584 4370 2847 4439 χρήματα
2903 4364 3011 4419 ἀπὸ
3054 4363 3161 4416 τῶν
3187 4359 3391 4430 ἑαυτῆς
3438 4358 3775 4428 ἐδωρήσατο.

507 4478 807 4545 imperator
833 4472 1005 4528 multa
1036 4471 1214 4526 adhuc
1244 4470 1320 4525 rei
1351 4470 1676 4526 nummariae
1698 4478 1937 4540 egestate
1962 4484 2077 4539 pre-

2199 4465 2348 4537 Πλὴν
2374 4464 2422 4517 εί
2453 4461 2547 4515 καὶ
2562 4461 2684 4514 τότε
2717 4459 2799 4513 ἔτι
2832 4456 3093 4521 ἐσπάνιζε
3120 4453 3421 4527 χρημάτων
3440 4452 3469 4505 6
3502 4448 3776 4518 βασιλεὺς,

508 4577 775 4635 meretur,
806 4568 885 4622 uti
920 4567 1128 4620 dictum
1158 4573 1267 4629 est,
1293 4571 1483 4634 postea
1515 4571 1697 4618 tamen
1727 4561 1926 4617 uberes
1952 4562 2089 4617 satis

511 4679 643 4735 opes
681 4660 909 4730 adeptus
942 4665 1048 4726 est,
1091 4659 1291 4729 partim
1328 4655 1550 4727 quidem
1608 4653 1705 4709 Dei
1753 4668 1980 4708 munere
2026 4666 2091 4707 ac

511 4764 648 4810 nutu
670 4755 743 4809 ob
765 4753 886 4822 ejus
916 4752 969 4806 in
1004 4764 1273 4820 pauperes
1298 4745 1730 4803 misericordiam
1767 4760 1833 4800 ac
1871 4743 2093 4815 zequita-

510 4857 641 4912 tcm,
679 4843 865 4899 multis
898 4843 1003 4897 sub
1036 4850 1183 4895 terra
1214 4839 1450 4895 occultis
1479 4839 1755 4895 thesauris
1782 4838 1874 4892 illo
1905 4850 2091 4891 rerum

508 4942 754 5012 potiente
781 4939 835 4992 in
876 4938 1054 4991 lucem
1097 4932 1261 5005 257
1315 4930 1643 5002 productis;
1702 4930 1900 5002 partim
1961 4944 2095 4984 vero

510 5036 676 5090 etiam
711 5048 777 5087 ex
804 5043 942 5086 auro
971 5026 1118 5098 quod
1154 5028 1207 5081 in
1252 5026 1471 5098 privato
1502 5022 1850 5095 imperatoris
1874 5020 2090 5087 aerario,

511 5125 657 5196 quod
690 5137 885 5193 nempe
915 5122 1036 5191 ejus
1064 5118 1325 5177 decessor
1375 5116 1611 5174 Michael
1656 5114 1909 5172 conﬂatis
1940 5130 2095 5187 egre-

515 5217 617 5292 gizu
645 5219 866 5274 fabrica:
898 5214 1397 5287 pulcherrimisque
1422 5212 1680 5284 operibus
1714 5212 1917 5281 (aurea
1946 5207 2097 5264 scili-

515 5326 601 5372 cet
641 5314 721 5370 sic
753 5322 947 5365 vocata
1002 5311 1247 5380 platano,
1296 5307 1512 5362 duobus
1553 5318 1691 5360 auro
1745 5302 1936 5359 solidis
1971 5315 2097 5373 gry-

516 5409 763 5481 pbibus,
832 5404 1171 5474 totidemque
1249 5416 1387 5455 auro
1438 5398 1744 5455 ductilibus
1819 5393 2093 5457 leonibus,

2197 4557 2388 4627 ὥσπερ
2417 4555 2655 4624 εἴρηται,
2680 4550 2765 4625 [Ρ.
2798 4547 2925 4622 160]
2956 4548 3094 4603 ἀλλὰ
3124 4545 3263 4617 μετὰ
3281 4541 3457 4597 ταῦτα
3501 4540 3780 4613 προσεγέρ

2198 4666 2321 4702 νετο
2370 4648 2466 4701 καὶ
2521 4644 2608 4699 ἑτέ
2619 4662 2728 4715 ρων
2754 4643 2799 4675 ⁵⁸
2824 4642 3128 4713 χρημάτων
3154 4635 3357 4707 πλῆθος
3384 4633 3534 4703 αὑτῷ
3568 4632 3777 4694 ίκανὸν,

2198 4742 2362 4796 τοῦτο
2392 4740 2490 4812 μὲν
2526 4738 2663 4792 Θεοῦ
2719 4736 2808 4789 διὰ
2855 4735 2949 4787 τὸν
2985 4732 3124 4803 πρὸς
3168 4731 3296 4792 τοὺς
3344 4726 3585 4795 πένητας
3630 4723 3781 4774 ἔλεον

2203 4832 2369 4890 αὐτοῦ
2425 4832 2522 4885 καλ⁵
2568 4830 2669 4900 τὴν
2723 4824 3075 4893 δικαιοσύνην
3104 4821 3335 4883 πολλοὺς
3380 4816 3490 4871 τῶν
3537 4812 3643 4867 ὑπὸ
3676 4813 3781 4881 γῆν

2205 4923 2498 4999 θησαυρῶν
2528 4925 2587 4976 ὲν
2615 4922 2739 4984 ταῖς
2797 4917 3034 4989 ἡμέραις
3089 4912 3258 4967 αὑτοῦ
3288 4911 3367 4974 είς
3398 4908 3512 4979 φῶς
3557 4904 3783 4999 εὑδοκήέ

2200 5035 2394 5083 σαντος
2430 5013 2735 5085 προελθεῖν,
2763 5010 2924 5066 τοῦτο
2953 5010 3009 5063 δὲ
3030 5008 3128 5063 καί⁸
3156 5006 3265 5060 ἀπὸ
3293 5004 3390 5058 τοῦ
3424 5005 3481 5055 ὲν
3508 4997 3784 5070 τῷεξδικῴ

2198 5111 2520 5186 εὑρεθέντος
2549 5104 2775 5180 χρυσοῦ,
2813 5104 2874 5158 ὃν
2912 5106 2942 5157 ὁ
2998 5095 3515 5173 προϐεὸασιλευκὼς
3559 5088 3782 5186 Μιχαηλ

2197 5182 2279 5261 τά*
2293 5204 2557 5260 κάλλιστα
2589 5200 2698 5255 τῶν
2730 5198 2906 5267 ἔργων
2965 5192 3378 5265 συγχωνεύσας,
3408 5187 3555 5256 λέγω
3585 5183 3649 5255 δὴ
3683 5182 3781 5250 τὴν

2199 5297 2413 5371 χρυσῆν
2456 5292 2673 5363 ἐκείνην
2704 5288 3049 5361 καλουμένην
3091 5284 3364 5338 πλάτανον
3396 5279 3489 5334 καὶ
3521 5278 3648 5339 τοὺς
3688 5272 3781 5326 δύο

2202 5367 2533 5460 όλοχρύσους
2549 5384 2767 5457 γρῦπας
2780 5381 3015 5444 καὶτοὺς
3035 5378 3129 5433 δύο
3147 5373 3385 5449 χρυσοῦς
3400 5367 3780 5441 σφυρηλάτους

1830 5510 2061 5568 VARl/E
2100 5504 2500 5564 LECTIONES.

590 5620 634 5650 “
660 5615 756 5672 καὶ
780 5631 893 5670 om.
925 5613 988 5667 Α.
1064 5610 1107 5643 ⁸¹
1136 5609 1409 5682 θησαυρὸν
1458 5610 1521 5661 Λ.
1597 5608 1641 5640 δ’
1671 5607 1777 5662 τῶν
1804 5601 2316 5676 πρωτοσπαθαρίων
2356 5603 2417 5653 Α.
2497 5598 2542 5629 ’⁸³
2566 5592 2992 5665 ἐπισυναχοῆναι
3026 5592 3092 5648 Α.
3168 5590 3215 5623 ⁸⁸
3242 5590 3272 5642 ὁ
3303 5601 3414 5642 om.
3449 5582 3509 5637 P.
3585 5580 3633 5615 ⁸⁸
3662 5581 3786 5634 ’έτε-

526 5707 614 5761 ρον
636 5687 703 5744 Α.
