4056 6034
289 190 379 256 ιη

1348 205 1494 266 LIB.
1533 203 1606 265 ν.
1637 227 1707 238 -
1730 200 2087 267 BASILIUS
2121 204 2444 267 MACEDO.

3433 205 3541 267 ﬂii

292 307 476 370 λέοντας
521 304 614 359 καὶ
676 305 741 362 τὸ
783 305 1081 383 ὁλόχρυσον
1108 311 1344 384 δργανον
1375 314 1475 368 καὶ
1526 313 1696 384 ἔτερα
1723 310 1834 366 τῶν

1959 327 2185 386 utroque
2233 315 2414 371 solido
2446 327 2676 385 organo,
2711 314 2975 385 variaque
3004 314 3114 370 alia
3190 331 3399 372 mensa:
3442 335 3539 372 su-

291 402 367 454 ίπὶ
391 398 481 471 τῆς
507 399 789 474 τραπέζης
810 406 1190 476 χρυσωμάτων
1219 407 1359 482 ἔργα
1375 408 1613 482 διάφορα
1627 410 1724 466 καὶ
1738 411 1841 476 τάς

293 491 537 562 βασιλικάς
560 510 624 548 τε
652 495 752 551 καὶ
792 498 1208 570 αύγουστιακάς
1241 501 1438 568 στολὰς
1485 504 1583 559 καὶ
1608 503 1711 571 τὰς
1734 503 1840 579 ἀρ·-

292 584 423 656 ιουσι
445 587 699 657 μεγάλοις
741 589 1106 663 ἀρμαζούσας
1134 594 1393 668 ἐσθῆτας,
1423 597 1610 664 πάσας
1629 614 1843 672 τυγχα-

292 682 456 745 νούσας
482 685 846 767 χρυσοῠφείςο
897 685 936 744 ἀ
962 687 1030 761 δὴ
1086 689 1270 745 πάντα
1314 692 1734 764 συγχωνεύσας,
1760 693 1840 761 ὡς

289 769 525 841 λέλεκται,
554 775 641 841 είς
660 776 732 833 τά
756 777 882 834 καθ’
905 779 1105 854 ἡδονὴν
1132 781 1286 854 αὐτῷ
1322 782 1551 859 ἔμελλεν
1585 784 1842 860 ἀποχρή-

289 862 460 951 σασθαι
481 882 493 895 ί
520 871 1084 943 προαναρπασθὲντος
1101 873 1163 929 δὶ
1183 874 1398 932 ἐκείνου
1427 876 1633 949 εὑρέθη
1653 878 1685 933 ό
1708 894 1843 951 χρυ-

288 949 381 1016 σὸς.
406 953 494 1008 καὶ
521 957 825 1031 χαραχθεὶς
854 962 938 1026 είς
969 962 1190 1020 ἅπαντα
1231 965 1427 1037 γέγονε
1458 949 1740 1040 χρήσιμος
1751 949 1845 1043 τῷ

289 1046 471 1120 partiti
489 1063 505 1079 ·
529 1050 632 1105 Δεῖ
655 1052 791 1123 τὰρ,
821 1052 979 1126 φησι,
1006 1055 1354 1128 χρημάτων,
1388 1061 1493 1116 καὶ
1527 1058 1679 1118 ἄνευ
1706 1061 1846 1118 τού-

285 1156 387 1195 των
416 1141 597 1199 οὐδὲν
627 1143 766 1202 ἔστι
798 1146 1084 1217 γενέσθαι
1138 1149 1263 1206 τῶν
1327 1151 1617 1211 δεόντων.
1681 1154 1847 1211 Ἀλλά

285 1232 422 1289 τοῦτο
444 1235 542 1306 μὲν
574 1234 827 1312 ὕστερον.

342 1324 406 1382 λ’.
435 1326 567 1383 Τότε
597 1328 679 1397 δὲ,
708 1332 945 1407 ἐπείπερ
1006 1334 1102 1390 ἐπὶ
1129 1336 1242 1393 τῶν
1286 1339 1391 1410 τῆς
1432 1338 1617 1413 ἀρχῆς
1640 1341 1849 1400 οίάκων

287 1420 377 1477 ὑπὸ
392 1421 487 1493 τῆς
510 1422 780 1496 Προνοίας
800 1424 1195 1498 προϐιϐασθεὶς
1217 1428 1477 1486 ἐκάθισεν
1496 1431 1844 1502 ὁΒασίλειος,

283 1513 424 1580 εὐθὺς
441 1514 549 1571 ἀπδ
583 1517 878 1588 γραμμῆς,
907 1518 1100 1588 φασιν,
1132 1518 1287 1587 ἄξιος
1327 1520 1634 1589 ἐσπούδαζε
1668 1523 1848 1595 φανῆ-

241 1588 361 1659 ’ναι
384 1604 473 1661 τοῦ
505 1606 777 1678 μεγέθους
805 1608 902 1663 τοῦ
965 1609 1319 1682 πράγματος,
1357 1614 1456 1669 καὶ
1492 1588 1715 1688 νύκτωρ
1767 1588 1850 1672 δὲ-

284 1696 532 1771 ηγρύπνει
565 1701 666 1755 καὶ
698 1699 819 1773 μεθ’
846 1702 1065 1773 ἡμέραν
1116 1705 1419 1775 διεσκόπει,
1453 1708 1635 1764 πάντα
1676 1709 1852 1767 κινῶν

282 1789 518 1862 λογισμὸν
542 1792 642 1846 καὶ
676 1793 789 1847 πᾶν
820 1796 1076 1866 στρέφων
1105 1796 1408 1872 βούλευμα,
1450 1802 1604 1867 ὅπως
1634 1801 1848 1873 ἀγαθοῦ

280 1899 407 1948 τινος
428 1882 604 1950 αἴτιος
626 1887 744 1950 τοῖς
771 1887 867 1941 ὑπ’
899 1888 1066 1944 αὑτὸν
1117 1891 1297 1948 ἀπασι
1323 1893 1538 1964 γένοιτο
1572 1895 1671 1951 καὶ
1697 1896 1851 1962 ὅπως

280 1972 363 2027 ἐπὶ
380 1976 442 2028 se
468 1974 698 2046 ἄμεινον
741 1979 959 2054 ιμφανῆ
1014 1982 1112 2038 καὶ
1152 1983 1402 2057 μεγάλην
1438 1987 1751 2061 μεταϐολὴν
1776 1990 1849 2046 τά

278 2068 567 2159 πράγματα
612 2069 859 2145 δέξηται.
892 2075 1005 2129 Καὶ
1052 2076 1249 2147 πρῶτα
1285 2079 1390 2151 μὲν
1418 2081 1514 2137 ἐπὶ
1543 2084 1648 2148 τὰς
1668 2086 1849 2159 ἀρχὰς

280 2155 583 2251 ἀδωρότατα
604 2162 744 2251 τοὺς
772 2164 995 2221 πάντων
1029 2167 1291 2238 ἀρίστους
1319 2171 1683 2247 ἐκλεγόμενος

277 2248 539 2318 essum,
570 2249 658 2321 οἷς
700 2250 772 2329 ἦν
799 2257 896 2311 καὶ
920 2258 1154 2326 οἴκοθεν,
1183 2259 1283 2317 ἀτε
1311 2264 1559 2336 ἀρίστοις
1580 2262 1723 2337 οὖσι,
1754 2248 1852 2325 καὶ

277 2342 377 2396 ἀπὸ
417 2344 517 2416 τῆς
568 2346 841 2420 ἀκριϐοῦς
908 2350 1005 2406 τοῦ
1065 2352 1448 2425 βασιλεύοντος
1503 2360 1850 2433 ἒπισκέψεως

276 2434 478 2505 πρῶτον
509 2438 677 2511 ἔργον
743 2440 842 2497 καὶ
884 2444 1215 2517 σπούδασμα
1270 2449 1336 2504 τὸ
1376 2452 1487 2523 πρὸ
1524 2453 1635 2510 τῶν
1671 2455 1852 2512 ἄλλων

276 2525 367 2590 τὰς
387 2526 521 2591 ιδίας
543 2530 741 2603 χεῖρας
779 2532 1057 2606 καθαρὰς
1081 2536 1191 2593 ἀπὸ
1229 2542 1487 2596 παντοίου
1522 2544 1852 2614 διαφυλάξαι

275 2615 575 2691 λήμματος,
608 2617 714 2677 εἷθ’
740 2623 919 2692 οὕτως
943 2629 1136 2685 πασῶν
1165 2630 1277 2687 τῶν
1318 2633 1538 2705 ἀρετῶν
1571 2638 1736 2694 πλέον
1765 2651 1855 2694 τι-’

280 2711 439 2804 μῆσαι
471 2713 849 2789 δικαιοσύνην,
871 2721 968 2774 καὶ
1018 2721 1240 2794 ίσότητα
1283 2729 1708 2798 παρασκευάσαι
1747 2734 1852 2804 ἐμ-

277 2803 653 2863 πολιτεύεσθαι
703 2810 1027 2884 πανταχοῦ“,
1085 2816 1183 2869 καὶ
1236 2816 1298 2871 τὸ
1383 2818 1462 2890 μὴ
1541 2803 1851 2879 καταδυνα-

277 2898 555 2955 στεύεσθαι
620 2901 729 2956 ὑπὸ
793 2904 907 2959 τῶν
969 2905 1355 2966 πλουτούντων
1394 2912 1525 2978 τοὺς
1581 2915 1846 2989 πένητας,

1943 411 2202 484 pellectili
2231 411 2350 483 ipsa
2374 425 2566 474 aurea.
2594 409 3086 482 imperialibusque
3105 417 3162 465 et
3180 410 3540 482 Angustiacis

1944 500 2306 568 indumentis,
2344 514 2781 572 magnorumque
2805 499 3114 571 principum
3157 516 3223 556 ac
3254 503 3539 572 magistra

1946 601 2103 650 tuum
2131 593 2400 659 vestibus,
2433 593 2649 651 cunctis
2678 607 2826 649 auro
2850 592 3178 661 contextis),
3209 593 3290 648 uti
3325 592 3535 649 dictum

1944 692 2053 751 est.
2123 696 2451 756 reposuerat
2506 700 2576 741 ac
2619 700 2725 757 pro
2775 685 3004 742 libidine
3062 684 3343 741 abusurus
3397 696 3541 740 erat.

1944 776 2225 850 Prterepto
2253 777 2403 835 enim
2435 776 2531 834 illo
2558 792 2757 833 aurum
2788 788 3066 849 repertum
3098 788 3203 847 est,
3234 778 3543 852 signatum-

1947 885 2057 942 que
2074 868 2393 941 imperatori
2422 869 2478 926 in
2504 870 2766 928 omnibus
2787 885 3051 942 perquam
3076 871 3209 927 utile
3235 871 3358 929 fuit.
3390 870 3541 942 Opus

1944 965 2089 1019 enim
2118 963 2232 1019 ait‘
2274 980 2389 1019 esse
2408 964 2687 1034 pecuniis;
2745 980 2848 1019 nec
2885 965 2934 1019 si
2981 963 3175 1031 desint,
3222 964 3343 1036 ﬁeri
3393 980 3547 1034 posse

1946 1052 2161 1125 aliquid
2211 1068 2398 1109 eorum
2444 1067 2564 1124 qua:
2584 1052 2790 1110 deceat.
2828 1052 2935 1110 Sed
2963 1054 3088 1110 haec
3111 1065 3303 1125 postea
3341 1069 3544 1112 evene-

1948 1153 2099 1201 ῐιιιιι.

2020 1327 2112 1384 δθ.
2141 1327 2297 1385 Tunc
2326 1342 2462 1385 vero
2485 1327 2936 1399 quandoquidem
2972 1328 3042 1384 ad
3095 1328 3310 1399 imperii
3343 1330 3543 1399 guber-

1951 1421 2150 1477 nacula
2179 1420 2383 1479 divinae
2412 1421 2773 1493 providentiae
2824 1428 2962 1477 nutu
3025 1420 3264 1477 Basilius
3302 1422 3544 1485 sederat,

1950 1513 2147 1571 statim
2180 1528 2213 1570 a
2238 1513 2408 1583 linea,
2434 1522 2495 1571 ut
2516 1514 2696 1578 aiunt.
2728 1514 2977 1585 ipsisque
3006 1515 3322 1571 carceribus
3352 1516 3546 1573 sedulo

1953 1622 2178 1680 operam
2206 1608 2392 1680 posuit
2416 1615 2479 1663 ut
2501 1607 2635 1663 nihil
2664 1608 2739 1662 rei
2781 1607 3151 1678 magnitudini
3191 1609 3369 1677 impar
3396 1608 3549 1664 vidc-

1956 1710 2132 1759 retur.
2163 1700 2356 1773 itaque
2388 1709 2554 1758 noctu
2600 1700 2825 1770 pervigil
2876 1708 3019 1765 erat,
3074 1700 3312 1756 interdiu
3362 1702 3550 1756 animo

1955 1794 2305 1867 dispiciebat.
2328 1794 2538 1850 nullam
2561 1808 2672 1850 non
2712 1808 2944 1849 movens
2993 1794 3288 1860 rationem,
3337 1794 3548 1849 nullum

1956 1905 2070 1947 non
2125 1888 2422 1946 consilium
2468 1903 2720 1955 versans,
2772 1896 2834 1943 ut
2886 1887 3015 1943 boni
3064 1888 3303 1960 alicujus
3357 1900 3550 1944 auctor

1956 1982 2197 2040 subditis
2250 1981 2408 2039 ﬂeret
2464 1988 2521 2039 et
2575 1990 2639 2037 ut
2696 1981 2969 2038 illustrem
3025 1997 3398 2052 magnamque
3461 1998 3551 2038 res

1959 2074 2324 2132 mutationem
2385 2074 2442 2130 in
2480 2073 2679 2131 melius
2727 2072 3061 2143 acciperent.
3124 2072 3263 2129 llinc
3311 2075 3551 2144 primum

1958 2167 2475 2240 incorruptissimus
2501 2168 2619 2238 ipse
2660 2167 2926 2236 nullaque
2978 2180 3269 2220 munerum
3329 2165 3491 2219 sorde
3520 2180 3551 2218 a

1958 2262 2093 2318 recti
2154 2261 2295 2317 libra
2348 2259 2636 2316 declinans
2702 2252 2950 2313 omnium
3009 2255 3248 2328 optimos
3300 2255 3542 2309 delectos
3628 2294 3629 2297 η

1956 2355 2339 2428 promovebat,
2367 2354 2568 2423 quibus
2592 2352 2790 2423 partim
2820 2367 2849 2405 a
2874 2366 2933 2407 se
2961 2350 3118 2421 ipsis,
3159 2359 3219 2404 ut
3239 2348 3331 2418 qui
3359 2348 3548 2416 optimi

1956 2456 2140 2517 erant,
2161 2448 2362 2520 partim
2378 2461 2510 2501 vero
2526 2446 2598 2500 ab
2615 2444 2959 2514 imperatoris
2976 2442 3164 2498 sedula
3187 2441 3547 2510 inspectione.

1958 2542 2200 2614 primum
2250 2554 2390 2610 opus
2437 2554 2503 2594 ac
2543 2537 2785 2594 studium
2828 2542 2949 2591 erat
2996 2543 3057 2589 ut
3090 2548 3202 2603 prae
3253 2532 3480 2602 reliquis
3515 2549 3545 2585 ιι

1960 2635 2160 2708 quovis
2189 2648 2419 2689 munere
2450 2632 2616 2702 258
2642 2645 2841 2685 manus
2874 2643 3043 2699 puras
3076 2634 3392 2693 servarent;
3429 2636 3545 2680 tum

1960 2740 2022 2785 ut
2049 2744 2162 2801 prae
2194 2727 2456 2782 omnibus
2495 2722 2788 2779 virtutibus
2816 2721 3086 2792 justitiam
3117 2721 3378 2784 colerent,
3402 2727 3457 2774 ct
3488 2728 3548 2773 ut

1961 2819 2164 2890 ubique
2194 2818 2426 2888 aequitas
2442 2816 2645 2885 vigeret
2667 2814 2979 2885 diligentem
3009 2826 3231 2882 operam
3260 2819 3549 2874 navarcnt,

1963 2927 2070 2967 nec
2097 2927 2131 2966 a
2158 2909 2421 2967 divitibus
2476 2921 2750 2979 pauperes
2803 2905 3038 2976 opprimi
3084 2904 3170 2959 vel
3216 2918 3547 2974 quemquam

278 2991 406 3061 μηδὲ
423 2993 632 3061 ἀδίκως
658 2996 839 3070 ζημία
868 2998 993 3055 τινά
1023 3000 1450 3075 ὕποσάλλεσθαι,
1468 3006 1607 3063 ἀλλά
1619 3009 1850 3079 ῥύεσθαι

1964 3004 2190 3062 innoxie
2240 3018 2441 3059 noxam
2496 3001 2686 3057 subire
2737 3000 3001 3065 sinerent,
3054 2997 3151 3053 sed
3216 2994 3435 3065 inopem
3494 3006 3550 3051 et

274 3083 477 3155 πένητα
494 3086 594 3141 καὶ
628 3088 845 3161 πτωχὸν
894 3092 961 3145 ἐκ
999 3094 1187 3165 χειρὸς
1233 3100 1622 3170 στερεωτέρων
1660 3101 1855 3170 αὐτοῦ,

275 3174 366 3229 καὶ
396 3177 542 3234 κατά
574 3181 775 3252 μικρὸν
795 3183 1091 3239 ἀναλαϐεῖν
1119 3187 1252 3252 τοὺς
1292 3188 1623 3261 ἀνθρώπους
1643 3192 1856 3268 οὕσπερ

273 3269 376 3322 ἀπὸ
403 3271 515 3326 τῶν
565 3272 899 3341 φθασάντων
958 3277 1077 3350 ⁴ἤδει
1138 3279 1609 3353 λειποψυχοῦντάς
1662 3304 1720 3342 τε
1762 3290 1859 3344 καὶ

270 3359 650 3432 ἐκλείποντας,
705 3367 802 3421 καὶ
847 3369 1302 3443 ἀναῤῥωννύντας
1337 3373 1580 3446 ὲπὶίτῆς
1620 3364 1857 3450 ἀρχαίας

272 3452 517 3521 ἅπαντας
543 3457 841 3530 εὐετηρίας
861 3462 1188 3528 σπουδάζειν
1216 3466 1614 3542 ἀποκαθιστᾷν.
1633 3463 1734 3527 Ὧν
1764 3474 1861 3528 καὶ

272 3542 355 3599 διὰ
406 3546 510 3618 τὴν
552 3547 618 3614 ιε
667 3549 848 3622 ἀρχῆς
885 3552 1026 3625 πρὸς
1051 3555 1121 3609 τά
1156 3555 1352 3626 βελτίω
1384 3560 1561 3631 ῥοπὴν
1599 3561 1859 3633 (τοιοῦτοι

273 3637 374 3710 γὰρ
412 3640 642 3708 πάντως
666 3643 719 3697 oi
743 3644 1120 3720 ἐκλεγόμενοι)
1177 3650 1420 3709 καὶοδιὰ
1451 3654 1555 3726 τὴν
1589 3656 1686 3711 τοῦ
1718 3674 1861 3730 κρα-

271 3731 491 3800 τοῦντος
519 3736 658 3807 περὶ
691 3736 868 3794 ταῦτα
906 3741 1147 3815 σπουδὴν
1193 3742 1279 3816 [Ρ.
1309 3744 1439 3819 161]
1482 3749 1580 3802 καὶ
1618 3751 1859 3824 ὲγρηγου

276 3828 423 3895 ρυταν
455 3828 774 3902 πανταχόσε
799 3832 1126 3905 περίϐλεψιν
1156 3836 1238 3900 είς
1268 3839 1380 3893 πᾶν
1410 3839 1473 3893 τδ
1500 3840 1620 3896 δέον
1648 3843 1858 3915 προθύ-

275 3932 387 3985 μως
430 3917 709 3989 ἀλλήλους
757 3918 1167 3993 ὑπερϐαλέσθαι
1202 3926 1629 4000 ἁμιλλωμένων,
1668 3933 1860 3990 ἅπασα

275 4009 371 4077 μιν
390 4010 584 4066 ἀδικία
604 4012 768 4080 εὐθὺς
786 4015 895 4070 ἀπὸ
917 4014 1138 4073 πάντων
1150 4018 1439 4089 ἠλαύνετο,
1458 4024 1554 4077 καὶ
1573 4025 1635 4079 τὸ
1649 4024 1863 4083 δίκαιον

272 4102 737 4177 ἐπαρρησιάζετο,
762 4107 859 4162 καὶ
890 4109 948 4162 αί
1000 4110 1134 4182 πρὶν
1164 4110 1309 4185 ὑπὲρ
1334 4117 1436 4180 τάς
1470 4115 1728 4191 Βριάρεω
1745 4123 1861 4192 χεῖ-

275 4210 363 4262 ρες
397 4196 541 4266 πρὸς
597 4198 671 4252 τὰ
731 4197 993 4272 ἀλλότρια
1028 4201 1407 4275 ἐκτεινόμεναι
1437 4207 1859 4284 ὲκνεναρκωμέ-

273 4300 387 4349 ναις
406 4284 605 4358 ῶσπερ
627 4287 724 4341 καὶ
742 4288 1107 4361 παρειμέναις
1123 4292 1413 4365 ἐῴκεισαν,
1442 4298 1538 4353 καὶ
1560 4300 1636 4363 gat
1654 4302 1859 4377 ἀσθενῆ

272 4377 611 4484 προητούξου
667 4380 776 4435 τῶν
824 4384 1074 4484 ¹πενήτων
1107 4384 1254 4458 μέλη
1286 4386 1628 4460 ὲρρὡννυντο
1665 4394 1756 4449 διά
1799 4398 1862 4451 τὺ

271 4656 368 4731 τὴν
398 4659 581 4731 συκῆν
598 4660 702 4731 τὴν
736 4660 1000 4734 πατρῴαν
1035 4663 1245 4738 μηδίνα
1272 4663 1417 4726 εἶναι
1446 4672 1543 4730 τὸν
1569 4675 1860 4748 τολμῶντα

272 4749 376 4804 ύπδ
408 4752 512 4825 τὴν
536 4752 739 4809 ἐαυτοῦ
764 4752 813 4786 ⁵⁸
865 4756 1145 4812 ποιεῖσθαι
1178 4757 1455 4830 ἑξουσίαν,
1482 4764 1599 4821 ἀλλ’
1628 4766 1860 4826 ἕκαστον

273 4842 330 4895 ὲν
354 4844 427 4915 τῇ
448 4844 683 4915 συνήθει
710 4845 807 4900 καὶ
817 4849 1054 4920 πατρῴᾳ
1071 4850 1280 4908 τούτων
1300 4857 1432 4928 σκιᾷ
1456 4857 1859 4921 ἀναπαύεσθαι.

270 4936 382 4992 Καὶ
401 4936 561 4993 οὕτω
586 4937 688 5010 μιν
713 4939 845 5010 rupi.
870 4940 916 4971 *τ
945 4941 1037 4996 τὸν
1067 4942 1174 4999 ὑπὸ
1201 4945 1362 5018 χεῖρα
1386 4949 1564 5006 πάντα
1601 4952 1731 5008 λαὸν
1750 4955 1862 5011 τῶν

270 5044 327 5082 τε
347 5030 557 5102 χωρῶν
580 5031 678 5087 καὶ
698 5030 889 5086 τόπων
910 5034 1006 5088 καὶ
1034 5034 1241 5091 πόλεων
1275 5040 1374 5108 τῆς
1397 5039 1596 5096 ἑαυτοῦ
1628 5044 1861 5118 ἐπικρα·

270 5122 422 5187 τείας
466 5124 499 5177 ὁ
551 5122 786 5194 εὐσεϐὴς
806 5123 1083 5196 διεγένετο
1135 5126 1412 5194 βασιλεύς.
1446 5132 1512 5188 Ei
1542 5133 1600 5188 δέ
1636 5152 1722 5201 τις
1746 5132 1860 5194 οἷον

272 5214 393 5279 ὄζος
421 5213 633 5281 κακίας
659 5214 719 5270 εν
749 5232 855 5273 τινι
891 5217 1133 5291 στερεῶς
1172 5216 1232 5275 εὖ
1268 5221 1418 5293 μάλα
1445 5227 1860 5298 συναθροισθεὶς

271 5306 377 5363 ὑπὸ
393 5306 512 5363 τῶν
530 5307 676 5364 κατά
694 5307 863 5381 μέρος
878 5310 1161 5383 ἀρχόντων
1179 5315 1587 5389 μεταϐληθῆναι
1618 5321 1652 5391 ἢ
1679 5321 1861 5378 τέλεον

271 5399 592 5471 ικκοπῆναι
648 5401 751 5474 οὐχ
795 5395 912 5466 οἷός
959 5420 1022 5458 τε
1066 5399 1160 5476 ἦν,
1206 5406 1275 5460 δι’
1316 5409 1486 5464 αὐτοῦ
1522 5412 1735 5473 ἐκείνου
1765 5416 1861 5472 τοῦ

334 5500 374 5534 ⁸·
400 5495 693 5555 Demosth.
727 5492 947 5571 Olgrrtlt.
977 5494 1020 5552 1.
1096 5508 1112 5547 t
1155 5497 1300 5557 Psal.
1331 5518 1510 5572 xxxtv,
1546 5503 1633 5561 10.

344 5687 393 5720 ⁸⁸
424 5685 600 5744 αὑτοῦ
636 5686 696 5746 Ρ.
770 5689 819 5723 ⁸⁷
860 5690 989 5771 περὶ
1021 5703 1131 5749 om.
1155 5691 1221 5746 Α.

1959 3111 2191 3168 egenum
2214 3095 2281 3151 de
2306 3110 2470 3149 manu
2503 3092 2798 3148 fortiorum
2849 3092 3126 3161 eriperent
3161 3101 3173 3139 ι
3212 3107 3228 3156 ;
3258 3088 3543 3159 paulatim-

1958 3207 2070 3264 que
2098 3207 2195 3248 eos
2223 3197 2539 3246 recrearcnt
2559 3201 2701 3258 quos
2741 3185 2812 3242 ob
2840 3184 3241 3256 praeteritorum
3286 3183 3543 3253 injuriam

1962 3285 2149 3341 animo
2173 3281 2417 3357 delinqui
2441 3288 2715 3336 noverant
2762 3292 2826 3333 ac
2851 3277 3072 3340 collabi,
3110 3291 3316 3346 eosque
3363 3275 3547 3329 suble—

1914 3398 1918 3403 ·
1961 3386 2156 3433 vantes
2206 3376 2275 3431 ad
2314 3373 2606 3446 pristinam
2668 3386 2862 3427 omnes
2920 3369 3234 3425 felicitatem
3290 3382 3548 3438 reparare

1963 3473 2268 3528 studerent.
2312 3466 2378 3522 lli
2414 3481 2600 3537 porro,
2630 3475 2743 3520 tum
2784 3478 2894 3535 qua
2929 3464 3032 3534 ipsi
3072 3461 3186 3533 jam
3242 3461 3401 3516 initio
3449 3478 3544 3515 ra-

1963 3562 2113 3618 tione
2153 3577 2220 3616 ac
2258 3567 2454 3630 sponte
2481 3557 2552 3612 ad
2586 3557 2842 3612 virtutem
2882 3556 3138 3624 propensi
3190 3562 3344 3609 erant
3375 3552 3548 3623 (tales

1963 3653 2111 3709 enim
2140 3650 2371 3707 omnino
2402 3646 2716 3718 deligebat),
2736 3656 2855 3701 tum
2878 3646 3225 3715 imperatoris
3254 3646 3402 3700 circa
3434 3644 3549 3700 haec

1964 3744 2331 3802 sollicitudine
2367 3757 2434 3797 ac
2464 3740 2612 3812 vigili
2650 3741 2704 3793 in
2727 3741 2985 3794 omnibus
3034 3736 3545 3807 circumspectione,

1963 3852 2088 3893 cum
2125 3851 2184 3893 se
2214 3843 2407 3891 mutuo
2433 3832 2665 3889 in'omni
2694 3830 2858 3887 ollicil
2885 3845 3084 3900 genere
3109 3843 3373 3897 superare
3414 3840 3548 3881 con-

1963 3929 2272 3997 tenderent,
2303 3927 2487 3985 statim
2520 3926 2701 3980 omnis
2741 3924 3007 3995 injustitia
3044 3923 3111 3977 ab
3138 3922 3394 3977 omnibus
3425 3935 3549 3990 pru-

1964 4026 2056 4080 cul
2084 4022 2381 4084 facessere,
2411 4035 2478 4076 ac
2504 4018 2720 4091 iustitia
2743 4016 2896 4072 omni
2921 4015 3100 4087 palam
3128 4014 3235 4083 coli
3257 4014 3545 4078 libertate;

1965 4131 2280 4188 manusque
2336 4129 2504 4185 supra
2553 4123 2718 4184 quam
2774 4110 2981 4165 Briarei
3023 4117 3181 4163 antea
3241 4107 3307 4162 ad
3372 4108 3550 4163 aliena

1964 4208 2229 4279 rapienda
2275 4214 2511 4263 extenta:
2569 4201 2799 4272 torpidis
2852 4199 3287 4270 stupe‘iactisque
3343 4198 3552 4253 similes

1966 4303 2262 4367 decidere;
2292 4301 2621 4369 inﬁrmaque
2646 4295 2801 4367 prius
2824 4308 3125 4365 egenorum
3155 4292 3401 4346 membra
3458 4289 3552 4345 lo-

1969 4399 2074 4456 bur
2101 4397 2353 4465 viresque
2384 4391 2656 4461 accipere,
2691 4389 2899 4443 idcirco
2930 4386 3195 4441 nimirum
3243 4384 3392 4454 quod
3433 4384 3551 4437 sin-

1970 4491 2113 4564 gulis
2148 4504 2308 4545 suam
2341 4488 2509 4542 libere
2550 4482 2935 4539 exercentibus
2984 4481 3219 4553 glebam,
3268 4478 3553 4548 vineaeque

1969 4591 2237 4655 proventu
2269 4578 2579 4636 [ruentibus
2604 4576 2871 4645 aviaeque
2896 4573 3065 4630 olivae
3097 4587 3163 4627 ac
3198 4572 3359 4635 licus,
3391 4584 3552 4624 nemo

1969 4683 2090 4733 erat
2112 4673 2210 4745 qui
2244 4672 2359 4727 haec
2406 4668 2509 4724 sibi
2532 4668 2727 4739 quavis
2761 4664 2965 4736 injuria
2995 4677 3264 4733 usurpare
3301 4660 3548 4726 auderet,

1969 4765 2068 4821 sed
2096 4763 2332 4833 quisque
2378 4759 2433 4815 in
2475 4758 2671 4813 borum
2724 4763 2992 4812 consueta
3043 4753 3298 4822 avitaque
3357 4750 3551 4804 umbra

1968 4854 2404 4927 conquiesceret.
2434 4850 2491 4905 in
2538 4850 2687 4905 hunc
2715 4862 2776 4904 se
2821 4846 3047 4902 modum
3102 4844 3226 4915 pius
3254 4842 3555 4913 imperator

1967 4966 2094 5020 erga
2126 4962 2320 5006 omnes
2370 4944 2624 5013 subditos
2671 4940 2927 5003 habebat,
2955 4947 3072 4994 tum
3104 4935 3197 5007 qui
3238 4934 3352 4989 ruri
3384 4933 3553 5002 inque

1966 5039 2185 5112 oppidis
2215 5048 2331 5093 tum
2362 5035 2457 5106 qui
2486 5035 2540 5088 in
2576 5030 2802 5089 urbibus
2844 5029 3098 5101 agebant,
3135 5033 3403 5096 quantum
3442 5022 3551 5078 Ro-

1966 5136 2118 5193 mani
2141 5131 2354 5203 imperii
2385 5127 2550 5200 259
2579 5139 2700 5181 sese
2738 5122 2877 5179 ditio
2906 5119 3279 5194 protrahebat.
3314 5114 3414 5171 Sin
3447 5130 3551 5170 au-

1968 5239 2079 5285 tem
2112 5225 2312 5297 aliquis
2348 5221 2519 5277 veluti
2551 5217 2773 5274 malitiae
2823 5229 3011 5271 ramus
3058 5214 3113 5267 in
3147 5212 3335 5281 aliquo
3371 5206 3549 5261 valide

1970 5322 2136 5379 nimis
2164 5317 2525 5390 conglobatus
2564 5329 2594 5368 ει
2626 5309 2998 5381 singularibus
3020 5303 3293 5377 praefectis
3338 5316 3402 5355 ac
3433 5312 3551 5352 ma-

1969 5413 2290 5490 gistratibus
2321 5417 2416 5466 aut
2453 5405 2684 5465 convelli
2732 5410 2829 5461 aut
2873 5399 3117 5459 exscindi
3164 5393 3388 5451 omnino
3437 5405 3547 5445 non

1582 5600 1821 5661 VARLE
1863 5596 2270 5662 LECTIONES.
