4056 6034
426 213 535 281 275

1525 227 2037 289 THEOPHANES
2072 229 2637 293 CONTINUATUS.

3598 228 3709 290 276

429 344 665 405 poterat,
704 334 991 408 ipsiusmet
1025 339 1371 410 imperatoris
1396 356 1569 414 Opera
1613 346 1825 400 meliori
1858 344 2014 418 fruge

2123 348 2503 418 βασιλεύοντος
2558 348 2593 421 ἦ
2655 345 3023 421 μετεϐάλλετο
3063 344 3099 418 ἦ
3157 344 3391 406 ἀλλοίως
3447 358 3564 408 πως
3616 349 3723 413 τὴν

427 432 882 502 componebatun,
918 446 1014 489 aut
1053 446 1202 493 certe
1232 437 1400 494 variis
1432 439 1555 495 aliis
1586 440 1762 496 modis
1790 440 2019 496 medici-

430 539 558 579 nam
600 526 927 599 accipiebat.
970 527 1107 584 Cum
1139 531 1284 585 enim
1314 530 1559 601 optimus
1587 530 1679 587 hic
1712 530 2019 603 imperator

427 634 525 690 per
547 634 766 675 omnem
798 621 907 675 late
925 622 1185 677 ditionem
1215 623 1542 693 injustitiam
1558 636 1787 695 prorsus
1814 623 2019 680 entir-

427 727 559 783 parc
585 714 962 781 contenderet,
1002 715 1203 787 ubique
1232 716 1448 773 sancita
1477 715 1651 774 edidit
1700 718 1869 789 inque
1890 731 2015 774 om-

428 821 527 862 nes
559 806 873 876 provincias
915 808 1088 873 misit,
1120 809 1323 879 quibus
1356 812 1507 866 datio
1544 811 1727 868 omnis
1768 824 1835 867 ac
1880 824 2020 881 pra-

428 901 617 967 statio,
654 916 766 971 pra:
797 901 990 957 inolita
1031 903 1162 958 olim
1189 919 1360 974 prava
1407 904 1813 962 consuetudine
1870 902 2019 960 haud

426 994 604 1049 aliena
632 1010 663 1050 a
704 994 918 1050 ratione
945 995 1088 1062 visa,
1116 996 1413 1053 toliobatur
1459 1013 1524 1052 ac
1564 996 2017 1063 exscindebatur,

425 1089 719 1160 omnisque
749 1090 1040 1160 aequalitas
1067 1104 1131 1146 ac
1156 1091 1368 1161 justitia
1399 1092 1550 1148 velut
1575 1107 1607 1146 a
1640 1092 1855 1162 prolixo
1875 1104 2020 1161 quo—

425 1182 554 1239 dam
589 1185 787 1241 exsilio
816 1199 881 1239 ac
921 1184 1127 1256 lugain
1163 1186 1291 1240 vitae
1335 1202 1496 1242 usum
1536 1186 1725 1242 reduci
1767 1186 2022 1255 interque

428 1277 676 1334 homines
703 1295 906 1334 novum
940 1279 1132 1336 vivere
1156 1280 1465 1336 videbatur.

497 1371 591 1426 31.
622 1368 730 1427 Sed
752 1386 808 1427 et
843 1374 937 1442 qui
966 1374 1033 1428 ad
1051 1372 1260 1443 judicia
1285 1372 1467 1428 idonei
1502 1387 1677 1443 exque
1706 1371 2019 1442 disciplinis

377 1465 380 1468 ’
426 1464 484 1519 in
513 1478 636 1519 eam
673 1480 786 1520 rem
819 1467 1077 1523 instructi
1120 1467 1260 1523 satis
1298 1466 1583 1537 animique
1628 1466 1903 1522 sententia
1956 1480 2021 1520 ac

424 1557 710 1614 voluntate
749 1559 993 1631 religiosi
1027 1560 1339 1633 integrique
1372 1560 1769 1627 noscebantur,
1801 1560 2020 1616 collatis

423 1650 734 1709 honoribus
794 1652 866 1708 ab
917 1652 1200 1709 humiliori
1263 1652 1434 1725 gradu
1487 1652 1786 1708 sustollens
1850 1661 2018 1723 atque

433 1734 730 1813 exaltans,
782 1747 1094 1818 annuisque
1150 1746 1440 1817 stipendiis
1483 1757 1540 1802 et
1586 1746 2018 1801 frumentatione

425 1836 665 1906 aliisque
695 1836 1017 1892 muneribus
1046 1836 1346 1894 liberaliter
1379 1836 1616 1901 donans,
1649 1851 1746 1908 per
1768 1835 2016 1907 singulos

426 1930 824 1999 propemodum
854 1930 1007 1987 vicos
1040 1930 1344 2001 domosque
1372 1931 1661 2001 religiosas
1694 1930 2012 1986 constituit.

424 2021 784 2078 Potissimum
827 2038 979 2087 vero,
1028 2038 1193 2095 quam
1244 2021 1478 2080 Chalees
1526 2032 1745 2087 vocant,
1792 2022 2016 2093 conspi-

425 2124 588 2165 cuam
618 2110 749 2165 olim
774 2125 839 2167 ac
865 2111 1241 2167 admirandam
1268 2112 1463 2181 :edem,
1515 2114 1782 2185 temporis
1813 2114 2016 2185 injuria

424 2216 736 2273 eorumque
766 2204 859 2275 qui
892 2219 1077 2260 rerum
1110 2205 1267 2275 potiti
1294 2215 1453 2262 erant
1476 2206 1806 2279 negligentia
1835 2204 2017 2277 (forte

425 2296 592 2354 etiam
637 2298 1015 2355 incendiorum
1047 2298 1135 2369 vi)
1184 2298 1375 2356 multis
1426 2301 1481 2356 in
1535 2300 1674 2356 locis
1717 2299 2015 2357 labefacta-

425 2396 567 2455 tam,
594 2390 848 2447 obsoleto
880 2398 1028 2447 tecto
1064 2406 1128 2448 ac
1150 2392 1478 2459 eollabente,
1512 2392 1631 2465 ipse
1662 2403 1718 2450 et
1748 2394 1932 2449 labore
1962 2402 2018 2449 ct

424 2482 671 2553 profusis
702 2484 1016 2557 sumptibus
1042 2486 1366 2557 cxpurgavit
1406 2495 1569 2558 atque
1598 2485 1812 2553 refecit,
1853 2487 2019 2559 260

425 2573 719 2647 forumque
744 2576 1008 2647 judiciaio
1040 2578 1359 2647 destinavit,
1391 2580 1677 2652 Areopago
1709 2578 2018 2650 Heliaaaque

425 2668 601 2723 multo
632 2669 941 2741 augustius.
969 2668 1081 2725 Nec
1131 2670 1378 2740 judicum
1418 2673 1765 2730 solummodo
1800 2673 2019 2730 delectu

426 2776 494 2818 ac
516 2762 861 2831 promotione
891 2763 1000 2819 illis
1028 2764 1264 2835 providit
1288 2766 1384 2837 qui
1411 2780 1470 2821 se
1498 2765 1702 2837 injuria
1736 2766 1856 2823 laedi
1881 2783 2018 2837 que-

426 2864 701 2923 rercntur,
727 2857 820 2912 sed
847 2865 902 2912 et
925 2857 1139 2913 diurnis
1178 2858 1453 2915 alimentis
1484 2858 1553 2915 iis
1580 2859 1896 2915 constitutis
1923 2861 2017 2929 qui

390 2950 902 3006 eminentioribus
931 2966 1028 3020 per
1065 2952 1177 3006 vim
1226 2951 1476 3023 quotidie
1509 2952 1564 3007 in
1599 2953 1791 3008 urbem
1827 2955 2017 3009 trahe-

2124 443 2375 515 ἰατρείαν
2420 444 2661 515 ἐδέχετο.
2714 440 2915 497 Τέλεον
2946 441 3057 515 γάρ
3093 438 3293 511 ιξάραι
3327 437 3596 494 πάντοθεν
3620 439 3725 508 τὴν

2122 536 2343 593 ἀδικίαν
2380 539 2410 592 ό
2442 536 2736 609 κράτιστος
2777 527 2939 601 οὗτος
2978 532 3305 604 φιλονιικῦν
3343 530 3623 601 πανταχοῦ
3661 547 3724 585 τε

2122 631 2473 700 διατάγματα
2499 628 2720 693 ἐξέθετο
2744 627 2842 683 καὶ
2870 626 3015 681 κατά
3048 628 3231 682 πᾶσαν
3264 623 3454 697 χώραν
3484 624 3724 692 ἐξέπεμ-

2119 725 2247 795 ψεν,
2269 723 2341 779 δι’
2361 716 2440 780 ὧν
2470 724 2625 779 πᾶσα
2670 721 2823 786 δόσις
2854 720 3021 793 μέχρι
3060 719 3186 774 τότε
3232 719 3297 773 τὸ
3324 717 3550 788 εθλογον
3576 717 3725 787 ἔχειν

2120 815 2360 873 δοκοῦσα
2413 813 2507 871 διά
2554 813 2659 887 τήν
2717 812 2964 884 πονηρὰν
3011 810 3124 866 ἀπὸ
3171 812 3371 881 χρόνου
3429 807 3726 879 συνήθειαν

2122 910 2382 982 ἀνῃρεῖτο
2439 909 2540 963 καὶ
2584 905 2940 981 ὲξεκόπτετο,
2991 904 3090 959 καὶ
3153 901 3404 972 ίσονομία
3445 902 3600 956 πᾶσα
3626 897 3728 953 καὶ

2121 1001 2437 1072 δικαιοσύνη
2470 999 2664 1071 ὥσπερ
2695 998 2809 1053 ἀπό
2853 1014 3005 1061 τινος
3051 993 3353 1068 ὑπερορίου
3400 991 3580 1062 φυγῆς
3606 987 3727 1045 ἰδό-

2124 1113 2212 1150 κει
2240 1096 2496 1152 κατιέναι
2516 1094 2657 1167 πρὸς
2686 1094 2781 1149 τὸν
2802 1093 2919 1166 βίον
2951 1090 3049 1148 και
3069 1092 3183 1155 τοῖς
3203 1078 3517 1160 ἀνθρώποις
3543 1086 3725 1157 lum-

2127 1187 2469 1245 λιτεύεσθαι.

2195 1382 2302 1435 λα’.
2344 1377 2509 1433 una
2538 1376 2637 1431 καὶ
2681 1373 2812 1438 τοὺς
2860 1373 2944 1437 εἰς
2984 1369 3052 1426 τὸ
3103 1367 3315 1443 κρίνειν
3348 1363 3721 1436 ἐπιτηδείους.

2124 1474 2235 1528 ἀπὸ
2259 1472 2362 1544 μὶν
2398 1470 2446 1503 ⁸⁸
2471 1469 2817 1542 μαθημάτων
2847 1465 2994 1538 ἔχειν
3015 1464 3078 1520 τὸ
3107 1462 3153 1497 ⁸⁸
3178 1460 3369 1517 ίκανδν
3395 1474 3719 1531 μαρτυρου-

2127 1568 2346 1639 μένους,
2392 1563 2505 1619 ἀπὸ
2532 1563 2590 1617 δὲ
2623 1560 2850 1633 γνώμης
2878 1558 2976 1615 καὶ
3003 1556 3382 1629 προαιρέσεως
3404 1552 3468 1608 τδ
3492 1548 3725 1614 εὐσεϐές

2123 1678 2183 1714 τε
2218 1662 2316 1714 καὶ
2339 1656 2749 1729 ἀδωρόληπτον,
2786 1651 3065 1725 ἀξιώμασί
3105 1666 3168 1705 τε
3195 1648 3296 1721 τῆς
3321 1645 3725 1717 ταπεινοτέρας

2121 1750 2382 1823 βαθμίδος
2413 1747 2734 1821 ὑπεραίρων
2781 1746 2878 1802 καὶ
2930 1743 3155 1817 ἀνυψῶν
3191 1742 3287 1799 καὶ⁸
3328 1740 3508 1815 ρογῶν
3531 1742 3719 1794 ἐνιαυ-

2120 1843 2253 1899 σίων
2280 1840 2534 1897 ὲκθέσεσι
2572 1840 2668 1894 καὶ
2690 1837 3023 1909 σιτηρεσίων
3050 1835 3229 1892 ἄλλων
3259 1835 3358 1888 καὶ
3384 1830 3720 1903 φιλοτιμιῶν

2119 1936 2392 2006 παροχαῖς
2418 1932 2767 2003 δεξιούμενος
2794 1931 2933 1986 κατά
2956 1930 3143 1983 πᾶσαν
3170 1926 3362 1999 σχεδὸν
3387 1924 3590 1994 ἀγυιὰν
3621 1925 3721 1977 καὶ

2119 2028 2230 2082 πᾶν
2270 2026 2472 2097 εὐαγὲς
2535 2025 2865 2094 ἐνδιαίτημα
2911 2024 3345 2093 ἐγκατέστησεν.
3386 2016 3720 2089 Ἐξαιρέτως

2116 2119 2176 2175 δὲ
2208 2120 2270 2175 τὺ
2292 2120 2590 2194 λεγόμενον
2612 2118 2715 2189 τῆς
2746 2116 2967 2187 Χαλκῆς
3019 2114 3410 2188 λαμπρότατον
3447 2111 3513 2165 «is
3540 2108 3719 2165 πάλαι

2118 2214 2217 2268 καὶ
2248 2212 2583 2282 ἀξιάγαστον
2611 2212 2843 2282 οἴκημα,
2884 2208 2963 2280 τῷ
2995 2209 3179 2281 χρόνῳ
3209 2206 3302 2261 καὶ
3326 2207 3395 2279 τῇ
3428 2203 3540 2259 τῶν
3571 2218 3717 2274 κραο

2115 2305 2355 2361 τούντων
2387 2302 2655 2376 ῥᾳθυμίᾳ,
2674 2304 2805 2365 ῐσως
2823 2300 2882 2354 δὲ
2909 2300 3007 2354 καὶ
3027 2299 3141 2354 ἀπό
3159 2314 3322 2353 τινων
3339 2292 3716 2369 ἐμπρησμῶν,

2118 2397 2264 2452 κατά
2303 2396 2451 2468 μέρη
2478 2392 2654 2448 πολλὰ
2687 2392 2948 2466 διαρρυὲν
2972 2391 3070 2446 καὶ
3094 2389 3196 2461 τήν
3235 2386 3441 2459 ὀροφήν
3472 2388 3720 2457 πονήσα-

2121 2507 2224 2545 σαν
2249 2487 2511 2559 έσχηκδς,
2550 2486 2717 2551 αὐτὸς
2748 2485 2846 2539 καὶ
2879 2482 3031 2554 πόνῳ
3059 2482 3157 2537 καὶ
3184 2482 3457 2546 δαπάναις
3486 2480 3719 2551 συχναῖς

2120 2581 2445 2653 ἀπεκάθηρέ
2497 2598 2559 2635 τε
2603 2580 2698 2634 καὶ
2749 2578 3183 2651 περιεποιήσατο
3218 2575 3313 2629 καλ⁵
3363 2572 3546 2629 κοινὸν
3574 2588 3716 2627 κατ-

2121 2676 2319 2746 έστησε
2349 2671 2728 2743 δικαστήριον,
2771 2666 2989 2738 ’Δρείου
3016 2683 3076 2720 τε
3113 2666 3291 2735 πάγου
3325 2666 3422 2719 καῖ.
3461 2662 3718 2723 Ἠλιαὶας

2124 2767 2475 2841 σεμνότερον.
2505 2764 2583 2821 Οὐ
2618 2764 2782 2835 μόνον
2807 2763 2865 2817 δὲ
2917 2760 3007 2815 διὰ
3034 2762 3134 2832 τῆς
3160 2758 3274 2813 τῶν
3313 2756 3521 2829 κριτῶν
3558 2754 3719 2809 Exlo-

2122 2865 2229 2931 γῆς
2248 2876 2307 2915 τε
2332 2859 2427 2913 καὶ
2450 2856 2726 2930 προϐολῆς
2756 2855 2805 2887 ⁸⁸
2848 2854 2976 2919 τοὺς
3014 2850 3322 2908 ἀδικεῖσθαι
3353 2848 3442 2924 ῙΡ.
3467 2847 3595 2920 162]
3622 2848 3717 2903 λέ-

2122 2972 2323 3026 γοντας
2374 2952 2486 3007 τῶν
2535 2951 2767 3005 δικαίων
2799 2948 3092 3019 τυγχάνειν
3137 2945 3530 3016 προενοήσατο,
3573 2940 3721 2998 ἀλλὰ

426 3054 641 3099 rentur.
675 3042 895 3098 Veritus
919 3044 1064 3099 enim
1096 3060 1164 3099 ne
1193 3046 1499 3101 necessarii
1531 3056 1874 3103 commeatus
1918 3061 2009 3117 pe—

2123 3050 2215 3104 καὶ
2250 3047 2339 3101 διά
2367 3047 2465 3118 τῆς
2495 3043 2744 3115 παροχῆς
2798 3044 2897 3115 τῆς
2948 3039 3075 3097 καθ’
3110 3040 3334 3113 ἡμέραν
3363 3038 3570 3110 τροφῆς
3600 3035 3717 3090 τῶν

426 3137 588 3192 nuria
636 3136 867 3191 necdum
911 3137 1167 3192 absoluto
1199 3139 1415 3208 negotio
1449 3136 1599 3195 haud,
1623 3153 1753 3194 raro
1782 3138 2011 3211 quidam

426 3230 564 3283 urbe
618 3229 976 3295 excederent,
1031 3228 1365 3286 sufficientes
1421 3230 1708 3286 constituit
1766 3230 2014 3296 reditus,

428 3321 575 3375 unde
601 3330 818 3378 actores
837 3332 1286 3392 procurarentur,
1304 3325 1480 3379 donec
1504 3339 1534 3378 a
1552 3324 1739 3395 judice
1762 3324 1909 3379 dicta
1933 3324 2015 3379 eis

428 3414 699 3468 sententia
727 3423 895 3471 esset.
926 3412 1037 3471 Nec
1077 3416 1181 3471 ista
1221 3415 1387 3472 modo
1418 3417 1539 3487 ejus
1587 3418 1807 3473 inventa
1832 3417 1899 3472 ad
1929 3416 2013 3471 in-

422 3508 629 3578 juriam
679 3510 901 3580 penitus
966 3509 1382 3582 proﬂigandam,
1437 3511 1532 3567 sed
1571 3522 1625 3567 et
1665 3512 1904 3581 scipsum
1958 3511 2012 3566 in

429 3600 572 3656 hanc
609 3600 817 3656 dedidit
844 3613 1073 3672 partem.
1104 3600 1240 3655 Cum
1268 3602 1412 3656 enim
1437 3617 1467 3656 a
1508 3603 1770 3658 ducendis
1805 3603 2015 3657 exerci-

431 3694 579 3748 tibus
602 3703 697 3747 aut
721 3693 918 3749 dandis
948 3694 1232 3763 responsis
1260 3694 1627 3763 undequaquo
1670 3694 2015 3748 adventanti~

428 3788 532 3843 bus
568 3787 762 3857 legatis
790 3788 839 3842 ei
875 3796 1113 3850 vacaret,
1142 3789 1257 3857 ipse
1281 3804 1340 3843 se
1366 3788 1491 3842 aula
1510 3787 1826 3844 subduc-ens
1846 3789 2015 3859 inque

428 3877 637 3934 Genico
670 3882 853 3949 posito
878 3878 1137 3934 tribunali
1164 3880 1279 3950 (sic
1316 3879 1463 3935 dicto
1492 3880 1634 3944 loco,
1659 3880 1734 3934 uti
1778 3880 2012 3947 videtur,

428 3972 578 4041 quod
608 3986 676 4027 ex
706 3973 860 4029 omni
888 3972 1011 4026 loco
1039 3971 1106 4026 ad
1134 3972 1383 4042 publicas
1410 3973 1652 4028 rationes
1677 3987 1743 4027 co
1770 3972 2013 4027 conﬂuc-

428 4066 590 4131 rent)
620 4081 719 4122 eos
749 4066 842 4136 qui
874 4081 902 4120 τι
940 4065 1245 4135 publicanis
1274 4076 1377 4120 nar
1459 4081 1603 4130 raro,
1635 4075 1696 4119 ut
1733 4065 1847 4121 fere
1876 4080 2015 4120 con-

429 4140 593 4230 tingit
621 4158 694 4213 ob
729 4158 942 4228 imperii
977 4158 1417 4228 amplitudinem,
1441 4157 1640 4228 injuria
1668 4157 2016 4211 adicerentur

430 4268 497 4308 ac
522 4252 672 4306 velut
702 4252 772 4307 ad
805 4263 1124 4322 prytaneum
1159 4251 1226 4305 ad
1276 4252 1549 4321 ejusmodi
1588 4251 1780 4320 judicii
1828 4251 2012 4304 locum

431 4351 797 4415 comugerent
821 4357 1060 4412 suasque
1092 4342 1558 4411 expostulationes
1587 4342 1864 4404 oll‘errrnt,
1898 4356 2012 4394 ma-

2120 3141 2217 3197 ἐπὶ
2243 3142 2309 3210 τῇ
2334 3139 2488 3209 παρὰ
2516 3136 2626 3191 τῶν
2659 3135 3031 3207 ἰσχυροτέρων
3057 3131 3151 3205 βίᾳ
3171 3132 3432 3187 ἑκάστοτε
3455 3128 3592 3199 πρὸς
3608 3128 3715 3197 τὴν

2120 3230 2521 3303 βασιλεύουσαν
2566 3226 3041 3299 ἀναγκαζομένων
3092 3222 3444 3297 εἰσέρχεσθαι
3514 3220 3716 3285 Δείσας

2117 3326 2229 3395 γάρ
2263 3323 2340 3394 μὴ
2371 3320 2580 3395 ἀπορίᾳ
2608 3318 2721 3374 τῶν
2749 3318 3074 3388 ἐπιτηδείων
3109 3317 3369 3379 πολλάκις
3409 3314 3555 3376 τινες
3601 3311 3717 3385 πρὸ

2116 3414 2212 3469 τοῦ
2244 3416 2421 3485 πέρας
2453 3412 2556 3485 τήν
2582 3408 2706 3466 κατ’
2744 3409 2945 3473 αὐτοὺς
2995 3408 3259 3462 ὑπόθεσιν
3310 3404 3573 3473 δέξασθαι
3598 3402 3716 3457 τῶν

2117 3506 2242 3579 τῇδε
2296 3506 2724 3577 ἀναχωρήσωσι,
2779 3501 3045 3573 πρόσοδον
3105 3498 3383 3573 ἀρκοῦσαν
3426 3498 3715 3569 ἀφώρισεν

2119 3593 2305 3671 άφ⁹ἧς
2333 3600 2381 3653 oi
2417 3599 2463 3630 ’ί
2494 3594 2858 3667 ιγκαλοῦντες
2903 3594 3048 3648 κατά
3091 3612 3255 3649 τινων
3310 3591 3713 3661 άπετρέφοντο,

2118 3695 2221 3756 ἕως
2245 3694 2343 3767 τὴν
2362 3690 2473 3746 ἀπο
2491 3690 2587 3744 τοῦ
2602 3688 2860 3747 δικαστοῦ
2878 3688 3157 3757 ἀπόφασιν
3191 3685 3406 3740 ἔλαϐον.
3432 3685 3507 3739 Οὐ
3538 3681 3709 3737 ταῦτα

2116 3788 2174 3842 δὲ
2195 3786 2335 3858 μόνα
2372 3785 2510 3857 πρὸς
2567 3783 2668 3855 τὴν
2708 3782 2956 3851 παντελῆ
2975 3783 3076 3853 τῆς
3126 3780 3342 3844 ἀδικίας
3371 3780 3712 3849 ἐπενοήσατο

2117 3880 2521 3950 ἐξολόθρευσιν,
2546 3878 2684 3932 ἀλλὰ
2710 3876 2809 3931 καὶ
2863 3875 3059 3930 ἑαυτὸν
3097 3876 3177 3937 εἰς
3218 3873 3278 3927 τδ
3302 3872 3515 3927 τοιοῦτο
3541 3871 3711 3945 μέρος

2117 3975 2397 4029 ἐπέδωκε·
2436 3976 2528 4027 καὶ
2553 3974 2686 4027 ὅταν
2724 3972 2884 4041 ἔτυχε
2920 3972 3031 4024 τῶν
3090 3967 3391 4039 στρατειῶν
3431 3966 3713 4037 σχολάζων

2119 4066 2332 4123 καὶτοῦ
2353 4067 2722 4138 χρηματίζειν
2772 4066 2896 4128 ταῖς
2953 4062 3332 4135 ἁπανταχόθεν
3363 4060 3712 4134 πρεσδείαις,

2120 4162 2285 4227 αὐτὸς
2341 4160 2454 4214 τῶν
2506 4159 2799 4231 βασιλείων
2855 4158 3167 4213 ὑποκατιὼν
3219 4159 3312 4211 καὶ
3368 4158 3448 4221 είς
3509 4157 3571 4209 τὸ
3624 4155 3713 4209 διά

2119 4256 2247 4318 τοὺς
2275 4255 2323 4287 ⁸³
2345 4253 2690 4325 πανταχόθεν
2711 4255 2792 4315 εἰς
2838 4252 2973 4307 αὐτὸ
3024 4252 3438 4322 συντρέχοντας,
3484 4249 3562 4311 ὡς
3605 4247 3715 4301 Eor-

2123 4365 2241 4412 κεν,
2274 4348 2568 4417 λεγόμενον
2628 4346 2855 4400 Γενικδν
2900 4345 3265 4415 καθεζόμενος
3302 4345 3427 4407 τοὺς
3471 4343 3578 4397 ὑπὸ
3600 4341 3713 4395 τῶν

431 4451 541 4506 gno
568 4411 757 4491 labore
783 4411 1115 4504 assiduaqne
1142 4434 1419 4505 diligentia
1447 4434 1819 4497 examinabat,
1851 4445 2016 4502 atque

2124 4411 2566 4509 εἰσπραττόντων
2621 4440 2753 4502 τοὺς
2806 4411 3114 4509 δημοσίους
3159 4438 3361 4509 φόρους
3426 4435 3709 4499 πολλάκις,

433 4532 491 4584 in
521 4544 648 4584 eum
678 4527 900 4585 modum
933 4525 1001 4582 iis
1026 4526 1122 4595 qui
1168 4526 1367 4594 injuria
1410 4524 1787 4580 adiciebantur
1817 4526 2016 4581 vindex

434 4624 693 4687 sedebat;
727 4637 820 4677 cos
847 4636 979 4675 vero
1005 4620 1098 4691 qui
1127 4619 1422 4683 faciebant,
1455 4620 1633 4690 pomis
1670 4636 1699 4675 a
1727 4621 1845 4691 lege
1884 4638 2018 4693 pra-

433 4713 678 4784 scriptis,
739 4727 807 4767 ne
862 4712 992 4766 talia
1048 4710 1306 4780 deinceps
1359 4710 1646 4776 auderent,
1685 4714 2015 4770 deterrebat.

436 4804 759 4860 Subsecutis
792 4802 989 4857 deinde
1032 4803 1369 4873 temporibus
1425 4802 1567 4858 fama
1613 4816 1715 4869 cst,
1766 4822 1893 4858 cum
1950 4805 2017 4860 ad

434 4913 561 4953 cum
586 4894 780 4965 judieii
811 4894 991 4948 locum
1026 4904 1185 4964 atque
1212 4894 1519 4964 palaestram
1549 4900 1873 4953 accessisset
1907 4899 2017 4955 illis

434 4992 630 5047 vinch
662 4990 883 5046 futurus
926 4992 1021 5060 qui
1061 4992 1165 5045 ulla
1209 4990 1410 5059 injuria
1442 4992 1821 5061 pulsarentur,
1854 4995 2012 5068 261

436 5084 655 5142 nemine
682 5086 1082 5155 expostulante,
1133 5099 1259 5138 cum
1289 5084 1343 5137 in
1392 5096 1627 5141 mentem
1675 5089 1919 5142 venisset
1955 5103 2021 5143 ne

433 5175 577 5232 forte
608 5176 855 5246 ingressu
877 5177 943 5231 ad
977 5174 1154 5245 ipsum
1183 5176 1607 5246 prohiberentur
1626 5179 1719 5247 qui
1751 5180 2017 5237 damnum

438 5269 661 5336 aliquod
702 5268 907 5338 injttSte
950 5276 1291 5337 paterentur,
1331 5286 1395 5323 ex
1440 5272 1759 5341 stipantium
1797 5275 2022 5332 cohorte

440 5361 658 5415 misisse
688 5359 782 5429 qui
811 5375 906 5429 per
945 5360 1092 5413 varia
1124 5360 1277 5414 urbis
1325 5362 1437 5414 loca
1490 5362 1855 5432 inquirerent,
1888 5382 2019 5421 num

436 5454 565 5521 quis
586 5451 856 5506 adversus
885 5451 1122 5522 aliquem
1154 5453 1545 5522 expostularet.
1575 5455 1678 5512 Ubi
1717 5457 2016 5526 redierunt,

438 5543 647 5603 nullum
694 5558 755 5601 se
784 5543 1058 5599 invenisse
1091 5544 1338 5603 dicentes
1380 5547 1472 5619 qui
1524 5550 1870 5620 querelarum
1921 5554 2022 5608 ali-

2123 4526 2211 4586 οἷα
2258 4528 2570 4602 συμϐαίνει,
2617 4529 2706 4584 διά
2756 4529 2819 4582 τὸ
2867 4527 3102 4601 μέγεθος
3142 4529 3240 4600 τῆς
3272 4528 3449 4600 ἀρχῆς
3486 4526 3708 4581 ἀδικου-

2131 4624 2329 4694 μένους
2400 4622 2501 4677 καὶ
2546 4622 2743 4692 ὥσπερ
2793 4622 2874 4686 εἰς
2914 4622 3096 4676 κοινὸν
3146 4623 3477 4693 πρυτανεῖον
3511 4622 3594 4683 εἰς
3650 4618 3714 4671 τὸ

2124 4716 2370 4772 τοιοῦτον
2434 4715 2807 4787 διαιτητήριον
2907 4714 3357 4786 καταφεύγοντας
3440 4714 3535 4767 καὶ
3614 4713 3713 4775 τὰς

2120 4810 2331 4875 οἰκείας
2404 4810 2698 4879 ὲγκλήσεις
2762 4808 3244 4880 προϐαλλομένους
3325 4807 3467 4879 μετὰ
3544 4807 3711 4861 πόνου

2128 4902 2326 4958 πολλοῦ
2354 4902 2452 4957 καὶ
2505 4902 2708 4973 συχνῆς
2755 4899 3074 4973 ἐπιμελείας
3118 4899 3407 4970 ἐξήταζεν,
3443 4901 3539 4954 καὶ
3570 4897 3716 4954 οὕτω

2125 5000 2240 5061 τοῖς
2278 4998 2662 5066 ἀδικουμένοις
2728 4998 3008 5067 ἐπήμυνεν
3060 4999 3157 5049 καὶ¹
3211 4997 3336 5059 τοὺς
3389 4993 3715 5058 ἀδικοῦντας

2129 5093 2299 5145 ἔπαυε
2319 5090 2408 5144 διὰ
2445 5090 2545 5161 τῆς
2570 5090 2806 5161 νομίμου
2845 5088 3117 5160 τιμωρίας
3141 5088 3237 5142 τοῦ
3282 5089 3481 5160 μηκέτι
3508 5088 3715 5159 τολμᾷν

2127 5184 2201 5237 τά
2232 5182 2458 5237 τοιαῦτα
2487 5185 2683 5235 ποιεῖν.
2732 5180 2958 5251 Χρόνοις
2992 5179 3048 5234 δὲ
3079 5179 3308 5251 ὕστερον
3334 5178 3553 5248 λέγεταί
3581 5192 3713 5231 ποτε.

2133 5276 2421 5331 κατελθεῖν
2450 5276 2530 5339 είς
2561 5276 2658 5345 τὴν
2690 5274 2950 5341 τοιαύτην
3000 5273 3289 5344 διατριϐὴν
3316 5273 3454 5343 πρὸς
3476 5271 3577 5343 τὴν
3604 5273 3713 5324 τῶν

2129 5370 2510 5439 ἀδικουμένων
2566 5365 2848 5435 ἐκδίκησιν
2873 5384 2887 5395 ·
2937 5364 3013 5429 ὼς
3053 5365 3098 5419 δ’
3122 5365 3313 5437 ἔτυχεν
3335 5364 3512 5428 οὐδεὶς
3538 5367 3708 5432 ἐγκα-

2128 5462 2257 5527 λῶν,
2293 5460 2641 5532 ὑποτοπήσας
2671 5459 2777 5512 ὑπό
2821 5475 2984 5512 τινων
3008 5459 3105 5527 τῆς
3146 5457 3283 5529 πρὸς
3314 5457 3477 5512 αὑτὸν
3503 5456 3707 5510 εἰσόδου

2131 5551 2505 5623 ἀνείργεσθαι,
2536 5551 2664 5613 τοὺς
2697 5550 2827 5620 περὶ
2856 5548 3019 5603 αὑτὸν
3049 5549 3388 5624 δορυφόρους
3421 5544 3709 5605 ἀπέστειλε

1711 5646 1945 5705 νΑιιιιε
1985 5648 2392 5707 LECTIUNES.

506 5734 552 5767 δ’
583 5736 710 5810 μὲν]
735 5737 842 5792 τῶν
871 5735 932 5793 Ρ.
1008 5736 1054 5771 δ’
1090 5740 1151 5795 τὸ
1179 5756 1288 5799 om.
1321 5740 1381 5796 P.
1457 5744 1504 5778 ”
1533 5745 1841 5814 προσϐολῆς
1874 5746 1935 5802 Α.
2018 5749 2059 5781 ⁸¹
2092 5750 2138 5803 οξ
2176 5762 2282 5805 om.
2329 5745 2389 5801 Ρ.
2466 5746 2515 5778 ³⁹
2542 5741 2693 5813 τοὺς]
2718 5742 2781 5797 τδ
2816 5743 2944 5808 τοὺς
2984 5740 3096 5798 ΑΡ·
