4056 6034
363 218 471 285 279

1476 223 1987 290 THEOPHANES
2006 231 2446 297 CONTINUAT
2456 238 2568 298 US.

3545 219 3654 298 280

370 332 451 386 uti
503 331 742 390 maxime
785 330 950 404 lignis
992 331 1245 390 dulcibus
1289 333 1670 392 adnascuntur
1715 355 1947 409 vermes,

2053 347 2129 412 ὡς
2159 351 2273 413 τοῖς
2294 349 2522 419 γλυκέσι
2547 349 2784 420 μάλιστα
2813 348 2923 404 τῶν
2955 350 3128 415 ξύλων
3158 349 3207 404 οί
3232 348 3538 420 σκώληκες,
3558 352 3654 405 καὶ

371 422 611 495 malique
679 424 954 481 daemones
1003 441 1310 481 annuorum
1372 436 1528 484 terra:
1584 440 1948 500 proventuum

371 515 704 587 frugumque
738 516 973 572 ubertati
1011 517 1316 574 invidentes
1343 534 1638 588 pravorum
1663 523 1948 578 hominum

369 623 538 680 opera
587 610 860 666 bonorum
911 610 1248 668 feracitatem
1291 615 1621 671 conturbare
1654 628 1946 683 conantur,

365 717 434 757 ex
468 703 662 758 horum
692 720 921 759 numero
982 706 1046 759 ad
1109 704 1459 776 imperatoris
1507 707 1677 764 vitam
1735 709 1953 764 insidiis

366 795 627 866 ferroque
652 797 1010 867 appetendam
1045 798 1297 855 instrueti
1331 798 1650 871 Symbatius
1685 816 1749 856 ac
1777 802 1951 858 Geor-

367 887 490 956 gius
518 904 643 942 cum
679 889 962 945 hominum
991 890 1328 946 nefariorum
1359 909 1424 948 ac
1455 894 1745 962 impiorum
1767 894 1946 949 turba.

368 977 525 1032 Haud
561 987 742 1032 tamen
773 979 1001 1034 omnino
1029 981 1108 1037 eis
1147 982 1336 1048 licuit,
1377 998 1484 1039 non
1514 985 1730 1040 sinente
1757 985 1864 1040 Deo
1895 995 1953 1039 ut

368 1067 628 1138 depressa
673 1070 997 1142 devictaque
1039 1073 1247 1128 malitia
1289 1075 1437 1130 brevi
1487 1077 1646 1147 quasi
1686 1075 1952 1147 reparatis

367 1162 577 1218 viribus
629 1163 1034 1220 conviviscerct
1094 1181 1271 1237 exque
1323 1169 1455 1223 orbe
1504 1170 1816 1240 aequitatem
1887 1186 1951 1225 ac

363 1254 638 1320 justitiam
690 1256 937 1325 pelleret.
962 1257 1390 1327 Conjnralorum
1418 1277 1529 1317 uno
1558 1262 1823 1332 prodente
1855 1277 1952 1318 eo-

366 1362 490 1402 rum
523 1347 578 1402 in
603 1358 855 1419 apertqu
881 1351 1111 1406 deducta
1137 1354 1470 1411 machinatio
1495 1365 1599 1411 est.
1631 1355 1952 1414 Subsecutis

366 1441 618 1496 criminis
653 1443 874 1500 indiciis
898 1446 1189 1517 evictaque
1231 1462 1418 1514 causa,
1451 1448 1627 1518 legum
1663 1452 1954 1504 severitate

365 1542 672 1588 extremum
707 1535 1029 1592 imminebat
1055 1539 1416 1610 supplicium,
1455 1551 1514 1596 ut
1544 1541 1804 1598 nimirum
1854 1542 1951 1618 ho-

368 1642 569 1683 norum
613 1629 856 1684 omninm
905 1633 1313 1703 proscriptione
1343 1634 1617 1688 damnatis
1644 1635 1808 1689 etiam
1842 1637 1950 1690 vita

366 1722 724 1780 adimeretur.
778 1723 852 1779 At
901 1728 1155 1797 generosi
1210 1728 1470 1798 principis
1500 1729 1794 1785 clementia
1845 1746 1954 1786 una

365 1816 634 1872 duntaxat
677 1818 968 1874 oculorum
1001 1819 1316 1888 ell‘ossione,
1366 1837 1559 1876 eorum
1611 1824 1956 1880 solummodo

365 1908 462 1979 qui
489 1910 642 1979 pravi
671 1911 891 1966 consilii
921 1922 1177 1968 auctores
1207 1915 1556 1982 exstiterant,
1600 1931 1818 1986 poenam
1861 1917 1956 1972 de-

364 2001 575 2069 ﬁnivit;
630 2003 918 2075 magisque
992 2005 1256 2061 ultionem
1301 2008 1621 2064 moderatus
1673 2019 1838 2075 esset,
1899 2011 1953 2065 ni

364 2105 711 2165 perspectum
739 2097 1027 2152 habuisset
1047 2114 1259 2154 summa
1297 2100 1352 2153 in
1384 2115 1477 2156 eos
1501 2100 1792 2157 clementia
1818 2103 1956 2158 alios

364 2201 583 2258 quoque
617 2187 684 2242 ad
729 2187 871 2242 idem
910 2188 1091 2244 scelus
1131 2189 1442 2245 audendum
1472 2206 1826 2262 provocatum
1861 2195 1950 2261 iri,

363 2289 594 2351 tumque
647 2279 976 2352 adigendum
1029 2297 1088 2337 se
1147 2286 1461 2339 necessario
1520 2287 1587 2340 ad
1649 2288 1954 2344 atrociores

364 2389 558 2442 poenas
584 2375 902 2445 exigendas.
939 2373 1150 2431 Idcirco
1169 2392 1256 2442 ea,
1289 2392 1454 2448 quam
1479 2380 1612 2448 dixi,
1637 2395 1799 2450 poena
1840 2392 1952 2436 tum

363 2465 472 2520 illis
501 2464 666 2538 264
692 2468 1028 2534 poenitentiae
1065 2477 1279 2540 tempus
1336 2451 1589 2541 praebuit,
1634 2481 1749 2528 tum
1782 2474 1955 2529 malos

360 2557 604 2628 reliquos
643 2561 910 2615 coercuit.
943 2561 1182 2617 Studens
1223 2573 1402 2618 autem
1436 2565 1700 2636 majorem
1746 2566 1802 2620 in
1832 2582 1954 2620 mo-

360 2651 487 2706 dum
514 2667 705 2706 eorum
739 2653 1036 2722 reprimere
1067 2655 1282 2712 animos
1323 2657 1419 2727 qui
1469 2658 1672 2728 injuste
1711 2660 1942 2714 aliorum

361 2747 603 2804 caedibus
660 2747 893 2815 inhiant,
964 2762 1296 2818 omnemque
1345 2749 1454 2804 illis
1510 2765 1662 2820 spem
1715 2750 1952 2819 auferre,

364 2841 505 2896 ﬁlios
541 2851 672 2896 natu
705 2840 946 2910 majores
996 2841 1423 2897 Constantinum
1469 2851 1636 2914 atque
1689 2843 1950 2909 Leonem,

362 2931 513 3002 regie
538 2929 654 3001 jam
682 2932 944 2988 educatos
993 2945 1056 2986 ac
1079 2933 1329 2988 eruditos
1359 2934 1622 3005 omnique
1647 2935 1848 2990 virtute
1885 2952 1952 2990 ex

2055 444 2121 515 τῇ
2150 447 2393 514 κοσμικῇ
2444 444 2706 516 εὐετηρίᾳ
2738 445 2830 498 καὶ
2885 445 3114 516 εὖθηνίᾳ
3176 444 3542 515 βασκαίνοντα
3581 446 3651 499 τὰ

2055 535 2238 603 φαῦλα
2262 535 2525 607 δαιμόνια
2571 536 2661 591 διὰ
2718 538 2972 609 πονηρῶν
3029 536 3338 607 ἀνθρώπων
3394 539 3655 609 πειρᾶται

2054 625 2154 697 τὴν
2183 626 2293 680 τῶν
2337 628 2562 697 ἀγαθῶν
2614 630 2949 700 συνταράξαι
2979 628 3174 700 φορὰν,
3219 629 3283 683 έκ
3322 629 3531 683 τούτων
3559 628 3658 682 καὶ

2054 719 2231 789 τούτῳ
2284 720 2556 791 συσκευὴν
2604 721 2920 790 ἐπιϐουλῆς,
2982 721 3124 793 μετὰ
3177 723 3274 776 καὶ
3307 722 3444 793 πρὸς
3494 721 3654 790 φόνον

2053 813 2334 878 ὁπλίζεται
2363 815 2669 884 Συμϐάτιος
2697 817 2792 869 καὶ
2813 815 3084 886 Γεώργιος
3107 818 3246 886 μετὰ
3277 816 3500 884 στίφους
3519 816 3654 868 ἀπο-

2056 903 2276 974 φράδων
2300 904 2606 976 ἀνθρώπων
2629 906 2724 960 καὶ
2755 906 3054 962 δυσσεϐῶν.
3075 907 3149 960 Οὐ
3171 906 3585 978 συγχωροῦντος
3605 905 3653 937 ⁸ο

2053 996 2109 1049 δὲ
2151 997 2390 1063 πάντως,
2421 998 2532 1053 οὐδ’
2560 998 2891 1069 ἀνεχομένου
2923 997 3058 1052 Θεοῦ
3075 999 3176 1070 τὴν
3208 999 3408 1053 κακίαν
3431 999 3498 1052 δι’
3527 997 3652 1052 ἐλα-

2055 1088 2244 1158 χίστου
2295 1089 2452 1155 αὖθις
2513 1091 2886 1146 ἀναπαλαίσαι
2941 1091 3040 1161 τὴν
3080 1091 3290 1145 οίκείαν
3349 1088 3524 1165 ἦτταν
3556 1093 3652 1145 καὶ

2055 1183 2328 1236 ἀπελάσαι
2358 1182 2455 1254 τὴν
2479 1183 2737 1254 εὐνομίαν
2764 1185 2860 1237 καί⁵
2884 1185 3238 1256 δικαιοσύνην
3271 1185 3379 1238 ἀπὸ
3401 1185 3500 1254 τῆς
3519 1185 3644 1257 γῆς,

2056 1274 2355 1343 κατάδηλος
2389 1277 2425 1345 η
2459 1274 2664 1327 τούτων
2726 1273 2812 1346 [Ρ.
2857 1273 2981 1346 164]
3039 1273 3273 1344 πονηρία
3325 1274 3651 1328 καθίσταται

2055 1366 2150 1433 ἀφ’
2177 1366 2295 1429 ἑνὸς
2325 1365 2434 1418 τῶν
2489 1366 2841 1432 συνωμοτῶν.
2885 1365 3400 1436 Ἀκολουθησάντων
3434 1366 3491 1419 δὲ
3537 1366 3649 1418 τῶν

2040 1458 2295 1528 ’ἐλέγχων
2325 1460 2606 1529 ἐπήρτητο
2639 1461 2736 1530 μὲν
2757 1459 2867 1514 ἀπὸ
2891 1458 3000 1514 τῶν
3025 1459 3207 1530 νόμων
3225 1460 3408 1522 αὐτοῖς
3431 1461 3462 1529 ἡ
3487 1458 3650 1529 ἐσχά-

2055 1570 2123 1622 τη
2155 1552 2417 1622 τιμωρία,
2453 1553 2719 1618 τουτέστι,
2785 1552 2924 1622 μετὰ
2969 1551 3067 1606 καὶ
3094 1551 3360 1622 δήμευσιν
3409 1552 3506 1605 καὶ
3538 1551 3649 1604 τῶν

2055 1645 2228 1699 ὄντων
2252 1646 2508 1700 ἁπάντων
2538 1645 2836 1710 ἔκπτωσιν,
2871 1647 2966 1699 καὶ
2997 1647 3031 1716 ἡ
3065 1645 3166 1715 τῆς
3194 1645 3342 1717 ζωῆς
3359 1646 3530 1716 αὐτῆς
3551 1646 3649 1698 ἀλα

2057 1737 2364 1806 λοτρίωσις.
2412 1736 2554 1789 Ἀλλ’
2590 1737 2623 1806 ἡ
2649 1735 2744 1790 τοῦ
2772 1720 3019 1805 γενναίου
3055 1737 3316 1805 βασιλέως
3343 1735 3642 1804 φιλανθρω-

2058 1834 2159 1886 πία
2200 1833 2337 1902 μόνη
2373 1831 2482 1884 τῶν
2521 1831 2818 1902 ὀφθαλμῶν
2839 1832 3051 1900 έκκοπῇ
3083 1829 3181 1900 τὴν
3214 1827 3483 1898 τιμωρίαν
3511 1826 3643 1896 ὡρί-

2058 1941 2189 1976 σατο
2224 1922 2359 1986 τέως
2409 1922 2516 1977 τῶν
2547 1921 3050 1993 προκαταρξάντων
3096 1919 3196 1989 τῆς
3231 1919 3477 1990 πονηρᾶς
3506 1934 3642 1986 συμ-

2057 2015 2256 2085 ϐουλῆς
2278 2029 2290 2042 ’
2325 2018 2419 2069 καὶ
2453 2015 2616 2069 πλέον
2666 2015 2712 2067 δ’
2737 2013 2803 2067 ἂν
2839 2013 2938 2083 τὴν
2975 2011 3261 2083 εἴσπραξιν
3296 2008 3644 2080 ἐμετρίασεν,

2056 2111 2103 2162 εί
2128 2111 2202 2179 μὴ
2230 2108 2326 2180 τὴν
2357 2110 2436 2172 είς
2468 2108 2692 2170 τούτους
2731 2108 2909 2176 ἄκραν
2945 2103 3356 2175 φιλανθρωπίαν
3379 2105 3646 2170 ἐγίνωσκε

2056 2203 2153 2257 καὶ
2200 2202 2397 2264 ἄλλους
2424 2200 2829 2271 προτρέψεσθαι
2872 2201 2911 2231 ⁸⁸
2955 2199 3091 2270 πρὸς
3120 2199 3219 2265 τὴν
3268 2198 3505 2267 μίμησιν
3549 2196 3646 2249 καὶ

2055 2295 2176 2347 τότε
2208 2295 2288 2356 είς
2318 2293 2568 2360 ἀνάγκην
2623 2291 2934 2361 ὑπαχθῆναι
2990 2289 3153 2342 αὑτὸν
3203 2289 3299 2341 καὶ
3341 2286 3646 2358 βαρυτέρας

2055 2386 2487 2448 ἀνταποδόσεως.
2529 2384 2628 2437 Διὰ
2653 2383 2813 2436 τοῦτο
2841 2385 2908 2454 τῇ
2949 2379 3203 2452 λεχθείσῃ
3236 2382 3395 2450 ποινῇ
3431 2378 3650 2438 τούτοις,

2054 2498 2113 2534 τε
2152 2480 2443 2550 μετανοίας
2470 2480 2718 2550 παρέσχε
2775 2477 2971 2548 καιρὸν
3006 2476 3100 2528 καὶ
3129 2475 3256 2537 τοὺς
3281 2474 3503 2535 λοιποὺς
3533 2471 3643 2523 τῶν

2057 2577 2313 2647 πονηρῶν
2335 2575 2693 2645 ἐσωφρόνιζε.
2728 2573 3062 2644 Βουλόμενος
3084 2571 3130 2624 δ’
3160 2569 3253 2624 ἐπὶ
3275 2568 3476 2638 μᾶλλον
3510 2567 3643 2621 ἀνα-

2057 2671 2262 2724 στεῖλαι
2282 2671 2382 2733 τάς
2410 2669 2591 2739 ὁρμάς
2622 2667 2732 2720 τῶν
2763 2665 2962 2730 ἀδίκως
3017 2663 3330 2734 ζητούντων
3363 2660 3645 2732 ἀλλότριον

2057 2764 2288 2818 θάνατον
2315 2763 2408 2816 καὶ
2437 2763 2620 2816 πᾶσαν
2666 2760 2848 2814 αὐτῶν
2876 2758 3068 2813 ἐλπίδα
3122 2754 3418 2828 περιελεῖν,
3453 2753 3645 2819 ἀνάγει

2057 2853 2193 2923 πρὸς
2225 2851 2286 2906 τὸ
2309 2851 2412 2922 τῆς
2458 2850 2739 2921 βασιλείας
2768 2849 2988 2920 ἀξίωμα
3004 2848 3131 2911 τοὺς
3152 2845 3262 2899 τῶν
3286 2844 3492 2899 παίδων
3521 2842 3646 2896 καθ’

2056 2946 2276 3017 ἠλικίαν
2303 2943 2657 3012 προέχοντας,
2686 2941 2788 3011 ἤδη
2830 2940 3122 3010 βασιλικῶς
3149 2936 3522 3008 ἀναγομένους
3549 2939 3645 2989 καὶ

361 3023 577 3093 imperii
633 3024 846 3079 ratione
905 3024 1179 3089 excultos,
1234 3022 1302 3077 ad
1364 3025 1576 3094 imperii
1628 3025 1946 3096 dignitatem

2055 3037 2482 3107 παιδευομένους
2516 3036 2611 3090 καὶ
2637 3036 2717 3098 εἰς
2767 3034 2947 3087 πᾶσαν
2976 3032 3364 3100 ἑκλάμποντας
3409 3027 3645 3100 ἀρχικὴν

359 3125 666 3186 promovet,
709 3115 859 3172 velut
889 3115 1151 3171 nimirum
1183 3116 1480 3174 validiores
1523 3118 1822 3190 pluresque
1861 3135 1950 3174 ra—

360 3207 512 3264 dices
546 3208 601 3262 in
631 3207 868 3279 imperio
909 3207 1156 3276 mittens,
1204 3216 1261 3264 et
1294 3222 1460 3279 super
1497 3223 1563 3266 eo
1594 3210 1806 3267 nobiles
1847 3211 1950 3266 im-

357 3306 498 3374 perii
531 3319 714 3360 ramos
737 3302 1060 3360 sustollens.

426 3484 523 3544 35.
553 3485 635 3542 Ad
657 3485 801 3540 hanc
831 3499 996 3555 porro
1020 3482 1267 3539 historia:
1286 3491 1497 3553 partem
1519 3497 1647 3538 cum
1678 3483 1943 3549 venerim,

357 3581 497 3636 libet
529 3581 622 3635 hic
656 3593 882 3651 quoque
911 3579 981 3637 de
1021 3578 1250 3648 reliquis
1283 3577 1402 3647 ejus
1450 3576 1638 3632 liberis
1696 3577 1947 3634 instituto

357 3688 636 3738 sermone,
659 3673 936 3743 quomodo
981 3671 1050 3728 de
1097 3671 1329 3740 singulis
1371 3671 1462 3743 pie
1496 3671 1791 3727 admodum
1837 3682 1947 3728 sta-

357 3767 547 3829 tuerit,
580 3766 882 3821 declarare.
920 3763 1086 3820 Velut
1113 3765 1260 3820 enim
1307 3764 1439 3820 olim
1487 3764 1690 3835 pietate
1721 3767 1946 3837 conspi-

357 3875 494 3917 cuos
529 3876 594 3916 ac
634 3861 825 3917 beatos
875 3861 1047 3925 viros,
1110 3859 1224 3914 imo
1270 3866 1325 3912 et
1366 3871 1531 3926 supra
1596 3858 1740 3926 illos,
1800 3859 1947 3916 hunc

356 3968 580 4024 quoque
626 3951 770 4009 Deus
814 3953 1041 4024 copiosa
1091 3955 1376 4023 probaque
1437 3951 1628 4009 sobole
1693 3953 1944 4010 donavit.

354 4047 489 4104 Post
512 4046 738 4117 aliquod
779 4047 968 4118 itaque
1006 4057 1223 4117 tempus
1263 4049 1430 4104 etiam
1486 4049 1858 4105 Alexandrum
1893 4050 1949 4103 ll-

357 4140 559 4196 Iiorum
605 4139 827 4196 tertium
866 4139 1100 4210 Augusti
1127 4155 1334 4198 corona
1365 4142 1687 4212 impartivit.
1735 4141 1945 4198 llorum

355 4244 490 4289 vero
561 4233 921 4290 novissimum
996 4233 1379 4304 Stephanum,
1429 4236 1579 4293 haud
1649 4251 1811 4294 secus
1879 4251 1946 4293 ac

356 4323 1010 4392 Abrahamuslsaacum,
1069 4326 1180 4383 Deo
1237 4327 1394 4384 oll‘ert
1442 4327 1647 4400 Deique
1688 4329 1947 4387 Ecclesiae

358 4417 562 4487 adlegit
591 4431 657 4473 ac
686 4425 998 4472 consecrat.
1045 4415 1214 4474 Filias
1253 4420 1481 4475 totidem
1537 4437 1770 4479 numero
1811 4432 1947 4493 quot

357 4518 516 4566 erant
569 4510 846 4574 masculi,
907 4511 964 4566 in
1017 4526 1176 4568 sacro
1240 4512 1634 4571 illustrissimae
1689 4515 1945 4588 martyris

357 4599 674 4670 Euphemiae
718 4601 1056 4656 monasterio
1100 4600 1364 4668 devovet,
1422 4618 1486 4659 ac
1541 4603 1692 4661 velut
1745 4621 1948 4664 munus

357 4700 640 4765 acceptum
671 4693 1022 4764 bestiamque
1055 4693 1168 4749 Deo
1196 4696 1365 4764 dicat,
1397 4697 1521 4753 illas
1555 4707 1670 4753 tum
1698 4697 1944 4755 moribus

357 4796 472 4842 tum
503 4786 691 4842 habitu
715 4786 975 4856 omnique
996 4799 1265 4860 apparatu
1294 4804 1524 4857 ornans,
1550 4806 1665 4861 quo
1692 4791 1941 4849 decorari

2054 3130 2280 3203 ἀρετὴν,
2337 3129 2746 3182 Κωνσταντίνον
2797 3107 2892 3178 κᾶι
2922 3123 3153 3187 Λέοντα,
3185 3122 3348 3176 οίονεὶ
3377 3137 3643 3190 κραταιο-

2051 3225 2219 3295 τέρας
2250 3220 2408 3291 ῥίζας
2438 3221 2530 3273 καὶ
2563 3218 2814 3279 πλείονας
2851 3216 3177 3287 βαλλόμενος
3202 3218 3270 3286 τῇ
3317 3214 3493 3285 ἀρχῇ,
3547 3213 3644 3266 καὶ

2054 3319 2180 3380 τοὺς
2231 3316 2472 3386 εὐγενεῖς
2521 3314 2621 3383 τῆς
2672 3311 2954 3384 βασιλείας
3000 3309 3254 3381 ὄρπηκας
3292 3308 3386 3361 ἐπὶ
3438 3306 3643 3375 ταύτης
3687 3379 3689 3381 _

2054 3409 2226 3478 ὑψῶν.
2698 3439 2705 3445 -

2121 3499 2218 3555 λε’.
2253 3498 2397 3552 Ἀλλ’
2421 3496 2542 3551 ἐπεὶ
2566 3494 2709 3550 κατά
2733 3492 2894 3547 τοῦτο
2943 3492 3004 3547 τὸ
3033 3490 3200 3562 μέρος
3245 3490 3518 3561 ἐγενόμην
3540 3490 3642 3559 τῆς

2051 3594 2380 3664 διηγήσεως,
2428 3589 2690 3660 βούλομαι
2740 3587 2837 3660 καὶ
2887 3587 3019 3656 περὶ
3046 3587 3158 3639 τῶν
3208 3583 3416 3639 λοιπῶν
3473 3581 3644 3638 αὐτοῦ

2052 3685 2260 3739 παίδων
2285 3683 2386 3756 ἤδη
2405 3681 2704 3744 διαλαϐεῖν,
2735 3681 2886 3744 ὅπως
2917 3679 3048 3751 περὶ
3089 3677 3327 3733 ἑκάστου
3348 3674 3532 3731 αὐτῶν
3552 3675 3645 3728 εὑ-

2052 3775 2229 3839 σεϐῶς
2258 3773 2640 3828 ἐϐουλεύσατο.
2670 3773 2827 3827 Κατὰ
2854 3770 2966 3842 γὰρ
2988 3771 3116 3834 τοὺς
3174 3769 3344 3824 πάλαι
3390 3767 3500 3820 τῶν
3552 3766 3644 3818 sti-

2053 3868 2229 3925 σεδῶν
2260 3869 2356 3921 καὶ
2413 3866 2701 3938 μακαρίων
2729 3863 2963 3932 ἀνδρῶν,
3025 3863 3228 3933 μᾶλλον
3253 3862 3311 3916 δὲ
3351 3861 3448 3916 καὶ
3499 3859 3641 3930 ὑπὲρ

2051 3963 2294 4026 ἐκείνους
2324 3960 2631 4015 πολύπαιδα
2660 3958 2756 4012 καὶ
2787 3955 3118 4012 καλλίπαιδα
3153 3956 3246 4010 καὶ
3290 3955 3479 4008 τοῦτον
3505 3951 3640 4006 εδει-

2051 4059 2142 4126 ξεν
2163 4058 2192 4111 ὁ
2226 4055 2379 4118 Θεὸς.
2410 4053 2569 4109 Μετά
2596 4052 2787 4123 χρόνον
2817 4052 3001 4106 τοίνυν
3028 4047 3152 4104 τινὰ
3183 4046 3509 4119 μεταδίδωσι
3541 4043 3636 4098 τοῦ

2053 4150 2282 4219 στέφους
2304 4147 2400 4201 καὶ
2431 4143 2765 4215 Ἀλεξάνδρῳ
2801 4141 2881 4214 τῷ
2917 4141 3091 4214 τρίτῳ
3141 4139 3275 4211 υίῷ*
3306 4137 3402 4192 τδν
3430 4136 3486 4191 δὲ
3508 4133 3636 4190 τοὺ-

2050 4258 2159 4294 των
2189 4239 2457 4295 νεώτατον
2486 4235 2780 4306 Στέφανον,
2816 4235 2893 4297 ὡς
2927 4234 3022 4287 τὸν
3061 4231 3252 4286 Ἰσαὰκ
3283 4231 3312 4283 ὁ
3357 4227 3638 4303 Ἀϐραὰμ,

2053 4334 2323 4406 προσάγει
2345 4330 2464 4402 Θεῷ
2493 4329 2586 4383 καλ⁸
2609 4331 2676 4401 τῇ
2709 4325 2804 4381 τοῦ
2828 4324 2964 4380 Θεοῦ
3005 4323 3309 4394 Ἐκκλησία
3331 4319 3635 4389 ὲγκαταλέ·

1972 4388 2028 4448 D
2051 4388 2141 4499 γει
2175 4428 2220 4460 ⁸³
2244 4388 2348 4480 ’καὶ
2399 4388 2785 4495 ἀίριεροῖίιΐὴν
2813 4418 3035 4491 θήλειαν
3053 4418 3111 4472 δὲ
3145 4388 3310 4490 γονὴν
3345 4412 3636 4486 ἰσάριθμον

2049 4519 2220 4575 οὖσαν
2247 4519 2314 4589 τῇ
2366 4517 2558 4588 άρρενι
2585 4514 2644 4567 ὲν
2682 4512 2815 4585 ίερῷ
2873 4509 3114 4581 σεμνείῳ
3141 4509 3242 4580 τῆς
3277 4507 3635 4576 πανευφήμου

2053 4611 2332 4684 μάρτυρος
2370 4604 2660 4678 Εὐφημίας
2690 4602 2940 4673 καθιεροῖ
2972 4601 3070 4655 καὶ
3115 4599 3193 4665 ὡς
3222 4599 3396 4671 δῶρον
3446 4597 3636 4651 δεκτδν

2049 4705 2144 4760 καὶ
2174 4701 2431 4773 ἀνάθημα
2462 4698 2583 4769 Θεῷ
2619 4697 2962 4767 ἀνατίθησιν,
3013 4693 3109 4748 καὶ
3137 4693 3380 4766 σχήματι
3411 4691 3508 4746 καὶ
3534 4709 3634 4744 κα-

2047 4797 2283 4868 ταστολῇ
2318 4797 2604 4866 κοσμήσας
2638 4790 2838 4863 ὁμοίως
2863 4791 2985 4852 ταῖς
3015 4787 3276 4859 καθαρῶς
3303 4787 3399 4840 καὶ
3431 4784 3634 4855 ἀμιάν-

357 4881 536 4935 solent
556 4896 680 4950 quae
708 4896 844 4952 pure
867 4896 932 4938 ac
962 4881 1397 4936 incontaminate
1426 4882 1720 4939 immortali
1742 4899 1946 4956 sponso

2053 4908 2152 4953 τως
2173 4888 2255 4960 τῷ
2293 4886 2548 4957 ἀθανάτῳ
2594 4881 2836 4954 Νυμφίῳ
2866 4877 3312 4952 νυμφευομέναις
3337 4878 3634 4949 παρθένοις

357 4972 578 5030 Christo
632 4989 852 5047 sponsae
896 4974 1138 5045 virgines
1192 4974 1543 5046 copulantur.
1613 4974 1761 5045 Haec,
1818 4980 1950 5036 licet-

359 5068 676 5125 suhsecutis
712 5069 877 5142 265
905 5067 1245 5139 temporibus
1282 5076 1403 5124 acta
1441 5078 1593 5138 sunt,
1640 5069 1729 5125 hic
1761 5078 1943 5126 tamen

357 5162 536 5230 posita
569 5172 750 5230 sunto,
782 5161 858 5217 uti
895 5170 1115 5227 natura,
1151 5161 1233 5218 sic
1262 5171 1318 5218 et
1339 5163 1599 5220 narrandi
1631 5162 1748 5234 ipsa
1777 5164 1941 5233 serie,

360 5252 592 5310 fratrum
621 5256 968 5326 quaternioni
1004 5255 1318 5325 conjuncta.

431 5345 524 5400 56.
551 5344 733 5403 llebus
766 5346 954 5419 itaque
983 5345 1066 5404 sic
1095 5346 1172 5401 illi
1200 5345 1347 5402 domi
1385 5345 1552 5418 probe
1577 5345 1944 5419 religioseque

360 5451 426 5492 ac
455 5435 566 5493 Deo
588 5439 787 5507 placito
814 5454 985 5510 scopo
1011 5438 1347 5502 constitutis,
1379 5452 1504 5492 cum
1539 5439 1716 5508 ipsum
1743 5440 1944 5499 ardens

362 5532 676 5601 reipublica:
717 5547 848 5589 cura
903 5534 971 5589 ad
1021 5544 1244 5589 externa
1284 5547 1507 5603 quoque
1563 5531 1705 5588 bella
1759 5535 1942 5590 susei-

2049 4980 2294 5054 Χριστῷ.
2323 4978 2511 5033 Ταῦτα
2541 4977 2598 5032 δὲ
2631 4978 2681 5030 εί
2703 4978 2936 5040 καὶτοῖς
2967 4973 3183 5046 χρόνοις
3207 4972 3435 5044 ὕστερον
3472 4971 3639 5042 τυχὶν

2047 5074 2296 5145 γέγονεν,
2326 5071 2443 5125 ἀλλ’
2464 5069 2560 5125 οῦν
2579 5068 2812 5124 ἐνταῦθα
2836 5065 3041 5122 κείσθω
3070 5065 3414 5136 συνημμένα,
3445 5063 3638 5132 ὥσπερ

2048 5171 2114 5240 τῇ
2143 5167 2325 5239 φύσει,
2352 5165 2496 5219 οὕτω
2535 5162 2602 5234 δὴ
2640 5163 2736 5216 καὶ
2783 5163 2850 5233 τῇ
2884 5160 3137 5233 διηγήσει
3167 5158 3272 5229 τῆς
3303 5157 3629 5230 τετρακτύο,

2049 5262 2158 5316 τῶν
2186 5258 2454 5328 ἀδελφῶν.

2121 5352 2236 5419 λς’.
2279 5352 2436 5406 Ἐπεὶ
2474 5349 2571 5404 οὖν
2625 5348 2694 5404 τὰ
2746 5348 2888 5402 οίκοι
2939 5344 3125 5408 καλῶς
3175 5337 3323 5414 εἶχεν
3352 5341 3502 5412 αὐτῷ
3543 5343 3638 5394 καί

2054 5445 2195 5501 κατά
2227 5443 2433 5499 σκοπὸν
2461 5440 2664 5513 εὐσεϐῆ
2694 5441 2790 5494 καὶ
2808 5438 3127 5512 θεάρεστον,
3169 5436 3358 5492 ἐκάλει
3387 5435 3444 5489 δὲ
3474 5434 3634 5487 αὐτὸν

2053 5537 2321 5613 lyceo-sca
2350 5535 2478 5608 περ)⁸
2532 5533 2641 5590 τῶν
2689 5532 2828 5588 ὅλων
2865 5529 3090 5604 φροντὶς
3121 5530 3217 5586 καὶ
3274 5526 3414 5601 πρὸς
3466 5527 3636 5599 ὕπερ-

1661 5620 1900 5678 ὙΑΒΙᾹΞ
1940 5624 2340 5684 LECTION

434 5719 480 5751 '°
507 5718 918 5791 συγχωροῦνται
949 5717 1009 5773 Ρ.
1091 5719 1130 5751 ⁸⁸
1177 5714 1672 5786 προτρέψασθαιΛς
1755 5717 1798 5750 ⁸³
1824 5720 2116 5786 καταλέγει
2151 5720 2218 5773 Α.
