4056 6034
377 233 478 297 281
1482 249 1628 311 LIB.
1672 251 1739 313 V.
1782 275 1850 287 --
1887 246 2244 314 BASILIUS
2269 252 2598 318 MACEDO.
3522 257 3631 321 202

374 351 554 443 optati;
578 352 900 443 στρατείας,
936 357 1014 422 ῶς
1059 357 1126 412 ἂν
1164 362 1278 426 τοῖς
1301 364 1528 428 οἰκείοις
1558 366 1742 431 πόνοις
1781 368 1873 420 καὶ
1897 371 1961 440 τῇ

2036 415 2040 423 ,
2067 366 2264 437 pienda
2296 368 2622 441 impelleret,
2641 385 2751 442 quo
2770 368 3030 428 nimirum
3067 371 3185 428 suis
3213 370 3330 443 ipse
3351 371 3638 430 laboribus

371 439 541 543 αῦτσῦ
568 442 765 543 ἀνδρία
806 447 904 500 καὶ
935 450 1277 524 γενναιότητι
1323 455 1569 528 πλατύνῃ
1608 459 1708 527 μὲν
1738 458 1806 513 τὰ
1839 439 1963 530 ὅρια

2066 468 2120 515 et
2151 439 2472 517 fortitudine
2501 439 2781 533 animique
2828 463 3205 534 magnitudine
3238 439 3467 534 imperii
3506 465 3641 521 lines

372 533 473 626 τῆς
507 533 699 604 ἀρχῆς,
761 539 1106 611 πορρωτέρω
1134 544 1192 598 δὲ
1223 546 1439 620 συνώσῃ
1472 547 1558 620 [Ρ.
1591 549 1719 623 165]
1748 553 1840 606 καὶ
1857 554 1963 607 ἀπ-

2063 551 2334 624 proferret
2363 553 2689 625 longiusque
2709 533 3270 626 liostenrpropelleret
3298 533 3362 612 ae
3384 557 3647 626 abigeret,

372 625 546 720 ιλάσῃ
565 627 624 680 τὸ
645 627 1061 700 δυσμενὲς,ούδὲ
1081 635 1289 692 τούτων
1301 641 1595 712 ἠμέλησεν,
1618 640 1752 697 ἀλλὰ
1770 646 1963 717 πρῶτα

2065 661 2166 701 nec
2188 647 2331 701 hanc
2365 648 2471 704 sibi
2500 659 2708 719 partem
2742 648 3119 720 negligentiam
3154 649 3643 718 putavit.Pritnum

377 717 481 786 μὲν
509 721 635 782 τοὺς
677 726 1114 792 στρατιωτικοὺς
1158 731 1503 802 καταλόγους
1557 734 1963 803 ἐλαττωθὲν-τας

2067 749 2251 795 tamen
2293 739 2562 797 militares
2627 742 2887 797 cohortes
2939 742 3065 797 inde
3117 741 3440 799 imminutas
3496 744 3641 812 quod

375 818 441 869 ἐκ
469 816 565 871 τοῦ
593 821 964 893 περικοπῆναι
987 821 1086 886 τάς
1111 821 1392 905 διδομένας
1410 829 1621 897 τούτοις
1648 832 1964 905 φιλοτιμίας

2065 841 2342 888 consueta:
2381 831 2699 904 largitiones
2727 844 2781 890 ct
2807 834 3076 904 stipendia
3117 835 3389 905 regiaeque
3414 849 3646 888 annona:

372 905 667 999 scalpere;
711 911 806 964 καὶ
835 911 904 966 τὰ
938 913 1197 983 βασιλικά
1241 920 1530 990 σιτηρέσια
1548 921 1638 977 διὰ
1665 925 1802 979 νέων
1833 927 1963 979 συλ-

2064 923 2174 981 illis
2207 926 2506 982 subtractae
2536 937 2740 990 essent,
2783 943 2927 982 novo
2960 927 3170 983 delectu
3217 926 3646 999 conscriptaque

371 996 542 1068 λογῆς
561 1015 622 1052 τε
649 1001 741 1054 καὶ
776 1000 1009 1074 ἐκλογῆς
1044 1004 1435 1075 ἀνεπλήρωσεν
1481 1009 1578 1067 καὶ
1606 1010 1695 1065 διὰ
1725 1012 1826 1084 τῆς
1851 1015 1964 1070 τῶν

2065 1017 2120 1072 in
2151 1032 2271 1073 eam
2299 1033 2414 1073 rem
2447 1020 2617 1075 milite
2644 1019 2895 1090 replevit,
2940 1020 3352 1090 necessst-iique
3375 1033 3647 1074 commea-

369 1090 608 1184 δεόντων
642 1095 894 1166 παροχῆς
923 1112 984 1150 τε
1009 1097 1105 1152 καὶ
1125 1097 1422 1164 ἐπιδόσεως
1455 1101 1698 1174 ἔρρωσεν
1717 1121 1733 1138 ο
1767 1105 1961 1161 ἔπειτα

2065 1120 2154 1166 tus
2202 1111 2714 1168 subministratione
2742 1128 2809 1168 ac
2841 1113 3164 1184 elargitione
3209 1112 3510 1168 roboravit.
3535 1110 3646 1165 Ex-

371 1182 663 1251 γυμνάσας
693 1186 920 1251 τούτους
948 1190 1070 1251 ταῖς
1096 1193 1386 1255 τακτικαῖς
1415 1192 1688 1262 μελέταις,
1724 1195 1822 1250 καὶ
1850 1201 1962 1262 τοῖς

2062 1203 2190 1258 inde
2219 1203 2552 1261 militaribus
2576 1205 2836 1274 operibus
2871 1220 2966 1261 eos
2993 1221 3279 1271 exercens,
3300 1205 3650 1273 assiduisque

369 1275 676 1346 ἐνδελεχέσι
700 1278 886 1342 πόνοις
907 1280 1209 1353 ἐμπείρους
1238 1283 1337 1354 τῆς
1369 1283 1672 1358 πολεμικῆς
1721 1287 1962 1357 ἀγωνίας

2065 1291 2348 1349 laboribus
2400 1292 2706 1364 disciplinae
2733 1301 3045 1349 castrorum
3104 1301 3361 1363 expertos
3414 1308 3479 1348 ac
3536 1309 3652 1363 prie

372 1369 720 1441 πεποιηκὼς,
770 1369 867 1426 καὶ
903 1372 1160 1439 εὐταξίας
1217 1375 1304 1428 ὅτι
1343 1376 1579 1446 μάλιστα
1625 1378 1786 1449 λόγον
1816 1381 1964 1453 ἐχειν

2063 1385 2321 1441 omnibus
2352 1385 2605 1440 servandi
2643 1385 2854 1442 ordinis
2882 1385 3150 1442 sollicitos
3181 1385 3442 1453 reddens,
3475 1385 3653 1440 tribu-

371 1460 565 1527 ἐθίσας
591 1464 688 1517 καὶ
717 1467 1147 1536 πεφροντικέναι
1181 1468 1279 1522 τοῦ
1307 1471 1618 1536 εὐπειθοῦς,
1662 1474 1808 1529 οὕτω
1839 1479 1962 1547 μετ’

2064 1479 2258 1549 nisque
2308 1480 2426 1534 suis
2455 1486 2620 1548 atque
2661 1478 2893 1534 ducibus
2942 1480 3284 1550 obsequendi
3329 1479 3441 1534 ritu
3487 1479 3649 1535 insti-

369 1553 561 1609 αὐτῶν
578 1556 722 1626 ύπέρ
746 1558 856 1612 τῶν
879 1557 1125 1628 φυλετῶν
1146 1560 1240 1615 καὶ
1273 1565 1552 1633 συγγενῶν
1581 1565 1674 1621 καὶ
1704 1568 1964 1639 ὑπηκόων

2065 1580 2248 1634 tuens,
2288 1586 2393 1625 una
2429 1586 2556 1626 cum
2586 1572 2697 1626 illis
2743 1587 2842 1642 pro
2869 1571 3166 1628 tribulibus
3208 1585 3262 1627 et
3291 1571 3545 1628 amnibus
3572 1581 3652 1627 at-

370 1645 839 1766 :aﬁ'ﬁadepuw
867 1651 1253 1723 ἐστράτευσεν.
1286 1656 1442 1726 ᾜδει
1472 1657 1583 1730 γὰρ
1611 1659 1688 1723 ὡς
1712 1661 1834 1714 nios
1854 1663 1963 1715 τῶν

2066 1679 2175 1735 que
2208 1663 2445 1718 subditis
2477 1664 2744 1719 adversus
2791 1664 3061 1722 barbaros
3086 1664 3490 1734 expeditionem
3522 1679 3648 1718 sus-

371 1738 665 1807 βαναύσων
687 1741 783 1795 καὶ
813 1743 1052 1813 χυδαίων
1072 1745 1281 1800 τούτων
1303 1749 1512 1818 τεχνῶν
1530 1751 1789 1822 οὐδεμίαν
1810 1751 1959 1808 ἐστιν

2068 1755 2233 1826 cepit.
2265 1753 2500 1812 Noverat
2532 1755 2678 1811 enim
2718 1756 2921 1811 nullam
2955 1766 3152 1818 artem.
3175 1772 3241 1812 ne
3273 1756 3646 1810 mechanicam

367 1828 573 1884 εἰδέναι
603 1830 711 1901 πρὸ
744 1831 839 1886 τοῦ
875 1833 1092 1904 μαθεῖν,
1148 1835 1258 1890 οὐδ’
1282 1837 1430 1892 ἐστιν
1461 1840 1610 1905 ὅστις
1635 1842 1958 1899 διδασκάλου

2069 1847 2295 1916 quidem
2328 1863 2393 1902 ac
2419 1847 2606 1912 vilem,
2631 1847 2760 1902 sciri
2787 1862 2951 1916 posse
2977 1856 3272 1918 antequam
3296 1846 3648 1912 addiscatur;

368 1923 542 1994 χωρὶς
562 1922 688 1976 οὔτε
723 1924 1247 1999 ύποδηματοράφος,
1275 1931 1409 2000 μήτι
1443 1949 1506 2000 γε
1539 1933 1651 1988 τῶν
1673 1936 1962 1991 σπουδαιο-

2068 1949 2170 1989 nec
2203 1949 2535 2003 quemquam
2592 1950 2715 1989 esse
2755 1937 2847 2000 qui
2900 1936 3022 1988 sine
3067 1938 3330 2002 magistro
3357 1935 3442 1990 vel
3473 1936 3646 2002 ipsam

365 2015 549 2084 τέρων
607 2016 730 2071 τινά
760 2017 971 2088 τεχνῶν
1034 2019 1420 2091 κατωρθωκὼς
1454 2024 1739 2094 φαίνεται.,
1762 2028 1875 2100 Τὴν
1903 2029 1960 2082 δὲ

2069 2025 2338 2081 sutoriam
2374 2025 2597 2093 (nedum
2649 2023 2892 2092 aliquam
2935 2023 3272 2078 nobiliorum
3309 2028 3532 2091 artium,
3584 2042 3649 2081 ae

367 2106 682 2178 πολεμικὴν
730 2110 1048 2180 ἐπιστήμην
1102 2109 1136 2180 ἢ
1191 2110 1388 2182 τέχνην
1427 2117 1476 2169 εἰ
1507 2117 1631 2188 δίχα
1667 2119 1961 2192 μαθήσεως

2067 2134 2191 2189 quae
2222 2119 2437 2188 magnis
2465 2116 2765 2171 sudoribus
2793 2117 3212 2187 comparantur)
3245 2119 3479 2187 adeptus
3510 2121 3649 2177 satis

366 2200 466 2253 καὶ
500 2200 694 2270 ἱκανῆς
738 2201 1037 2272 ἐμπειρίας
1086 2201 1214 2272 ἐξῆν
1255 2203 1453 2258 ειδέναι
1484 2207 1562 2278 τῷ
1621 2207 1963 2280 βουλομένῳ,

2067 2209 2343 2263 videatur.
2373 2207 2673 2262 Scientiam
2722 2221 2852 2260 vero
2879 2221 2978 2262 seu
3021 2215 3192 2262 artem
3226 2209 3547 2276 militarem,
3600 2214 3645 2266 si

363 2292 471 2345 οὐκ
496 2288 642 2362 εἶχον
693 2294 804 2365 ἀρα
850 2292 1001 2361 νοῦν,
1028 2293 1144 2348 ἀλλ’
1177 2295 1409 2368 ἐλήρουν
1440 2301 1488 2351 oi
1520 2298 1692 2353 πολλά
1723 2302 1853 2372 περ)Ι
1898 2303 1965 2357 τὸ

2068 2302 2280 2372 absque
2317 2301 2608 2370 disciplina
2659 2298 3064 2370 sumeientique
3094 2317 3158 2356 ex
3211 2302 3286 2355 rei
3323 2320 3422 2357 usu
3454 2304 3646 2372 peritia

366 2386 541 2456 μέρος
571 2385 731 2441 τοῦτο
762 2389 1100 2458 πονήσαντες
1140 2389 1201 2442 ἐν
1228 2392 1342 2453 τοῖς
1371 2396 1650 2457 τακτικοῖς
1674 2395 1959 2467 συγγράμ-

2068 2394 2245 2450 cuivis
2271 2392 2476 2446 volenti
2508 2404 2704 2460 parare
2743 2392 2953 2455 liceret,
2985 2393 3128 2446 haud
3161 2408 3293 2446 sane
3320 2394 3521 2447 mentis
3566 2396 3645 2446 in-

366 2493 510 2545 μασι
546 2477 640 2531 καὶ
683 2478 734 2532 οἱ
760 2480 1009 2548 μέγιστοι
1040 2481 1152 2535 τῶν
1183 2482 1609 2556 αὐτοκρατόρων
1636 2486 1732 2540 καὶ
1759 2503 1962 2558 στρατ-

2068 2492 2235 2555 tegrae
2269 2483 2523 2549 fuissent,
2559 2484 2654 2539 sed
2687 2484 3038 2548 delirassent,
3060 2482 3155 2551 qui
3187 2483 3342 2550 plura
3373 2483 3516 2538 circa
3544 2485 3648 2539 hoc

363 2569 547 2638 ηγῶν,
603 2571 652 2623 oi
692 2570 868 2624 πολλά
893 2571 1004 2626 ἀπὸ
1037 2572 1251 2628 πολλῶν
1275 2575 1515 2646 τρόπαια
1565 2578 1961 2650 συστήσαντες,

2067 2579 2124 2632 in
2152 2575 2563 2631 commentariis
2615 2575 2682 2629 de
2718 2575 2883 2628 rebus
2933 2575 3145 2629 bellicis
3179 2575 3427 2645 diligenti
3481 2591 3645 2645 opera

360 2653 440 2713 ὧν
475 2660 654 2726 οὐδεὶς
677 2661 958 2734 ἐθάρρησε
996 2663 1221 2718 πώποτε
1274 2668 1395 2736 μετ’
1429 2666 1677 2736 ἀμαθοῦς
1706 2671 1800 2723 καὶ
1820 2671 1958 2742 άγυ-

2066 2668 2438 2734 tradiderunt,
2468 2667 2632 2736 266
2683 2666 3019 2736 maximique
3052 2668 3413 2734 imperatores
3448 2684 3511 2722 ac
3540 2667 3645 2723 du-

366 2756 612 2825 μνάστου
668 2757 797 2812 λαοῦ
849 2760 931 2822 είς
968 2759 1251 2830 πολεμίων
1307 2761 1618 2831 παράταξιν
1672 2765 1956 2837 ἐμϐαλεῖν.

2067 2775 2162 2816 ces
2191 2759 2488 2825 exercitus,
2542 2759 2637 2828 qui
2687 2759 2860 2813 multa
2893 2759 2962 2814 de
2995 2758 3185 2814 multis
3225 2769 3426 2828 tropa:a
3456 2775 3647 2814 erexe-

374 2846 528 2901 ’Δλλ’
579 2847 679 2901 οὐκ
710 2849 860 2903 ἐστιν
892 2848 1018 2903 οὔτε
1050 2850 1141 2903 τὸν
1176 2850 1251 2922 μὴ
1288 2852 1536 2922 μαθόντα
1567 2856 1790 2924 εἰδέναι,
1831 2856 1957 2911 οὔτε

2065 2861 2229 2918 runt;
2260 2868 2494 2921 quorum
2530 2866 2693 2906 neruo
2725 2866 2966 2920 unquam
3018 2866 3142 2906 cum
3181 2851 3303 2905 rudi
3343 2852 3515 2906 milite
3548 2869 3648 2906 nec

360 2939 457 2993 τὺν
486 2940 563 3011 μὴ
592 2942 918 3015 ἀσκήσαντα
971 2942 1069 2997 καὶ
1095 2944 1523 3015 γυμνασάμενον
1567 2949 1955 3016 ἀγωνίζεσθαι.

2066 2945 2275 3000 bellicis
2326 2945 2613 2999 laboribus
2643 2943 2873 2999 subacto
2923 2946 3179 2998 adversas
3211 2945 3355 2999 acies
3389 2946 3641 2999 tentavit.

360 3033 468 3087 Διά
500 3032 663 3087 τοῦτο
689 3035 790 3088 καὶ
825 3035 871 3066 ⁸³
895 3038 924 3089 ὁ
953 3038 1202 3105 γενναῖος
1252 3030 1412 3102 οὗτος
1450 3040 1716 3110 πρότερον
1744 3043 1959 3114 γυμνά-

2066 3036 2232 3107 Atqui
2262 3035 2382 3092 ﬁeri
2412 3051 2524 3090 non
2567 3044 2747 3104 potest
2776 3043 2840 3090 ut
2875 3036 2924 3090 is
2965 3035 3162 3090 doetus
3186 3036 3258 3089 sit
3286 3037 3381 3105 qui
3419 3052 3527 3091 non
3561 3037 3650 3090 di-

359 3142 465 3190 σας
496 3128 595 3180 καὶ
647 3130 990 3198 καταρτίσας
1037 3129 1107 3184 τά
1154 3131 1414 3200 τάγματα
1451 3133 1523 3185 τὰ
1568 3137 1961 3205 στρατιωτικά,

2062 3131 2284 3195 dicerit,
2315 3131 2398 3187 vel
2424 3137 2485 3184 ut
2522 3129 2826 3183 certamine
2858 3128 3073 3184 fortiter
3102 3127 3438 3198 defungotur
3459 3129 3551 3198 qui
3587 3145 3647 3184 se

359 3220 459 3272 καὶ
487 3219 536 3252 ⁸⁸
560 3221 663 3292 τὴν
693 3221 1080 3275 νεοσύλλεκτον
1116 3225 1380 3294 στρατιάν
1436 3226 1711 3298 ἀναμίξας
1759 3232 1824 3300 τῇ
1858 3249 1961 3286 πα-

2063 3224 2293 3278 minime
2329 3222 2643 3277 exercuerit
2679 3235 2742 3276 ac
2771 3220 3129 3292 gymnastica:
3160 3236 3383 3289 operam
3409 3220 3647 3278 dederit.

358 3315 517 3385 λαιᾷ,
550 3316 650 3370 καὶ⁸
679 3318 804 3381 ταῖς
858 3316 1233 3387 ἁρμοζούσαις
1276 3322 1567 3392 χορηγίαις
1605 3326 1699 3377 καὶ
1731 3324 1960 3396 δωρεαῖς

2060 3314 2274 3371 Idcirco
2302 3315 2388 3368 vir
2416 3315 2508 3368 ille
2539 3327 2839 3382 generosus
2882 3311 3199 3367 exercitatis
3247 3313 3399 3380 prius
3432 3313 3643 3366 instau-

356 3405 602 3468 λιπάνας
639 3408 822 3462 αὐτῶν
868 3408 938 3463 τά
966 3409 1134 3482 νεῦρα
1188 3411 1286 3465 καὶ
1324 3412 1571 3476 τονὼσας
1627 3414 1729 3479 τὰς
1758 3417 1958 3483 δεξιὰς,

2059 3409 2308 3478 ratisque
2333 3407 2669 3461 militaribus
2690 3404 3001 3468 ordinibus,
3031 3404 3397 3471 admistisque
3434 3403 3641 3474 tyroui-

355 3499 512 3552 οὕτω
536 3501 658 3571 μετ’
680 3500 867 3555 αὐτῶν
918 3501 1227 3573 προσέϐαλε
1257 3503 1303 3536 ⁸⁸
1327 3507 1441 3569 τοῖς
1490 3507 1705 3577 ἐχθροῖς
1748 3511 1843 3562 καὶ
1875 3510 1948 3565 τά

2059 3502 2163 3557 bus
2197 3510 2583 3554 veteranorum
2618 3495 2888 3560 numeris,
2937 3510 3002 3550 ac
3046 3494 3501 3548 convenientibus
3535 3493 3642 3546 lar-

355 3588 542 3643 πολλά
577 3589 819 3660 τρόπαια
851 3590 1078 3662 ἔστησεν
1107 3590 1206 3645 καὶ
1246 3590 1350 3656 τὰς
1377 3593 1580 3662 μυρίας
1620 3595 1776 3660 νίκας
1801 3597 1953 3651 ἀνεί-

2061 3594 2366 3666 gitionibus
2390 3591 2830 3659 muneribusque
2858 3603 3052 3643 eorum
3084 3587 3438 3656 impinguatis
3459 3585 3643 3638 nervis

355 3681 507 3735 λετο.
541 3682 640 3735 Διά
665 3680 989 3751 βραχέωνδέ
1021 3681 1358 3754 διηγήσομαι
1387 3683 1454 3740 ⁸⁸.

2057 3691 2381 3758 dextrisque
2410 3686 2708 3752 roboratis,
2735 3684 2816 3737 sic
2852 3698 2978 3737 cum
3013 3680 3121 3736 illis
3153 3681 3420 3734 adversus
3457 3680 3644 3733 hostes

355 3792 699 3849 congressus
744 3780 915 3833 multa
943 3786 1150 3850 tropaea
1205 3780 1386 3836 erexit
1420 3790 1476 3837 et
1506 3781 1830 3844 innumeras
1859 3789 2122 3847 victorias
2147 3784 2472 3858 reportavit.
2530 3781 2658 3836 llaec
2709 3794 2842 3836 vero
2902 3780 3175 3834 enarrabo
3240 3792 3402 3846 quam
3452 3776 3643 3846 paucis

358 3877 578 3933 licebit.

434 3998 543 4062 λζ’.
585 3999 700 4052 Καὶ
757 3995 1095 4052 κατάστασιν
1155 3996 1366 4061 πόλεως
1417 4001 1819 4077 ἐνευκαιρήσας
1867 4007 1962 4061 καὶ

2137 4003 2230 4059 57.
2268 3998 2590 4069 Tranquillo
2634 3994 2802 4064 igitur
2855 3992 3010 4048 urbis
3063 4000 3245 4053 statu,
3288 4004 3352 4044 ac
3395 4005 3490 4058 per
3526 3989 3643 4057 ejus

358 4091 640 4163 σχολάσας
680 4089 968 4162 πράξεσιν,
995 4089 1158 4160 ἔαρος
1186 4090 1606 4163 ύπολάμποντος
1647 4093 1695 4128 ⁸⁷
1727 4098 1795 4150 τά
1817 4098 1960 4153 ὅπλα

2065 4099 2532 4174 opportunitatem
2583 4103 2780 4148 navata
2828 4089 2994 4145 rebus
3045 4089 3294 4156 diligenti
3346 4102 3512 4155 opera
3562 4086 3644 4139 in-

354 4185 612 4239 ἀνείλετο
626 4184 690 4214 ⁶¹¹⁶
705 4183 798 4236 καὶ
819 4182 958 4251 μετὰ
973 4181 1083 4236 τῶν
1095 4186 1502 4254 στρατιωτικῶν
1515 4185 1834 4256 καταλόγων
1846 4189 1956 4255 ξυνα

2064 4203 2384 4261 structoque
2444 4187 2713 4251 exercitu,
2764 4197 2892 4238 vere
2941 4197 3096 4237 arma
3149 4180 3468 4250 capessivit,
3503 4179 3642 4232 inter

356 4277 684 4344 εξητάζετο,
738 4274 1046 4347 ἡγούμενος
1065 4277 1264 4348 χρῆναι
1287 4277 1380 4331 τὸν
1399 4278 1474 4342 ὡς
1490 4278 1708 4349 ἀληθῶς
1719 4282 1955 4354 ἄρχοντα

2063 4282 2334 4336 militares
2369 4278 2485 4348 ipse
2519 4276 2747 4331 ordines
2800 4287 2970 4342 agens
3024 4286 3089 4326 ac
3139 4280 3317 4325 castra
3371 4285 3638 4339 sequens;

356 4370 459 4424 τοῦ
512 4369 718 4424 οίκείου
764 4368 1212 4438 προκινδυνεύειν
1242 4369 1376 4424 λαοῦ
1410 4370 1505 4425 καὶ
1553 4371 1692 4444 ὑπὲρ
1721 4373 1816 4426 τοῦ
1847 4375 1956 4430 πᾶν

2063 4389 2262 4445 nempe
2293 4375 2398 4427 hoc
2433 4373 2757 4434 arbitratus,
2777 4370 2895 4423 viro
2923 4366 3159 4437 principi
3193 4380 3289 4434 pro
3321 4364 3520 4433 populo
3542 4380 3642 4419 suo

356 4458 540 4522 ἀδεῶς
571 4459 780 4528 διάγειν
812 4458 874 4513 τὸ
896 4459 1211 4530 ὑποχείριον
1237 4460 1434 4526 πόνους
1456 4463 1550 4515 καί¹
1579 4463 1957 4536 ταλαιπωρίας

2061 4469 2311 4525 adeunda
2359 4465 2623 4537 pericula,
2671 4472 2726 4518 et
2779 4470 2839 4517 ut
2891 4461 3098 4517 subditi
3130 4474 3324 4516 omnes
3349 4474 3540 4514 secure
3580 4474 3644 4511 ac

357 4553 634 4617 ἑκουσίως
674 4525 848 4607 ἀὐτὸν
896 4525 1278 4625 ἀναδέχεσθαι.
1328 4525 1438 4608 Καὶ
1477 4555 1605 4609 ἐπεὶ
1637 4556 1783 4609 κατά
1828 4525 1956 4624 τοὺς

2060 4561 2247 4633 quiete
2264 4566 2448 4630 agant,
2468 4563 2665 4626 sponte
2693 4553 3075 4623 suscipiendos
3093 4552 3312 4607 labores
3342 4566 3405 4606 ac
3437 4565 3639 4604 atrum-

359 4647 592 4718 καιροὺς
611 4646 856 4710 ἐκείνους
869 4646 1007 4717 ὁτῆς
1019 4646 1300 4717 Τεφρικῆς
1317 4643 1401 4719 [Ρ.
1416 4644 1543 4719 1661
1569 4647 1954 4719 ἐξηγούμενος,

2061 4668 2181 4708 nas.
2229 4650 2476 4718 Cumque
2542 4663 2604 4701 ea
2657 4656 2817 4702 aetate
2863 4643 3148 4714 Tephricze
3218 4643 3498 4713 princeps,
3554 4643 3638 4693 cui

357 4739 425 4793 δν
449 4739 802 4812 Χρυσόχειρα
827 4737 1240 4809 κατωνόμαζον,
1273 4738 1361 4792 ἐπ’
1384 4739 1581 4811 ἀνδρίᾳ
1603 4739 1699 4794 καὶ
1737 4744 1955 4794 συνέσει

2059 4740 2418 4814 Chrysochiri
2454 4753 2655 4793 nomen
2700 4745 2839 4802 erat,
2890 4736 3120 4802 reliquis
3142 4735 3348 4789 virtute
3381 4742 3650 4803 praestare-

355 4832 645 4902 διαφέρειν
667 4831 843 4886 δοκῶν
869 4831 1077 4902 σφόδρα
1106 4831 1414 4903 παρελύπει
1452 4831 1554 4904 τὴν
1591 4831 1881 4901 Ῥωμαίων
1907 4834 1953 4867 ⁸⁸

2060 4837 2216 4892 visus
2258 4849 2324 4888 ac
2355 4831 2669 4903 prudentia,
2705 4829 3008 4884 Romanam
3042 4828 3303 4898 ditionem
3337 4841 3400 4881 ac
3421 4836 3642 4896 gentem

355 4927 556 4999 χώραν
590 4925 686 4979 καὶ
720 4925 852 4988 τοὺς
895 4923 1083 4990 λαοὺς,
1106 4923 1204 4979 καὶ
1251 4923 1489 4988 πολλοὺς
1516 4923 1628 4978 τῶν
1679 4924 1957 4996 ἀγροίκων

2056 4927 2177 4983 dire
2217 4931 2484 4989 vastaret,
2538 4919 2895 4991 quotidieque
2927 4920 3131 4975 multos
3169 4919 3506 4973 rusticorum
3558 4932 3639 4968 ca

354 5017 488 5072 καθ’
520 5015 764 5087 ἑκάστην
794 5014 1177 5086 αἰχμαλώτους
1221 5003 1548 5087 ποιούμενος
1596 5015 1814 5088 ἐφρόνει
1862 5033 1955 5070 σο-

2054 5021 2235 5088 ptivos
2270 5032 2460 5086 agens,
2524 5015 2759 5084 superbe
2799 5014 3085 5080 altumque
3124 5021 3346 5080 saperet
3370 5025 3436 5065 ac
3474 5024 3533 5063 se
3569 5026 3642 5062 re-

355 5109 512 5180 ὁιρά
542 5110 640 5163 καὶ
667 5109 974 5181 ὑπέρογκα,
1006 5108 1135 5163 κατ’
1167 5105 1335 5162 αὐτοῦ
1393 5107 1490 5161 καὶ
1520 5108 1619 5178 τῆς
1672 5108 1767 5163 ὑπ’
1794 5108 1955 5162 αὐτὸν

2056 5111 2222 5179 liquis
2283 5107 2591 5178 praeferret,
2643 5105 2910 5159 adversus
2960 5104 3114 5158 illum
3165 5102 3395 5172 ejusque
3447 5100 3639 5154 urbem

357 5205 577 5267 πόλεως
606 5201 966 5274 ἐκστρατεύει
986 5201 1017 5256 δ
1055 5201 1332 5273 βασιλεύς.
1370 5199 1478 5255 Ίόῦ
1508 5201 1565 5253 δὲ
1591 5200 1826 5275 σοϐαροῦ
1863 5203 1956 5258 καὶ

2056 5201 2218 5272 26⁸1
2253 5199 2553 5268 imperator
2583 5194 2892 5250 exercitum
2931 5193 3102 5248 ducit.
3127 5191 3204 5248 Eo
3240 5201 3442 5257 autem,
3468 5207 3641 5261 quau-

357 5295 600 5366 θρασέος
637 5294 855 5349 ἐκείνου
881 5293 1018 5366 πρὸς
1044 5295 1147 5367 τὴν
1189 5294 1550 5364 γενναιότητα
1581 5295 1677 5348 τοῦ
1708 5294 1955 5359 ἐπιόντος

2061 5295 2204 5348 tavis
2253 5291 2510 5362 superbia
2554 5305 2618 5345 ac
2654 5287 2885 5344 audacia
2915 5286 3090 5343 fretus
3134 5295 3295 5350 erat,
3339 5299 3447 5338 non
3503 5299 3641 5338 ausu

361 5386 787 5458 στρατεύματος
817 5387 915 5442 καὶ
944 5386 1049 5458 τὴν
1070 5385 1289 5442 σύνεσιν
1311 5386 1405 5442 καὶ
1427 5387 1652 5457 ἀνδρίαν
1670 5386 1765 5440 τοῦ
1790 5387 1953 5440 αὐτο-

2061 5384 2240 5454 palam
2281 5381 2586 5438 adorientis
2617 5379 2896 5436 exercitus
2935 5392 3233 5448 generosos
3283 5383 3516 5430 conatus
3544 5388 3636 5426 ex-

1644 5521 1878 5578 νΑιιιιιΕ
1916 5518 2330 5576 LECTIONES.

451 5643 494 5715 ξ³
521 5645 613 5700 καὶ
643 5660 756 5702 om.
789 5643 862 5715 P._
967 5643 1015 5677 “
1045 5645 1140 5698 καὶ
1173 5644 1428 5715 autcjripr
1461 5660 1569 5698 om.
1600 5643 1671 5715 _l’.
1788 5644 1835 5715 ἐδ
1861 5642 2197 5715 προσέϐαλλε
2226 5643 2290 5698 Α.
2356 5713 2366 5715 _
2402 5641 2448 5715 ‘_'
2489 5650 2610 5715 p_ost
2646 5637 2982 5715 διηγήρομαι
3012 5633 3177 5691 verba
3209 5632 3417 5704 aliquot
3449 5634 3649 5692 deesse

379 5710 658 5774 videntur;
730 5717 777 5750 ⁶¹
803 5713 1113 5789 λάμποντος
1161 5768 1171 5788 ,
1202 5715 1268 5784 η’
1295 5713 1356 5774 Ρ.
1383 5709 1568 5768 ἐἵλετο
1599 5713 1639 5760 Ρ
1767 5714 1811 5746 ⁸⁸
1845 5709 2218 5786 ῬὼμαίοιςΔ,
2254 5727 2320 5770 an
2348 5712 2454 5764 ὑπὸ
2490 5709 2833 5773 Ῥωμαίοιςῖ
