4056 6034
349 252 456 313 283

1407 250 1920 315 THEOPIIANES
1956 247 2514 310 CONTINUA'I‘US.

3515 243 3624 311 28$

353 370 516 442 periri
561 379 656 426 aut
703 369 1052 440 prudentiain
1085 370 1366 441 roburque
1415 371 1770 441 imperatoris
1810 380 1930 426 ten-

2060 366 2304 438 ιράτορος
2323 365 2584 436 ἐμφανῶς
2619 365 2695 437 μὴ
2723 364 3098 436 τολμήσαντος
3121 360 3465 433 ἀντιστῆναι,
3501 361 3622 417 ἀλλ’

354 475 490 530 tare,
541 463 638 521 sed
679 463 970 522 secedente
1021 479 1307 534 unumque
1352 464 1459 521 hoc
1498 475 1808 539 satagente,
1872 476 1937 524 ut

353 571 512 612 suam
543 555 652 612 sibi
700 568 947 613 servaret
1002 555 1193 613 urbem
1251 566 1417 628 atque
1468 568 1763 626 assereret,
1824 559 1939 616 ibat

352 652 658 720 imperator
686 650 907 706 nemine
940 650 1287 722 prohibente,
1309 650 1577 720 diripiens
1601 662 1939 720 vastansque

352 750 410 797 et
439 743 769 798 exscindens
792 744 1204 814 incendensque
1232 760 1403 813 pagos
1423 759 1618 802 omnes
1633 753 1688 801 et
1712 745 1936 816 Oppida.

354 851 476 907 qua:
501 836 886 909 Chrysochiris
913 836 1140 893 ditionis
1183 845 1363 905 erant,
1399 837 1670 893 immensa
1701 849 1938 895 onusms

353 931 539 999 praeda
629 928 1021 999 ingentemque
1100 929 1444 999 captivorum
1526 930 1936 988 multitudinem

359 1021 606 1077 trahens.
643 1020 750 1077 Sed
797 1033 854 1077 et
901 1022 1075 1093 ipsam
1103 1023 1329 1078 adortus
1365 1024 1557 1079 urbem
1583 1023 1935 1094 Tephricam,

355 1129 593 1184 eamque
645 1115 1013 1172 tumultuaria
1065 1116 1228 1186 quasi
1285 1132 1491 1188 pugna,
1552 1134 1661 1174 non
1720 1118 1935 1175 diutina

361 1209 646 1266 obsidione
691 1219 929 1267 conatus
987 1226 1225 1282 capere,
1279 1212 1471 1267 videns
1534 1221 1591 1268 et
1649 1229 1938 1270 murorum

359 1303 622 1360 firmitate
672 1313 728 1360 et
757 1303 1122 1361 barbarorum
1158 1304 1510 1360 multitudine
1559 1321 1940 1363 annouarum-

359 1409 470 1465 que
491 1396 649 1467 copia
670 1396 890 1453 abunde
913 1398 1202 1461 munitam,
1229 1412 1294 1453 ac
1313 1413 1437 1467 qua:
1465 1415 1607 1467 aegre
1633 1401 1938 1470 expugnari

359 1496 572 1558 posset.
607 1488 755 1560 quod
808 1489 1112 1561 praesertim
1173 1490 1360 1546 omnis
1409 1492 1616 1546 circum
1651 1508 1779 1562 ager
1816 1493 1941 1549 bre-

359 1580 590 1638 vissimo
640 1590 886 1653 tempore
913 1583 1196 1653 comarum
1230 1583 1629 1642 numerositate
1656 1584 1938 1642 desolatus

361 1682 500 1740 erat,
551 1688 619 1729 ac
659 1688 798 1747 pene
832 1677 1136 1731 exercitum
1195 1677 1543 1734 necessarius
1590 1685 1939 1735 commeatus
1970 1717 2016 1774 Β

360 1768 657 1836 defecerat,
709 1788 742 1825 ει
799 1768 1016 1825 diutina
1059 1769 1351 1825 obsidione
1397 1772 1697 1837 abscessit;
1731 1772 1940 1828 circum

361 1874 492 1918 vero
524 1863 720 1933 positis
750 1865 1058 1934 prresidiis,
1094 1865 1273 1919 Abara
1335 1875 1389 1919 et
1447 1863 1653 1934 Spatba
1705 1867 1944 1938 aliisque

361 1955 694 2026 quibusdam
746 1958 1025 2026 expilatis,
1075 1960 1247 2015 illaeso
1301 1959 1426 2014 inde
1471 1972 1672 2015 cuncto
1723 1961 1943 2017 sublato

361 2048 632 2113 exercitu,
683 2064 808 2103 cum
856 2049 1066 2115 multis,
1125 2059 1186 2106 ut
1236 2051 1445 2105 dictum
1500 2061 1618 2119 est,
1653 2052 1848 2126 spoliis
1878 2070 1947 2111 ac

361 2139 594 2210 captivis
623 2156 875 2200 reversus
895 2151 1002 2199 est.

435 2233 528 2290 38.
563 2233 815 2306 ingentes
860 2234 1145 2301 Tepbricze
1173 2235 1344 2294 factas
1393 2240 1568 2297 credes
1588 2241 1697 2298 alia
1730 2243 1947 2301 [smne-

364 2326 585 2383 litarum
615 2329 747 2384 urbs
774 2344 900 2383 cum
930 2329 1159 2384 vidisset
1196 2330 1216 2398 (
1235 2329 1498 2387 Taracem
1532 2335 1776 2408 vocant).
1811 2338 1949 2393 mis-

363 2417 446 2476 sis
479 2417 673 2488 legatis
697 2434 887 2488 pacem
922 2421 1235 2490 expostulat
1253 2430 1309 2476 et
1334 2423 1388 2475 in
1417 2422 1694 2480 sociarum
1726 2428 1946 2483 urbium

365 2510 491 2563 albo
520 2511 721 2564 ascribi
749 2519 922 2580 rogat.
942 2509 997 2565 In
1028 2513 1111 2566 Itis
1143 2513 1386 2582 optimus
1417 2514 1736 2584 imperator,
1768 2534 1949 2590 quan-

366 2612 480 2657 tum
537 2602 704 2673 268
758 2619 887 2673 erga
945 2603 1294 2662 adversarios
1349 2606 1695 2667 fortitudinis
1755 2611 1949 2680 robur,

367 2705 574 2752 tantam
609 2713 738 2767 erga
763 2698 1043 2765 subjectos
1075 2714 1395 2770 moremque
1438 2711 1693 2773 gerentes
1725 2707 1952 2775 aequita-

2041 459 2456 532 ὑποχωροῦντος
2483 459 2578 514 καὶ
2619 458 2791 529 μόνην
2819 457 2920 529 τὴν
2948 457 3161 512 οἰκείαν
3199 456 3357 511 πόλιν
3384 455 3621 525 φυλάξαι

2039 555 2136 610 καὶ
2180 550 2548 625 κρατύνεσθαι
2597 550 2987 619 διεγνωκότος,
3041 549 3204 622 ἐπῄει
3249 547 3397 603 κατὰ
3422 547 3626 620 πολλὴν

2036 648 2134 702 τοῦ
2162 644 2500 711 κωλύσοντος
2533 643 2775 717 ἐρημίαν
2817 641 3139 714 ληϊζόμενος
3165 641 3261 696 καὶ
3287 639 3509 713 πορθῶν
3529 640 3630 695 καὶ

2039 737 2400 808 κατατέμνων
2441 735 2536 790 καὶ
2565 732 2861 806 πυρπολῶν
2886 732 3066 796 πάσας
3089 731 3192 794 τὰς
3213 731 3324 785 ὑπὸ
3356 728 3452 783 τὸν
3475 729 3627 800 Χρυ-

2041 828 2267 900 σόχειρα.
2316 826 2504 899 χώρας
2553 826 2652 880 καὶ
2700 824 3048 897 κωμοπόλεις
3098 823 3129 875 ό
3175 823 3431 893 βασιλεὺς
3476 821 3631 877 λείαν

2038 925 2270 993 ἄπειρον
2303 922 2402 976 καὶ
2426 923 2474 954 ⁸⁸
2506 918 2893 991 αἰχμαλωσίαν
2924 917 3417 992 περιϐαλλόμενος.
3452 915 3632 988 Προσ-

2039 1015 2224 1072 ϐαλὼν
2283 1015 2344 1070 δὲ
2395 1015 2491 1069 καὶ
2526 1011 2680 1084 αὐτῷ
2729 1012 2809 1082 τῷ
2851 1012 3008 1067 ἄστει
3070 1009 3375 1083 Τεφρικῆς.
3430 1011 3528 1064 καὶ
3563 1005 3634 1061 δι’

2038 1106 2461 1180 ἁκροδολισμῶν
2509 1105 2604 1160 καὶ
2638 1104 3003 1177 προσεδρείας
3037 1103 3160 1175 οὐχὶ
3212 1103 3435 1175 μακρᾶς
3490 1100 3633 1154 ἑλεῖν

2041 1200 2346 1270 πειραθεὶς,
2367 1199 2442 1263 ὡς
2471 1197 2621 1268 ἐώρα
2647 1197 2744 1252 καὶ
2768 1195 2971 1268 τειχῶν
2992 1198 3352 1266 καρτερότητι
3371 1195 3466 1249 καὶ
3494 1191 3636 1262 πλή-

2040 1294 2126 1350 θει
2148 1292 2470 1368 βαρϐαρικῷ
2499 1292 2597 1347 καὶ
2617 1291 2853 1363 ἀφθονίᾳ
2881 1290 3082 1364 χρειῶν
3099 1287 3575 1360 κατωχυρωμένον
3588 1287 3635 1318 ⁷⁸

2039 1389 2176 1443 αὐτὸ
2203 1387 2300 1441 καὶ
2335 1385 2669 1452 δυσάλωτον,
2723 1385 2852 1438 ἐπεὶ
2884 1383 2983 1437 καὶ
3020 1381 3093 1438 τὰ
3118 1381 3277 1444 ἐκτὸς
3317 1381 3539 1435 ἅπαντα
3563 1378 3619 1432 δι

2039 1481 2328 1554 ἐλαχίστου
2357 1481 2555 1552 χρόνου
2584 1479 2664 1550 τῷ
2692 1478 2895 1550 πλήθει
2930 1476 3035 1547 τῆς
3078 1477 3341 1549 στρατιᾶς
3367 1474 3632 1547 κατηριίς-

2042 1575 2252 1630 πωτο⁷¹
2281 1576 2378 1629 καὶ
2397 1574 2467 1628 τά
2495 1574 2773 1642 ἀναγκαία
2799 1570 2989 1642 σχεδὸν
3011 1569 3388 1642 κατηνάλωτο,
3416 1569 3635 1638 ἀπέστη

2040 1669 2139 1740 τῆς
2166 1665 2307 1741 πρὸς
2344 1665 2446 1738 τὴν
2475 1663 2799 1736 πολιορκίαν
2850 1661 3072 1734 χρονίου
3119 1661 3417 1732 ἐπιμονῆς·
3471 1657 3544 1714 τά
3578 1657 3640 1714 δι

2046 1761 2175 1832 περὶ
2201 1760 2373 1832 αὐτὴν
2401 1761 2448 1794 ⁷⁸
2479 1758 2718 1831 φρούρια
2737 1757 2842 1827 τὴν
2871 1756 3124 1826 ’Δσαραν
3151 1753 3248 1808 καὶ
3285 1753 3390 1825 τὴν
3417 1754 3644 1826 Σπάθην

2042 1853 2140 1908 καὶ
2170 1852 2338 1923 ἕτερά
2365 1869 2489 1906 τινα
2510 1849 2886 1922 ἐκπορθήσας,
2909 1848 3006 1901 καὶ
3033 1847 3175 1918 ἄρας
3198 1843 3451 1900 ἐντεῦθεν
3473 1844 3640 1910 ἀσινῆ

2042 1947 2137 2002 τὸν
2194 1945 2325 2017 περὶ
2354 1944 2521 1999 αὐτὸν
2552 1942 2733 1997 πάντα
2779 1940 3037 2011 στρατὸν,
3101 1939 3244 2011 μετὰ
3293 1937 3528 2009 συχνῶν,
3564 1936 3644 2002 ὡς

2044 2041 2262 2114 εἴρηται
2283 2080 2300 2106 ,
2365 2038 2635 2111 λαφύρων
2701 2035 2797 2091 καὶ
2861 2034 3218 2105 ἀνδραπόδων
3283 2029 3642 2106 ὲπανεχὼρη-

2048 2152 2142 2190 σεν
2175 2135 2242 2189 ⁷³.

2115 2227 2220 2299 λη’.
2257 2227 2380 2281 Τῶν
2403 2227 2461 2280 ἐν
2486 2228 2553 2298 τῇ
2586 2227 2835 2297 Τεφρικῇ
2861 2224 3046 2278 τοίνυν
3079 2223 3171 2278 τδν
3199 2222 3368 2278 πολὺν
3406 2221 3570 2292 φόνον
3607 2224 3643 2294 ἡ

2049 2323 2212 2394 ἑτέρα
2237 2320 2347 2376 τῶν
2375 2318 2738 2392 Ἰσμαηλιτῶν
2760 2318 2916 2383 πόλις
2936 2317 3278 2389 θεασαμένη,
3299 2319 3366 2390 ἠν
3388 2318 3648 2388 Τάραντα

2049 2414 2296 2484 λέγουσι,
2320 2410 2583 2482 πρέσϐεις
2612 2410 2883 2480 πέμψασα
2911 2411 3140 2482 εἰρήνης
3167 2408 3321 2480 ἠξίου
3349 2412 3534 2480 τυχεῖν
3551 2411 3648 2464 καὶ⁸

2049 2511 2171 2570 ταῖς
2223 2503 2567 2576 συμμαχίσιν
2597 2501 2997 2572 ἐγγράφεσθαι.
3051 2501 3110 2556 '0
3138 2501 3194 2556 δὲ
3228 2503 3519 2573 κράτιστος
3544 2501 3648 2577 βα-

2054 2600 2258 2662 σιλεὺς,
2299 2599 2432 2668 ὅσην
2464 2595 2603 2667 πρὸς
2629 2593 2759 2659 τοὺς
2794 2595 3281 2666 ἀντιταττομένους
3325 2593 3546 2666 ἀνδρίαν
3575 2595 3644 2662 ⁷⁸,

2052 2691 2330 2762 τοσαύτην
2359 2689 2496 2760 πρὸς
2525 2689 2654 2752 τοὺς
2689 2687 3168 2759 ὑποταττομένους
3223 2689 3528 2741 ἐπιείκειαν
3555 2689 3648 2743 ἐν·

368 2799 474 2842 tem
511 2801 576 2841 ac
610 2788 956 2846 clementiam
1010 2790 1329 2852 ostendens.
1355 2792 1502 2848 vinci
1548 2808 1610 2849 se
1641 2810 1840 2863 passus
1866 2804 1954 2853 est

2060 2784 2427 2856 δεικνύμενος,
2457 2780 2670 2855 ἡττήθη
2700 2798 2762 2834 τε
2780 2781 2880 2853 τῆς
2912 2780 3210 2852 πρεσϐείας
3241 2783 3338 2835 καὶ
3369 2781 3472 2852 τῆς
3492 2783 3647 2853 είρή-

369 2881 441 2935 ab
472 2882 806 2945 oratoribus,
837 2897 1135 2952 pacemque
1169 2886 1490 2956 rogantibus
1514 2887 1763 2942 tribuens
1794 2890 1954 2944 exin-

2060 2893 2156 2949 νης
2181 2879 2292 2940 τοῖς
2319 2873 2533 2929 αίτοῦσι
2568 2873 2868 2946 μετέδωκε,
2918 2874 3011 2927 καὶ
3069 2874 3398 2945 συμμάχους
3447 2875 3571 2930 ἀντί⁵
3600 2876 3648 2909 ⁷⁸

367 2974 436 3027 de
465 2989 566 3044 pro
590 2975 837 3029 bostibus
873 2974 993 3032 illos
1048 2976 1230 3030 socios
1257 2987 1455 3033 nactus
1501 2988 1602 3035 est.
1638 2978 1779 3036 llinc
1827 2997 1952 3036 cum

2060 2970 2337 3041 πολεμίων
2383 2967 2448 3022 τὸ
2472 2967 2580 3021 ἀπὸ
2605 2967 2760 3019 τοῦδε
2793 2967 3083 3038 ἐκέκτητο.
3127 2967 3225 3020 Ἐκ
3257 2965 3450 3019 τούτου
3496 2964 3649 3021 ἄλλοι

371 3063 464 3118 alii
500 3079 605 3118 non
632 3066 815 3134 pauci,
853 3076 967 3121 tum
1016 3066 1296 3123 Curtieius
1328 3070 1620 3137 Armenus,
1669 3072 1946 3127 Lucanam

2060 3081 2112 3116 τε
2141 3064 2243 3116 οὐκ
2260 3061 2432 3130 ὀλίγοι
2480 3061 2575 3112 καὶ
2599 3058 2931 3130 Κουρτίκιός
2959 3073 3042 3119 τις
3099 3055 3405 3130 Ἀρμένιος,
3450 3055 3510 3120 ὃς
3536 3050 3651 3126 εἶχε

370 3166 505 3213 tunc
567 3160 822 3228 praesidio
885 3170 1077 3216 tenens
1120 3160 1494 3232 Romanaeque
1541 3166 1771 3222 ditionis
1817 3168 1954 3223 fines

2060 3155 2181 3208 τότε
2228 3155 2330 3226 τὴν
2382 3153 2633 3206 Λόκαναν
2663 3151 2758 3204 καὶ
2805 3148 3046 3219 συνεχῶς
3096 3149 3196 3212 τὰς
3252 3149 3512 3219 ἐσχατιὰς
3550 3148 3652 3217 τῆς

371 3251 596 3306 assidue
654 3253 979 3319 molestans,
1014 3256 1082 3310 ad
1136 3271 1262 3310 eum
1311 3255 1595 3327 confugit,
1656 3261 1958 3331 urbemque

373 3357 531 3396 suam
581 3351 636 3395 et
681 3359 835 3397 arma
887 3353 944 3398 et
1008 3346 1270 3416 p0pulum
1321 3348 1643 3418 imperatori
1698 3352 1953 3422 subjecit,

375 3433 528 3488 illius
570 3437 885 3505 aequitatem
917 3452 982 3491 ac
1046 3439 1392 3495 clementiam
1423 3457 1550 3497 cum
1593 3444 1710 3514 pari
1741 3443 1958 3501 fortitu-

371 3525 504 3584 dine
525 3541 592 3585 ac
615 3528 887 3600 justitiam
915 3546 1039 3586 cum
1070 3534 1270 3588 virtute
1299 3535 1602 3593 admirans.

447 3711 543 3771 39.
580 3712 802 3768 interim
838 3730 969 3771 vero
992 3715 1220 3772 intentis
1261 3718 1463 3774 incum
1499 3718 1738 3774 hostium
1765 3722 1962 3778 animis

381 3804 636 3876 serieque
671 3808 1094 3861 observantibus
1119 3824 1285 3878 quam
1316 3810 1367 3863 iu
1405 3819 1614 3880 partem
1660 3813 1750 3867 i‘lle
1787 3813 1963 3882 impe-

381 3908 496 3950 tum
532 3906 788 3960 verteret,
817 3907 878 3952 ut
926 3899 1197 3954 laboranti
1232 3916 1391 3970 Opem
1455 3903 1555 3971 ipsi
1618 3902 1847 3972 ferrent,
1884 3907 1962 3960 le-

378 3995 523 4042 ctam
564 3989 890 4044 bellatorum
951 4007 1174 4048 manum
1225 3993 1487 4049 adversus
1508 3994 1794 4065 Zapctram
1832 3999 1849 4068 (
1883 3999 1966 4055 sic

379 4082 584 4135 dictam
647 4085 883 4157 urbem)
913 4086 1065 4141 misit
1097 4105 1112 4153 ;
1148 4090 1534 4159 superatisque
1575 4092 1838 4148 velociter
1863 4093 1966 4148 viae

382 4176 652 4247 angustiis
674 4179 850 4247 ipsam
884 4181 1074 4235 urbem
1096 4184 1422 4238 adoriuntur
1445 4186 1732 4257 primoque
1758 4185 1962 4256 impetu

382 4270 634 4339 capiunt,
687 4286 752 4325 ac
789 4272 846 4326 in
903 4287 968 4327 ea
1011 4276 1217 4331 multos
1285 4277 1579 4342 trucidant,
1653 4280 1968 4349 ingentique

383 4361 569 4430 praeda
635 4377 699 4416 ac
751 4365 941 4435 spoliis
975 4369 1159 4437 potiti,
1203 4370 1298 4439 qui
1347 4370 1561 4439 pridem
1625 4372 1676 4424 in
1709 4388 1771 4426 ea
1799 4373 1964 4428 vincti

385 4455 814 4520 tenebantur,ex
834 4473 1056 4514 carcere
1112 4462 1360 4517 liberant.
1393 4461 1530 4516 Tum
1562 4463 1769 4518 vicinas
1796 4473 1969 4519 terras

385 4547 712 4615 incendunt,
743 4548 1091 4606 Samosatum
1117 4554 1408 4625 diripiunt,
1435 4555 1738 4625 eodemque
1763 4555 1969 4626 impetu

387 4648 646 4709 superato
700 4639 1002 4711 Euphrate,
1032 4659 1156 4696 cum
1192 4645 1374 4701 nullus
1413 4663 1643 4716 usquam
1680 4647 1972 4703 obsisteret

382 4726 575 4806 (quod
635 4733 898 4788 nimirum
942 4733 1090 4788 baud
1143 4735 1335 4803 procul
1373 4736 1443 4791 ab
1491 4735 1825 4807 imperatore
1883 4738 1975 4792 bo-

385 4824 557 4883 stium
608 4835 788 4881 castra
835 4827 1008 4881 locata
1056 4829 1312 4902 essent).
1349 4829 1539 4886 multis
1593 4831 1826 4901 captivis
1904 4846 1973 4887 ac

392 4917 597 4987 ingenti
655 4919 832 4987 pratda
897 4918 1057 4974 dilati
1123 4919 1190 4974 ad
1275 4921 1661 4993 imperatorem
1762 4923 1973 4978 reversi

391 5017 539 5072 sunt,
574 5009 753 5064 adhuc
785 5025 956 5080 prope
982 5009 1335 5067 Zarnuebum
1366 5009 1620 5077 fluvium,
1659 5013 1752 5069 ubi
1801 5014 1972 5069 Cara-

393 5103 612 5159 niisium
645 5113 748 5166 est,
809 5117 1139 5167 morantem,
1193 5106 1402 5163 desidis
1435 5107 1659 5178 quidem
1709 5109 1971 5171 similem,

394 5192 491 5249 sed
522 5196 614 5265 qui
639 5210 852 5252 summa
877 5196 1150 5254 industria
1171 5213 1236 5254 ac
1260 5199 1479 5255 solertia
1507 5216 1601 5271 per
1627 5201 1873 5257 subditos
1897 5210 1977 5256 ta-

396 5288 464 5341 lia
501 5288 832 5359 designaret.

467 5380 631 5451 269
669 5384 756 5441 40.
806 5386 1258 5444 llincdiseedens
1325 5405 1449 5445 cum
1515 5389 1773 5446 universo
1813 5404 1968 5444 exer-

2071 3243 2389 3315 Ῥωμαϊκῆς
2420 3244 2597 3314 ἀρχῆς
2635 3241 2985 3311 ἐλυμαίνετο,
3036 3239 3350 3310 προσέφυγε
3391 3239 3528 3312 πρὸς
3554 3240 3653 3294 αὐ-

2059 3338 2152 3391 τὸν
2170 3379 2185 3403 ,
2213 3338 2310 3391 καὶ
2338 3338 2438 3406 τὴν
2487 3336 2644 3389 πόλιν
2673 3335 2839 3387 αὑτοῦ
2873 3334 2969 3387 καὶ
2997 3333 3068 3387 τά
3093 3331 3235 3387 ὅπλα
3267 3333 3360 3385 καὶ
3394 3332 3486 3386 τὸν
3523 3332 3653 3386 λαὸν

2059 3431 2139 3503 τῷ
2198 3431 2563 3500 αὐτοκράτορι
2617 3423 3004 3492 καθυπέταξε,
3053 3423 3341 3495 θαυμάσας
3381 3422 3548 3477 αύτοῦ
3591 3423 3655 3478 τδ

2067 3525 2204 3596 μετὰ
2231 3522 2327 3576 τοῦ
2358 3522 2603 3594 ἀνδρείου
2653 3517 2899 3583 ἐπιεικὲς
2927 3516 3023 3572 καὶ
3065 3514 3206 3589 μετὰ
3233 3516 3335 3587 τῆς
3365 3515 3652 3587 δυνάμεως

2062 3615 2293 3669 δίκαιον.

2112 3707 2233 3778 ,λΟἍ
2269 3708 2415 3770 Ἕως
2435 3707 2482 3738 ⁷⁸
2509 3705 2565 3759 δὲ
2589 3703 2726 3775 πρὸς
2751 3701 2917 3757 αὐτὸν
2948 3699 3096 3773 εἶχον
3128 3701 3220 3756 τὸν
3257 3700 3380 3755 νοῦν
3409 3703 3458 3756 οί
3492 3701 3657 3756 πολέ-

2068 3819 2202 3872 μιοι,
2227 3802 2320 3853 καὶ
2348 3798 2748 3870 περιεσκόπουν
2780 3797 2920 3867 πρὸς
2947 3795 2977 3849 ὃ
3002 3794 3168 3868 μέρος
3208 3794 3383 3866 ῥέψει,
3404 3794 3490 3848 ἵνα
3520 3793 3658 3865 πρὸς

2064 3895 2126 3946 τὸ
2153 3895 2350 3946 πονοῦν
2404 3894 2500 3946 καὶ
2527 3892 2683 3944 αὐτοὶ
2711 3889 3115 3953 συνασπίσωσι,
3147 3886 3230 3961 [Ρ.
3257 3884 3386 3959 167]
3417 3885 3654 3960 κοῦρσον

2067 3988 2209 4040 κατὰ
2236 3989 2332 4056 τῆς
2362 3985 2662 4056 λεγομένης
2693 3983 2983 4054 Ζαπέτρας
3011 3979 3336 4035 ἀπέστειλεν
3357 3977 3658 4034 ἐπιλέκτων

2067 4078 2434 4149 πολεμιστῶν,
2457 4077 2506 4130 οἳ
2537 4075 2739 4147 σπουδῇ
2774 4074 2844 4128 τὰ
2880 4073 3046 4127 στενὰ
3083 4073 3185 4142 τῆς
3209 4071 3332 4126 ὀδοῦ
3354 4071 3658 4135 διελθόντες

2069 4173 2208 4242 αὐτῇ
2238 4177 2304 4258 τῇ
2328 4170 2481 4226 πόλει
2513 4169 2942 4240 προσπίπτουσι,
2991 4167 3088 4220 καὶ
3135 4165 3344 4238 ταύτην
3372 4164 3431 4234 ἐξ
3463 4165 3657 4255 ἐσρόδου

2069 4270 2430 4340 λαμΰάνουσι,
2488 4264 2585 4317 καὶ
2614 4261 2843 4326 πολλοὺς
2883 4265 2940 4315 ἐν
2966 4261 3105 4332 αὐτῇ
3161 4260 3658 4329 κατασφάττουσιν,

2072 4361 2448 4434 αίχμαλωσίαν
2474 4376 2536 4412 τε
2567 4355 2770 4428 πολλὴν
2817 4355 2914 4409 καὶ
2960 4353 3115 4408 λείαν
3146 4352 3512 4424 λαμϐάνουσι.
3564 4354 3662 4407 κιιῖ⁵

2069 4457 2326 4528 δεσμίους
2365 4451 2613 4527 χρονίους
2643 4449 2900 4519 ἐξάγουσι
2942 4449 3046 4517 τῆς
3079 4449 3349 4519 φρουρᾶς.
3389 4443 3531 4501 Εῐτα
3560 4445 3660 4511 τὰς

2072 4552 2275 4624 ἐφεξῆς
2331 4547 2787 4620 πυρπολήσαντες
2839 4545 3025 4616 χώρας
3081 4543 3178 4598 καὶ
3231 4543 3295 4596 τὸ
3339 4541 3664 4611 Σαμόσατον

2072 4644 2534 4716 ἐκπορθήσαντες,
2553 4645 2647 4694 καὶ
2671 4643 2736 4711 τῇ
2763 4641 2900 4710 αὐτῇ
2929 4638 3081 4710 ῥύμῃ
3127 4635 3219 4690 τὸν
3239 4635 3533 4707 Εὐφράτην
3566 4651 3664 4687 ιτε-

2074 4740 2337 4811 ρὰσαντες
2374 4734 2516 4789 κατὰ
2543 4732 2746 4803 πολλὴν
2781 4731 3019 4802 ἐρημίαν
3048 4729 3160 4782 τῶν
3187 4726 3546 4783 κωλυσόντων
3575 4725 3666 4780 διὰ

2072 4833 2137 4888 τὸ
2164 4826 2772 4903 παραστρατοπεδεύειν
2814 4825 2942 4888 τοὺς
2973 4821 3271 4894 πολεμίους
3296 4819 3378 4891 τῷ
3427 4819 3662 4891 βασιλεῖ,

2077 4925 2174 4980 καὶ
2203 4921 2408 4992 πολλὴν
2429 4919 2689 4983 λαϐόντες
2713 4912 3102 4988 αἰχμαλωσίαν
3132 4914 3231 4967 καὶ
3259 4912 3502 4982 λάφυρα,
3555 4910 3664 4965 ὕπ-

2076 5011 2350 5083 έστρεψαν
2374 5013 2514 5082 πρὸς
2554 5009 2648 5064 τὸν
2704 5006 3091 5076 αὐτοκράτορα
3115 5003 3197 5058 ιτι
3226 5003 3366 5075 πρὸς
3405 5001 3484 5072 τῷ
3514 5001 3663 5074 Ζαρ-

2080 5109 2213 5180 νοὺχ
2258 5103 2513 5178 ποταμῷ,
2563 5102 2697 5158 ἔνθα
2737 5101 2800 5154 τὺ
2832 5099 3180 5174 Κεραμίσιόν
3206 5099 3252 5132 ⁷⁷
3275 5099 3417 5162 ἐστι,
3453 5097 3668 5170 διατρί-

2083 5204 2248 5258 ϐοντα
2279 5199 2377 5255 καὶ
2399 5197 2595 5270 ἀργεῖν
2624 5196 2727 5269 μὲν
2745 5193 3033 5258 δοκοῦντα,
3069 5196 3139 5248 τά
3162 5192 3223 5249 δέ
3251 5191 3480 5251 τοιαῦτα
3530 5207 3669 5247 παν-

2083 5297 2261 5368 σόφως
2280 5294 2373 5350 διὰ
2397 5292 2508 5347 τῶν
2538 5291 2644 5345 ὑπὸ
2674 5292 2831 5362 χεῖρα
2857 5285 3401 5359 καταπραττόμενον.

2149 5397 2224 5464 μ’.
2274 5385 2556 5443 Ἐντεῦθεν
2580 5385 2720 5458 ἄρας
2765 5387 2794 5437 ὁ
2824 5381 3077 5444 Βασιλεὺς
3107 5380 3247 5450 μετὰ
3280 5377 3482 5442 παντὸς
3514 5392 3672 5448 στραο

1700 5570 1935 5629 V'AlilAﬂ
1982 5567 2373 5629 LECTIONES

566 5689 681 5758 xui]
720 5689 776 5740 δὲ
812 5691 901 5742 καὶ
929 5688 987 5743 Ρ.

566 5689 681 5758 καὶ]
720 5689 776 5740 δὲ
812 5691 901 5742 καὶ
929 5689 987 5743 Ρ.
1067 5691 1110 5718 ⁷³
1139 5690 1504 5760 κατοχυρούμ;
1541 5689 1894 5745 Bul'bcrinus.

401 5755 520 5812 beri
563 5775 625 5812 us
749 5761 798 5790 '”
830 5761 1051 5812 ἀνδρίαν
1077 5761 1611 5812 -ὑποταττοιιένουε
1644 5776 1752 5812 om.
1788 5763 1849 5812 A.

441 5773 520 5815 οη
563 5775 625 5816 US

1976 5689 2017 5720 ⁷¹
2052 5703 2152 5741 κατ

753 5706 776 5739 ε
812 5707 901 5742 και
929 5706 987 5743 ι’.
1070 5706 1110 5718 ἐ’
1139 5706 1504 5760 κατοχυρουμ;
1542 5706 1894 5745 ual'uertnus.
1981 5706 2017 5720 "
2052 5706 2338 5758 κατηρειπι

749 5761 798 5790 ’⁸
830 5761 1051 5831 ἀνδρίαν
1077 5761 1611 5833 -ὑποταττομὲνους
1644 5776 1752 5817 om.
1788 5763 1849 5816 A.
1931 5760 1974 5792 "
2017 5757 2161 5831 ἀντὶ]
2185 5761 2250 5815 ἐκ
2278 5757 2338 5814 Ρ.

2197 5687 2423 5756 ρεὶπατο
2449 5684 2508 5756 Ρτ

2586 5686 2629 5716 ⁷³
2649 5682 2820 5750 αὐτῆς
2855 5680 2922 5737 Α.
2994 5677 3041 5714 ⁷³
3080 5675 3508 5750 ὑπανεχώρησεν
3537 5669 3672 5734 Bar-

2415 5691 2508 5739 iP.
2586 5691 2629 5716 ⁷³
2649 5691 2820 5750 αύτῘς
2855 5691 2922 5737 Α.
2994 5691 3041 5714 ⁷⁸
3080 5691 3336 5747 ὑπανεχω

2415 5756 2461 5790 τ’
2493 5752 2624 5824 ἕως]
2650 5754 2725 5820 ὡς
2896 5752 2940 5787 ⁷⁷
2970 5747 3292 5822 Καραμίσιν

2896 5752 2940 5787 ⁷⁷
2970 5747 3292 5822 Καραμίσιν
3319 5747 3382 5806 Ρ.
