4056 6034
273 235 388 302 ’287

1383 240 1894 318 THEOPHANES
1921 237 2482 304 CONTINUATUS.

3478 243 3584 307 288

290 358 382 406 cto
411 349 572 420 271
604 351 758 407 omni
789 354 962 409 milite
991 353 1142 424 large
1167 355 1501 427 copioseque
1549 356 1876 413 muneribus

2004 356 2072 410 τὸν
2109 356 2216 410 ὑπὸ
2253 360 2411 428 χεῖρα
2438 359 2618 412 πάντα
2639 356 2772 411 λαὸν
2802 354 3072 421 πολυσίως
3106 355 3579 429 φιλοφρονησάμε-

288 454 539 515 accepto,
569 461 636 501 ae
669 445 762 517 qui
812 447 1081 518 singulari
1130 449 1332 505 virtute
1382 449 1677 519 fulserant,
1705 453 1887 523 singu-

285 535 356 594 lis
384 538 600 594 decenti
642 538 938 595 hnnorario
975 540 1214 608 donatis,
1246 544 1434 598 multis
1469 553 1665 600 auctus
1696 544 1888 616 spoliis

287 646 352 688 ac
384 632 630 688 victoriae
669 632 834 688 sertis
870 633 926 688 in
966 634 1159 689 urbem
1221 652 1477 691 reversus
1529 640 1889 710 est;ingres-

287 742 496 798 susque
528 742 631 798 per
678 727 890 784 Aureas
934 737 1145 797 portas,
1196 747 1308 801 quo
1362 732 1476 789 fere
1513 734 1622 789 ritu
1676 744 1888 793 veteres

289 822 657 890 imperatores
675 823 728 876 in
751 822 1159 895 praemagniﬁca
1191 824 1474 897 nobilique
1494 825 1668 883 Roma
1689 829 1888 884 trium-

288 913 458 984 phum
483 914 739 985 agebant,
777 912 976 971 faustis
1002 929 1102 986 pro
1133 917 1366 973 victoria
1397 919 1587 990 pepuli
1610 920 1886 977 acclama-

292 1007 537 1064 tionibus
591 1007 984 1078 ominibusque
1014 1009 1457 1078 deducentibus,
1510 1013 1564 1067 in
1620 1030 1884 1083 magnum

291 1098 389 1155 Dei
416 1099 714 1170 Sapientiae
744 1101 1012 1172 templum
1046 1097 1113 1158 ad
1150 1113 1278 1159 vota
1325 1119 1743 1176 eongrnamque
1772 1123 1889 1177 gra-

291 1191 492 1249 tiarum
523 1192 794 1250 actionem
823 1191 934 1248 Deo
983 1194 1434 1264 persolvendam,
1469 1198 1664 1253 statim
1695 1207 1890 1254 uterat

290 1301 360 1341 ex
401 1285 621 1351 itinere,
658 1284 963 1356 profectus,
1003 1294 1170 1356 atque
1212 1303 1244 1344 a
1278 1290 1596 1359 patriarcha
1639 1291 1888 1348 victoria:

287 1389 498 1431 corona
535 1373 844 1443 redimitus,
877 1374 934 1430 in
965 1374 1171 1447 regiam
1212 1387 1468 1449 receptus
1494 1388 1601 1435 est.

363 1556 455 1612 41.
493 1554 714 1612 Rursus
740 1570 878 1613 vero
913 1571 1063 1613 cura:
1087 1573 1212 1613 eum
1245 1559 1435 1617 civiles
1486 1561 1886 1630 sollicitabant,

289 1649 748 1720 diversarumque
770 1650 1016 1721 gentium
1038 1652 1358 1708 oratoribus
1380 1652 1446 1708 ad
1464 1668 1523 1709 se
1553 1655 1890 1712 convenien-

293 1744 446 1800 tibus
490 1743 691 1800 dandis
735 1746 1019 1815 responsis
1067 1745 1462 1812 incumbebat;
1493 1748 1890 1822 paululumque

297 1852 426 1890 cum
460 1835 654 1891 liberis
683 1850 750 1892 ac
788 1849 963 1892 uxore
983 1837 1234 1893 relaxato
1260 1838 1468 1905 animo,
1501 1854 1567 1894 ac
1593 1854 1891 1897 sacrosan-

294 1927 401 1984 ctis
454 1941 551 1997 per
589 1927 784 1983 urbem
848 1927 962 1984 voti
1023 1942 1368 1998 preeumque
1435 1943 1606 1985 causa
1671 1929 1892 2002 templis

297 2021 557 2092 religiose
591 2021 867 2089 lustratis,
903 2036 969 2076 ex
1004 2036 1155 2076 more
1194 2037 1390 2076 rursus
1413 2021 1675 2078 civilibus
1704 2022 1888 2077 admi-

299 2115 719 2172 nistrationibus
763 2114 1106 2187 iudiciisque
1129 2114 1348 2168 addicta
1406 2129 1600 2186 Opera,
1651 2116 1890 2187 diligen-

298 2209 434 2263 tiam
497 2208 591 2263 ille
639 2222 797 2264 suam
835 2206 1169 2278 vigilemque
1212 2221 1403 2262 curam
1450 2222 1580 2280 erga
1632 2210 1890 2267 subditos

297 2301 639 2357 ostentabat.
668 2298 893 2355 Nullum
938 2309 1125 2356 tamen
1156 2298 1394 2355 faciebat
1427 2303 1592 2356 linem
1644 2303 1894 2374 quotidie

300 2397 357 2450 in
387 2408 609 2450 sacrum
635 2393 1000 2464 divinumque
1022 2395 1288 2465 templum
1314 2395 1662 2466 ingrediendi
1686 2395 1894 2452 Deum-

301 2504 414 2557 que
443 2485 809 2558 suppllicibus
833 2487 978 2543 votis
1004 2488 1295 2553 exorandi,
1329 2487 1799 2545 intercessoribus
1825 2489 1894 2545 ad

301 2582 474 2636 Deum
496 2578 756 2636 adhibitis
779 2588 892 2634 tum
913 2577 1179 2635 Michaele
1192 2580 1434 2635 ewlestis
1451 2580 1730 2636 exercitus
1744 2581 1896 2651 prin-

300 2674 451 2746 cipe,
484 2684 599 2730 tum
633 2673 753 2729 Elia
779 2674 1069 2745 propheta,
1127 2689 1197 2729 ne
1232 2673 1387 2743 prius
1443 2674 1554 2728 vita
1609 2675 1898 2731 excederet

301 2784 466 2838 quam
499 2767 890 2837 Chrysochiris
917 2768 1200 2821 interitum
1259 2766 1473 2822 videret
1521 2781 1586 2822 ac
1633 2767 1735 2823 tria
1790 2769 1894 2823 tela

303 2861 524 2929 impuro
566 2859 713 2914 illius
737 2857 904 2927 capiti
940 2857 1236 2928 inﬁgeret;
1268 2859 1414 2928 quod
1454 2866 1510 2913 et
1545 2866 1734 2928 postea
1767 2875 1898 2915 con-

305 2950 447 3021 tigit.
513 2948 778 3018 Sequenti
831 2949 982 3004 enim
1033 2963 1220 3015 anno,
1279 2951 1480 3004 cuntis
1523 2951 1689 3022 272
1732 2966 1895 3019 quem

1990 464 2101 514 νος,
2147 449 2240 503 καὶ
2279 448 2391 502 τῶν
2440 448 2881 519 ἀριστευσάντων
2911 447 3145 502 ἕκαστον
3177 448 3478 516 ἀριστείοις
3504 466 3584 502 τι-

1993 541 2196 610 μήσας,
2243 539 2385 611 μετὰ
2418 538 2633 594 πολλῶν
2677 538 2941 609 λαφύρων
2971 540 3068 594 καὶ
3111 539 3413 611 νικητικῶν
3459 558 3586 594 στε-

1989 633 2176 702 φάνων
2212 631 2520 704 ὑπέστρεψε
2567 631 2706 704 «pb;
2754 631 2853 704 τὴν
2893 633 3321 704 βασιλεύουσαν
3367 636 3462 688 καὶ
3498 634 3589 689 διὰ

1987 727 2099 781 τῶν
2128 726 2364 798 Χρυσῶν
2391 724 2577 780 πυλῶν
2608 725 2869 780 είσελοὼν
2892 725 2971 792 ὡς
3023 728 3074 781 οἱ
3103 727 3272 782 πάλαι
3315 729 3460 782 κατὰ
3489 729 3590 801 τὴν

1992 820 2351 892 μεγαλόδοξον
2369 820 2594 893 Ῥώμην
2618 821 2731 877 τῶν
2777 821 3204 894 αὐτοκρατόρων
3233 823 3363 887 τοὺς
3388 821 3588 893 θριάμ-

1989 912 2118 977 ϐους
2154 914 2512 982 κατάγοντες,
2541 913 2639 968 καὶ
2665 914 2767 978 τὰς
2799 914 2954 985 παρὰ
2985 913 3080 968 τοῦ
3105 914 3278 985 δήμου
3301 914 3592 986 νικητικὰς

1989 1006 2280 1079 ἐκσοήσεις
2309 1007 2404 1062 καὶ
2425 1006 2707 1078 εὐφημίας
2736 1007 3050 1078 δεξάμενος,
3069 1008 3166 1063 καὶ
3193 1009 3333 1079 πρὸς
3361 1009 3422 1062 τὺ
3447 1009 3590 1080 μέγα

1988 1096 2088 1169 τῆς
2111 1097 2208 1152 τοῦ
2255 1095 2391 1153 Θεοῦ
2434 1098 2639 1168 Σοφίας
2668 1097 2994 1170 ἀνάκτορον,
3029 1099 3109 1166 ὡς
3137 1099 3239 1165 τὰς
3288 1100 3455 1171 εὐχὰς
3494 1100 3590 1155 καὶ

1988 1192 2090 1266 τὴν
2120 1193 2511 1264 προσήκουσαν
2558 1193 2916 1266 εὐχαριστίαν
2943 1192 3264 1261 ἀποδώσων,
3300 1193 3466 1258 εὐθὺς
3511 1194 3592 1258 ὼς

1991 1281 2143 1358 εῖχεν
2175 1285 2236 1352 ἐξ
2264 1285 2389 1340 ὁδοῦ
2440 1282 2871 1358 παραγεγονὼς,
2928 1285 3023 1339 καὶ
3053 1285 3160 1340 ὑπὸ
3197 1286 3293 1341 τοῦ
3320 1287 3444 1340 τότε
3479 1303 3589 1342 πα-

1988 1377 2380 1451 τριαρχοῢντος
2407 1377 2489 1451 τῷ
2502 1377 2606 1449 τῆς
2631 1379 2792 1449 νίκης
2813 1379 3064 1450 στεφάνῳ
3092 1381 3426 1446 ταινιωθεὶς,
3477 1381 3590 1436 ἀπ-

1991 1470 2262 1541 εκατέστη
2304 1471 2385 1534 είς
2415 1469 2486 1524 τὰ
2504 1469 2774 1541 βασίλεια.

2065 1561 2179 1634 μα’.
2209 1565 2321 1618 Καὶ
2369 1562 2535 1618 πάλιν
2563 1563 2730 1618 αὑτὸν
2777 1562 3063 1634 φροντίδες
3113 1563 3391 1621 πολιτικαί
3425 1567 3590 1621 διεδέ-

1992 1673 2175 1729 χοντο,
2209 1658 2308 1710 καὶ
2335 1658 2458 1721 ταῖς
2493 1654 2604 1709 ἀπὸ
2654 1655 2933 1727 διαφόρων
2967 1656 3141 1711 ἐθνῶν
3174 1658 3498 1729 πρεσϐείαις
3524 1659 3594 1714 τὰ

1991 1749 2282 1822 πρόσφορα
2303 1749 2645 1821 ἐχρημάτιζε
2662 1763 2677 1780 ·
2708 1750 2802 1802 καὶ
2849 1749 2988 1821 πρὸς
3012 1749 3196 1818 ὀλίγον
3220 1752 3336 1815 τοῖς
3374 1751 3594 1816 τέκνοις

1993 1842 2423 1917 συνευφρανθεὶς
2448 1843 2545 1898 καὶ
2563 1845 2631 1915 τῇ
2649 1841 2894 1911 γυναικὶ,
2914 1841 3164 1908 καὶτοὺς
3195 1843 3340 1898 κατὰ
3367 1845 3431 1900 τὸ
3455 1845 3592 1900 ἄστυ

1993 1935 2298 2008 περιελθὼν
2330 1935 2511 2007 ίεροὺς
2538 1934 2634 1988 καὶ
2684 1933 2864 2000 Θείους
2917 1936 3084 1999 ναοὺς
3131 1936 3225 1990 καὶ
3273 1937 3375 2000 τὰς
3425 1937 3591 2008 εὐχὰς

1992 2027 2250 2094 ἀποδοὺς,
2283 2025 2531 2098 συνήθως
2562 2021 2634 2098 ἦν
2661 2026 2818 2090 αὖθις
2849 2027 2943 2080 ἐπὶ
2980 2027 3092 2082 τῶν
3128 2028 3425 2081 πολιτικῶν
3457 2029 3593 2083 διοι-

1995 2124 2210 2194 κήσεων
2236 2119 2459 2176 καὶτῶν
2495 2121 2755 2190 κρίσεων,
2784 2120 2884 2192 τὴν
2915 2121 3045 2192 περὶ
3072 2121 3135 2174 τὸ
3156 2121 3399 2192 ὑπήκοον
3431 2123 3594 2194 κηδε-

2000 2213 2194 2284 μονίαν
2212 2212 2305 2265 καὶ
2323 2213 2605 2286 ἄγρυπνον
2623 2210 2983 2285 πρόνοιανηΡ.
3008 2212 3135 2286 169]
3159 2214 3592 2286 ἐνδεικνύμενος.

1997 2305 2073 2358 Οὐ
2103 2303 2425 2374 διελίμπανε
2451 2302 2512 2356 δὲ
2570 2305 2726 2372 ὅμως
2781 2304 2903 2358 καθ’
2940 2303 3186 2375 ἑκάστην
3218 2307 3297 2370 εἰς
3323 2306 3417 2360 τὸν
3449 2307 3596 2378 ἱερὸν

1997 2399 2093 2452 καὶ
2119 2399 2265 2453 θεῖον
2293 2398 2424 2454 ναδν
2462 2397 2653 2455 εἰσιὼν
2683 2399 2778 2453 καὶ
2814 2399 3074 2454 ἱκετεύων
3113 2401 3205 2456 τὸν
3233 2401 3466 2473 Κύριον,
3497 2403 3594 2457 καὶ

2002 2491 2230 2562 μεσίτας
2259 2490 2400 2563 πρὸς
2428 2489 2588 2545 τοῦτο
2617 2493 2711 2546 τόν
2763 2509 2826 2547 τε
2867 2492 3313 2566 ἀρχιστράτηγον
3369 2493 3596 2566 Μιχαὴλ

1999 2585 2095 2640 καὶ
2135 2585 2319 2641 Ἦλιοὺ
2340 2584 2432 2641 τὸν
2455 2587 2749 2658 προφήτην
2783 2587 2920 2658 πρὸς
2947 2586 3082 2642 Θεὸν
3124 2586 3595 2658 προϐαλλόμενος,

1998 2673 2094 2730 τοῦ
2124 2675 2200 2747 μὴ
2228 2675 2498 2748 πρότερον
2521 2675 2618 2730 τοῦ
2649 2676 2767 2744 βίου
2806 2678 3130 2744 ὑπεξελθεῖν
3162 2679 3348 2751 πρὶνῆ
3381 2678 3474 2732 τὸν
3500 2677 3598 2732 τοῦ

2000 2767 2376 2840 Χρυσόχειρος
2409 2767 2636 2840 ὖλεθρον
2667 2769 2872 2824 ἐπιδεῖν
2897 2770 2992 2824 καὶ
3019 2771 3148 2842 τρία
3180 2769 3310 2842 βέλη
3327 2773 3394 2842 τῇ
3426 2770 3595 2826 αὑτοῦ

2001 2859 2321 2933 καταπῆξαι
2349 2862 2525 2933 μιαρᾷ
2560 2862 2794 2935 κεφαλῇ.
2838 2864 2904 2916 Ὅ
2942 2860 3038 2917 καὶ
3087 2862 3312 2934 γέγονεν
3343 2862 3593 2936 ὕστερον.

2000 2953 2091 3025 Τῷ
2118 2953 2227 3025 γὰρ
2261 2957 2470 3010 ἐπιόντι
2499 2956 2678 3028 χρόνῳ
2709 2957 2793 3022 εἰς
2824 2958 2933 3023 1ιιὶς
2955 2957 3069 3012 τῶν
3098 2958 3388 3029 Ῥωμαίων
3413 2958 3593 3031 ἐμϐα-

299 3042 553 3097 diccbam
583 3040 922 3113 Chrysochir
963 3040 1274 3097 Romanam
1307 3042 1572 3097 ditionem
1601 3044 1897 3099 invasisset

2005 3049 2192 3113 λόντος
2219 3047 2405 3124 χώρας
2452 3049 2550 3105 τοῦ
2580 3050 3168 3122 προμνημονευοέντσς
3222 3052 3599 3124 Χρυσόχειρος

304 3151 540 3206 eamque
584 3136 918 3197 devastaret,
969 3134 1120 3190 misit
1157 3151 1222 3190 ex
1278 3150 1434 3192 more
1489 3135 1791 3206 imperator
1846 3137 1900 3193 in

303 3243 434 3283 eum
479 3226 797 3284 scholarum
854 3226 1695 3299 domesticum;assumptoque
1751 3225 1901 3282 omni

306 3321 561 3377 Romano
608 3320 877 3385 exercitu,
909 3319 1037 3375 licet
1062 3320 1242 3388 palam
1293 3328 1554 3375 conserta
1612 3321 1731 3375 acie
1769 3335 1896 3375 eum

307 3415 403 3469 illo
440 3428 690 3484 pugnare
724 3427 837 3467 non
888 3411 1137 3478 auderet,
1162 3411 1383 3466 interim
1421 3419 1604 3466 tamen
1637 3410 1903 3468 Romanis

308 3505 638 3562 cohortibus
660 3519 725 3559 ex
778 3513 935 3560 certo
967 3505 1253 3559 intervallo
1309 3505 1766 3578 insequentibus,
1801 3506 1902 3561 ob-

309 3598 495 3655 stabat
530 3611 599 3652 ne
629 3596 759 3651 hinc
798 3595 925 3650 inde
951 3610 1250 3652 excurrere
1274 3611 1338 3650 ae
1374 3595 1612 3666 palando
1642 3611 1738 3666 per
1782 3596 1905 3653 loca

308 3689 549 3760 “dispergi
595 3689 851 3745 auderet.
876 3687 1015 3744 Cum
1051 3688 1219 3760 igitur
1240 3688 1532 3752 barbarus,
1568 3690 1768 3759 partim
1813 3706 1905 3745 rc-

309 3779 416 3835 bus
444 3794 514 3835 ex
551 3787 683 3835 voto
729 3779 1057 3836 cedentibus
1119 3779 1319 3851 partim
1379 3778 1642 3836 frustrato
1674 3790 1903 3848 conatu,

307 3871 422 3943 iam
451 3870 618 3926 etiam
647 3879 895 3942 tempore
936 3879 1190 3938 vocante,
1235 3871 1304 3928 ad
1333 3887 1433 3926 sua
1463 3872 1643 3928 redire
1679 3875 1908 3929 statuis-

311 3973 396 4018 set
435 3963 699 4035 gravique
726 3973 962 4021 onustus
993 3965 1174 4036 praeda
1209 3962 1436 4019 domum
1472 3965 1695 4029 rediret,
1740 3965 1907 4022 scho-

312 4057 383 4112 lis
413 4055 703 4127 przefeetus
728 4058 944 4114 duobus
966 4056 1227 4121 ducibus,
1274 4071 1511 4128 quorum
1560 4073 1706 4113 unus
1730 4056 1907 4114 Char-

312 4150 488 4206 sianis
543 4151 686 4206 alter
731 4150 1077 4207 Armeniaeis
1101 4158 1358 4220 praeerat,
1411 4150 1656 4222 praecipit
1684 4161 1746 4208 ut
1776 4167 1904 4207 cum

314 4243 382 4299 iis
419 4259 559 4314 quas
601 4243 886 4300 ducebant
930 4244 1255 4300 cohortibus
1308 4243 1738 4317 Cbrysocbirem
1765 4260 1906 4316 pone

315 4346 624 4406 sequantur
681 4351 859 4406 usque
903 4335 972 4390 ad
1013 4335 1523 4408 Bathyrrhyacem;
1563 4337 1821 4408 indeque,
1856 4338 1904 4394 si

2006 3144 2102 3197 καὶ
2134 3142 2339 3206 ταύτας
2369 3142 2723 3215 ληϊζομένου,
2763 3145 3089 3200 ἀποστέλλει
3117 3145 3240 3199 κατ’
3274 3146 3441 3200 αὐτοῦ
3469 3163 3599 3201 συν-

2007 3235 2156 3304 ήοως
2183 3238 2214 3290 ὁ
2250 3235 2505 3307 βασιλεὺς
2535 3235 2630 3290 τὸν
2678 3237 2790 3292 τῶν
2822 3237 3032 3307 σχολῶν
3071 3237 3465 3309 ἐξηγούμενον.
3501 3239 3600 3304 ’ος

2007 3324 2241 3393 ἐξελθὼν
2271 3325 2319 3358 ⁸⁸
2348 3331 2443 3383 καὶ
2480 3326 2664 3381 πάντα
2697 3327 2792 3382 τὸν
2829 3326 3138 3400 Ῥωμαϊκὸν
3174 3329 3404 3399 στρατὸν
3457 3346 3599 3401 συμ-

2009 3416 2366 3489 παραλασὼν,
2401 3417 2526 3469 ἐπεὶ
2559 3415 2702 3472 κατὰ
2737 3417 3031 3490 πρόσωπον
3053 3419 3315 3488 ἐμφανῶς
3345 3421 3605 3491 ἀντιστῆ-

2008 3527 2098 3567 ναι
2130 3510 2266 3583 «pb;
2299 3510 2464 3565 αὐτὸν
2503 3509 2811 3575 ἀπεδειλία,
2843 3511 2914 3564 τὰ
2943 3507 3056 3565 τῶν
3101 3511 3395 3582 Ῥωμαίων
3433 3529 3604 3583 στρα-

2006 3600 2260 3673 τεύματα
2293 3601 2716 3673 συμπαρείπετο
2767 3601 2908 3665 τέως
2957 3600 3109 3673 αύτῷ
3142 3602 3252 3656 ἀπό
3283 3620 3431 3665 τινος
3483 3602 3604 3656 δια-

2011 3695 2423 3766 στήματος,κα“ι
2450 3692 2552 3756 τὰς
2585 3693 2823 3767 μερικὰς
2860 3694 3083 3766 ἀνεῖργε
3113 3695 3607 3766 καταδρομὰς,καὶ

2008 3788 2071 3843 οὐ
2112 3786 2413 3860 συνεχώρει
2447 3786 2592 3841 κατὰ
2626 3786 2730 3858 τῆς
2759 3786 2944 3858 χώρας
2969 3785 3142 3848 ἀδεῶς
3164 3787 3603 3843 διασκίδνασθαι.

2023 3881 2113 3946 Ὠς
2159 3876 2256 3937 οὖν
2284 3881 2354 3936 τὰ
2383 3881 2482 3954 μὲν
2523 3879 2672 3953 δρῶν
2705 3882 2777 3936 τὰ
2806 3881 2863 3935 δὲ
2894 3880 3198 3953 ἀπρακτῶν
3239 3882 3269 3933 ὁ
3303 3879 3602 3954 βάρϐαρος,

2010 3970 2114 4043 ἤδη
2151 3971 2246 4026 καὶ
2269 3969 2365 4024 τοῦ
2407 3970 2607 4042 καιροῦ
2634 3970 2932 4035 καλοῦντος
2976 3971 3165 4039 αὑτὸν,
3197 3971 3300 4043 τῆς
3348 3970 3488 4042 πρὸς
3533 3971 3606 4025 τὰ

2009 4064 2188 4118 οἰκεῖα
2210 4064 2475 4118 ἐπανόδου
2507 4065 2755 4136 ἐμνήσθη
2781 4065 2879 4119 καὶ
2903 4065 3044 4136 μετὰ
3071 4063 3222 4130 λείας
3244 4067 3448 4136 συχνῆς
3469 4065 3608 4137 πρὸς

2009 4156 2108 4229 τὴν
2146 4158 2283 4212 ίδίαν
2303 4159 2489 4232 χώραν
2503 4159 2868 4230 ὑπέστρεφεν,
2888 4158 3132 4230 ἀφώρισε
3159 4159 3255 4213 δύο
3272 4157 3383 4214 τῶν
3409 4175 3609 4231 στρατω

2009 4250 2162 4321 ηγῶν
2214 4253 2244 4304 ὁ
2286 4251 2396 4307 τῶν
2461 4251 2671 4322 σχολῶν
2719 4250 3088 4323 ἐξηγούμενος
3133 4251 3205 4316 ⁸³,
3254 4253 3348 4306 τόν
3402 4269 3464 4304 τε
3509 4251 3606 4306 τοῦ

2011 4342 2326 4414 Χαρσιανοῦ
2380 4347 2477 4398 καὶ
2505 4344 2613 4399 τῶν
2659 4344 2990 4416 Ἀρμενίων,
3049 4344 3192 4416 μετὰ
3220 4348 3321 4415 τῆς
3351 4347 3484 4414 περὶ
3508 4346 3606 4399 αύ-

315 4403 544 4501 quidem
571 4403 838 4485 adversus
887 4403 1266 4484 Romanorum
1291 4403 1455 4485 vtines
1485 4429 1674 4498 copias
1697 4403 1897 4485 immit-

2011 4403 2138 4500 τοὺς
2166 4435 2454 4508 δυνάμεως
2490 4403 2931 4502 ἕκαστονξιῶστε
2963 4403 3465 4508 συμπαρομαρτεῖν
3509 4435 3606 4489 καὶ

315 4531 476 4588 teret,
519 4522 571 4576 id
599 4521 909 4578 domestico
939 4521 1361 4593 signiﬁcarent:
1395 4522 1482 4578 sin
1516 4531 1670 4578 recto
1711 4522 1908 4579 itinere

318 4616 375 4670 in
406 4630 564 4671 suam
591 4631 653 4673 se
703 4615 970 4671 latebram
995 4614 1286 4685 reciperet,
1337 4613 1433 4672 illo
1462 4615 1693 4673 dimisso
1718 4617 1784 4672 ad
1826 4617 1910 4688 ip-

318 4724 443 4764 sum
473 4724 668 4765 rursus
691 4709 954 4764 redirent.

2014 4530 2319 4601 ἐφέπεσθαι
2353 4531 2432 4602 τῷ
2477 4533 2810 4605 Χρυσόχειρι
2868 4531 3000 4604 ἄχρι
3048 4531 3144 4586 τοῦ
3192 4530 3607 4603 Βαθυριωακος,

2016 4625 2277 4679 κάκεῖθεν
2329 4627 2379 4679 εί
2435 4626 2535 4696 μὲν
2590 4626 2866 4696 ὲπαφήσει
2912 4625 3058 4679 κατὰ
3117 4625 3228 4678 τῶν
3284 4623 3609 4696 Ῥωμαϊκῶν

2024 4717 2190 4787 ὁρίων
2219 4719 2474 4790 στρατὸν,
2503 4718 2667 4788 δῆλον
2705 4717 2867 4774 τοῦτο
2917 4717 2998 4789 τῷ
3027 4717 3339 4790 δομεστίκῳ
3375 4719 3610 4789 ποιήσα-

318 4801 470 4870 σθαι,
503 4805 552 4857 εί
580 4803 638 4857 δὲ
673 4801 813 4876 πρὸς
854 4802 949 4859 τὸν
992 4803 1194 4858 οἰκεῖον
1247 4802 1456 4874 φωλεὸν
1479 4806 1900 4879 ἀμεταστρεπτὶ
1937 4809 2173 4882 βαδίζων
2202 4815 2524 4881 εἰσδύνειεν,
2578 4816 2853 4880 ἐάσαντας
2914 4813 3107 4870 τοῦτον
3155 4814 3316 4880 αὖθις
3373 4816 3606 4875 ἐπανελ,

320 4896 436 4953 θεῖν
465 4895 604 4968 πρὸς
631 4895 819 4951 αὐτόν.

390 4991 485 5046 ιε.
518 4988 642 5048 Jam
696 4991 882 5061 itaque
921 4990 990 5047 ad
1051 5005 1180 5047 eum
1211 4991 1306 5063 qui
1339 4991 1523 5048 dictus
1551 4999 1640 5048 est
1674 4992 1908 5067 Bathyr-

319 5087 512 5161 rhyaei
582 5088 789 5153 locum,
858 5086 1350 5158 advesperasccnto
1405 5087 1494 5145 die
1545 5089 1907 5147 barbarorum

321 5181 584 5238 devectus
620 5181 898 5237 exercitus
923 5178 992 5235 ad
1044 5181 1212 5254 pedes
1241 5182 1446 5240 montis
1467 5183 1742 5239 consedit.
1793 5182 1908 5238 Ro-

325 5289 619 5330 manorum
651 5272 822 5329 duces
851 5273 998 5328 illius
1029 5273 1315 5343 superiora
1346 5282 1644 5344 occupant,
1675 5290 1741 5329 ac
1773 5275 1907 5345 quid

324 5374 656 5421 eventurum
707 5365 783 5423 sit
826 5365 1146 5436 dispiciunt.
1203 5365 1426 5422 Interim
1477 5368 1622 5423 inter
1667 5367 1909 5424 duorum

327 5457 635 5513 thematum
667 5457 897 5525 milites,
924 5467 979 5512 et
1025 5458 1280 5514 ordinum
1343 5467 1762 5529 turmarumque
1806 5461 1910 5514 du-

332 5558 517 5610 ctores
541 5567 608 5609 ae
639 5551 1063 5624 manipularios,
1094 5551 1376 5608 contentio
1424 5549 1674 5621 qumdam
1719 5557 1774 5605 et
1807 5565 1911 5621 pu-

2095 4989 2204 5064 μβ⁹.
2229 4990 2370 5061 Ἤδη
2401 4988 2494 5043 οὖν
2535 4988 2633 5042 τοῦ
2686 4986 3030 5062 βαρϐαρικοῦ
3071 4988 3486 5061 στρατεύματος
3514 5008 3610 5058 γε..

2018 5087 2240 5154 γονότος
2268 5086 2326 5138 ἒν
2355 5081 2598 5155 ἑσπέρας
2622 5081 2808 5153 »καιρῷ
2834 5079 2980 5136 κατὰ
3006 5079 3102 5134 τὸν
3132 5079 3475 5154 καλούμενον
3503 5084 3606 5136 Βα-

2020 5180 2308 5251 ουρῤύακα
2335 5179 2432 5232 καὶ
2455 5175 2788 5246 αὐλισμένου
2824 5175 2978 5228 κάτω
3007 5173 3148 5245 πρὸς
3177 5172 3278 5246 τὴν
3310 5174 3408 5228 τοῦ
3449 5174 3604 5246 ὅρους

2021 5271 2322 5343 ὑπώρειαν,
2351 5267 2461 5323 τῶν
2521 5267 2578 5323 δὲ
2619 5265 2951 5337 Ῥωμαϊκῶν
3009 5267 3338 5337 στρατηγῶν
3367 5266 3604 5320 καταλα-

2020 5367 2225 5420 ϐόντων
2246 5363 2313 5420 τὰ
2342 5363 2537 5418 τούτου
2590 5360 2973 5434 μετεωρότερα
3005 5362 3101 5414 καὶ
3129 5359 3194 5413 τὸ
3233 5358 3430 5430 μέλλον
3474 5361 3609 5414 ἅπας

2019 5459 2388 5524 σκοπούντων,
2417 5455 2687 5528 ἐμπίπτει
2707 5471 2792 5519 τις
2821 5452 2941 5525 ἔρις
2962 5455 3094 5524 περὶ
3123 5451 3236 5508 τῶν
3262 5451 3612 5524 ⁰⁶πρωτείων

2021 5551 2115 5605 καὶ
2149 5549 2353 5620 ἅμιλλα
2396 5551 2509 5612 τοῖς
2539 5546 2648 5603 τῶν
2697 5545 2790 5601 δύο
2823 5544 3077 5616 Θεμάτων
3115 5542 3475 5614 στρατιώταις
3518 5549 3614 5599 καὶ

1630 5642 1868 5698 VARIE
1929 5641 2338 5702 LECTIONES.

409 5735 451 5768 “
480 5731 538 5797 ὃς
566 5732 795 5801 ἐξελθὼν
819 5749 929 5794 om.
961 5734 1022 5791 P.
1098 5737 1144 5771 ⁸⁵
1179 5735 1559 5808 ἀφηγούμενος
1588 5736 1655 5792 Α.
1732 5736 1776 5770 ⁸⁵
1808 5735 1918 5789 τῶν
1938 5735 2001 5790 Α.
