4056 6034
429 187 534 253 289

1541 183 1692 246 LIB.
1733 185 1800 245 V.
1843 209 1913 219 -
1946 176 2656 248 BASILIUSIMACEDO.

3608 176 3720 242 290

430 301 747 374 ταξιάρχαις
777 301 872 354 καὶ
911 301 1268 372 λοχαγωγοῖς,
1300 300 1407 356 τῶν
1439 301 1539 372 μὲν
1575 300 1671 354 τοῦ
1703 297 2019 372 Χαρσιανοῦ

2134 313 2231 368 gna
2261 297 2329 352 de
2359 295 2580 352 virtutis
2612 294 2931 366 praesumis
2959 294 3173 352 incidit.
3210 294 3375 368 273
3397 294 3715 353 Charsianl-

432 398 647 460 ἑαυτοῖς
675 395 1105 467 ἐπιγραφόντων
1149 396 1212 448 τὸ
1243 393 1537 464 πρεσϐεῖον
1562 394 1666 463 τῆς
1691 396 1812 449 κατ’
1849 392 2022 465 ἀλκὴν

431 491 654 562 ἀρετῆς,
679 488 918 560 ἔμπαλιν
951 488 1010 542 δὲ
1032 489 1141 542 τῶν
1174 485 1554 558 ’Δρμενιακῶν
1581 486 1656 559 μὴ
1680 484 2024 557 μεθιεμένων

429 583 534 650 τῆς
563 583 620 633 ἐν
651 583 766 644 τοῖς
802 580 1062 650 πολέμοις
1101 579 1326 650 ἀνδρίας
1357 579 1420 633 τὸ
1453 579 1728 650 πρωτεῖον
1776 577 2026 640 ἐκείνους

430 672 639 729 λαϐεῖν.
677 674 770 738 Ὠς
797 669 891 728 οὖν
932 674 1025 727 ἐπὶ
1056 673 1221 726 πλέον
1242 673 1310 726 τὰ
1339 671 1441 741 τῆς
1467 668 1808 740 φιλονεικίας
1840 669 2025 732 αὐτοῖς

431 767 632 838 ἐχώρει
659 768 756 822 καὶ
777 769 846 822 τὰ
881 767 1214 838 φρονήματα
1237 763 1574 838 διηρέθιστο,
1605 763 1865 834 λεχθῆναί
1889 777 2026 831 φασι

433 861 589 931 παρὰ
641 860 749 915 τῶν
799 859 1200 932 πρωτευόντων
1245 858 1343 912 τοῦ
1401 857 1512 912 τῶν
1554 858 1601 891 ⁸⁷
1646 855 2026 930 Ἀρμενιακῶν

435 954 806 1024 συστήματος,
833 954 910 1016 ὡς
939 955 1079 1009 Ἵνα
1109 953 1166 1007 τί
1207 952 1410 1022 μάτην
1437 951 1507 1006 ἐν
1533 953 1742 1019 λόγοις
1778 950 2025 1004 ἔκαστοι

434 1044 855 1114 omam-opem:
884 1045 982 1098 καί
1017 1043 1328 1114 αὑχοῦμεν
1364 1042 1674 1114 διακενῆς,
1714 1041 1861 1107 ἐξὸν
1903 1040 2028 1106 τοῖς

433 1134 635 1204 ἔργοις
667 1135 785 1200 τὴν
817 1135 1279 1205 ἁμφισϐήτητον
1328 1135 1555 1204 ἀρετὴν
1582 1133 2028 1199 ἐπιδείξασθαι;

437 1226 558 1280 τῶν
600 1227 710 1296 γὰρ
742 1229 1048 1300 πολεμίων
1087 1231 1160 1283 οὐ
1187 1229 1433 1299 μακρὰν
1484 1229 1872 1298 ἀπεχόντων,
1928 1226 2030 1292 r5-

437 1337 610 1374 εστιν
630 1321 732 1375 ἐπὶ
761 1321 881 1377 τῶν
901 1321 1091 1393 ἔργων
1113 1323 1381 1393 φανῆναι
1402 1322 1546 1390 τοὺς
1565 1320 1830 1391 ἀριστεῖς
1846 1319 1947 1374 καί
1960 1320 2028 1375 ἐκ

441 1412 556 1483 τῆς
609 1415 763 1469 κατά
810 1415 981 1485 χεῖρα
1034 1418 1462 1487 γενναιότητος
1535 1416 1816 1486 κριθῆναι
1877 1415 2024 1482 τοὺς

435 1507 871 1578 ὑπερέχοντας.
911 1508 1053 1574 Τοὺς
1077 1509 1356 1574 τοιούτους
1384 1511 1567 1564 τοίνυν
1612 1508 1808 1578 λόγους
1834 1507 2024 1578 διακη-

438 1600 626 1667 κοότες
653 1603 705 1656 οἱ
752 1604 1074 1675 στρατηγοὶ,
1123 1604 1221 1658 καὶ
1259 1603 1360 1675 τὴν
1410 1603 1550 1674 πρὸς
1581 1602 1808 1672 ἀνδρίαν
1851 1599 2030 1673 ὁρμὴν

436 1693 535 1747 καὶ
574 1661 887 1765 προθυμίαν
931 1661 1378 1767 κατανοήσαντες
1529 1661 1698 1767 ⁷1701.
1722 1693 1820 1749 τοῦ
1869 1661 2028 1761 ἱοὶοὲ,
2058 1661 2106 1724 Β

438 1785 838 1857 συννοήσαντες
862 1786 920 1840 δὲ
948 1788 1046 1841 καὶ
1073 1788 1173 1859 τὴν
1196 1787 1306 1842 ἀπὸ
1329 1785 1427 1842 τοῦ
1453 1787 1623 1842 τόπου
1652 1787 1929 1859 βοήθειαν,
1951 1789 2033 1843 ὅτι

439 1879 502 1944 ἐξ
535 1879 867 1952 ὑπερδεξίων
889 1883 1006 1945 τοῖς
1034 1882 1094 1934 ὲν
1127 1881 1371 1953 ἐπιπέδῳ
1397 1880 1861 1953 κατηυλισμένοις
1890 1880 2024 1952 μὲλ-

437 1968 626 2024 λουσιν
656 1970 1020 2036 ἐπιτίθεσθαι,
1049 1973 1176 2044 διχῆ
1207 1969 1480 2042 διαιροῦσι
1514 1971 1618 2044 τὴν
1632 1972 1897 2043 δύναμιν·
1933 1973 2032 2027 καὶ

439 2065 503 2119 τὺ
535 2064 634 2135 μὲν
662 2064 920 2138 ἔκκριτον
948 2067 1122 2136 αὐτῆς
1161 2064 1212 2099 ⁸³
1259 2065 1422 2136 ἄχρις
1474 2065 1643 2138 ἕκτης
1675 2065 2035 2130 ὲκατοντάδος

445 2155 588 2227 μετά
617 2150 726 2209 τῶν
757 2173 821 2224 γε
849 2156 960 2211 τῶν
981 2156 1027 2190 ⁸³
1058 2155 1384 2227 στρατηγῶν
1407 2155 1741 2228 προσϐαλεῖν
1763 2159 1812 2191 ⁹⁰
1837 2157 2034 2228 ἐκρίθη

441 2244 522 2317 τῷ
554 2247 665 2300 τῶν
710 2247 1004 2320 βαρϐάρων
1041 2247 1279 2320 στρατῷ,
1315 2247 1378 2303 τδ
1409 2248 1468 2301 δὲ
1502 2247 1688 2303 λοιπὸν
1714 2248 1818 2320 τῆς
1849 2251 2034 2319 εὐαρι-

444 2340 657 2409 θμήτου
695 2339 1012 2411 Ῥωμαῖκῆς
1041 2335 1304 2410 στρατιᾶς
1330 2342 1390 2406 ἐς
1415 2340 1640 2412 δόκησιν
1672 2341 1912 2413 πλήθους
1934 2341 2034 2396 αὒ-

440 2431 539 2485 τοῦ
569 2448 672 2484 που
702 2433 838 2502 πρὸς
871 2433 940 2486 τὰ
975 2433 1229 2503 μετέωρα
1274 2432 1742 2499 συσκευάσαντες,
1784 2432 1880 2487 καὶ
1904 2433 2035 2486 σύν-

446 2523 604 2594 θημασ
623 2524 806 2588 δόντες
835 2526 1054 2596 καιροῦ,
1090 2526 1156 2579 ἵν’
1197 2529 1330 2580 ὅταν
1349 2519 1873 2598 οὖτοιπροσϐἀλωσι
1921 2529 2036 2590 τοῖς

445 2614 685 2688 ἐχθροῖς,
723 2618 969 2672 κακεῖνοι
1005 2618 1105 2672 σὺν
1143 2617 1448 2689 ἀλαλαγμῷ
1486 2619 1730 2690 μεγίστῳ
1760 2619 1855 2674 καὶ
1901 2620 2032 2674 σάλ-

445 2707 623 2776 πιγξι,
651 2709 1106 2781 συνεπηχούντων
1134 2711 1228 2764 καὶ
1260 2710 1370 2764 τῶν
1403 2711 1574 2782 ὀρέων
1596 2712 1800 2776 αὐτῶν,
1829 2712 2035 2784 ἐκπλη-

445 2801 643 2871 κτικὴν
671 2800 800 2872 βοὴν
833 2804 1245 2876 ἀναῤῥήξωσιν,
1282 2805 1439 2859 αὐτοὶ
1471 2805 1574 2869 τὰς
1603 2805 1913 2871 πανοπλίας
1946 2808 2034 2860 ὲν-

444 2891 683 2960 δύονται,
715 2893 808 2946 καὶ
851 2895 1079 2962 ἀφανῶς
1124 2896 1215 2950 διὰ
1270 2896 1469 2961 νυκτὸς
1518 2901 1586 2969 τῇ
1640 2899 2036 2970 στρατοπεδείᾳ

2128 398 2215 453 ta'.
2251 389 2494 456 virtutis,
2525 403 2650 460 qua:
2681 389 2736 443 in
2769 388 3111 460 tortitudine;
3141 399 3250 455 cat,
3277 391 3578 462 primatum
3601 389 3715 445 sibi

2125 480 2524 536 vindicabant:
2555 489 2750 536 contra
2782 481 3096 537 Armeniaci
3127 481 3266 537 nihil
3300 498 3360 538 se
3396 481 3487 537 illa
3520 483 3722 540 virtute

2129 571 2476 642 iis'impares
2505 572 2735 626 omnino
2763 573 3180 629 obnitebantur.
3210 575 3556 646 Augescente
3621 577 3724 631 ita-

2129 673 2240 730 que
2271 659 2412 722 rixa,
2442 669 2497 716 et
2525 673 2653 715 cum
2701 663 2943 731 partium
2989 663 3304 719 irritaretur
3337 662 3618 734 ferocitas,
3650 665 3724 721 ah

2127 753 2590 810 Armeniacorum
2652 764 2833 811 cretus
2891 755 3228 826 primoribus
3267 757 3324 812 in
3376 757 3497 814 hate
3550 762 3722 816 verba

2131 858 2447 917 peroratum
2484 846 2668 902 ferunt
2710 845 2894 913 :Quid
2929 847 3138 919 frustra
3168 848 3337 904 verbis
3360 851 3559 921 singuli
3588 850 3725 921 fere.

2129 940 2298 993 cimus
2336 947 2492 1010 atque
2522 938 2823 1008 jactamus,
2853 955 2976 995 eum
3020 941 3078 996 in
3113 953 3364 1013 promptu
3394 945 3466 999 sit
3507 945 3721 1000 uirtutis

2128 1028 2390 1098 specimen
2421 1032 2574 1096 dare,
2597 1046 2701 1098 qua
2723 1028 2790 1083 de
2812 1029 3134 1101 ambigimus
3157 1031 3185 1085 2
3210 1047 3331 1086 cum
3357 1035 3502 1088 enim
3539 1034 3721 1089 hostes

2127 1123 2272 1177 Izaud
2304 1125 2456 1195 longe
2483 1125 2683 1189 absint,
2709 1135 2932 1195 possunt
2962 1127 3055 1196 qui
3086 1127 3189 1182 uiri
3220 1140 3537 1198 praestantes
3574 1131 3725 1186 exsi-

2109 1212 2298 1282 stant,
2323 1218 2654 1286 facinoribus
2685 1219 2843 1274 editis
2867 1220 3236 1289 inclarescere,
3259 1240 3323 1278 ac
3351 1226 3446 1294 qui
3475 1225 3606 1296 forti
3629 1241 3722 1280 ro-

2131 1309 2256 1363 bore
2278 1311 2570 1379 prn'cellat,
2620 1312 2831 1380 judicio
2889 1315 3092 1381 primas
3135 1315 3392 1370 obtinere.
3443 1315 3540 1372 His
3589 1331 3724 1390 ergo

2129 1403 2389 1460 ductores
2439 1406 2795 1462 sermo-nibus
2834 1407 3063 1474 auditis,
3115 1408 3463 1479 militumque
3498 1408 3568 1466 ad
3619 1409 3725 1465 im-

2129 1497 2475 1568 pressionem
2511 1497 2821 1553 faciendam
2858 1499 3056 1554 fortem
3106 1497 3358 1557 animum
3390 1511 3558 1572 atque
3603 1501 3724 1559 ala-

2133 1605 2282 1644 crem
2339 1591 2782 1659 considerantes,
2821 1607 3038 1648 necnon
3083 1593 3260 1663 ipsius
3322 1593 3725 1667 lociopportn-

2134 1683 2362 1738 nitatem
2420 1684 2566 1738 haud
2599 1683 2716 1739 leve
2777 1685 2884 1740 sibi
2917 1686 2985 1740 ad
3034 1687 3323 1742 victoriam
3379 1697 3720 1744 momentum

2133 1775 2329 1832 atl‘erre
2356 1777 2681 1845 sentientes,
2714 1784 2864 1847 quod
2892 1794 2923 1834 e
2956 1779 3180 1834 sublimi
3208 1780 3334 1836 loco
3365 1780 3630 1850 impetum
3663 1781 3722 1837 in

2133 1870 2320 1927 hostes
2343 1881 2504 1926 erant
2533 1870 2755 1937 facturi,
2797 1874 2892 1944 qui
2937 1876 2992 1928 in
3026 1874 3168 1928 valle
3200 1882 3383 1930 castra
3420 1873 3719 1942 habebant,

2132 1962 2273 2019 duas
2295 1963 2351 2018 in
2383 1973 2568 2034 partes
2596 1966 2785 2036 copias
2811 1966 3081 2022 dividunt.
3113 1966 3468 2023 Selectiorem
3495 1984 3722 2024 manum

2090 2110 2096 2117 _
2133 2055 2202 2111 ad
2226 2066 2515 2112 sexcentos
2535 2073 2659 2112 cum
2686 2058 2818 2127 ipsis
2844 2057 3171 2115 ductoribus
3191 2061 3245 2114 in
3274 2059 3488 2117 hostem
3512 2061 3725 2118 irruere

2131 2148 2478 2205 decernunt:
2509 2150 2710 2219 reliqui
2750 2166 2985 2206 numero
3029 2166 3138 2207 non
3176 2153 3336 2209 multi
3386 2154 3443 2208 in
3496 2153 3724 2210 sublimi

2131 2250 2362 2308 starent,
2386 2239 2650 2296 confertae
2677 2243 3048 2300 multitudinis
3079 2246 3318 2315 speciem
3349 2244 3722 2316 praeferentes,

2132 2333 2258 2390 data
2287 2335 2552 2403 temporis
2580 2344 2813 2404 tessera,
2851 2346 2912 2391 ut
2960 2353 3086 2392 cum
3141 2338 3220 2392 illi
3270 2338 3486 2404 hostem
3544 2338 3726 2394 adori-

2134 2436 2344 2493 rentur,
2380 2427 2529 2483 illico
2561 2428 2616 2482 hi
2645 2413 2890 2484 maxime
2920 2446 3047 2485 eum
3093 2431 3292 2501 plausu
3346 2442 3401 2487 et
3451 2431 3600 2488 tubis
3629 2448 3726 2488 ca-

2134 2519 2390 2575 nentibus
2423 2512 2721 2576 terribilem
2757 2523 2996 2594 rugitum
3051 2539 3157 2578 una
3193 2538 3420 2596 quoque
3485 2525 3728 2580 reboan-

2136 2617 2284 2670 tibus
2339 2618 2627 2672 montibus
2689 2617 2936 2673 ederent.
2994 2618 3088 2674 Sic
3147 2634 3302 2673 arma
3352 2619 3607 2686 induunt,
3659 2634 3727 2676 ac

2136 2707 2350 2762 occulte
2375 2724 2471 2778 per
2495 2721 2709 2766 noctem
2741 2711 2808 2765 ad
2855 2710 3099 2765 hostium
3137 2711 3303 2783 274
3327 2722 3508 2767 castra
3565 2727 3726 2769 acce~

2135 2800 2292 2855 dunt.
2361 2799 2590 2856 Summo
2644 2813 2828 2856 autem
2902 2818 3099 2867 mane,
3153 2821 3280 2859 cum
3347 2806 3579 2860 necdum
3642 2805 3725 2861 sol

2137 2909 2370 2950 emenso
2405 2897 2622 2965 penitus
2655 2897 2904 2967 subjecto
2952 2898 3114 2950 nobis
3143 2898 3533 2967 hemisphaerio
3556 2913 3729 2953 emer-

444 2983 558 3037 τῶν
614 2984 899 3056 δυσμενῶν
931 2986 1312 3058 πλησιάζουσι.
1360 2989 1477 3061 Πρὸ
1510 2991 1609 3060 τῆς
1658 2990 1733 3043 ἕω
1766 2990 1843 3055 δὲ,
1883 2989 2034 3045 obrue

2142 2987 2324 3052 sisset,
2361 3002 2557 3057 magna
2589 3002 2720 3041 voce
2769 3001 2959 3056 paeana
2987 2997 3292 3053 cantantes,
3328 2999 3384 3044 et
3430 2986 3561 3041 Vicit
3596 3001 3728 3040 crux

445 3076 541 3130 τοῦ
571 3075 726 3147 ἡλίου
751 3078 812 3130 τὸ
835 3078 942 3132 ὑπὸ
987 3081 1092 3150 γῆν
1141 3081 1365 3145 τελείως
1417 3081 1868 3153 παραλλάξαντας
1902 3085 2034 3155 ἡμι-

2141 3080 2570 3146 conclamantes,
2602 3079 2998 3149 aggrediuntur
3029 3080 3271 3146 hostem,
3304 3079 3473 3135 simul
3500 3079 3729 3150 reliquis

448 3171 724 3240 umiptov,
755 3170 852 3242 βοῇ
882 3171 1116 3244 στιϐαρᾷ
1141 3174 1528 3238 παιανίσαντες
1549 3173 1726 3228 καὶτὸ
1747 3175 1813 3240 θ’,
1844 3178 2038 3232 Σταυ-

440 3265 552 3332 ρὸς
568 3265 875 3331 νενίκηκε,
897 3282 962 3318 συ
970 3265 1308 3336 μϐοήσαντες
1323 3266 1658 3321 ἐπιτίθενται
1671 3270 1785 3332 τοῖς
1801 3268 2036 3341 ἐχθροῖς,

450 3357 1016 3422 συνεπαλα).αξαντων
1051 3359 1161 3412 ἀπὸ
1197 3358 1295 3412 τοῦ
1339 3359 1502 3432 ὅρους
1538 3361 1634 3414 καὶ
1665 3360 1776 3415 τῶν
1813 3361 2038 3417 λοιπῶν.

450 3447 629 3513 Εὐθὺς
655 3443 750 3502 οὖν
770 3449 847 3520 τῷ
873 3447 1184 3520 ἀνελπίστῳ
1204 3449 1653 3518 καταπλαγέντες
1676 3451 1726 3503 οῖ
1747 3449 2040 3524 βάρϐαροι,

450 3541 546 3595 καὶ
570 3541 710 3611 μήτε
742 3542 1008 3612 συστῆναι
1043 3542 1180 3613 μήτε
1227 3542 1290 3596 τὸ
1321 3543 1476 3596 ἐπιὸν
1509 3542 1715 3614 πλῆθος
1766 3545 1892 3598 ὅσον
1923 3545 2041 3599 ἐστὶ

448 3631 707 3696 λαϐόντες
756 3633 949 3702 καιρὸν
1009 3635 1270 3702 κατιδεῖν,
1330 3635 1456 3706 μήτ’
1495 3635 1626 3689 ἄλλο
1657 3654 1708 3689 τι
1768 3637 2040 3708 σωτήριον

451 3727 664 3788 ἑαυτοῖς
689 3728 754 3779 ὲκ
780 3725 873 3779 τοῦ
898 3728 1243 3798 παραχρῆμα
1277 3728 1601 3800 ἰσχύσαντες
1636 3731 1892 3796 συνιδεῖν,
1928 3730 2036 3803 ῶρα

451 3833 632 3887 μησαν
662 3817 801 3887 πρὸς
833 3820 1033 3886 φυγὴν,
1077 3821 1179 3889 τῆς
1215 3819 1311 3873 τοῦ
1343 3819 1611 3892 βασιλέως
1640 3821 1865 3885 τούτους
1900 3823 2039 3877 πάνο

448 3925 556 3971 τως
583 3908 842 3978 ὲπιμόνου
876 3909 1310 3982 ὲκδειματούσης
1340 3911 1506 3983 εὐχῆς
1554 3911 1648 3966 καὶ
1678 3913 2037 3967 συνελαυνού-

453 4019 552 4072 σης
604 4004 746 4074 πρὸς
807 4003 1049 4074 ὄλεθρον.
1087 4003 1210 4059 Τῶν
1260 4005 1354 4060 οὖν
1400 4005 1710 4060 διωκόντων
1748 4007 2039 4078 Ῥωμαίων

455 4097 550 4150 καὶ
572 4097 702 4159 τοὺς
737 4097 812 4168 μὴ
835 4097 1093 4162 συνόντας
1120 4099 1363 4170 συνεχῶς
1389 4099 1780 4167 ἐπιϐοωμένων
1837 4113 2040 4172 στρατ-

453 4189 620 4258 ηγοὺς
645 4189 742 4242 καὶ
758 4189 826 4243 τὰ
853 4188 1109 4261 τάγματα
1131 4192 1340 4246 καὶτὸν
1354 4192 1465 4245 τῶν
1485 4193 1692 4263 σχολῶν
1720 4191 2044 4263 ἀφηγούμε-

455 4299 579 4358 νον,Δ
599 4281 856 4354 καθάπερ
880 4285 1066 4350 αὐτοῖς
1088 4285 1439 4352 συντέτακτο,
1467 4287 1564 4341 καὶ
1597 4286 1708 4341 τῶν
1729 4287 2041 4358 φευγόντων

2138 3173 2207 3226 de
2239 3182 2425 3226 monte
2453 3172 2744 3226 militarem
2771 3173 3268 3228 conclamationem
3300 3172 3614 3229 edentibus.
3656 3174 3729 3228 At

2141 3266 2361 3322 barbari
2392 3268 2578 3323 subito
2609 3284 2668 3321 re
2710 3268 2984 3337 insperata
3021 3267 3327 3337 perterriti,
3360 3283 3540 3338 neque
3585 3269 3732 3323 inter

2143 3375 2204 3415 se
2261 3361 2410 3415 coire
2453 3377 2555 3415 nec
2614 3360 3052 3430 contemplanin
3101 3360 3430 3415 irruentium
3487 3360 3730 3416 hostium

2141 3451 2511 3506 multitudinis
2546 3462 2761 3521 tempus
2813 3451 3036 3518 habere,
3077 3467 3257 3522 neque
3292 3451 3518 3506 omnino
3571 3451 3731 3521 quid-

2140 3561 2309 3614 quam
2345 3546 2587 3601 salutare
2629 3547 2924 3601 consulere
2974 3560 3160 3616 posse.
3188 3545 3283 3600 sed
3315 3544 3454 3614 fugae
3483 3559 3543 3601 se
3570 3546 3728 3609 dare,

2141 3637 2494 3709 imperatoris
2530 3653 2762 3706 prorsus
2792 3637 3017 3692 assidua
3071 3637 3138 3691 ad
3188 3635 3358 3692 Deum
3414 3639 3731 3707 precatione

2140 3747 2240 3786 eos
2271 3741 2610 3801 perterrente
2638 3743 2801 3798 atque
2832 3732 2885 3782 in
2917 3729 3199 3784 interitum
3227 3729 3583 3800 propellente.
3619 3727 3729 3781 Ro-

2141 3823 2319 3876 manis
2377 3822 2561 3889 itaque
2621 3819 3061 3889 insequcntibus,
3118 3818 3487 3889 absentesque
3557 3819 3732 3873 duces

2139 3927 2304 3985 atque
2338 3915 2561 3968 ordines
2587 3912 2903 3982 scholisque
2933 3910 3251 3981 praefectum
3282 3910 3544 3966 continue
3574 3926 3729 3964 cum-

2140 4008 2491 4081 pellantibus,
2522 4008 2669 4063 sicut
2701 4005 2880 4061 fuerat
2923 4016 3279 4086 praeceptum,
3311 4013 3476 4061 aucto
3515 4005 3730 4074 fugien-

2142 4103 2276 4157 tium
2331 4114 2535 4170 pavore
2594 4113 2661 4153 ac
2699 4099 2936 4153 tumultu
2995 4101 3062 4153 ad
3119 4099 3460 4169 trigesimum
3497 4100 3734 4154 milliare

2141 4199 2579 4265 persequuntur,
2605 4191 3070 4262 interjectumque
3094 4192 3335 4263 spatium
3364 4192 3736 4248 cadaveribus

2145 4294 2532 4343 consternunt.

454 4377 532 4440 είς
564 4352 787 4431 πλείονα
811 4352 978 4447 ᾲόϐον
1011 4378 1482 4452 συνελαυνομένων
1510 4380 1605 4435 καὶ
1636 4352 1902 4454 ταραχὴν,
1937 4382 2137 4454 συνέϐη
2170 4382 2334 4454 μέχρι
2364 4380 2558 4451 μιλίων
2598 4380 2908 4452 τριάκοντα
2958 4378 3215 4446 γενέσθαι
3260 4379 3360 4450 τὴν
3405 4379 3587 4446 δίωξιν
3639 4371 3734 4433 καὶ

453 4468 543 4522 τὸν
609 4471 816 4540 μεταξὺ
879 4471 1056 4543 χῶρον
1107 4472 1357 4544 ἀπείροις
1417 4474 1872 4548 καταστρωθῆναι
1935 4479 2172 4547 νεκροῖς.

527 4561 640 4633 μγ’.
664 4563 796 4618 Ὅτε
820 4564 917 4618 καὶ
947 4565 1039 4620 τὸν
1063 4566 1255 4636 ἀναιδῆ
1284 4569 1381 4622 καὶ
1407 4568 1615 4639 θρασὺν
1643 4570 1855 4623 ἐκεῖνον
1882 4571 2032 4640 Χρυ-

2207 4570 2302 4625 65.
2339 4569 2486 4623 Inter
2513 4567 2629 4622 haec
2661 4566 2832 4622 etiam
2866 4564 3238 4635 impudentem
3266 4563 3645 4635 audacemque
3669 4567 3733 4622 il-

454 4658 680 4729 σόχειρα
697 4657 938 4727 λέγεται,
988 4661 1086 4714 σὺν
1107 4660 1311 4730 ὀλίγοις
1337 4661 1609 4731 φεύγοντα
1645 4662 1756 4716 τῶν
1785 4663 1916 4734 περὶ
1937 4664 2036 4718 αύ-

449 4751 566 4814 τδν,
593 4751 1052 4807 ἐπικαταδιώκειν
1087 4751 1374 4824 Ῥωμαίων
1396 4755 1447 4788 ⁸³
1477 4754 1621 4820 τινὰ,
1661 4755 1724 4809 τὸ
1756 4753 2036 4827 Πουλὰδην

451 4843 810 4914 παρωνύμιον
832 4843 1089 4915 φέροντα,
1127 4843 1185 4898 ὂν
1205 4844 1407 4915 συνέϐη
1437 4846 1569 4900 ποτὲ
1594 4846 1739 4902 κατὰ
1759 4847 2037 4920 Τεφρικὴν

451 4936 720 5006 γεγονέηα
745 4937 1091 5008 αἰχμάλωτον
1119 4938 1207 4993 διὰ
1234 4938 1296 4992 τὸ
1323 4939 1620 5011 ἀστεϊσμοῦ
1649 4937 1896 5011 μετέχειν
1942 4938 2043 4994 καὶ

452 5031 676 5102 χάριτος
701 5031 1018 5107 συνήθηὶκαί
1034 5030 1314 5104 γνώριμον
1327 5031 1666 5104 χρηματίσαι
1686 5031 2034 5102 Χρυσόχειρι.

457 5127 556 5180 Ὃν
585 5124 711 5179 ίδὼν
769 5126 798 5179 ὁ
831 5125 1107 5199 βάρϐαρος
1149 5126 1271 5180 τότε
1319 5125 1437 5198 μετ’
1491 5123 1888 5197 ἐνθουσιασμοῦ
1944 5125 2040 5178 καὶ

453 5212 767 5291 προθυμίας
816 5218 1105 5285 διώκοντα,
1164 5220 1548 5291 ἐπιστραφεὶς,
1607 5221 1671 5274 Τί
1701 5234 1824 5283 σοι,
1877 5218 2033 5290 φησὶ,

455 5312 666 5377 κακὸν,
691 5307 740 5366 ὦ
764 5311 958 5381 ᾱθλιε,
1013 5311 1453 5383 διεπραξάμην,
1499 5312 1809 5380 Πουλὰδη,
1838 5310 1930 5366 ὅτι
1959 5328 2036 5380 με

457 5405 608 5460 οὕτω
638 5404 1026 5473 καταδιώκεις
1075 5403 1387 5476 μανιωδῶς
1440 5402 1745 5476 ἐπιθυμῶν
1787 5403 2033 5461 ἀνελεῖν

2139 4663 2252 4723 lum
2285 4661 2732 4733 Chrysocbirem,
2760 4675 2887 4716 cum
2925 4659 3118 4730 paucis
3143 4674 3374 4715 suorum
3407 4660 3730 4730 fugientem.

2143 4754 2521 4810 Romanorum
2552 4754 2870 4825 quemdam,
2899 4760 3266 4823 cognomento
3287 4751 3574 4816 Puladem,
3606 4768 3733 4822 per-

2141 4859 2392 4906 secutum
2427 4849 2630 4915 ferunt,
2660 4849 2754 4918 qui
2788 4845 3078 4918 Tephrica:
3123 4845 3401 4917 quondam
3457 4847 3734 4917 captivus.

2143 4943 2291 5011 quod
2319 4940 2550 4998 festivus
2584 4948 2730 4997 esset
2759 4956 2825 4996 ac
2854 4939 3090 5011 lepidus,
3145 4937 3504 5008 Chrysoehiri
3573 4940 3730 4993 inno-

2143 5042 2329 5091 tuerat
2354 5045 2409 5090 et
2438 5036 2507 5090 ab
2530 5050 2599 5091 eo
2639 5036 2693 5089 in
2727 5033 3163 5090 familiaritatem
3219 5032 3398 5091 fuerat
3431 5031 3732 5088 admissus.

2145 5127 2305 5184 Hunc
2334 5138 2394 5184 ut
2443 5129 2582 5185 vidit
2608 5129 2880 5184 barbarus
2941 5125 3150 5183 furiose
3209 5126 3494 5194 alacrique
3542 5125 3731 5181 animo

2142 5222 2547 5293 insequentem,
2592 5234 2897 5278 conversus
2950 5217 3018 5274 ad
3071 5234 3241 5275 eum:
3286 5217 3430 5284 Quid
3480 5219 3596 5282 tibi.
3649 5219 3731 5272 in-

2140 5314 2280 5386 quit,
2302 5314 2449 5368 ’mali
2479 5314 2803 5385 feci,"rniser
2845 5310 3078 5376 Pulede,
3119 5308 3259 5382 quod
3311 5311 3388 5364 sic
3423 5311 3614 5365 insane
3645 5327 3732 5378 pe-

2140 5416 2442 5476 rempturus
2475 5424 2557 5462 me
2590 5407 2914 5477 persequeris
2942 5407 2968 5462 ?
2999 5403 3090 5461 cui
3125 5404 3216 5461 ille
3243 5401 3537 5459 brevibus:
3576 5401 3733 5467 Quod

1717 5516 1957 5574 VARUE
1981 5519 2390 5578 LECTIONES.

530 5619 576 5654 ’ν
614 5617 724 5675 τῶν
746 5634 857 5675 om.
894 5619 953 5673 l’.

463 5690 524 5745 τδ
553 5721 625 5734 --
649 5689 1059 5762 συμϐοήοαντες
1088 5707 1197 5747 om.
1235 5693 1299 5744 Δ.
1348 5690 1424 5742 .⁹¹
1467 5689 1738 5760 Ῥωμαῖον
1770 5691 1836 5744 Α.

1032 5618 1078 5652 ³³
1112 5619 1313 5688 ταύτης
1349 5620 1413 5692 Α.
1468 5618 1533 5692 ξ’
1573 5617 1806 5692 Allatins
1834 5617 2034 5685 Γετῶν,
2060 5619 2560 5678 manuducentibus
2593 5618 2765 5678 Getis.
2844 5620 2889 5653 ’°
2916 5615 3244 5692 προσϐαλεῖν
3272 5629 3385 5671 om.
3418 5616 3485 5670 A.
3560 5614 3604 5648 "
3638 5614 3730 5666 καὶ
