4056 6034
288 164 382 228 21η

1402 164 1917 229 THEOPHANES
1941 164 2508 230 CONTINUATUS.

3481 169 3590 233 292

288 273 538 328 nimirum
556 290 826 331 munerum
844 277 898 329 in
923 291 1000 330 me
1012 276 1328 333 collaturum
1352 278 1510 334 vicem
1531 296 1611 334 me
1629 280 1723 334 tibi
1747 279 1889 338 hodie

1995 298 2073 348 με
2093 297 2114 346 ;
2157 280 2215 333 ’0
2243 280 2298 334 δὲ
2322 283 2604 352 συντόμως
2646 279 2951 350 ἀντέφησεν
2985 280 3051 342 ’³,
3085 279 3166 333 ὅτι
3206 278 3326 334 Τῶν
3353 279 3589 351 εὐεργε-

289 368 625 420 reitditnrnm
653 366 757 421 Deo
781 367 905 423 bene
925 368 1418 438 propitio,con[ido,
1437 380 1693 439 patrone;
1716 368 1879 442 275

288 464 505 534 ideoque
531 472 670 516 retro
700 472 746 516 te
796 464 1063 530 insequor.
1095 461 1331 519 Prieibat
1384 466 1570 537 itaque
1598 467 1689 521 ille
1716 467 1878 537 quasi

290 564 473 612 mente
500 564 696 627 captus
729 571 796 614 ac
821 558 1113 625 attonitus,
1145 556 1432 629 desperata
1461 558 1666 625 salute,
1700 574 1763 615 ac
1792 559 1878 613 uio

290 650 464 704 mium
492 651 723 720 pavidus
747 669 761 705 :
794 650 1027 706 Pulades
1059 652 1333 723 intrepide
1356 653 1666 724 audacique
1695 655 1881 709 animo

289 740 708 813 insequebatur,
754 744 932 798 donec
970 744 1036 798 ad
1090 744 1257 799 altam
1307 744 1525 801 foveam
1588 747 1880 802 deventum

288 844 396 889 est.
425 835 683 891 Substitit
713 851 912 906 equus,
945 852 1057 906 pra:
1095 838 1357 907 voragine
1403 839 1682 899 transilire
1708 840 1882 912 trepi-

290 924 431 982 dans
458 926 837 997 titubaosque.
886 926 1141 999 Dumque
1168 928 1316 983 circa
1365 943 1490 984 eam
1542 927 1883 1001 Chrysocbir

290 1017 549 1073 animum
577 1019 835 1083 intendit,
870 1019 999 1076 huic
1027 1021 1269 1077 Pulades
1292 1032 1462 1078 conto
1492 1021 1665 1079 latera
1701 1031 1881 1079 trans.

292 1111 405 1181 ﬁgit
430 1130 444 1177 ;
473 1113 771 1182 statimque
800 1113 1014 1169 doloris
1042 1113 1093 1170 vi
1141 1114 1516 1173 circumactus
1563 1131 1707 1187 equo
1737 1115 1884 1172 decio

289 1203 392 1258 dit.
421 1200 559 1257 Tum
593 1220 622 1258 e
658 1205 922 1259 comitatu
960 1221 1125 1272 unus,
1167 1208 1256 1261 cui
1287 1206 1624 1263 Diaconitzze
1658 1224 1882 1276 nomen,

290 1310 351 1351 se
375 1310 518 1367 equo
550 1297 859 1368 proripiens
883 1298 1168 1355 dominum
1194 1302 1495 1372 collapsum
1526 1302 1883 1372 procumbat,

288 1390 525 1460 ejusque
553 1392 735 1461 capite
768 1392 1003 1461 genibus
1035 1395 1153 1450 suis
1184 1395 1448 1465 apposito
1473 1409 1665 1450 casum
1697 1395 1888 1466 deplo-

289 1483 469 1537 rabat.
519 1482 739 1538 Interim
784 1487 877 1538 alii
937 1485 1155 1542 Pulatla:
1182 1498 1571 1556 succrescunt,
1617 1489 1888 1560 equisque

288 1576 604 1633 exsilientcs
659 1576 1048 1650 Chrysocbiris
1096 1580 1213 1636 fere
1272 1583 1573 1637 exanimati
1632 1591 1800 1653 caput
1851 1597 1883 1636 a

1981 366 2136 424 σιῶν
2154 384 2293 437 σου,
2340 368 2603 439 πάτρων,
2660 369 2779 439 τὴν
2803 368 3064 441 ἀμοιϐὴν
3103 368 3442 426 ἀποδοῦναί
3485 387 3589 428 σοι

1982 462 2135 518 κατὰ
2162 462 2278 533 τὴν
2301 464 2625 534 παροῦσαν
2641 464 2875 536 ἡμέραν
2891 465 3189 532 πεποιθώς
3212 467 3332 535 ειμι
3353 465 3424 520 ἂν
3438 466 3583 534 Θεῷ.

1984 557 2084 612 καί
2113 556 2211 611 διὰ
2259 557 2438 612 τοῦτο
2490 557 2836 612 καταδιώκω
2889 543 3085 614 ὀπίσω
3131 574 3269 616 σου.
3316 558 3404 624 ἀς
3436 555 3530 614 οὖν
3556 564 3588 615 6

1987 650 2089 722 μὲν
2118 649 2317 723 προῄει
2345 641 2436 704 οἷα
2468 648 2855 722 βεϐλαμμένος
2892 651 2993 715 τὰς
3045 651 3251 723 φρένας
3283 652 3392 705 ὑπὸ
3426 653 3587 719 Θεοῦ,

1983 742 2415 814 ἀπεγνωσμένος
2446 760 2508 797 τε
2542 745 2637 799 καὶ
2664 742 2862 808 δειλὸς,
2894 743 2923 796 6
2952 742 3009 797 δὲ
3041 744 3302 814 ἐφείπετο
3333 747 3455 816 μετ’
3488 748 3586 801 εὑ-

1983 837 2212 909 τολμίας
2246 836 2344 911 καὶ
2401 834 2648 908 θάρσους
2692 834 2986 905 νεανικοῦ,
3022 837 3345 910 ἐντυγχάνει
3387 840 3586 913 τάφρῳ

1988 927 2180 1001 βαθείᾳ
2208 928 2238 982 6
2279 928 2633 1000 διωκόμενος,
2660 929 2730 1000 ἢν
2812 929 3200 1001 ὐπερπηδῆσαι
3225 932 3255 985 6
3285 932 3449 995 ἵππος
3490 935 3591 987 ἑπ-

1989 1020 2197 1076 εδειλία
2224 1021 2271 1053 ’⁸
2320 1038 2380 1075 τε
2409 1022 2504 1076 καὶ
2545 1022 2869 1088 διώκλαζεν.
2902 1020 3133 1096 [P.l7l]
3163 1024 3276 1079 Καὶ
3319 1025 3426 1091 ῑως
3457 1026 3591 1100 περὶ

1987 1116 2194 1186 ταύτην
2218 1117 2248 1170 6
2277 1116 2592 1189 Χρυσόχειρ
2620 1111 2738 1189 εἶχε
2785 1117 2879 1173 τὸν
2924 1118 3074 1186 νοῦν,
3108 1117 3295 1190 βάλλει
3325 1120 3519 1176 τοῦτον
3554 1123 3589 1179 6

1987 1209 2267 1280 Πουλάδης
2323 1210 2501 1281 κοντῷ
2558 1211 2699 1266 κατὰ
2757 1211 2863 1284 τῆς
2911 1210 3189 1284 πλευρᾶς,
3244 1215 3340 1268 καὶ
3382 1215 3589 1281 εὐθέως

1988 1302 2367 1375 περιδινηθεὶς
2395 1303 2475 1375 τῷ
2502 1302 2785 1376 ἀλγήματι
2816 1306 3101 1379 κατερρύη
3129 1305 3225 1359 τοῦ
3259 1307 3451 1363 ἵππου.
3476 1310 3590 1366 Καὶ

1986 1394 2095 1447 τῶν
2129 1397 2228 1449 σὺν
2252 1393 2402 1465 αὐτῷ
2435 1412 2543 1459 τις,
2585 1390 2631 1465 ᾧ
2664 1397 3023 1471 Διακονίτζης
3065 1393 3135 1469 ἧν
3174 1398 3237 1451 τδ
3270 1398 3588 1471 ἐπώνυμον,

1988 1490 2097 1543 ἀπὸ
2123 1489 2218 1543 τοῦ
2238 1490 2442 1543 οἰκείου
2467 1490 2641 1556 ,ἵππου
2672 1489 2837 1562 ῥίψας
2863 1492 3055 1545 ἑαυτὸν
3083 1491 3405 1563 ἐπιμελείας
3429 1494 3588 1565 ἠξίου

1988 1584 2081 1638 τὸν
2105 1584 2343 1638 πεσόντα
2364 1584 2658 1658 δεσπότην,
2686 1586 2782 1638 καὶ
2830 1587 2946 1650 τοῖς
2991 1585 3216 1649 οἰκείοις
3246 1588 3435 1654 γόνασι
3489 1590 3591 1660 τὴν

288 1672 504 1726 cervice
534 1671 828 1726 revellunt.
863 1672 1236 1729 Diaconiteem
1268 1689 1402 1730 vero
1437 1676 1616 1745 ipsum
1650 1689 1876 1745 quoque

1993 1678 2202 1731 ἐκείνου
2235 1679 2479 1750 κεφαλὴν
2505 1652 2715 1741 ἐπιθεὶς
2740 1680 2801 1733 τὸ
2847 1678 3064 1751 πμὸὰν
3110 1652 3452 1752 ἀπωδύρετο.
3497 1652 3589 1739 ’έν

290 1766 493 1819 vinetis
519 1767 645 1820 aliis
675 1765 1003 1837 adjungunt.
1043 1764 1133 1823 Sic
1188 1783 1325 1837 pene
1376 1768 1623 1822 inaudito
1686 1775 1884 1823 eventu

1991 1769 2232 1841 τοσούτῳ
2273 1772 2331 1825 δὲ
2382 1772 2777 1846 προσγίνονται
2828 1772 2909 1844 τῷ
2964 1774 3213 1848 ΙΙουλὰδῃ
3256 1776 3351 1830 καὶ
3382 1778 3589 1851 ἕτεροι,

290 1868 602 1929 praeterque
662 1876 818 1931 spem
876 1876 1098 1915 omnem
1165 1862 1455 1917 debellatis
1505 1862 1763 1917 hostibus
1822 1877 1889 1919 ac

1991 1864 2087 1918 καὶ
2122 1862 2517 1934 καθαλλόμενοι
2546 1865 2655 1919 τῶν
2703 1865 2890 1920 ίππων
2949 1865 3048 1939 τὴν
3078 1867 3125 1900 ⁸³
3157 1868 3252 1922 τοῦ
3284 1869 3589 1939 Χρυσόχει·

290 1950 738 2007 Christianorum
798 1954 1037 2006 cxaltata
1104 1954 1299 2024 gloria,
1341 1955 1452 2009 cito
1504 1971 1633 2010 cum
1702 1956 1887 2027 gaudii

1993 1974 2085 2029 ρος
2112 1958 2484 2028 ἀποτέμνουσι
2528 1959 2776 2029 κεφαλὴν
2805 1960 3271 2034 λειποψυχοῦντος
3294 1964 3399 2035 ἤδη
3427 1964 3475 1995 ³⁸
3493 1964 3591 2017 καὶ

294 2043 502 2098 nuntiis
540 2043 929 2115 Clirysoeliiris
964 2061 1185 2115 quoque
1212 2056 1378 2116 caput
1406 2047 1727 2118 imperatori
1761 2048 1889 2103 mit-

1991 2051 2449 2123 ὲκλιμπάνοντος,
2500 2053 3051 2122 συγκαταλέγουσιδὲ
3090 2055 3188 2108 καὶ
3213 2056 3306 2109 τὸν
3333 2056 3587 2109 Διακονί-

292 2135 448 2192 titur.
478 2135 817 2192 Versabatur
847 2139 938 2192 ille
967 2154 1063 2209 per
1094 2139 1144 2192 id
1177 2148 1398 2209 tempus
1443 2142 1587 2209 apud
1623 2140 1888 2209 Petrium,

296 2231 391 2285 ubi
423 2234 820 2286 monasterium
848 2242 991 2298 erat,
1019 2234 1073 2286 iu
1108 2249 1220 2304 quo
1245 2236 1369 2305 ejus
1401 2234 1526 2289 lilize
1551 2235 1768 2304 pietatis
1795 2250 1893 2307 pa-

294 2322 478 2378 la‘stra
508 2312 932 2380 exercebantur.
963 2325 1142 2379 Allato
1172 2326 1355 2395 capite
1379 2335 1628 2381 votorum
1657 2341 1887 2382 suorum

295 2428 633 2487 precuuique
671 2431 904 2480 memor,
932 2417 1259 2489 intentoque
1298 2420 1351 2472 in
1380 2434 1507 2473 eum
1539 2434 1667 2474 cum
1709 2420 1890 2493 lacry-

294 2510 401 2563 mis
430 2511 631 2567 mentis
662 2510 825 2564 oculo
855 2513 949 2581 qui
997 2508 1129 2565 facit
1159 2510 1327 2584 278
1357 2512 1697 2567 voluntatem
1736 2513 1892 2567 invo-

296 2604 542 2658 cantium
574 2620 730 2670 eum,
772 2604 952 2660 allen-ri
990 2607 1057 2659 ad
1097 2622 1156 2661 se
1182 2622 1370 2660 arcum
1405 2623 1470 2660 ac
1498 2606 1729 2677 sagittas
1760 2622 1894 2677 prae-

1990 2143 2126 2216 τζην
2157 2145 2368 2198 ἐκεῖνον
2395 2143 2478 2215 τῷ
2511 2144 2623 2198 τῶν
2646 2144 2853 2200 λοιπῶν
2873 2145 3117 2219 δεσμίων
3144 2146 3390 2218 ἀριθμῷ.
3423 2146 3586 2202 Οὕτω

1991 2237 2048 2291 δὲ
2076 2236 2395 2308 παραδόξως
2425 2238 2997 2310 καταπολεμηθέντων
3026 2238 3137 2293 τῶν
3181 2240 3465 2312 δυσμενῶν
3492 2242 3589 2295 καὶ

1992 2328 2088 2383 τοῦ
2126 2330 2519 2401 Χριστιανικοῦ
2552 2331 2863 2402 ὐψωθένευς
2894 2333 3281 2405 καυχήματος,
3305 2335 3591 2405 συντόμως

1997 2425 2139 2496 μετὰ
2162 2425 2272 2479 τῶν
2292 2425 2393 2496 τῆς
2416 2428 2595 2499 χαρᾶς
2614 2426 2867 2497 ἀγγέλων
2896 2427 3441 2499 προσαποστέλλεται
3488 2427 3589 2501 βα-

1997 2515 2136 2569 σιλεῖ
2164 2516 2197 2587 ὴ
2231 2515 2328 2571 τοῦ
2360 2517 2731 2591 Χρυσόχειρος
2762 2520 2997 2591 κεφαλή.
3041 2518 3342 2591 Ἐτύγχανε
3388 2520 3445 2575 δὲ
3492 2537 3592 2593 tq-

1994 2608 2227 2664 νικαῦτα
2254 2611 2459 2681 διάγων
2484 2612 2630 2667 κατά
2655 2614 2719 2668 τὸ
2759 2615 2992 2685 Πετρίον
3020 2615 3338 2689 λεγόμενον,
3366 2616 3499 2672 ἔνθα
3525 2615 3589 2670 τὸ
3682 2682 3683 2685 η

293 2699 463 2766 cepit,
514 2698 785 2769 ociusque
838 2714 1066 2753 nervum
1131 2702 1359 2754 tendens
1396 2709 1506 2754 tres
1555 2715 1583 2753 a
1627 2709 1783 2772 tergo
1833 2702 1887 2755 in

1999 2706 2250 2772 σεμνεῖον
2316 2704 2417 2776 τῆς
2470 2706 2581 2761 τῶν
2638 2707 2860 2761 οἰκείων
2927 2708 3246 2781 θυγατέρων
3305 2708 3591 2782 διατριὸἦς

296 2790 625 2843 sceleratum
665 2802 828 2859 t‘upul
860 2793 1091 2863 sagittas
1125 2793 1294 2852 misit.
1331 2807 1395 2845 ac
1429 2808 1496 2845 ne
1532 2793 1585 2847 in
1629 2808 1736 2847 una
1772 2795 1889 2863 qui-

2000 2796 2397 2867 ὲχρημάτιζεν.
2452 2798 2564 2853 Καὶ
2608 2800 2707 2869 τῆς
2760 2800 3007 2871 κεφαλῆς
3050 2802 3513 2874 προσενεχθείσης
3543 2801 3589 2834 ⁸⁷

295 2881 420 2935 dein
449 2884 677 2947 erravit,
697 2886 839 2939 lianc
860 2886 1155 2955 quannlam
1190 2886 1487 2956 impietatis
1515 2887 1889 2957 scelerumque

1997 2890 2111 2943 τῶν
2138 2890 2357 2944 οἰκείων
2384 2891 2761 2964 ἀναμνησθεὶς
2794 2895 3139 2966 προσευχῶν,
3188 2896 3283 2949 καὶ
3331 2895 3469 2967 πρὸς
3496 2895 3592 2950 τὸν

298 2975 517 3045 dignam
567 2976 939 3047 expiationem
995 2994 1059 3034 se
1124 2978 1202 3033 illi
1264 2979 1528 3036 adhibere
1578 2988 1731 3035 ratus
1794 2995 1889 3046 pro

2002 2982 2266 3039 ποιοῦντα
2289 2986 2350 3040 τὸ
2381 2986 2596 3058 θέλημα
2641 2986 2752 3042 τῶν
2781 2989 3230 3061 ἐπικαλουμένων
3258 2990 3423 3046 αὐτὸν
3452 2990 3594 3060 μετὰ

297 3068 468 3123 tantis
525 3069 815 3124 hominum
874 3069 1149 3135 millibus,
1180 3085 1321 3141 quos
1381 3087 1478 3143 per
1544 3073 1750 3127 multos
1805 3077 1889 3128 sui

1993 3078 2249 3151 δακρύων
2281 3080 2373 3134 τὸν
2398 3081 2498 3152 τῆς
2522 3080 2763 3148 διανοίας
2810 3084 3060 3147 ἐκτείνας
3102 3084 3403 3157 ὀφθαλμὸν,
3432 3085 3591 3155 τόξον

298 3160 643 3231 principatus
691 3178 871 3218 annos
921 3163 1257 3234 perdiderat.
1286 3166 1465 3234 Atque
1525 3164 1675 3221 hunc
1729 3166 1889 3220 tinem

1992 3170 2278 3243 ἐνεχθῆναι
2298 3174 2395 3227 καὶ
2425 3172 2555 3247 βέλη
2582 3175 2909 3247 προσέταξε,
2932 3178 3029 3232 καὶ
3049 3177 3245 3232 θᾶττον
3272 3180 3372 3250 τὴν
3390 3179 3592 3250 νευρὰν

297 3256 612 3313 habuerunt
640 3272 731 3313 res
759 3255 1172 3328 Clirysochiris.
1201 3258 1393 3330 sicque
1420 3260 1647 3314 evanuit
1691 3257 1889 3314 ﬂoren-

1994 3265 2237 3331 ἰντείνας
2275 3265 2322 3298 ³⁸
2349 3266 2478 3338 τρία
2508 3270 2650 3324 κατὰ
2681 3272 2781 3343 τῆς
2812 3271 3160 3344 παλαμναίας
3191 3272 3437 3342 κεφαλῆς
3469 3273 3594 3327 ὀπι-

299 3352 373 3407 tis
413 3358 547 3405 tunc
604 3348 893 3421 Teplirica:
948 3350 1225 3419 potentia,
1276 3350 1587 3422 opitulante
1656 3349 1889 3407 Numine

1994 3359 2280 3429 σθοφανῶς
2304 3363 2486 3435 ἀφῆκε
2521 3362 2677 3436 βέλη,
2700 3365 2797 3418 καὶ
2830 3366 2910 3429 είς
2942 3365 3064 3419 οὐδὲ
3094 3366 3153 3419 εν
3183 3364 3322 3430 ὅλως
3352 3366 3594 3439 διήμαρ-

301 3446 469 3517 inque
500 3461 613 3500 rem
654 3445 741 3517 pie
775 3445 1099 3516 imperantis
1122 3444 1315 3502 Basilii
1360 3443 1602 3502 assiduis
1629 3445 1889 3516 precibus

1992 3470 2109 3521 τεν,
2164 3454 2502 3529 ἐναγιασμόν
2553 3474 2679 3512 τινα
2731 3457 2923 3513 τοῦτον
2968 3459 3121 3525 ἄξιον
3172 3457 3267 3513 τοῦ
3296 3458 3593 3524 δυσσεϐοῦς

300 3540 448 3595 facto
483 3540 744 3611 propitio.

1996 3548 2374 3617 προσαγαγεῖν
2397 3547 2547 3619 αὐτῷ
2562 3546 2770 3618 οἰηθεὶς
2785 3548 2910 3602 ἀντὶ
2926 3545 3038 3601 τῶν
3057 3545 3271 3603 πολλῶν
3291 3548 3591 3621 μυριάδων,

296 3635 365 3699 ἃς
389 3636 447 3687 ὲν
476 3633 690 3696 πολλοῖς
738 3639 838 3703 τῆς
886 3632 1247 3706 ιπικρατείας
1289 3632 1456 3690 αὑτοῦ
1487 3633 1878 3707 κατηνάλωσεν
1918 3633 2087 3694 ἔτεσι.
2122 3638 2233 3693 Καὶ
2254 3639 2325 3694 τὰ
2353 3640 2457 3713 μὲν
2493 3640 2639 3695 κατὰ
2668 3640 2761 3696 τόν
2790 3640 3137 3713 Χρυσόχειρα
3202 3642 3297 3696 καὶ
3361 3642 3462 3714 τὴν
3499 3643 3593 3697 ἀν-

298 3730 503 3785 θοῦσαν
524 3729 647 3783 τότε
682 3727 915 3797 δύναμιν
936 3729 1035 3800 τῆς
1057 3729 1340 3801 Τεφρικῆς
1388 3728 1642 3785 ,τοιοῦτον
1697 3730 1760 3783 τὸ
1807 3729 1963 3795 τέλος
2003 3730 2226 3798 ἐδέξατο
2252 3732 2548 3809 συνεργείᾳ
2567 3733 2731 3800 Θεοῦ,
2764 3736 2884 3799 ταῖς
2919 3733 3143 3801 πολλαῖς
3172 3736 3407 3800 ίκεσίαις
3444 3748 3595 3809 καμ·

298 3829 526 3900 ᾳθέντος
556 3824 840 3879 Βασιλείαν
861 3822 956 3877 τοῦ
990 3821 1233 3887 εὐσεδῶς
1264 3821 1671 3893 βασιλεύοντος.

370 3924 465 3979 Η.
521 3920 642 3977 lam
693 3935 825 3977 vero
871 3922 991 3977 viro
1050 3921 1253 3992 inclyto
1316 3922 1629 3991 patriarcha
1692 3918 1889 3992 lgnatitt

2073 3920 2180 3992 p.6'.
2215 3922 2374 3994 ’Λρτι
2400 3921 2458 3976 δι
2508 3920 2605 3975 τοῦ
2635 3923 2886 3994 ἀοιδίμου
2938 3921 3283 3995 πατριάρχου
3325 3923 3589 3992 Ἰγνατίου

302 4024 493 4073 sancte
548 4016 769 4087 Deoque
828 4013 1047 4084 placitis
1088 4012 1339 4069 moribus
1392 4013 1501 4067 vita
1562 4012 1889 4081 perfuncto,

1999 4013 2166 4077 ὁσίως
2200 4014 2295 4067 καὶ
2323 4011 2638 4084 θεαρέστως
2667 4014 2760 4067 τὸν
2805 4013 2923 4084 βίον
2964 4013 3284 4078 ἀνύσαντος.
3344 4015 3441 4069 καὶ
3484 4016 3591 4069 ὑπὸ

302 4110 670 4180 opulentaque
707 4105 908 4162 canitie
937 4121 999 4161 ac
1036 4105 1304 4159 virtutum
1351 4105 1667 4161 obvallante
1713 4106 1889 4160 choro

2000 4106 2234 4178 πλουσίᾳ
2286 4110 2356 4178 τῇ
2415 4107 2640 4181 nolui”
2671 4107 2768 4163 καὶ
2814 4110 2884 4180 τῇ
2927 4106 3115 4177 κύκλῳ
3141 4106 3443 4180 δορυφορίᾳ.
3480 4107 3590 4163 τῶν

306 4207 631 4278 cunctisque
701 4204 1056 4261 laudantibus
1116 4204 1409 4275 virumque
1465 4204 1889 4271 pradicautibus

1995 4201 2211 4273 ἀρετῶν
2250 4202 2346 4255 καὶ
2376 4200 2454 4272 τῷ
2494 4200 2650 4273 παρὰ
2696 4201 2920 4256 πάντων
2948 4201 3286 4273 μακαρισμῷ
3310 4202 3410 4275 τὴν
3442 4220 3588 4276 παρ-

305 4308 446 4361 vivis
469 4312 726 4389 exempto
754 4310 811 4357 et
854 4300 924 4356 ad
975 4299 1260 4356 meliorem
1299 4300 1468 4355 vitam
1503 4300 1796 4367 translato,
1843 4301 1889 4357 ei

1997 4294 2167 4348 οὖσαν
2200 4293 2615 4367 ίάλλαξαμένου
2668 4295 2818 4366 ζωὴν
2858 4295 2955 4349 καὶ
2998 4294 3282 4362 διαϐάντος
3320 4297 3590 4384 πρδςςεὴν

306 4415 502 4454 rursus
552 4385 859 4453 Ecclesiam
895 4395 1001 4450 rite
1034 4394 1296 4460 reddidit,
1342 4393 1438 4465 qui
1472 4408 1581 4448 non
1641 4394 1742 4448 rite
1790 4393 1889 4448 sibi

1999 4386 2285 4457 ἀμείνονα,
2331 4385 2620 4441 ἀπέδωκεν
2641 4386 2795 4452 αὖθις
2824 4387 2926 4458 τὴν
2960 4386 3287 4459 Ἐκκλησίαν
3304 4388 3487 4454 καλῶς
3512 4389 3592 4460 τῷ

307 4502 434 4548 ante
458 4506 579 4546 eam
613 4488 897 4545 vindicare
926 4489 1083 4543 visus
1107 4495 1261 4555 erat;
1311 4486 1667 4559 legitimeque
1713 4501 1777 4540 ac
1806 4501 1897 4541 ca-

308 4588 507 4645 nonice
533 4585 1008 4659 sapientissimum
1039 4582 1297 4638 Photiom
1324 4582 1379 4638 in
1406 4583 1570 4653 regiae
1614 4578 1770 4636 urbis
1800 4595 1899 4634 va—

308 4691 469 4737 cante
497 4679 627 4735 sede
654 4677 962 4743 constituit,
1006 4689 1326 4748 quanquam
1375 4689 1444 4729 ne
1495 4673 1650 4744 prius
1676 4672 1897 4742 quidem

310 4774 462 4830 omni
482 4788 609 4828 eum
640 4772 984 4827 humanitate
1003 4769 1257 4839 accipere
1286 4769 1667 4838 honoremque
1694 4763 1899 4820 habere

308 4864 584 4933 cessabat,
612 4881 721 4936 qua
774 4865 867 4920 ille
916 4864 1097 4919 omnis
1132 4862 1352 4931 generis
1401 4859 1673 4930 sapientia
1731 4867 1897 4929 atque

308 4961 511 5015 virtute
546 4959 808 5029 praeditus
837 4966 980 5012 erat.
1030 4954 1235 5009 Verum
1268 4968 1585 5023 quanquam
1639 4952 1772 5006 sede
1804 4951 1899 5005 de-

313 5053 591 5116 turbarat,
615 5051 763 5121 quod
800 5065 936 5106 sane
962 5049 1099 5104 nihil
1128 5047 1232 5102 sibi
1254 5047 1487 5119 justitia‘
1517 5045 1672 5099 cultu
1713 5041 1899 5112 potius

309 5161 432 5202 esse
453 5145 691 5209 volebat,
714 5144 850 5199 nihil
883 5154 1064 5198 tamen
1093 5142 1239 5210 quod
1262 5139 1502 5195 solandze
1528 5139 1630 5191 viri
1666 5136 1899 5191 fortunae

310 5247 458 5294 esset
485 5238 797 5293 omittebat.
834 5232 992 5290 Unde
1042 5234 1204 5303 277
1232 5236 1395 5288 etiam
1436 5230 1717 5299 assignato
1759 5229 1807 5281 ei
1843 5227 1898 5281 in

313 5332 465 5403 regia
494 5330 811 5388 habitaculo
840 5330 1141 5386 liberorum
1174 5340 1401 5381 suorum
1432 5323 1802 5378 institutorem
1836 5335 1899 5375 ac

1999 4480 2077 4551 μὴ
2128 4478 2311 4543 καλῶς
2355 4480 2756 4534 ἀντιποιεῖσθαι
2798 4479 2863 4532 τδ
2910 4478 3180 4552 πρότερον
3224 4479 3459 4547 δόξαντι,
3494 4483 3591 4535 καὶ

1996 4571 2336 4642 κατέστησεν
2360 4570 2605 4641 ἐννόμως
2631 4571 2754 4625 τότε
2779 4571 2879 4624 καὶ
2904 4569 3211 4635 κανονικῶς
3231 4570 3324 4624 τὸν
3342 4569 3589 4639 σοφώτα-

1998 4682 2088 4719 τον
2116 4664 2323 4719 οὼτιον
2352 4665 2446 4716 ἐπὶ
2475 4662 2576 4735 τὴν
2598 4662 2969 4735 σχολάζουσαν
3000 4664 3274 4735 καθέδραν
3310 4662 3411 4735 τῆς
3435 4663 3589 4735 βασι·⁹

1998 4757 2141 4823 λίδος
2164 4758 2275 4813 τῶν
2306 4758 2543 4814 ¹πόλεων.
2581 4759 2656 4814 οὐ
2688 4760 2797 4831 μὴν
2823 4758 2946 4814 οὒδὶ
2969 4759 3079 4831 πρὸ
3104 4757 3299 4812 τούτου
3347 4758 3587 4813 διέλειπε

1995 4853 2493 4925 φιλοφρονούμενος
2539 4851 2705 4908 αὐτὸν
2733 4852 2829 4907 καὶ
2856 4853 3039 4925 τιμῶν
3080 4851 3174 4907 διὰ
3218 4852 3320 4922 τὴν
3344 4854 3405 4907 ἐν
3433 4851 3589 4924 αὐτῷ

1997 4942 2316 5011 παντοδαπῆ
2344 4944 2540 5014 σοφίαν
2567 4960 2629 4999 τε
2652 4943 2747 4998 καὶ
2778 4942 3004 5015 ἀρετὴν,
3035 4940 3174 4998 ἀλλὰ
3219 4944 3325 4997 κᾶν
3353 4946 3373 4977 ³
3402 4944 3452 4997 εί
3485 4943 3587 5014 τῆς

1996 5034 2266 5107 καθέδρας
2298 5035 2656 5107 μετέστησεν,
2687 5034 2843 5090 οὐδὲν
2866 5035 2960 5090 τοῦ
2980 5035 3191 5091 δικαίου
3229 5033 3402 5091 θέλων
3430 5035 3589 5104 ἄγειν

1995 5128 2352 5201 ἐπίπροσθεν,
2372 5127 2523 5201 ὅμως
2544 5127 2655 5183 τῶν
2681 5128 2760 5193 είς
2779 5124 3135 5199 παραμυθίαν
3165 5126 3321 5181 οὐδὶν
3340 5126 3585 5181 δνέλειπε

1996 5223 2392 5294 παρεχόμενος.
2431 5220 2600 5275 ’Ὀθεν
2629 5221 2734 5275 κᾶν
2788 5222 2901 5283 τοῖς
2950 5217 3252 5291 βασιλείοις
3302 5218 3585 5291 διατριϐὴν

2004 5316 2155 5388 αὐτῷ
2178 5315 2303 5381 δοὺς
2330 5314 2442 5369 τῶν
2491 5316 2711 5370 οίκείων
2743 5314 2954 5369 παίδων
2992 5313 3243 5381 ἀπέδειξε
3291 5311 3588 5383 παιδευτὴν

1599 5500 1833 5557 νΑιιυΕ
1869 5499 2285 5559 LECTIONES.

385 5634 433 5666 ⁸⁸
452 5632 732 5703 ἀπέφησεν
753 5630 810 5684 Ρ.
895 5632 951 5710 ’⁸⁵
977 5626 1252 5709 ὑπεδειλία
1269 5626 1309 5710 ’ί⁸
1368 5627 1539 5710 ’τεὴν
1575 5638 1697 5710 qm.‘
1718 5620 1803 5710 Ρ..
1854 5618 1901 5652 ’⁸
1936 5618 2035 5690 ἤδη
2060 5634 2173 5710 om.
2208 5616 2271 5675 P.
2348 5618 2392 5650 "
2420 5614 2879 5705 προσενεχθείσης
2897 5627 3009 5669 om.
3032 5609 3097 5667 Α.
3173 5610 3221 5646 ⁸⁸
3247 5604 3491 5673 tussim
3523 5606 3580 5661 P.

316 5706 365 5741 ’⁵
392 5692 727 5779 πολιᾷΪόκιᾷ
748 5706 814 5757 Α.
894 5703 912 5733 ί
944 5698 1250 5755 ποοσοῦσαν
1284 5699 1345 5753 Δ.
1424 5699 1444 5729 ⁸
1477 5692 1605 5765 adv]
1639 5692 1745 5763 μὴν
1776 5694 1837 5745 Α.
