4056 6034
362 187 471 250 295
1463 177 1978 242 THEOPHANES
2002 175 2555 238 CONTINUATUS.
3523 156 3630 222 296

369 299 558 354 Ambri
614 299 755 354 ﬁlius
793 298 1098 370 Apabdeles
1129 296 1400 352 Anazarbi
1449 312 1706 363 ameras,
1753 297 1949 368 procul

1997 303 2023 357 ι
2054 315 2111 351 τε
2140 293 2576 351 Ψιλοκάστελλον
2607 291 2702 346 καί⁵
2732 291 2792 344 τὸ
2827 282 3356 359 Παραμοκάστελλον
3401 278 3599 350 ὲξεπόρ

366 402 561 463 agente
587 393 920 462 imperatore
946 392 1237 448 barbarico
1285 407 1438 448 more
1472 392 1773 459 ferociens,
1819 401 1951 445 tunc

2048 391 2244 460 θησαν,
2275 390 2372 444 καὶ
2404 389 2532 452 τοὺς
2567 389 2623 439 ἐν
2655 385 2839 447 αὐτοῖς
2883 378 3334 449 καταληφθέντας
3360 373 3633 445 ἠνδραπο-

368 487 598 556 ejusque
656 485 950 556 prreseutia
1004 484 1435 539 Melitenensium
1475 499 1533 539 se
1569 493 1762 538 turma:
1799 497 1952 537 coma

2051 486 2282 540 δίσαντο.
2337 480 2804 548 Καταπλαγέντες
2859 476 2918 530 δέ
2971 473 3049 545 τῷ
3077 473 3186 526 δέει
3230 471 3331 539 τῆς
3377 467 3634 538 ἐπιούσης

372 578 618 632 miscens
648 576 777 646 fuga
810 577 1043 631 salutem
1079 575 1378 646 expedivit,
1417 591 1587 631 unum
1615 577 1719 629 hoc
1747 573 1849 628 sibi
1886 571 1952 627 ad

2052 578 2341 648 δυνάμεως
2371 577 2422 629 οἱ
2472 575 2534 628 τὸ
2582 574 2678 627 τοῦ
2723 566 3012 641 Φαλακροῦ
3057 565 3354 636 λεγόμενον
3401 562 3637 633 κάστρον

370 671 725 726 securitatem
773 670 1030 723 idoneum
1065 677 1239 735 ratus,
1280 669 1326 724 si
1374 669 1587 733 lateret,
1622 680 1956 737 quocunque

2053 669 2334 732 οἰκοῦντες
2363 668 2626 730 ἑκουσίως
2655 665 2733 737 τῷ
2761 665 2971 734 βασιλεῖ
2994 657 3449 733 προσεχώρησαν.
3495 653 3554 708 Ὀ
3578 653 3636 706 δὲ

371 759 589 811 tandem
644 768 802 813 terra:
855 759 978 814 sinu
1035 768 1202 829 atque
1241 759 1446 813 latebra
1515 773 1575 813 se
1630 758 1949 813 abdidisset.

2051 765 2146 820 τοῦ
2179 763 2428 836 Ἂμϐρου
2460 762 2574 827 υίὸς
2616 758 2914 815 Ἀπάϐδελε
2954 751 3296 826 Ἀναζάρὸης
3325 750 3538 820 ἁμέρας
3571 747 3634 810 ⁸⁸,

375 848 547 920 Hujus
579 853 907 922 irruptionis
935 853 1089 908 clade
1120 862 1175 907 et
1201 851 1392 908 Caisus
1427 852 1542 908 sive
1563 851 1879 918 Calasama,
1902 860 1957 907 et

2050 855 2157 918 ἕως
2187 855 2286 923 μὲν
2342 851 2562 925 μακρὰν
2593 852 2821 920 ἀπεῖχεν
2873 849 2901 902 ὁ
2959 846 3234 918 βασιλεὺς,
3286 838 3637 914 βαρϐαρικῶς

373 939 601 995 Itubana
657 942 772 997 sive
830 940 1218 998 Endelechone
1267 941 1657 1013 diripiuntur:
1713 943 1956 1013 itemque

2051 943 2405 1017 ἐθρασύνετο,
2432 943 2553 996 τότε
2578 941 2636 996 δὲ
2669 940 2810 1010 μετά
2834 939 2928 992 τοῦ
2960 937 3069 990 τῶν
3097 932 3419 1005 Μελιτηνῶν
3454 931 3498 962 ⁸⁵
3523 927 3639 982 στί-

374 1031 575 1087 Ardala
623 1043 679 1088 et
707 1050 871 1103 quam
913 1044 1113 1090 vocant
1155 1033 1555 1107 Eremosyeaza.
1592 1035 1747 1092 Tunc
1778 1042 1833 1090 et
1865 1034 1958 1090 Se-

2055 1055 2189 1106 φους
2219 1040 2371 1109 φυγῇ
2411 1037 2512 1109 τὴν
2539 1035 2813 1107 σωτηρίαν
2849 1030 3156 1103 ἐπορίζετο,
3190 1028 3358 1100 μόνην
3383 1026 3428 1058 ¹⁶
3458 1022 3638 1093 ἀσφά-

377 1140 498 1179 mas
526 1125 617 1180 ille
635 1126 813 1181 Taelis
842 1124 1010 1191 ﬁlius,
1035 1125 1126 1197 qui
1157 1125 1322 1181 Tauri
1355 1128 1558 1182 montis
1585 1127 1853 1198 angustiis
1880 1125 1958 1181 in-

2056 1131 2211 1185 λειαν
2237 1130 2544 1202 ἡγούμενος
2588 1129 2780 1200 ίκανὴν
2817 1128 2878 1181 τὸ
2905 1125 3092 1180 λαθεῖν
3130 1122 3255 1176 ὅποι
3283 1119 3389 1190 γῆς
3409 1115 3641 1171 καταδέ-

377 1215 562 1272 sideris
592 1218 895 1286 grassando
922 1216 1295 1274 Romanorum
1331 1218 1464 1276 lines
1497 1219 1952 1289 depopulabatur,

2053 1222 2241 1278 δυκεν.
2275 1224 2354 1296 Τῇ
2401 1222 2458 1276 δέ
2505 1221 2609 1292 τῆς
2641 1218 2896 1290 τοιαύτης
2951 1216 3144 1287 ἐφόδου
3186 1213 3364 1284 φθορᾷ
3401 1210 3498 1265 καὶ
3545 1207 3643 1275 τῆς

372 1309 437 1362 ad
469 1309 856 1378 imperatorem
889 1310 1158 1381 confugit.

2060 1314 2273 1370 Καῖσοῦ
2308 1317 2426 1388 ἢτοι
2472 1315 2572 1385 τῆς
2622 1313 2966 1381 Κατασάμας
2996 1310 3092 1364 καὶ
3140 1307 3240 1378 τῆς
3281 1303 3486 1372 Ῥοϐὰμ
3522 1300 3643 1371 ἦτοι

369 1408 473 1478 τῆς
522 1406 953 1479 Ἐνδελεχόνηςὴ
992 1408 1258 1479 πόρθησις
1295 1408 1540 1479 γέγονεν,
1578 1409 1694 1482 ἅμα
1719 1410 1776 1464 δέ
1810 1413 1902 1466 καὶ
1928 1413 1961 1481 ἡ
1996 1413 2098 1484 τῆς
2134 1414 2388 1469 ’Λνδάλου
2427 1412 2470 1446 ⁸⁷
2499 1403 2655 1483 καὶὴ
2697 1411 2797 1480 τῆς
2854 1406 2999 1462 οὕτω
3041 1402 3343 1474 λεγομένης
3409 1400 3648 1470 Ἐρημοο

375 1501 610 1563 συκαίας
643 1501 706 1564 ¹⁸,
739 1503 826 1554 ὅτε
855 1501 950 1553 καὶ
979 1502 1168 1572 Σήμας
1189 1503 1396 1565 ἐκεῖνος
1422 1503 1449 1554 ὁ
1481 1501 1574 1554 τοῦ
1600 1503 1643 1555 Τ
1647 1503 1752 1574 αὴλ
1780 1503 1843 1569 ¹⁹,
1866 1503 1967 1568 τὰς
2013 1505 2323 1578 δυσχωρίας
2372 1505 2621 1574 κατέχων
2666 1503 2763 1557 τοῦ
2793 1501 3009 1573 Ταύρου
3059 1497 3157 1552 καὶ
3205 1496 3266 1562 ἐξ
3302 1494 3494 1565 ἐφόδου
3549 1490 3648 1555 τὰς

372 1592 480 1644 τῶν
521 1593 814 1662 Ῥωμαίων
837 1591 1236 1662 λυμαινόμενος
1276 1592 1554 1664 ἐσχατιὰς,
1581 1596 1716 1664 πρὸς
1749 1593 1840 1648 τὸν
1863 1595 2088 1666 βασιλέα
2116 1598 2451 1667 κατέφυγεν.

447 1686 536 1741 47.
578 1685 730 1752 Quod
760 1687 804 1738 si
831 1687 1052 1741 brevius
1081 1687 1498 1758 simpliciusque
1539 1701 1603 1742 ac
1627 1689 1785 1757 quasi
1824 1704 1954 1744 cur-
1987 1697 2030 1754 Β

2136 1689 2244 1762 μς.
2276 1693 2339 1745 Εί
2386 1691 2445 1746 δὲ
2487 1690 2769 1761 συντόμως
2818 1685 2914 1742 καὶ
2943 1684 3117 1757 ψιλῶς
3151 1682 3221 1739 τὰ
3259 1679 3406 1736 οὕτω
3436 1676 3651 1751 μεγάλα

377 1778 482 1832 sim
522 1792 720 1846 magna
773 1788 1121 1844 annotamus,
1177 1794 1340 1835 nemo
1371 1780 1605 1834 miretur
1639 1796 1740 1836 nec
1768 1796 1834 1837 eo
1869 1796 1966 1837 no—

2067 1785 2232 1840 οίονεὶ
2259 1785 2384 1842 κατ’
2415 1784 2719 1854 ἐπιδρομὴν
2743 1779 3185 1851 ἀπαγγέλλομεν,
3219 1777 3410 1848 μηδεὶς
3440 1773 3651 1843 θαυμα-

379 1870 527 1923 mine
553 1870 921 1925 criminetur:
975 1871 1140 1926 simul
1171 1871 1318 1926 enim
1368 1871 1680 1928 istiusmodi
1733 1888 1965 1942 operum

2068 1879 2229 1946 ζέτω,
2261 1878 2400 1934 ἀλλά
2427 1877 2562 1950 μηδὲ
2592 1877 2916 1947 ἐγκαλείτω.
2943 1876 3100 1944 Ἀμα
3124 1874 3232 1942 γὰρ
3255 1869 3355 1943 τὴν
3375 1868 3650 1940 ταχύτητα

381 1959 804 2030 facinorumque
824 1962 1155 2018 celeritatem
1175 1962 1421 2018 aemulari
1449 1964 1694 2019 narratio
1711 1965 1929 2019 videtur
1947 1983 1964 2033 ;

2067 1974 2178 2027 τῶν
2212 1973 2465 2046 πράξεων
2502 1973 2728 2027 ἐκείνων
2767 1967 3053 2040 μιμεῖσθαι
3093 1967 3126 2036 ἡ
3166 1964 3416 2034 διήγησις
3452 1961 3651 2018 ἔοικεν.

381 2068 490 2123 qua
507 2055 586 2108 sic
602 2053 796 2108 leviter
817 2054 1234 2125 simpliciusque
1256 2059 1604 2112 transcurrit.
1624 2055 1800 2113 Citius
1818 2060 1967 2114 enim

2070 2067 2168 2122 καὶ
2195 2067 2283 2120 διὰ
2305 2065 2463 2121 τοῦτο
2485 2065 2659 2129 οὕτως
2689 2065 2837 2116 ἐστὶν
2871 2060 3017 2130 ἁπλῆ
3042 2076 3101 2113 τε
3128 2057 3224 2112 καὶ
3248 2052 3620 2123 ἐπιτρέχουσα
3636 2067 3649 2081 ·

381 2154 514 2199 tunc
570 2145 663 2200 illa
721 2153 882 2215 capta
940 2147 1199 2218 praesidia
1255 2148 1650 2219 designataque
1715 2148 1967 2205 facinora

2071 2161 2268 2214 θᾶττον
2320 2160 2429 2231 γὰρ
2482 2159 2654 2231 ᾑρέθη
2707 2158 2829 2210 τότε
2879 2157 3061 2208 ἐκεῖνα
3111 2153 3203 2205 καὶ
3257 2147 3367 2203 τῶν
3403 2144 3655 2218 πράξεων

383 2253 551 2306 quam
591 2252 738 2292 nunc
775 2253 805 2292 a
833 2254 918 2292 me
950 2249 1168 2295 narrata
1191 2251 1340 2295 sunt.
1375 2239 1644 2295 Praeterea
1669 2257 1793 2296 cum
1824 2243 1969 2314 longi

2071 2254 2231 2307 ἔλαϐε
2263 2253 2365 2324 τὴν
2406 2251 2737 2315 συντέλειαν,
2765 2250 2798 2319 ἢ
2833 2249 2928 2301 νῦν
2955 2243 3318 2317 ἀπήγγελται.
3356 2240 3563 2302 ’Δλλως
3595 2255 3656 2291 τε

377 2332 492 2398 jam
537 2331 806 2401 temporis
836 2347 990 2386 mora
1043 2347 1132 2386 res
1164 2333 1412 2402 singulas
1443 2342 1704 2402 gestaque
1724 2334 1972 2390 lacinora

2073 2349 2170 2402 καὶ
2205 2346 2328 2400 ἐπεὶ
2377 2349 2404 2400 ὁ
2431 2348 2621 2417 χρόνος
2654 2345 2752 2415 ἢδη
2799 2341 3004 2412 ῥεύσας
3043 2339 3132 2391 διὰ
3167 2336 3334 2407 μέσου
3385 2332 3553 2395 πολὺς
3589 2330 3660 2384 τίι

385 2427 605 2480 silentio
652 2425 803 2480 velut
836 2426 1167 2491 obscurarit,
1205 2441 1272 2480 ac
1307 2442 1406 2480 nec
1437 2443 1743 2498 pugnarum
1777 2431 1970 2484 modos

2073 2440 2196 2494 καθ’
2228 2440 2436 2492 ἕκαστα
2488 2437 2597 2489 τῶν
2627 2436 2804 2506 ἔργων
2847 2433 2936 2486 διὰ
2977 2430 3078 2499 τῆς
3124 2427 3329 2499 μεταξὺ
3364 2425 3521 2494 σιγῆς
3547 2419 3660 2477 οἷον

386 2533 486 2572 nec
511 2533 576 2574 ex
607 2518 809 2587 impetu
839 2519 1226 2589 aggressiones
1253 2534 1431 2589 neque
1464 2531 1817 2589 experrectus
1839 2537 1973 2575 cen-

2072 2532 2397 2602 ἠμαύρωσε,
2431 2533 2524 2583 καὶ
2549 2529 2673 2582 οὔτε
2701 2523 3063 2596 παρατάξεων
3087 2522 3325 2590 τρόπους
3345 2515 3468 2570 οὔτε
3493 2531 3658 2586 προσ-

386 2617 705 2679 tractasque
753 2610 1054 2681 phalanges
1086 2625 1186 2665 nec
1219 2619 1669 2680 stratagematum
1699 2628 1798 2683 pro
1835 2625 1973 2668 tem-

2077 2626 2248 2678 ϐολῶν
2283 2625 2504 2693 ἐφόδους
2554 2621 2676 2675 οὕτε
2708 2620 3006 2689 φαλάγγων
3057 2614 3310 2676 ἐκτάσεις
3339 2611 3434 2666 καὶ
3463 2626 3659 2663 συστο-

383 2719 518 2773 pore
549 2720 682 2759 usus
719 2704 800 2759 vel
831 2704 976 2760 scire
1027 2705 1308 2774 possimus
1337 2707 1504 2776 280
1544 2707 1624 2760 vel
1657 2708 1971 2771 enuntiare,

2076 2719 2172 2779 λάς
2210 2717 2334 2769 οὔτε
2361 2714 2838 2786 στρατηγημάτων
2868 2707 3192 2778 ἐπικαίρους
3215 2707 3438 2775 χρήσεις
3461 2702 3661 2755 ειδέναι

391 2811 500 2850 non
543 2805 629 2851 est
657 2812 758 2851 cur
780 2800 927 2852 circa
962 2799 1174 2868 singula
1205 2810 1420 2868 tempus
1446 2809 1684 2855 teramus
1705 2801 1970 2854 libenter-

2080 2809 2174 2862 καὶ
2208 2807 2578 2874 ἀπαγγέλλειν
2613 2806 2660 2835 ὀ
2687 2805 2905 2872 ἔχομεν.
2939 2801 3040 2853 οὐκ
3090 2798 3206 2849 ἔστι
3242 2796 3373 2866 περὶ
3418 2792 3490 2845 τὰ
3520 2792 3662 2845 κατὰ

389 2904 495 2958 que
530 2890 585 2943 in
637 2890 745 2944 illis
797 2890 1182 2953 immoremur,
1230 2891 1374 2944 unde
1410 2892 1657 2944 narratio
1689 2891 1974 2946 dilatatur.

2083 2901 2251 2970 μέρος
2277 2894 2615 2966 ἐγχρονίζειν
2639 2895 2734 2946 καὶ
2760 2887 2870 2944 οἷον
2901 2887 3318 2959 ἐμφιλοχωρείν,
3349 2883 3408 2950 ἐξ
3427 2877 3502 2936 ὧν
3524 2881 3664 2936 πλα-

391 2981 521 3048 Quae
555 2992 736 3037 autem
770 2984 920 3036 nullo
947 2991 1098 3037 certo
1128 2990 1268 3038 teste
1302 2983 1503 3038 tradita
1539 2990 1692 3048 sunt,
1731 2985 1835 3039 etsi
1869 3001 1979 3039 ere-

2083 2991 2306 3043 τύνεται
2353 2988 2414 3040 τὸ
2453 2986 2718 3054 διήγημα.
2760 2981 2843 3035 Τὰ
2869 2982 2926 3034 δὲ
2970 2979 3291 3049 ἀμάρτυρον
3336 2976 3526 3046 ἔχοντα
3563 2973 3664 3042 τὴν

391 3076 492 3129 bro
540 3089 765 3128 rumore
802 3073 1051 3128 ferantur
1092 3085 1260 3144 atque
1294 3076 1350 3128 in
1400 3091 1497 3130 ore
1541 3077 1688 3145 vulgi
1729 3078 1976 3144 volitent,

2088 3081 2294 3143 πίστιν,
2331 3079 2380 3131 εἰ
2417 3050 2752 3144 κα“ιλέγεται
2797 3072 3078 3134 πολλάκις,
3114 3070 3229 3124 ἀλλ’
3258 3070 3418 3139 ἡμεῖς
3455 3067 3663 3120 ἀϐασα-

394 3181 498 3220 nos
556 3173 740 3220 tamen
780 3175 840 3220 ut
875 3167 993 3221 sine
1036 3167 1291 3222 examine
1338 3169 1736 3238 amplectamur
1795 3172 1978 3226 induci

2087 3173 2284 3234 νίστως
2336 3169 2733 3240 προσδέχεσθαι
2763 3167 2823 3220 ού
2862 3164 3165 3237 βουλόμεθα
3206 3161 3296 3218 διὰ
3323 3162 3384 3215 τὺ
3411 3161 3487 3230 μὴ
3513 3158 3665 3224 δόξαι

394 3274 503 3314 non
539 3261 802 3330 patimur,
861 3275 927 3313 ne
983 3263 1277 3316 conﬁctam
1322 3277 1513 3318 eorum
1550 3280 1673 3333 qua:
1725 3280 1794 3319 ne
1826 3275 1978 3334 gesta

2087 3262 2481 3331 πεπλασμένην
2536 3261 2611 3330 μὴ
2673 3259 2976 3327 γεγονότων
3022 3253 3365 3326 πραγμάτων
3413 3251 3667 3320 διήγησιν

393 3352 618 3422 quidem
665 3358 797 3406 sunt
865 3339 1241 3407 narrationem
1314 3353 1632 3422 imperatori
1683 3357 1981 3426 appingcre

2087 3351 2397 3405 ἀνατιθέναι
2427 3349 2506 3421 τῷ
2540 3348 2770 3418 βασιλεῖ,
2805 3347 3040 3417 μάλιστα
3086 3345 3169 3396 ὅτι
3191 3341 3314 3395 οὐδὲ
3346 3343 3553 3403 ἐκεῖνος
3586 3339 3667 3393 ἔτι

397 3444 707 3498 videamur.
762 3443 842 3497 Ac
895 3443 984 3498 vel
1031 3445 1293 3508 maxime,
1329 3447 1474 3514 quod
1505 3463 1605 3501 nec
1631 3447 1732 3511 illi,
1763 3463 1887 3502 cum
1923 3449 1976 3502 in

2087 3445 2199 3509 ζῶν
2229 3445 2296 3496 τὰ
2319 3445 2451 3513 πρὸς
2474 3442 2633 3512 χάριν
2656 3439 3010 3502 θωπευτικῶς
3049 3437 3417 3505 ὑποτρέχοντα
3450 3433 3669 3503 ῥήματα

399 3537 658 3592 humanis
706 3534 888 3591 adhuc
942 3545 1147 3606 ageret,
1199 3552 1321 3607 qua:
1358 3537 1451 3592 alii
1481 3538 1629 3592 velut
1659 3541 1977 3595 assentandi

2083 3540 2336 3609 ἐφαίνετο
2369 3541 2750 3611 προσιέμενος.
2785 3539 2848 3590 Οἱ
2873 3538 2929 3589 δὲ
2979 3535 3114 3605 μηδὲ
3154 3534 3225 3587 τὰ
3263 3531 3418 3602 παρὰ
3444 3532 3667 3583 πάντων

401 3629 573 3698 gratia
608 3627 774 3682 verba
809 3627 1170 3692 insinuarcnt,
1205 3628 1400 3685 lubens
1433 3631 1722 3686 videbatur
1782 3631 1978 3687 admit-

2082 3634 2492 3706 ὁμολογούμενα
2514 3633 2802 3703 δυνάμενοι
2836 3629 2919 3701 [Ρ.
2958 3627 3081 3699 174]
3114 3627 3144 3695 ἦ
3179 3621 3529 3696 σχολάζοντες
3555 3638 3663 3674 πα-

401 3733 538 3776 tere.
594 3718 705 3776 Nos
745 3735 901 3783 vero,
947 3720 1040 3791 qui
1094 3736 1162 3777 ne
1203 3737 1265 3776 ea
1302 3721 1524 3792 quidem
1574 3738 1696 3792 qua:
1730 3724 1977 3778 omnium

2090 3727 2344 3797 ραδοῦναι
2380 3731 2563 3797 γραφῇ
2601 3725 2766 3796 σχολῇ
2799 3740 2862 3790 γε
2906 3722 2971 3775 ἂν
3002 3721 3132 3788 περὶ
3161 3717 3233 3771 τὰ
3267 3715 3548 3786 ἀμφίϐολα
3581 3713 3674 3767 τὸν

404 3830 500 3868 ore
545 3822 742 3870 testata
796 3825 926 3870 sunt
981 3815 1313 3884 scriptorum
1380 3816 1751 3871 monumentis
1801 3818 1982 3871 consi-

2088 3816 2247 3884 λόγον
2266 3817 2740 3887 ἀπομηκύνοιμεν.
2791 3813 2932 3866 Ἀλλ’
2972 3807 3380 3879 άνακρουέσθω,
3420 3805 3514 3858 καὶ
3546 3804 3671 3856 καθ’

405 3919 574 3974 gnare
605 3905 870 3968 valemus,
895 3914 1106 3973 autper
1142 3905 1316 3960 otium
1355 3919 1671 3973 possumus,
1704 3907 1791 3960 vix
1831 3918 1980 3962 certe

2089 3909 2207 3964 ὁδὸν
2233 3914 2332 3983 τῆς
2363 3910 2423 3975 ἐξ
2473 3911 2647 3979 ἀρχῆς
2680 3908 2986 3978 διηγήσεως
3026 3906 3053 3957 ὁ
3098 3902 3256 3969 λόγος
3300 3896 3670 3970 ἀνατρεχέτω.

408 3999 460 4050 in
504 3999 571 4069 iis
626 4013 746 4066 quae
799 3997 964 4053 dubia
1014 4007 1144 4054 sunt
1177 4013 1488 4054 sermonem
1528 4000 1988 4068 protraxeritnus.
2025 4000 2227 4062 Verum
2297 4014 2642 4076 retroagatur
2694 4001 2894 4066 oratio,
2944 4007 2999 4054 et
3085 3997 3141 4050 in
3197 3994 3344 4048 viam
3422 3996 3679 4046 recurrat

408 4105 573 4160 quam
617 4091 718 4145 sibi
745 4090 815 4145 ab
855 4091 1082 4146 exordio
1108 4090 1441 4145 narrationis
1468 4092 1771 4161 proposuit.

482 4183 576 4238 48.
611 4181 925 4237 Secundum
981 4185 1096 4239 haec
1150 4184 1450 4255 imperator
1481 4185 1838 4254 Onopnictem
1886 4183 1993 4241 ﬂu-

2178 4186 2288 4260 μη’.
2320 4185 2476 4240 Μετὰ
2502 4183 2679 4238 ταῦτα
2717 4182 2896 4234 τοίνυν
2929 4178 3020 4232 τὸν
3065 4174 3421 4244 Ὀνοπνίκτην
3449 4171 3677 4242 λεγόμε-

413 4275 562 4331 vium
621 4285 676 4330 et
709 4276 905 4330 Sarum
966 4292 1093 4331 cum
1151 4278 1398 4332 exercitu
1447 4277 1684 4346 trajecit,
1735 4277 1996 4347 venitque

2104 4301 2193 4337 νον
2219 4279 2463 4349 ποταμὸν
2502 4278 2600 4330 καὶ
2631 4275 2724 4328 τὸν
2773 4272 2946 4344 Σαρὸν
2987 4268 3324 4340 διαπεράσας
3368 4269 3396 4319 ὁ
3429 4264 3680 4336 βασιλεὺς

413 4366 732 4436 Cucusum;
797 4370 980 4439 ibique
1027 4371 1312 4427 succensis
1375 4371 1518 4427 lucis
1589 4382 1644 4425 et
1704 4371 1998 4427 arboribus

2108 4374 2246 4448 μετά
2286 4372 2380 4426 τοῦ
2416 4367 2826 4441 στρατεύματος
2856 4359 2990 4436 ἦλθε
3020 4361 3158 4433 πρὸς
3213 4358 3538 4421 Κουκουσὸν,
3586 4356 3681 4412 καὶ

415 4463 619 4517 excisis
666 4461 787 4516 loca
828 4463 1118 4520 itincribus
1152 4464 1296 4519 invia
1335 4464 1388 4518 in
1434 4465 1724 4522 commoda
1763 4465 1995 4535 redegit,

2103 4468 2201 4533 τὰς
2229 4469 2407 4521 ἐκεῖσε
2454 4464 2660 4535 λόχμας
2696 4459 2990 4531 ἐμπρήσας
3025 4456 3125 4509 κα).
3161 4453 3261 4523 τὴν
3309 4451 3512 4506 ἄϐατον
3539 4453 3605 4521 τῇ
3639 4453 3681 4482 ἰ

417 4562 584 4624 atque
613 4553 668 4608 in
699 4554 781 4610 eis
807 4555 1053 4625 palantes
1078 4557 1337 4612 cohortes
1364 4556 1674 4627 dissipavit.
1698 4555 1828 4612 inde
1846 4512 2004 4612 Calli-

2115 4512 2198 4533 ’σου
2231 4512 2406 4521 ν’·--ν-
2455 4512 2658 4535 "ver-vv
2709 4512 2764 4531 ’r'
2815 4512 2828 4531 ι
2872 4512 2884 4530 ο
2969 4512 2988 4520 -
3219 4512 3230 4523 -
3580 4512 3605 4521 ,.

2106 4558 2213 4612 τῶν
2246 4557 2478 4625 δένδρων
2529 4554 2735 4624 ἐκτομῇ
2775 4550 2944 4622 βατὴν
2972 4544 3293 4616 πεποιηκὼς
3317 4544 3429 4598 τῶν
3467 4545 3524 4597 ἐν
3551 4544 3681 4597 ταύ-

419 4647 587 4715 polim
629 4656 686 4702 et
736 4647 1028 4703 Padasiam
1079 4661 1207 4702 cum
1236 4649 1501 4712 venisset,
1527 4649 1775 4719 locisque
1800 4650 2010 4720 asperis

2107 4668 2227 4713 ταις
2256 4649 2432 4719 λόχων
2474 4646 2767 4718 ἐκράτησε.
2815 4642 2960 4714 Πρὸς
2997 4641 3056 4695 δὲ
3085 4639 3183 4710 τὴν
3231 4635 3564 4693 Καλλίπολιν
3595 4635 3686 4689 καὶ

420 4755 487 4796 ac
507 4740 857 4811 confragosis
887 4740 993 4796 iter
1019 4740 1268 4808 haberet,
1292 4756 1437 4811 equo
1467 4741 1811 4798 descendens
1840 4742 2012 4813 pedes

2109 4741 2389 4797 Παδασίαν
2424 4739 2662 4810 φθάσας,
2697 4732 2820 4791 εἶτα
2857 4734 2942 4788 διὰ
2972 4732 3255 4787 δυσϐάτων
3304 4728 3505 4783 ὁδεύων
3532 4727 3686 4791 ὁδῶν,

421 4835 538 4905 ipse
581 4835 681 4889 viae
708 4843 941 4905 angusta
994 4833 1384 4900 emetieliatur,
1417 4834 1604 4890 labore
1631 4850 1732 4892 suo
1765 4834 2015 4891 subdito-

2109 4836 2206 4891 τοῦ
2236 4837 2405 4889 ἵππου
2435 4832 2648 4894 ἀποϐὰς
2671 4829 2833 4893 πεζὸς
2855 4829 2900 4860 ¹¹¹
2928 4826 3129 4897 διεξῄει
3152 4825 3221 4878 τά
3239 4822 3403 4876 στενά
3419 4823 3518 4892 τῆς
3548 4818 3690 4881 ὀδοῦ,

425 4942 546 4982 rum
590 4925 838 4983 inﬁrmas
891 4927 1042 4982 vires
1083 4941 1364 4984 recreans.
1421 4925 1562 4983 Tum
1609 4927 2012 4984 Germaniciam

2113 4929 2203 4984 διὰ.
2225 4928 2321 4981 τοῦ
2351 4925 2553 4981 οἰκείου
2580 4924 2753 4977 κόπου
2783 4921 2843 4976 τὸ
2874 4919 3100 4983 ἀσθενὲς
3129 4918 3236 4970 τῶν
3271 4915 3378 4969 ὑπὸ
3407 4916 3566 4984 χετρα
3588 4929 3691 4963 πα-

425 5031 636 5091 petens,
680 5035 805 5074 rum
850 5020 1153 5076 adversarii
1188 5035 1384 5076 omnes
1435 5034 1466 5076 e
1494 5020 1728 5092 vestigio
1751 5020 2015 5078 cederent

2119 5019 2556 5093 ραμυθούμενος.
2590 5014 2902 5087 Τηνικαῦτα
2926 5011 2985 5066 δέ
3023 5013 3088 5082 τῇ
3120 5005 3492 5080 Γερμανικείᾳ
3525 5020 3689 5071 προσ-

426 5111 680 5180 intraque
720 5114 926 5168 mcenia
953 5127 1075 5169 sese
1108 5113 1488 5178 continerent,
1525 5127 1628 5169 nec
1655 5113 1753 5186 qui
1791 5127 2014 5168 manum

2119 5111 2322 5180 ϐαλὼν,
2352 5111 2476 5165 ἐπεὶ
2497 5110 2559 5164 τὸ
2588 5107 2983 5176 ἀνθιστάμενον
3015 5105 3161 5158 ἅπαν
3207 5105 3270 5156 ἐκ
3289 5098 3471 5161 αποδὸς
3500 5095 3698 5167 ἐχώρει

427 5217 721 5260 conserere
765 5204 996 5261 auderet
1051 5203 1197 5261 ullus
1252 5214 1423 5271 esset,
1475 5205 1691 5262 cunctis
1726 5206 1869 5262 circa
1894 5219 2014 5261 eam

2120 5208 2217 5263 xui.
2241 5209 2350 5270 τοῖς
2376 5205 2580 5276 τείχεσι
2607 5201 2947 5256 συνεκλείετο
2976 5199 3068 5252 καὶ
3087 5195 3260 5258 οὐδεὶς
3285 5192 3398 5247 τῶν
3427 5188 3700 5276 πολεμίων

427 5297 540 5366 igni
573 5296 879 5368 absumptis
932 5312 998 5354 ac
1035 5297 1373 5356 suburbanis
1401 5299 1602 5355 misere
1633 5299 1900 5356 desolatis
1929 5307 2016 5353 at-

2127 5297 2332 5369 ἐτόλμα
2364 5296 2443 5360 είς
2464 5271 2660 5365 χεῖρας
2680 5291 2877 5355 ἐλθεῖν,
2910 5289 2978 5343 τὰ
3007 5286 3138 5355 περὶ
3161 5283 3334 5355 αὐτὴν
3362 5281 3539 5336 πάντα
3565 5271 3703 5345 πυρὶ

1732 5432 1975 5489 VARIE
2007 5429 2414 5490 LECTIONES.

503 5525 1176 5631 ξζίίιναξοξςδληερέιίισξς
1194 5500 3702 5631 :m.:..t;.:'.esi..sexsex-mag:si?”sui."P§ﬁ°.‘:.¢;m;15”i.“°“f¥i

433 5572 1509 5722 mia?)“'2"6'75533313'5,"6missis
1543 5572 2464 5664 τ⁶ἇξ⁷ἓνἇᾷἑὶρίᾶξ-ῖὲιῦραινάμένὸς
2541 5586 2820 5658 ἐσχατιάς.
2891 5572 2902 5586 ’
2925 5585 2971 5615 ²⁰
3005 5576 3362 5649 ἐπαγγέλλειν
3383 5572 3464 5629 VA.
3566 5572 3610 5606 ⁸⁸
3633 5572 3702 5638 τῇ

431 5685 540 5724 om.
616 5709 627 5721 .
838 5684 939 5733 πε..
975 5685 1002 5732 ς
1027 5684 1135 5724 om.
1216 5709 1229 5723 .
