4056 6034
417 347 519 414 371
1487 348 1633 410 LIB.
1659 347 1759 410 Vl.
1798 368 1866 382 --
1896 344 2043 407 Ι.Εο
2082 342 2371 406 BASILII
2409 345 2681 411 FILIUS.
3583 339 3691 404 373

417 472 527 510 των
582 454 642 510 δὲ
696 454 918 511 πάντων
974 456 1073 528 τῆς
1132 454 1423 524 Ἀνατολῆς
1473 454 1725 526 θεμάτων
1779 469 1838 509 τε
1901 451 2000 510 καὶ

2113 449 2419 508 funduntur
2480 467 2787 524 omnesque
2849 453 3214 511 internecioni
3274 452 3515 518 dantur,
3570 451 3694 521 ipso

420 547 744 617 ταγμάτων,
777 546 873 601 καὶ
902 546 1144 618 πολέμου
1168 549 1308 617 μετά
1335 546 1660 620 Βουλγάρων
1689 561 2002 616 συγκροτη-

2113 543 2271 602 etiam
2305 544 2539 616 patricio
2560 561 2626 604 ac
2654 547 3077 618 protovestiario
3124 544 3439 604 Theodosio
3469 542 3692 600 deside-

423 639 612 704 θέντος
640 640 773 714 περὶ
800 641 861 695 τὸ
888 640 1363 712 Βουλγαρόφυγον,
1389 640 1683 712 τρέπονται
1736 639 2005 709 Ῥωμαῖοι

2113 644 2254 693 rato.
2311 636 2460 695 inter
2509 638 2625 694 hate
2679 639 2847 695 etiam
2875 639 3218 696 Chersonita:
3272 638 3469 693 ducem
3530 649 3694 690 suum

425 729 640 794 κακῶς,
671 732 767 786 καὶ
795 731 996 795 πάντες
1033 729 1314 786 ἀπώλοντο
1340 747 1356 764 ο
1388 727 1470 796 οἷς
1504 730 1860 786 συναπώλετο
1907 729 2007 786 καὶ

2113 726 2266 786 Jonas
2287 728 2459 786 lilium
2487 729 2816 801 Symeonem
2837 731 3181 795 occiderunt,
3201 728 3438 800 Agareni
3467 728 3523 783 in
3545 723 3696 795 Cap-

423 819 456 874 6
485 821 980 894 πρωτοϐεστιάριος
1003 821 1305 885 Θεοδόσιος.
1347 823 1472 877 Ἐπὶ
1490 821 1685 877 τούτου
1705 822 1803 877 καὶ
1828 823 1878 875 οῖ
1906 821 2008 894 τῆς

2113 821 2343 894 padocia
2375 820 2583 879 Corum
2611 834 2896 893 ceperunt.

422 911 713 981 Χερσῶνος
733 915 1022 986 οἰκήτορες
1040 917 1131 969 τὸν
1149 915 1332 971 αὐτῶν
1387 914 1719 971 ἀπέκτειναν
1764 914 2073 989 στρατηγὸν
2110 912 2341 987 Συμεὼν
2367 916 2461 972 τδν
2492 916 2589 972 τοῦ
2637 917 2813 973 Ἰωνᾶ.
2839 914 3176 990 Παρελήφθη
3206 913 3263 970 δὲ
3301 913 3397 970 καὶ
3424 912 3488 966 τὸ
3521 911 3703 984 Κόρου

423 1007 482 1061 ἐν
505 1008 574 1078 τῇ
611 1006 980 1080 Καππαδοκίᾳ
1015 1009 1118 1062 ὑπὸ
1145 1006 1255 1061 τῶν
1305 1005 1650 1079 Ἀγαρηνῶν.

501 1108 592 1159 ια’.
629 1102 692 1156 '0
723 1103 783 1158 δὲ
816 1103 1074 1174 βασιλεὺς
1097 1104 1177 1168 είς
1201 1102 1273 1157 τά
1295 1101 1567 1172 Δαμιανοῦ
1594 1101 1829 1169 ἐξελθὼν
1859 1097 2009 1175 εῖχεν

429 1195 550 1268 μεθ’
579 1194 777 1251 ἐαυτοῦ
815 1196 913 1251 καὶ
941 1197 1041 1266 τὴν
1091 1194 1247 1268 Ζωὴν
1271 1197 1377 1268 τὴν
1403 1195 1501 1250 τοῦ
1547 1194 1800 1262 Ζαούτζα
1846 1195 2009 1265 θυγα-

427 1287 562 1359 τέρα
582 1286 676 1343 καὶ
703 1285 868 1342 αὐτὸν
892 1286 986 1341 τὸν
1012 1285 1311 1352 Ζαοῦτζαν.
1336 1284 1596 1356 Θεοφανὼ
1622 1284 1681 1340 δέ
1710 1287 1746 1358 ἡ
1781 1286 1878 1341 τοῦ
1909 1285 2008 1358 βα-

427 1379 621 1442 σιλέως
685 1377 905 1450 γαμετὴ
946 1379 1009 1432 οὐ
1045 1377 1234 1449 παρῆν
1295 1379 1496 1443 ἐκεῖσε,
1541 1376 1659 1434 ἀλλ’
1683 1379 1744 1432 ἐν
1774 1379 1842 1450 τῇ
1875 1377 2011 1451 ἀγιᾳ

429 1470 577 1542 σορῷ
629 1472 700 1542 τῇ
758 1472 817 1523 ἐν
855 1469 1191 1540 Βλαχέρναις
1227 1469 1668 1540 προσεκαρτέρει
1711 1469 2008 1542 εὐχομένη.

429 1564 600 1631 Δόξαν
623 1564 681 1618 δέ
713 1564 794 1635 τῷ
824 1563 1039 1634 βασιλεῖ
1077 1565 1257 1634 μεῖναι
1284 1565 1343 1615 ἐν
1373 1565 1487 1627 τοῖς
1507 1563 1785 1634 Δαμιανοῦ
1807 1601 1825 1628 ,
1866 1579 2011 1634 συμο

429 1657 646 1711 ϐούλιον
670 1659 720 1710 οι
743 1657 841 1710 τοῦ
871 1655 1119 1722 Ζαούτζα
1156 1656 1541 1726 ποιησάμενοι,
1567 1655 1598 1709 δ
1620 1671 1683 1708 τε
1699 1655 1812 1719 υίὸς
1837 1654 2008 1711 αὐτοῦ

428 1750 456 1803 6
480 1747 737 1820 Ταύτζης
762 1748 858 1804 καὶ
897 1749 949 1802 οῖ
989 1747 1189 1813 λοιποὶ,
1217 1750 1284 1820 τῇ
1313 1746 1466 1801 νυκτὶ
1493 1745 1588 1800 τὸν
1616 1744 1847 1818 βασιλέα
1891 1744 2012 1801 δια-

430 1842 775 1915 χειρίσασθαι
827 1841 1242 1895 ἐϐουλεύσαντο.
1282 1839 1351 1895 Ἦ
1415 1839 1474 1894 δέ
1504 1837 1631 1909 Zeti]
1677 1837 1759 1910 τῷ
1805 1837 2016 1909 βασιλεῖ

2181 1103 2275 1162 it.
2303 1103 2607 1177 Imperator
2634 1105 2706 1163 ad
2737 1104 2992 1163 Damiani
3035 1103 3183 1162 edes
3226 1118 3483 1175 egressus
3532 1102 3699 1160 Zoein

2113 1195 2340 1255 Zautzte
2392 1198 2562 1256 tiliam
2620 1212 2809 1256 seciam
2901 1197 3142 1254 habebat
3202 1211 3269 1253 ac
3328 1196 3509 1267 ipsum
3558 1195 3699 1252 Zan-

2109 1301 2277 1348 tzam.
2335 1288 2676 1362 Theophano
2757 1298 2943 1346 autem
3025 1289 3380 1357 imperatoris
3425 1303 3570 1343 uxor
3633 1289 3702 1344 iis

2110 1382 2402 1440 solemniis
2439 1397 2550 1438 non
2590 1382 2875 1449 intererat,
2927 1381 3022 1438 sed
3058 1383 3124 1436 ad
3155 1391 3410 1439 sanctum
3463 1382 3701 1438 loculum

2111 1474 2169 1530 in
2195 1473 2516 1530 Biachernis
2542 1474 2803 1546 precibus
2824 1475 3050 1532 assidua
3087 1482 3228 1529 erat.
3291 1471 3485 1528 Visum
3529 1474 3705 1544 impe-

2110 1564 2281 1619 ratori
2337 1561 2394 1620 in
2446 1563 2555 1619 iliis
2603 1564 2813 1621 adibus
2863 1580 3147 1620 morarum
3195 1565 3401 1635 aliquid
3460 1565 3700 1620 trahere.

2110 1652 2334 1712 Zautze
2365 1654 2575 1724 amnes,
2613 1665 2727 1711 tum
2757 1656 2970 1714 scilicet
2995 1657 3118 1728 ejus
3147 1656 3294 1713 ﬁlius
3327 1657 3564 1713 Tantae:
3584 1668 3702 1712 tum

2110 1749 2331 1820 reliqui,
2363 1748 2658 1806 consilium
2690 1749 2883 1804 ineunt
2911 1757 2970 1804 ut
3001 1748 3390 1818 imperatorem
3419 1758 3586 1803 noctu
3622 1751 3705 1804 ia-

2111 1843 2397 1899 terimant.
2448 1843 2520 1897 At
2553 1841 2663 1898 Zoe
2696 1842 2750 1897 in
2797 1840 3148 1912 imperatoris
3199 1843 3322 1897 sinu
3375 1841 3534 1912 361
3575 1841 3706 1897 dor-

433 1930 886 2003 συγκαθεύδουσα
909 1933 1008 1987 καὶ
1033 1933 1129 1988 τὸν
1154 1931 1321 2004 θροῦν
1364 1932 1746 1996 ἐνωτισθεῖσα,
1788 1931 1880 1987 διὰ
1913 1932 2013 2002 τῆς

2116 1935 2318 2000 miens,
2364 1931 2558 1990 audito
2588 1947 2898 1995 murmure,
2947 1948 3044 2002 per
3070 1930 3367 1988 fenestram
3407 1943 3706 2002 aspectans

429 2023 648 2095 θυρίδος
672 2023 1003 2093 προκύψασα
1041 2023 1430 2092 κατεσίγασεν.
1476 2022 1565 2087 Ὦς
1604 2023 1662 2077 δι
1691 2021 1788 2077 τοῦ
1835 2021 2014 2076 δεινοῦ

430 2113 531 2184 τῆς
563 2113 858 2181 ἐπιϐουλῆς
916 2114 1116 2186 ᾔσθετο
1165 2113 1412 2185 ἀκριϐῶς
1436 2154 1455 2180 ,
1510 2113 1604 2168 τδν
1652 2111 1877 2184 βασιλέα
1931 2113 2014 2168 δι-

381 2211 384 2214 ’
431 2203 711 2258 υπνίσασα
747 2205 811 2258 τὸ
840 2205 1213 2274 πραττόμενον
1245 2203 1654 2273 κατεσήμανενο
1681 2201 1740 2266 δς
1766 2202 1825 2258 ἐν
1846 2200 2019 2274 πλοίῳ

429 2294 596 2359 εὐθὺς
614 2294 873 2350 εἰσελθὼν
893 2297 974 2358 si;
1009 2293 1200 2365 Πηγὰς
1223 2295 1569 2366 διεπέρασεν,
1597 2294 1807 2356 πάντας
1836 2295 2018 2348 ἐκεῖσε

432 2384 530 2439 καὶ
559 2385 727 2440 αὐτὸν
757 2385 853 2439 τδπν
890 2383 1171 2450 Ζαοῦτζαν
1197 2384 1537 2440 καταλιπὼν.
1568 2384 1722 2457 Ταχὺ
1759 2384 1818 2438 δέ
1871 2383 2016 2454 πρωϊ

430 2477 878 2540 είςτδπαλάτιον
895 2476 1156 2532 εἰσελθὼν
1211 2476 1472 2550 Ἰωάννην
1528 2477 1628 2549 μὶν
1678 2476 1772 2532 τδν
1819 2475 2015 2546 βίγλης

432 2569 799 2641 δρουγγάριον
857 2569 1164 2635 διεδέξατο,
1205 2569 1420 2641 Πάρδον
1474 2570 1532 2623 δὲ
1582 2570 1698 2625 υῖδν
1746 2568 2020 2623 Νικολάου

435 2661 816 2734 ἐιαιρειάρχου
834 2662 949 2716 ἀντ’
971 2660 1138 2716 αὑτοῦ
1172 2663 1503 2733 προεϐάλετο
1522 2679 1537 2694 ·
1561 2663 1591 2715 6
1612 2663 1722 2733 γὰρ
1751 2661 2020 2723 Νικόλαος

437 2750 590 2818 οὗτος
620 2753 773 2824 φίλος
801 2750 872 2826 ἦν
899 2754 978 2826 τῷ
1016 2754 1229 2825 βασιλεῖ
1246 2756 1340 2809 καὶ
1367 2755 1578 2821 πιστὸς,
1615 2757 1709 2810 καὶ
1734 2752 1910 2828 [περὶ]
1949 2755 2019 2809 τὰ

437 2846 726 2918 ἀπόρρητα
755 2847 938 2901 πάντα
968 2846 1062 2900 τοῦ
1098 2845 1348 2912 Ζαούτζα
1399 2846 1536 2915 δῆλα
1572 2846 1749 2916 τούτῳ
1786 2847 2016 2916 καθίστη

435 2939 530 2992 καὶ
569 2938 835 2994 ἔκπυστα.
871 2941 1098 2993 Ἕκτοτε
1125 2935 1221 2994 οῦν
1255 2941 1287 2993 6
1311 2938 1568 3009 βασιλεὺς
1601 2942 1684 3004 είς
1701 2940 1763 2992 τὸ
1790 2938 1885 2993 τοῦ
1906 2941 2014 2994 Ζα-

2111 2026 2394 2083 silentium
2434 2024 2731 2082 indicebat.
2761 2024 3168 2095 Perspectoquc
3200 2027 3348 2080 clare
3378 2025 3704 2082 insidiarum

2111 2119 2378 2192 periculo,
2404 2119 2683 2176 suscitans
2704 2118 3097 2186 imperatorem
3129 2118 3359 2172 insidias
3419 2118 3703 2173 indicavit.

2114 2211 2312 2268 Statim
2350 2225 2485 2280 ergo
2519 2209 2574 2264 in
2610 2209 2887 2280 navigium
2913 2209 3195 2279 ingressus
3226 2209 3398 2279 Pegas
3443 2208 3709 2265 transfre-

2115 2306 2274 2369 tavit,
2306 2304 2523 2360 eunetis
2553 2304 2652 2366 ibi.
2676 2319 2741 2359 ac
2770 2304 2889 2372 ipso
2921 2302 3152 2367 Zautza,
3187 2303 3417 2357 relictis.
3479 2301 3708 2357 Statira-

2117 2413 2222 2468 quc
2251 2412 2414 2454 mane
2446 2397 2500 2451 in
2525 2397 2786 2468 palatium
2817 2397 3066 2458 veniens,
3096 2394 3309 2451 Joanne
3348 2396 3706 2450 exeubiarum

2118 2491 2417 2561 drungario
2448 2489 2520 2545 ab
2559 2488 2739 2544 cilicio
2766 2499 2979 2545 remoto
3017 2488 3253 2543 Pardnm
3289 2488 3498 2542 Nieolai
3546 2489 3704 2544 hete-

2114 2581 2350 2638 riarelia:
2371 2581 2543 2637 lilium
2567 2582 2614 2635 ei
2638 2582 2856 2635 muneri
2885 2580 3126 2650 pra-fecit
3151 2597 3163 2630 :
3203 2583 3251 2634 is
3286 2594 3521 2649 namque
3542 2579 3705 2634 Nico-

2118 2673 2236 2731 laus
2296 2674 2613 2744 imperatori
2673 2675 2886 2728 anticus
2924 2688 3309 2742 propensaqne
3360 2673 3414 2727 in
3439 2687 3564 2728 eum
3602 2673 3710 2727 lide

2118 2763 2336 2819 Zautm
2369 2778 2570 2818 arcana
2600 2765 2786 2819 omnia
2825 2779 2888 2820 ac
2919 2765 3150 2818 oonsilio
3181 2764 3231 2817 ei
3271 2763 3577 2834 detegebat.
3627 2760 3711 2817 Ex

2124 2863 2256 2909 tunc
2286 2854 2452 2925 igitur
2485 2854 2784 2923 imperator
2810 2853 2866 2908 in
2903 2851 3118 2908 Zautzzr.
3149 2852 3462 2908 cubiculum
3493 2867 3601 2906 non
3630 2851 3708 2905 in-

2119 2942 2342 3006 troibat.
2367 2943 2545 2999 donec
2590 2941 2699 2999 Leo
2726 2944 3012 3014 magister,
3057 2951 3425 3015 cognomento
3455 2941 3644 2997 Theod
3663 2955 3714 2996 )-

434 3028 600 3094 ούτζα
619 3031 830 3086 κελλίον
850 3033 966 3085 οὐκ.
985 3033 1361 3105 είσήρχετο,ει
1381 3032 1459 3104 μὴ
1484 3033 1639 3088 Λέων
1660 3037 1690 3087 6
1711 3033 2016 3104 μάγιστρος

433 3116 481 3193 ᾧ
499 3124 836 3197 Θεοδοτάκης
856 3127 1168 3198 ἐπώνυμον,
1179 3125 1405 3188 τούτους
1421 3124 1673 3198 ἀλλήλοις
1710 3123 2015 3194 διήλλαξεν.

513 3217 598 3291 ιβ’.
614 3219 855 3291 Τελευτᾷ
868 3219 924 3273 δὲ
937 3219 1227 3286 Δύγοῦστα
1252 3217 1513 3287 Θεοφανὼ
1528 3218 1623 3290 ἐτη
1647 3216 2014 3288 βασιλεύσασα

2196 3215 2285 3273 Η.
2309 3214 2891 3286 Moritur'l‘heophano
2910 3215 3176 3286 Augusta,
3211 3228 3388 3270 annos
3419 3212 3711 3269 duodecim

436 3311 666 3379 δώδεκα,
693 3313 816 3384 ητις
845 3313 940 3367 καὶ
983 3311 1402 3383 θαυματουργδς
1432 3310 1740 3382 ἀνεδείχθη,
1769 3309 2014 3382 ἀνωτέρα

2121 3307 2354 3377 imperio
2374 3308 2569 3376 potita,
2594 3316 2755 3373 atque
2776 3314 2900 3376 post
2924 3314 3152 3360 mortem
3181 3306 3575 3359 miraculorum
3594 3306 3713 3373 glo-

438 3402 536 3456 τοῦ
571 3403 672 3473 τῆς
697 3402 1032 3475 ζηλοτυπίας
1063 3400 1272 3468 πάθους
1301 3405 1535 3473 φανεῖσα
1565 3404 1658 3456 καὶ
1698 3401 1892 3474 πράως
1921 3401 2014 3472 τὴν

2123 3398 2203 3452 ria
2233 3398 2466 3464 claruit;
2496 3413 2619 3467 qua:
2645 3398 2902 3451 nimirum
2929 3397 3208 3468 zeiotypia:
3232 3395 3428 3450 aﬂ'ectu
3464 3395 3716 3466 superior

440 3495 919 3567 παρευδοκίμησιν
963 3493 1349 3565 ὑπενεγκοῦσα
1373 3495 1549 3565 Ζωῆς,
1589 3495 1684 3547 καὶ
1714 3496 1771 3547 ἐν
1796 3493 2014 3563 ἐλεημο-

2123 3491 2342 3558 fuisset,
2361 3491 2611 3560 Zoesqne
2623 3489 2957 3559 spretionem
2976 3488 3188 3559 placide
3204 3488 3441 3551 tulisset,
3463 3503 3528 3543 ac
3545 3488 3713 3542 vitam

441 3588 630 3654 σύναις
660 3590 754 3643 καὶ
785 3591 1120 3660 προσευχαῖς
1151 3589 1246 3644 τὸν
1284 3589 1503 3644 ἅπαντα
1552 3586 1668 3658 βίον
1698 3587 2014 3642 διανύσασα.

2123 3593 2342 3635 omnem
2366 3578 2731 3648 eicemosynis
2749 3587 2914 3646 atque
2952 3579 3207 3647 precibus
3229 3578 3453 3632 assidua
3483 3579 3712 3648 egisset.

514 3678 607 3750 ιγ’.
669 3681 866 3752 Στὲφει
904 3682 1059 3736 Λέων
1089 3683 1120 3736 6
1168 3680 1423 3752 βασιλεὺς
1475 3680 1574 3751 τὴν
1604 3679 1886 3749 θυγατέρα
1925 3677 2014 3733 τοῦ

2196 3671 2283 3727 l5.
2315 3670 2558 3726 Coronat
2592 3669 2702 3726 Leo
2731 3669 3028 3740 imperator
3059 3667 3223 3724 Zoem
3259 3669 3479 3723 Zautm
3518 3669 3713 3736 tiliam,

442 3772 692 3839 Ζιούτζα
711 3775 888 3847 Ζωὴν,
912 3776 1008 3829 καὶ
1026 3775 1330 3844 εὐλογεῖται
1351 3773 1502 3846 παρὰ
1523 3773 1618 3829 τοῦ
1647 3771 1910 3843 κληρικοῦ
1926 3769 2014 3825 τοῦ

2123 3771 2179 3819 et
2207 3777 2235 3817 ι
2262 3762 2499 3833 quodam
2532 3763 2736 3818 clerico
2762 3761 3030 3831 palatino,
3063 3771 3432 3830 cognomento
3450 3760 3710 3831 Sinopes,

442 3867 732 3932 παλατίου,
754 3861 799 3936 ᾧ
825 3867 1058 3937 ἐπίκλην
1080 3866 1341 3938 Σινάπης.
1385 3865 1446 3920 '0
1472 3865 1573 3936 μὶν
1598 3862 1693 3918 οὖν
1725 3864 2014 3934 εὐλογήσας

2138 3867 2240 3924 pro
2273 3853 2590 3922 nuptiarum
2628 3852 2850 3907 corollis
2885 3851 3270 3907 benedictione
3314 3854 3573 3907 donatur.
3616 3850 3718 3906 Be-

443 3959 748 4032 καθῃρέθη,
779 3962 813 4030 ἡ
838 3958 896 4014 δὲ
925 3958 1044 4023 ἔτος
1067 3959 1128 4012 ἐν
1157 3959 1252 4013 καὶ
1280 3957 1458 4029 μῆνας
1481 3953 1628 4009 ὀκτὼ
1661 3954 2014 4025 βασιλεύσασα

2128 3946 2461 4002 ncdictionis
2502 3946 2751 4001 minister
2779 3945 2960 4000 ollieio
2990 3945 3272 4014 depositus
3302 3952 3406 3999 est.
3452 3942 3563 3998 Zoe
3589 3958 3716 3999 cum

443 4050 816 4120 ἐτελεύτησεν.
849 4051 1112 4121 Λάρνακα
1136 4049 1203 4120 δὴ
1236 4047 1466 4120 ἐφεῦρον
1487 4047 1574 4118 ἐφ’
1606 4039 1651 4114 ᾧ
1689 4046 2014 4117 άποτεθῆναι

2127 4052 2335 4094 annum
2374 4052 2544 4092 unum
2583 4052 2649 4093 ac
2692 4051 2906 4092 menses
2954 4046 3080 4092 octo
3120 4035 3174 4089 in
3217 4033 3446 4104 imperio
3465 4034 3719 4100 vixisset,

444 4146 508 4199 τὸ
535 4144 696 4216 σῶμα
715 4144 886 4214 αὐτῆς
909 4146 969 4197 ἐν
1003 4143 1140 4215 αὐτῇ
1161 4183 1177 4209 ,
1214 4140 1301 4216 [Ρ.
1334 4138 1466 4214 225]
1498 4141 1620 4212 ἥτις
1641 4139 1854 4194 τοιάνδε
1879 4137 2014 4211 εἷχει

2128 4129 2258 4186 fatis
2285 4127 2471 4185 functa
2501 4136 2607 4184 est.
2635 4128 2861 4184 Inventa
2891 4143 3027 4182 urna
3060 4129 3114 4182 in
3146 4142 3311 4196 quam
3337 4126 3458 4196 ejus
3487 4125 3721 4181 cadaver

443 4237 928 4308 ἐγκεκολαμμένην
969 4235 1187 4310 γραφήν
1213 4250 1230 4268 ο
1263 4235 1539 4306 Θυγάτηρ
1583 4230 1943 4300 Βαϐυλῶνος
1984 4231 2014 4299 ἡ

2134 4223 2455 4289 inferretur,
2507 4223 2561 4278 in
2628 4225 2744 4278 haec
2779 4221 2944 4278 verba
2994 4236 3060 4276 ac
3116 4220 3450 4275 sententiam
3503 4217 3720 4283 calata,

444 4332 840 4399 ταλαίπωρος.

2130 4314 2280 4372 Filia
2315 4315 2604 4388 Babylonis
2636 4317 2850 4370 misera.

519 4420 602 4478 ιδ’.
653 4421 1028 4494 Διεϐλήθησαν
1079 4420 1138 4474 δέ
1196 4419 1276 4492 τῷ
1337 4417 1548 4491 βασιλεῖ
1597 4417 1873 4482 Μουσικδς
1932 4418 2014 4473 xui

2201 4409 2362 4482 362
2402 4410 2490 4464 14.
2538 4407 2710 4464 Porro
2743 4406 2908 4462 delati
2939 4416 3069 4461 sunt
3118 4406 3264 4475 apud
3327 4407 3720 4475 imperatorem

444 4514 806 4583 Σταυράκιος,
833 4513 909 4577 ὠς
939 4511 1095 4583 παρά
1123 4509 1236 4566 τῶν
1267 4509 1593 4582 στρατηγῶν
1619 4508 1772 4579 δῶρα
1817 4507 2014 4580 λαμϐά-

2131 4502 2371 4559 Musirus
2390 4512 2444 4556 et
2475 4500 2824 4563 Stauracius.
2855 4508 3112 4569 tanquam
3151 4500 3242 4568 qui
3276 4511 3505 4552 munera
3537 4512 3568 4550 a
3617 4496 3721 4550 du-

445 4622 652 4670 νοντες,
682 4604 820 4660 ἀλλά
863 4606 960 4660 καὶ
995 4603 1146 4675 παρά
1172 4601 1285 4657 τῶν
1329 4603 1631 4674 ἀρχόντων,
1681 4600 2014 4673 μεσιτεύουσι

2131 4596 2291 4650 cibus
2323 4609 2388 4649 ac
2413 4592 2826 4663 magistratibus
2849 4592 3162 4660 acciperent
3195 4597 3251 4644 et
3298 4587 3441 4659 apud
3479 4588 3717 4656 impera-

442 4697 656 4762 τούτοις
687 4697 766 4769 τῷ
797 4695 1238 4769 βασιλεοπάτορι.
1258 4693 1369 4751 Καί
1398 4711 1531 4749 ποτε
1560 4693 1655 4748 τοῦ
1682 4693 2014 4764 Σταυρακίοι

2131 4688 2267 4744 toris
2300 4694 2508 4755 patrem
2540 4699 2636 4754 per
2663 4683 2857 4738 sordes
2887 4681 3311 4736 intercederent.
3365 4680 3443 4733 Ac
3469 4693 3598 4732 vero
3633 4677 3724 4731 in-

449 4791 587 4862 μετά
610 4789 960 4860 γραμμάτων
993 4788 1146 4846 τινδς
1165 4789 1278 4842 τῶν
1308 4787 1633 4858 στρατηγῶν
1677 4788 1758 4850 είς
1788 4785 1884 4839 τὸν
1924 4785 2014 4856 βα-

2131 4794 2320 4851 gressa
2353 4778 2687 4852 quandoque
2715 4775 3007 4830 Stanrario
3033 4774 3096 4827 ad
3127 4772 3479 4844 imperatoris
3507 4780 3720 4838 patrem

449 4869 808 4951 σιλεοπάτορα
839 4880 1271 4952 εἰσεληλυθότος,
1303 4880 1380 4944 ὡς
1420 4876 1563 4933 εἶδεν
1590 4879 1754 4933 αὐτὸν
1790 4880 1820 4933 6
1871 4877 2014 4948 βασι-

2130 4887 2256 4928 cum
2292 4872 2494 4926 ducum
2543 4870 2775 4938 alicujus
2808 4867 3014 4932 libello,
3051 4866 3142 4922 ubi
3174 4881 3298 4921 eum
3343 4865 3641 4934 imperator
3669 4862 3723 4916 in

447 4977 572 5040 λεὺς
593 4977 652 5029 ἐν
673 4975 755 5046 τῷ
786 4974 996 5044 ἡλιακῷ
1028 4973 1300 5044 ἑστηκὼς,
1333 4971 1566 5026 κατόπιν
1586 4971 1751 5026 αὑτοῦ
1782 4969 2014 5042 εῖσῆλθει

2132 4964 2299 5020 solari
2333 4962 2615 5034 boroiogio
2644 4970 2798 5016 stans
2830 4960 3062 5028 aspexit,
3091 4958 3368 5014 hominem
3402 4970 3543 5025 pone
3563 4969 3724 5010 secu-

447 5071 541 5122 καὶ
567 5067 662 5120 τοῦ
689 5067 939 5130 τένοντος
971 5063 1138 5120 αὐτδν
1160 5065 1461 5135 λαϐόμενος
1478 5063 1587 5129 ἔξω
1628 5064 1903 5134 ἐξήγαγεν
1948 5064 2014 5128 ὡς

2135 5067 2226 5113 tus
2256 5066 2340 5112 est
2371 5056 2695 5124 cerviceque
2724 5051 3134 5123 apprehensum
3161 5048 3311 5105 foras
3337 5049 3551 5113 eduxit,
3601 5058 3724 5102 tan-

446 5162 609 5230 δῆθεν
659 5160 790 5229 περὶ
835 5159 946 5213 τῶν
997 5157 1322 5230 στρατηγῶν
1358 5158 1678 5229 ἐρωτήσων,
1708 5157 1804 5212 καὶ
1857 5158 1937 5221 είς
1966 5155 2014 5211 τέ

2133 5163 2298 5219 quam
2330 5145 2592 5202 nimirum
2643 5145 2710 5199 de
2737 5142 2971 5199 ducibus
2999 5141 3362 5212 quaestionem
3392 5138 3717 5202 habiturus;

449 5251 762 5322 Μονόθυρον
798 5248 1028 5319 ἀγαγὼν
1078 5250 1173 5303 καὶ
1218 5247 1290 5301 τά
1320 5247 1630 5318 γράμματα
1668 5247 1872 5318 ἐξάρας
1917 5249 2014 5301 61t-

2132 5243 2465 5311 trahensque
2515 5239 2582 5293 ad
2633 5237 3019 5308 Monmbyrum
3050 5275 3065 5300 ,
3125 5233 3431 5303 ablatisque
3491 5232 3720 5294 tabulis,

449 5345 804 5414 εσφενδόνησε
827 5341 1018 5396 τοῦτον
1041 5343 1138 5394 καὶ
1153 5341 1264 5402 τοῖς
1290 5337 1689 5411 προστυχοῦσιν
1705 5339 1907 5393 ἔδωκεν
1931 5337 2014 5393 τοῦ

2138 5335 2416 5391 hominem
2447 5332 2724 5398 excussit;
2758 5345 2824 5385 ac
2850 5330 2920 5385 iis
2949 5329 3042 5398 qui
3063 5327 3203 5382 forte
3238 5327 3487 5388 aderant,
3523 5326 3727 5396 palatio

448 5436 718 5492 παλατίου
751 5434 1043 5504 ἐξαγαγεῖν
1066 5434 1162 5488 καὶ
1187 5432 1421 5503 μοναχὸν
1450 5433 1770 5501 ἀποκεῖραι.
1819 5431 2014 5486 Μαθὼι

2134 5428 2476 5485 educendum
2514 5434 2679 5494 atque
2710 5424 2766 5478 in
2798 5423 3126 5478 monachum
3161 5418 3588 5484 detondendnm,
3626 5419 3720 5471 de-

449 5531 506 5581 δὲ
542 5528 698 5581 τοῦτο
729 5529 757 5581 6
791 5527 1064 5589 Μουσικδς
1098 5526 1159 5578 ἐν
1179 5523 1494 5593 ἀπογνώσει
1547 5525 1792 5593 γέγονεν.
1847 5526 2014 5579 Εἰσελ-

2130 5520 2230 5576 dit.
2272 5517 2330 5574 id
2364 5531 2496 5574 vero
2526 5528 2586 5570 ut
2609 5514 2867 5588 cognovit
2912 5511 3173 5576 Musicns,
3209 5511 3592 5581 desperatione
3637 5510 3722 5579 agi

453 5619 560 5673 θὼν
581 5619 643 5672 δὲ
681 5620 712 5672 6
743 5617 999 5688 βασιλεὺς
1035 5617 1166 5671 ἔνθα
1193 5620 1224 5670 6
1269 5615 1547 5680 Μουσικδς
1595 5615 1906 5686 παρίστατο
1949 5615 2014 5686 τᾷ

2132 5611 2362 5680 suisque
2394 5608 2560 5664 rebus
2589 5606 2835 5662 dillidere
2867 5604 3054 5674 erepit.
3102 5604 3387 5673 ingressus
3415 5603 3598 5668 itaque
3623 5603 3722 5654 im-

454 5710 724 5782 Ζαούτζᾳ,
758 5709 948 5764 τοῦτον
967 5709 1120 5778 παρὰ
1157 5709 1254 5760 τὸν
1274 5707 1547 5780 τράχηλον
1572 5706 1794 5778 ὡθήσας
1834 5707 2014 5778 term.

2134 5713 2372 5775 perator,
2408 5699 2500 5754 ubi
2531 5699 2620 5753 ille
2642 5696 2861 5754 Zantzat
2890 5698 3127 5761 astabat.
3142 5695 3285 5750 collo
3310 5691 3716 5762 apprehensum

455 5815 555 5867 γον
575 5839 595 5870 ,
616 5778 999 5872 διορισάμενος
1048 5778 1448 5869 Χριστοφόρονή
1474 5796 1692 5854 κοιτωνὶ
1702 5817 1796 5872 την
1825 5799 1882 5854 ἐν
1919 5801 2014 5858 τοῖς

2140 5792 2368 5852 trudens
2415 5791 2643 5863 expulit,
2697 5804 2761 5846 ac
2812 5787 3217 5860 Christophoro
3255 5781 3596 5841 cubiculario
3661 5778 3718 5836 in

2121 3045 2295 3104 taces,
2320 3037 2514 3091 ambos
2545 3035 2981 3091 reconciliasset.
