4056 6034
388 224 501 289 333

1488 242 1999 305 Tl'lEOPIlANES
2037 240 2591 306 CONTINUATUS.

3551 249 3655 311 334

384 356 507 406 nos.
546 345 659 413 ipsa
714 347 802 403 die
861 368 968 423 qua
1021 356 1220 412 vulnus
1254 368 1568 428 acceperat,
1608 361 1751 417 vivis
1787 375 1965 415 exent-

2073 358 2501 429 ἐκαυχήσανεο
2538 364 2593 416 ot
2639 363 2968 432 μισοῦντές
3006 382 3081 421 σε
3123 369 3193 421 ἐν
3232 370 3403 438 μέσῳ
3446 366 3655 435 ἑορτῆς

382 446 508 503 plus
531 445 638 493 est.

2074 468 2211 508 σου.
2270 473 2290 506 ι
2346 454 2445 508 Δεῖ
2484 449 2600 509 οὖν
2626 470 2700 510 σε
2722 497 2736 522 ,
2773 456 3075 523 δέσποτα,
3107 461 3226 515 ἀπὸ
3255 462 3363 515 τοῦ
3396 460 3513 513 νῦν
3553 460 3656 524 ἐτη

381 527 530 628 δέκα
566 532 682 599 τὴν
705 536 1039 628 ,ϐασιλείαν
1076 542 1428 610 κατασχεῖν.
1482 544 1547 595 ’0
1580 542 1673 597 καὶ
1709 544 1967 614 γέγονεν’
2010 546 2155 615 μετὰ
2194 547 2305 621 γάρ
2341 547 2443 621 τὴν
2476 548 2827 621 ἐκπλήρωσιν
2900 551 3011 606 τῶν
3047 553 3181 608 δέκα
3251 555 3549 621 ἐνιαυτῶν,
3583 558 3653 628 τῇ

382 626 521 697 αὐτῇ
550 630 734 703 ἡμέρᾳ
765 634 825 686 ὲν
850 626 886 707 ᾗ
917 635 1011 687 καὶ
1035 635 1275 707 ἐπλήγη,
1303 636 1713 709 τετελεύτηκεν.

450 719 540 775 20.
577 721 750 780 Porro
776 725 884 781 Zoe
904 737 1099 797 quarta
1125 729 1323 787 Leonis
1357 747 1497 787 uxor
1521 732 1577 788 in
1609 733 1814 804 palatio
1838 748 1965 789 cum

380 826 448 866 eo
496 817 842 881 versabatur,
886 819 1164 875 hauddum
1215 824 1561 894 nuptialibus
1610 826 1838 881 corollls
1868 825 1969 882 do-

382 914 531 960 nata.
579 905 715 962 Cum
751 924 881 964 vero
910 910 1132 982 Bulgari
1167 916 1578 974 incursionibus
1614 932 1731 974 rem
1760 916 1967 974 Roma-

383 1011 510 1051 nam
537 1009 859 1067 attererent,
892 1004 1133 1076 Agareni
1163 1009 1513 1064 occasionem
1548 1010 1696 1067 nacti
1735 1010 1965 1067 classem

383 1090 722 1162 navalesque
761 1096 953 1164 copias
988 1099 1279 1165 miserunt,
1311 1099 1493 1157 leone
1522 1100 1791 1173 Tripolita
1821 1104 1966 1160 clas.

382 1183 555 1238 siario
588 1185 753 1251 duce,
788 1188 1002 1243 Attalea
1039 1192 1174 1245 urbe
1202 1193 1459 1260 oriundo,
1513 1196 1607 1250 sed
1660 1194 1754 1264 qui
1808 1195 1968 1250 Chri-

382 1275 622 1331 stianam
672 1278 987 1347 ejuraverat
1032 1284 1314 1353 pietatem.
1353 1286 1635 1355 Appellata
1668 1296 1850 1341 autem
1886 1297 1970 1343 est

381 1366 679 1427 Phoenicia
719 1371 960 1442 Tripolis
987 1416 1003 1439 ,
1053 1379 1202 1447 quod
1249 1380 1427 1436 tribus
1463 1383 1802 1447 nationibus,
1839 1381 1969 1437 Sar-

381 1457 490 1511 diis
525 1459 738 1515 scilicet
783 1460 963 1533 Tyriis
1014 1481 1080 1521 ac
1114 1466 1361 1524 Sidoniis
1399 1470 1631 1536 colonis,
1665 1471 1840 1527 divisa
1874 1472 1966 1529 sit.

382 1543 622 1617 Egresso
648 1548 841 1621 itaque
873 1554 1208 1624 imperatore
1247 1562 1314 1612 ad
1341 1559 1487 1615 Butii
1525 1562 1831 1631 emporium
1870 1578 1967 1618 en-

380 1638 680 1694 caeniorum
712 1656 880 1698 eausa
918 1648 1243 1703 monaSIerii
1296 1662 1325 1702 a
1373 1648 1777 1721 Christophoro
1828 1666 1961 1722 pro-

382 1731 705 1788 tovestiario
729 1738 1021 1805 exstructi,
1054 1742 1282 1796 nuntius
1312 1742 1462 1797 venit
1491 1742 1815 1812 Tripolitam
1838 1746 1965 1799 eum

382 1822 571 1898 hostili
605 1825 1011 1884 Saracenorum
1049 1831 1228 1887 classe
1262 1832 1478 1904 Cpolim
1538 1844 1742 1903 petere.
1803 1835 1967 1891 Mittit

380 1932 512 1987 ergo
544 1917 848 1988 imperator
879 1921 1232 1980 Eustathium
1281 1928 1358 1981 rei
1393 1937 1523 1983 tunc
1555 1928 1765 1984 navalis
1790 1928 1961 1984 drnn-

2142 740 2214 788 κ’.
2243 726 2354 787 Ἦν
2387 731 2443 785 δὲ
2475 731 2597 804 Ζωὴ
2628 732 2661 804 ἡ
2714 735 2949 803 τετάρτη
2983 734 3121 805 γυνὴ
3164 735 3257 789 τοῦ
3289 733 3557 805 βασιλέως
3596 733 3659 791 ιν

2067 822 2147 896 τῷ
2198 823 2448 895 παλατίῳ
2496 825 2637 895 μετά
2676 824 2770 878 τοῦ
2818 824 3084 894 βασιλέως
3118 828 3380 896 ἀστεφής.
3435 825 3559 880 Τῶν
3597 824 3655 881 δὲ

2069 915 2458 988 Βουλγαρικῶν
2487 915 2696 986 ἐφόδων
2738 916 3044 985 Ῥωμαίους
3076 919 3491 989 ἐπιτριϐόντων,
3519 921 3569 972 οἱ
3596 916 3657 984 ἐξ

2073 1008 2256 1080 ,Ἅγαρ
2312 1007 2579 1078 μαθόντες
2621 1008 2782 1062 τοῦτο
2822 1008 3010 1073 στόλος
3058 1010 3291 1081 ἐξῄεσαν
3338 1010 3652 1083 ναύμαχσςν

2069 1098 2467 1168 ἐπιστήσαντες
2508 1098 2817 1167 στρατηγὸν
2861 1097 3195 1169 Τριπολίτην
3238 1099 3477 1164 Λέοντα,
3534 1100 3657 1153 Ἀτ-

2068 1190 2233 1245 τάλου
2260 1190 2360 1260 μὲν
2383 1188 2779 1261 ἐξωρμημένον
2797 1190 2900 1261 τῆς
2928 1191 3157 1253 πόλεως,
3186 1191 3287 1262 τῆς
3308 1192 3366 1246 δὲ
3395 1192 3656 1263 Χριστια-

2068 1279 2175 1335 νῶν
2213 1279 2498 1345 εὐσεϐείας
2546 1282 2933 1351 ἀποστήσαντα
2958 1282 3025 1336 ⁵⁵.
3077 1282 3187 1335 Καὶ
3245 1282 3505 1351 Τρίπολις
3555 1283 3656 1351 μὲν

2069 1374 2385 1444 ὠνόμασται
2426 1376 2461 1443 ἡ
2494 1371 2638 1426 κατὰ
2664 1372 2919 1443 Φοινίκην
2962 1372 3110 1443 τρισὶ
3153 1372 3491 1442 διαιρεθεῖσα
3536 1375 3656 1436 ταῖς

2069 1469 2287 1536 γενεαῖς
2344 1465 2405 1530 ἒξ
2471 1465 2737 1534 Ἀραδίων
2758 1466 2803 1498 ⁸⁸
2853 1464 2950 1519 καὶ
3000 1464 3215 1535 Τυρίων
3263 1467 3357 1518 καὶ
3404 1463 3655 1519 Σιδονίων

2069 1561 2335 1616 ἀποίκων.
2394 1560 2503 1612 Τοῦ
2542 1559 2601 1612 δὲ
2656 1559 2921 1629 βασιλέως
2975 1557 3287 1623 ἐξελθόντος
3324 1560 3383 1612 ιν
3436 1559 3515 1629 τῷ
3559 1555 3656 1612 τοῦ

2069 1650 2295 1705 Βουτίου
2327 1650 2581 1721 ἐμπορίῳ
2608 1649 2695 1722 [Ρ.
2723 1648 2853 1720 226]
2881 1650 3017 1719 πρὸς
3040 1650 3104 1701 τὸ
3128 1650 3229 1719 τὴν
3268 1649 3437 1720 μονὴν
3465 1650 3656 1718 ίγκαιο

2069 1744 2218 1800 νίσαι
2262 1742 2357 1796 τοῦ
2406 1741 2913 1816 πρωτοϐεστιαρίου
2963 1741 3130 1795 αὑτοῦ
3176 1742 3582 1814 Χριστοφόρου,
3620 1745 3654 1811 ἡ

2068 1836 2303 1906 ἀγγελία
2332 1834 2472 1899 αὕτη
2503 1834 2809 1889 κατέλαϐεν
2836 1834 2911 1897 ὡς
2938 1833 3268 1903 Τριπολίτης
3304 1834 3441 1903 μετὰ
3466 1833 3654 1887 στόλου

2070 1921 2179 1977 τῶν
2214 1922 2551 1994 Σαρακηνῶν
2584 1923 2725 1976 κατά
2755 1922 3385 1985 Κωνσταντινουπόλεως
3423 1924 3655 1995 ἀνέρχε-

380 2010 596 2077 gat-ium
622 2027 748 2066 cum
769 2012 949 2070 classe
974 2017 1240 2074 adversus
1267 2017 1613 2087 Tripolitani.
1643 2021 1735 2090 qui
1768 2036 1965 2091 pugna:

2068 2032 2179 2071 ται.
2232 2016 2583 2070 asumma
2612 2014 2707 2069 οὖν
2733 2018 2762 2069 ὁ
2803 2014 3057 2085 βασιλεὺς
3092 2016 3183 2070 τὸν
3222 2016 3520 2071 Εὐστάθιον
3560 2016 3656 2070 τὸν

376 2115 505 2155 cum
532 2102 625 2157 illo
653 2104 825 2174 impar
858 2122 1065 2163 vacuus
1099 2109 1278 2164 rediit.
1320 2109 1455 2165 Eum
1482 2113 1764 2168 insecutus
1796 2113 1962 2185 367

382 2192 648 2263 'l‘ripolila
678 2196 821 2252 intra
852 2200 1098 2270 Abydum
1124 2204 1430 2271 penetravit
1454 2220 1520 2262 ac
1544 2220 1719 2276 usque
1741 2205 1964 2263 Parium

380 2287 553 2342 venit.
616 2287 793 2358 liuius
842 2292 917 2345 rei
954 2294 1187 2348 nuntius
1222 2310 1441 2364 gravem
1479 2297 1795 2366 imperatori
1827 2315 1965 2356 mo:-

381 2391 563 2432 rorern
594 2392 657 2433 ac
685 2379 901 2434 consilii
952 2382 1195 2450 inopiam
1240 2384 1442 2440 attulit.
1478 2386 1668 2456 Itaque
1714 2386 1968 2443 Hemerio

379 2484 411 2523 a
457 2470 689 2526 secretis
719 2472 985 2542 primario
1022 2474 1255 2531 classem
1317 2477 1587 2533 adversus
1638 2478 1964 2548 Tripolitani

382 2563 689 2617 ducendam
770 2564 1090 2621 committit.
1153 2566 1205 2622 ls
1260 2566 1512 2639 Abydum
1574 2580 1968 2640 prastervectus

384 2659 529 2723 (quae
563 2664 646 2710 est
673 2655 728 2710 in
772 2654 1151 2726 Hellesponto,
1190 2674 1356 2730 quam
1399 2659 1591 2715 Milesii
1623 2662 1807 2717 coloni
1831 2663 1965 2717 civi-

385 2758 553 2802 tatem
602 2750 991 2806 condiderunt.
1036 2751 1425 2824 Hellespontus
1475 2756 1545 2811 ab
1581 2756 1731 2810 llclla
1766 2758 1963 2813 Phrixi

387 2855 579 2897 sorore
613 2841 725 2897 illic
759 2843 952 2914 pelago
981 2858 1161 2901 mersa
1188 2846 1270 2902 sic
1304 2846 1633 2917 appellatus)
1670 2847 1968 2920 IEgaeoqne

384 2934 526 2987 mari
567 2948 792 2990 emenso
821 2935 1055 3007 (dictum
1110 2938 1215 2994 hoc
1270 2939 1340 2993 ab
1376 2955 1642 3009 aquarum
1676 2941 1831 3009 quasi
1872 2956 1966 2996 ca-

387 3041 613 3095 prarum
670 3043 825 3084 more
871 3030 1190 3085 salicnlium
1252 3031 1668 3102 inaequalitate),
1728 3049 1791 3087 ac
1841 3049 1965 3088 cum

382 3121 494 3189 jam
552 3120 620 3176 ad
662 3118 979 3176 Strobelum
1017 3123 1342 3193 appulisset,
1384 3140 1506 3195 qum
1540 3135 1623 3179 est
1660 3127 1725 3180 ad
1773 3125 1969 3197 Cibyr-

386 3213 541 3265 rham
588 3212 674 3276 (ac
706 3211 1000 3271 Strobelus
1044 3215 1267 3285 quidem
1304 3217 1386 3272 sic
1415 3217 1561 3272 dicta
1609 3233 1637 3271 a
1672 3217 1776 3271 loci
1832 3218 1967 3281 situ,

384 3301 652 3371 (libyrrha
677 3318 806 3359 vero
832 3319 861 3358 a
884 3303 1155 3377 Cibyrrbo
1188 3305 1355 3363 fratre
1388 3307 1558 3364 Marsi
1599 3315 1653 3363 ct
1677 3308 1964 3377 Cidrami),

384 3405 552 3466 atque
586 3396 953 3469 Lampsacum
1004 3402 1300 3458 transisset
1339 3402 1443 3466 (sic
1493 3403 1584 3456 illa
1631 3404 1898 3472 appellata
1933 3419 1961 3456 a

383 3487 527 3551 luce,
552 3502 675 3559 quae
722 3496 887 3544 noctu
923 3477 1303 3546 Pboccnsibus
1328 3490 1680 3545 fundamenta
1710 3490 1966 3560 jaeienti-

384 3581 488 3636 bus
530 3589 768 3651 votaque
814 3583 1255 3653 concipientibus
1303 3584 1534 3639 cmlitus
1579 3582 1819 3647 aﬂ'ulsit;
1852 3598 1963 3653 quo

385 3674 632 3742 auspicio
687 3675 831 3746 jacta
893 3676 1133 3734 civitatis
1165 3676 1523 3731 fundamenta
1580 3676 1735 3730 ﬁrma
1794 3683 1965 3730 stete-

386 3764 562 3835 runt),
592 3777 779 3837 postea
824 3768 1009 3825 Imbro
1035 3778 1291 3839 superata
1324 3769 1429 3838 (sic
1470 3769 1559 3823 illa
1588 3768 1853 3838 appellata
1881 3775 1966 3821 est

384 3858 456 3910 ab
508 3856 688 3914 Imbro
731 3858 896 3915 Ληιὴί
932 3860 1073 3927 filio,
1109 3861 1268 3931 cujus
1312 3871 1465 3931 pater
1498 3860 1793 3932 Staphylus
1846 3858 1966 3913 Dio-

387 3948 529 4018 nysii
569 3964 738 4018 nepos
781 3951 1164 4021 charissimus)
1208 3953 1449 4024 itemque
1483 3952 1867 4015 Samothrace,
1900 3965 1965 4007 ac

382 4055 509 4094 cum
553 4040 736 4098 Thaso
773 4042 887 4113 jam
949 4045 1267 4101 immineret
1302 4045 1490 4115 (quam
1528 4045 1738 4115 antiqui
1773 4045 1966 4099 Aurea:

382 4134 546 4187 titulo
604 4142 769 4204 atque
823 4138 1046 4191 nomine
1096 4137 1510 4206 iusigniebant:
1550 4136 1962 4191 Samntliracem

381 4239 514 4278 Vero
543 4227 595 4278 in
619 4224 856 4281 Thracia
889 4229 1020 4282 olim
1048 4229 1367 4300 θηριοῦσαν,
1392 4229 1553 4299 quasi
1580 4229 1765 4283 bestiis
1788 4229 1965 4283 almu-

381 4316 600 4370 dantem
645 4317 823 4389 iisque
845 4320 1083 4386 plenam,
1112 4321 1379 4393 Nymphis
1412 4338 1649 4386 sacram,
1678 4322 1964 4392 peuinsula

382 4423 510 4462 cum
540 4423 709 4473 esset,
734 4412 916 4468 ﬂuxus
953 4426 1145 4484 postea
1183 4417 1436 4471 allisione
1478 4416 1531 4469 in
1563 4416 1799 4471 insulam
1834 4432 1965 4472 coa-

385 4504 554 4557 luisse
598 4504 892 4572 dixerunt,
952 4525 1014 4562 ac
1074 4508 1387 4565 Samiorum
1446 4510 1770 4566 colonorum
1820 4508 1964 4579 juris

383 4595 582 4651 factam
640 4596 1078 4656 Samothraciam
1141 4614 1515 4675 nuncupatam
1566 4606 1713 4675 esse)
1771 4605 1960 4660 hostes

2065 2110 2374 2182 τηνικαῦτα
2417 2109 2780 2180 δρουγγάριον
2815 2108 2953 2177 μετὰ
2987 2108 3176 2163 στόλου
3224 2110 3365 2164 κατά
3396 2108 3489 2164 τοῦ
3521 2111 3657 2181 Τρι-

2070 2203 2292 2256 πολίτου
2315 2219 2327 2233 ⁸
2380 2203 2440 2266 ὃς
2471 2202 2547 2273 μὴ
2577 2201 2826 2270 δυνηθεὶς
2864 2202 3256 2268 ἀντιτάξασθαι
3307 2204 3482 2273 τούτῳ
3529 2206 3656 2256 ἀντ-

2068 2295 2319 2365 εστράφη
2380 2294 2559 2357 κενός.
2617 2294 2864 2349 Κατόπιν
2919 2294 2975 2345 δὲ
3032 2295 3197 2347 αὑτοῦ
3237 2296 3265 2349 ό
3320 2294 3657 2366 Τριπολίτης

2069 2388 2243 2444 ἐλθὼν
2273 2388 2427 2451 ἐντὸς
2465 2388 2689 2441 Ἀϐύδου
2726 2386 3072 2458 είσεληλυθεν
3107 2389 3198 2440 καὶ
3230 2388 3390 2458 μέχρι
3419 2387 3656 2457 Παρείου

2070 2479 2392 2534 κατέλαϐεν.
2429 2479 2602 2533 Τοῦτο
2628 2479 2705 2547 τῷ
2753 2478 2968 2549 βασιλεί
2996 2480 3261 2547 ἀγγελθὲν
3295 2482 3375 2543 είς
3412 2479 3657 2550 μεγάλην

2070 2574 2233 2627 αὐτὸν
2265 2575 2505 2645 ἀθυμίαν
2558 2575 2673 2640 xal]
2698 2574 3014 2643 ἀμηχανίαν
3050 2572 3429 2641 περιέστησεν.
3486 2572 3656 2641 Ἦμε-

2074 2667 2174 2739 ρίῳ
2207 2663 2302 2722 οὖν
2350 2666 2812 2737 πρωτασηκρῆτις
2855 2668 2954 2735 τὴν
2991 2665 3256 2727 ναυτικὴν
3293 2664 3526 2733 δύναμιν
3562 2665 3655 2731 ἑγ-

2071 2760 2316 2830 χειρίσας
2374 2758 2519 2814 κατὰ
2598 2758 2695 2813 τοῦ
2785 2757 3112 2828 Τριπολίτου
3181 2754 3534 2809 ἀπέστειλεν·
3591 2754 3653 2818 ὃς

2074 2851 2307 2906 ’Λϐυδον
2348 2849 2573 2905 διελθὼν
2601 2851 2701 2923 τὴν
2748 2850 2872 2903 καθ’
2913 2848 3341 2917 Ἑλλήσποντον,
3372 2847 3439 2916 ην
3472 2846 3653 2914 Milti-

2071 2945 2202 2998 σίων
2227 2943 2540 3015 κατῴκισαν
2568 2942 2819 3008 ἄποικες,
2854 2940 3249 3011 Ἑλλήσποντον
3274 2937 3366 2990 τὸν
3392 2936 3500 2992 ἀπὸ
3525 2936 3655 2990 "El-

2070 3036 2168 3105 λης
2201 3035 2298 3106 τῆς
2326 3034 2525 3107 Φρίξου
2558 3034 2794 3103 ἀδελφῆς
2823 3032 2901 3103 τῷ
2927 3034 3105 3087 ἐκεῖσε
3141 3031 3369 3099 πελάγει
3401 3031 3654 3101 ῥιφείσης

2068 3128 2244 3190 οὕτως
2278 3126 2713 3197 ἀγορευόμενον,
2760 3124 2855 3180 καὶ
2890 3125 3115 3191 Αίγαῖον
3163 3121 3439 3190 πέλαγος,
3481 3120 3510 3175 δ
3552 3122 3654 3193 τὴν

2072 3221 2263 3292 κλῆσιν
2297 3220 2600 3291 ἀπείληφεν
2631 3217 2740 3272 ἀπὸ
2786 3218 2887 3287 τῆς
2917 3217 3028 3270 τῶν
3075 3217 3287 3270 ὑδάτων
3323 3215 3496 3285 φορᾶς
3528 3217 3653 3269 ἀϊσ-

2072 3313 2273 3380 σούσης
2311 3310 2456 3365 κατά
2496 3312 2699 3383 τρόπον
2748 3310 2940 3378 αίγὸς,
2975 3308 3101 3377 ἑξῆς
3139 3308 3197 3360 δὲ
3247 3305 3654 3377 προσωρμικὼς

1994 3363 2037 3420 C
2412 3406 2478 3475 τῇ
2528 3363 2671 3458 κατά
2712 3363 2998 3474 Κιόύρἰαν
3015 3363 3171 3472 ’(Ικαὶ
3206 3363 3507 3471 Στρόϐηλος
3552 3363 3655 3470 μὶν

2071 3498 2180 3553 ἀπὸ
2207 3498 2307 3567 τῆς
2338 3497 2571 3568 τοπικῆς
2599 3496 2802 3561 θέσεως
2822 3536 2836 3558 .
2868 3494 3125 3566 Κιϐύρῤα
3152 3494 3208 3548 δὲ
3240 3493 3349 3546 ἀπὸ
3372 3490 3655 3564 Κιϐύῤῥου

2071 3590 2304 3660 ἀδελφοῦ
2334 3591 2563 3663 Μαρσοῦ
2598 3607 2658 3644 τε
2692 3591 2787 3643 καὶ
2828 3588 3153 3660 Κιδράμου)
3198 3587 3293 3640 καὶ
3331 3585 3651 3657 Λαμψάκῳ,

2072 3685 2180 3739 ἀπδ
2213 3683 2392 3749 φωτὸς
2438 3682 2702 3753 λάμψεως
2744 3680 3115 3752 ὠνομασμένη
3135 3722 3148 3744 ,
3179 3681 3315 3751 ὅπερ
3347 3680 3506 3733 νυκτὶ
3538 3680 3654 3735 Φω-

2072 3779 2251 3832 καέων
2288 3778 2331 3808 ⁸⁷
2385 3775 2784 3847 θεμελιούντων
2838 3775 3044 3845 ταύτην
3100 3772 3417 3844 εὐξαμένων
3469 3773 3656 3829 θεόθεν

2072 3869 2409 3941 ἐπέλαμψεν,
2444 3870 2537 3925 καὶ
2564 3871 2595 3938 ἠ
2627 3868 2737 3922 τῶν
2759 3867 3030 3937 θεμελίων
3061 3868 3216 3937 βάσις
3245 3867 3426 3930 καλῶς
3448 3882 3651 3936 κεκρα-

2072 3960 2292 4025 ταίωτο,
2322 3960 2462 4032 μετά
2482 3958 2657 4014 ταῦτα
2686 3960 2751 4029 τῇ
2785 3958 2997 4029 Ἴμϐρῳ
3026 3957 3377 4029 διεληλυθὼς,
3402 3956 3524 4027 ἥτις
3544 3958 3655 4012 ἀπὸ

2077 4052 2303 4122 Ἴμϐρου
2336 4050 2600 4121 κέκληται
2632 4048 2748 4103 υίοῦ
2776 4048 2995 4115 "As/000,
3028 4041 3091 4103 οὗ
3124 4047 3349 4116 γενὲτης
3380 4044 3655 4117 Στάφυλος

2074 4138 2331 4193 Διονύσου
2384 4137 2641 4207 φίλτατος
2670 4138 2893 4206 ἔγγονος
2915 4174 2930 4201 ,
2963 4138 3328 4209 Σαμοθρᾴκην
3364 4137 3421 4190 δὲ
3464 4138 3656 4202 διαϐάς

2074 4230 2168 4285 καὶ
2197 4214 2261 4299 τῇ
2308 4230 2471 4300 Θάσῳ
2505 4229 2916 4300 προσπελάσας,
2947 4230 3015 4299 ἢν
3048 4228 3273 4301 Χρυσῆν
3312 4230 3363 4282 οί
3413 4230 3544 4300 πρὶν
3573 4231 3657 4283 διη

2072 4320 2426 4393 εφημίζοντο,
2464 4322 2832 4393 Σαμοθρᾴκην
2856 4322 2910 4375 δὲ
2943 4326 2999 4375 ἐν
3025 4322 3214 4394 Θρᾴκῃ
3244 4322 3534 4393 χερόνησον
3558 4322 3657 4393 τὴν

2074 4414 2341 4485 πρότερον
2373 4412 2683 4484 Θηριοῦσαν
2727 4414 2815 4466 διὰ
2866 4414 2926 4466 τὸ
2978 4413 3185 4484 θηρίων
3219 4412 3654 4484 πεπληρῶσθαι,

2076 4502 2229 4571 ίεράν
2260 4502 2509 4571 Νυμφῶν
2536 4501 2723 4567 οὖσαν,
2762 4504 3057 4571 μετέπειτα
3090 4502 3182 4556 τοῦ
3216 4502 3311 4573 ροὖ
3353 4504 3655 4574 συρραγέν-

2071 4608 2161 4653 τος
2188 4592 2266 4654 είς
2293 4594 2457 4662 νῆσον
2492 4592 2752 4661 συστῆναι
2781 4594 2873 4645 καὶ
2912 4594 3016 4645 ὑπὸ
3044 4594 3264 4664 Σαμίων
3296 4594 3564 4665 μετοίκων
3596 4596 3656 4648 ὲν

381 4692 719 4759 assequitur.
754 4693 821 4747 At
854 4709 1030 4763 neque
1062 4697 1227 4769 368
1264 4697 1495 4753 classem
1532 4699 1760 4768 prOpius
1808 4697 1963 4752 adire

2074 4684 2403 4752 κατασχέσει
2465 4683 2719 4750 γενέσθαι
2778 4684 2876 4737 καὶ
2930 4685 3298 4757 Σαμοθρᾴκην
3351 4686 3655 4755 κληθῆναι,

386 4796 558 4837 ausus
588 4793 692 4839 est.
724 4786 985 4855 'l‘ripolita
1014 4805 1144 4844 vero
1177 4790 1293 4860 ipse
1326 4806 1356 4845 a
1384 4806 1464 4846 se.
1504 4790 1595 4845 Dei
1627 4788 1869 4859 impulsu
1902 4803 1965 4843 ac

2072 4778 2197 4841 τοὺς
2222 4775 2516 4844 πολεμίους
2543 4775 2863 4829 κατέλαϐεν.
2892 4777 3039 4845 Πλὴν
3063 4778 3187 4831 οὐδὲ
3211 4777 3511 4849 πλησιάσαι
3534 4776 3657 4831 τού-

382 4882 542 4938 nutu,
586 4876 809 4931 reﬂectit
841 4880 974 4945 iter;
1023 4884 1355 4952 veniensque
1387 4881 1861 4945 Thessalonicam,
1913 4890 1968 4934 et

379 4969 774 5036 comprehenso
809 4973 901 5038 qui
950 4973 1023 5025 illi
1056 4977 1300 5043 praetoris
1331 4976 1458 5043 jure
1490 4984 1737 5046 prceerat,
1777 4976 1963 5030 Leone

381 5071 746 5128 cognomento
781 5063 1139 5132 Cataziliaco,
1186 5068 1463 5137 ingentem
1494 5080 1729 5141 stragem
1774 5083 1837 5123 ac
1865 5083 1961 5121 ne-

378 5169 472 5207 ces
522 5155 790 5223 plurimas
813 5160 947 5227 egit.

449 5420 512 5476 2i
580 5421 815 5488 Quidam
857 5439 989 5480 vero
1029 5425 1526 5498 cubiculariorum,
1568 5430 1964 5500 lthodOphylus

382 5513 623 5579 nomine,
648 5517 718 5570 ob
750 5518 1063 5574 necessaria
1086 5518 1337 5588 qmedam
1377 5526 1605 5597 negotia
1637 5525 1689 5578 in
1716 5521 1959 5578 Siciliam

2070 4886 2180 4923 των
2210 4869 2288 4941 τῷ
2319 4868 2491 4938 στόλῳ
2517 4868 2878 4939 τετόλμηκεν.
2910 4868 3267 4938 Δύθὸρμητος
3299 4869 3356 4921 δὲ
3393 4869 3423 4921 ό
3451 4869 3657 4939 Τριπο-

2069 4960 2223 5031 λίτης
2253 4958 2390 5013 Θεοῦ
2418 4959 2610 5014 τοῦτον
2641 4958 3041 5022 ἀπελαύνοντος
3068 4959 3440 5029 άντεστράφη,
3469 4959 3563 5013 καὶ
3593 4962 3654 5011 ἐν

2068 5046 2460 5123 Θεσσαλονίκῃ,
2510 5049 2835 5105 καταλαϐὼν
2890 5050 3129 5121 ταύτην,
3164 5052 3258 5105 καὶ
3304 5052 3510 5105 Λέοντα
3558 5052 3652 5105 τὸν

2068 5147 2276 5216 ταύτης
2304 5145 2630 5217 στρατηγὸν,
2656 5138 2701 5211 ᾦ
2718 5141 2786 5213 ἦν
2814 5145 3105 5213 ἐπώνυμον
3133 5143 3522 5210 Κατςιλάκιος,
3548 5160 3649 5197 και⁸

2070 5239 2287 5311 τασχὼν
2306 5278 2321 5305 ,
2352 5240 2568 5309 σφαγὴν
2601 5236 2806 5307 πολλὴν
2836 5237 2930 5290 καὶ
2970 5238 3131 5307 χύσιν
3177 5237 3431 5307 αἱμάτων
3463 5237 3650 5307 εἰργά-

2070 5350 2222 5391 σατο.

2141 5423 2245 5479 κα’.
2286 5422 2711 5494 Ῥοδοφύληςδὲ
2765 5440 2845 5484 τις
2884 5420 3331 5491 κουϐικουλάριος
3362 5420 3553 5490 ἔτυχεν
3588 5423 3647 5475 ἐν

2066 5517 2289 5588 Σικελίᾳ
2312 5517 2402 5573 διά
2431 5532 2555 5571 τινα
2586 5514 2777 5589 χρείαν
2816 5515 3171 5577 ἀποσταλεὶς,
3202 5514 3427 5585 χρυσίου
3459 5513 3642 5585 λίτρας

1700 5611 1936 5667 νΑιιιίΕ
1971 5607 2371 5665 LECTIONES.

463 5696 509 5729 "
531 5698 965 5754 ἀποστάνταῖςιη
1002 5701 1454 5771 ἀποκατήταντα
1488 5709 1507 5745 ³)
1586 5708 1629 5738 ³⁸
1669 5707 1729 5758 ἐκ
1764 5703 2043 5774 Σαραδὶων
2068 5701 2132 5766 Ρ,
2157 5701 2213 5767 ἐξ
2236 5698 2503 5771 Ἀραδίων
2540 5715 2750 5771 tttargn.

2858 5700 2900 5730 "
2931 5696 3161 5753 Φωκέων
3190 5695 3252 5751 Ρ.
