4056 6034
350 133 460 196 385
1393 128 1540 192 LIB.
1584 127 1683 189 VI-
1721 151 1788 162 -
1820 123 1964 184 1,.Εο

2067 121 2271 183 ιδΙΙΛΙ
2310 119 2586 180 FILIUS.
3512 112 3617 174 386

356 247 752 320 ἐπιφερόμενος
782 247 980 302 ἑκατόν
1007 264 1018 276 ·
1048 245 1190 314 νόσῳ
1215 243 1275 297 δὲ
1302 239 1616 314 περιπεσὼν
1642 242 1701 294 ὲν
1728 238 1940 293 Θεσσα-

2067 235 2251 289 uissus
2285 240 2426 297 erat,
2459 239 2680 289 centum
2743 229 2865 284 auri
2913 227 3081 284 libras
3106 225 3324 294 ferens;
3354 236 3519 299 atque
3562 227 3618 281 in

355 339 542 410 λονίκῃ
570 340 824 410 εἰσῆλθεν
864 340 1008 393 ὥστε
1035 337 1332 392 λούσασθαι
1371 336 1468 390 καὶ
1513 333 1597 406 [ι’.
1629 331 1761 404 εεη
1803 332 1937 386 ἀπι-

2067 325 2240 380 tiuere
2267 324 2463 379 morbo
2496 332 2810 394 correptus,
2851 323 3092 379 levanda
3119 337 3285 376 causa
3337 322 3618 390 :egritndi-

355 430 554 483 λαῦσαι
578 430 842 494 ἀνέσεως.
865 429 1071 484 Τοῦτον
1091 433 1122 483 ὸ
1142 426 1472 498 Τριπολίτης
1502 422 1817 492 κατασχὼν,
1843 423 1939 476 κα)⁸

2067 419 2128 472 Iis
2159 416 2490 487 lavandique
2520 431 2587 470 ac
2637 417 2782 471 vires
2834 415 3110 469 reﬁciendi
3168 411 3620 467 Thessalonicam

361 521 550 593 μαθὼν
598 523 675 587 ὡς
725 521 953 594 χρυσίον
1004 518 1370 592 ἐπιφέρεται,
1409 517 1580 571 πολλά
1639 515 1940 587 βασανίσας

2067 523 2328 580 ngressus
2349 516 2488 566 erat.
2520 507 2677 578 Cepit
2710 509 2859 563 hunc
2884 504 3174 576 Tripolita,
3207 521 3334 559 enim
3368 506 3484 559 auri
3513 505 3620 559 vim

357 617 684 671 ἀπέκτεινεν
735 616 904 688 μηδὲν
946 615 1094 687 ἔχειν
1128 613 1532 686 διατεινόμενον
1555 629 1568 643 ·
1607 613 1800 683 ἔτυχεν
1830 613 1941 681 γὰρ

358 705 524 759 τοῦτο
547 706 608 759 ἐν
633 709 701 776 τῇ
731 703 839 777 ὁδῷ
867 705 1177 770 ἀπολιπὼν,
1203 706 1343 775 ὅπερ
1377 702 1605 775 Συμεὼν
1633 703 1943 774 ἀσηκρῆτις

361 797 714 868 διερχόμενος
747 799 990 852 ἀνείλετο
1013 839 1026 859 ,
1062 797 1122 861 ὃς
1161 797 1298 868 μετά
1322 796 1496 851 ταῦτα
1531 794 1820 866 πατρίκιος
1848 797 1944 848 καὶ

361 891 830 960 πρωτασηκρῆτις
859 889 1099 958 ἐγένετο.
1139 889 1248 943 Τοῦ
1292 888 1348 942 δὲ
1392 888 1724 959 Τριπολίτου
1770 904 1944 942 καταο

362 980 596 1051 στρέψαι
627 983 728 1052 τὴν
756 982 914 1036 πόλιν
947 980 1322 1053 βουληθέντος,
1355 982 1506 1046 δηλοῖ
1537 980 1689 1050 αὐτῷ
1719 980 1944 1052 Συμεὼν

361 1072 587 1141 χρυσίον
611 1072 797 1126 λαϐεῖν
835 1075 929 1126 καὶ
952 1074 1053 1143 τῆς
1085 1073 1472 1144 καταστροφῆς
1500 1073 1837 1142 ἀποσχέσθαι
1860 1089 1873 1102 ·
1913 1073 1946 1127 ὃ

362 1162 459 1214 καὶ
497 1163 730 1230 γέγονεν.
769 1164 1206 1234 Ὀπισθόρμητος
1233 1165 1396 1220 πάλιν
1416 1168 1444 1220 6
1470 1164 1579 1218 τῶν
1609 1157 1944 1236 Σαρακηνῶν

363 1255 553 1318 στόλος
580 1256 766 1328 ἀπῄει.
805 1255 864 1312 '0
891 1256 951 1310 δὲ
991 1257 1247 1330 ἸΙμὲριος
1276 1257 1449 1312 ταῦτα
1473 1258 1783 1326 διεγνωκὼς
1811 1257 1946 1331 πρὸς

360 1344 464 1414 τὴν
503 1348 626 1398 κατ’
657 1347 838 1400 αὐτῶν
864 1347 1205 1428 διανίσταται
1227 1349 1430 1416 δίωξιν.
1465 1349 1530 1403 Οἱ
1563 1349 1621 1402 δὲ
1651 1351 1719 1421 τῇ
1751 1350 1948 1422 Κρήτῃ

367 1437 793 1507 προσωλλουσι,
817 1441 1046 1504 καὶτοῖς
1074 1441 1134 1494 ὲν
1165 1440 1304 1515 αὐτῇ
1332 1443 1644 1513 ἀπόμοιραν
1666 1441 1766 1514 τῆς
1799 1441 1948 1504 λείας

363 1531 711 1600 ἀπένειμαν.
771 1532 1030 1588 κάκεῖθεν
1077 1537 1147 1604 τῇ
1203 1533 1422 1606 πατριδι
1456 1536 1950 1605 παλινοστὴσαντες

363 1623 674 1692 ἀπρακτεῖν
706 1624 850 1679 κατὰ
877 1626 1098 1698 Λῆμνον
1123 1627 1288 1682 ἐῶσιν
1320 1629 1412 1682 τὸν
1454 1627 1733 1699 Ἱιμέριον.

441 1884 550 1955 κβκ
592 1885 652 1939 '0
698 1886 756 1940 δὲ
788 1887 1042 1959 βασιλεὺς
1072 1883 1186 1962 εἶχε
1233 1891 1344 1944 τῶν
1405 1891 1768 1948 Ἀνατολικῶν
1816 1895 1952 1949 ὑπο-

368 1977 680 2050 στράτηγον
708 1979 1009 2036 Εὐστάθιον
1035 1983 1346 2054 πατρίκιον,
1373 1983 1430 2049 ὃς
1455 1985 1518 2038 ἐκ
1538 1986 1637 2056 τῆς
1661 1986 1953 2058 καλλίστης

367 2075 466 2125 καὶ
495 2072 710 2144 ἀγαθῆς
736 2077 930 2143 γενεᾶς
963 2076 1072 2131 τῶν
1125 2078 1411 2151 ’Λργυρῶν
1438 2079 1825 2151 ὲκπεφώνηται
1849 2096 1865 2112 ο
1895 2081 1956 2145 ὃς

366 2165 483 2226 τοῖς
500 2166 874 2235 Ἰσμαηλίταις
897 2171 1255 2241 κατεστράτει
1279 2171 1377 2226 καὶ
1407 2171 1641 2242 ἔτρεπεν
1662 2174 1759 2244 οὐχ
1783 2173 1951 2239 ἅπαξ,

367 2256 511 2310 ἀλλὰ
541 2258 640 2311 καὶ
669 2257 953 2323 πολλάκις,
984 2260 1148 2341 ῥώμῃ
1178 2265 1274 2317 καὶ
1299 2264 1446 2335 ισχύῖ
1472 2266 1567 2318 καὶ
1600 2266 1816 2320 συνέσει
1857 2266 1957 2319 καὶ

371 2350 575 2419 ἀνδρία
614 2350 710 2402 καὶ
741 2354 1005 2422 φρονήσει
1039 2355 1134 2406 καὶ
1164 2354 1489 2425 σωφροσύνῃ
1521 2357 1614 2408 καὶ
1641 2357 1958 2429 δικαιοσύνῃ

375 2441 742 2511 τετιμημένος
783 2445 878 2494 καὶ
907 2442 1347 2514 ἐπειλημμένος,
1389 2445 1526 2513 ἔχων
1557 2447 1650 2499 καὶ
1693 2446 1961 2516 ’Λνδρόνι-

376 2547 472 2583 κον
495 2531 590 2584 τὸν
615 2534 680 2584 ὲκ
702 2531 796 2586 τοῦ
820 2534 1045 2598 Δουκὸς.
1070 2535 1368 2590 Εὐστάθιον
1402 2537 1665 2606 Ἀργυρὸν
1703 2539 1753 2591 οἱ
1794 2539 1956 2606 Ἀγα-

385 2625 540 2692 ρηνοὶ
572 2623 848 2678 ἐδεδίεσαν
874 2663 891 2686 ,
931 2624 1008 2688 ὡς
1038 2627 1099 2680 τὸ
1131 2627 1323 2682 τούτου
1355 2627 1527 2698 ὄνομα
1561 2629 1825 2701 ἔκπληξιν
1864 2629 1961 2686 καὶ

387 2715 546 2783 φνὶδον
575 2717 762 2780 αὐτοῖς
791 2717 1047 2786 λέγεσθαι
1071 2719 1136 2772 ⁸⁸.
1171 2720 1437 2790 Σαμωνᾶς
1465 2721 1520 2774 δὲ
1551 2724 1964 2792 προφασισάμε-

388 2823 473 2869 νος
494 2808 552 2860 ἐν
582 2810 650 2879 τῇ
683 2811 819 2881 μονῇ
850 2810 1040 2875 αὑτοῦ,
1071 2804 1107 2885 ᾖ
1140 2811 1428 2884 ἐπώνυμον
1459 2813 1526 2867 τὰ
1552 2815 1783 2885 Σπειρὰ,
1813 2813 1963 2880 ἐξελ-

2043 601 2188 658 ferre
2243 603 2578 673 intelligens.
2635 602 2935 671 multisque
2982 599 3273 654 tormentis
3326 603 3618 655 subactum

2043 693 2300 766 peremit,
2341 709 2466 750 cum
2505 694 2594 749 ille
2643 692 2779 746 nihil
2818 707 2878 748 se
2910 692 3110 748 habere
3138 701 3428 748 assereret.
3473 691 3624 746 [teli-

2043 794 2240 859 querat
2283 786 2428 841 enim
2491 786 2547 840 iu
2606 785 2716 849 via,
2750 799 2817 840 ac
2860 782 3099 857 Symeou
3152 799 3182 839 a
3241 784 3467 841 secretis
3503 785 3626 838 illac

2046 879 2320 934 transiens
2371 879 2691 934 sustulerat.
2739 876 2841 931 Hic
2888 885 3077 946 postea
3107 877 3372 946 patricius
3415 891 3480 931 ac
3528 892 3624 933 eo-

2045 988 2167 1028 rum
2224 972 2320 1042 qui
2377 987 2407 1026 a
2442 971 2671 1027 secretis
2724 971 2935 1040 primus
2991 968 3169 1025 factus
3212 982 3315 1025 est.
3359 967 3623 1040 Tripolita

2050 1062 2241 1116 urbem
2271 1069 2522 1116 evertere
2544 1060 2840 1129 cogitabat,
2873 1073 2996 1114 cum
3024 1074 3150 1114 cum
3180 1057 3416 1128 Symeon
3442 1067 3632 1114 monet

2049 1164 2213 1224 atque
2255 1155 2515 1210 hortatur
2559 1163 2619 1209 ut
2658 1154 2776 1208 auri
2809 1167 3081 1208 summam
3125 1153 3276 1206 tollat
3303 1161 3358 1207 et
3387 1152 3631 1224 altever-

2045 1245 2209 1299 tenda
2240 1243 2375 1299 urbe
2407 1245 2717 1311 abstineat;
2755 1243 2900 1314 quod
2939 1253 2996 1298 et
3037 1243 3242 1298 factum
3272 1255 3375 1300 est.
3404 1241 3633 1299 Recedit

2049 1338 2233 1407 itaque
2266 1337 2464 1392 iterum
2523 1336 2916 1394 Thessalonica
2959 1335 3360 1392 Saracenorum
3411 1336 3630 1391 cla~sis.

2050 1427 2337 1484 llemerius
2389 1429 2628 1484 hostium
2667 1443 2886 1484 recessu
2932 1430 3154 1500 (τοςηὶιο
3209 1429 3277 1484 ad
3332 1444 3428 1484 eos
3485 1428 3633 1483 ius».-

2051 1523 2306 1591 quendos
2354 1537 2477 1578 sese
2534 1523 2789 1590 accingit.
2843 1524 2924 1576 An
2958 1520 3179 1579 Cretam
3216 1537 3348 1577 vero
3393 1521 3632 1592 appulsi,

2055 1613 2466 1682 spoliorumque
2496 1624 2651 1682 parte
2679 1615 3035 1669 (‘retensibus
3081 1616 3204 1670 data
3227 1656 3240 1680 ,
3284 1615 3507 1670 domum
3548 1614 3634 1668 in-

2054 1703 2299 1759 columes
2353 1703 2606 1768 redeunt,
2656 1705 2848 1760 relicto
2883 1705 2940 1760 in
3000 1704 3207 1761 Lemno
3241 1707 3417 1762 insula
3457 1707 3631 1761 otium

2055 1803 2261 1850 terente
2289 1796 2549 1867 nulloque
2575 1795 2776 1852 bellico
2803 1796 3042 1852 facinore
3075 1795 3348 1852 llemcrio.

2126 1886 2217 1941 9.2.
2252 1885 2498 1944 Habebat
2543 1887 2655 1944 Leo
2701 1888 2891 1944 Asiani
2923 1889 3198 1945 exercitus
3237 1890 3474 1961 legatum
3526 1889 3636 1946 Eu-

2055 1979 2317 2034 stathium
2358 1978 2672 2050 patricium,
2741 1995 2806 2034 ex
2837 1982 3290 2051 praestantissima
3320 1983 3637 2052 optimaque
3662 2013 3676 2026 -

2054 2073 2393 2142 Argyrorum
2438 2068 2640 2125 familia
2681 2079 2886 2126 ortum.
2917 2071 3015 2127 Hie
3045 2072 3310 2127 adversus
3328 2073 3636 2129 lsmaelitas

2056 2167 2378 2235 depugnaus
2413 2179 2507 2219 eos
2539 2164 2592 2217 in
2631 2162 2814 2234 fugam
2849 2166 3108 2228 vertebat,
3142 2180 3321 2234 neque
3367 2165 3417 2220 id
3464 2165 3636 2220 semel

2058 2259 2151 2313 sed
2181 2267 2236 2311 et
2265 2257 2536 2320 crebrius,
2569 2255 2734 2326 369
2777 2257 2858 2310 vir
2910 2258 3119 2311 scilicet
3150 2259 3366 2320 robore,
3418 2256 3635 2312 fortitu-

2056 2350 2186 2404 dine
2213 2390 2229 2414 ,
2283 2349 2655 2419 intelligentia!
2713 2348 2809 2412 vi,
2869 2348 3036 2402 animi
3069 2349 3287 2413 virtute,
3327 2349 3634 2418 prudentia,

2058 2444 2329 2503 castitate,
2355 2442 2570 2511 jnstitia
2601 2441 2800 2496 eximie
2828 2452 3080 2500 ornatus.
3115 2457 3300 2496 secum
3347 2443 3508 2496 etiam
3540 2458 3639 2495 ua-

2060 2543 2182 2592 ctus
2222 2535 2608 2588 Andronicum
2640 2531 2800 2588 ducis
2829 2533 3023 2588 ﬁlium.
3056 2531 3467 2589 Fortnidolosus
3496 2532 3640 2602 Aga-

2061 2626 2212 2682 reuis
2235 2625 2558 2681 Eustathius
2603 2627 2848 2696 Argyrns
2878 2632 3014 2689 erat,
3057 2626 3132 2678 ita
3187 2634 3243 2678 ut
3273 2625 3354 2678 vel
3390 2625 3510 2693 ejus
3538 2641 3638 2678 au-

2061 2718 2235 2773 ditum
2273 2731 2471 2771 nomen
2498 2726 2777 2787 terrorem.
2804 2717 2911 2772 illis
2947 2732 3313 2786 pavoremque
3364 2717 3637 2786 injiceret.

2068 2810 2337 2865 Samonas
2395 2821 2576 2863 autem
2639 2809 2907 2863 simulans
2967 2825 3026 2865 se
3082 2809 3147 2862 ad
3237 2808 3637 2864 monaSterium

389 2894 534 2958 θεῖν,
587 2897 648 2949 ἐν
679 2897 757 2967 τῷ
803 2899 1065 2970 Δαματρὺ
1116 2899 1301 2966 οὖσαν,
1344 2905 1490 2974 φυγῇ
1542 2903 1814 2973 ἐχρήσατο
1848 2906 1964 2974 ἅμα

2067 2917 2247 2967 suum,
2279 2902 2366 2955 cui
2399 2917 2601 2955 nomen
2635 2899 2815 2968 Spira,
2841 2901 2907 2955 ad
2941 2899 3252 2971 Damatrym
3280 2903 3444 2954 situm
3465 2901 3640 2964 exire.

387 2987 636 3056 χρήμασι
669 2990 763 3040 καὶ
789 2989 978 3053 ἵπποις
1011 2989 1179 3043 αὑτοῦ
1202 3032 1216 3054 ,
1263 2993 1388 3054 τοὺς
1420 2993 1711 3062 δημοσίους
1762 2994 1960 3057 ἵππους

384 3081 513 3140 τοὺς
557 3081 618 3131 ὲν
648 3081 856 3150 ἑκάστῃ
891 3081 1099 3153 ἀλλαγῇ
1149 3083 1565 3151 ἀγκυλοκοπῶν.
1615 3085 1960 3137 Ἀποστέλλει

386 3164 482 3220 οὖν
501 3171 528 3220 ὁ
556 3167 810 3236 βασιλεὺς
841 3170 1064 3224 ὄπισθεν
1089 3171 1253 3224 αὑτοῦ
1278 3171 1466 3237 διῶξαι
1488 3171 1650 3227 αὑτὸν
1682 3173 1964 3227 Βασίλειον

387 3259 776 3330 ἑταιρειάρχην
807 3264 898 3315 τὸν
931 3263 1258 3332 Καματερὸν
1300 3265 1394 3318 καὶ
1421 3265 1512 3318 τὸν
1563 3267 1844 3336 Κρηνίτην
1874 3267 1965 3319 τδν

388 3351 686 3422 ΐεώργιον.
743 3353 896 3407 Ἐπεὶ
939 3354 996 3408 δὲ
1036 3355 1127 3408 τὸν
1157 3356 1324 3410 ’Ἅλυν
1358 3359 1386 3411 6
1425 3359 1690 3428 Σαμωνᾶς
1740 3358 1967 3429 ἔμελλεν

393 3446 593 3514 περᾷν,
623 3445 923 3498 κατέλαϐεν
957 3447 1119 3500 αὐτὸν
1157 3450 1185 3502 ὁ
1211 3448 1258 3501 Ν
1267 3450 1524 3521 ικηφόρος
1549 3451 1910 3523 δρουγγὰριος
1939 3453 1969 3505 6

392 3539 690 3605 Καλλωνᾶς
719 3541 814 3595 καὶ
863 3542 1148 3615 κατέσχεν.
1196 3542 1254 3595 Ὀ
1291 3544 1348 3596 δὲ
1381 3544 1555 3597 πολλὰ
1585 3544 1826 3599 ἱκέτευεν
1875 3546 1970 3599 καὶ

390 3632 708 3702 ὑπισχνεῖτο
734 3633 956 3687 διδόναι.
998 3636 1082 3698 Ὠς
1103 3635 1160 3688 δὲ
1189 3636 1291 3688 οὐκ
1318 3634 1556 3698 ἔπειθεν,
1586 3638 1666 3699 εἰς
1688 3636 1779 3691 τὸν
1809 3638 1866 3690 ὲν
1892 3635 1969 3709 τῷ

391 3724 588 3793 Σιριχᾷ
620 3725 958 3794 καταφεύγει
984 3726 1241 3798 σταυρὸν,
1271 3727 1439 3797 εὐχῆς
1465 3727 1630 3797 δῆθεν
1655 3729 1816 3799 χάριν
1847 3727 1972 3800 ἐλη-

391 3815 614 3868 λυθέναι
666 3819 1164 3888 προφασισάμενος.
1228 3820 1567 3874 Καταλαόὼν
1614 3818 1709 3875 οὖν
1741 3823 1772 3876 6
1817 3823 1970 3876 Κωνο

393 3911 674 3972 σταντῖνος
699 3912 728 3963 6
757 3909 849 3965 τοῦ
895 3911 1235 3980 Ἀνδρονίκου
1274 3915 1301 3964 6
1329 3915 1528 3977 Δουκὸς
1561 3915 1676 3978 υἱὸς
1710 3916 1804 3968 καὶ
1847 3914 1971 3967 τοῦ-

390 4015 487 4052 τον
525 3996 811 4051 ἀναλαϐὼν
840 4001 897 4052 ὲν
937 4003 1001 4070 τῇ
1042 4001 1192 4056 πόλει
1225 4001 1586 4073 ὑπέστρεψεν.
1635 4004 1974 4074 Προσέταξεν

391 4091 452 4143 δὲ
494 4093 524 4144 ὁ
553 4090 805 4160 βασιλεὺς
831 4093 994 4146 αὐτὸν
1040 4094 1138 4162 μὲν
1173 4096 1230 4147 ὲν
1264 4097 1331 4166 τῇ
1358 4095 1454 4148 τοῦ
1486 4097 1761 4167 Καίσαρος
1797 4097 1976 4167 Βάρδα

395 4181 544 4251 οἰκία
583 4181 971 4250 φυλάττεσθαι.
1019 4182 1335 4253 Ἠρὼτησεν
1382 4185 1438 4238 δὲ
1484 4187 1892 4239 Κωνσταντῖνον
1926 4187 1975 4240 ει

2069 2996 2250 3065 fugam
2283 2994 2548 3063 arripuit,
2592 2994 2892 3062 cxportatis
2927 3007 3111 3047 secum
3149 2993 3396 3062 pecuniis
3449 2995 3637 3062 equis-

2068 3103 2176 3157 que
2209 3087 2323 3141 suis
2343 3086 2607 3147 advertis,
2642 3100 2837 3139 cursus
2885 3084 3090 3154 publici
3125 3083 3282 3152 equis
3319 3097 3417 3152 per
3453 3084 3646 3157 singu-

2069 3180 2155 3235 las
2175 3180 2443 3235 stationes
2476 3177 2743 3247 poplitqu
2778 3177 2960 3232 nervis
2984 3176 3233 3232 succisis.
3270 3175 3433 3231 Mittit
3462 3178 3645 3247 itaque

2072 3269 2202 3332 Leo,
2244 3268 2338 3338 qui
2395 3284 2520 3323 eum
2572 3268 2954 3335 insequantur,
2994 3267 3254 3323 Basilium
3293 3267 3642 3324 Camaterem

2074 3357 2485 3415 hctmriareham
2539 3365 2596 3411 et
2646 3356 2941 3427 Georgium
2990 3356 3293 3412 Crenitam.
3347 3357 3643 3411 Samonam

2075 3464 2239 3520 porro
2282 3447 2470 3518 Halym
2504 3445 2730 3502 ﬂuvium
2770 3447 3021 3517 trajicere
3053 3455 3334 3515 parantem
3366 3443 3644 3516 Nicepho-

2075 3555 2172 3593 rns
2211 3539 2541 3607 drnugarius
2581 3538 2836 3593 Callonas
2881 3537 3302 3608 comprehendit
3339 3539 3642 3607 tenuitque.

2077 3629 2322 3700 negabat
2367 3631 2454 3684 ille
2494 3629 2654 3684 etiam
2693 3638 2863 3697 atque
2891 3630 3056 3684 etiam
3081 3628 3301 3695 dimitti,
3337 3628 3498 3698 inque
3524 3642 3646 3684 eam

2083 3740 2195 3779 rem
2227 3739 2450 3777 munera
2487 3723 2857 3789 prmuittebat.
2897 3719 2996 3776 Ubi
3027 3729 3209 3776 autem
3250 3737 3356 3778 non
3409 3720 3641 3788 obtinet,

2079 3820 2144 3874 ad
2181 3832 2400 3873 crucem
2419 3816 2767 3872 Sirichanam
2787 3815 3049 3886 confugit,
3069 3816 3226 3886 quasi
3252 3815 3361 3872 voti
3386 3830 3552 3872 causa
3584 3831 3644 3871 se

2079 3911 2294 3965 venisse
2325 3920 2650 3980 praetexens.
2687 3908 2886 3962 Verunt
2917 3907 3320 3964 Constantinus
3349 3907 3645 3963 Andronici

2082 4003 2246 4058 Ducis
2297 4004 2439 4058 tilius
2495 4002 2946 4070 comprehensum
3006 4016 3128 4056 eum
3157 4015 3343 4058 secum
3367 4000 3421 4055 in
3458 4000 3650 4055 urbem

2084 4099 2318 4153 reduxit.
2372 4095 2482 4151 Leo
2538 4096 2591 4148 iu
2624 4095 2814 4150 Bardze
2841 4094 3076 4150 Caesaris
3102 4095 3278 4167 domo.
3303 4109 3425 4149 eum
3473 4108 3657 4150 asser-

2085 4193 2197 4245 vari
2223 4191 2422 4260 jussit;
2457 4190 2758 4259 qnzeritque
2797 4203 2858 4244 ex
2899 4188 3260 4244 Constantino
3292 4203 3423 4244 num
3452 4188 3499 4242 is
3528 4201 3654 4242 vere

395 4277 619 4347 ἀληθῶς
669 4278 729 4329 ἐν
773 4278 944 4350 Συρίᾳ
989 4279 1208 4347 φεύγων
1254 4278 1592 4350 ἐτύγχανενο
1629 4281 1725 4333 καὶ
1785 4279 1964 4351 μαθὼν

2081 4287 2134 4340 in
2191 4285 2402 4357 Syriam
2460 4282 2686 4354 fugeret.
2727 4281 2827 4338 Ubi
2877 4290 3060 4336 autem
3091 4281 3171 4336 sic
3203 4295 3266 4337 se
3293 4295 3406 4335 rem
3449 4280 3655 4336 habere

403 4371 559 4424 τοῦτο
612 4370 814 4442 ἀληθὲς
858 4367 1030 4437 εἶναι,
1080 4373 1421 4445 παρήγγειλε
1454 4373 1849 4444 Κωνσταντίνῳ
1901 4374 1976 4447 μὴ

402 4463 563 4518 τοῦτο
592 4465 770 4518 εἰπεῖν
816 4465 1048 4519 ἐνώπιον
1097 4467 1198 4536 τῆς
1246 4465 1550 4538 συγκλήτου
1595 4468 1976 4539 ἐρωτωμένῳ,

403 4557 520 4612 ἀλλ’
581 4559 665 4611 ὅτι
708 4557 766 4609 ἑν
804 4556 883 4628 τῷ
946 4558 1139 4629 Σιριχᾷ
1183 4559 1346 4628 χάριν
1393 4559 1558 4628 εὐχῆς
1610 4560 1976 4630 παρεγένετοο

407 4649 493 4722 [Ρ.
528 4647 662 4721 228]
711 4647 871 4719 ῆθελε
913 4649 1022 4720 γὰρ
1071 4651 1099 4703 6
1133 4648 1385 4718 βασιλεὺς
1418 4649 1746 4722 συγγνώμης
1797 4653 1981 4722 τυχεῖν

404 4742 499 4796 τὸν
529 4741 820 4811 Σαμωνᾶν.
853 4741 963 4795 Καὶ
999 4741 1515 4813 προσκαλεσάμενος
1549 4741 1647 4814 τὴν
1681 4742 1983 4812 σύγκλητον

409 4835 504 4887 καὶ
529 4836 608 4897 εἰς
633 4832 698 4887 τδ
716 4833 882 4903 μέσον
903 4832 1242 4904 παραγαγὼν
1264 4833 1356 4885 τὸν
1381 4833 1790 4887 Κωνσταντῖνον
1811 4833 1982 4899 οὕτως

408 4923 694 4995 ἠρώτησεν
712 4940 726 4954 ο
753 4923 912 4992 Πρὸς
935 4923 1043 4979 τοῦ
1072 4923 1221 4979 Θεοῦ
1246 4923 1348 4979 καὶ
1371 4922 1479 4993 τῆς
1505 4922 1656 4994 ἐμῆς
1686 4923 1981 4994 κεφαλῆς,

409 5016 666 5086 ἔφευγεν
707 5014 777 5069 ἑν
819 5017 1006 5084 Συρίᾳ
1041 5018 1076 5070 ὀ
1108 5014 1430 5084 Σαμωνᾶς;
1467 5015 1567 5070 καὶ
1607 5015 1645 5083 ἣ
1681 5016 1791 5082 οὓς
1840 5015 1897 5068 '0
1926 5015 1984 5071 δὲ

410 5111 539 5173 τοὺς
563 5111 761 5180 ὅρκους
796 5107 1117 5178 εὐλαϐηθεὶς
1147 5103 1324 5180 (εἶπεν
1345 5108 1456 5179 γὰρ
1491 5106 1759 5179 πρότερον
1786 5105 1863 5179 μὴ
1887 5109 1983 5179 ὀρ-

413 5200 736 5270 κιςὸμενος,
785 5198 904 5252 ἀλλ’
933 5197 1106 5261 οὕτως
1141 5197 1327 5261 ἀπλῶς
1376 5197 1761 5269 ὺρωτώμενος,
1799 5198 1875 5269 μὴ
1922 5198 1986 5252 τὸ

415 5295 473 5348 ἰν
525 5294 798 5360 ἐξειπεῖν)
843 5291 1164 5363 ὡμολόγησε
1217 5292 1437 5346 πάντων
1493 5290 1720 5345 ἐνώπιον
1768 5290 1849 5344 ὅτι
1904 5291 1986 5355 εἰς

417 5386 616 5458 Συρίαν
643 5386 890 5454 ἔφευγεν.
921 5385 1055 5440 Μετ’
1083 5386 1253 5458 ὀργῆς
1289 5385 1346 5440 δὲ
1383 5384 1571 5440 τοῦτον
1597 5384 1689 5440 τοῦ
1719 5382 1982 5454 βασιλέως

2086 4393 2210 4432 vere
2279 4374 2563 4444 comperit,
2625 4374 2780 4442 jubet
2805 4372 3171 4428 Constantino
3203 4371 3281 4427 uti
3323 4371 3440 4428 haec
3468 4387 3652 4429 coram

2085 4477 2279 4524 senatu
2305 4467 2615 4522 dissimulet
2640 4474 2696 4520 et
2742 4480 2866 4521 eum
2901 4463 3177 4520 Siricham
3221 4465 3332 4520 voti
3362 4480 3530 4521 causa
3564 4466 3650 4521 di-

2085 4571 2174 4618 cat
2201 4560 2504 4632 profectum
2526 4574 2665 4616 esse.
2714 4557 2938 4614 Volebat
2984 4556 3130 4613 enim
3171 4556 3470 4628 imperator
3491 4557 3656 4628 quid-

2085 4653 2214 4725 quid
2270 4665 2427 4708 noxae
2491 4659 2612 4707 erat
2675 4649 2928 4707 Samonat
2976 4647 3273 4721 indulgeri.
3335 4649 3655 4705 Convocatn

2087 4743 2272 4813 itaque
2331 4749 2548 4805 senatu,
2598 4750 2654 4798 et
2680 4740 3049 4799 Constantino
3096 4740 3152 4796 in
3214 4740 3456 4796 medium
3495 4741 3661 4814 370

2085 4833 2356 4896 adducto,
2429 4833 2483 4887 in
2556 4833 2702 4889 hunc
2771 4831 2995 4889 modum
3085 4841 3444 4902 percontatus
3505 4843 3588 4890 est
3643 4852 3656 4888 :

2087 4923 2196 4980 Per
2244 4925 2414 4980 Deum
2477 4934 2528 4980 et
2590 4934 2747 4995 caput
2780 4940 2973 4989 meum,
3021 4924 3256 4995 fugiebat
3293 4925 3557 4982 Samonas
3606 4927 3663 4980 in

2089 5013 2329 5086 Syriam,
2366 5015 2567 5071 necne?
2620 5013 3021 5071 Constantinus
3066 5013 3431 5084 jnrisjurandi
3483 5027 3662 5071 metas

2088 5109 2353 5179 religione
2420 5107 2596 5178 (prius
2647 5107 2794 5164 enim
2883 5105 3035 5162 nulla
3117 5108 3492 5177 adjuratione,
3564 5109 3658 5162 sed

2089 5199 2414 5271 simpliciter
2435 5201 2828 5270 interrogatus,
2867 5216 2926 5255 se
2957 5216 3060 5255 non
3091 5201 3467 5269 evulgaturum
3500 5201 3652 5272 polli-

2087 5291 2229 5349 citus
2269 5293 2405 5362 ενοι)
2450 5293 2500 5346 in
2533 5295 2777 5348 omnium
2815 5306 3080 5348 consessu
3124 5291 3415 5346 Samonam
3453 5294 3501 5343 in
3557 5290 3659 5361 Sy-

2086 5385 2221 5440 riam
2270 5385 2450 5456 iugam
2483 5387 2783 5455 arripuisse
2823 5387 3128 5455 proﬁtetur.
3154 5384 3322 5451 Quam
3347 5385 3533 5440 obrem
3568 5383 3661 5441 illo

1677 5477 1908 5532 VARUF.
1959 5477 2349 5533 LECTIONES.

499 5571 538 5608 "
562 5576 661 5645 leg.
697 5573 949 5643 γενέσθαι
985 5573 1232 5631 Combef.
