4066 6040
425 117 526 183 391

1518 104 2028 170 TIlEOPIlANES
2065 102 2628 167 CONTINUATUS.

3589 96 3698 160 392

426 228 710 300 drungarii
740 238 967 280 munere
999 232 1267 288 amotum,
1298 223 1520 276 domum
1557 234 1711 276 suam
1748 220 1814 273 ad
1839 218 2009 272 Char—

2145 216 2251 287 ·λης
2280 214 2350 270 δι’
2381 217 2638 271 ὑπόνοιαν
2662 231 2804 273 τινα.
2843 213 2938 269 καὶ
2968 210 3159 268 τοῦτον
3189 213 3267 277 εἰς
3294 208 3385 266 τὸν
3420 205 3568 265 οἷκον
3600 212 3698 265 αύ-

428 327 646 379 sianum
691 318 924 375 remisit.
968 317 1023 371 In
1054 317 1139 371 via
1173 322 1353 370 autem
1385 315 1450 368 ait
1486 312 1655 377 Aran,
1695 320 1919 381 accepto
1946 307 2017 363 ab

432 432 546 472 uno
577 412 1005 470 domesticorum
1033 424 1265 471 veneno,
1284 407 1592 462 exstinctus
1617 413 1700 459 est
1728 446 1742 471 ,
1765 411 1928 473 atque
1960 400 2013 455 in

432 507 705 581 Spunino,
760 503 907 575 quod
956 502 1131 572 ipsius
1173 502 1319 555 Aran
1363 507 1547 553 vertex
1594 505 1700 561 est,
1752 494 2019 565 sepultus.

432 600 565 672 Ejus
615 598 814 655 deinde
859 610 1063 662 corpus
1116 593 1290 663 ipsius
1344 591 1500 646 liberi
1543 589 1711 644 l’otus
1764 602 1832 643 ac
1886 586 2018 654 Leo,

433 691 894 760 manglabitarum
942 686 1209 757 dignitate
1262 683 1566 755 fulgentes,
1623 680 1903 737 sublatum
1963 678 2022 733 in

435 788 586 840 avito
635 779 972 838 monasterio
1023 779 1080 833 S.
1127 778 1392 842 Elisabet,
1436 776 1584 845 quod
1641 773 1697 828 in
1732 770 2022 830 Charsiani

436 880 674 935 themate
694 884 780 931 est
810 883 866 929 et
890 889 922 929 a
955 870 1137 927 Leone
1165 871 1387 927 tribuno
1417 869 1637 922 illorum
1671 880 1778 922 avo
1802 872 2026 921 cxstru-

436 982 586 1028 ctum
633 977 775 1033 erat,
810 966 1124 1021 condidere.
1178 962 1277 1019 Hic
1312 963 1422 1019 Leo
1460 964 1795 1035 Argyrorum
1836 959 2027 1031 (velut

436 1062 835 1130 Argcuteornm
865 1055 1039 1126 dicas)
1075 1071 1274 1112 nomen
1306 1057 1358 1109 in
1394 1055 1661 1109 familiam
1693 1054 1907 1125 primus
1938 1054 2025 1107 in-

442 1153 584 1215 tulit,
621 1153 736 1205 sive
758 1150 829 1205 oh
856 1147 1106 1218 corporis
1138 1148 1432 1218 puritatem
1466 1161 1531 1201 ac
1557 1145 1893 1209 castitatem,
1913 1145 2029 1200 sive

440 1252 663 1314 promer
682 1241 864 1296 vultus
883 1242 1136 1295 decorem
1162 1252 1226 1292 ac
1247 1247 1578 1308 conspectus
1609 1236 2026 1307 ingenuitatem,

442 1341 559 1391 sive
601 1344 826 1405 promer
865 1333 1031 1387 alium
1080 1331 1373 1402 quemdam
1407 1331 1530 1402 cjus
1564 1331 1784 1402 generis
1829 1330 2031 1386 indolis

443 1445 507 1484 ar.
534 1426 875 1483 fortitudinis
907 1425 1151 1480 modum.
1178 1424 1459 1495 Ejusmodi
1488 1424 1636 1479 enim
1668 1424 1754 1478 vir
1784 1422 1876 1479 ille
1906 1421 2030 1491 fuit,

448 1531 508 1574 ut
540 1517 802 1574 .‘lfichaele
851 1517 1184 1587 imperatore
1213 1532 1375 1573 nemo
1408 1517 1737 1573 bellatorum
1770 1519 1892 1589 ejus
1918 1518 2028 1573 vir-

447 1622 618 1666 tutcm
646 1610 966 1680 aequaverit.
995 1610 1066 1662 ita
1090 1624 1224 1664 sane
1254 1618 1311 1662 ut
1339 1609 1540 1679 sepius
1572 1624 1699 1666 cum
1718 1609 2032 1665 vernaculis

450 1705 571 1759 suis
608 1711 864 1758 conserta
906 1717 1032 1757 cum
1064 1699 1331 1770 Agarenis
1360 1700 1834 1773 Tephricensibus
1867 1716 2033 1756 manu

448 1812 547 1849 cos
583 1794 785 1850 fuderit
817 1809 881 1849 ac
913 1792 1243 1865 proﬂigarit,
1279 1794 1567 1865 ipsamque
1607 1795 1732 1864 ejus
1790 1794 2034 1851 nominis

453 1887 787 1941 mentionem
813 1886 888 1939 illi
920 1893 1184 1955 parerent
1214 1900 1279 1942 ac
1307 1886 1750 1942 extimescerent.

523 1980 612 2033 28.
641 1980 822 2049 Captii
838 1993 902 2035 os
925 1977 1298 2034 commutandi
1326 1991 1491 2033 causa
1515 1993 1548 2032 α
1570 1977 1746 2034 Tarso
1772 1985 2040 2034 venerunt

455 2088 582 2127 eum
616 2074 915 2128 Abelliaces
945 2072 1036 2127 ille
1072 2080 1186 2126 tum
1233 2071 1488 2128 Samona:
1514 2082 1689 2141 pater.
1727 2071 1838 2129 llos
1868 2073 2037 2143 impe-

459 2174 605 2217 rator
652 2164 889 2232 excepit,
939 2162 1344 2232 praemagniﬁce
1398 2172 1667 2218 exornata
1713 2159 2037 2233 Magnaura.

461 2257 567 2310 Sed
595 2263 649 2310 et
681 2254 933 2325 Magnam
968 2255 1257 2310 ecclesiam
1292 2254 1585 2326 magniﬁco
1624 2269 1853 2326 prorsus
1890 2255 2040 2311 cultu

459 2348 772 2411 decoravit,
801 2346 965 2419 375
1013 2356 1323 2418 cunctaque
1356 2349 1677 2404 veneranda
1703 2361 1839 2403 vasa
1863 2345 2040 2404 Sara;

457 2440 612 2496 cenis
643 2441 909 2506 ostendlt,
948 2440 1091 2495 haud
1116 2455 1249 2495 sane
1283 2439 1422 2496 satis
1459 2455 1491 2497 e
1519 2438 1833 2497 Christiana
1874 2441 2046 2497 disci-

461 2534 633 2602 plina,
674 2543 734 2587 ut
765 2532 933 2586 divini
982 2533 1273 2589 ministerii
1322 2548 1454 2588 vasa
1496 2531 1722 2589 nefariis
1755 2532 2049 2604 impiisque

466 2625 780 2679 hominibus
812 2641 875 2680 ac
906 2625 1229 2696 alienigenis
1260 2624 1483 2682 visenda
1506 2635 1827 2696 exponeret.
1866 2622 2051 2683 Voluit

467 2718 721 2773 Samonzc
754 2729 907 2788 pater
930 2734 1055 2773 cum
1088 2718 1200 2774 filio
1228 2733 1450 2775 manere
1480 2738 1492 2773 :
1526 2720 1622 2775 sed
1657 2718 1748 2775 ille
1774 2734 1885 2774 non
1922 2734 2050 2789 pas-

465 2825 563 2865 sus
600 2820 705 2875 est,
748 2812 1031 2881 magisque
1061 2812 1384 2867 hortabatur
1407 2821 1464 2867 ut
1493 2812 1717 2867 domum
1761 2812 1963 2867 rediret
1986 2825 2052 2866 ac

2119 312 2214 366 τού
2248 310 2569 365 ἀπέστειλεν
2599 311 2677 374 είς
2733 310 2792 364 τὸ
2838 307 3158 382 Χαρσιανόν.
3203 306 3341 362 Καθ’
3393 304 3515 361 ὁδοῦ
3562 305 3607 337 ⁸¹
3643 304 3702 357 δὲ

2122 402 2201 465 είς
2235 401 2296 455 τδ
2327 403 2397 456 ’Δ
2407 419 2507 474 ραν
2529 402 2821 471 φάρμακον
2840 400 2992 471 παρά
3016 399 3305 471 ἀνθρώπου
3333 398 3498 453 αὐτοῦ
3520 396 3704 452 λαδὼν

2120 492 2403 564 τέθνηκεν,
2432 492 2526 546 καὶ
2556 492 2826 547 θάπτεται
2853 494 2932 555 είς
2971 490 3034 544 τδ
3066 490 3269 545 Σπυνὶν
3298 490 3397 544 τοῦ
3431 492 3574 560 Ἀρα
3602 488 3706 558 τὴν

2124 588 2392 659 κορυφήν.
2438 586 2553 641 Εἶθ’
2577 583 2722 640 οὕτω
2753 585 2802 638 ot
2839 583 2946 638 υίοὶ
2996 582 3167 639 αὑτοῦ
3211 582 3386 647 Πόθος
3409 582 3506 637 καὶ
3532 580 3704 644 Λέων,

2122 679 2174 733 oi
2205 680 2274 751 τῇ
2311 677 2407 732 τοῦ
2456 676 2834 749 μαγγλασίτου
2874 676 3003 747 ἀξίᾳ
3048 676 3425 747 τετιμημένοι,
3473 674 3708 747 ἀραντες

2125 773 2291 836 αύτδν
2310 771 2608 828 θάπτουσιν
2636 769 2801 826 αὐτὸν
2836 770 2918 836 είς
2947 768 3009 824 τὸ
3036 768 3256 838 γονικδν
3297 767 3484 821 αὐτῶν
3531 783 3709 837 μονα⁸

2128 865 2353 936 στήριον
2375 864 2436 917 τὸ
2460 861 2522 919 δν
2548 863 2628 927 είς
2662 863 2725 917 τὸ
2764 862 2907 933 θέμα
2936 859 3031 916 τοῦ
3060 859 3373 932 Καρδιανοῦ
3405 862 3506 932 τῆς
3544 858 3711 926 ἀγίας

2139 954 2443 1022 Ἐλιζάσιτ,
2477 955 2541 1011 τδ
2566 954 2868 1028 ἀνιτρωθὲν
2906 953 3063 1024 παρά
3095 952 3324 1016 Λέοντος
3355 950 3711 1021 τουρμάρχου

2127 1047 2225 1105 τοῦ
2262 1050 2491 1104 πάππου
2542 1047 2722 1102 αὐτῶν
2746 1064 2761 1079 ·
2793 1045 2879 1120 [Ρ.
2905 1045 3039 1118 εει]
3080 1044 3140 1108 δς
3182 1044 3277 1099 καὶ
3300 1045 3362 1097 τὸ
3386 1043 3561 1113 ὄνομα
3599 1044 3714 1095 τῶν

2141 1142 2429 1215 ’Δργυρῶν
2467 1140 2712 1212 εἷληφεν,
2749 1138 2863 1194 εῐτι
2907 1138 2999 1194 3ιά
3023 1142 3085 1192 τὸ
3124 1136 3367 1208 καθαρὸν
3399 1135 3497 1191 καὶ
3548 1132 3715 1203 ἁγνὸν

2129 1234 2225 1290 τοῦ
2264 1233 2537 1307 σώματος,
2569 1234 2681 1287 είτε
2725 1231 2814 1286 διά
2844 1232 2908 1289 τδ
2957 1231 3153 1295 κάλλος
3181 1230 3278 1286 καὶ
3325 1230 3572 1298 γενναῖον
3614 1226 3715 1298 τῆς

2131 1326 2328 1398 ὅψεως,
2361 1326 2474 1379 ιίτε
2511 1323 2600 1380 διά
2624 1342 2747 1380 τινα
2776 1324 2979 1397 τρόπιν
3002 1326 3105 1398 τῆς
3145 1324 3341 1393 γενεᾶς
3369 1321 3463 1375 καὶ
3491 1322 3717 1389 ἀνδρίας

2136 1418 2304 1475 αὑτοῦ
2330 1434 2347 1450 ⁸
2383 1419 2481 1473 καὶ
2508 1418 2619 1489 γὰρ
2658 1415 2901 1482 τοιοῦτος
2926 1410 2997 1488 ἦν
3024 1417 3055 1470 ὁ
3074 1415 3217 1489 ἀνὴρ
3239 1410 3352 1479 οἷος
3381 1414 3572 1483 ἔτερος
3620 1410 3719 1466 ἐπὶ

2136 1511 2360 1585 Μιχαὴλ
2410 1510 2675 1583 βασιλέως
2711 1512 2809 1582 ούχ
2835 1508 3035 1581 εὑρέθη
3075 1505 3438 1580 στρατιώτης,
3467 1505 3545 1568 ὡς
3587 1504 3718 1557 πολι

2137 1604 2295 1672 λὰκις
2324 1603 2439 1669 τοῖς
2479 1601 2802 1675 Ἀγαρηνοῐς
2826 1599 2929 1672 τῆς
2956 1599 3238 1671 Τσφρικῆς
3274 1595 3415 1669 μιτά
3454 1594 3583 1660 τοὺς
3624 1594 3721 1647 ἀν-

2144 1696 2400 1769 θρώπους
2429 1694 2597 1750 αὐτοῦ
2624 1693 2958 1766 μιγνύμενον
2994 1691 3077 1758 τίς
3100 1689 3315 1765 τροπὴν
3360 1690 3457 1746 καὶ
3488 1686 3721 1761 φροῦδον

2134 1790 2233 1846 καὶ
2264 1789 2544 1846 ἀπώλειαν
2570 1786 2857 1862 παρέχειν,
2894 1784 2992 1841 καὶ
3025 1784 3091 1841 τδ
3121 1783 3297 1857 δνομα
3338 1782 3508 1838 αὑτοῦ
3545 1797 3725 1852 φημι-

2138 1885 2366 1958 ζόμενον
2394 1881 2808 1955 καταπτήσσειν
2836 1879 2933 1937 καὶ
2958 1879 3208 1952 τρέμειν.

2210 1978 2322 2050 κη’.
2362 1976 2649 2048 Ἀλλαγίου
2671 1976 2728 2032 δὲ
2755 1976 2946 2030 ἕνεκεν
2972 1974 3084 2030 ἀπὺ
3107 1971 3327 2046 Ταρσοῦ
3360 1967 3583 2044 ἐξῆλθεν
3608 1968 3637 2024 ὅ
3665 1982 3726 2022 τι

2153 2070 2493 2142 Ἀὃελὸἀκης
2532 2072 2741 2135 ἐκεῖνος
2796 2069 2894 2123 καὶ
2913 2068 2943 2122 ὁ
2969 2067 3067 2123 τοῦ
3091 2067 3329 2139 Σαμωνᾶ
3377 2064 3564 2135 πατὴρ
3589 2076 3605 2095 ’
3633 2063 3727 2116 καὶ

2141 2166 2365 2229 τούτους
2422 2164 2453 2217 ὀ
2507 2163 2763 2235 βασιλεὺς
2812 2162 3032 2231 ἐδέξατο
3064 2202 3079 2227 ,
3134 2160 3331 2231 κόσμῳ
3400 2156 3585 2227 πολλῷ
3626 2157 3727 2224 τὴν

2143 2255 2485 2329 Μαγναῦραν
2517 2255 2968 2326 κατακοσμήσας.
3011 2250 3423 2306 Ἐκαλλὼπισεν
3441 2247 3499 2301 δὲ
3517 2248 3611 2301 καὶ
3629 2246 3730 2315 τὴν

2146 2350 2410 2423 Μεγάλην
2425 2348 2757 2419 Ἐκκλησίαν
2784 2345 3087 2413 παντελῶς,
3103 2344 3199 2399 καὶ
3224 2339 3501 2407 ὑπέδειξεν
3515 2342 3730 2396 ἅπαντα

2144 2440 2215 2496 τὰ
2242 2440 2400 2512 τίμια
2433 2440 2603 2510 σκεύη
2639 2442 2752 2505 τοῖς
2795 2440 3121 2511 ’Δγαρηνοϊς
3159 2453 3173 2468 ·
3205 2436 3344 2508 ὅπερ
3386 2433 3608 2499 ἀνάξιον
3660 2429 3728 2503 ἦν

2154 2530 2555 2603 Χριστιανικῆς
2577 2528 2990 2593 καταστάσεως,
3020 2523 3303 2597 ἀθεμίτοις
3334 2522 3429 2576 καὶ
3446 2520 3733 2576 ἀλλοεθνέ-

2153 2640 2238 2676 σιν
2265 2622 2330 2677 τὰ
2358 2622 2457 2691 τῆς
2488 2620 2582 2676 τοῦ
2612 2619 2751 2675 Θεοῦ
2772 2618 3117 2689 λειτουργίας
3147 2613 3317 2685 σκεύη
3369 2611 3733 2667 καταθέσθαι.

2163 2713 2223 2768 '0
2251 2712 2311 2767 δὲ
2338 2711 2435 2767 τοῦ
2458 2711 2695 2783 Σαμωνᾶ
2733 2709 2918 2783 πατὴρ
2932 2708 3200 2780 ἠθέλησεν
3222 2707 3467 2761 συνεῖναι
3492 2703 3572 2773 τῷ
3596 2701 3700 2771 υἱῷ
3721 2719 3735 2732 ο

2154 2807 2184 2860 δ
2211 2805 2269 2861 δὲ
2290 2803 2352 2858 οὐ
2370 2803 2699 2869 κατεδέξατο
2722 2791 3056 2869 τοῦτο,’ἀλλά
3074 2799 3279 2871 μᾶλλον
3304 2796 3536 2869 παρῄνει
3571 2813 3590 2847 ε
3604 2798 3649 2857 ἰς
3669 2794 3741 2848 τὰ

467 2918 621 2958 suam
654 2904 812 2959 fidem
843 2912 1091 2959 teneret:
1132 2918 1192 2959 se
1219 2918 1461 2974 quoque,
1490 2919 1617 2960 cum
1654 2904 1892 2975 primum
1924 2904 2039 2961 lice-

2155 2901 2331 2956 οἰκεῖα
2363 2898 2729 2971 ὑποστρέφειν
2777 2898 2875 2953 καὶ
2922 2896 3022 2969 τῆς
3076 2895 3214 2957 ἰδίας
3262 2892 3584 2963 ἀντέχεσθαι
3642 2889 3737 2941 πίε

469 3004 575 3058 ret,
601 2995 669 3050 ad
702 2996 881 3066 ipsum
911 3010 1257 3052 reversurum
1280 3003 1647 3065 exspectaret.

540 3174 632 3230 29.
669 3172 837 3231 Sacro
864 3174 1223 3233 Pentecostes
1266 3177 1358 3233 die
1388 3175 1500 3232 Leo
1534 3176 1837 3249 imperator
1882 3176 2055 3234 lilium

473 3264 894 3324 Constantinum
918 3267 1194 3341 Euthymii
1223 3270 1545 3340 patriarcha:
1566 3287 1734 3343 opera
1751 3275 2059 3343 Augustum

473 3370 718 3415 coronat.
768 3361 1037 3417 Samonas
1071 3378 1202 3418 vero
1235 3363 1656 3420 Constantinum
1696 3364 2061 3421 domesticum

474 3465 664 3512 suum.
692 3454 785 3522 qui
838 3453 991 3522 prius
1036 3453 1239 3510 Basilio
1271 3455 1536 3525 magistro
1563 3472 1629 3512 ac
1656 3456 1888 3513 caniclei
1925 3473 2062 3528 prte—

479 3544 620 3601 fecto
660 3545 717 3601 in
755 3546 1060 3602 ministerio
1090 3548 1301 3615 fuerat,
1333 3550 1599 3620 Augusta:
1627 3550 1795 3606 tradit
1818 3552 1870 3605 in
1904 3551 2063 3606 obsc-

477 3636 691 3709 qnium.
759 3636 855 3695 Sic
898 3654 1031 3695 vero
1084 3638 1174 3695 ille
1232 3655 1359 3696 cum
1412 3639 1652 3697 Leonem
1710 3651 1823 3698 tum
1886 3642 2062 3712 ipsam

481 3731 781 3797 Augustam
821 3728 1111 3791 demeruit,
1140 3740 1198 3784 ut
1227 3738 1283 3785 et
1315 3730 1588 3787 Samonas
1614 3732 1785 3788 livore
1807 3734 2065 3790 incensus

482 3819 800 3875 secretioris
832 3834 958 3875 cum
998 3820 1241 3892 Augusta
1270 3822 1347 3878 rei
1378 3837 1500 3879 eum
1538 3822 1819 3880 detulerit.
1866 3826 2067 3896 Sicque

481 3928 541 3967 re
580 3913 698 3983 ipsa
748 3917 1061 3984 suspicatus
1112 3914 1223 3969 Leo
1268 3916 1324 3971 in
1368 3916 1426 3970 S.
1469 3918 1684 3973 Tarasii
1734 3921 2068 3974 monasterio

2162 3011 2353 3058 στεως.
2386 3012 2407 3047 ι
2435 2992 2611 3063 Κάγὼ
2634 2991 2713 3060 δὲ,
2741 2992 2929 3064 φησὶν,
2957 2990 3116 3061 εἴπερ
3135 2984 3372 3060 δυνηθῶ,
3394 2983 3577 3057 τάχιον
3600 2982 3741 3055 πρὸς

2162 3088 2223 3143 σὲ
2249 3084 2703 3157 ὲπανελεύσομαι.
2737 3103 2756 3136 ι

2234 3177 2338 3234 κθ’.
2377 3176 2459 3250 Τῇ
2486 3178 2543 3232 δδ
2566 3178 2668 3249 τῆς
2703 3174 3087 3248 Πεντηκοστῆς
3117 3175 3303 3247 ἡμέρᾳ
3330 3174 3516 3246 στέφει
3537 3174 3566 3229 ὁ
3589 3171 3745 3227 Λέων

2163 3273 2194 3325 δ
2222 3271 2475 3345 βασιλεὺς
2501 3270 2595 3325 τὸν
2623 3269 2741 3324 υίδν
2777 3267 2945 3324 αὑτοῦ
3000 3269 3413 3324 Κωνστανττνον
3457 3267 3544 3321 διὰ
3575 3267 3750 3320 Εὐθυ-

2170 3365 2294 3435 μίου
2354 3365 2715 3436 πατριάρχου.
2780 3364 2840 3418 '0
2894 3363 2952 3417 δὲ
2997 3362 3281 3435 ,Σαμωνᾶς
3332 3363 3747 3418 Κωνσταντῖνιιν

2167 3457 2452 3527 ἄνθρωπον
2491 3455 2681 3520 αὐτοῦ,
2706 3456 2798 3510 τὸν
2846 3456 3113 3529 πρότερον
3160 3454 3424 3525 Βασιλείῳ
3461 3456 3750 3527 μαγῑστρῳ

2170 3547 2268 3604 καὶ
2310 3548 2603 3619 κανικλείῳ
2645 3548 3033 3617 δουλεύσαντα,
3065 3554 3134 3622 τῇ
3167 3551 3454 3621 Δύγούστῃ
3489 3549 3751 3604 ἐπιδέδω-

2173 3660 2268 3696 κεν
2297 3644 2433 3714 πρὸς
2456 3645 2518 3697 τὸ
2538 3644 2712 3717 ταύτῃ
2746 3643 3140 3716 ὑπηρετεῖσθαι
3166 3659 3180 3674 ·
3213 3643 3273 3708 ὃς
3302 3642 3559 3699 τοσοῦτον
3603 3646 3717 3715 ima

2173 3736 2323 3807 πὴθη
2352 3737 2503 3806 παρά
2532 3753 2592 3790 τε
2628 3736 2723 3791 τοῦ
2749 3737 2980 3801 Λέοντος
2994 3737 3089 3791 καὶ
3111 3736 3212 3807 τῆς
3235 3736 3554 3808 βασιλίσσης
3578 3737 3747 3810 αὐτῆ,

2174 3823 2315 3877 ὥστε
2356 3826 2449 3878 καὶ
2487 3826 2578 3878 τὸν
2608 3825 2877 3896 Σαμωνᾶν
2901 3824 3308 3895 διαφθονεῖσθαι
3339 3826 3504 3880 αὐτὸν
3531 3827 3623 3881 καὶ
3640 3826 3749 3880 λοι-

2174 3916 2450 3988 δορεῖσθαι
2479 3917 2668 3971 τοῦτον
2696 3918 2773 3983 ὡς
2814 3920 2883 3990 τῇ
2919 3917 3206 3989 Δύγούστῃ
3248 3919 3476 3973 συνόντα
3506 3935 3521 3950 ’
3557 3920 3691 3991 ὅπερ
3720 3920 3751 3974 6

485 4008 706 4063 mittens
736 4008 975 4063 tctondit
1004 4024 1019 4072 ;
1075 4008 1239 4079 idque
1272 4010 1409 4067 adeo
1443 4010 1738 4081 ipsummet
1769 4010 2039 4067 Samouan

2179 4010 2431 4078 βασιλεὺς
2479 4010 2677 4083 ἀληθὲς
2721 4007 3216 4084 ιῖναιύπονοήσας,
3263 4012 3596 4077 ἀποστείλας
3641 4015 3753 4066 ἁπ-

483 4101 952 4170 prazstarejussit.
984 4099 1141 4156 Brevi
1178 4114 1359 4159 autem
1401 4114 1545 4174 post,
1573 4118 1698 4158 cum
1742 4120 1868 4161 cum
1911 4106 2039 4159 velle

2178 4100 2390 4170 έκειρεν
2419 4100 2581 4154 αὐτὸν
2602 4102 2661 4154 έν
2675 4102 2741 4171 τῇ
2769 4100 2864 4155 τοῦ
2903 4101 3085 4171 Ἁγίου
3115 4104 3394 4175 Ταρασίου
3419 4108 3580 4176 μονῇ,
3605 4104 3759 4176 αύτῷ

485 4192 753 4261 recipere,
788 4191 1041 4245 Samonaa
1079 4190 1236 4261 jubet
1267 4201 1329 4246 ut
1366 4191 1419 4245 in
1464 4190 1749 4261 Spirarum
1794 4202 2039 4246 monaste

2178 4190 2257 4259 τῷ
2282 4190 2517 4260 Σαμωνᾷ
2536 4192 2834 4261 ἐπιτρέψας
2855 4192 3016 4247 τοῦτο
3046 4196 3294 4266 ποιῆσαι.
3316 4195 3453 4251 Μετ’
3485 4194 3667 4264 ὀλίγον
3700 4198 3759 4251 δὲ

485 4286 632 4339 rium
666 4300 792 4340 eum
845 4286 1105 4341 adducat.
1151 4284 1426 4355 Egressus
1462 4286 1644 4357 itaque
1679 4285 1975 4358 imperator
2008 4301 2036 4340 a

2145 4282 2504 4353 ιβουλὸμενος
2544 4285 2733 4340 τοῦτον
2782 4285 3172 4351 ἀναλαϐέσθαι,
3216 4287 3503 4342 ἐκέλευσεν
3544 4288 3625 4359 τῷ
3654 4290 3758 4343 Σα-

488 4377 866 4449 Damatryum,
909 4389 963 4435 et
1010 4380 1064 4433 in
1122 4379 1375 4435 Samonae
1422 4393 1661 4449 pransus
1715 4379 2039 4434 monasteric

2185 4379 2342 4448 μωνᾷ
2380 4379 2435 4429 ὲν
2469 4379 2537 4448 τῇ
2585 4378 2696 4432 τῶν
2729 4378 2977 4449 Σπειρῶν
3024 4381 3159 4451 μονῇ
3205 4378 3396 4434 τοῦτον
3426 4381 3755 4450 ἀπαγαγεῖν.

488 4474 684 4528 videns
698 4472 1122 4528 Constantinum
1153 4473 1298 4529 illico
1323 4471 1617 4528 saeculares
1644 4482 1824 4527 vestes
1854 4472 2039 4526 manda

2196 4471 2285 4524 ’Ev
2307 4469 2384 4541 τῷ
2418 4472 2681 4541 Δαματρὺ
2707 4466 2803 4526 οὖν
2832 4474 2860 4525 ὁ
2883 4471 3138 4543 βασιλεὺς
3187 4472 3444 4541 ιεελθὼν,
3478 4476 3571 4530 καὶ
3600 4478 3659 4531 έν
3693 4478 3759 4548 τῇ

489 4566 569 4619 vit
604 4564 833 4620 induere
860 4581 924 4620 ac
950 4565 1298 4635 imperatoris
1326 4567 1467 4621 inter
1496 4564 1878 4635 prandendum
1910 4580 2039 4635 pecu

2183 4563 2278 4618 τοῦ
2306 4563 2547 4635 Σαμωνᾶ
2591 4565 2989 4635 ἀριστήσαντος
3020 4568 3178 4638 μονῇ,
3225 4561 3366 4621 εἶδεν
3417 4570 3763 4624 Κωνσταντῐ-

491 4658 606 4713 lum
629 4659 682 4710 in
707 4658 1165 4729 manusaccipere
1191 4659 1563 4728 secumquein
1592 4658 1855 4729 palatium
1875 4657 2039 4711 rediri

2185 4672 2298 4723 vov,
2336 4658 2431 4711 καὶ
2456 4657 2703 4730 παρευθὺ
2734 4657 3139 4728 διεκελεύσατο,
3176 4662 3268 4716 καὶ
3294 4663 3555 4720 ἐνέδυσαν
3597 4664 3765 4719 αὐτὸν

493 4747 662 4821 376
723 4748 993 4804 Samonas
1053 4750 1401 4820 imperatoris
1456 4765 1587 4821 erga
1655 4749 2039 4807 Constantium

2188 4750 2382 4820 ἱμάτια
2428 4751 2689 4823 κοσμικὰ,
2737 4752 2831 4806 καὶ
2876 4753 3159 4810 ἐπέδωκαν
3200 4759 3283 4821 είς
3320 4759 3511 4830 χεῖρας
3552 4760 3616 4813 τὸ
3666 4758 3763 4814 τοῦ

495 4856 829 4913 propensum
852 4857 1093 4899 amorem
1126 4846 1317 4899 ridens
1354 4858 1667 4913 augescere,
1695 4859 1751 4899 re
1776 4861 1902 4900 cunt
1925 4846 2039 4900 cubi

2189 4842 2453 4913 βασιλέως
2488 4845 2749 4917 ποτήριον
2791 4844 2853 4899 ἐν
2895 4845 2974 4919 τῷ
3004 4848 3234 4922 ἀρίστῳ,
3276 4851 3373 4907 καὶ
3420 4852 3767 4924 ὑπέστρεψεν

495 4934 833 4991 eulariorum
865 4936 1106 4991 maximo
1129 4944 1185 4992 et
1208 4935 1473 4991 Michaele
1502 4934 1831 4993 Tzirethone
1857 4952 2039 5007 compt

2191 4933 2331 5004 μετὰ
2350 4932 2444 4988 τοῦ
2477 4934 2744 5006 βασιλέως
2769 4936 2830 4992 ιν
2859 4938 2940 5009 τῷ
2969 4940 3237 5013 παλατίῳ.
3284 4940 3459 5015 ’(ιρῶν
3482 4944 3539 4998 δὲ
3567 4946 3769 5016 20w»-

500 5028 629 5096 sita,
678 5028 924 5084 libellum
984 5030 1287 5085 innumeris
1342 5031 1396 5085 in
1438 5028 1677 5087 Leonem
1710 5030 1977 5087 conviciis
2020 5048 2039 5087 ι

2188 5027 2288 5093 sa;
2319 5029 2416 5101 τὴν
2462 5030 2557 5086 τοῦ
2592 5031 2861 5102 βασιλέως
2893 5035 3115 5108 ἀγάπην
3167 5037 3305 5109 πρὸς
3356 5039 3769 5095 Κωνσταντῖνον

503 5122 830 5179 criminibus
867 5121 1175 5180 confertum
1214 5138 1313 5195 per
1336 5121 1759 5179 Constantinum
1811 5120 2039 5180 Rhoditn

2192 5121 2606 5196 αὐξανομένην,
2664 5126 2952 5183 πιττάκιον
2999 5129 3281 5201 συντίθησι
3318 5128 3461 5203 μετά
3506 5132 3769 5203 μεγίστου

505 5214 654 5270 illius
684 5216 919 5272 scribam
950 5222 1433 5287 contexuntinque
1448 5215 1735 5273 Metatorio
1765 5218 2035 5287 projieiun

2193 5215 2509 5270 κοιτωνίτου
2558 5218 2654 5272 καὶ
2700 5219 2921 5292 Μιχαὴλ
2964 5219 3309 5293 Τζιρήθωνος
3334 5222 3599 5295 λοιδορίας
3624 5225 3775 5279 κατά

506 5308 788 5378 Ingressus
822 5318 1001 5363 autem
1045 5309 1338 5379 imperator
1382 5309 1436 5363 in
1473 5307 1731 5381 Majorem
1775 5312 2039 5366 ecclesian

2195 5310 2459 5381 βασιλέως
2489 5311 2612 5383 ιχον
2656 5310 2740 5385 [Ρ.
2791 5312 2923 5387 252]
2969 5315 3252 5386 ἀπείρους,
3280 5314 3371 5370 διὰ
3424 5315 3518 5370 τοῦ
3564 5314 3771 5371 Ῥοδίου

508 5416 631 5455 cum
664 5402 717 5455 in
754 5401 1093 5485 hictatorinm
1132 5418 1191 5460 se
1233 5404 1547 5475 recepisset,
1601 5422 1711 5476 quo
1741 5406 1859 5460 loro
1898 5421 2039 5474 precr

2194 5404 2612 5460 κωνσταοτίνου
2662 5404 2755 5461 τοῦ
2800 5406 2968 5462 αὐτοῦ
2995 5406 3363 5480 ύπογραφέως
3390 5406 3548 5465 τοῦτο
3574 5412 3743 5465 συντά

620 5588 665 5621 u
690 5589 808 5644 ὁδὸν
831 5591 853 5643 ?
1802 5518 2031 5573 \"Altlf.

2145 5516 2480 5574 ICTIONES.
