4066 6040
324 241 427 306 39]

1413 237 1920 302 THEOPHANES
1957 235 2513 307 CONTINUATUS.

3505 243 3610 310 £03

328 366 605 412 sutniizam
634 347 980 404 transferret.
1013 348 1131 402 Non
1164 348 1367 405 desum
1393 357 1575 406 autem
1607 349 1904 422 quidiea'nt

2012 368 2179 420 τινες,
2213 356 2312 410 καὶ
2332 355 2599 423 Νικόλαος
2626 357 2977 430 πατριᾶρχης
3025 359 3312 430 ἠγνοηκὼς
3356 358 3432 425 ὡς
3485 377 3585 415 κατ

325 451 486 503 etiam
524 443 808 498 Nicolaum
843 441 1237 512 patriarcham,
1262 459 1386 499 cum
1414 443 1911 500 nesciretAlexan-

326 539 410 593 dri
448 544 775 592 testamento
811 549 870 592 se
900 543 1136 590 tutorem
1184 535 1463 601 relictum,
1493 535 1698 605 negotii
1731 534 1908 605 parti-

326 635 428 687 bus
463 632 767 686 Artahasdo
799 629 1131 684 conereditis
1156 668 1171 691 ,
1206 630 1292 683 cui
1327 629 1655 684 sacerdotali
1683 641 1912 683 munere

323 726 487 797 382
527 723 880 778 interdictum
912 720 1126 784 fuerat,
1183 721 1251 777 ad
1281 723 1710 778 Constantinum
1751 719 1913 777 ducis

325 821 494 873 lilium
551 817 860 887 scripsisse,
911 815 1222 870 hortantem
1283 825 1340 869 ut
1392 816 1459 869 ad
1508 815 1908 882 capessendum

325 911 618 982 imperium
674 923 794 964 sese
845 906 1166 978 ByZanllurn
1214 906 1521 973 conferret;
1588 908 1658 962 ob
1706 921 1911 977 easque

325 1008 465 1060 latas
517 1006 724 1058 litteras
775 999 826 1055 id
860 1000 1111 1054 muneris
1141 1009 1471 1056 consecutus
1502 1008 1588 1056 est
1625 1002 1685 1055 ut
1718 1015 1908 1069 perce-

324 1100 491 1154 lcbris
525 1096 743 1166 Sophia:
797 1095 1143 1149 sacerdotum
1185 1094 1439 1164 princeps
1475 1105 1642 1157 esset,
1678 1091 1909 1148 Andreas

323 1194 528 1250 scilicet
567 1196 740 1261 pater,
773 1189 866 1259 qui
903 1199 1086 1243 nostra
1121 1196 1282 1242 actate
1311 1188 1564 1258 pingendi
1594 1197 1768 1241 artem
1795 1192 1908 1256 pra:

321 1287 510 1358 Apelle
561 1294 617 1338 et
660 1282 1015 1353 Agatharcho
1093 1266 1490 1352 lieraclideque
1539 1289 1594 1335 et
1659 1274 1907 1336 Philazuo

322 1377 601 1452 Byzantiis
638 1376 844 1446 majore
869 1375 1018 1429 cultu
1049 1375 1298 1445 provexit
1327 1388 1391 1428 ac
1427 1373 1760 1428 nobilitavit.

391 1476 444 1527 5.
468 1472 638 1526 Porro
667 1469 1086 1533 Constantinus,
1117 1468 1291 1537 utqui
1321 1467 1433 1536 jam
1466 1478 1592 1520 ante
1614 1467 1905 1538 imperium

321 1567 640 1625 somniaret.
689 1561 872 1618 statim
902 1562 1145 1631 acceptis
1199 1561 1403 1616 litteris
1431 1561 1485 1615 in
1517 1561 1707 1615 urbem
1744 1561 1904 1614 invo-

320 1663 416 1725 lat,
455 1659 606 1714 lcctis
635 1656 902 1712 militibus
931 1657 1188 1727 stipatus,
1236 1670 1338 1710 nec
1375 1655 1491 1724 ipsa
1557 1655 1906 1710 multitudine

2012 449 2319 521 ἐπιτροπὴν
2359 451 2713 522 Ἀλεξάνδρου
2775 451 2930 523 αὐτῷ
2972 449 3356 523 ἐγκεχείριστο
3403 451 3474 507 τὰ
3504 455 3605 523 τῆς

2011 541 2264 608 ἐξουσίας
2317 543 2657 617 ἐπιτροπεῖν,
2699 546 3057 616 ’Λρταδάσδῳ
3105 546 3443 619 ἐγχειρίσας,
3475 538 3520 615 ᾧ
3545 548 3608 598 τὸ

2014 633 2321 703 ἱερατεύειν
2351 637 2661 710 ὲνείργητο,
2693 638 3048 702 ἐξαπέστειλε
3080 639 3219 710 πρὸς
3245 640 3338 693 τὸν
3361 637 3455 694 τοῦ
3491 640 3610 694 δουο

2011 728 2108 789 κὸς
2137 728 2573 795 Κωνσταντῖνον,
2637 728 3158 803 παρακελευόμενος
3198 732 3608 803 εἰσεληλυθέναι

2008 823 2076 892 τῇ
2109 821 2455 891 βασιλίδι,ὠς
2477 824 2577 896 τῆς
2607 823 2884 894 βασιλείας
2910 825 3238 897 ἑπιλάδηται
3261 844 3274 858 ’
3306 826 3366 890 ὃς
3395 823 3484 881 διὰ
3508 827 3609 895 τὴν

2009 911 2103 966 τοῦ
2135 912 2465 984 γράμματος
2509 915 2945 988 διαπόρθμευσιν
2994 917 3096 988 τῆς
3122 916 3478 988 περιωνύμου
3513 898 3611 970 20-

2011 1004 2141 1075 φίας
2173 1007 2393 1079 πρῶτος
2417 1008 2530 1063 τῶν
2553 1009 2870 1080 ἱερωμένων
2892 1010 3261 1083 κεκλήρωται.
3294 1007 3465 1074 Οὗτος
3497 1010 3607 1080 γὰρ

2011 1101 2296 1172 γεννήτωρ
2357 1099 2615 1174 Ἀνδρέου
2652 1102 2748 1158 τοῦ
2780 1106 2840 1157 ὲν
2885 1103 3102 1175 χρόνοις
3154 1107 3268 1168 τοῖς
3305 1102 3428 1158 καθ’
3460 1101 3609 1174 ἡμᾶς

2009 1193 2109 1261 τὴν
2140 1193 2505 1266 ζωγραφικὴν
2535 1195 2736 1267 τέχνην
2765 1199 2846 1260 είς
2891 1192 3064 1266 ἀκρον
3095 1196 3416 1258 ἐλάσαντος,
3461 1196 3609 1265 ἥπερ

2022 1280 2286 1352 Ἀπελλῆς
2323 1283 2417 1337 καὶ
2461 1280 2803 1356 Ἀγάθαρχος
2842 1281 3202 1358 Ἡρακλείδης
3256 1303 3314 1339 τε
3343 1286 3440 1340 καὶ
3477 1285 3605 1339 Φίλ-

2007 1395 2149 1443 οινος
2177 1383 2223 1434 o!
2253 1370 2558 1447 Βυζάντιοι,
2594 1383 2942 1454 καθεστήκει.

2080 1470 2150 1540 γ’.
2197 1472 2255 1525 '0
2286 1475 2362 1538 δὲ,
2397 1473 2492 1529 ἁτε
2523 1477 2616 1528 καὶ
2642 1477 2910 1548 πρότερον
2931 1476 3102 1548 αὐτὴν
3121 1475 3607 1549 ὀνειροπολῶνηκαὶ

2007 1563 2104 1618 τοῦ
2126 1565 2359 1636 στέφους
2385 1568 2472 1621 ἀεὶ
2496 1569 2812 1639 ἐφιέμενος,
2852 1571 2928 1634 ὡς
2962 1567 3076 1640 εἶχε
3119 1571 3284 1641 τάχος
3308 1570 3408 1642 τὴν
3450 1571 3609 1642 βασι-

2008 1658 2276 1714 λεύουσαν
2320 1662 2624 1716 κατέλαϐεν
2652 1662 2770 1730 ἅμα
2820 1666 2934 1728 τοῖς
2965 1665 3064 1717 σὺν
3108 1663 3260 1736 αὐτῷ
3294 1665 3404 1718 τῶν
3436 1681 3606 1735 στρα-

319 1749 680 1824 sperni-udis;
727 1757 1005 1817 noctuque
1036 1763 1131 1816 per
1156 1746 1438 1802 Michaelis
1497 1746 1904 1815 protovestiarii

2010 1749 2300 1819 τευμάτων
2319 1751 2595 1824 ὲγκρίτοις
2621 1725 2706 1816 ⁸³.-
2726 1725 2932 1818 ίκανοτς
2963 1755 3102 1810 οὖσι.
3143 1725 3255 1809 Καζι
3285 1756 3481 1820 νυκτὸς
3506 1725 3605 1809 ’διὰ

321 1845 467 1901 haud
511 1842 701 1914 procul
754 1842 824 1895 ab
856 1855 981 1896 arce
1009 1840 1270 1896 ostiolum
1300 1841 1585 1912 ingressus
1634 1841 1687 1894 in
1727 1839 1906 1895 soceri

318 1938 404 1995 sui
433 1937 690 2007 (ἔνθεοι-ω
737 1933 949 1990 aedibus
970 1949 1096 1988 curn
1129 1933 1304 1988 sociis
1346 1932 1619 1988 insomnis
1650 1948 1907 2001 perman-

321 2031 415 2089 sit.
439 2028 659 2087 Nicetas
679 2043 812 2082 vero
832 2042 862 2082 a
886 2027 1134 2093 secretis,
1154 2027 1247 2098 qui
1277 2034 1463 2097 postea
1493 2028 1905 2098 protanutarius

319 2124 444 2189 fuit,
476 2119 827 2178 Consuntini
865 2119 1160 2175 adventura
1193 2120 1561 2174 Constantino
1587 2121 1824 2189 patricio
1850 2128 1907 2173 et

319 2218 594 2272 monacho
624 2215 848 2270 Eladico
881 2211 1182 2281 nuntiarit;
1214 2217 1487 2283 amboque
1521 2213 1712 2268 eadem
1746 2221 1905 2268 nocte

320 2312 387 2367 ad
412 2309 836 2367 Constantinum
883 2308 1079 2362 ducem
1119 2316 1510 2371 accesserunt;
1541 2315 1905 2375 consertaque

320 2401 570 2465 consilio,
611 2414 734 2455 cum
768 2399 1003 2453 necdum
1035 2397 1327 2461 illuxisset,
1353 2412 1478 2451 eum
1512 2397 1722 2452 facibus
1755 2399 1903 2452 mili-

321 2502 548 2564 tumque
591 2509 700 2546 non
731 2491 836 2547 levi
869 2499 1080 2545 armata
1125 2506 1290 2545 manu
1323 2501 1377 2545 et
1409 2491 1565 2545 turba
1599 2491 1742 2546 Circi
1774 2507 1900 2561 por‘

321 2596 431 2641 tam
458 2567 753 2655 occupant.
807 2598 867 2639 ac
897 2581 1324 2647 Constantinum
1378 2581 1574 2638 faustis
1625 2585 1903 2640 acclama-

320 2679 565 2735 tionibus
617 2680 1006 2746 imperatorem
1054 2677 1317 2730 salutant.
1379 2676 1454 2730 lbi
1492 2678 1612 2746 ejus
1643 2677 1837 2747 equiso
1871 2693 1903 2733 a

321 2771 673 2840 praesidiariis
729 2769 912 2839 iisque
946 2768 1040 2838 qui
1071 2769 1214 2821 intra
1264 2776 1452 2837 portas
1503 2778 1681 2832 erant,
1712 2769 1900 2825 lancea

321 2862 573 2918 conﬁxus
609 2861 834 2914 interiit.
887 2857 1040 2913 Haud
1084 2859 1270 2928 itaque
1313 2859 1424 2914 illic
1469 2874 1723 2930 receptus
1753 2860 1901 2916 Con-

321 2953 624 3013 stantinus,
661 2952 755 3006 sed
807 2950 1084 3018 repulsus,
1119 2951 1264 3003 velut
1306 2949 1574 3003 dmnrouis
1609 2948 1899 3017 cujusdam

323 3045 503 3100 afﬂatu
553 3043 709 3096 furiis
763 3054 940 3104 actus,
1004 3055 1104 3095 nec
1166 3055 1276 3109 prae
1335 3040 1552 3111 imperii
1604 3040 1901 3109 cupiditate

324 3140 523 3192 mentis
555 3135 718 3206 383
750 3136 888 3188 satis
923 3147 1187 3202 compos,
1245 3134 1297 3186 in
1351 3133 1569 3187 Circum
1619 3146 1678 3186 se
1728 3130 1902 3186 tristis

321 3232 581 3300 vultuque
614 3227 854 3282 demisso
887 3227 1164 3289 subducit,
1195 3227 1398 3279 malum
1433 3240 1593 3280 omen
1624 3233 1900 3293 reputans,

321 3323 466 3392 quod
509 3320 827 3390 equisoncm
874 3326 1128 3371 necatum
1175 3316 1443 3371 amiserit.
1492 3315 1645 3370 Illinc
1691 3319 1901 3385 itaque,

322 3414 519 3469 faustis
543 3409 1028 3466 acclamationibus
1053 3407 1533 3478 prosequentibus,
1554 3407 1618 3460 ad
1643 3404 1902 3461 Chalceru

324 3520 504 3575 usque
527 3503 710 3567 venit;
747 3517 950 3571 perque
977 3500 1224 3569 ejusdem
1270 3499 1501 3554 Chalces
1539 3508 1754 3568 portam
1789 3497 1901 3551 ler-

322 3613 473 3654 ream
521 3596 587 3650 ad
616 3595 1000 3650 excubitorum
1049 3607 1221 3663 usque
1252 3593 1545 3647 stationem
1578 3591 1776 3647 evasit.
1815 3590 1904 3644 lu-

322 3693 484 3747 terim
541 3690 803 3758 magister
846 3685 1089 3740 Joannes
1138 3684 1358 3750 Eladas,
1414 3700 1478 3739 ex
1517 3684 1903 3740 sodalitatibus

317 3783 733 3851 classiariisque
772 3780 986 3836 delectu
1032 3778 1242 3844 habito,
1274 3780 1444 3833 armis
1476 3778 1776 3834 instructos
1803 3777 1903 3833 ad-

323 3893 514 3934 versus
545 3876 747 3930 Ducem
798 3874 965 3928 misit.
1027 3873 1107 3928 Ad
1152 3872 1408 3928 Chalcem
1440 3887 1614 3943 usque
1646 3886 1771 3928 cum
1810 3886 1903 3930 ve-

321 3971 553 4032 nissent,
584 3977 948 4037 consertoque
976 3968 1189 4037 praelio,
1221 3966 1380 4020 multi
1410 3966 1682 4036 utrimque
1711 3966 1905 4038 gladiis

320 4064 589 4138 perempti
630 4063 980 4129 ceciderunt;
1027 4063 1332 4132 ingensque
1376 4060 1514 4115 adeo
1543 4070 1753 4133 strages
1777 4059 1904 4124 fuit,

323 4169 385 4216 ut
429 4169 483 4214 et
530 4156 817 4226 sanguinis
886 4155 989 4209 rivi
1049 4156 1224 4211 instar
1273 4153 1517 4210 ﬂuminis
1567 4163 1902 4223 stagnarent.

321 4253 554 4310 Occisus
574 4261 658 4306 est
686 4260 739 4304 et
760 4249 1034 4321 Gri-geras
1063 4250 1222 4306 ducis
1273 4248 1419 4306 [ilius
1457 4257 1510 4306 et
1531 4246 1760 4304 Michael
1787 4248 1906 4319 ejus

322 4344 712 4407 consobrinus,
775 4346 1044 4398 nec'non
1093 4340 1344 4399 Curticcs
1408 4341 1724 4399 Armenius.
1781 4340 1907 4400 Hatc

2010 1844 2386 1914 παραπυλίδος
2407 1845 2668 1900 εἰσελθὼν
2699 1847 2796 1901 τοῦ
2820 1849 3199 1919 πρωτοῦεστια
3211 1848 3328 1920 ρίου
3355 1848 3602 1918 Μιχαὴλ,

2008 1934 2176 2007 οὖσης
2206 1938 2434 2009 πλησίον
2461 1941 2840 2012 ἀκροπόλεως,
2871 1944 2931 1996 ὲν
2953 1941 3031 2012 τῷ
3058 1942 3194 2012 οἴκῳ
3215 1943 3308 1996 τοῦ
3336 1944 3602 2013 πενθεροῦ

2009 2029 2175 2084 αὐτοῦ
2201 2031 2456 2102 Γρηγορᾶ
2480 2034 2683 2098 ἄϋπνος
2724 2034 2864 2105 μετὰ
2889 2034 2999 2089 τῶν
3033 2037 3303 2092 συνόντων
3331 2036 3481 2106 αὑτῷ
3524 2036 3604 2090 δι-

2016 2123 2287 2179 ετέλεσεν.
2319 2125 2567 2194 Νικήτας
2589 2126 2645 2180 δὲ
2676 2128 3004 2199 ἀσηκρῆτις,
3030 2129 3057 2181 ὁ
3077 2128 3213 2200 μετά
3240 2128 3414 2183 ταῦτα
3454 2145 3606 2201 πρω-

2005 2216 2319 2287 τονοτάριος
2373 2218 2640 2288 γεγονὼς,
2691 2220 2789 2291 τὴν
2831 2221 3246 2275 Κωνσταντῖνου
3306 2221 3489 2290 ἄφιξιν
3523 2219 3603 2290 τῷ

2008 2308 2287 2380 πατρικίῳ
2349 2311 2755 2383 Κωνσταντίνῳ
2785 2314 2878 2366 καὶ
2933 2311 3154 2384 μοναχῷ
3193 2312 3277 2383 τῷ
3337 2293 3602 2383 Ἑλαδικῷ

2007 2402 2423 2472 κατεμήνυσεν·
2475 2406 2571 2456 καὶ
2619 2402 2792 2473 ἄμφω
2824 2408 2891 2476 τῇ
2952 2406 3093 2475 αὑτῇ
3128 2405 3289 2458 νυκτὶ
3337 2404 3472 2474 πρὸς
3509 2405 3603 2457 τὸν

2004 2493 2172 2547 δοῦκα
2213 2495 2625 2548 Κωνσταντῖνον
2661 2497 3049 2565 παρεγένοντο,
3075 2497 3168 2549 καὶ
3207 2495 3404 2568 βουλὴν
3435 2513 3601 2566 ποιη-

2006 2587 2230 2657 σάμενοι
2287 2586 2441 2641 οὔπω
2469 2589 2568 2657 τῆς
2599 2590 2818 2661 ἡμέρας
2847 2589 3266 2658 καταλαδούσης
3288 2590 3430 2661 μετὰ
3463 2590 3603 2661 λαμ-

2006 2681 2190 2734 πάδων
2231 2683 2322 2734 καὶ
2362 2680 2493 2735 λαοῦ
2521 2682 2719 2736 πολλοῦ
2752 2683 2847 2738 καὶ
2879 2682 3040 2754 ὄχλου
3080 2685 3180 2755 τὴν
3213 2683 3306 2736 τοῦ
3335 2682 3602 2754 ἱπποδρό-

2006 2791 2110 2844 μου
2150 2773 2326 2844 πύλην
2375 2773 2924 2846 καταλαμϐάνουσιν,
2957 2774 3378 2828 Κωνσταντῖνον
3429 2773 3600 2842 εὐφη-

2008 2864 2238 2936 μοῦντες
2290 2865 2366 2929 ὡς
2397 2866 2624 2936 βασιλέα
2651 2885 2664 2897 ο
2697 2867 2828 2920 ἔνθα
2885 2867 2947 2936 δὴ
2980 2869 3007 2920 ό
3037 2867 3231 2919 τούτου
3291 2865 3601 2935 ἱπποκόμος

2004 2959 2319 3031 λογχευθεὶς
2369 2959 2524 3030 παρὰ
2555 2961 2663 3014 τῶν
2688 2961 2840 3024 ἐντὸς
2862 2959 2971 3013 τῶν
2997 2959 3090 3013 τοῦ
3122 2959 3461 3031 ἱπποδρόμου
3494 2975 3600 3012 πυ·-

1929 3072 1970 3128 C
2004 3051 2112 3105 λῶν
2141 3051 2514 3123 ακιῃρέθη.Μὴ
2531 3051 2744 3122 δεχθεὶς
2772 3049 2867 3106 οὖν
2896 3053 3076 3104 ὲκεῐσε
3101 3052 3130 3103 ὁ
3160 3052 3593 3116 Κωνσταντῑνος,

2007 3143 2124 3198 ἀλλ’
2154 3143 2545 3212 ἀποσοϐηθεὶς,
2574 3142 2767 3213 ὥσπερ
2794 3145 2900 3197 ὑπό
2926 3161 3074 3206 τινος
3122 3142 3598 3214 ὲκόακχευόμενος

2005 3232 2263 3300 δαίμονος
2296 3231 2392 3285 καὶ
2433 3232 2507 3303 μὴ
2541 3234 2890 3304 ἐφεστηκότα
2919 3233 3060 3303 ἔχων
3083 3232 3176 3287 τὸν
3210 3233 3472 3302 λογισμὸν
3518 3231 3599 3303 τῷ

2004 3322 2106 3390 τῆς
2139 3321 2420 3390 βασιλείας
2447 3323 2631 3393 ἔρωτι,
2661 3325 2719 3376 ὲν
2753 3323 2832 3394 τῷ
2870 3324 3216 3395 ίπποδρομίῳ
3238 3325 3598 3395 ὑπεχώρησεν

2009 3411 2238 3480 στυγνός
2273 3428 2333 3465 τε
2368 3412 2463 3466 καὶ
2491 3413 2768 3484 κατηφὴς,
2830 3414 2999 3468 κακὸν
3026 3414 3216 3468 οίωνὸν
3259 3414 3358 3484 τὴν
3384 3413 3479 3466 τοῦ
3504 3413 3599 3465 ίπ-

2006 3505 2250 3575 ποκόμου
2269 3505 2461 3575 κρίνας
2488 3507 2728 3575 σφαγήν.
2776 3506 3017 3560 Ἐκεῖθεν
3050 3501 3145 3560 οὖν
3176 3504 3599 3576 εὐφημούμενος

2006 3588 2172 3664 ἦλθεν
2205 3594 2368 3664 μέχρι
2391 3596 2488 3662 τῆς
2518 3578 2761 3666 Χαλκῆς,
2795 3595 2891 3650 καὶ
2918 3597 3007 3649 διὰ
3043 3597 3140 3667 τῆς
3192 3582 3428 3666 Σιδηρᾶς
3458 3596 3596 3666 πόρ-

2003 3704 2104 3755 της
2143 3687 2240 3755 τῆς
2264 3688 2435 3757 αὐτῆς
2453 3687 2676 3758 Χαλκῆς
2712 3687 3097 3758 είσεληλυθὼς,
3136 3689 3297 3760 μέχρι
3328 3687 3428 3741 τῶν
3480 3688 3600 3755 Ἐξ-

2008 3780 2278 3834 κουόίτων
2325 3783 2682 3850 παρεγένετο.
2726 3782 2787 3838 '0
2813 3777 2906 3835 οὖν
2949 3782 3250 3851 μάγιστρος
3293 3782 3598 3851 Ἰωάννηςό

2020 3872 2244 3937 ’ίίλαδᾶς
2278 3873 2508 3944 ἐκλογὴν
2537 3874 2650 3927 τῶν
2691 3891 2748 3927 τε
2780 3875 2878 3944 τῆς
2907 3874 3186 3944 ἑταιρείας
3213 3875 3305 3928 καὶ
3334 3874 3444 3928 τῶν
3472 3875 3600 3928 ἐλαι-

2007 3965 2116 4018 τῶν
2175 3965 2544 4036 ποιησάμενος
2590 3966 2710 4036 μεθ’
2751 3968 2934 4020 ὅπλων
2993 3966 3220 4030 τούτους
3273 3963 3598 4020 ἀπέστειλεν

2007 4058 2151 4111 κατὰ
2180 4057 2274 4112 τοῦ
2313 4058 2527 4124 δουκός.
2568 4059 2865 4114 Ἐλθόντων
2896 4057 2989 4113 οὖν
3021 4057 3186 4130 μέχρι
3217 4058 3319 4126 τῆς
3353 4057 3596 4127 Χαλκῆς,

2007 4152 2107 4206 καὶ
2131 4151 2368 4222 πολέμου
2399 4151 2715 4217 συστάντος,
2743 4151 2930 4207 πολλοὶ
2957 4151 3017 4220 ἐξ
3045 4150 3375 4225 ἀμφοτέρων
3398 4151 3598 4205 ἔπεσον

2006 4244 2119 4298 τῶν
2151 4245 2356 4318 μερῶν,
2409 4245 2572 4317 ἔργον
2605 4248 2787 4301 ἐκεῖσε
2823 4246 3102 4318 μαχαίρας
3131 4245 3440 4318 γενόμενοι,
3495 4246 3594 4298 καὶ

2009 4339 2265 4395 τοσοῦτον
2309 4340 2449 4395 ὥστε
2500 4342 2592 4394 τὸν
2617 4339 2785 4394 τόπον
2814 4337 3243 4410 ὲνλιμνασθῆναι
3269 4335 3350 4410 τῷ
3399 4336 3597 4405 αἵματι

325 4438 513 4493 videns
559 4435 957 4491 Constantinus
1012 4436 1144 4501 dux,
1177 4451 1302 4493 cum
1335 4437 1574 4493 maxima
1617 4447 1764 4494 esset
1790 4446 1897 4490 tur-

2015 4434 2330 4505 ποταμηδὸν
2357 4436 2738 4506 καταρῤἐοντι.
2757 4432 3021 4506 Ἀνῃρέθή
3041 4431 3098 4487 δὲ
3128 4433 3222 4488 καὶ
3251 4429 3535 4503 Γρηγορᾶς
3570 4431 3600 4481 ό

324 4531 492 4597 batio,
517 4546 721 4601 equum
769 4530 1004 4600 impulit.
1036 4528 1131 4585 llle
1175 4531 1228 4585 in
1262 4531 1493 4602 lapideis
1529 4530 1752 4586 tabulis.
1785 4529 1902 4600 qui-

323 4626 425 4679 bus
481 4627 636 4679 locus
667 4633 980 4680 constratu:
1010 4632 1166 4690 erat,
1200 4625 1476 4694 collapsus
1506 4639 1780 4680 sessorem
1814 4637 1903 4677 ex-

322 4715 515 4773 cussit.
544 4708 720 4781 Quem
747 4718 802 4768 in
830 4724 1032 4769 terram
1062 4717 1364 4787 projectum
1411 4714 1702 4782 solumque
1746 4715 1903 4768 dere-

323 4811 510 4865 lictum
562 4807 834 4879 quispiam
874 4807 1154 4863 oﬂ'endens
1210 4807 1322 4879 (alii
1371 4807 1517 4864 enim
1571 4807 1806 4878 diSpcrsi
1837 4822 1902 4863 ac

324 4899 572 4972 palantes
617 4899 793 4969 erant)
826 4899 946 4970 ejus
1002 4909 1169 4969 caput
1204 4899 1387 4970 gladio
1441 4899 1698 4964 abscidit,
1738 4902 1904 4972 inque

323 4993 575 5047 omnium
628 4992 827 5060 oculis,
884 4993 948 5047 ad
1001 4993 1146 5063 vulgi
1197 5006 1442 5047 errorem
1498 4991 1904 5061 depellendum,

329 5089 650 5156 imperatori
687 5087 902 5142 detulit.
941 5085 1286 5157 Ejuscemodi
1318 5085 1476 5140 ducis
1510 5085 1790 5155 aggressio
1813 5099 1910 5154 per

325 5183 493 5236 alium
535 5197 755 5250 quoque
788 5181 1009 5235 modum
1044 5182 1378 5235 innotuerat.
1407 5178 1617 5251 Nempe
1648 5177 1909 5234 Nicolaus

324 5276 546 5344 quidam
579 5275 903 5345 publicanus
936 5273 988 5328 in
1010 5273 1260 5340 Chaldia,
1291 5260 1645 5344 publicisque
1661 5271 1903 5341 vectiga-

324 5369 468 5422 libus
523 5369 829 5433 puniet-tus,
894 5368 1202 5423 Christiana
1261 5368 1471 5436 eiurata
1522 5365 1788 5436 religione
1848 5363 1902 5418 in

321 5461 535 5530 Syriam
570 5477 630 5514 se
673 5473 972 5532 receperat.
1030 5460 1142 5516 lllic
1191 5476 1360 5532 agens
1418 5453 1783 5514 astronomiae
1805 5471 1902 5512 seu

321 5569 491 5621 mttng
530 5555 843 5624 astrologia:
875 5555 1088 5609 enidanr
1145 5570 1366 5625 operam
1417 5553 1602 5609 dabat.
1656 5549 1903 5622 lirnigro

2007 4529 2123 4593 υίὸς
2155 4529 2247 4583 τοῦ
2285 4528 2476 4594 δουκὺς
2500 4529 2584 4603 lP.
2615 4527 2748 4604 237]
2775 4528 2869 4584 καὶ
2898 4525 3162 4600 Μιχαὴλό
3181 4523 3466 4593 ἐξάδελφος
3499 4518 3596 4574 αό-

2005 4623 2101 4677 τοῦ
2136 4622 2230 4679 καὶ
2267 4624 2296 4676 ό
2339 4623 2651 4695 Κουρτίκης
2681 4623 2710 4677 ό
2735 4623 2795 4691 ἐξ
2834 4620 3160 4693 Ἀρμενίων.
3190 4616 3376 4672 Ταῦτα
3411 4617 3439 4671 ό
3473 4611 3600 4682 δοῗιξ

2008 4719 2421 4783 Κωνσταντῖνος
2442 4717 2652 4788 μαθὼν.
2682 4717 2930 4789 ταραχῆς
2959 4716 3042 4771 ὅτι
3077 4713 3337 4782 πλείστης
3371 4708 3598 4782 γενομέ-

2006 4827 2126 4882 νης,
2150 4811 2242 4864 τοῦ
2281 4809 2513 4866 ἱππικοῦ
2545 4810 2860 4881 ἐξήλαυνεν.
2907 4809 2969 4863 ’0
3015 4807 3072 4862 δὲ
3119 4809 3242 4873 ταῖς
3282 4808 3461 4862 ἐκεῖσε
3492 4804 3595 4858 ὕπ-

2007 4905 2378 4975 εστρωμὲναις
2416 4903 2814 4974 κατολισθὴσας
2863 4901 3059 4968 πλαξὶν
3108 4901 3188 4967 είς
3214 4899 3320 4971 γῆν
3348 4899 3441 4953 τὸν
3471 4899 3596 4953 επι-

2007 4996 2177 5067 σάτην
2205 4994 2525 5050 κατέϐαλεν.
2569 4995 2725 5050 Ἐπεὶ
2754 4994 2810 5048 δέ
2863 5012 2952 5059 τις
2980 4988 3145 5049 αὑτὸν
3170 4994 3315 5048 κατὰ
3343 4991 3447 5062 γῆς
3497 4989 3594 5063 t1.—

2008 5086 2277 5160 ριμμένον
2311 5086 2409 5141 καὶ
2447 5088 2832 5159 μεμονωμένον
2863 5084 3162 5140 κατέλαϐεν
3194 5085 3266 5157 (οἱ
3295 5081 3404 5150 γὰρ
3444 5080 3594 5136 ἄλλοι

2006 5179 2469 5250 διεσκεδάσθησαν
2499 5181 2783 5250 ἅπαντες),
2813 5179 2957 5249 ξίφει
2996 5181 3096 5253 τὴν
3124 5178 3315 5233 τούτου
3346 5177 3595 5246 ἀπέτεμε

2012 5270 2278 5343 κεφαλὴν,
2304 5270 2430 5342 ἥτις
2453 5269 2532 5342 τῷ
2571 5270 2784 5344 βασιλεί
2816 5271 3222 5344 προσενήνεκτο
3275 5267 3596 5337 καταφανὴς

2012 5364 2183 5419 ἅπασι
2213 5363 2312 5434 τῆς
2343 5363 2558 5434 ἀπάτης
2604 5367 2683 5429 είς
2719 5365 3111 5438 ἀποτρόπαιον.
3156 5362 3228 5416 Τὸ
3259 5362 3314 5416 δὲ
3354 5359 3596 5415 τοιοῦτον

2013 5455 2177 5510 αὑτοῦ
2217 5458 2529 5528 ἐγχείρημα
2563 5458 2704 5511 κατὰ
2755 5474 2874 5512 τινα
2927 5457 3019 5512 καὶ
3049 5455 3209 5510 ἄλλον
3242 5455 3444 5526 τρόπον
3480 5453 3583 5506 ἑδε-

2011 5548 2236 5620 δήλωτο.
2274 5547 2542 5615 Νικόλαος
2585 5552 2693 5623 γάρ
2725 5568 2804 5614 τις
2829 5552 2925 5616 τὰς
2959 5553 3016 5605 ὲν
3062 5548 3264 5619 Χαλδίᾳ
3297 5548 3404 5600 τῶν
3429 5545 3590 5618 6mm-

1602 5640 1839 5697 VAlile
1885 5638 2302 5699 LECTIONES.

386 5737 429 5767 “
461 5758 517 5790 az
537 5758 562 5790 >2
579 5742 739 5801 3.51:2;
768 5746 779 5768 ’
