4066 6040
351 283 455 345 4θῖ

1459 268 1962 342 THEOPHANES
1985 269 2259 331 (IONTIN
2270 270 2539 333 UATL'S.

3508 269 3613 332 408

355 388 536 458 pauci.
568 387 768 451 Missus
800 397 997 445 eratet
1024 386 1308 440 Romanus
1334 388 1409 438 rel
1443 381 1649 437 navalis
1681 379 1913 449 drunga-

2032 378 2129 431 τοῦ
2179 379 2419 453 πολέμου
2462 378 2704 453 συμϐολῇ
2736 379 2824 453 μ’.
2853 378 2981 453 2M]
3013 379 3109 433 mi
3144 379 3550 442 Κωνστανττνος
3580 384 3609 436 ό

357 482 475 536 rius
505 497 630 537 cum
655 481 1020 545 omnielasse,
1061 489 1118 534 ut
1155 476 1388 532 Danubii
1419 476 1598 532 littora
1633 474 1836 543 legeret
1864 485 1929 523 ac

357 573 530 633 Leoni
558 572 755 629 Phoce
787 590 947 643 opem
1010 572 1216 637 ferret;
1268 567 1510 631 Joannes
1554 569 1680 622 item
1729 565 1923 633 Bogas,

354 666 437 721 uti
492 667 699 721 dictum
756 679 858 729 est,
915 666 1007 736 qui
1061 664 1379 720 Patzinacas
1427 656 1929 728 adduceret.390

350 757 599 830 Cumque
632 758 914 817 Romanus
952 758 1287 827 drungarius
1312 756 1364 811 in
1389 754 1661 811 mandatis
1685 752 1925 820 accepis-

350 863 434 911 set
462 862 523 907 ut
548 867 691 922 quos
718 852 966 907 dicebam
1002 849 1346 910 Patzinacas.
1373 849 1635 903 adversus
1667 844 1926 915 Bulgaros

350 940 519 1003 Leoni
572 944 765 1001 Pboca:
823 944 1031 998 auxilio
1074 942 1311 1007 futuros,
1367 940 1664 1009 trajiceret,
1728 936 1927 991 Roma-

350 1051 566 1107 nusque
600 1047 655 1093 et
706 1034 947 1092 Joannes
994 1037 1047 1091 in
1088 1034 1469 1089 contentiones
1524 1032 1926 1097 verborumque

348 1131 577 1188 dissidia
615 1129 758 1185 versi
780 1140 989 1195 essent,
1025 1129 1273 1183 videntes
1306 1125 1613 1182 Patzinacae
1657 1125 1737 1178 sic
1786 1122 1925 1175 inter

349 1238 410 1278 se
428 1224 710 1279 discordes
731 1233 893 1292 atque
919 1231 1245 1291 pugnantes.
1271 1218 1493 1274 domum
1519 1217 1751 1271 rediere.
1780 1213 1926 1267 Bello

348 1325 533 1369 autem
592 1314 748 1369 finito
818 1315 1163 1382 reversisque
1212 1314 1264 1366 in
1315 1312 1504 1365 urbem
1559 1310 1810 1364 Romano
1862 1322 1926 1361 ac

348 1404 515 1476 Boga,
548 1415 691 1461 mota
717 1407 949 1475 qua‘slio
980 1416 1061 1459 est
1095 1405 1163 1458 de
1186 1418 1376 1459 eorum
1412 1400 1663 1464 dissinlio.
1715 1396 1817 1453 Ubi
1870 1397 1924 1451 in

349 1506 558 1563 tantum
589 1498 895 1569 periculum
918 1498 1167 1551 adductae
1196 1495 1427 1550 Romani
1463 1492 1747 1563 drungarii
1810 1507 1921 1556 res,

348 1598 408 1652 ut
427 1589 744 1652 omissionis
771 1589 1039 1643 luminum
1070 1590 1122 1641 iu
1157 1604 1214 1643 se
1256 1588 1542 1644 adversam
1594 1585 1920 1639 sententiam

347 1681 553 1746 tulerit,
585 1682 731 1736 velut
762 1682 853 1750 qui
887 1681 1213 1749 negligentia
1247 1694 1342 1734 seu
1376 1678 1555 1748 potius
1588 1678 1753 1731 animi
1787 1692 1911 1745 pra-

344 1771 511 1825 vitate
542 1787 605 1826 ac
629 1775 866 1843 nequitia
900 1781 1101 1842 praesto
1127 1786 1235 1824 non
1284 1769 1499 1833 fuisset,
1549 1779 1608 1823 ut
1661 1766 1915 1822 Patzina-

342 1881 436 1920 eas
468 1866 762 1935 trajiceret,
788 1865 881 1920 sed
913 1881 971 1919 se
994 1866 1161 1919 citius
1196 1862 1551 1917 subdurissst
1584 1880 1599 1927 ;
1637 1861 1729 1930 qui
1761 1859 1919 1914 deni—

345 1974 453 2024 que
518 1973 587 2012 ne
661 1957 943 2013 Romanos
1028 1957 1249 2025 quidem
1324 1953 1598 2024 fugientes
1683 1952 1920 2006 navibus

342 2052 667 2121 excepisset.
700 2054 776 2105 Ac
802 2059 951 2103 certe
977 2051 1152 2105 oculis
1188 2049 1399 2111 luisset,
1424 2047 1530 2102 nisi
1554 2046 1919 2103 Constantino

341 2144 583 2214 Conger
614 2153 669 2198 et
711 2144 974 2212 magistro
1025 2142 1324 2211 Stephano,
1362 2156 1471 2211 qua
1523 2141 1669 2210 apud
1735 2139 1919 2209 Augu-

342 2248 479 2290 stam
510 2237 837 2291 auctoritate
883 2237 1044 2306 longe
1074 2239 1311 2289 maxima
1370 2234 1671 2304 pollebant,
1726 2232 1920 2287 cunni-

339 2329 582 2384 tentibus
618 2330 670 2381 in
706 2330 1044 2382 contrarium
1105 2327 1372 2381 sententia
1426 2326 1503 2380 illi
1539 2340 1695 2380 versa
1749 2335 1914 2379 esset.

339 2420 586 2490 Bulgaris
612 2431 789 2475 autem
824 2422 1048 2476 victoria
1090 2421 1251 2476 elatis
1284 2420 1351 2474 ad
1405 2422 1690 2489 ipsamque
1721 2418 1914 2472 urbem

337 2516 779 2580 excurrentibus,
835 2531 957 2569 cum
1029 2513 1145 2568 Leo
1212 2516 1525 2570 scholarum
1583 2514 1917 2568 domesticus

335 2604 1052 2675 Joannesquelietau'iarcba
1081 2617 1134 2660 et
1182 2608 1438 2663 Nicolans
1473 2608 1629 2663 ducis
1663 2606 1829 2672 filius,
1862 2608 1914 2662 in

337 2690 586 2752 Thraciae
618 2696 795 2750 locum
841 2713 1003 2765 quem
1041 2698 1355 2769 (latasyrtas
1385 2709 1598 2765 vocent,
1660 2698 1914 2754 conferto

338 2787 555 2855 agmine
591 2788 855 2843 adversus
888 2790 1151 2860 Balgaros
1178 2802 1366 2845 essent
1394 2793 1623 2862 egressi,
1649 2800 1815 2846 noctu
1846 2807 1910 2847 ev

340 2879 639 2947 improviso
672 2882 1007 2936 irruentibus
1049 2884 1102 2936 in
1131 2898 1225 2938 eos
1256 2884 1505 2955 Bulgaris
1527 2900 1590 2939 ac
1613 2884 1914 2939 domestico
1943 2922 1951 2929 .

340 2971 392 3029 in
419 2970 599 3043 fugam
634 2988 792 3029 verso
823 2973 1082 3032 Nieolaus
1105 2978 1263 3031 ducis
1302 2977 1446 3033 ﬁlius
1471 2993 1595 3031 cum
1624 2978 1743 3033 aliis
1766 2981 1909 3034 mul-

338 3063 407 3119 tis
430 3066 648 3122 occisus
669 3076 772 3121 est.

406 3335 494 3390 H.
543 3334 868 3394 Theodorus
928 3338 1110 3407 itaque
1156 3339 1502 3396 Conatantini
1556 3342 1910 3412 imperatoris

330 3432 681 3502 paedagogus,
730 3430 1154 3486 Constantinum
1202 3432 1571 3487 aceubitorem
1616 3434 1908 3502 imperimn

334 3522 631 3580 transferre
681 3524 996 3579 molientem
1054 3525 1107 3579 in
1160 3523 1397 3582 Leonem
1456 3541 1617 3582 suum
1648 3526 1807 3600 391
1842 3545 1909 3584 ex

330 3632 520 3675 sorore
549 3617 764 3672 aﬂinem
799 3618 1269 3681 animadvertens.
1322 3618 1686 3675 Constantino
1738 3623 1909 3692 impe-

331 3711 499 3765 ratori
532 3722 725 3766 auctor
772 3721 857 3765 est
898 3718 955 3762 ut
998 3708 1305 3765 Romanum
1349 3710 1711 3780 drungarium
1754 3727 1908 3767 assu-

331 3812 462 3867 mat,
496 3803 644 3857 velut
673 3804 803 3857 olim
853 3803 1025 3872 patris
1059 3818 1278 3857 servum
1312 3804 1608 3871 ingenuum
1656 3804 1909 3874 illiusque

330 3910 598 3965 propensa
633 3897 910 3949 voluntate
937 3897 1097 3951 rebus
1134 3897 1465 3960 studentem,
1503 3907 1560 3949 ut
1609 3913 1735 3950 cum
1788 3898 1908 3966 ipso

329 3996 565 4053 maneat,
600 3997 892 4055 custosque
921 3997 975 4042 et
1009 3988 1204 4042 vindex
1240 3999 1401 4057 atque
1462 3989 1739 4054 defensor,
1783 4006 1906 4045 cum

328 4094 550 4135 necesse
580 4081 762 4147 fuerit,
800 4082 873 4133 illi
904 4082 1160 4134 exsistat.
1194 4079 1479 4137 Romanus
1506 4083 1571 4137 de
1597 4084 1677 4137 bis
1702 4086 1906 4153 saepius

325 4171 710 4242 interpellatus
744 4174 944 4225 renuit.
989 4171 1335 4241 Quapropter
1365 4172 1766 4229 Constantinus
1792 4176 1907 4245 ipse

326 4266 623 4336 imperator
677 4267 883 4321 litteras
926 4267 1147 4338 propria
1181 4282 1347 4321 manu
1379 4279 1631 4324 exat-atas
1662 4270 1904 4324 subseri-

324 4358 617 4427 ptioneque
646 4358 890 4413 firmatas
915 4358 980 4413 ad
1007 4374 1132 4413 eum
1172 4359 1378 4427 mittit;
1428 4360 1628 4429 quibus
1673 4361 1763 4415 ille
1811 4377 1902 4416 ac.-

322 4451 495 4521 ccptis
522 4450 941 4506 Constantinum
979 4452 1348 4505 accubitorem
1377 4452 1606 4521 ejusque
1635 4452 1820 4507 amnes
1844 4470 1901 4507 se
1936 4439 1978 4494 Ῐ)

323 4559 737 4614 aggressurum,
768 4560 875 4607 qua
912 4560 1005 4612 par
1038 4544 1200 4599 fuerit
1223 4546 1455 4608 ratione,
1492 4546 1765 4613 pollicitus
1796 4557 1899 4602 est.

322 4634 456 4705 Ejus
511 4638 694 4705 itaque
736 4638 810 4690 rei
877 4639 980 4692 late
1025 4647 1354 4705 pervagante
1418 4638 1583 4703 fama,
1656 4653 1781 4693 eum
1810 4656 1904 4693 ac-

321 4723 537 4778 cubitor
583 4724 893 4779 Romanum
953 4736 1169 4794 urgeret
1197 4736 1409 4782 utcum
1443 4729 1619 4785 classe
1675 4729 1897 4785 militari

317 4820 429 4888 jam
464 4819 735 4887 stipendio
767 4819 967 4872 donata
1018 4820 1480 4888 proﬁcisceretur,
1529 4837 1649 4875 cum
1698 4820 1898 4877 Roma-

322 4924 426 4963 nus
455 4909 507 4962 in
530 4910 708 4963 navali
728 4910 885 4978 quasi
912 4912 1279 4966 instructurus
1308 4910 1536 4967 classem
1559 4923 1895 4978 versaretur,

322 5002 469 5055 venit
500 5002 566 5055 ad
602 5017 726 5056 eum
762 5002 1157 5057 Constantinus
1191 5003 1470 5058 accubitor
1501 5004 1647 5057 velut
1680 5006 1900 5059 solven-

318 5095 402 5147 da!
424 5093 618 5149 claSSis
643 5095 916 5163 negotium
936 5104 1330 5149 maturaturus.
1359 5093 1460 5149 Cui
1485 5096 1762 5149 Romanus
1782 5112 1901 5151 ser—

319 5187 410 5240 vili
432 5185 617 5242 liabitu
652 5198 915 5258 gestuque
947 5187 1164 5244 obviam
1197 5188 1396 5249 factus,
1420 5189 1563 5257 quod
1604 5190 1898 5259 jubebatur

320 5280 626 5350 promptius
662 5295 719 5334 se
765 5279 1035 5336 facturum
1081 5280 1357 5350 pollicitus
1397 5293 1497 5336 est.
1533 5281 1782 5353 Cumque
1827 5299 1890 5338 ex

317 5385 382 5424 eo
405 5370 792 5426 Constantinus
820 5371 1208 5432 sciscitaretur,
1244 5362 1371 5426 num
1419 5374 1695 5444 elegantes
1743 5376 1891 5430 viros

317 5472 370 5514 et
405 5459 595 5528 fortes,
626 5463 691 5516 ad
734 5463 1143 5531 imperatoriam
1188 5465 1569 5534 impellendam
1613 5468 1887 5523 triremem

318 5554 542 5609 iloneos
594 5554 811 5616 habeat,
859 5555 1011 5625 jubet
1045 5559 1233 5623 statim
1261 5555 1542 5614 Romanus
1579 5574 1742 5614 manu
1785 5576 1880 5615 ex-

2029 471 2140 541 Δὶψ
2163 475 2259 526 καὶ
2300 473 2554 544 Ἰωάννης
2582 473 2611 525 ό
2650 472 2877 544 Γράψων
2906 474 2997 528 καὶ
3024 474 3171 527 ἄλλοι
3197 472 3309 525 τῶν
3334 472 3610 543 ἀρχόντων

2032 569 2226 637 ἱκανοί.
2244 569 2551 642 ’Δπεστάλη
2578 570 2634 625 δὲ
2660 571 2753 626 καὶ
2787 569 3067 642 Ῥωμανὸς
3096 572 3385 639 πατρίκιος
3411 570 3610 642 δρουγ-

2029 662 2221 732 γάριος
2258 661 2333 715 ὢν
2369 661 2477 715 τῶν
2510 663 2772 733 πλωῖμων
2801 666 2939 733 μετὰ
2968 664 3169 726 παντὸς
3199 662 3292 717 τοῦ
3328 663 3518 717 στόλου
3549 667 3610 718 ἐν

2028 755 2104 824 τῷ
2138 754 2417 826 Δανουόίῳ
2466 756 2696 826 ποταμῷ
2748 756 3014 826 βοηθῆσαι
3050 756 3239 809 Λέοντι
3293 754 3369 825 τῷ
3402 756 3564 825 Φωκᾷ
3593 772 3605 785 ·

2027 848 2165 903 ἀλλὰ
2189 848 2283 903 καὶ⁵
2322 849 2577 921 Ἰωάννης
2605 852 2633 904 ό
2662 850 2836 917 Βογᾶς
2869 851 3206 917 καταγαγεῖν
3240 848 3608 915 Πατζινάκας,

2026 940 2103 1005 ὼς
2135 943 2372 1012 εἴρηται.
2405 942 2806 1006 Κελευσθὲντος
2854 941 2910 997 δὲ
2947 941 3044 994 τοῦ
3074 941 3441 1011 δρουγγαρίου
3474 942 3611 995 Ῥω-

2029 1031 2204 1104 μανοῦ
2251 1032 2475 1096 τούτους
2507 1032 2841 1102 διαπερᾶσαι
2894 1031 3037 1085 κατὰ
3089 1030 3415 1101 Βουλγάρων
3466 1030 3608 1085 ὥστε

2029 1126 2391 1195 συμμαχῆσαι
2412 1126 2599 1179 Λέοντι
2624 1124 2702 1194 τῷ
2725 1126 2909 1197 Φωκᾷ,
2925 1123 3206 1191 Ῥωμανοῦ
3236 1122 3291 1176 δέ
3314 1125 3408 1177 καὶ
3425 1125 3610 1177 Ἰωάν-

2026 1235 2119 1269 νου
2152 1220 2232 1282 εἰς
2271 1218 2457 1289 ἔριδας
2488 1219 2583 1273 καὶ
2635 1219 2973 1289 λογομαχίας
3028 1217 3313 1279 ἐλθόντων,
3373 1216 3605 1289 ὁρῶντε,⁵

2025 1309 2225 1374 αὐτοὺς
2247 1312 2297 1364 οἱ
2335 1312 2676 1375 Πατζινὰκαι
2708 1312 2844 1382 πρὸς
2873 1311 3134 1381 ἀλλήλους
3169 1310 3611 1381 διαμαχομένους

2025 1402 2117 1456 καὶ
2139 1403 2596 1468 ωστασιάζοντας
2624 1402 2988 1475 ὑπεχώρησαν
3015 1406 3092 1466 είς
3123 1404 3187 1455 τὰ
3225 1404 3351 1457 ἴδια.
3378 1402 3485 1455 Τοῦ
3513 1419 3611 1465 πο-

2026 1495 2194 1564 λέμου
2218 1494 2272 1549 δὲ
2323 1496 2473 1560 τέλος
2504 1496 2779 1560 λαϐόντος,
2816 1498 2908 1551 καὶ
2940 1496 3396 1566 ὑποστρεψάντων
3430 1496 3488 1548 ἐν
3540 1495 3608 1565 τῇ

2026 1586 2178 1641 πόλει
2205 1587 2299 1640 τοῦ
2345 1605 2403 1640 τε
2452 1588 2735 1657 Ῥωμανοῦ
2764 1589 2856 1642 καὶ
2880 1586 2976 1640 τοῦ
3009 1588 3177 1655 Βογᾶ,
3215 1587 3283 1639 τὸ.
3307 1585 3429 1639 καθ’
3475 1587 3604 1640 ἐαυ-

2024 1680 2131 1751 τῶν
2162 1680 2495 1752 ἐκινήθησαν
2512 1697 2524 1710 ·
2555 1684 2646 1733 καὶ
2666 1682 2744 1744 είς
2762 1680 3015 1734 τοσοῦτον
3034 1682 3284 1737 κίνδυνον
3308 1678 3399 1731 τὸν
3414 1678 3606 1747 ὃρουγ-

2026 1773 2217 1843 γάριον
2262 1769 2545 1841 Ῥωμανὸν
2593 1774 2980 1841 περιέστησαν,
3016 1770 3155 1823 ὥστε
3191 1770 3286 1839 καὶ
3311 1765 3604 1821 καταδικά-

2023 1865 2223 1929 ζουσαν
2248 1863 2432 1935 ψῆφον
2478 1863 2779 1934 ἐξήνεγκαν
2813 1863 2922 1917 τῶν
2952 1862 3248 1932 ὀφθαλμῶν
3270 1859 3604 1933 στερηθῆναι

2020 1959 2096 2022 ὡς
2122 1959 2373 2029 ἀμελείᾳ,
2412 1959 2613 2028 μᾶλλον
2658 1954 2715 2011 δὲ
2752 1958 3060 2029 κακουργίᾳ
3090 1961 3164 2028 μὴ
3194 1955 3605 2024 διαπεράσαντα

2021 2054 2147 2115 τοὺς
2172 2051 2537 2117 Πατξινάκας,
2570 2052 2685 2105 ἀλλ’
2713 2052 3147 2121 ὑποχωρήσαντα
3163 2051 3348 2115 τάχιον
3371 2049 3465 2102 καὶ
3499 2063 3604 2114 μη-

2020 2146 2075 2198 δὲ
2101 2144 2227 2206 τοὺς
2265 2142 2565 2211 φεύγοντας
2605 2142 2895 2213 Ῥωμαίων
2922 2145 2978 2195 ἐν
3013 2146 3123 2203 τοῖς
3150 2142 3358 2201 πλοίοις
3409 2136 3602 2190 ὑποδε-

2022 2235 2273 2305 ξάμενον.
2311 2234 2423 2289 Καὶ
2457 2234 2615 2287 τοῦτο
2649 2233 2716 2287 ἂν
2748 2234 3059 2296 ἐπεπόνθει,
3085 2235 3133 2286 εἰ
3165 2234 3239 2305 μὴ
3270 2229 3422 2299 παρᾶ
3452 2230 3605 2281 Κων-

2022 2327 2301 2383 σταντίνου
2341 2329 2633 2399 πατρικίου
2667 2327 2763 2381 τοῦ
2789 2327 3035 2396 Γογγύλη
3065 2327 3157 2379 καὶ
3190 2327 3463 2395 Στεφάνου
3498 2342 3604 2398 ινα·-

2020 2421 2264 2491 γίστρου,
2296 2419 2370 2482 ὡς
2392 2417 2707 2487 δυναμένων
2725 2418 2873 2487 παρὰ
2901 2420 2965 2486 τῇ
3003 2417 3291 2488 Λύγοόστῃ
3313 2417 3504 2484 πολλὰ,
3532 2421 3598 2473 τό

2018 2516 2117 2584 τῆς
2145 2513 2437 2585 καταδίκης
2468 2512 2768 2583 ἀνετράπη.
2799 2512 2841 2562 Τ
2844 2511 2921 2562 ὧν
2949 2511 3003 2563 δὲ
3039 2510 3360 2579 Βουλγάρων
3383 2515 3449 2583 τῇ
3473 2513 3599 2584 νίκῃ

2020 2604 2475 2678 κατεπαρθέντων
2499 2605 2593 2658 καὶ
2634 2604 3153 2671 ἐκστρατευσάντων
3187 2605 3349 2673 μέχρι
3375 2608 3473 2673 τῆς
3499 2605 3595 2659 πό-

2015 2702 2176 2764 λεως,
2217 2696 2408 2769 ἐξῆλθε
2457 2698 2610 2751 Λέων
2661 2698 2690 2749 ό
2736 2695 3051 2765 δομέστικος
3094 2695 3205 2748 τῶν
3247 2696 3455 2766 σχολῶν
3503 2700 3598 2751 καὶ

2032 2794 2280 2862 Ἰωάννης
2337 2795 2366 2845 ό
2416 2791 2801 2861 ἐταιρειάρχης
2836 2790 2929 2842 καὶ
2981 2787 3249 2848 Νικόλαος
3279 2792 3305 2841 ό
3338 2788 3449 2853 υίὸς
3501 2789 3595 2842 τοῦ

2015 2883 2205 2947 δουκὸς
2245 2883 2325 2945 είς
2347 2881 2523 2952 χῶρον
2536 2881 2800 2951 Θρακῷον
2818 2878 2962 2933 οὕτω
2992 2879 3286 2946 λεγόμενον
3310 2880 3598 2951 Κατασὺρο

2015 2994 2115 3041 τας
2144 2976 2262 3047 ἅμα
2298 2974 2536 3045 πλείστῳ
2554 2973 2670 3044 λαῷ
2704 2972 2848 3028 κατὰ
2886 2970 3229 3042 Βουλγάρων.
3256 2974 3335 3044 Τῇ
3360 2973 3415 3026 δὲ
3443 2973 3598 3027 νυκτὶ

1939 3085 1984 3147 C
2016 3072 2297 3141 ἀδοκήτως
2329 3070 2703 3125 ἐπιπεσόντων
2744 3068 2929 3130 αὐτοῖς
2952 3068 3063 3120 τῶν
3096 3067 3439 3139 Βονλγάρων.
3497 3068 3596 3120 καὶ

2013 3166 2107 3219 τοῦ
2136 3164 2461 3236 δομεστίκου
2494 3163 2778 3231 φυγόντος,
2802 3161 3017 3230 ἐσφάγη
3039 3158 3303 3224 Νικόλαος
3329 3163 3357 3213 ό
3374 3159 3485 3223 υίὸς
3501 3158 3596 3214 τοῦ

2013 3257 2205 3320 δουκὸς
2229 3257 2323 3311 καὶ
2350 3254 2537 3309 πολλοὶ
2570 3255 2751 3325 ἕτεροι
2788 3255 2906 3323 μετ’
2942 3251 3129 3307 αὑτοῦ.

2088 3358 2175 3404 ια’.
2211 3349 2489 3420 Θεόδωρος
2535 3342 2633 3401 οὖν
2666 3350 2694 3401 ὀ
2728 3345 2824 3401 τοῦ
2881 3346 3144 3417 βασιλέως
3182 3345 3594 3403 Κωνσταντίνου

2013 3442 2384 3511 παιδαγωγὸς,
2423 3442 2565 3512 ὀρῶν
2620 3441 3034 3495 Κωνσταντῖνον
3097 3440 3596 3510 παρακοιμὼμενον

2011 3538 2092 3598 εἰς
2121 3534 2328 3589 Λέοντα
2362 3534 2451 3586 τδν
2506 3532 2637 3587 ίδιον
2674 3531 2926 3603 γαμϐρὸν
2953 3531 3054 3601 τὴν
3083 3530 3365 3602 βασιλείαν
3399 3549 3595 3598 σφετε-

2012 3628 2320 3701 ριζόμενον,
2351 3624 2624 3697 ὑπέθηκεν
2651 3624 3053 3695 Κωνσταντίνῳ
3079 3622 3158 3694 τῷ
3210 3623 3420 3694 βασιλεί
3456 3624 3593 3678 Ῥω-

2013 3719 2182 3789 μανδν
2213 3717 2307 3772 τὸν
2342 3718 2706 3789 δρουγγὰριον
2747 3715 3151 3785 προσλαϐέσθαι
3201 3717 3277 3778 ὥς
3325 3716 3597 3785 πατρικὸν

2009 3812 2175 3865 αὑτοῦ
2202 3810 2388 3863 δοῦλον
2440 3806 2753 3863 καὶοεῦνουν
2784 3807 2853 3861 τὰ
2912 3809 3051 3877 πρὸς
3098 3808 3285 3874 αὑτὸν,
3328 3808 3403 3870 ὡς
3433 3807 3500 3860 ἂν

2011 3906 2109 3957 σὺν
2134 3903 2305 3971 αὐτῷ,
2331 3902 2427 3955 καὶ
2453 3901 2837 3971 διαφυλάττειν
2863 3900 3046 3963 αὐτὸν,
3090 3901 3183 3954 καὶ
3215 3901 3274 3952 ἐν
3301 3896 3381 3962 οἷς
3409 3900 3475 3954 ἂν
3499 3900 3594 3972 δέῃ

2009 3992 2301 4061 σύμμαχον
2344 3990 2488 4059 ἔχειν
2532 3990 2626 4043 καὶ
2663 3988 2878 4059 βοηθόν.
2934 3990 3070 4060 Περὶ
3111 3988 3303 4043 τούτου
3336 3988 3429 4044 οὖν
3460 3989 3593 4042 πολ-

2008 4084 2167 4145 λάκις
2190 4081 2439 4153 λαληθεὶς
2484 4082 2763 4151 Ῥωμανὸς
2785 4082 3079 4137 ἀπείπατο.
3110 4082 3468 4152 Γραμμάτιον
3497 4078 3592 4136 οὖν

2007 4180 2035 4230 ό
2066 4176 2316 4244 βασιλεὺς
2354 4177 2765 4236 Κωνσταντῖνος
2788 4175 3094 4245 αὐτοχείρῳ
3124 4174 3427 4247 διαπράξας
3453 4192 3594 4246 γρα-

2008 4271 2080 4336 φῇ
2122 4267 2217 4321 καὶ
2275 4268 2568 4337 ὑπογραφῇ
2605 4266 3103 4337 διασφαλισάμενος
3137 4269 3459 4321 ἀπέστειλεν
3489 4271 3590 4323 αὑ-

2005 4359 2084 4426 τῷ
2102 4378 2115 4392 ο
2140 4361 2277 4429 ὅπερ
2303 4359 2462 4421 αὐτὸς
2486 4358 2580 4411 ἐπὶ
2603 4362 2791 4429 χεῖρας
2808 4359 2990 4411 λαϐὼν
3024 4359 3292 4429 ὑπέσχετο
3316 4359 3417 4429 τὴν
3446 4358 3588 4414 κατᾶ

2007 4450 2101 4503 τοῦ
2135 4449 2638 4520 παρακοιμωμὲνου
2669 4449 3084 4504 Κωνσταντίνου
3126 4453 3221 4504 καὶ
3251 4449 3361 4502 τῶν
3389 4466 3590 4517 συγγε-

2002 4542 2108 4595 νῶν
2133 4540 2299 4594 αὑτοῦ
2330 4541 2594 4606 ἐπίθεσιν,
2622 4541 2707 4613 [Ρ.
2741 4541 2868 4613 942]
2896 4543 2970 4605 ὡς
3006 4542 3115 4596 δέει
3142 4542 3211 4604 ⁸⁸,
3230 4543 3585 4613 ποιήσασθαι.

2001 4636 2113 4705 Τῆς
2146 4636 2333 4706 φήμης
2360 4631 2454 4688 οὖν
2478 4636 2679 4704 ταύτης
2725 4634 3044 4705 διαθεούσης
3076 4636 3170 4689 καὶ
3190 4635 3284 4690 τοῦ
3312 4653 3584 4708 παρακοιο

2002 4725 2258 4796 μωμένου
2319 4727 2831 4793 καταναγκάζοντος
2897 4727 3181 4797 Ῥωμανδν
3251 4729 3586 4800 ἀποκινῆσαι

2003 4820 2139 4889 μετὰ
2168 4820 2260 4872 τοῦ
2302 4820 2490 4874 στόλου
2541 4821 2642 4891 τὴν
2670 4824 3067 4894 νενομισμένην
3102 4822 3272 4893 ρόγαν
3299 4822 3582 4889 λαϐόντος,

2003 4914 2060 4965 ἐν
2090 4914 2155 4982 τῇ
2194 4911 2477 4982 ὲξαρτύσει
2508 4911 2564 4964 δὲ
2589 4912 2742 4976 όντος
2768 4911 2863 4965 τοῦ
2900 4913 3186 4982 Ῥωμανοῦ
3213 4914 3307 4966 καὶ
3334 4913 3401 4966 τὰ
3423 4915 3582 4967 πλοῖα

2001 5005 2438 5075 εὖτρεπίζοντος,
2456 5004 2679 5073 ἐξῆλθεν
2702 5005 3111 5066 Κωνστανττνος
3148 5006 3585 5075 παρακοιμὼμε-

2002 5116 2089 5160 νος
2121 5098 2195 5159 ὼς
2242 5096 2653 5159 ἐπισπουδάζων
2691 5097 2855 5151 αὑτὸν
2905 5096 3000 5150 τοῦ
3051 5097 3369 5153 ἐκπλεῦσαι.
3411 5099 3468 5152 Ὀ
3523 5097 3582 5151 δέ

1998 5189 2173 5259 τούτῳ
2203 5188 2433 5257 δουλικῷ
2456 5188 2534 5257 τῷ
2584 5190 2822 5258 σχήματι
2850 5190 3289 5259 προῦπὴντησεν,
3326 5190 3420 5243 καὶ
3444 5206 3578 5256 προ-

2004 5280 2188 5348 θύμως
2210 5282 2461 5348 ποιήσειν
2492 5279 2551 5332 τὸ
2587 5280 2944 5349 κελευόμενον
2973 5279 3374 5349 ἐπηγγέλλετο⁸
3408 5278 3501 5340 καὶ
3530 5281 3578 5333 εἰ

1999 5374 2112 5442 ἔχει
2146 5372 2347 5442 ἄνδρας
2369 5371 2597 5434 εὐειδεῖς
2629 5372 2721 5425 καὶ
2784 5372 3063 5441 γενναίους
3091 5373 3431 5444 ἐπιτηδείους
3479 5374 3579 5443 τὴν

2003 5466 2289 5539 βασιλικὴν
2321 5466 2564 5537 ἐρέττειν
2590 5467 2790 5537 τριήρη
2817 5467 3061 5529 εἰπόντος
3100 5467 3235 5537 πρὸς
3274 5466 3573 5537 Ῥωμανὸν,

1988 5556 2141 5623 οὗτος
2193 5558 2356 5623 εὐθὺς
2387 5558 2603 5613 ενευσιν
2651 5557 2862 5625 τούτοις
2891 5562 2956 5629 τῇ
2991 5560 3135 5630 χειρὶ
3183 5558 3419 5628 ἑτοίμοις
3454 5555 3575 5612 οἷσι

1613 5657 1845 5715 VARUE
1878 5654 2289 5715 LECTIONES.

392 5740 434 5769 “
466 5740 569 5793 δέοι
600 5741 618 5792 τ’
650 5758 712 5795 an
739 5743 865 5794 δεῖῖ
