4066 6040
441 257 548 320 419

1565 252 2076 317 THEOPHANES
2111 253 2668 319 CONTINUATUS.

3606 253 3710 317 4'20

444 365 713 423 l’hotinus
762 364 1077 437 Platypodis
1116 364 1261 421 lilius
1289 364 1412 435 ejus
1459 363 1648 422 tuendi
1695 381 1865 421 causa
1905 380 2030 421 con-

2144 385 2311 439 κτωρ,
2340 372 2629 438 σφάττεται
2663 369 2722 424 δὲ
2761 368 2901 438 ὑπὲρ
2931 367 3123 422 τούτου
3147 366 3547 438 ἀγωνιζόμενος
3591 368 3710 419 Φωσ-

446 459 708 515 certando
741 469 992 524 necatur,
1032 459 1234 529 aliique
1265 459 1443 513 multi.
1482 457 1683 513 [lector
1705 457 1872 527 igitur
1893 471 2036 526 aegre

443 561 691 607 set-vatus
726 550 778 604 in
810 552 1046 606 celocem
1081 551 1283 606 evadit.
1327 548 1486 603 Venit
1526 564 1651 605 vero
1679 557 1734 603 et
1765 550 1881 620 ipse
1912 547 2034 619 fuga

444 645 691 713 dilapsus
723 645 893 698 armis
928 644 1109 713 gravis
1168 643 1393 697 Alexius
1436 641 1774 711 drungarius
1806 641 2032 696 Muselev

445 753 544 791 nec
600 751 725 790 cum
759 736 840 789 eis
882 737 1083 789 relocis
1118 740 1320 791 scalam
1355 738 1642 789 commode
1692 734 1827 790 satis
1870 747 2034 788 scan-

443 830 571 882 dere
596 828 802 893 valens,
833 842 939 881 una
965 842 1089 879 cum
1121 840 1225 882 suo
1258 826 1767 894 protmnandatore,
1794 838 2036 894 praecl-ps

444 922 499 975 in
537 935 684 972 mare
712 928 891 983 actus,
923 918 1082 987 aquis
1117 917 1417 972 suffocatus
1445 928 1551 971 est.
1603 916 1781 971 Ambo
1818 916 2032 987 Argyri,

442 1028 566 1066 cum
598 1012 811 1066 scilicet
841 1010 1050 1064 Pothus
1084 1020 1193 1063 tum
1232 1008 1340 1063 Leo
1364 1008 1528 1080 [.02
1579 1008 1863 1075 patricius,
1907 1006 2032 1075 fuga

443 1088 497 1160 in
534 1106 815 1161 castellum
849 1113 1162 1159 evaserunt.
1203 1100 1435 1157 Navales
1482 1118 1544 1157 ac
1577 1102 1798 1173 reliqua:
1841 1117 2034 1157 omnes

443 1201 613 1269 cnpiae
680 1200 877 1269 partim
940 1197 1177 1250 hostium
1222 1211 1418 1250 manus
1480 1194 1720 1265 ell‘ugere
1752 1195 2032 1249 studentes

444 1293 500 1347 in
552 1294 687 1345 mari
739 1290 1025 1345 exstinctae
1072 1298 1221 1353 sunt,
1263 1290 1459 1359 partim
1522 1288 1664 1343 ferro
1715 1290 2030 1357 perierunt,

443 1386 640 1456 partim
707 1385 850 1453 capti
905 1399 933 1437 a
992 1382 1238 1453 Bulgaris
1312 1392 1461 1438 sunt.
1526 1382 1753 1436 Demum
1811 1380 2031 1453 Bulgari

444 1481 662 1534 nemine
684 1477 789 1533 illis
811 1478 1108 1533 obsistente
1128 1479 1302 1547 regias
1318 1474 1581 1547 Prgarum
1608 1475 1751 1531 aedes
1778 1475 2036 1532 incende-

444 1580 575 1627 runt
618 1580 901 1640 totumque
930 1568 1153 1623 Stenum
1188 1569 1297 1639 igni
1329 1577 1699 1623 vastaverunt.
1742 1565 1832 1622 Sic
1872 1568 2034 1620 nimi—

446 1683 567 1721 rum
585 1666 790 1739 grande
816 1667 1013 1719 malum
1034 1665 1245 1720 consilii
1280 1664 1459 1734 inopia
1488 1678 1781 1733 rerumque
1810 1664 2033 1733 imperi-

446 1758 542 1821 tia,
566 1759 652 1812 cui
677 1757 902 1812 audacia
929 1772 989 1810 ac
1014 1760 1291 1811 temeritas
1329 1764 1529 1825 priesto
1563 1766 1646 1810 est
1687 1770 1751 1810 ac
1782 1753 1945 1808 lavet.
1996 1764 2008 1770 '

514 1852 568 1906 9.
631 1849 833 1906 Mensis
892 1848 1182 1905 Februarii
1247 1847 1336 1903 die
1396 1848 1680 1913 vicesimo,
1739 1848 2037 1902 indictiOne

443 1945 684 2008 decima,
736 1942 1027 1997 Tlieodora
1081 1942 1315 1996 Romani
1366 1941 1566 2009 coniux
1616 1942 1870 1995 moritur.
1904 1939 2038 2009 Ejus

444 2036 677 2093 cadaver
710 2035 764 2089 in
798 2035 1028 2091 Romani
1081 2036 1258 2105 ipsius
1301 2036 1484 2101 domo,
1526 2050 1692 2104 quam
1741 2035 1794 2090 in
1844 2050 2033 2089 mona-

446 2129 671 2185 sterium
734 2136 995 2190 mutarat,
1051 2127 1363 2197 depositum
1414 2135 1519 2182 est.
1584 2124 1791 2181 Eodem
1847 2140 2037 2181 mense

443 2233 745 2278 coronatur
798 2220 1001 2292 Sophia
1036 2218 1417 2289 Christoplmri
1470 2220 1821 2289 imperatoris
1871 2236 2032 2275 uxor.

445 2314 651 2369 Eodem
708 2322 953 2382 tempore
1001 2312 1121 2364 Ibcr
1160 2313 1475 2381 curopalata
1535 2313 1587 2364 in
1639 2312 1831 2365 urbem
1862 2313 2032 2371 venit.

444 2422 648 2477 perque
680 2405 918 2460 medium
949 2402 1128 2459 forum
1152 2404 1419 2460 deductus
1452 2403 1743 2474 magnifico
1769 2414 2033 2473 apparatu

443 2509 697 2555 ornatum
729 2514 854 2552 cum
886 2511 1083 2567 magna
1116 2498 1364 2551 claritate
1404 2506 1458 2551 et
1502 2498 1707 2551 honore
1746 2508 2033 2566 susceptus

441 2601 547 2646 est.
571 2590 1088 2645 lndnxeruntetiam
1122 2589 1276 2643 illum
1312 2590 1363 2643 iu
1400 2588 1457 2642 S.
1488 2588 1730 2658 Sophim,
1763 2598 1822 2645 ut
1855 2606 2030 2646 sacrae

443 2684 567 2754 ejus
597 2684 731 2739 mdis
760 2682 1225 2751 pulchritudinem
1274 2695 1327 2737 et
1372 2668 1767 2740 immanitatem
1802 2699 1866 2738 ac
1911 2698 2033 2753 pre-

445 2774 813 2831 tiosissimum
847 2775 1053 2829 cultum
1076 2774 1255 2829 oculis
1281 2775 1397 2843 ipse
1429 2775 1709 2830 lustraret.
1739 2774 2032 2846 Splendida

443 2883 680 2939 namque
719 2878 1001 2930 ornantes,
1055 2882 1301 2936 auroque
1334 2867 1499 2921 textis
1553 2868 1740 2923 aulzeis
1795 2869 2031 2938 parietes

443 2958 949 3014 circumvestientes
981 2960 1270 3028 omnisque
1314 2960 1530 3029 generis
1571 2962 1721 3015 cultu
1761 2959 2030 3014 det-oran-

441 3062 543 3118 tes,
578 3052 659 3105 sic
690 3067 814 3105 eum
862 3052 1225 3106 admiserunt.
1257 3051 1348 3105 Ille
1384 3051 1691 3106 mirandam
1740 3051 2026 3108 immanis-

441 3157 549 3210 que
621 3142 783 3195 molis
858 3143 1043 3213 templi
1108 3141 1373 3196 fabricam
1442 3152 1690 3212 stupens,
1754 3120 2097 3213 supraqueC

441 3233 664 3288 modum
713 3234 1022 3290 admiratus
1067 3233 1215 3289 illius
1264 3236 1731 3305 pretiosissimum
1788 3236 2022 3300 cultum,

440 3340 506 3380 ac
553 3342 677 3381 cum
711 3328 937 3382 dixisset
969 3343 1187 3383 sacrum
1235 3328 1381 3382 hunc
1421 3329 1601 3383 locum
1642 3344 1771 3384 vere
1795 3327 1889 3383 Dei
1922 3328 2023 3383 ba-

440 3418 739 3474 bitaculum
775 3433 917 3485 esse,
949 3419 1173 3474 domum
1230 3436 1486 3475 reversus
1540 3431 1644 3476 est.

515 3508 603 3563 10.
638 3507 849 3564 Rursus
874 3524 1005 3563 vero
1034 3525 1064 3563 a
1099 3509 1349 3579 Bulgaris
1386 3522 1639 3579 suscepta
1675 3509 2023 3580 expeditione

439 3609 493 3655 et
525 3614 649 3655 cum
691 3599 766 3653 illi
796 3600 1042 3669 adusque
1073 3598 1132 3653 S.
1160 3599 1460 3655 Theodorae
1509 3600 1687 3670 regias
1734 3600 1881 3655 aedes
1929 3616 2025 3653 ve-

444 3695 654 3749 nissent
695 3708 900 3763 easque
927 3694 1037 3766 igni
1090 3694 1482 3760 incendissent,
1520 3694 1682 3766 503
1732 3695 2029 3762 imperator

442 3783 726 3840 Romanus
754 3785 982 3855 prandio
1004 3785 1151 3839 laute
1169 3786 1439 3841 instructo
1468 3786 1745 3856 agminum
1771 3786 2029 3841 ductores

444 3877 715 3943 invitavit,
760 3892 883 3930 cum
928 3887 1004 3942 et,
1034 3893 1199 3948 quem
1242 3886 1461 3943 vocant,
1503 3878 1750 3934 Sactices
1791 3878 1898 3933 illis
1935 3892 2029 3932 co-

444 3985 561 4023 mes
594 3980 758 4024 esset.
784 3969 1043 4023 Hortatur
1079 3985 1211 4041 ergo
1239 3969 1507 4038 iubetque
1545 3969 1809 4025 adversus
1840 3971 2030 4025 hostes

441 4063 593 4117 exire
645 4078 709 4117 ac
748 4078 849 4133 pro
886 4064 1076 4133 patriae
1099 4063 1480 4119 incolumitate
1526 4077 1792 4135 pugnare.
1825 4062 2029 4117 Assen-

442 4161 635 4210 serunt
669 4153 770 4215 illi,
799 4161 965 4223 atque
1002 4154 1214 4209 alacres
1243 4155 1419 4224 ipsius
1466 4155 1773 4225 majestatis
1805 4155 2022 4210 tuendas

443 4262 607 4302 causa
633 4262 697 4302 ac
716 4247 1065 4304 Christianos
1090 4247 1388 4303 ulciscendi
1422 4248 1764 4317 oppetituros
1788 4262 1848 4304 se
1876 4262 2029 4303 mor-

444 4352 551 4399 tem
582 4342 635 4397 in
668 4358 727 4398 se
760 4351 1101 4413 receperunt.
1138 4342 1407 4399 Postridie
1452 4346 1638 4415 igitur,
1686 4358 1850 4415 quem
1883 4343 2030 4402 dixi-

445 4451 592 4502 mus,
645 4436 909 4496 Sactices.
964 4436 1033 4490 ab
1087 4436 1418 4505 imperatore
1474 4436 1643 4492 armis
1699 4436 2021 4501 instructus,

446 4544 630 4584 veram
680 4528 748 4583 ab
801 4528 921 4598 ipso
946 4528 1129 4583 datam
1162 4529 1322 4584 ﬁdem
1360 4545 1423 4585 ac
1452 4545 1616 4599 quam
1639 4529 1872 4599 iactarat
1913 4530 2025 4585 for-

446 4621 735 4677 titudinem
787 4621 1057 4677 ostendit:
1104 4620 1368 4690 Bulgaros
1414 4622 1616 4692 quippe
1666 4637 1697 4676 a
1735 4631 1885 4692 tergo
1929 4637 2027 4694 ag-

445 4728 690 4786 gressus,
742 4715 907 4783 inque
960 4729 1150 4768 eorum
1203 4723 1384 4770 castra
1431 4716 1706 4781 insiliens,
1766 4732 1907 4786 quos
1954 4717 2025 4773 ibi

447 4808 688 4877 reperit,
720 4821 914 4863 omnes
965 4807 1279 4862 trucidavit.
1312 4806 1530 4880 Bulgari
1566 4810 1734 4881 igitur
1762 4811 1853 4865 ubi
1885 4811 2029 4866 didi-

444 4911 571 4956 cere
642 4900 785 4969 quod
851 4901 925 4955 ita
987 4911 1264 4965 evenerat,
1316 4902 1369 4956 in
1421 4910 1599 4958 castra
1680 4914 2029 4959 revertuntur

445 5001 812 5063 consertaque
851 4993 967 5048 acie
1015 4992 1283 5050 Sacticem
1328 4998 1518 5064 paucis
1563 4996 1821 5064 stipatum
1877 5004 2026 5065 terga

447 5091 660 5139 vertere
691 5093 912 5156 cogunt.
959 5082 1008 5139 Is
1033 5085 1215 5155 itaque
1270 5095 1492 5140 strenue
1521 5086 1786 5140 desudan
1818 5087 2025 5156 pralio,

447 5174 700 5248 factaque
746 5177 985 5233 hostium
1016 5176 1219 5247 ingenti
1258 5184 1459 5247 strage,
1490 5193 1615 5232 cum
1649 5187 1814 5234 tantae
1835 5194 2029 5235 eorum

448 5269 781 5326 multitudini
842 5269 1175 5325 sustinenda:
1236 5285 1334 5339 par
1392 5270 1630 5339 amplius
1688 5286 1796 5327 non
1857 5283 2025 5337 esset,

446 5364 640 5418 laxatis
672 5364 901 5418 habenis
931 5377 1129 5435 equum
1153 5362 1220 5418 ad
1248 5363 1430 5432 fugam
1461 5363 1710 5435 impellit.
1746 5362 1803 5417 In
1835 5365 2026 5433 cujus-

445 5456 569 5511 dam
606 5469 786 5511 autcm
828 5458 1006 5512 amnis
1036 5456 1289 5521 transitu,
1320 5470 1465 5526 equo
1496 5456 1550 5510 in
1580 5472 1741 5511 emno
1766 5458 2025 5525 haerente,

448 5547 647 5602 vulnus
692 5548 746 5602 in
794 5562 959 5601 anum
1018 5556 1070 5600 et
1127 5544 1305 5599 femur
1361 5546 1588 5614 accepit.
1627 5544 1826 5601 Verum
1880 5563 2025 5616 equo

452 5653 591 5709 agre
629 5638 849 5696 tandem
914 5654 1141 5693 suorum
1197 5652 1328 5693 cura
1375 5647 1430 5693 et
1469 5638 1737 5693 industria
1778 5656 1808 5695 e
1868 5655 2028 5696 emno

449 5734 637 5791 evulso
671 5733 738 5790 ad
768 5730 1098 5791 Blachcrnas
1151 5747 1326 5802 usque
1364 5732 1573 5789 evasit:
1600 5744 1762 5804 atque
1792 5736 1845 5790 in
1873 5752 2026 5792 sacra

2135 462 2313 525 τεινδς
2336 465 2363 515 6
2392 464 2486 516 τοῦ
2520 462 2838 534 Πλατυπόδη
2866 464 2981 525 υίὸς
3006 465 3097 516 καί
3127 461 3311 514 πολλοὶ
3349 459 3547 529 ἱτεριι.
3596 458 3712 513 Mdu

2136 552 2219 617 λις
2246 551 2340 608 οὖν
2375 559 2403 610 6
2436 556 2680 626 ραίκτωρ
2708 555 3001 618 διασωθεὶς
3039 553 3287 625 εἰσῆλθεν
3335 558 3413 616 εἰς
3454 556 3545 607 τὸν
3591 554 3714 608 606-

2140 662 2315 714 μωνα.
2344 642 2549 701 Ἦλθεν
2581 648 2638 700 δὲ
2663 647 2881 715 φεύγων
2906 644 3125 709 ἔνοπλος
3150 647 3245 700 καὶ
3265 645 3499 711 Ἀλέξιος
3523 646 3716 716 δρουγη

2136 741 2328 809 γάριος
2353 740 2382 792 6
2428 738 2695 801 Μουσελὲ,
2746 740 2842 791 καὶ
2875 740 2951 808 μὴ
2981 739 3208 807 ἰσχύσας
3237 738 3426 791 τέλεον
3472 737 3717 791 ἀνελθεῖν

2136 836 2194 886 ὲν
2223 836 2288 905 τῇ
2318 832 2408 887 τοῦ
2443 833 2719 903 δρόμωνος
2741 832 3053 901 ἀποϐάθρᾳ,
3078 831 3262 884 πεσὼν
3297 833 3354 882 ὲν
3376 834 3441 901 τῇ
3471 830 3718 899 θαλάσση

2139 927 2236 979 σὺν
2269 925 2345 996 τῷ
2377 926 2544 980 αὑτοῦ
2582 926 3067 995 πρωτομανδάτορι
3123 924 3420 992 ἀπεπνίγη.
3457 922 3719 994 Ἀργυροὶ

2134 1020 2211 1087 δὲ,
2245 1019 2274 1072 ὃ
2297 1036 2355 1072 τε
2387 1018 2558 1080 Πόθος
2585 1020 2679 1071 καὶ
2702 1019 2853 1071 Λέων
2888 1018 3176 1088 πατρίκιος
3196 1058 3210 1081 ,
3246 1018 3304 1069 ὲν
3360 1016 3440 1087 τῷ
3493 1015 3719 1070 καστελ-

2134 1110 2236 1182 λίῳ
2269 1109 2545 1180 φυγόντεςῖ
2562 1110 2923 1180 διεσώθησαν.
2956 1110 3199 1178 Πλώῖμοι
3232 1111 3284 1162 δὲ
3312 1110 3402 1161 καὶ
3450 1108 3511 1161 τὸ
3567 1108 3719 1161 ἅπαν

2137 1203 2363 1275 πλῆθος,
2400 1203 2449 1255 οἱ
2486 1204 2584 1273 μὲν
2603 1203 2703 1266 τὰς
2733 1203 2844 1257 τῶν
2876 1202 3152 1273 πολεμίων
3186 1204 3373 1272 χεῖρας
3404 1200 3718 1269 φεύγοντες

2136 1298 2193 1347 ὲν
2222 1298 2286 1367 τῇ
2325 1295 2570 1365 θαλάσσῃ
2597 1297 3006 1366 ἀπεπνίγησαν,
3049 1293 3199 1367 [249]
3221 1295 3270 1346 οί
3296 1295 3351 1347 δὲ
3378 1294 3595 1363 σιδήρου
3620 1308 3715 1362 γεν

2135 1387 2326 1456 γόνασι
2350 1390 2753 1458 παρανάλωμα,
2784 1388 2909 1443 οἶδὲ
2943 1390 3098 1458 χερσὶ
3144 1387 3535 1457 Βουλγαρικαίς
3591 1403 3712 1439 συνι

2135 1476 2466 1548 ελήφθησαν.
2501 1478 2563 1529 Ol
2596 1478 2652 1530 δὲ
2699 1477 3001 1549 Βούλγαροι
3040 1478 3244 1548 μηδένα
3274 1479 3366 1532 τὸν
3393 1477 3713 1531 διακωλύον-

2133 1584 2203 1620 τα
2232 1567 2446 1636 ἔχοντες
2476 1568 2545 1619 τά
2573 1584 2632 1619 τε
2656 1567 2763 1619 τῶν
2807 1567 3007 1637 Πηγῶν
3049 1567 3290 1621 παλάτια
3328 1566 3720 1637 ἐπυρπόλησαν

2136 1658 2229 1712 καὶ
2259 1657 2318 1710 τὸ
2347 1658 2540 1711 Στενὸν
2566 1658 2711 1713 ἀπαν
2748 1660 3118 1715 κατέκαυσαν.
3186 1658 3373 1724 Οὕτως
3410 1660 3518 1730 ἀρα
3544 1661 3718 1713 δεινὸν

2065 1743 2106 1795 Β
2134 1750 2361 1806 ἀϐουλία
2390 1754 2482 1806 καὶ
2511 1754 2735 1823 ἀπειρία
2767 1753 3081 1825 θρασύτητα
3107 1753 3394 1823 σύμμαχον
3424 1753 3643 1824 ἔχουσα.

2209 1842 2484 1898 Θ¹.Είκάδι
2515 1845 2572 1898 δὲ
2590 1843 2943 1915 Φεϐρουαρίῳ
2979 1846 3128 1915 μηνὶ,
3170 1844 3504 1908 ίνδικτιῶνος
3558 1846 3720 1899 δειιιά⁸

2134 1953 2256 2003 της.
2278 1936 2533 2007 Θεοδώρα
2558 1936 2792 2007 σύμϐιος
2841 1936 3126 2007 Ῥωμανοῦ
3159 1936 3406 2007 τελευτᾷ.
3441 1937 3535 1989 καὶ
3587 1954 3721 1990 κατ-

2135 2026 2295 2097 ετέθη
2322 2028 2383 2080 τὸ
2404 2028 2564 2097 σῶμα
2587 2029 2759 2097 αὐτῆς
2791 2030 2850 2079 ἐν
2876 2028 2954 2098 τῷ
2977 2029 3114 2095 οἴκῳ
3139 2028 3305 2081 αὖτοῦ
3330 2028 3421 2080 τοῦ
3452 2028 3718 2098 βασιλέως

2146 2121 2425 2191 Ῥωμανοῦ
2452 2121 2531 2193 τῷ
2566 2122 2655 2174 ὑπ’
2678 2120 2844 2175 αὑτοῦ
2880 2120 3243 2191 μοναστήριον
3264 2122 3605 2191 ὰμειφθέντι.
3627 2120 3719 2189 Τῷ

2132 2213 2189 2267 δὲ
2212 2213 2361 2285 αὐτῷ
2391 2214 2523 2283 μηνὶ
2556 2214 2814 2281 στέφεται
2844 2213 3014 2280 Σοφία
3039 2215 3072 2283 ἡ
3100 2212 3195 2266 τοῦ
3248 2213 3513 2283 βασιλέως
3579 2214 3719 2284 Χρι-

2134 2305 2397 2376 στυφόρου
2420 2305 2580 2371 γυνή.
2655 2303 2973 2373 Τηνικαῦτα
2996 2302 3053 2356 δὲ
3090 2303 3183 2355 καὶ
3222 2304 3251 2355 6
3303 2304 3717 2376 κουροπαλάτης

2136 2394 2294 2463 Ἴσηρ
2334 2398 2393 2449 ὲν
2435 2397 2501 2465 τῇ
2558 2397 2713 2449 πόλει
2752 2395 3108 2467 παρεγένετο,
3163 2397 3257 2449 καὶ
3281 2396 3371 2448 διὰ
3412 2396 3586 2466 μέσης
3614 2397 3715 2467 τῆς

2131 2490 2335 2559 ἀγορᾶς
2364 2487 2607 2551 διελθὼν,
2632 2490 3061 2560 κεκοσμημένης
3081 2489 3374 2559 λαμπρῶς,
3397 2492 3535 2559 μετά
3556 2489 3717 2558 δόξης

2132 2582 2333 2654 πολλῆς
2395 2584 2489 2637 καὶ
2536 2584 2701 2654 τιμῆς
2752 2584 3025 2654 ὑπεδέχθη
3054 2601 3068 2616 ο
3104 2583 3162 2635 ὃν
3190 2586 3285 2638 καὶ
3326 2585 3386 2637 ὲν
3446 2586 3513 2654 τῇ
3556 2585 3719 2655 Ἁγίᾳ

2130 2676 2223 2730 τοῦ
2255 2675 2390 2729 Θεοῦ
2426 2676 2595 2747 Σοφίᾳ
2616 2676 2931 2747 ἀπήγαγον,
2963 2676 3026 2730 τὸ
3056 2677 3251 2741 κάλλος
3294 2678 3465 2749 αὐτῆς
3516 2678 3610 2730 καὶ
3654 2678 3720 2731 τδ

2134 2766 2361 2838 μέγεθος
2394 2767 2726 2839 θεασόμενον
2753 2769 2960 2822 καὶτὸν
2993 2769 3259 2838 πολυτελῆ
3288 2770 3515 2838 κόσμον.
3567 2770 3718 2824 Καλ-

2130 2860 2465 2925 λωπίσαντες
2494 2863 2602 2932 γὰρ
2629 2862 2835 2933 ταύτην
2863 2864 2957 2916 καὶ
2997 2864 3449 2935 περιστείλαντες
3478 2863 3712 2925 πέπλοις

2129 2958 2459 3024 χρυσοῦφέσι
2521 2956 2618 3009 καὶ
2648 2955 2842 3025 κόσμῳ
2865 2958 3130 3025 παντοίῳ,
3175 2954 3347 3019 οὕτως
3387 2956 3549 3010 αὑτὸν
3598 2958 3717 3010 δίσ-

2128 3048 2338 3119 ήγαγον
2365 3050 2421 3100 ὲν
2443 3049 2602 3120 αὐτῇ.
2642 3048 2701 3101 Ὀ
2724 3048 2780 3102 δὲ
2804 3050 2863 3101 τὸ
2884 3049 3199 3119 θαυμαστὸν
3221 3050 3315 3102 καὶ
3342 3048 3715 3121 ὑπερμέγεθες

2127 3141 2223 3193 τοῦ
2253 3140 2379 3193 ναοῦ
2403 3140 2564 3210 ἔργον
2588 3141 2961 3207 καταπλαγεὶς
2985 3142 3191 3194 καὶτὸν
3223 3143 3494 3211 πολυτελῆ
3512 3144 3718 3212 κόσμον

2128 3232 2585 3303 ὑπερθαυμάσας,
2636 3234 2732 3287 καὶ
2780 3234 2998 3302 ἀληθῶς
3054 3233 3191 3287 Θεοῦ
3244 3238 3528 3288 κατοικίαν
3574 3232 3716 3290 εἶναι

2125 3325 2217 3377 τὸν
2249 3326 2394 3396 ἱερὸν
2420 3325 2599 3397 χῶρον
2631 3326 2821 3381 τοῦτον
2861 3328 3051 3392 εἰπὼν,
3082 3324 3238 3389 αὖθις
3266 3329 3612 3397 ὑπέστρεψεν
3635 3333 3716 3393 εἰς

2127 3417 2197 3469 τὰ
2224 3417 2353 3470 ῐδια.

2199 3517 2253 3566 ι’.
2287 3510 2409 3562 Τῶν
2444 3511 2503 3564 δὲ
2532 3509 2859 3579 Βουλγάρων
2886 3511 3049 3565 πάλιν
3075 3512 3593 3579 ἐκστρατευσάντων
3620 3518 3721 3568 καὶ

2130 3606 2293 3675 μέχρι
2316 3606 2414 3671 τῆς
2452 3603 2649 3673 Ἀγίας
2691 3605 2972 3676 Θεοδώρας
3020 3607 3285 3660 ἐλθόντων
3314 3609 3594 3661 παλατίων
3622 3613 3719 3664 καὶ

2125 3696 2297 3751 ταῦτα
2347 3696 2483 3766 πυρὶ
2531 3697 2960 3767 παραδιδόντων,
3024 3701 3104 3759 είς
3132 3700 3410 3768 ἄριστονὸ
3460 3699 3717 3768 βασιλεὺς

2138 3789 2417 3861 Ῥωμανδς
2466 3791 2578 3843 τῶν
2623 3791 2922 3862 ταγμάτων
2992 3792 3261 3862 ἄρχοντας
3311 3794 3669 3845 συνεκάλεσεν
3698 3836 3712 3853 ,

2128 3883 2377 3945 συνόντος
2429 3883 2613 3946 αὐτοῖς
2663 3884 2758 3937 καὶ
2816 3882 2909 3938 τοῦ
2958 3883 3254 3951 λεγομένου
3294 3886 3558 3952 Σακτίκη.
3604 3887 3713 3939 Καὶ

2126 3975 2360 4047 παρῄνει
2382 3976 2592 4041 τούτοις
2616 3978 2712 4030 καί
2736 3978 3117 4048 προύτρέπετο
3135 3980 3280 4030 κατά
3304 3978 3413 4030 τῶν
3448 3980 3712 4032 ἐναντίων

2126 4068 2365 4135 ἐξελθεῖν
2396 4070 2492 4123 καὶ
2535 4070 2635 4139 τῆς
2662 4069 3505 4142 ’πατρίδοςιὺπεραγωνίσασθαι.
3549 4071 3614 4124 0i
3659 4071 3720 4124 δὲ

2127 4160 2414 4216 συνέθεντο
2471 4160 2709 4231 ἑτοίμως
2765 4162 2864 4233 τῆς
2916 4159 3085 4214 αὐτοῦ
3138 4160 3417 4230 βασιλείας
3467 4162 3713 4235 καὶτῶν

2127 4253 2471 4325 Χριστιανῶν
2532 4254 3065 4325 ὑπεραποθνήσκειν.
3134 4254 3215 4325 Τῇ
3284 4249 3378 4307 οὖν
3442 4253 3717 4327 ἐπαύριον

2128 4346 2515 4410 καθοπλισθεὶς
2532 4347 2686 4417 παρά
2716 4345 2811 4401 τοῦ
2847 4345 3113 4416 βασιλέως
3140 4347 3169 4398 6
3199 4345 3490 4416 εἰρημένος
3517 4346 3719 4401 Σακτί-

2127 4455 2229 4509 κης
2252 4437 2426 4509 άληθῆ
2455 4437 2623 4494 οὖσαν
2657 4438 2755 4511 τὴν
2777 4439 2945 4493 αὑτοῦ
2978 4439 3165 4492 πίστιν
3193 4440 3291 4491 καὶ
3322 4437 3549 4510 ἀνδρίαν
3611 4440 3722 4493 ἀπ-

2130 4530 2332 4596 έδειξεν
2366 4547 2378 4560 ·
2410 4529 2638 4585 ὄπισθεν
2670 4531 2781 4601 γὰρ
2803 4531 2913 4584 τῶν
2948 4529 3278 4601 Βουλγάρων
3304 4530 3597 4601 γενόμενος
3622 4531 3721 4585 καὶ

2128 4625 2209 4687 είς
2261 4622 2323 4678 τδ
2380 4622 2752 4695 στρατόπεδον
2790 4622 2972 4678 αὐτῶν
3023 4623 3286 4677 είσελθὼν
3342 4623 3556 4687 πάντας
3585 4624 3719 4687 τοὺς

2128 4714 2247 4767 ἐκεῖ
2274 4712 2599 4782 εὑρεθέντας
2626 4713 2989 4781 κατέσφαξεν.
3028 4714 3311 4777 Μαοόντες
3339 4711 3434 4767 οὖν
3458 4712 3509 4767 oi
3543 4712 3717 4768 Βούλ-

2129 4822 2291 4877 γαροι
2325 4804 2387 4860 τὸ
2414 4806 2640 4874 γεγονὸς
2664 4807 3106 4875 ὑποστρέφουσιν
3144 4807 3202 4858 ὲν
3232 4805 3311 4875 τῷ
3337 4805 3716 4874 στρατοπέδῳ.

2130 4900 2225 4953 καὶ
2258 4898 2499 4969 πολιμου
2540 4899 3008 4970 συγκροτηθέντος
3032 4899 3296 4968 τρέπουσι
3318 4900 3409 4952 τὸν
3440 4897 3720 4969 Σακτίκην

2132 5000 2229 5051 σὺν
2258 4997 2459 5064 ὀλίγων
2488 4996 2831 5067 ὑπάρχοντα.
2880 4995 2939 5049 Ὀ
2968 4994 3026 5049 δε
3052 4995 3247 5065 ἑπειδὴ
3274 4993 3537 5063 γενναίως
3567 4995 3719 5060 ἀγω·

2131 5090 2252 5145 νισά
2262 5107 2421 5159 μενος
2451 5092 2546 5145 καὶ
2566 5089 2797 5152 πολλοὺς
2824 5088 3032 5143 ἀνελὼν
3062 5089 3246 5143 οὐκέτι
3281 5088 3528 5157 ἀντέχειν
3584 5088 3717 5157 ἡδύ.

2130 5195 2265 5234 vaco
2291 5180 2429 5250 πρὸς
2462 5178 2524 5233 τδ
2564 5178 2770 5249 πλῆθος
2822 5179 2930 5231 τῶν
2969 5178 3272 5247 πολεμίων,
3330 5179 3553 5247 μεθίησι
3614 5177 3712 5230 τοῦ

2134 5270 2303 5324 ἵππου
2334 5269 2428 5324 τδν
2458 5269 2673 5342 χαλινὸν
2701 5270 2796 5324 καὶ
2839 5271 2918 5333 είς
2949 5268 3132 5339 φυγὴν
3182 5266 3265 5341 [Ρ.
3295 5268 3425 5343 250]
3486 5268 3711 5340 ἧλαυνε.

2131 5362 2385 5432 Ποταμὸν
2422 5362 2481 5417 δέ
2512 5379 2639 5416 τινα
2670 5363 3056 5437 παραρῤἐοντα
3084 5361 3379 5432 διαπερῶν,
3419 5361 3514 5415 τοῦ
3544 5362 3715 5415 ἵππου

2132 5455 2298 5508 αὐτοῦ
2325 5456 2384 5507 ἐν
2428 5457 2498 5525 τῇ
2525 5458 2717 5509 τούτου
2759 5456 2866 5510 no:
2917 5456 3291 5526 ἰμπαγέντος,
3346 5454 3710 5524 τιτρώσκεται

2133 5545 2276 5597 κατὰ
2300 5545 2399 5614 τῆς
2449 5544 2612 5617 ἕδρας
2672 5546 2769 5599 καὶ
2805 5545 2899 5599 τοῦ
2925 5545 3127 5618 μηροῦ.
3146 5545 3322 5608 Μόλις
3351 5538 3446 5596 οὖν
3482 5542 3574 5598 τοῦ
3624 5542 3716 5595 ἴπ-

2134 5656 2234 5691 που
2291 5641 2354 5693 ει
2410 5639 2509 5708 τῆς
2558 5640 2702 5703 ἰλύος
2750 5639 3195 5702 ἀνασπασθέντος
3257 5637 3551 5709 συνεργείᾳ
3600 5634 3716 5688 τῶν

2134 5734 2237 5785 ὑπὸ
2266 5734 2423 5804 χεῖρα
2450 5732 2779 5800 διασώζεται
2814 5735 2975 5806 μέχρι
3033 5732 3142 5787 τῶν
3175 5729 3494 5803 Βλαχερνῶν
3537 5746 3549 5758 ·
3616 5729 3714 5780 καὶ
