4066 6040
481 300 587 360 6‘33

1536 292 2044 357 THEOPHANES
2074 291 2635 356 CONTINUATUS.

3638 291 3745 355 £2!

485 413 751 482 Bulgaria:
796 405 1050 478 princeps
1104 419 1229 460 cum
1282 402 1539 458 omnibus
1588 400 1761 473 copiis
1806 401 2063 456 adversus

2178 395 2401 464 Συμεὼν
2417 399 2599 467 ἄρχων
2618 392 2955 462 Βουλγαρῑας
2977 412 3079 447 παν
3089 395 3277 465 στρατ“ι
3301 395 3439 448 κατὰ
3458 396 3744 451 Κωνστανσ

484 502 803 574 Byzantium
858 500 1138 569 proiectus
1176 506 1280 563 est,
1318 513 1384 552 ac
1418 494 1710 552 Thraciam
1744 493 1967 566 quidem
2005 506 2070 548 ac

485 596 860 651 Macedoniam
905 594 1218 665 ponttlatttr,
1270 588 1554 647 succendit
1602 604 1732 645 vero
1780 588 1965 641 ouiuia
2015 596 2069 639 et

480 691 700 752 evertit,
728 697 893 758 atque
927 688 1153 742 arbores
1180 685 1430 741 succidit.
1488 683 1567 738 Ad
1622 681 1952 737 Blacbernas
1978 695 2071 734 us-

482 797 592 852 que
636 790 762 836 cum
833 780 1187 843 admovisset,
1237 776 1525 832 Nicolaum
1590 774 1953 847 patriarcbam
2004 786 2069 827 ac

484 888 775 944 procerum
808 874 1098 941 quosdam,
1136 870 1463 940 quibuscum
1514 870 1578 924 de
1619 883 1749 937 paco
1784 874 2067 930 tractaret,

483 967 551 1021 ad
585 978 645 1020 se
679 966 818 1019 mitti
870 966 1097 1034 regavit.
1127 963 1277 1018 Datis
1306 963 1491 1027 itaque
1534 961 1809 1030 utrimque
1848 960 2058 1015 obsidi-

482 1059 589 1114 bus
638 1058 749 1114 exit
819 1057 967 1128 prior
1022 1044 1279 1112 Nicolaus
1339 1057 1667 1126 patriarcha,
1722 1052 1885 1126 506
1952 1067 2065 1107 tum

485 1149 716 1207 Michael
759 1151 1022 1219 patricius
1054 1156 1418 1218 cognomento
1454 1145 1727 1216 Stypiotes
1754 1155 1805 1198 et
1829 1145 2070 1199 Joannes

486 1244 777 1313 mysticus,
821 1240 1495 1309 administrandarumque
1527 1250 1705 1292 rerum
1754 1236 2065 1306 imperatori

487 1336 706 1404 adjutor
749 1348 812 1389 ac
861 1334 1113 1387 minister
1173 1333 1420 1386 intimus.
1461 1331 1580 1387 .Iam
1628 1331 1772 1385 enim
1832 1328 2068 1385 Jonnncs

483 1438 666 1481 rector
715 1424 962 1479 criminis
1003 1424 1145 1493 apud
1188 1435 1570 1491 imperatorem
1614 1422 1849 1486 delatus,
1894 1420 2009 1490 ipse
2039 1435 2068 1474 a

484 1533 543 1574 se
587 1516 963 1587 aegritudinem
1010 1523 1314 1583 praetexens
1371 1513 1495 1568 aula
1528 1512 1865 1568 discesserat
1901 1512 2069 1581 inque

485 1626 589 1666 suo
633 1608 964 1662 monasterio
997 1606 1137 1660 haud
1173 1606 1362 1675 procul
1396 1621 1423 1657 τι
1447 1604 1764 1659 Galacrenis
1787 1606 1841 1657 in
1875 1617 2066 1660 mona-

2169 488 2528 551 τινουπόλεως
2565 485 2943 559 ἐκστρατεύει,
2976 489 3068 540 καὶ
3106 486 3353 556 ληῖςεται
3390 488 3489 556 μὲν
3518 488 3745 560 Θρᾴκην

2170 580 2263 631 καὶ
2285 578 2644 639 Μακεδονίαν,
2667 578 2962 647 ὲμπυρίζει
2984 578 3039 631 δὲ
3061 580 3237 630 πάντα
3261 580 3353 632 καὶ
3371 583 3744 650 καταστρέφει

2170 669 2265 722 καὶ
2313 670 2678 741 δενδροτομεῑ.
2714 670 2890 739 Μέχρι
2930 669 2985 722 δὲ
3041 669 3363 738 Βλαχερνῶν
3417 673 3747 740 ἐπιγενόμε-

2167 778 2257 824 νος
2276 764 2315 793 ⁷¹
2341 765 2578 832 ὲπεζήτη
2590 779 2681 815 σεν
2712 762 3086 831 ἀποσταλῆναι
3104 763 3255 832 αὐτῷ
3279 763 3370 815 τὸν
3397 766 3747 834 πατριάρχην

2168 852 2436 908 Νικόλαον
2490 856 2582 908 καί
2635 860 2787 917 τινας
2846 854 2957 910 τῶν
3013 858 3359 925 μεγιστάνων
3419 857 3562 911 ὥστε
3616 861 3747 929 περὶ

2168 949 2393 1021 είρήνης
2423 950 2608 1013 αὐτοῖς
2637 954 2938 1019 συντυχεῖν.
2975 948 3209 1003 Ἔλασον
3228 946 3322 1003 οὗν
3344 953 3586 1022 ὁμήρους
3609 954 3745 1022 παρ’

2168 1040 2412 1112 ἀλλήλων
2464 1044 2805 1114 ἀμφότεροι,
2856 1043 2952 1098 καὶ
2991 1042 3181 1112 ἐξῆλθε
3243 1045 3511 1116 πρότερον
3566 1047 3669 1114 μὲν
3716 1048 3746 1101 ὀ

2166 1131 2519 1207 πατριάρχης
2552 1136 2816 1199 Νικόλαος
2838 1176 2854 1201 ,
2909 1136 3102 1191 ἔπειτα
3130 1138 3158 1189 6
3190 1136 3407 1208 Μιχαὴλ
3457 1142 3745 1207 πατρίκιος

2168 1229 2716 1299 προσαγορευόμενος
2755 1230 2783 1281 6
2829 1229 3188 1296 Στυπιὼτης,
3251 1231 3346 1283 καὶ
3418 1232 3673 1303 Ἰωάννης
3717 1236 3746 1287 6

2170 1322 2433 1389 μυστικὸς
2484 1322 2579 1375 καὶ
2612 1322 3148 1392 παραδυναστεύων·
3194 1326 3293 1395 ἤδη
3342 1326 3451 1395 γὰρ
3494 1325 3746 1396 Ἰωάννης

2167 1413 2195 1464 6
2224 1410 2468 1481 ραίκτωρ
2495 1410 2812 1482 διαϐληθεὶς
2844 1414 2984 1485 πρδς
3032 1412 3125 1467 τὸν
3162 1414 3412 1484 βασιλέα,
3459 1415 3746 1469 ἀσθένειαν

2175 1507 2660 1575 προφασισάμενος
2692 1504 2787 1558 τοῦ
2840 1505 3110 1560 παλατὶου
3168 1508 3525 1579 κατεληλύθει
3564 1513 3659 1563 καὶ
3684 1513 3745 1563 ὲν

2166 1599 2234 1667 τῇ
2269 1596 2434 1649 αὓτοῦ
2476 1596 2612 1675 μονῇ
2662 1596 2890 1667 πλησίον
2944 1597 3310 1670 Γαλακρηνῶν
3368 1603 3645 1675 άπεκάρη.
3679 1603 3746 1656 0i

482 1704 648 1757 chum
704 1712 896 1754 tonsus
955 1698 1148 1752 iuerat.
1202 1698 1384 1769 Legati
1423 1698 1587 1768 igitur
1636 1711 1760 1753 cum
1798 1695 2063 1767 Symeoue

2172 1688 2269 1758 μὲν
2297 1684 2391 1742 οὖν
2425 1692 2563 1759 μετὰ
2599 1691 2823 1758 Συμεὼν
2852 1688 2981 1763 περὶ
3027 1696 3250 1765 εἰρήνης
3275 1695 3597 1764 διελέγοντο.
3630 1699 3657 1750 6
3686 1693 3744 1750 δὲ

1203 1747 1384 1769 ην--
2046 1747 2061 1750 -

482 1794 551 1848 de
582 1806 714 1861 pace
767 1791 1244 1859 culloqucbautur.
1301 1788 1503 1844 Verum
1553 1789 1789 1862 Symeon
1823 1790 1931 1845 illis
1972 1802 2061 1845 re;

2169 1747 2368 1845 αὐτοὺς
2425 1747 2527 1851 μὲν
2584 1747 2989 1853 ἀπεπέμψατο,
3048 1747 3745 1856 αἰἑδέ’διτδξίβξσζ›.έοὶ

483 1886 745 1955 pudiatis,
776 1886 951 1954 ipsum
1000 1884 1384 1952 imperatOrein
1432 1885 1613 1938 videre
1653 1880 1883 1954 ejusque
1931 1894 2066 1938 coni

484 1991 732 2047 gressmn
786 1974 1111 2044 expetebat:
1170 1982 1320 2029 certo
1380 1974 1526 2029 enim
1588 1975 1760 2030 r‘elatu
1825 1975 1889 2028 de
1947 1968 2068 2044 eius

484 2066 774 2138 prudentia
829 2076 883 2120 et
944 2064 1268 2120 fortitudine
1322 2067 1699 2137 sapientiaque
1764 2076 2064 2136 acceperat.

486 2159 744 2227 Pergrata
808 2167 870 2212 ea
931 2171 1021 2212 res
1083 2156 1188 2211 fuit
1240 2154 1512 2222 Romano,
1546 2159 1746 2228 quippe
1776 2160 1868 2228 qui
1915 2157 2069 2229 pacis

483 2250 755 2306 desiderio
810 2251 1118 2315 tenebatur,
1170 2264 1234 2305 ac
1280 2251 1618 2319 quotidianis
1662 2256 1918 2322 utrinque
1961 2258 2071 2305 ea»

482 2343 644 2398 dibus
695 2343 856 2396 tinem
902 2343 1185 2411 imponere
1230 2341 1505 2395 studebat.
1544 2340 1706 2395 Mittit
1745 2346 1927 2411 itaque
1971 2343 2067 2408 qui

484 2437 551 2491 ad
614 2450 763 2490 mare
816 2434 869 2488 in
913 2432 1177 2489 Cosrnidii
1214 2434 1394 2487 littore
1441 2434 1772 2489 tutissimam
1832 2449 2066 2490 exsecu-

483 2530 690 2584 sionem
750 2536 1040 2591 struereut,
1088 2536 1197 2597 quo
1256 2527 1375 2580 loco
1432 2526 1551 2595 ejus
1611 2525 1865 2595 praetoria
1913 2527 2069 2582 navis

483 2619 799 2692 appellenda
830 2628 999 2676 esset.
1040 2619 1187 2674 Loco
1220 2618 1407 2688 itaque
1432 2618 1673 2690 undique
1706 2621 2067 2686 communito,

484 2716 539 2768 in
571 2714 749 2767 medio
783 2713 951 2783 jussit
997 2721 1208 2782 septum
1240 2711 1379 2773 fieri,
1408 2712 1497 2768 ubi
1531 2718 1689 2768 erant
1719 2712 2067 2768 collocuturi.

484 2803 707 2857 interim
748 2800 1007 2873 Symeou,
1054 2814 1280 2856 suorum
1316 2802 1489 2858 misso
1530 2804 1835 2873 manipulo,
1865 2816 2069 2860 sancta

483 2897 578 2950 Dei
611 2895 903 2951 Genitricis
940 2896 1202 2964 templum
1239 2897 1292 2949 in
1333 2895 1495 2967 Pega,
1530 2912 1559 2950 a
1584 2893 1894 2951 Justiniano
1934 2910 2069 2951 con-

483 2991 681 3054 ditum,
738 2991 995 3053 incendit,
1067 3004 1132 3042 ac
1188 2990 1397 3045 circum
1458 2990 1636 3046 vicina
1701 2993 1886 3046 omnia
1956 2991 2068 3061 igni

2180 1873 2459 1945 Ῥωμανδν
2514 1875 2770 1947 ἐπεζήτει
2832 1872 3178 1933 θεάσασθαι’
3220 1882 3369 1951 παρὰ
3427 1880 3640 1933 πολλῶν
3686 1879 3745 1934 δὶ

2170 1969 2630 2041 πεπληῳφὸρητο
2681 1972 2805 2041 περί
2838 1988 2898 2025 τε
2934 1974 3034 2041 τῆς
3078 1973 3247 2027 αὑτοῦ
3297 1975 3613 2045 φρονήσεως
3648 1974 3743 2027 καὶ

2167 2058 2390 2133 ἀνδρίας
2418 2061 2512 2115 καὶ
2542 2062 2834 2127 συνέσεως.
2886 2050 2945 2116 ’Ὁ
2971 2064 3155 2117 τοίνυν
3205 2064 3461 2136 βασιλεὺς
3491 2066 3583 2119 ἐπὶ
3613 2066 3743 2120 τού-

2166 2170 2237 2206 του
2312 2154 2517 2226 σφόδρα
2559 2156 2935 2226 ἠγαλλιάσατο
2961 2175 2974 2189 ’
3019 2160 3205 2214 ἐπόθει
3238 2160 3348 2228 γὰρ
3382 2162 3480 2230 τὴν
3512 2162 3741 2231 εἰρήνην

2169 2246 2262 2298 καὶ
2294 2238 2354 2298 τδ
2385 2246 2575 2317 στῆναι
2606 2244 2705 2312 τὰς
2735 2249 3027 2319 γινομένας
3056 2250 3165 2303 τῶν
3194 2252 3443 2321 αἱμάτων
3478 2252 3732 2321 ἐκχύσεις

2168 2335 2464 2406 ὁσημέραι.
2533 2338 2887 2403 Ἀποστείλας
2937 2336 3032 2394 οὖν
3075 2342 3136 2394 ἐν
3180 2342 3258 2411 τῷ
3301 2340 3392 2393 τοῦ
3442 2340 3741 2408 Κοσμιδίσυ

2167 2425 2401 2498 αἰγιαλῷ
2458 2432 2864 2486 κατεσκεύασεν
2894 2434 2951 2486 ὲν
2990 2436 3054 2503 τῇ
3096 2433 3344 2506 θαλάσσῃ
3381 2434 3738 2505 ὀχυρωτάτην

2169 2519 2465 2588 άπόδασιν,
2486 2523 2628 2579 ὥστε
2656 2524 2757 2598 τὴν
2779 2526 3069 2598 βασιλικὴν
3096 2529 3329 2599 τριήρην
3352 2526 3747 2581 διεκπλέουσαν

2169 2614 2239 2685 tv:
2270 2606 2410 2686 αὐτῇ
2476 2618 2966 2688 προσορμίζεσθαι.
3028 2620 3380 2691 Περιφράξας
3430 2618 3524 2673 οὖν
3569 2620 3747 2688 αὐτὴν

2169 2706 2435 2761 πάντοθεν
2470 2707 2821 2782 διατείχισμα
2864 2712 3028 2782 μέσον
3075 2712 3330 2779 γενέσθαι
3382 2711 3741 2781 προσέταξεν,

2170 2800 2301 2855 ἔνθα
2367 2801 2619 2873 ἀλλήλοις
2674 2803 2900 2874 ἔμελλον
2952 2805 3181 2874 ὁμιλεῖν.
3256 2806 3604 2869 Ἀποστείλας
3648 2806 3744 2859 οὖν

2169 2889 2395 2959 Συμεὼν
2422 2893 2519 2945 τὸν
2546 2893 2645 2961 τῆς
2668 2894 2973 2965 ὑπεραγέας
3001 2897 3265 2948 θεοτόκου
3290 2896 3416 2947 ναὸν
3441 2896 3747 2965 ἐνέπρησεν

2167 2980 2259 3035 τὸν
2283 2983 2342 3035 ἐν
2372 2986 2438 3054 τῇ
2474 2985 2653 3056 Πηγῇ,
2686 2986 2746 3039 δν
2782 2986 3161 3050 Ἰουστινιανὸς
3187 2987 3215 3039 6
3250 2988 3508 3057 βασιλεὺς
3547 2990 3746 3059 εδομή-

484 3082 740 3144 ferroque
766 3082 1018 3137 vastavit.
1053 3080 1150 3137 [iis
1189 3083 1354 3151 igitur
1383 3082 1618 3137 alienum
1658 3098 1688 3137 a
1728 3098 1858 3151 pace
1888 3082 2063 3152 palam

2171 3092 2324 3139 σατο,
2361 3078 2456 3129 καὶ
2486 3079 2553 3130 τά
2584 3079 2741 3149 πέριξ
2774 3080 2938 3133 αὐτοῦ
2969 3081 3277 3151 σύμπαντα,
3310 3080 3395 3155 [Ρ.
3434 3081 3561 3153 952]
3585 3082 3746 3151 δῆλος

484 3179 748 3244 prodebat
801 3178 1067 3244 animum,
1110 3193 1359 3247 vanaque
1415 3192 1511 3244 spe
1561 3179 1941 3247 imperatorem
1969 3176 2067 3232 de-

486 3268 671 3321 ludi-re
728 3268 869 3321 haud
914 3273 1211 3323 obscurum
1263 3280 1399 3324 erat.
1442 3268 1680 3325 Veniens
1723 3278 1904 3325 autem
1962 3270 2067 3324 im-

487 3366 705 3426 perator
763 3374 886 3413 cum
941 3358 1164 3415 Nicolao
1194 3360 1500 3430 patriarcha
1528 3364 1582 3415 in
1615 3376 1830 3416 sacrum
1859 3362 2065 3432 ingres-

484 3466 582 3503 sus
629 3459 714 3504 est
770 3434 1033 3518 loculum,
1096 3467 1400 3521 manusque
1451 3454 1502 3508 in
1557 3468 1746 3524 preces
1798 3454 2060 3521 extendit,

484 3550 603 3596 tum
644 3557 853 3614 pronus
902 3546 956 3598 in
1013 3553 1215 3599 terram
1256 3545 1544 3614 procidens
1578 3561 1793 3601 sacrum
1828 3546 2060 3601 ubertim

484 3635 660 3688 solum
713 3635 966 3706 lacrymis
1012 3638 1245 3708 rigabat,
1280 3638 1429 3693 omni
1478 3639 1855 3694 celebrandam
1906 3639 2065 3695 laude

483 3728 771 3796 omnisque
833 3728 969 3784 labis
1044 3745 1236 3800 puram
1300 3740 1541 3787 sanctam
1595 3729 1688 3786 Dei
1732 3730 2060 3787 Genitricem

481 3818 643 3891 M7
681 3822 997 3887 obsecrans,
1035 3833 1094 3876 ut
1126 3823 1383 3877 inﬂexum
1431 3823 1738 3893 durumque
1774 3822 2061 3895 Symcouis

482 3923 677 3979 pectus
704 3910 976 3965 emolliret
1006 3921 1059 3966 et
1088 3915 1155 3967 ad
1186 3914 1334 3983 pacis
1378 3916 1726 3969 concordiam
1767 3916 2058 3969 iucundam

485 4003 789 4059 induceret.
853 4004 1019 4060 Sacra
1048 4007 1217 4075 igitur
1239 4020 1483 4063 reserata
1508 4010 1714 4075 arcula,
1751 4010 1804 4063 in
1832 4026 1936 4077 qua
1963 4026 2055 4065 ve-

484 4096 789 4150 nerandum
827 4112 1031 4153 sancta:
1071 4098 1162 4153 Dei
1196 4099 1489 4157 Genitricis
1519 4103 1797 4172 palliolum
1854 4104 2059 4173 reposi-

483 4195 600 4241 tum
630 4196 772 4251 erat,
816 4202 991 4258 eoque
1036 4192 1337 4261 imperator
1362 4193 1595 4259 sublato,
1654 4196 1909 4264 velutque
1938 4196 2058 4250 tho-

483 4294 607 4334 race
643 4281 879 4350 quodam
923 4283 1085 4339 nullis
1111 4284 1232 4340 telis
1264 4286 1449 4355 pervio
1473 4298 1775 4358 assumpto,
1803 4303 1865 4343 ac
1891 4304 2053 4358 quam

484 4374 538 4429 in
580 4374 1059 4433 iutemeratissima
1099 4376 1189 4433 Dei
1228 4377 1507 4435 Geuitrice
1541 4381 1929 4447 collocaverat,
1970 4399 2056 4453 ga-

2166 3165 2244 3219 ὢν
2275 3167 2527 3221 ἐντεῦθεν
2566 3168 2642 3240 μὴ
2680 3172 2782 3240 τὴν
2831 3173 3060 3241 εἰρήνην
3114 3172 3334 3236 ἐθέλων,
3392 3173 3508 3225 ἀλλ’
3560 3172 3745 3226 ἐλπίσι

2169 3256 2466 3328 μετεώροις
2512 3259 2701 3314 τοῦτον
2756 3260 3063 3326 ἐξαπατῶν.
3107 3263 3561 3333 Παραγενόμενος
3592 3264 3651 3316 δὲ
3681 3265 3743 3316 ὲν

2168 3350 2499 3422 Βλαχέρναις
2525 3354 2553 3405 6
2579 3352 2833 3421 βασιλεὺς
2878 3354 2994 3424 ἅμα
3029 3356 3281 3424 Νικολάῳ
3332 3356 3644 3425 πατριάρχῃ
3682 3357 3743 3407 ὲν

2164 3446 2231 3515 τῇ
2265 3445 2398 3516 ἁγία
2432 3446 2653 3517 εἰσῆλθε
2688 3447 2835 3519 σορῷ
2874 3449 3091 3511 καὶτὰς
3128 3452 3317 3519 χεῖρας
3364 3449 3631 3513 ἐξέτεινεν
3662 3451 3743 3513 εἰς

2165 3538 2354 3610 εὐχὴν,
2409 3535 2527 3594 εἶτα
2576 3542 2789 3612 πρηνὴς
2847 3544 3034 3596 πεσὼν
3076 3540 3309 3615 δάκρυσι
3353 3545 3647 3615 κατέϐρεχε
3681 3544 3744 3597 τὸ

2164 3632 2322 3697 ἅγιον
2361 3632 2577 3702 ἔδαφος,
2625 3633 2726 3704 τὴν
2760 3634 3115 3703 πανὺμνητον
3160 3639 3253 3690 καὶ
3291 3638 3564 3707 ἄχραντον
3609 3639 3743 3692 Θεο-

2170 3725 2335 3777 τόκον
2386 3724 2690 3780 ἀντιϐολῶν
2732 3726 2833 3798 τὴν
2867 3728 3102 3798 ἀκαμπῆ
3139 3730 3231 3781 καὶ
3283 3730 3597 3797 ἀμείλικτον
3646 3730 3740 3782 τοῦ

2164 3819 2512 3889 ὑπερηφάνου
2546 3822 2773 3888 Συμεὼν
2805 3822 3032 3893 καρδίαν
3066 3821 3304 3893 μαλάξαι
3335 3825 3430 3877 καὶ
3462 3827 3645 3877 πεῖσαι
3668 3823 3737 3876 τὰ

2164 3911 2299 3978 πρὸς
2330 3914 2555 3983 εἰρήνην
2588 3914 2903 3969 συνθέσθαι.
2938 3916 3013 3969 Τὸ
3058 3918 3214 3983 ⁴Ξιγιον
3243 3913 3337 3970 οὖν
3367 3916 3619 3971 κιϐώτιον
3663 3917 3743 3969 δι-

2161 4003 2470 4069 ανοίξαντες
2500 4009 2558 4058 ὲν
2587 3998 2629 4073 ᾧ
2650 4007 2709 4059 τὸ
2740 4010 2936 4061 σεπτὸν
2961 4010 3057 4074 τῆς
3089 4009 3249 4076 ἁγίας
3281 4011 3547 4065 Θεοτόκου
3578 4010 3742 4081 τεθη-

2162 4097 2422 4166 σαύριστο
2484 4099 2836 4169 ὠμοφὸριον,
2891 4102 2988 4155 καὶ
3055 4103 3216 4155 τοῦτο
3265 4106 3294 4156 6
3343 4103 3595 4172 βασιλεὺς
3651 4106 3745 4156 άν-

2159 4189 2415 4257 ελόμενος
2471 4194 2563 4245 καὶ
2635 4193 2823 4264 ὥσπερ
2898 4195 3022 4247 τινὰ
3089 4195 3314 4265 θώρακα
3375 4196 3743 4267 άδιάρρηκτον

2160 4283 2613 4352 περιϐαλόμενος,
2645 4288 2740 4339 καὶ
2775 4288 2873 4359 τὴν
2921 4288 3108 4341 πίστιν
3153 4290 3254 4358 τὴν
3314 4290 3395 4349 είς
3435 4289 3530 4358 τὴν
3568 4290 3743 4360 ὑπερ-

2158 4376 2387 4445 ἀμωμον
2402 4377 2661 4433 Θεοτόκον
2673 4373 2759 4432 οἷα
2778 4381 3207 4451 περικεφαλαίαν
3222 4382 3342 4435 τινά
3360 4384 3742 4455 περιθέμενος,

483 4466 581 4522 lea
605 4468 799 4534 instar,
836 4470 941 4526 ﬁde
965 4472 1069 4527 sibi
1105 4472 1372 4539 adhibita,
1408 4475 1539 4530 tutis
1570 4476 1776 4533 scilicet
1816 4451 2055 4532 munitus

2166 4469 2311 4541 ἐξῄει
2367 4470 2458 4522 τοῦ
2499 4472 2628 4524 ναοῦ
2674 4472 2863 4537 ὅπλοις
2909 4475 3180 4543 ἀσφαλέσι
3227 4477 3594 4547 φραξάμενος.
3630 4478 3737 4532 Τὸν

482 4558 653 4613 armis
683 4562 885 4630 templo
926 4562 1223 4631 egreditur.
1257 4562 1387 4619 Suis
1424 4565 1606 4635 itaque
1646 4566 1945 4623 classiariis
1995 4582 2059 4623 ac

482 4648 746 4704 comitatu
782 4650 987 4721 clypcis
1018 4653 1299 4723 armisque
1328 4655 1453 4710 aliis
1483 4656 1651 4725 probe
1688 4656 1972 4713 instructis
2004 4659 2054 4712 in

482 4740 659 4793 locum
685 4744 1042 4797 constitutum
1074 4760 1199 4799 cum
1230 4744 1500 4817 Sytneone
1537 4755 1872 4805 tractaturus
1889 4750 2054 4805 venit.

480 4830 637 4887 Feri:
708 4836 896 4903 quinta
944 4848 1084 4902 erat,
1132 4851 1255 4891 cum
1294 4838 1409 4895 hac
1459 4848 1610 4909 gesta
1647 4850 1815 4910 sunt,
1852 4843 2059 4900 mensis

480 4921 805 4981 Novembris
856 4929 944 4982 die
974 4943 1140 4991 nona,
1193 4930 1325 4985 hora
1373 4931 1480 4986 diei
1536 4943 1753 5003 quarta.
1803 4933 1963 4991 Venit
2006 4945 2062 4991 et

481 5014 719 5085 Symcon
752 5032 876 5072 cum
913 5020 1154 5073 exercitu
1182 5020 1235 5074 in
1282 5020 1485 5077 multas
1509 5021 1806 5079 distributo
1845 5035 2056 5081 turmas

478 5118 645 5175 atque
682 5108 831 5163 acies
860 5108 1095 5163 militum
1141 5109 1233 5164 alii
1273 5111 1477 5181 clypeis
1507 5112 1790 5183 hastisque
1824 5119 2056 5181 auratis,

476 5198 570 5252 alii
627 5210 856 5269 argento
910 5200 1229 5272 splendidis,
1282 5206 1463 5259 omnis
1513 5206 1606 5260 alii
1652 5208 1855 5265 coloris
1889 5210 2061 5266 armis

481 5291 733 5347 instructi
782 5302 945 5363 atque
978 5298 1182 5360 ornati,
1232 5298 1418 5352 cuncti
1476 5300 1622 5354 ferro
1684 5301 2059 5359 circumcincti

472 5395 649 5438 erant.
688 5382 749 5436 lii
784 5385 1022 5440 medium
1076 5398 1418 5458 assumptum
1469 5387 1793 5461 Symeouem
1854 5402 1912 5448 ut
1961 5395 2063 5449 im-

480 5484 787 5543 peratorem
809 5492 871 5531 ac
903 5492 1084 5548 regem
1118 5477 1361 5535 Romana
1394 5480 1577 5551 lingua
1607 5479 1803 5539 faustis
1828 5485 2055 5542 vocibus

484 5565 974 5636 prosequebantur.
1044 5566 1281 5625 Senatus
1310 5572 1488 5628 omnis
1517 5575 1687 5628 muris
1722 5572 2048 5642 insidentes,

2163 4566 2260 4615 σὺν
2307 4562 2458 4631 αὐτῷ
2488 4562 2581 4617 οὖν
2612 4562 2797 4619 στόλον
2850 4566 3045 4621 ἀσπίσι
3090 4585 3149 4620 τε
3184 4571 3277 4621 καὶ
3322 4570 3504 4633 ὅπλοις
3564 4589 3742 4623 κατα-

2163 4655 2451 4722 κοσμήσας
2471 4655 2562 4709 τδν
2588 4656 2899 4727 ὡρισμένον
2928 4659 3094 4712 τόπον
3120 4661 3419 4715 κατέλαὸεν
3447 4664 3741 4732 συνομιλῆ-

2163 4763 2258 4800 σαι
2309 4747 2387 4817 τῷ
2432 4749 2679 4817 Συμεών.
2732 4752 2966 4821 Πέμπτη
3000 4753 3056 4806 δὲ
3093 4748 3163 4825 ἦν
3204 4754 3386 4825 ἡμέρα
3426 4756 3514 4807 ὅτε
3560 4756 3739 4809 ταῦτα

2161 4838 2400 4906 ἐγένετο,
2450 4840 2648 4911 ιννάτη
2686 4842 2781 4896 τοῦ
2814 4840 3129 4913 Νοεμϐρίου
3179 4844 3371 4915 μηνὸς,
3421 4846 3656 4914 τέτάρτη
3680 4848 3736 4900 6‘:

2162 4934 2262 4999 τῆς
2320 4935 2535 5005 ἡμέρας
2594 4934 2734 5007 ὥρα.
2778 4934 3121 5007 Παρεγένετο
3164 4936 3222 4991 δὲ
3272 4938 3365 4991 καὶ
3404 4940 3432 4991 6
3475 4936 3737 5007 Συμεὼν,

2164 5024 2370 5095 πλῆθος
2409 5027 2750 5097 ἐπαγόμενος
2783 5028 2864 5091 εἰς
2894 5028 3097 5090 πολλάς
3143 5029 3475 5101 διῃρημένον
3502 5030 3600 5095 τὰς
3634 5048 3739 5085 πα-

2172 5118 2450 5187 ρατάξεις,
2484 5121 2595 5174 τῶν
2623 5122 2724 5191 μὲν
2751 5122 3136 5193 χρυσασπίδων
3173 5124 3269 5177 καὶ
3302 5125 3737 5195 χρυσοδοράτων,

2162 5210 2273 5264 τῶν
2309 5212 2364 5265 δὲ
2398 5211 2826 5284 ἀργυρασπίδων
2872 5214 2967 5268 καὶ
3013 5215 3491 5289 ἀργυροὸοράτων,
3542 5218 3655 5270 τῶν
3680 5219 3736 5271 δὲ

2166 5302 2313 5375 πάσῃ
2366 5302 2549 5359 ὃπλων
2602 5303 2765 5375 χροιᾷ
2804 5309 3258 5376 κεκοσμημένων,
3302 5308 3523 5361 πάντων
3568 5310 3664 5363 καὶ
3691 5311 3737 5343 ’³

2164 5400 2744 5467 κατακεκοσμημένων
2769 5399 2973 5472 σιδήρῳ
2993 5416 3006 5430 ·
3034 5399 3085 5456 oi
3109 5400 3277 5471 μέσον
3304 5398 3485 5454 αὐτῶν
3516 5401 3737 5469 εἰληφό-

2165 5505 2251 5552 τες
2284 5490 2509 5561 Συμεὼν
2534 5493 2609 5557 ὡς
2637 5492 2863 5564 βασιλέα
2895 5494 3176 5565 εὐφήμουν
3204 5498 3270 5567 τῇ
3297 5495 3407 5548 τῶν
3446 5494 3736 5565 Ῥωμαίων

2165 5583 2333 5651 φωνῇ.
2370 5583 2576 5649 Πάντες
2597 5585 2654 5637 δὲ
2687 5585 2783 5655 τῆς
2805 5584 3107 5656 συγκλήτω
3136 5586 3331 5656 βουλῆς
3357 5588 3468 5651 τοῖς
3491 5583 3734 5660 τείχεσιν

1769 5666 2000 5724 ΥΑΒΙᾸΞ
2042 5670 2440 5732 LECTIONES.

551 5751 593 5782 "
620 5754 1064 5825 παραγενόμενος
1104 5757 1329 5823 rectius,
1357 5774 1407 5828 p.
1436 5758 1561 5815 579.
1644 5759 1687 5792 τ’
1719 5760 1837 5835 καὶ]
1860 5761 1956 5817 6i?
