4066 6040
390 229 491 290 ἐ35

1443 231 1950 292 ΤΗΕῌΡὶῙλΝΕΒ
1991 233 2266 294 (ΪΟΝΤΙΝ
2283 235 2322 293 U
2341 233 2550 294 ATUS.

3557 227 3669 295 436

391 337 717 393 sullieercnt.
763 337 933 391 Porro
983 335 1262 391 Ruinanus
1290 347 1496 392 tantam
1535 340 1683 392 illam
1714 339 1818 391 vim
1847 339 1973 392 mali

2111 339 2396 409 κκομίζειν
2423 339 2550 402 τοὺς
2580 337 2902 402 τεθνεῶτας.
2957 339 3019 391 ὐ
3059 337 3120 392 δέ
3160 337 3412 409 βασιλεὺς
3447 336 3668 405 Ῥωμα-

392 428 766 490 considerans,
793 443 890 497 pro
922 427 1155 500 benigna
1189 445 1286 484 sua
1316 440 1613 500 teneraque
1654 430 1708 483 iu
1743 431 1977 484 miseros

394 521 602 588 indole,
650 521 1070 576 convenientem
1103 523 1182 578 eis
1221 537 1411 578 curam
1457 523 1711 578 adhibuit
1756 524 1978 578 sedulo-

391 628 502 683 que
557 614 862 682 proSpexit,
913 613 1063 682 larga
1125 613 1596 683 eleeiuosynarum
1660 615 1981 685 praebitione

397 706 559 763 famis
599 706 950 776 indigentiam
970 706 1175 760 solans.
1214 706 1530 761 Porticuum
1555 721 1772 776 quoque
1806 707 1978 774 Spatia

399 799 656 854 fenestris
687 812 752 852 ac
791 798 1052 852 tabulatis
1100 799 1400 864 obstruxit,
1440 814 1508 854 ne
1533 815 1628 868 per
1660 815 1724 851 ea
1758 801 1849 852 nix
1884 797 1981 851 fri-

399 907 613 972 gusque
649 893 704 944 in
743 905 1011 960 pauperes
1039 889 1207 961 418
1240 903 1641 961 grassarentur.
1674 891 1810 945 Tum
1841 907 1982 960 quo-

401 999 508 1052 que
546 998 639 1038 cas
683 997 822 1050 quas
861 981 1076 1036 arculas
1112 992 1306 1035 vocant
1337 983 1390 1036 in
1419 985 1634 1036 cunctis
1682 983 1984 1052 porticibus

402 1075 745 1138 construxit;
779 1089 1177 1142 nummumque
1202 1085 1518 1143 argenteum
1538 1073 1850 1146 iacentibus
1873 1073 1985 1127 illic

405 1169 591 1237 egenis
637 1177 772 1234 quot
820 1166 1106 1220 mensibus
1135 1167 1349 1233 erogari
1386 1167 1662 1236 pi-mcepit,
1706 1173 1982 1219 menstrua

411 1272 635 1327 quoque
698 1257 932 1311 trimisia
986 1273 1081 1325 per
1127 1255 1390 1310 ecclesias
1433 1255 1764 1325 pauperibus
1824 1256 1988 1326 jussit

407 1351 688 1416 distribui,
745 1349 882 1405 adeo
925 1359 986 1403 ut
1036 1367 1158 1419 qua:
1204 1366 1299 1417 per
1355 1351 1570 1404 arculas
1625 1363 1679 1404 et
1727 1349 1988 1404 ecclesias

410 1445 780 1513 crogabantur
811 1445 1020 1514 argenti
1067 1443 1184 1496 ensi
1213 1443 1568 1507 numismata,
1597 1442 1667 1496 ad
1699 1441 1985 1522 duodecim

410 1537 579 1590 millia
616 1546 1054 1590 numerarentur.
1081 1533 1269 1604 Neque
1304 1536 1420 1590 hate
1458 1537 1636 1590 solum
1674 1535 1990 1590 misericor—

410 1628 498 1690 dia
525 1642 732 1696 pronus
761 1629 880 1693 ejus
902 1627 1118 1681 animus
1147 1643 1562 1696 pauperemque
1592 1627 1838 1682 liberalis
1863 1643 1985 1697 pro-

2085 433 2175 496 νδς
2223 438 2323 502 τὴν
2378 433 2652 503 ἀφόρητον
2697 433 2914 500 ἐκείνην
2956 433 3075 501 βίαν
3119 433 3464 500 κατανοήσας
3506 430 3667 494 ἀξίαν

2085 526 2184 594 τῆς
2217 524 2411 578 ἑαυτοῦ
2451 523 2774 596 συμπαθοῦς
2809 525 2902 577 καὶ
2932 525 3223 593 ἐλείιμονος
3270 523 3488 588 φύσεως
3535 523 3670 592 7:94-

2086 636 2236 673 νοιαν
2288 621 2604 690 ἐποιήσατο,
2664 617 2749 689 μ’.
2801 616 2934 687 259]
2997 617 3221 678 πολλαῖς
3277 614 3674 685 ἐλεημοσύναις

2086 713 2186 780 τὴν
2217 711 2281 763 ἐκ
2308 710 2404 764 τοῦ
2448 710 2611 780 λιμοῦ
2673 708 3212 780 παραμυθησάμενος
3254 706 3462 759 ἔνδειαν
3489 722 3502 733 ·
3568 706 3670 756 άν-

2090 803 2328 874 ἐφραξέν
2350 821 2410 856 τε
2440 802 2624 871 θυρίσι
2657 803 2753 856 καὶ
2784 801 3121 870 σανιδώμασι
3146 799 3246 861 τὰς
3260 799 3371 852 τῶν
3425 797 3677 866 ἐμὸόλων

2093 897 2271 960 στοὰς,
2303 896 2379 959 ὡς
2409 897 2483 967 μὴ
2505 899 2604 966 τὴν
2628 897 2784 965 χιόνα
2809 895 2904 947 καὶ
2930 894 2994 946 τὸ
3033 893 3203 963 ψῦχος
3255 891 3470 946 ἐκεῖθεν
3492 892 3674 944 ἐπεισ-

2094 988 2232 1041 ιέναι
2262 991 2374 1051 τοῖς
2402 986 2618 1055 πένησι.
2659 987 2792 1040 Τότε
2819 987 2913 1040 καὶ
2937 985 3035 1046 τὰς
3058 984 3356 1054 λεγομένας
3383 983 3590 1052 ἄρκλας
3612 981 3674 1034 ἐν

2093 1081 2229 1133 πᾶσι
2262 1079 2638 1132 κατεσκεύασε
2675 1081 2792 1139 τοῖς
2837 1077 3112 1147 ἐμϐόλοις,
3166 1075 3406 1147 ἀργύριά
3441 1090 3500 1127 τε
3529 1073 3676 1126 κατὰ

2096 1175 2244 1244 μῆνα
2276 1175 2391 1235 τοῖς
2429 1173 2488 1225 ἐν
2517 1175 2745 1236 ταύταις
2766 1173 3188 1240 κατακειμένοις
3215 1170 3408 1239 πένησι
3433 1165 3672 1221 δίδοσθαι

2091 1265 2373 1330 διετάξατο
2425 1265 2518 1318 καὶ
2556 1266 2626 1319 τὰ
2686 1266 2913 1333 μηνιαῖα
2947 1265 3198 1336 τριμίσια
3229 1263 3285 1314 ἐν
3319 1263 3442 1322 ταῖς
3475 1259 3675 1330 ἐκκληο

2096 1358 2243 1420 σίαις
2281 1360 2396 1418 τοῖς
2436 1357 2635 1427 πένησι
2697 1355 3072 1426 διανέμεσθαι,
3120 1355 3196 1418 ὡς
3249 1348 3388 1407 εἶναι
3437 1349 3508 1404 τὰ
3537 1349 3677 1404 διδό-

2099 1465 2238 1518 μενα
2270 1452 2382 1510 τοῖς
2414 1466 2472 1500 τε
2529 1449 2588 1501 ἐν
2633 1452 2754 1511 ταῖς
2804 1448 3033 1520 ἄρκλαις
3063 1449 3299 1515 πτωχοῖς
3331 1445 3427 1496 καὶ
3476 1445 3588 1505 τοῖς
3619 1446 3678 1495 ἐν

2093 1545 2217 1601 ταῖς
2248 1540 2569 1608 ἐκκλησίαις
2621 1539 2865 1608 ἀργύρου
2896 1535 3383 1608 ἐγκεχαραγμένου
3433 1533 3678 1606 χιλιάδας

2097 1633 2328 1686 δώδεκα.
2393 1631 2469 1684 Οὐ
2529 1633 2689 1699 μόνον
2741 1632 2795 1685 δὲ
2857 1630 3033 1684 ταῦτα
3086 1633 3118 1699 ή
3182 1626 3474 1698 συμπαθὴς
3509 1624 3679 1681 αὑτοῦ

414 1719 560 1772 visor
590 1719 693 1772 sibi
730 1720 847 1788 ipse
881 1721 1192 1780 Constituit,
1224 1721 1314 1772 sed
1353 1719 1566 1773 abunde
1594 1731 1702 1773 tres
1743 1717 1987 1787 quotidie

2103 1723 2234 1793 ιιυχὴ
2276 1721 2616 1776 διετύπωσεν
2643 1723 2753 1776 τῶν
2790 1724 3040 1791 πενήτων
3088 1721 3487 1792 προνοουμένη,
3539 1718 3678 1772 ἀλλὰ

416 1825 682 1879 pauperes
713 1826 899 1865 secum
935 1811 1220 1864 comedere
1265 1811 1458 1873 voluit,
1506 1812 1709 1880 quibus
1759 1811 1990 1880 singulis

412 1903 770 1973 eleemosyna:
804 1904 966 1956 titulo
997 1919 1254 1958 nummus
1284 1902 1526 1958 cederet.
1563 1903 1768 1968 Quarta
1802 1913 1985 1957 autem

417 1988 552 2046 feria
605 2009 670 2047 ac
703 2008 996 2062 parasceve
1034 2004 1145 2047 tres
1183 2007 1385 2061 egenos
1439 1994 1741 2048 monachos
1792 2008 1994 2047 mensa:

419 2084 599 2139 socios
626 2084 941 2146 adhibebat.
981 2087 1183 2154 quibus
1209 2086 1438 2152 singulis
1455 2086 1815 2141 constitutum
1834 2101 1994 2138 num-

422 2190 577 2230 mum
606 2179 887 2246 erogabat.
924 2178 1188 2247 Quodque
1230 2179 1284 2232 in
1319 2180 1672 2233 monasteriis
1714 2178 1995 2233 observari

424 2268 585 2332 solet,
633 2276 693 2322 ut
726 2269 868 2322 inter
914 2269 1311 2322 comedendum
1352 2268 1514 2322 lectio
1554 2270 1841 2333 habeatur,
1890 2268 1997 2321 hoc

423 2358 514 2412 ille
550 2360 867 2428 praestabat,
905 2361 1006 2413 sibi
1032 2360 1148 2429 ipse
1197 2375 1263 2414 ae
1309 2359 1557 2414 convivis
1597 2358 1869 2427 duplicem
1903 2374 2001 2428 ap-

423 2466 634 2521 ponens
668 2464 936 2517 mensam,
971 2467 1029 2506 ut
1071 2462 1184 2508 tum
1215 2467 1418 2523 corpus
1451 2463 1716 2509 consueto
1746 2453 1869 2507 cibo
1892 2453 2000 2508 ale-

431 2551 603 2606 retur,
643 2551 758 2596 tum
783 2544 965 2597 anima
1009 2545 1391 2599 doctrinarum
1422 2545 1707 2615 voluptate
1757 2546 2000 2600 oblecta-

427 2644 596 2690 retur.
637 2635 850 2702 Quibus
880 2638 971 2694 ille
1030 2637 1325 2710 diligenter
1377 2640 1665 2693 attendens
1728 2641 1996 2701 animum,

425 2729 898 2797 compungebatur
937 2743 1002 2783 ac
1041 2727 1405 2793 lacrvmarum
1445 2729 1592 2799 large
1619 2728 1796 2782 fontes
1841 2727 2001 2783 emit-

430 2822 601 2874 tebat.
663 2819 797 2889 Ejus
865 2835 998 2874 vero
1061 2820 1221 2874 iidem
1277 2835 1406 2889 erga
1467 2821 1789 2874 monachos.
1860 2834 2001 2889 quos

426 2911 728 2979 praesertim
786 2912 1050 2964 sanctitas
1096 2920 1152 2965 et
1195 2910 1386 2980 religio
1438 2910 1618 2964 claros
1669 2907 1998 2974 reddiderat,

426 3010 633 3071 quanta
667 3001 852 3068 fuerit,
884 3003 1010 3072 quis
1044 3002 1217 3071 possit
1261 3003 1558 3056 enarrare?
1597 3001 1798 3054 Eorum
1840 3015 1998 3054 nemo

427 3098 480 3148 in
527 3106 884 3163 conspectum
943 3095 1211 3161 veniebat,
1267 3094 1493 3148 sedulus
1538 3095 1761 3148 virtutis
1801 3095 1996 3157 cultor,

426 3184 518 3240 cui
549 3195 704 3239 actus
737 3200 869 3241 suos
893 3200 1015 3238 cum
1051 3186 1238 3240 multis
1267 3186 1523 3254 lacrymis
1548 3201 1655 3239 non
1684 3195 1998 3253 exponeret.

428 3278 568 3332 Cum
609 3287 792 3331 autem
863 3279 966 3330 lide
1007 3279 1395 3333 devotissimus
1443 3292 1508 3333 ac
1563 3292 1775 3333 summe
1814 3277 2001 3330 ortho-

427 3369 609 3423 doxus
632 3378 798 3434 esset,
831 3370 985 3422 urbis
1017 3384 1209 3423 omnes
1229 3369 1489 3424 ecclesias
1537 3368 1873 3438 sumptuosis
1902 3383 2002 3420 au-

429 3460 544 3515 lzeis
600 3474 998 3527 eereorumque
1048 3469 1101 3513 et
1153 3459 1466 3528 lampadum
1530 3460 1684 3528 copia
1746 3459 2003 3527 praelate

429 3553 736 3606 exornavit.
802 3554 904 3607 Sed
961 3564 1015 3606 et
1066 3553 1356 3607 monachis
1418 3555 1471 3606 in
1524 3553 1828 3615 montibus,
1889 3561 2001 3602 tum

430 3660 625 3714 nempe
658 3644 888 3716 Olympo
913 3656 1026 3700 tum
1059 3645 1290 3715 Cymina
1314 3655 1366 3699 et
1392 3660 1554 3715 quem
1591 3654 1790 3698 vocant
1833 3643 2002 3715 419

433 3736 642 3792 Petram
666 3737 899 3792 Aoream
931 3748 982 3792 et
1014 3737 1325 3803 Baraebaeo,
1359 3752 1640 3807 nunquam
1668 3738 1872 3792 destitit
1907 3753 2003 3789 au—

431 3846 534 3884 nua
571 3830 840 3899 stipendia
879 3831 1100 3883 mittere
1132 3845 1435 3901 eorumque
1463 3845 1551 3884 res
1597 3844 1794 3884 curare
1830 3844 1893 3883 ac
1923 3830 2003 3883 eis

429 3923 737 3993 providere,
769 3923 973 3991 quique
1005 3922 1143 3975 inter
1185 3922 1309 3976 illos
1337 3921 1573 3975 actionis
1603 3919 1752 3974 cultu
1782 3935 1847 3974 ac
1873 3933 2004 3972 cou-

434 4014 804 4082 templatiouis
864 4012 1196 4082 spectabiles
1248 4022 1460 4073 essent,
1513 4011 1580 4065 ad
1627 4026 1684 4065 se
1725 4025 2006 4066 accersere

429 4123 728 4176 eorumque
753 4121 975 4175 precum
1008 4104 1267 4172 suffragia
1296 4104 1590 4174 percipere.
1618 4102 1727 4159 Nec
1746 4104 1794 4158 id
1820 4105 2005 4164 modo,

431 4200 523 4253 sed
558 4208 611 4253 et
636 4199 888 4267 religiosa
918 4197 1314 4252 exercitatione
1341 4195 1585 4258 inclusis,
1613 4206 1666 4250 et
1698 4197 1793 4264 qui
1825 4210 1885 4250 se
1914 4210 2008 4248 an.-

431 4289 768 4360 gustissimis
823 4291 1114 4358 tuguriolis
1173 4289 1319 4343 velut
1366 4303 1586 4342 carcere
1645 4286 2003 4349 abdidissent,

2092 1815 2185 1868 καὶ
2228 1813 2350 1868 καθ’
2401 1816 2615 1885 ἡμέραν
2664 1815 2814 1887 αὐτῷ
2866 1817 3017 1886 τρεῖς
3074 1813 3680 1881 συνεσθίεινπένητσς

2089 1906 2395 1972 διετάξατο,
2423 1908 2472 1961 οἳ
2504 1907 2608 1961 ἀνὰ
2637 1907 2693 1961 ἓν
2725 1908 3032 1978 ἐλάμϐανον
3057 1907 3323 1976 νόμισμαζ
3357 1904 3588 1976 Τετράδι
3618 1902 3676 1956 δέ

2092 2001 2191 2052 καὶ
2223 2002 2550 2070 παρασκευῇ
2579 2002 2728 2069 τρεῖς
2768 2001 3003 2068 πένητες
3059 1998 3286 2068 μοναχοὶ
3328 1996 3504 2067 τούτῳ
3548 2013 3677 2050 συν-

2095 2090 2307 2163 ήσθιον,
2346 2091 2411 2144 τὸ
2447 2093 2832 2160 τετυπωμένον
2888 2092 3107 2144 ἕκαστοι
3165 2089 3535 2159 λαμὸάνοντες
3587 2089 3679 2142 v6-

2099 2199 2299 2252 μισμα.
2338 2183 2521 2253 Ὅπερ
2550 2181 2606 2234 δέ
2642 2182 2701 2234 ἐν
2743 2186 2857 2245 τοῖς
2909 2180 3293 2251 μοναστηρίοις
3346 2180 3536 2234 εἴωθεν
3591 2179 3678 2247 γί-

2096 2275 2285 2328 νεσθαι
2343 2275 2403 2328 ἐν
2452 2273 2530 2344 τῷ
2596 2272 2775 2345 καιρῷ
2836 2274 2941 2326 ἁνά
2989 2276 3088 2343 τῆς
3152 2272 3467 2337 ἑστιάσεως,
3519 2271 3681 2326 τοῦτο

2099 2367 2263 2431 αὐτὸς
2295 2367 2494 2432 ἐποίει,
2525 2367 2722 2435 διπλῆν
2756 2367 2933 2435 ἐαυτῷ
2967 2367 3061 2420 καὶ
3101 2368 3214 2428 τοῖς
3247 2364 3534 2434 δαιτυμόσι
3578 2365 3679 2434 τὴν

2095 2459 2379 2529 τράπεζαν
2408 2457 2754 2529 παρατιθεὶς,
2789 2458 2929 2511 ὥστε
2967 2458 3027 2510 τὸ
3061 2458 3159 2530 μὲν
3190 2457 3351 2526 σῶμα
3380 2455 3678 2526 τρέφεσθαι

2097 2555 2164 2622 τῇ
2200 2552 2420 2622 συνήθει
2444 2555 2638 2623 τροφῇ,
2667 2555 2732 2621 τῇ
2755 2553 2810 2604 δέ
2836 2551 2985 2622 ψυχῇ
3019 2550 3346 2628 rami)th
3363 2549 3473 2602 τῶν
3504 2547 3680 2616 λόγων

2099 2646 2448 2716 ἐπεντρυφᾷν
2482 2645 2668 2715 ἡδονῇ,
2699 2638 2779 2707 οἷς
2809 2646 3013 2706 ἐκεῖνος
3069 2641 3345 2712 ἐπιμελῶς
3397 2640 3680 2710 προσέχων

2099 2737 2192 2790 τὸν
2233 2735 2359 2791 νοῦν
2404 2737 2705 2790 κατένυσσε
2737 2739 2836 2805 τὴν
2871 2738 3049 2806 ψυχὴν
3076 2735 3170 2788 καὶ
3194 2733 3394 2799 πολλὰς
3428 2731 3683 2802 δακρύων

2100 2830 2248 2898 ὴιρίει
2307 2828 2510 2898 πηγάς.
2566 2827 2678 2898 Τὴν
2708 2829 2764 2880 δὲ
2815 2829 2997 2880 πίστιν
3042 2829 3174 2895 ὅσην
3229 2827 3494 2895 ἐκέκτητο
3540 2822 3683 2892 πρὸς

2103 2922 2312 2985 πάντας
2375 2921 2474 2992 μὲν
2535 2922 2824 2992 μοναχους,
2883 2921 3118 2990 μάλιστα
3147 2919 3204 2971 δὲ
3236 2919 3362 2980 τοὺς
3396 2917 3684 2983 ἐπ”ἁγιω-

2105 3016 2240 3087 σύνῃ
2277 3015 2600 3085 διαϐοήτους
2648 3015 2746 3068 καὶ
2776 3013 3049 3085 εὐλαϐείᾳ,
3079 3013 3160 3075 τίς
3192 3013 3258 3065 ἂν
3320 3011 3682 3078 διηγήσαιτος

2106 3110 2219 3161 Οὐκ
2246 3108 2509 3160 ἐθεάσατο
2523 3108 2633 3177 γάρ
2657 3124 2786 3160 ποτε
2816 3107 3050 3175 μοναχὸν
3077 3106 3278 3175 ἀρετῆς
3296 3101 3681 3172 ἀντεχόμενον,

2104 3195 2255 3268 ᾧτινι
2281 3202 2380 3264 τὰς
2409 3200 2604 3254 ἑαυτοῦ
2637 3200 2863 3270 πράξεις
2903 3201 3001 3250 σὺν
3043 3198 3255 3260 πολλοῖς
3292 3197 3554 3264 δάκρυσιν
3581 3193 3684 3246 οὒκ

2104 3290 2421 3360 ἐξηγόρευε.
2488 3291 2818 3351 Πιστὸτατος
2871 3290 2927 3344 δὲ
2983 3289 3058 3341 ὢν
3113 3289 3206 3342 καὶ
3271 3284 3682 3358 ὀρθοδοξότατος

2104 3385 2279 3445 πάσας
2310 3384 2408 3446 τὰς
2431 3383 2532 3453 τῆς
2577 3383 2784 3446 πόλεως
2828 3381 3121 3452 ἐκκλησίας
3151 3380 3376 3441 πέπλοις
3402 3377 3683 3446 διαφανέσι

2104 3479 2198 3529 καὶ
2260 3477 2646 3544 φωταγωγίαις
2715 3475 2986 3546 λαμπρῶς
3037 3473 3365 3542 κατεκόσμει
3413 3472 3505 3524 καὶ
3554 3485 3683 3522 κατ-

2106 3569 2448 3637 εφαίδρυνεν.
2495 3568 2656 3620 Ἀλλὰ
2692 3568 2786 3620 καὶ
2821 3569 2935 3629 τοῖς
2989 3569 3048 3618 ἐν
3100 3568 3252 3632 ὄρεσι
3293 3566 3564 3634 μοναχοῖς,
3605 3560 3687 3630 τῷ

2105 3677 2164 3712 τε
2212 3658 2472 3729 Ὀλύμπῳ
2510 3662 2604 3714 καὶ
2646 3658 2723 3728 τῷ
2750 3659 2964 3729 Κομινᾷ
2999 3657 3093 3711 καὶ
3126 3660 3192 3726 τῇ
3225 3658 3415 3726 Χρυσῇ
3458 3667 3677 3707 κατονο-

2109 3751 2390 3823 μαζομένῃ
2425 3753 2608 3824 Πέτρᾳ
2663 3752 2759 3805 καὶ
2803 3751 2896 3804 τοῦ
2947 3750 3257 3820 Βαραχαίου
3311 3747 3448 3818 ὄρει,
3487 3748 3546 3799 οὐ
3605 3743 3688 3795 δι-

2105 3843 2293 3896 έλιπεν
2322 3845 2554 3913 ἐτησίως
2598 3843 2763 3914 ρόγας
2812 3840 3217 3906 ὲξαποστέλλων
3263 3841 3354 3893 καὶ
3383 3836 3688 3909 φροντίζων

2106 3934 2314 3990 τούτων
2337 3938 2432 3988 καὶ
2458 3937 2877 4008 προνοούμενος,
2916 3935 3009 3988 καὶ
3048 3936 3175 3994 τοὺς
3214 3931 3543 4000 ὀνομαστοὺς
3587 3929 3683 3982 ἐπὶ

2107 4028 2305 4098 πράξει
2359 4029 2454 4080 καὶ
2496 4027 2701 4099 θεωρίᾳ
2753 4027 3230 4097 μετακαλούμενος
3269 4024 3342 4086 ὡς
3373 4023 3559 4089 αὐτὸν,
3589 4023 3686 4074 καὶ

2107 4123 2217 4175 τῶν
2247 4123 2422 4192 εὐχῶν
2455 4120 2634 4174 αὐτῶν
2665 4121 2762 4181 τὰς
2799 4119 3049 4186 εὐλογίας
3091 4115 3328 4186 τρυγῶν.
3391 4113 3465 4168 Ού
3523 4113 3686 4184 μόνον

2107 4216 2187 4281 δὲ,
2217 4214 2352 4268 ἀλλὰ
2385 4213 2476 4266 καὶ
2507 4217 2620 4275 τοῖς
2664 4212 2753 4265 διὰ
2779 4212 2911 4265 Θεὸν
2967 4212 3304 4276 ἐγκλείστοις
3351 4209 3442 4262 καὶ
3487 4225 3688 4260 στιινω⁸

2110 4311 2290 4368 τάτοις
2313 4308 2580 4369 οἰκίσκοις
2614 4305 2930 4376 καθείρξασι
2960 4305 3053 4356 καὶ
3082 4305 3216 4356 πᾶσι
3259 4305 3372 4365 τοῖς
3417 4317 3686 4371 noveram.

431 4384 646 4437 cunctis
693 4381 929 4450 denique
961 4381 1307 4434 monasteriis
1334 4389 1564 4434 statutas
1595 4393 1840 4433 annonas
1879 4380 1998 4432 sub-

2119 4402 2252 4472 ρίοις
2284 4400 2383 4461 τὰς
2423 4401 2670 4468 ἐτησίους
2718 4398 2905 4468 ρὁας,
2945 4395 3010 4457 ἃς
3069 4395 3424 4457 διετύπωσεν,
3477 4392 3538 4445 οὐ
3601 4392 3687 4445 δι-

432 4476 752 4533 ministraro
817 4489 924 4526 non
991 4473 1259 4526 cessabat.
1319 4473 1448 4526 Hree
1499 4471 1646 4526 velut
1699 4486 1765 4525 ex
1822 4470 2010 4524 multis

433 4582 639 4640 paucas
707 4566 809 4620 viri
884 4565 1116 4621 virtutes
1181 4565 1669 4634 elecmosynasque
1733 4565 2008 4632 percurri.

434 4674 577 4714 mus.

504 4750 597 4805 28.
632 4749 795 4803 Petro
843 4747 1204 4817 Bulgarorum
1265 4749 1499 4819 principi
1555 4749 1795 4806 Joannes
1844 4749 2012 4805 frater

439 4856 566 4896 cum
623 4839 748 4894 aliis
806 4839 1093 4908 Symeonis
1149 4841 1468 4908 proceribus
1518 4843 1716 4896 struxit
1765 4842 2009 4897 insidias.

440 4935 808 5003 Deprehensis
843 4933 974 4994 illis,
1004 4931 1243 4989 Joannes
1273 4934 1494 5003 quidem
1527 4934 1711 5004 ﬂagris
1751 4935 2012 4991 emenda-

441 5036 532 5081 tus
554 5027 608 5079 in
637 5039 864 5080 carcere
895 5025 1211 5089 includitur,
1243 5026 1434 5093 reliqui
1478 5028 1692 5082 acerbis
1726 5028 2010 5097 suppliciis

441 5119 656 5174 subacti
690 5127 838 5172 sunt.
882 5117 1085 5170 llorum
1134 5117 1418 5174 Rutnanus
1465 5120 1764 5190 imperator
1793 5137 1821 5173 a
1857 5120 2014 5176 Petro

442 5211 642 5266 certior
666 5209 863 5277 factus,
883 5207 1148 5263 Joannem
1178 5212 1510 5267 monachum
1543 5211 1688 5281 (eum
1720 5213 1810 5282 qui
1839 5224 2017 5267 rector

441 5301 764 5371 exstiterat)
830 5302 1018 5364 mittit,
1076 5311 1344 5369 przetextu
1420 5301 1639 5374 quidem
1716 5305 2016 5359 redimendi

444 5394 708 5465 captivos,
744 5410 803 5448 re
833 5395 947 5462 ipsa
995 5411 1123 5448 vero
1163 5405 1221 5450 ut
1261 5393 1524 5451 Joannem
1550 5406 1766 5465 caperet
1813 5409 1867 5450 et
1915 5397 2018 5466 By-

443 5487 684 5543 zantium
712 5489 965 5552 duceret;
1009 5489 1153 5556 quod
1182 5499 1234 5542 et
1271 5491 1340 5545 ita
1372 5490 1621 5560 contigit.
1667 5488 1781 5545 Una
1817 5493 2018 5561 quippe

441 5595 570 5636 cum
603 5579 814 5636 Joanne
844 5597 1027 5635 navim
1065 5583 1371 5650 ingressus,
1413 5600 1440 5637 a
1475 5581 1800 5639 Mesembria
1837 5587 1888 5638 in
1927 5602 2018 5638 ur-

444 5681 568 5730 bem
601 5671 817 5729 delatus
841 5685 944 5730 est.
986 5673 1094 5728 Nec
1125 5675 1297 5729 multo
1327 5683 1448 5743 post
1483 5675 1730 5746 projecto
1762 5677 2016 5732 monachi

2109 4493 2295 4545 ἐλιπεν
2326 4489 2688 4559 ἐπιχορηγῶν.
2721 4484 2905 4539 Ταῦτα
2944 4484 3019 4548 ὡς
3063 4485 3127 4536 ἐκ
3154 4482 3367 4535 πολλῶν
3395 4480 3550 4545 ὀλίγα
3578 4478 3690 4530 τῶν

2113 4582 2280 4637 αύτοῦ
2312 4579 2758 4652 κατορθωμάτων
2789 4579 2881 4631 καὶ
2906 4574 3288 4646 ἐλεημοσυνῶν
3316 4569 3684 4640 διεξήλθομεν.

2184 4760 2269 4832 [Ρ.
2312 4758 2444 4832 260]
2495 4757 2605 4829 κη’.
2639 4756 2830 4826 Πέτρῳ
2886 4756 2944 4809 δέ
2991 4753 3069 4824 τῷ
3108 4751 3402 4821 Βουλγάρῳ
3461 4745 3691 4800 ἐπέθετο

2127 4852 2375 4922 Ἰωάννης
2410 4854 2438 4903 ὁ
2472 4850 2698 4918 ἀδελφὸς
2731 4847 2896 4901 αὐτοῦ
2948 4847 3087 4914 μετὰ
3147 4845 3244 4898 καὶ
3288 4842 3490 4912 ἐτέρων
3532 4854 3689 4908 μεγι-

2115 4947 2326 5000 στάνων
2355 4943 2449 4997 τοῦ
2479 4941 2705 5012 Συμεών
2734 4959 2748 4972 ’
2787 4942 2884 4995 καὶ
2933 4938 3294 5008 φωραθέντων
3325 4933 3504 4988 αὐτῶν
3531 4935 3558 4985 ὁ
3590 4933 3692 5001 μὲν

2127 5038 2379 5106 Ἰωάννης
2417 5035 2680 5089 τύπτεται
2733 5033 2826 5087 καὶ
2888 5031 3194 5099 ἐγκλείεται
3247 5027 3484 5097 φυλακῇ,
3541 5025 3591 5078 οἱ
3633 5021 3692 5075 δὲ

2117 5130 2294 5186 λοιποὶ
2320 5129 2616 5197 τιμωρίαις
2650 5126 2711 5179 ού
2757 5129 2876 5189 ταῖς
2933 5125 3220 5192 τυχούσαις
3275 5117 3692 5173 ὑποϐάλλονται.

2120 5221 2305 5274 Ταῦτα
2338 5219 2396 5272 δέ
2426 5218 2560 5289 δῆλα
2589 5219 2795 5286 Πέτρου
2843 5215 3168 5283 ποιήσαντος
3200 5210 3276 5279 τῷ
3309 5207 3520 5279 βασιλεῖ
3559 5205 3695 5256 Ῥω-

2123 5312 2299 5380 μανῷ,
2331 5309 2647 5363 ἀπέστειλεν
2677 5311 2705 5358 ὸ
2733 5307 2986 5377 βασιλεὺς
3020 5305 3112 5356 τὸν
3141 5301 3376 5372 μοναχὸν
3416 5299 3695 5364 Ἰωάννην.

2119 5405 2176 5466 ὃς
2199 5403 2443 5471 ἐγεγόνει
2481 5401 2744 5473 ραίκτωρ,
2788 5399 3061 5469 προφάσει
3111 5397 3209 5466 μὲν
3244 5393 3336 5446 τοῦ
3369 5393 3592 5460 ποιῆσαι
3635 5389 3697 5439 τ’)

2123 5495 2379 5561 ἁλλάγιον
2406 5495 2514 5546 τῶν
2546 5491 2934 5563 κρατουμένων
2959 5487 3343 5556 αἰχμαλώτων,
3373 5485 3438 5552 τῇ
3464 5480 3698 5550 ἀληθείᾳ

2121 5589 2178 5642 δὲ
2215 5587 2466 5656 Ἰωάννην
2514 5584 2808 5653 κατασχεῖν
2859 5583 2951 5633 καί
3015 5582 3071 5630 ἐν
3129 5572 3696 5630 Κωνσταντινουπάλει

2125 5679 2375 5749 ἀγαγεῖν.
2420 5678 2484 5730 '0
2513 5677 2576 5746 δὴ
2633 5674 2726 5727 καὶ
2787 5675 3052 5744 γέγονεν’
3107 5666 3365 5721 εἰσελθὼν
3419 5667 3526 5733 γὰρ
3585 5665 3701 5733 ἅμα
