4066 6040
340 249 447 310 L33

1359 259 1864 321 TllEUPIIANES
1891 261 2167 325 CONTIN
2178 266 2447 328 UATUS.

3502 274 3609 330 MU

344 382 540 425 versos
590 368 900 426 Romanum
945 374 1300 430 rebellionem
1352 378 1584 446 conﬁat;
1630 392 1924 451 castroque

2030 384 2206 455 γάλην
2262 387 2403 438 κατὰ
2448 384 2727 453 Ῥωμανου
2773 384 3077 456 άνταρσίαν
3107 387 3267 439 κινεῖ.
3296 386 3404 439 Καὶ
3438 382 3606 456 φρού-

344 470 614 532 occupato
650 465 739 518 cui
766 480 963 520 nomen
996 466 1127 521 Lata
1166 467 1345 534 Petra,
1380 473 1667 541 omnisque
1703 477 1920 542 generis

344 555 399 607 in
437 568 504 609 eo
552 557 772 609 annOna
810 558 1047 628 reposita
1072 598 1088 624 ,
1125 574 1190 613 ex
1231 560 1317 614 his
1368 562 1594 617 latebris
1626 577 1919 633 erumpens

344 648 804 705 circumvicinam
837 655 1116 723 regionem
1178 656 1543 724 populabatur
1597 675 1661 712 ac
1711 661 1920 729 praedas

342 742 561 811 agebat.
596 744 774 799 Missis
824 745 1010 815 itaque
1058 747 1358 815 imperator
1393 750 1568 818 copiis
1610 762 1721 804 tum
1767 753 1919 806 illum

344 835 507 904 cepit,
543 846 656 889 tum
688 835 783 905 qui
835 838 941 893 sub
978 838 1074 893 illo
1119 841 1422 895 merebant.
1458 842 1744 898 lnductunr
1793 860 1921 900 vero

343 927 399 982 in
460 928 651 982 urbem
698 929 911 998 judicio
967 932 1192 996 sistunt,
1242 934 1407 1002 eique
1460 937 1527 990 ad
1587 940 1923 1005 qua-stiones

340 1019 608 1084 adhibito,
632 1034 686 1075 et
722 1030 779 1076 ut
814 1024 994 1079 socios
1024 1025 1240 1093 prodat,
1271 1026 1461 1097 plagas
1501 1033 1704 1084 multas
1740 1033 1921 1101 inrpo~

344 1121 496 1165 nunt.
533 1112 627 1167 Ille
671 1115 872 1169 multos
926 1132 1241 1188 procerum,
1274 1121 1429 1188 quasi
1474 1123 1577 1175 sibi
1610 1121 1773 1193 422
1825 1124 1922 1178 ad-

344 1202 657 1267 hassissent,
700 1221 793 1272 per
848 1207 1181 1260 calumniam
1217 1209 1412 1265 defert.
1449 1210 1750 1268 Convictus
1793 1230 1922 1271 vero

342 1294 479 1349 nihil
502 1296 615 1350 veri
645 1298 896 1354 criminis
920 1301 1028 1354 illis
1050 1302 1312 1373 ohjieere,
1338 1306 1402 1357 ad
1421 1303 1753 1360 Amastriani
1777 1308 1922 1363 aedes

344 1385 453 1452 igni
488 1385 813 1457 absumptus
831 1402 936 1445 est.

411 1478 500 1533 54.
537 1478 709 1546 Quem
735 1498 863 1537 vero
891 1485 1166 1553 dicebam,
1196 1488 1543 1559 imperatoris
1571 1491 1717 1547 ﬁlius
1743 1490 1923 1548 Theo-

2033 492 2149 547 ριον
2224 473 2517 545 κατασχὼν
2554 476 2581 529 ὅ
2628 475 2865 529 Πλατεῖα
2922 476 3108 545 Πέτρα
3151 475 3608 544 κατονομάζεται,

2029 568 2142 619 πᾶν
2172 560 2315 628 εἶδος
2343 564 2619 635 ἐδωδίμων
2642 568 2699 619 ὲν
2730 566 2906 635 τούτῳ
2939 564 3190 620 ἀπέθετο·
3231 565 3325 631 ἀφ’
3367 562 3429 620 οὗ
3456 566 3610 636 ἐξορ-

2030 658 2151 729 μῶν
2187 657 2467 727 ἐλεηλάτει
2491 658 2585 710 καὶ
2608 658 2797 721 τοὺς⁷⁹
2831 659 3350 728 παρατυγχάνοντας
3384 658 3613 727 προενό-

2030 768 2213 822 μευεν.
2254 752 2609 813 Ἀποστείλας
2651 747 2743 805 οὖν
2766 754 2791 804 ὁ
2815 750 3069 821 βασιλεὺς
3093 750 3215 803 κατ’
3234 749 3406 803 αὑτοῦ
3439 749 3605 802 αὐτόν

2026 860 2084 897 τε
2122 844 2413 897 συνέλαῦεν
2444 845 2537 897 καὶ
2570 845 2696 908 τοὺς
2747 845 2841 897 σὺν
2872 842 3047 914 αὐτῷ·
3073 842 3132 896 ὃν
3167 844 3264 897 καὶ
3307 842 3611 909 ἀγαγόντες

2027 936 2086 989 ὲν
2106 940 2171 1006 τῇ
2213 936 2366 989 πόλει
2410 937 2694 1005 ἀνέκρινόν
2716 953 2775 988 τε
2818 937 2913 989 καὶ
2941 934 3143 999 πολλὰς
3168 931 3382 1004 πληγὰς
3429 934 3610 986 ἐπετί-

2028 1026 2217 1092 θεσαν,
2248 1026 2342 1079 τοῦ
2372 1027 2501 1090 τοὺς
2534 1025 2908 1088 συστασιώτας
2923 1025 2991 1091 ⁸⁸,
3021 1025 3228 1085 εἷτινες
3246 1018 3377 1087 εἷεν,
3408 1024 3606 1077 είπεῑν.

2036 1119 2098 1174 '0
2123 1120 2177 1173 δὲ
2206 1120 2436 1183 πολλοὺς
2469 1120 2578 1173 τῶν
2602 1120 2660 1172 ὲν
2683 1119 2830 1173 τέλει
2883 1117 3244 1186 ἐσυκοφάντει
3283 1112 3495 1185 ψευδῶς
3533 1111 3609 1176 ὡς

2029 1216 2293 1277 συνόντας
2321 1213 2491 1283 αὐτῷ.
2526 1212 2713 1281 Μηδὲν
2747 1211 2804 1264 δὲ
2829 1211 3029 1278 ἀληθὲς
3051 1210 3174 1263 κατ’
3200 1206 3385 1262 αὐτῶν
3427 1205 3610 1274 λέγειν

2024 1308 2367 1379 ἐξελεγχθεὶς
2398 1309 2579 1371 ἐντοῖς
2606 1303 3007 1377 ’Δραστριανοῦ
3035 1303 3205 1374 πυρὸς
3227 1301 3609 1373 παρανάλωμα

2026 1402 2260 1469 γίνεται.

2099 1487 2190 1539 λδ’.
2232 1486 2635 1557 Χειροτονεῖται
2678 1484 2736 1537 δὲ
2799 1482 3150 1554 πατριάρχης
3190 1483 3220 1535 ὁ
3274 1478 3465 1551 ῥηθεὶς
3509 1476 3609 1532 τοῦ

345 1569 636 1639 phylactus
681 1575 994 1643 patriarcha
1033 1579 1343 1648 ordinatur,
1377 1582 1662 1639 Februarii
1717 1585 1923 1641 mensis

2030 1576 2297 1648 βασιλέως
2350 1576 2465 1639 υίὸς
2523 1575 2924 1644 Θεοφύλακτος,
2954 1573 3309 1644 Φεϐρουαρίῳ
3337 1570 3466 1641 μηνὶ
3484 1570 3607 1624 5w-

341 1660 431 1718 tlie
464 1666 726 1733 secunda,
781 1669 1082 1727 indictione
1139 1685 1311 1740 sexta,
1349 1677 1519 1745 patris
1563 1678 1618 1731 in
1668 1679 1924 1734 omnibus

2030 1673 2166 1743 τέρᾳ
2220 1669 2554 1731 ίνδικτιῶνος
2582 1669 2773 1739 ἕκτης,
2800 1664 2894 1720 τοῦ
2940 1664 3196 1736 πατρῴου
3259 1664 3609 1733 φρονήματος

341 1757 559 1813 animos
593 1774 926 1831 sensumque
959 1766 1319 1834 praeveniens,
1347 1768 1441 1822 sed
1472 1778 1527 1823 et
1554 1769 1621 1823 ad
1646 1785 1708 1823 ea
1738 1786 1857 1841 qua:
1889 1787 1921 1827 a

2030 1766 2115 1833 ἐφ’
2175 1763 2382 1818 ἅπασιν
2434 1761 2833 1833 ἐξερχόμενος,
2879 1757 3017 1812 ἀλλὰ
3073 1757 3168 1812 καὶ¹
3232 1758 3358 1856 τοῖς
3419 1753 3609 1825 πρόσω

341 1846 525 1903 fronte
551 1848 778 1906 virtutes
816 1864 1072 1924 recteque
1095 1856 1261 1921 facta,
1288 1873 1413 1915 cum
1436 1874 1498 1913 ea
1525 1875 1634 1931 qua
1662 1862 1921 1931 praeditus

2030 1854 2523 1927 παρεκτεινόμενος
2564 1848 2958 1923 κατορθώμασι
3016 1847 3155 1918 μετὰ
3176 1846 3271 1899 καὶ
3296 1846 3397 1915 τῆς
3428 1859 3601 1914 προσο

343 1946 465 1993 erat
516 1940 826 1999 eruditione
888 1959 1051 2015 atque
1104 1948 1385 2015 doctrina,
1436 1966 1557 2006 sese
1596 1954 1918 2009 extendens.

341 2029 587 2089 Aderant
642 2035 832 2092 vicarii
892 2038 1126 2095 Romani
1182 2044 1485 2107 antistitis.
1560 2048 1920 2117 qui‘tomum

341 2124 661 2194 synodalem
702 2128 770 2182 de
815 2129 961 2186 illius
1010 2141 1334 2189 tractantem
1371 2135 1719 2193 ordinatione
1759 2137 1923 2194 alter-

343 2226 498 2283 rcnt;
532 2216 626 2288 qui
659 2218 826 2274 etiam
874 2220 927 2274 in
963 2224 1317 2291 patriarehali
1349 2225 1476 2280 sede
1518 2242 1645 2281 eum
1687 2228 1925 2283 colloca-

343 2315 497 2361 runt.

412 2399 505 2454 35.
535 2400 677 2467 Quin
697 2402 841 2457 dicta
860 2418 1080 2474 quoque
1097 2404 1329 2460 Romani
1356 2408 1702 2477 imperatoris
1722 2414 1922 2483 neptis,

347 2490 517 2548 llaria
544 2492 692 2549 Petri
731 2495 952 2566 Bulgari
978 2513 1139 2563 uxor,
1179 2499 1322 2554 haud
1361 2516 1489 2556 raro
1522 2504 1575 2557 in
1608 2505 1797 2559 urbem
1828 2521 1923 2562 ve-

345 2586 534 2643 niebat
587 2604 652 2644 ex
715 2588 971 2660 Bulgaria
1030 2592 1207 2661 patris
1264 2593 1461 2663 avique
1511 2596 1923 2653 invisendorum

344 2695 537 2735 causa.
574 2679 860 2737 Postremo
890 2693 1071 2737 autem
1125 2686 1274 2739 venit
1320 2695 1434 2741 tres
1475 2702 1663 2743 secum
1701 2688 1927 2746 liberos

345 2773 649 2837 adducens,
678 2790 803 2830 cum
835 2777 947 2845 jam
982 2776 1415 2849 Christophorus
1453 2780 1574 2851 ejus
1604 2790 1757 2852 pater
1786 2784 1927 2838 vivis

344 2875 633 2934 exemptus
658 2877 826 2921 esset.
857 2866 1040 2923 Multis
1074 2869 1257 2939 itaque
1292 2871 1380 2926 avi
1414 2873 1788 2929 muniﬁcentia
1826 2875 1927 2930 do-
1965 2940 1975 2949 η

347 2967 477 3010 nata
501 2957 711 3014 divitiis
739 2959 1041 3016 honoriﬁce
1073 2961 1297 3017 domum
1327 2979 1544 3021 reversa
1575 2974 1680 3023 est.

417 3137 510 3195 36.
532 3137 820 3199 Romanus
852 3157 985 3197 vero
1010 3144 1312 3215 imperator
1340 3144 1620 3216 Stephano
1646 3150 1757 3205 ﬁlio
1786 3166 1926 3206 uxo-

349 3245 464 3289 rem
497 3231 643 3288 locat
675 3232 898 3291 Gabalaa
925 3236 1117 3301 ﬁliam,
1159 3236 1428 3311 Catacyla:
1454 3241 1686 3310 neptim,
1713 3245 1926 3299 Annam

349 3322 613 3388 nomine;
646 3340 711 3378 ac
757 3340 884 3380 cum
932 3329 1161 3397 nuptiali
1212 3341 1360 3385 serto
1402 3331 1721 3402 Augustalis
1761 3337 1927 3391 etiam

351 3410 430 3468 illi
462 3426 665 3468 corona
702 3415 961 3485 imposita
992 3427 1098 3473 est.

420 3594 513 3652 37.
554 3594 865 3653 Turcorum
907 3599 1084 3668 prima
1124 3603 1402 3671 expeditio
1435 3603 1703 3661 adversus
1732 3606 1928 3661 “orna-

356 3703 460 3745 ποι
477 3688 708 3759 contigit
732 3704 919 3747 mense
944 3692 1137 3759 Aprili,
1158 3694 1453 3750 indictione
1475 3696 1529 3750 7.
1560 3697 1708 3752 Iliad
1738 3699 1927 3754 urbem

360 3796 535 3853 usque
589 3792 947 3838 excurrentes
979 3793 1209 3841 cunctos
1246 3802 1342 3856 per
1385 3785 1682 3844 Thraciam
1733 3791 1929 3849 obvios

354 3874 535 3942 przeda
560 3874 880 3946 abegerunt.
915 3874 1118 3931 Missus
1153 3876 1338 3947 itaque
1370 3878 1732 3951 Theophanes
1759 3886 1929 3952 patri-

350 3966 472 4022 cius
506 3968 965 4036 protovestiarius
1010 3968 1172 4041 523
1223 3971 1551 4043 imperiique
1604 3974 1929 4033 administer

350 4072 416 4111 ac
442 4060 698 4128 princeps
732 4069 979 4126 senatus,
1000 4069 1058 4114 ut
1090 4076 1214 4115 cum
1246 4063 1326 4115 eis
1354 4078 1544 4133 pacem
1572 4077 1931 4135 componeret

352 4149 710 4219 captivosque
732 4152 1015 4220 reciperet.
1038 4151 1208 4205 Porro
1222 4152 1581 4224 Theophanes
1602 4156 1926 4214 admiranda

350 4240 639 4309 prudentia
670 4257 734 4297 ac
773 4244 1067 4313 sagacitate
1121 4244 1229 4299 illis
1273 4261 1405 4300 usus
1438 4262 1504 4301 ex
1560 4257 1687 4303 voto
1726 4262 1923 4305 cuncta

352 4332 605 4394 confecit.
638 4334 980 4405 multamque
1003 4351 1068 4390 ex
1102 4337 1213 4391 illis
1251 4352 1317 4391 eo
1346 4340 1567 4396 nomine
1607 4341 1821 4401 laudem
1863 4358 1927 4399 ac

2022 1949 2191 2019 ούσης
2260 1944 2719 2016 ἔλλογιμότητος,
2786 1938 3179 2011 τοποτηρητῶν
3225 1941 3291 1992 ὲκ
3382 1934 3608 2006 Ῥώμης

2025 2039 2363 2097 ἀνελθόντων
2401 2039 2496 2092 καὶ
2550 2037 2715 2106 τόμον
2752 2032 3033 2088 συνοδικδν
3067 2031 3455 2103 ἰπιφερόμενοι
3477 2025 3610 2098 περὶ

2026 2136 2125 2206 τῆς
2152 2134 2318 2188 αὐτοῦ
2348 2131 2687 2204 χειροτονίας
2719 2128 3149 2200 διαγορεύονταο
3185 2128 3238 2181 οἳ
3271 2127 3367 2180 καὶ
3409 2138 3611 2196 πατρι-

2025 2227 2240 2300 αρχικῷ
2262 2226 2434 2296 θρένῳ
2455 2224 2643 2278 τοῦτον
2669 2221 2972 2292 ἐνίδρυσαν.

2099 2408 2198 2462 λε’.
2229 2406 2295 2459 Ἦ
2361 2404 2631 2475 εἰρημένη
2684 2401 2948 2471 βασιλέως
2989 2397 3274 2469 Ῥωμανοῦ
3328 2396 3528 2465 ἑγγόνη
3574 2397 3609 2465 ὴ

2027 2496 2250 2568 Μαρία,
2302 2494 2441 2563 γυνὴ
2482 2493 2689 2563 Πέτρου
2744 2491 3055 2558 Βουλγάρου
3085 2533 3099 2553 ,
3152 2488 3417 2551 πολλάκις
3496 2485 3609 2540 hab

2029 2587 2370 2656 Βουλγαρίας
2393 2587 2451 2637 έν
2470 2587 2537 2655 τῇ
2557 2582 2707 2637 πόλει
2733 2582 2986 2651 είσῆλθεν
3017 2580 3111 2634 τοῦ
3133 2580 3223 2635 τὸν
3249 2579 3379 2633 ἴδιον
3397 2578 3610 2647 πατέρα

2029 2681 2125 2735 καὶ
2168 2680 2261 2733 τὸν
2322 2679 2548 2731 πάππον
2592 2676 2762 2745 αὐτῆς
2824 2672 2923 2746 [Ρ.
2986 2672 3128 2745 262]
3183 2669 3611 2741 ἐπισκέψασθαι.

2028 2772 2353 2827 Τελευταίον
2407 2768 2466 2822 δὲ
2512 2767 2649 2838 μετά
2693 2766 2900 2819 παίδων
2959 2763 3210 2833 είσῆλθεν
3258 2761 3453 2833 τριῶν,
3505 2760 3611 2833 ήδη

2029 2862 2407 2935 Χριστοφόρου
2469 2858 2565 2913 τοῦ
2646 2857 2855 2927 πατρὸς
2916 2856 3088 2927 αὐτῆς
3158 2853 3607 2923 τελευτήσαντος.

2033 2953 2271 3011 Πλοῦτον
2321 2952 2415 3007 οὖν
2474 2950 2646 3005 πολὺν
2705 2949 2857 3021 παρὰ
2920 2947 3018 3000 τοῦ
3077 2946 3307 3002 πάππου
3361 2942 3610 2998 λαϐοῦσα

2030 3045 2645 3117 ἱντίμωςὍπέστρεψεν.

2101 3138 2214 3206 λς’.
2280 3137 2562 3207 Ῥωμανδς
2617 3135 2674 3189 δὲ
2715 3136 2743 3189 ὁ
2781 3133 3033 3203 βασιλεὺς
3089 3130 3167 3201 τῷ
3207 3129 3308 3199 υἱῷ
3351 3128 3615 3197 Στεφάνῳ

2029 3234 2263 3303 γυναῖκα
2284 3230 2528 3300 ἠγάγετο
2558 3228 2835 3299 θυγατέρα
2880 3222 3048 3279 οὖσαν
3071 3223 3165 3277 τοῦ
3192 3224 3231 3276 Γ
3234 3221 3431 3298 rapula,
3452 3222 3614 3288 ἐγγό-

2029 3344 2128 3397 νην
2178 3326 2236 3379 δὲ
2261 3324 2585 3387 Κατάκυλα,
2617 3324 2819 3397 Ἀνναν
2837 3319 2881 3351 ⁸³
2904 3320 3096 3389 ὄνομα.
3123 3317 3272 3385 ’Δμα
3292 3315 3349 3368 δὲ
3375 3313 3455 3385 τῷ
3476 3330 3615 3382 νυμ-

2031 3416 2176 3487 φικῷ
2238 3417 2490 3487 στεφάνῳ
2550 3415 2645 3468 καὶ
2674 3417 2703 3468 ὁ
2739 3413 2838 3482 τῆς
2866 3411 3146 3482 βασιλείας
3182 3408 3320 3478 αὐτῇ
3348 3407 3613 3476 στέφανος

2031 3509 2327 3564 ἑπττίδετο.

2101 3605 2198 3667 λζ’.
2233 3603 2480 3669 Ἐγένετο
2538 3600 2595 3653 δὲ
2626 3598 2955 3669 ἐκστρατεία
2983 3597 3173 3666 πρώτη
3213 3594 3322 3649 τῶν
3350 3593 3615 3663 Τούρκων

2030 3697 2171 3752 κατά
2237 3690 2527 3765 Ῥωμαίων
2598 3689 2932 3753 ἰνδικτιῶνος
3000 3687 3240 3758 ἑϐδόμης
3316 3682 3615 3754 Ἀπριλλίῳ

2033 3791 2164 3863 μηνί
2211 3807 2225 3821 ·
2282 3790 2331 3842 οἳ
2382 3787 2479 3842 καὶ
2537 3783 2986 3854 καταδραμόντες
3037 3780 3199 3851 μέχρι
3260 3780 3361 3850 τῆς
3402 3776 3616 3838 πόλεως

2030 3884 2322 3953 ἐληίσαντο
2350 3881 2531 3933 πᾶσαν
2575 3873 2845 3949 Θρακῴαν
2868 3873 3072 3945 ψυχήν.
3126 3870 3433 3940 ’Ᾱπεστάλη
3465 3864 3559 3922 οὖν
3584 3870 3614 3922 ὁ

2031 3973 2332 4047 πατρίκιος
2375 3970 2658 4038 θεοφάνης
2694 3969 2723 4021 ὁ
2776 3965 3280 4037 πρωτοὸεστεάριος
3303 3963 3396 4017 καὶ
3426 3977 3612 4029 παραυ

2029 4067 2376 4122 δυναστεύων
2438 4066 2666 4133 ποιῆσαι
2728 4059 3021 4126 (ἔιλλάγιον⁹
3061 4057 3120 4119 ὃς
3171 4054 3489 4123 θαυμασίως
3518 4052 3615 4105 καὶ

2032 4159 2271 4223 συνετῶς
2293 4159 2473 4220 αὐτοῖς
2502 4153 2777 4225 μετελθὼν
2804 4154 3017 4220 ὅσαπερ
3049 4148 3302 4202 ἐϐούλετο
3335 4143 3615 4216 κατεπρά-

2034 4253 2183 4317 ξατο,
2223 4249 2396 4305 πολλὰ
2426 4247 2559 4319 παρ’
2586 4246 2768 4301 αὐτῶν
2794 4245 2850 4297 ὲν
2882 4246 2950 4314 τῇ
2976 4242 3240 4313 φρονήσει
3305 4238 3398 4292 καὶ
3422 4238 3616 4292 £6600-

2030 4347 2151 4417 λίᾳξ
2204 4341 2511 4405 ἐπαινεθείς
2586 4356 2649 4391 τε
2727 4337 2820 4391 καὶ
2900 4333 3288 4403 θαυμασθείςο
3352 4330 3441 4384 ὅτε
3520 4329 3616 4382 καὶ

350 4424 768 4480 admirationem
808 4428 1119 4496 reportavit.
1180 4426 1335 4487 Tunc
1381 4446 1601 4501 quoque
1642 4432 1923 4491 Romanus

2030 4438 2090 4491 τὸ
2130 4434 2505 4506 μεγαλόψυχον
2570 4428 2736 4483 αὐτοῦ
2799 4427 2895 4480 καὶ
2957 4424 3341 4495 φιλάνθρωπον
3397 4420 3427 4472 ὁ
3461 4421 3614 4491 βασι-

352 4516 695 4585 irnperator,
749 4527 953 4586 quanta
1006 4518 1404 4587 magniﬁcentia
1461 4535 1527 4576 ac
1582 4523 1924 4581 humanitate

356 4617 663 4677 praestaret,
683 4609 941 4674 ostendit,
983 4611 1146 4665 nullis
1171 4613 1481 4683 sumptibus
1530 4629 1785 4685 parcens,
1828 4633 1925 4673 so-

353 4702 465 4756 lum
501 4710 561 4756 ut
594 4700 959 4756 liberarentur
990 4702 1211 4769 captivi.

418 4793 512 4849 38.
548 4791 770 4849 Locavit
806 4795 971 4849 etiam
1014 4791 1293 4851 Romanus
1325 4800 1622 4868 imperator
1648 4802 1921 4859 Constan-

352 4886 467 4941 tino
487 4886 724 4941 ﬁliorum
750 4896 878 4943 natu
901 4887 1130 4944 minimo
1155 4905 1380 4946 uxorem
1401 4890 1926 4958 Helenam,'Adriani

356 4977 568 5046 patricii
609 4976 775 5033 ﬁliam
810 4979 998 5048 stirpis
1031 4979 1389 5037 Armeniaca.
1428 4982 1547 5048 Qua
1578 4996 1632 5039 et
1660 4986 1919 5044 defuncta

354 5071 559 5128 mensis
592 5070 877 5127 Februarii
920 5073 1008 5127 die
1052 5072 1245 5138 altera,
1276 5076 1505 5130 alteram
1548 5080 1596 5133 ei
1630 5078 1924 5151 Theopha-

353 5176 555 5219 nonem
584 5163 833 5232 nomine,
860 5165 1147 5223 Mamantis
1190 5168 1338 5224 illius
1368 5170 1541 5240 stirpe
1584 5181 1785 5239 satam,
1822 5190 1925 5229 nu-

354 5266 507 5328 ptum
539 5255 729 5313 tradit.

424 5432 515 5490 59.
549 5432 757 5502 Quarta
791 5433 1001 5492 decima
1032 5436 1356 5504 indictione,
1384 5441 1591 5495 mensis
1622 5455 1750 5496 vero
1777 5441 1923 5496 Junii

358 5522 668 5591 undecima,
698 5524 861 5585 ﬂussi
896 5527 1163 5584 insrrueta
1190 5527 1363 5585 classe
1386 5530 1454 5584 ad
1483 5529 1672 5586 decem
1703 5534 1920 5587 navium

2032 4531 2157 4591 λεὺς
2220 4525 2502 4595 Ῥωμανὸς
2563 4520 2917 4586 ἐπεδείξατο,
2983 4517 3212 4587 μηδενὸς
3276 4514 3611 4585 φεισάμενος

2033 4620 2315 4692 χρήματος
2345 4616 2481 4687 πρὸς
2518 4612 2617 4684 τὴν
2648 4613 2756 4667 τῶν
2777 4609 3136 4682 αἰχμαλώτων
3158 4608 3482 4680 άνάρρυσιν.

2103 4800 2208 4873 λη’.
2282 4796 2549 4865 Ἠγάγετο
2576 4795 2633 4849 δὲ
2673 4793 2961 4863 γυναῖκαὸ
2999 4790 3255 4864 βασιλεὺς
3324 4788 3611 4862 Ῥωμανὸς

2032 4894 2111 4965 τῷ
2170 4892 2467 4961 τελευταίῳ
2514 4888 2615 4960 υἱῷ
2646 4887 3085 4955 Κωνσταντὶνῳ,
3134 4886 3201 4938 ὲκ
3261 4882 3451 4953 γένους
3501 4882 3613 4935 τῶν

2045 4980 2421 5055 Ἀρμενιακῶν
2448 4977 2686 5049 τοῦνομα
2710 4978 2930 5047 Ἑλένην
2951 4977 3041 5030 τοῦ
3070 4976 3363 5047 πατρικίου
3397 4974 3613 5044 Ἀδρια-

2032 5074 2125 5129 νοῦ
2169 5072 2476 5143 Θυγατέρα·
2529 5067 2597 5142 ἧς
2662 5073 2754 5124 καὶ
2805 5068 3210 5139 τελευτησάσης
3262 5062 3613 5136 Φεϐρουαρίῳ

2034 5167 2164 5237 μηνὶ
2188 5164 2415 5236 δευτέρᾳ
2443 5166 2637 5233 ἑτέραν
2662 5163 2837 5232 τούτῳ
2872 5160 3191 5225 συνέζευξεν
3228 5160 3462 5228 γυναῖκα
3485 5156 3603 5211 6V6-

2037 5275 2170 5330 ματι
2213 5254 2489 5324 Θεοφανὼ,
2553 5257 2617 5309 ὲκ
2653 5255 2846 5323 γένους
2878 5251 2975 5305 τοῦ
3029 5249 3329 5320 Μάμαντος
3393 5245 3601 5301 ἑκείνου

2040 5348 2434 5419 καταγομένην.

2104 5440 2203 5496 λΘ’.
2245 5441 2502 5511 ’Δεκάτης
2535 5440 2632 5492 καὶ
2685 5438 2950 5510 τετάρτης
3003 5435 3353 5499 ίνδικτιῶνος.
3406 5430 3610 5504 Ἰουνίῳ

2031 5535 2086 5588 δὲ
2113 5536 2243 5603 μηνὶ
2294 5532 2575 5604 ἑνδεκάτῃ,
2601 5530 2981 5585 κατέπλευσαν
3008 5529 3059 5583 ol
3102 5526 3243 5590 Ῥὼς
3274 5525 3415 5583 κατὰ
3445 5524 3608 5580 Κων-

1664 5625 1899 5682 νΔιιιΑς
1941 5627 2339 5685 ιεατιοαεε.

423 5713 472 5751 7"
494 5717 617 5780 τοὺς
643 5734 750 5772 om.
784 5716 843 5772 P.
923 5720 967 5752 "
1000 5726 1369 5785 συστασιώτας
1394 5719 1454 5789 Ρ,
1490 5723 1897 5795 συστρατιώτας
1919 5741 2127 5800 margo.
2203 5724 2247 5757 ⁶¹
2277 5724 2448 5779 Ἅννα
2462 5725 2522 5779 ι’.
