4066 6040
355 333 461 394 ιιτ

1447 341 1960 406 THEOPHANES
1997 346 2535 410 CON'l'lNUATUS

3507 341 3615 402 iii

355 454 518 510 atque
548 452 734 511 parata
768 447 1092 516 possideret.
1130 447 1295 501 Mittit
1326 449 1492 520 igitur
1519 450 1798 508 Ruinanus
1829 468 1927 508 co-

2049 456 2102 513 '0
2147 457 2203 511 δὲ
2264 455 2542 526 Ῥωμανδς
2608 453 2940 516 ἀποστείλας
3007 451 3099 504 καὶ
3153 449 3399 519 ζητήσας
3458 453 3613 505 οὐδὲν

361 537 601 601 gttitores
632 534 850 605 jtttliccs
879 577 892 602 ,
937 536 1295 608 diligetttiqtte
1348 553 1531 595 rerum
1589 542 1935 612 inspectione

361 626 563 680 nullius
602 640 753 682 reum
784 627 1036 683 criminis
1065 630 1351 686 offendens
1398 633 1451 687 in
1493 634 1777 702 pristinam
1804 648 1932 689 eum

361 717 685 788 dignitatem
742 719 1006 774 restituit.
1057 718 1189 790 Ejus
1232 733 1412 777 tamen
1461 723 1536 778 rei
1577 737 1746 778 causa
1787 724 1936 795 apud

362 813 603 878 reliquos
629 809 980 882 Augustos.ei
1011 814 1244 870 conflata
1280 816 1483 869 invidia
1519 832 1744 871 munere
1771 818 1934 872 abdi-

356 910 538 966 catur,
573 902 803 971 ejusque
826 901 944 956 loco
968 902 1318 970 Pantherius,
1341 906 1588 961 Romano
1615 906 1938 977 imperatori

360 988 644 1057 sanguinis
701 990 1113 1046 necessitudine
1166 992 1538 1060 conjunctus,
1597 994 1937 1052 domesticus

357 1081 740 1134 constituitur.

431 1171 525 1227 Η.
570 1168 842 1226 Caeterum
888 1172 1172 1227 Romanus
1214 1175 1512 1244 imperator
1561 1162 1714 1233 urbis
1754 1178 1940 1234 debita

358 1264 545 1318 etnnia
571 1279 753 1334 asque
783 1266 1024 1321 alienum
1054 1268 1254 1321 civium
1283 1269 1707 1335 omne,divitum
1735 1274 1942 1342 pariter

367 1371 778 1428 pauperumque
816 1372 882 1412 se
925 1374 1247 1429 egenorum,
1293 1369 1562 1430 quantum
1617 1378 1684 1417 ex
1736 1364 1942 1422 tabulis

361 1451 582 1522 probari
611 1458 845 1520 poterat,
875 1451 1130 1507 dissolvit
1163 1463 1443 1524 ;suntque
1473 1455 1607 1509 adeo
1634 1457 1728 1526 qtti
1755 1457 1944 1514 dicant

362 1543 580 1600 dedisse
598 1544 933 1615 undeviginti
963 1547 1304 1598 centenaria.
1331 1546 1622 1603 Nominum
1645 1551 1860 1607 tabulas
1888 1552 1942 1606 in

360 1634 597 1693 Chaices
652 1651 930 1708 purpureo
982 1637 1246 1690 umbilico
1285 1640 1614 1708 combussit,
1671 1645 1945 1699 universis

365 1726 546 1784 fauste
577 1731 1027 1796 acclamantibus,
1057 1734 1306 1803 votisque
1337 1733 1724 1803 imperatorem
1753 1751 1945 1806 prose-

2035 548 2288 620 ὲφεῦρεν,
2318 551 2414 603 καὶ
2464 545 2725 617 μεταδοὺς
2755 545 2858 614 τῆς
2905 543 3080 612 ἀρχῆς
3135 542 3611 612 ἀποκατέστησεν.

2035 641 2220 713 Φϐὁνῳ
2245 641 2302 694 δὲ
2328 639 2478 711 αὺτῴ
2506 639 2615 692 τῶν
2655 638 2915 692 τοιούτων
2946 634 3257 690 ὑποθέσεων
3303 634 3458 705 παρᾶ
3505 635 3617 691 τῶν

2037 735 2241 789 λοιπῶν
2285 733 2638 806 κινηθέντων,
2666 731 2926 784 ικπίπτει
2961 730 3056 799 τῆς
3089 727 3284 799 ἀρχῆς,
3321 728 3418 781 καὶ
3450 727 3616 799 δομι-

2041 844 2222 891 στικος
2252 826 2367 880 ἀντ’
2393 825 2558 879 αὐτοῦ
2596 823 3006 893 προχειρίζεται
3053 818 3380 890 Πανθήριος,
3419 836 3618 888 συγγε-

2041 921 2136 991 νὴς
2165 917 2259 973 τοῦ
2291 917 2555 990 βασιλέως
2601 914 2903 986 Ῥωμανοῦ.

2116 1185 2219 1254 μδο.
2261 1183 2322 1237 '0
2351 1180 2408 1236 δὲ
2441 1180 2695 1251 βασιλεὺς
2736 1179 3016 1249 Ῥωμανὸς
3041 1180 3219 1231 πάντα
3247 1175 3316 1231 τά
3343 1175 3480 1247 χρὲη
3519 1175 3621 1245 τῆς

2043 1275 2251 1338 πόλεως
2284 1274 2392 1327 άπὸ
2413 1289 2473 1326 τε
2497 1272 2788 1337 πλουσίων,
2843 1270 3216 1337 μεγιστάνων,
3263 1266 3498 1338 πτωχῶν
3525 1268 3624 1321 καὶ⁸

2044 1364 2313 1433 πενήτων,
2345 1363 2446 1416 ὅσα
2488 1359 2557 1414 ἂν
2591 1361 2653 1413 ιν
2687 1357 2911 1429 φανερῷ
2960 1357 3375 1424 ἀπεδείκνυντο,
3405 1357 3623 1428 ἀπέδωετ

2044 1472 2170 1509 κεν·
2202 1453 2278 1519 ὥς
2315 1453 2449 1524 φασί
2481 1469 2626 1516 τινες
2655 1452 2735 1506 ὃτι
2776 1451 3010 1504 δέδωκεν
3050 1448 3386 1522 κεντηνάρια
3434 1447 3622 1502 ὲννεα-

2045 1547 2272 1603 καίδεκα
2293 1565 2307 1578 ·
2344 1546 2442 1608 τὰς
2472 1544 2530 1599 δὲ
2577 1543 2872 1614 ὁμολογίας
2910 1541 3254 1596 κατέκαυσεν
3276 1542 3358 1603 εἰς
3385 1539 3448 1593 τδ
3483 1555 3624 1610 πορ-

2046 1639 2253 1710 φυροῦν
2286 1637 2553 1708 ὁμφάλιον
2580 1637 2680 1704 τῆς
2710 1633 2956 1705 Χαλκῆς,
2988 1633 3208 1688 πάντων
3238 1632 3626 1703 ἐπευχομένων

2047 1736 2137 1787 τὸν
2166 1734 2412 1804 βασιλέα.
2444 1731 2537 1802 Τῷ
2577 1731 2635 1785 δὲ
2693 1731 2929 1801 εἰκοστῷ
2958 1729 3197 1801 δευτέρῳ
3231 1729 3400 1783 αὐτοῦ
3444 1730 3627 1801 χρόνῳ

367 1824 688 1891 quentibus.
723 1822 940 1893 Imperii
967 1839 1112 1877 anno
1138 1824 1382 1879 secundo
1401 1842 1566 1895 supra
1598 1828 1943 1898 vigesimum,

2049 1827 2245 1881 δέδωκε
2273 1824 2347 1879 τὰ
2375 1824 2623 1878 ὲνοικικὰ
2665 1823 2852 1893 πάσης
2877 1824 2976 1892 τῆς
3005 1822 3234 1885 πόλεως,
3282 1821 3392 1874 ἀπὸ
3424 1820 3627 1892 μικροῦ

365 1915 542 1984 pretia
586 1914 874 1970 domorum
923 1916 1134 1970 civibus
1164 1915 1327 1987 430
1352 1920 1609 1974 omnibus
1647 1921 1944 1976 conducto-

370 2006 524 2062 ribus
549 2021 578 2059 a
613 2006 850 2062 maximo
888 2005 957 2061 ad
990 2007 1277 2062 minimum
1310 2025 1486 2078 usque
1521 2011 1751 2067 dimisit.
1786 2011 1947 2070 Feria

364 2105 563 2168 quarta
599 2105 655 2152 et
696 2097 999 2155 Parasceve
1043 2103 1110 2153 ad
1155 2115 1550 2156 conversurum
1583 2105 1778 2160 exiens
1800 2107 1946 2162 mdes

368 2192 572 2245 scortis
599 2190 856 2246 omnibus
886 2201 1175 2261 argenteos
1205 2195 1344 2248 duos
1370 2196 1634 2265 erogabat
1667 2216 1681 2262 ;
1713 2199 1947 2255 inclusis

369 2283 503 2337 viris
525 2290 581 2337 et
611 2282 832 2339 feminis
865 2283 1098 2353 singulis
1138 2299 1251 2342 tres
1289 2304 1540 2344 nummos
1571 2292 1943 2360 impendebat.

373 2374 647 2430 Ecclesias
677 2391 806 2430 vero
838 2383 894 2430 et
943 2379 1275 2433 monasteria
1309 2381 1463 2450 plura
1492 2386 1768 2438 exstruxit
1796 2403 1810 2448 ;
1851 2403 1947 2441 ve-

372 2474 484 2522 stes
514 2479 733 2536 quoque
771 2482 908 2523 auro
941 2479 1229 2525 contextas
1255 2472 1574 2542 calicesque
1607 2490 1733 2530 cum
1775 2477 1947 2535 discis

383 2571 561 2613 .acros
607 2557 840 2626 largitus
878 2570 983 2616 est.
1019 2560 1298 2632 Hospitale
1327 2580 1547 2634 quoque
1586 2569 1652 2621 ad
1683 2568 1946 2626 Mabrisni

369 2649 511 2705 mdes
553 2650 834 2717 excitavit,
889 2653 1129 2725 fecitque
1179 2657 1398 2712 stabula
1427 2673 1494 2714 ac
1538 2661 1777 2733 hospitia
1827 2667 1944 2736 pul-

369 2742 640 2797 cherrima
667 2760 682 2800 :
719 2753 893 2800 strata
919 2749 1085 2803 etiam
1117 2751 1320 2804 struxit
1348 2753 1551 2807 cubilia
1584 2768 1650 2808 ac
1671 2757 1946 2824 cubicula,

369 2847 561 2889 eorum
592 2836 838 2891 omnium
865 2840 1038 2907 gratia
1061 2843 1151 2910 qui
1178 2842 1424 2914 hospites
1445 2847 1635 2901 urbem
1671 2857 1863 2918 petunt
1884 2865 1949 2906 ac

372 2927 497 2982 lites
531 2939 722 2998 agunt.
753 2929 897 2996 Quin
920 2943 976 2986 et
999 2933 1066 2987 de
1109 2935 1325 2988 illorum
1368 2937 1724 3009 ipsorumque
1757 2956 1948 2995 eorum

368 3018 737 3089 jumentorum
776 3040 840 3079 ae
881 3024 1209 3080 famulorum
1241 3029 1368 3082 cibo
1401 3033 1706 3102 pabuloque
1755 3037 1950 3089 statuit

2045 1918 2150 1980 ἕως
2187 1915 2446 1987 μεγάλου.
2473 1913 2752 1986 Τετράδην
2780 1915 2877 1968 καὶ
2921 1911 3282 1982 παρασκευὴν
3332 1911 3625 1980 εξερχόμεο

2045 2024 2134 2070 νος
2153 2008 2234 2070 εἰς
2248 2007 2318 2061 τά
2341 2004 2794 2074 μεταστασίματα
2824 2001 2984 2056 ὲδίδει
3007 2002 3190 2054 πᾶσαν
3217 1997 3504 2070 πολιτικὴν
3521 1998 3627 2052 ἀνά

2045 2099 2304 2169 ἀργυρῶν
2339 2096 2461 2149 δύοο
2495 2093 2590 2151 καὶ
2637 2096 2766 2160 τοὺς
2828 2093 3180 2162 ἑγκλείστους
3235 2091 3334 2145 καὶ
3381 2091 3484 2153 τὰς
3529 2091 3628 2160 s1-

2047 2189 2298 2253 κλείστας
2329 2188 2588 2256 ὲρὸγευεν
2619 2186 2724 2240 ἀνά
2763 2187 3120 2257 νομισμάτων
3164 2184 3353 2256 τριῶν.
3390 2181 3626 2254 Ἐκκλη-

2049 2285 2171 2348 σίας
2211 2283 2269 2337 δὲ
2324 2282 2422 2335 καὶ
2480 2279 2825 2350 μοναστήρια
2862 2280 3036 2332 πολλὰ
3082 2277 3335 2332 ἔκτισεν·
3361 2276 3496 2331 ἀλλὰ
3532 2277 3628 2331 καὶ

2048 2377 2271 2439 ἄνδύτας
2317 2373 2762 2446 χρυσοῦφάντους
2797 2374 2889 2424 καὶ
2917 2372 3316 2441 δισκοποτήρια
3359 2368 3628 2439 άπεχαρίο

2049 2487 2201 2524 σατο.
2239 2468 2350 2522 Καὶ
2382 2465 2716 2536 ξενοδοχεῖον
2773 2463 3104 2534 καθίδρυσεν
3150 2465 3229 2526 εἰς
3266 2461 3334 2515 τά
3369 2461 3628 2530 Μαὸρια-

2048 2558 2162 2622 νοῦ,
2205 2560 2303 2611 καὶ
2351 2556 2620 2620 στάδλους
2674 2554 2908 2624 ποιήσας
2940 2552 3028 2625 [Ρ.
3057 2553 3190 2626 ἳϐη
3241 2552 3338 2606 καὶ
3384 2551 3628 2622 ὁσπήτια

2050 2652 2315 2708 κάλλιστα
2345 2650 2440 2704 καὶ
2479 2646 3005 2719 κραὸδατοστρώσια
3034 2646 3122 2700 διὰ
3151 2646 3278 2707 τοὺς
3310 2644 3630 2716 εἰσερχομέ-

2049 2761 2171 2808 νους
2201 2743 2412 2805 πάντας
2437 2739 2732 2805 ἑξωτικοῦς
2753 2742 2848 2793 καλ⁸
2876 2737 3031 2800 δίκας
3060 2738 3441 2808 λαμϐάνοντας
3489 2751 3628 2788 κατ-

2049 2835 2369 2890 εσκεύασεν.
2427 2831 2589 2886 Ἀλλά
2643 2832 2737 2884 καὶ
2786 2831 2929 2899 ὑπὲρ
2983 2829 3280 2901 διατροφῆς
3334 2826 3514 2882 αὐτῶν
3563 2843 3628 2881 τε

2052 2927 2286 2983 καὶτῶν
2319 2925 2532 2993 ἀλόγων
2564 2922 2744 2978 αὐτῶν
2789 2925 2885 2976 καὶ
2933 2920 3042 2975 τῶν
3096 2920 3399 2991 ἀνθρώπων
3445 2916 3628 2971 αὐτῶν

2048 3023 2340 3096 διωρίσατο
2368 3022 2463 3074 καὶ
2494 3015 2861 3090 προσέταξεν.
2889 3017 3003 3070 Καὶ
3038 3015 3315 3084 οἰκήματα
3350 3009 3627 3082 προσεκύ-

372 3122 533 3183 atque
569 3119 841 3185 prmerpit.
868 3117 1068 3172 Domos
1102 3120 1155 3173 in
1182 3135 1302 3174 eam
1329 3137 1441 3175 rem
1468 3122 1624 3179 firma
1654 3126 1948 3180 donatioite

2051 3134 2250 3189 ρωσεν,
2277 3117 2338 3169 τὸ
2388 3112 2692 3175 ἀνελλιπῶς
2731 3109 2989 3164 δίδοσθαι.
3042 3106 3214 3161 Τοῦτο
3267 3105 3325 3159 δὲ
3371 3105 3630 3174 εποίησεν

373 3204 606 3270 addixit,
641 3213 698 3259 ut
734 3207 1114 3263 indeiicienter
1147 3221 1400 3281 sumptus
1447 3212 1782 3271 suﬂicerent.
1835 3216 1950 3272 lloc

372 3307 553 3354 autem
595 3298 812 3355 illorum
862 3303 1037 3370 gratia
1086 3301 1234 3367 fecit,
1279 3305 1375 3374 qui
1425 3305 1671 3374 hospites
1713 3307 1838 3362 lites
1894 3309 1950 3363 in

373 3392 506 3446 urbe
537 3392 760 3460 habent,
786 3403 847 3449 ut
875 3395 1000 3450 inde
1030 3405 1398 3464 procurentur
1421 3404 1585 3468 atque
1609 3399 1849 3454 alantur.
1869 3401 1948 3455 Ad

370 3485 685 3554 sepulcrum
719 3502 878 3541 suum
908 3487 1027 3542 dari
1054 3490 1223 3558 jussit
1249 3491 1496 3562 quotidie
1527 3492 1762 3547 frustula
1787 3492 1954 3548 offas-

371 3590 478 3647 que
528 3579 750 3650 triginta
790 3580 981 3633 millia.
1016 3583 1220 3646 Quarta
1272 3581 1407 3638 feria
1451 3591 1507 3637 et
1561 3581 1858 3639 Parasceve
1896 3585 1951 3639 in

376 3670 633 3736 praetorio
665 3682 720 3725 et
758 3671 960 3730 Cbalce
991 3683 1044 3726 et
1073 3673 1326 3730 Numeris
1368 3675 1565 3730 vinctis
1591 3674 1824 3744 singulis
1848 3678 1953 3731 fol-

374 3764 455 3816 lcs
488 3761 800 3830 quindecim
861 3767 1074 3835 erogari
1106 3767 1427 3831 mandavit,
1451 3782 1758 3839 magnaque
1789 3768 1954 3823 Para-

373 3869 536 3909 sceve
562 3870 812 3910 nummos
839 3857 1086 3927 singulos
1112 3858 1582 3930 eleemosyuarum
1605 3860 1825 3917 nomine
1842 3862 1954 3920 illis

375 3944 569 4000 tribui.
603 3945 815 4016 Olympi
848 3947 1150 4004 monachos
1186 3958 1242 4002 et
1278 3946 1522 4020 Cyminze
1547 3964 1606 4006 ε.
1635 3950 1868 4009 Athonis
1899 3960 1954 4007 et

374 4039 636 4097 Barachei
667 4052 718 4096 et
747 4042 892 4096 Lstri
916 4057 1218 4114 omnesque
1239 4060 1522 4099 nummum
1552 4061 1722 4101 unum
1745 4045 1951 4100 viritim

376 4148 441 4187 ex
472 4148 575 4187 suo
610 4134 947 4188 monasterio
973 4135 1222 4204 accipere
1253 4139 1446 4191 voluit.

447 4308 535 4365 ιε.
575 4311 878 4366 lndictione
903 4313 1101 4380 prima,
1121 4329 1307 4369 mense
1330 4316 1528 4385 Aprili,
1564 4332 1758 4374 rursus
1783 4317 1950 4374 Turci

377 4420 506 4462 cum
552 4405 868 4476 ingentibus
904 4408 1080 4475 copiis
1129 4406 1390 4462 Romanae
1427 4410 1652 4464 ditionis
1687 4410 1822 4467 lines
1860 4412 1947 4466 itt-

379 4505 659 4553 vaseruut.
711 4495 974 4566 Egressus
1006 4513 1135 4553 vero
1161 4498 1522 4569 Theophanes
1567 4500 1728 4574 531
1779 4502 1951 4571 patri-
1979 4481 2022 4536 θ

377 4590 499 4644 cius
526 4587 810 4643 accubitor
843 4589 994 4659 pacis
1027 4603 1157 4642 cum
1196 4590 1279 4645 eis
1322 4589 1503 4645 fmdus
1532 4595 1828 4660 percussit,
1863 4607 1956 4646 ac-

375 4682 552 4751 rcptis
604 4679 898 4735 obsidibus
943 4697 1008 4733 ex
1055 4680 1471 4736 illustrioribus.
1511 4681 1764 4753 llincque
1813 4681 1955 4738 adeo

376 4774 610 4845 contigit
641 4773 695 4827 in
732 4787 906 4828 annos
935 4774 1182 4845 quinque
1212 4789 1400 4844 pacem
1441 4774 1804 4845 iuduciasque
1833 4790 1954 4831 ser-

377 4864 516 4918 vari.
563 4862 838 4918 Caeterum
874 4861 1156 4921 Romanus
1188 4866 1486 4936 imperator
1521 4868 1810 4937 plerasque
1855 4881 1954 4936 per

381 4953 755 5010 Macedoniam
787 4964 953 5025 atque
989 4955 1282 5013 Thraciam
1314 4959 1479 5015 urbes
1509 4974 1538 5012 a
1578 4959 1950 5014 fundamentis

379 5047 673 5109 exstruxit,
712 5047 851 5102 alias
882 5049 1179 5131 reparagit.
1213 5047 1322 5103 Nec
1368 5050 1421 5102 id
1467 5049 1650 5114 modo,
1683 5049 1779 5105 sed
1807 5060 1862 5105 et
1894 5054 1950 5104 lu

383 5139 518 5198 urbe
557 5148 788 5208 augusta
843 5141 1165 5210 magnificas
1211 5142 1354 5196 aedes
1385 5143 1563 5211 regias
1596 5142 1948 5208 instauravit,

382 5245 538 5305 prata
580 5247 797 5303 quoque
831 5234 1012 5301 opima
1046 5248 1110 5288 ac
1157 5233 1457 5296 uberrima,
1486 5249 1605 5301 quae
1641 5234 1802 5303 IOuge
1837 5251 1954 5288 ma-

385 5327 588 5380 ximam
620 5325 954 5395 voluptatem
989 5333 1286 5396 praestent;
1319 5328 1413 5379 sed
1442 5335 1495 5380 et
1536 5326 1589 5379 in
1626 5339 1819 5379 senum
1856 5327 1958 5379 ali-

389 5424 571 5471 menta
617 5416 1004 5487 hospitumque
1033 5416 1338 5472 diversoria
1391 5433 1454 5469 at:
1483 5431 1753 5486 aegrorum
1784 5415 1960 5490 domi-

388 5507 511 5560 tilia
539 5508 873 5572 construxit,
899 5508 1204 5563 mercedem
1239 5521 1267 5562 a
1293 5506 1402 5564 Deo
1426 5509 1704 5578 animique
1727 5508 1956 5563 salutem

389 5614 621 5668 sperans
650 5616 710 5655 se
744 5608 1091 5671 recepturum
1125 5616 1270 5658 esse.

2049 3211 2139 3266 διὰ
2168 3211 2294 3273 τοὺς
2315 3209 2536 3279 ἔχοντας
2558 3206 2716 3269 δίκας
2738 3203 3033 3269 ἐξωτικοὺς
3065 3200 3159 3255 καὶ
3185 3197 3626 3270 εἰσερχομένους,

2051 3305 2141 3359 ἵνα
2168 3301 2565 3372 διατρέφωνται
2618 3298 2714 3353 καὶ
2761 3294 3093 3349 διοικοῦνται
3124 3291 3185 3356 ἐξ
3220 3290 3409 3344 αὐτοῦ.
3443 3287 3537 3353 Εἰς
3568 3286 3627 3340 δι

2049 3396 2142 3448 τὸν
2166 3394 2336 3461 τάφον
2364 3392 2533 3446 αὐτοῦ
2572 3390 2868 3461 διωρίσατο
2898 3386 2986 3439 ῐνα
3009 3385 3130 3439 καθ’
3159 3384 3394 3452 ἑκάστην
3413 3383 3632 3453 ἡμέραν
3734 3426 3737 3427 ν

2051 3488 2296 3543 δίδωνται
2344 3484 2535 3554 ψωμία
2563 3484 2609 3515 "
2662 3481 2925 3553 μυριάδες
2956 3477 3028 3545 γ’,
3077 3476 3174 3530 καὶ⁵
3223 3475 3488 3544 τετράδην
3533 3474 3628 3529 καὶ

2053 3577 2406 3648 παρασκευὴν
2435 3576 2522 3627 ἵνα
2548 3573 2766 3627 δίδωται
2788 3572 2867 3635 εἰς
2891 3571 2952 3624 τὸ
2978 3567 3281 3639 πραιτώριν
3302 3567 3393 3620 καὶ
3422 3567 3503 3628 εἰς
3528 3565 3630 3634 τὴν

2054 3670 2276 3740 Χαλκῆν
2308 3671 2401 3721 καὶ
2434 3669 2515 3731 εἰς
2541 3667 2607 3721 τὰ
2639 3665 2900 3734 Νούμερα
2942 3662 3041 3716 ἕνα
3075 3661 3309 3714 ἕκαστον
3337 3658 3641 3728 ἄνθρωπον·

2052 3763 2158 3818 ἀνὰ
2185 3762 2399 3832 φωλέας
2431 3759 2757 3823 δεκαπέντε,
2796 3758 2890 3810 καί
2917 3758 2983 3826 τῇ
3019 3753 3232 3824 μεγάλῃ
3293 3751 3627 3820 Παρασκευῇ

2055 3858 2262 3920 πάντας
2293 3857 2419 3918 τοὺς
2451 3853 2753 3922 φυλακίτας
2812 3849 2920 3903 ἀνά
2979 3848 3312 3917 νομίσματος
3359 3845 3495 3906 ἑνός,
3531 3846 3627 3895 Δι-

2051 3924 2290 4019 ωρίσατο
2305 3945 2361 3998 δὲ
2383 3946 2509 4008 τοὺς
2538 3941 2806 4012 μοναχοὺς
2827 3937 2923 3992 τοῦ
2953 3937 3252 4006 ’()λὺμπου,
3275 3934 3368 3988 τοῦ
3386 3933 3627 4004 Κυμινᾶ,

2050 4037 2146 4093 τοῦ
2178 4035 2439 4100 ’Λοωνος,
2478 4033 2574 4087 τοῦ
2622 4031 2923 4104 Βαραχέως
2957 4031 3050 4082 καὶ
3098 4028 3192 4082 τοῦ
3223 4028 3494 4095 Λάτρους,
3533 4027 3627 4077 καὶ

2056 4133 2257 4194 πάντας
2310 4126 2609 4199 λαμϐάνειν
2641 4126 2747 4179 άνὰ
2796 4125 3135 4194 νομίσματος
3170 4123 3288 4184 ἑνός
3313 4136 3326 4150 ·
3366 4117 3540 4172 ταῦτα
3573 4118 3632 4170 δι

2051 4225 2348 4297 λαμϐάνειν
2377 4222 2572 4286 αὐτοὺς
2607 4222 2672 4274 ὲκ
2696 4218 2795 4287 τῆς
2831 4217 2966 4279 ἰδίας
2994 4215 3159 4269 αὑτοῦ
3187 4213 3377 4284 μονῆς.

2126 4325 2231 4390 με’.
2273 4313 2624 4377 Ἰνδικτιῶνος
2651 4309 2878 4381 πρώτης
2940 4308 3238 4379 ’Δπριλλίῳ
3280 4307 3412 4377 μηνὶ
3463 4307 3631 4371 115,1-

2053 4415 2145 4469 θον
2165 4412 2326 4465 πάλιν
2349 4411 2397 4462 οἰ
2422 4407 2658 4478 Τοῦρκοι
2699 4405 2838 4474 μετὰ
2864 4401 3122 4472 πλείστης
3151 4400 3452 4469 δυνάμεως.
3494 4399 3555 4452 Ὀ
3572 4398 3631 4451 δὲ

2051 4503 2338 4576 πατρίκιος
2395 4499 2678 4569 Θεοφάνης
2737 4499 2766 4550 ὁ
2822 4491 3328 4565 παρακοιμὼμενος
3401 4491 3632 4556 ἐξελθὼν

2051 4594 2284 4656 σπονδάς
2329 4589 2610 4661 εἰρηνικὰς
2669 4586 2894 4658 ἐποίησε
2949 4583 3070 4655 μετ’
3133 4583 3339 4648 αὐτῶν,
3404 4582 3631 4652 ὁμήρων

2051 4681 2310 4753 ἐμφανῶν
2330 4679 2378 4712 ⁸⁸
2407 4675 2816 4746 άναλαϐὁμενος
2833 4692 2848 4705 ο
2883 4674 2942 4740 ἐξ
2969 4667 3030 4727 οὗ
3055 4671 3258 4740 συνέϐη
3287 4672 3380 4723 επὶ
3404 4671 3632 4740 χρόνους

2053 4774 2213 4827 πέντε
2241 4771 2342 4842 τὴν
2369 4769 2598 4839 εἰρήνην
2641 4763 3109 4835 διαφυλαχθῆναι.
3150 4762 3211 4814 '0
3260 4761 3318 4814 δὲ
3377 4759 3632 4830 βασιλεὺς

2066 4865 2344 4935 Ῥωμανὸς
2372 4861 2650 4921 πλείσταις
2684 4856 2874 4910 πόλεσι
2911 4855 3052 4909 κατά
3081 4852 3424 4910 Μακεδονίαν
3453 4868 3509 4904 τε
3534 4851 3631 4904 καὶ

2057 4958 2298 5028 Θράκην,
2330 4954 2428 5016 τὰς
2464 4952 2561 5022 μὶν
2608 4953 2673 5003 ὲκ
2704 4949 2921 5019 βάθρων
2957 4945 3398 5016 ἀνῳκοδόμησεν,
3437 4945 3548 4995 τισί
3574 4941 3633 4996 δὲ

2059 5048 2379 5117 καινισμοὺς
2403 5044 2717 5112 ἐπενόησεν.
2745 5042 2820 5094 Οὐ
2860 5039 2966 5109 μὴν
2995 5036 3131 5090 άλλά
3163 5035 3306 5089 κατὰ
3338 5034 3438 5104 τὴν
3474 5032 3634 5103 βασί⁶

2056 5143 2199 5195 λειον
2227 5141 2378 5193 πόλιν
2439 5136 2714 5208 περιφανῆ
2765 5133 3008 5186 παλάτια
3068 5125 3633 5199 ἐκαινούργηεεν,ἔτι

2059 5236 2150 5286 καὶ
2180 5231 2452 5301 λειμῶνας
2490 5229 2823 5297 ἀμφιλαφεῖς
2874 5224 2968 5277 καὶ
3012 5221 3349 5290 εὐκάρπους,
3375 5217 3441 5282 ιε
3464 5209 3541 5270 ὧν
3569 5215 3635 5269 οὐ

2054 5325 2294 5396 τυχοῦσα
2323 5323 2511 5392 τέρψις
2537 5319 2812 5388 ἐγγίνεται
2832 5333 2847 5350 ο
2883 5318 2974 5369 ναὶ
2997 5314 3063 5385 δὴ
3088 5314 3181 5366 κα)⁵
3212 5310 3486 5382 γερόντων
3508 5324 3643 5379 τρο»

2055 5422 2182 5487 φεῖα
2208 5416 2543 5486 ξενουμέλων
2575 5430 2633 5465 τε
2663 5410 3010 5478 καταγώγια,
3072 5403 3505 5478 άρῤωστούντων
3549 5403 3634 5456 ἔν·-

2053 5513 2407 5581 διαιτήματα,
2429 5507 2534 5562 τῶν
2566 5506 2706 5561 κατὰ
2736 5505 2915 5575 ψυχὴν
2942 5504 3132 5557 ἓνεκεν
3154 5499 3500 5555 ἀντιδόσεων.

1685 5690 1916 5746 νἈΒΙΑζ
1948 5689 2345 5748 LECTIONES.

461 5783 510 5814 "
543 5783 697 5860 μόδιοι
730 5802 932 5862 margo.
1012 5788 1058 5821 "
1085 5788 1324 5859 ὁμήρους
1357 5786 1462 5842 τῶν
1495 5784 1775 5858 δμφανὼν,
1809 5801 1861 5856 p.
1892 5784 2013 5841 590.
