4066 6040
403 190 500 254 “9

1381 187 1531 253 LIB.
1555 191 1658 253 VI.
1699 216 1768 227 --
1800 184 2168 254 ROMANUS
2210 186 2674 251 LACAPENUS;

3550 198 3576 250 4
3586 194 3658 249 ΞΜ

472 302 586 377 pc’.
615 303 890 374 Δευτέρας
923 303 981 358 δὲ
1016 303 1348 368 ίνδικτιὼνος
1402 306 1433 358 ό
1470 303 1751 374 Ῥωμανδς
1826 302 1969 374 βασι-

2155 303 2244 359 ιϐ.
2309 304 2485 357 Porro
2534 298 2778 357 secunda
2834 299 3134 357 indictione
3171 298 3452 357 Romanus
3482 301 3650 372 impe-

405 397 551 460 λεῦς,
585 396 898 468 Πασχάλιον
969 395 1464 468 πρωτοσπαθάριον
1516 396 1612 452 καὶ
1675 395 1978 470 στρατηγὸν

403 489 800 569 Λογγισαρδίας
822 489 960 560 πρὸς
982 489 1075 542 τὸν
1097 489 1242 561 ρῆγα
1259 486 1539 559 Φραγγίας
1556 486 1783 557 Οὖγωνα
1814 486 1981 552 ἑξαπ-

401 583 656 644 ἐστειλιν.
711 583 814 653 τὴν
849 582 1019 636 αὐτοῦ
1068 581 1348 652 θυγατέρα
1388 579 1664 649 ἐπιζητῶν
1711 582 1793 643 είς
1841 578 1979 650 νύμσ

400 687 507 742 φην
547 670 821 743 Ῥωμανῷ
849 669 930 741 τῷ
971 672 1067 734 τοῦ
1090 669 1346 742 γαμϐροῦ
1372 669 1538 723 αὑτοῦ
1564 669 1977 723 Κωνσταντίνου

397 765 498 832 υἱῷ
518 781 533 794 ·
559 764 628 832 ἢν
659 764 756 816 καὶ
788 762 1075 818 ἀναλαϐὼν
1105 763 1135 816 ὁ
1164 763 1456 833 εἰρημένος
1500 759 1810 832 Πασχάλιος
1840 759 1980 831 μετὰ

397 852 628 908 πλούτου
659 851 859 906 πολλοῦ
908 855 968 906 εν
1007 855 1074 924 τῇ
1113 851 1263 905 πόλει
1294 853 1594 922 ἀνήγαγεν.
1625 851 1821 921 Γέγονε
1865 851 1922 904 δὲ
1950 852 1980 904 ό

394 948 572 1018 γάμος
607 947 970 1018 Σεπτεμϐρίῳ
1003 947 1136 1017 μηνὶ
1179 945 1517 1010 ίνδικτιῶνος
1568 945 1783 1018 τρίτης,
1813 943 1977 1008 Ἦτις

397 1044 492 1096 καὶ
513 1042 729 1109 ζήσασα
760 1040 900 1110 μετὰ
924 1039 1022 1094 τοῦ
1054 1039 1249 1110 ἀνδρδς
1292 1039 1387 1110 ιτη
1423 1038 1587 1097 πέντε
1622 1036 1976 1108 ἐτελεύτησεν

397 1135 516 1196 ταῖς
545 1133 785 1202 ἡμέραις
823 1133 924 1202 τῆς
953 1130 1388 1202 αὐτοκρατορίας
1420 1129 1834 1187 Κωνσταντίνου
1881 1125 1975 1182 τοῦ

397 1225 568 1293 αὐτῆς
601 1223 888 1294 πενθεροῦ.

465 1303 575 1386 μζί.
622 1315 856 1385 Ἀνέμου
884 1315 942 1369 δὲ
969 1313 1147 1386 βιαίου
1169 1313 1265 1368 καὶ
1291 1313 1526 1386 σφοδροῦ
1553 1311 1974 1372 καταπνεύσαν-

392 1424 484 1471 τος
533 1406 862 1479 Δεκεμϐρίῳ
918 1405 1052 1477 μηνὶ
1104 1407 1155 1459 oi
1214 1406 1504 1476 λεγόμενοι
1559 1407 1618 1461 ἰν
1651 1405 1729 1477 τῷ
1762 1403 1976 1476 ἱππικῷ

392 1501 569 1570 Δῆμοι
603 1500 940 1564 κατέπεσον,
999 1499 1050 1552 οἶ
1104 1499 1203 1553 ἀπ’
1254 1499 1504 1564 ἰναντίας
1548 1498 1642 1554 τοῦ
1690 1496 1970 1569 βασιλικοῦ

396 1591 591 1662 θρόνου
640 1591 963 1661 ἐτύγχανον,
1000 1591 1084 1663 [Ρ.
1115 1590 1248 1665 268]
1282 1593 1377 1646 καὶ
1424 1592 1753 1664 συνέτριψαν
1797 1592 1866 1645 τά
1912 1608 1972 1645 τε

2082 405 2237 451 ratur
2260 394 2607 451 Paschalium
2637 394 3140 464 protospatharium
3170 409 3234 448 ac
3258 391 3654 465 Langobardiat

2081 485 2279 542 ducem
2332 485 2400 539 ad
2457 482 2738 556 i-lugonem
2788 499 2972 555 regem
3029 483 3276 540 Francia:
3313 485 3487 548 misit,
3531 485 3653 556 ejus

2082 575 2247 630 ﬁliam
2273 573 2520 630 Romano
2549 573 2898 630 Constantini
2921 575 3107 646 generi
3139 576 3222 629 sui
3253 575 3364 629 lilio
3394 590 3650 644 sponsam

2079 667 2410 738 exquirens;
2446 681 2609 737 quam
2647 675 2700 722 et
2725 681 3038 734 assumens,
3065 683 3227 737 quem
3252 668 3388 733 dixi,
3415 667 3656 724 Pascha-

2080 760 2191 816 lius
2209 774 2333 815 cum
2363 759 2532 814 multa
2563 759 2942 830 suppellectile
2971 770 3137 830 atque
3155 760 3350 830 opibus
3376 760 3431 814 in
3461 758 3652 814 urbem

2080 853 2324 910 induxit.
2358 852 2656 908 Cclebratte
2681 854 2887 923 nuptiae
2915 867 3104 909 mense
3140 851 3467 924 Septembri,
3501 850 3656 907 indi“-

2080 947 2265 1003 ctione
2298 947 2482 1000 tertia.
2517 945 2663 1000 Vixit
2689 961 2816 1002 cum
2845 943 2968 1000 viro
2989 959 3165 1003 annos
3196 946 3476 1016 quinque;
3507 953 3654 1000 tum-

2079 1052 2185 1107 que
2209 1036 2348 1093 vivis
2372 1046 2622 1105 exempta
2643 1042 2889 1103 est,cum
2911 1036 3307 1092 Constantinus
3327 1036 3473 1090 illius
3496 1049 3658 1090 socer

2079 1128 2197 1199 ipse
2223 1143 2474 1185 summus
2512 1127 2814 1199 imperator
2846 1137 2995 1185 esset
3034 1128 3296 1198 solusque
3339 1142 3525 1184 rerum
3557 1141 3658 1198 po-

2077 1220 2297 1275 tirctur.

2148 1311 2239 1365 47.
2280 1309 2469 1368 Mense
2505 1310 2789 1367 Decembri
2818 1308 3160 1366 validissimo
3190 1308 3456 1380 perﬂante
3487 1317 3654 1365 vento

2078 1408 2245 1471 atque
2279 1401 2522 1462 turbine.
2555 1402 2647 1470 qui
2681 1401 2733 1455 in
2783 1401 2905 1457 l'oro
2935 1415 3002 1455 ex
3038 1401 3271 1454 adverso
3301 1399 3437 1469 regii
3468 1397 3651 1453 throni

2077 1493 2245 1549 erecti
2290 1500 2442 1555 sunt,
2496 1495 2577 1548 sic
2627 1492 2805 1549 vocati
2856 1490 3008 1547 Demi
3055 1498 3416 1556 corruerunt,
3463 1489 3652 1559 subje-

2077 1593 2305 1655 ctosque
2338 1585 2538 1655 gradus
2569 1593 2624 1640 et
2654 1597 2930 1638 marmora
2961 1598 3025 1638 ac
3053 1582 3384 1637 columellae
3417 1581 3650 1649 (stethea

392 1682 758 1737 ὑποκάτωθεν
783 1683 962 1737 αὐτῶν
994 1682 1174 1754 βάθρα
1209 1664 1302 1739 καὶ
1329 1684 1400 1738 τὰ
1429 1683 1650 1754 στηοεϊα
1676 1681 1966 1752 λεγόμενα.

2074 1678 2252 1732 dictas
2289 1677 2448 1748 quasi
2483 1677 2550 1730 ad
2601 1675 2764 1748 432
2797 1683 2988 1746 pectus
3032 1670 3414 1744 ascendentes)
3441 1671 3654 1731 contria

390 1776 602 1847 Χρόνου
633 1776 693 1830 δὲ
731 1774 1252 1847 περικυκλώσαντος
1281 1774 1361 1846 τῷ
1395 1775 1546 1846 αύτῷ
1581 1775 1711 1846 μηνὶ
1747 1775 1839 1828 τδν
1871 1774 1974 1845 βα·

394 1870 549 1926 σιλέα
582 1869 867 1940 Ῥωμανὺν
889 1870 939 1923 ol
964 1869 1077 1923 υἱοὶ
1102 1867 1268 1924 αὐτοῦ
1295 1870 1390 1924 τοῦ
1416 1869 1679 1924 παλατίου
1727 1868 1970 1938 κατήγα-

393 1978 510 2030 γον.

466 2050 583 2126 μη’.
616 2053 737 2126 Τῆς
769 2052 830 2108 δὲ
855 2052 1064 2118 πόλεως
1099 2054 1343 2126 Ἐδὲσης,
1373 2053 1432 2107 ἐν
1526 2052 1589 2107 τὸ
1641 2051 1820 2124 τίμιον
1875 2049 1968 2106 τοῦ

389 2139 635 2212 Χριστοῦ
664 2145 962 2212 ἐκμαγεῖον
998 2144 1281 2205 ἀπέκειτο,
1328 2142 1482 2213 παρὰ
1524 2140 1617 2195 τοῦ
1659 2139 1967 2212 Ῥωμαῖκοῦ

391 2235 864 2308 πολιορκουμένης
901 2235 1311 2307 στρατεύματος
1342 2234 1436 2288 καὶ
1482 2233 1563 2297 είς
1594 2233 1843 2302 ἀνάγκην
1875 2251 1972 2304 με-

391 2328 590 2398 γίστην
622 2328 1080 2397 περιισταμένης,
1114 2326 1445 2381 ἀπέστειλαν
1466 2326 1516 2379 οῑ
1560 2326 1727 2393 αὐτῆς
1760 2327 1974 2395 οίκήτο-

393 2436 491 2489 ρες
537 2419 674 2489 πρὸς
706 2419 798 2472 τὸν
857 2417 1082 2488 βασιλέα
1123 2417 1402 2488 Ῥωμανὸν
1454 2414 1970 2486 διαπρεσϐευόμενοι

389 2510 494 2579 τὴν
519 2510 839 2580 πολιορκίαν
869 2506 1118 2579 λυθῆναι,
1143 2509 1206 2561 τὸ
1227 2507 1324 2561 τοῦ
1351 2506 1589 2577 Χριστοῦ
1615 2505 1771 2575 ἆγιον
1794 2507 1971 2574 ἐκμα-

390 2603 544 2669 γεῖον
574 2602 836 2672 παρέχειν
861 2600 1324 2670 ἐπαγγελλόμενοι
1345 2615 1358 2629 ’
1393 2598 1532 2668 ὑπὲρ
1559 2599 1616 2651 δὲ
1641 2598 1740 2668 τῆς
1771 2594 1964 2650 τοιαύ-

390 2710 495 2764 της
525 2693 745 2763 χάριτος
791 2693 1048 2763 δεσμίους
1077 2693 1354 2764 ᾐτήσαντο
1387 2691 1495 2742 τῶν
1524 2687 1804 2758 ἐπιφανῶν
1824 2687 1972 2740 ἀντι-

391 2785 601 2846 λαϐεῖν,
646 2785 1063 2855 χρυσοδούλλιόν
1108 2800 1168 2836 τε
1210 2783 1396 2836 λαϐεῖν
1442 2780 1584 2835 ὥστε
1640 2780 1837 2849 μηκέτι
1872 2780 1972 2848 τὴν

390 2875 602 2930 τούτων
640 2876 823 2946 χώραν
860 2876 1012 2946 παρὰ
1057 2873 1155 2929 τοῦ
1192 2874 1481 2943 Ῥωμαίων
1528 2871 1759 2942 στρατοῦ
1787 2869 1970 2941 ληῖζε-

393 2964 543 3020 σθαι.
570 2966 635 3018 ⁸0
664 2964 729 3035 δὴ
760 2966 854 3017 καὶ
889 2966 1132 3034 γέγονεν.
1195 2961 1303 3017 Τοῦ
1365 2961 1522 3029 ἁγίου
1564 2961 1620 3014 δὲ
1670 2959 1968 3029 ἐκμαγείου

389 3055 514 3126 ἦτοι
543 3055 838 3127 μανδηλίου
877 3055 1278 3119 ἀποσταλέντος
1311 3054 1406 3106 καὶ
1438 3053 1538 3124 ἤδη
1574 3055 1640 3122 τῇ
1673 3053 1969 3105 Κωνσταν-

389 3149 701 3202 τινουπόλει
745 3149 1158 3219 πλησιάζοντος,
1188 3147 1466 3216 Θεοφάνης
1487 3145 1770 3214 πατρίκιος
1798 3147 1828 3198 ὁ
1859 3159 1968 3198 παν

395 3238 812 3309 ρακοιμὼμενος
833 3240 893 3292 ιν
916 3239 995 3308 τῷ
1029 3238 1258 3310 ποταμῷ
1284 3239 1357 3290 Σα
1371 3237 1518 3307 γάρῳ
1547 3235 1776 3301 ἐξελθὼν
1796 3236 1970 3307 ὑπήν-

387 3346 558 3401 τησεν
607 3330 756 3402 αύτῷ
792 3332 932 3399 μετὰ
981 3331 1242 3401 λαμπρᾶς
1285 3330 1654 3401 φωταγωγίας
1713 3330 1810 3382 καὶ
1863 3328 1964 3398 τῆς

389 3421 620 3494 δεούσης
667 3424 830 3494 τιμῆς
866 3440 926 3476 τε
973 3423 1070 3475 καὶ
1111 3423 1418 3494 ὑμνῳδίαςο
1449 3427 1546 3477 καὶ
1577 3425 1643 3491 τῇ
1680 3439 1967 3475 πεντεκαιο

389 3514 594 3584 δεκάτῃ
637 3513 734 3567 τοῦ
787 3514 1001 3583 Αύγούο
1017 3531 1102 3567 σου
1134 3514 1304 3586 μηνὸς
1328 3515 1425 3567 σὺν
1460 3514 1609 3584 αὐτῷ
1633 3514 1693 3566 ἐν
1717 3515 1782 3584 τῇ
1814 3512 1966 3565 πόλει

391 3607 666 3676 εἰσῆλθεν,
702 3607 798 3661 τοῦ
845 3606 1113 3677 βασιλέως
1142 3608 1201 3661 ἐν
1233 3605 1567 3677 Βλαχέρναις
1607 3606 1762 3669 ὄντος
1806 3607 1968 3660 κάκεῖ

391 3702 529 3757 αὐτὸ
564 3704 1077 3771 προσκυνήσαντος.
1112 3703 1223 3756 Καὶ
1248 3705 1313 3771 τῇ
1343 3701 1605 3772 ἐπαύριον
1648 3700 1872 3770 ἐξῆλθον
1909 3703 1966 3755 ἐν

389 3795 456 3863 τῇ
500 3792 689 3862 Χρυσῇ
723 3792 898 3865 πόρτῃ
929 3792 984 3845 οἱ
1029 3810 1088 3846 τε
1117 3791 1377 3864 βασιλέως
1407 3791 1501 3846 δύο
1551 3793 1656 3845 υἱοὶ
1695 3786 1966 3861 Στέφανός

390 3902 447 3937 τε
477 3885 569 3937 καὶ
592 3885 996 3947 Κωνσταντίνος
1025 3887 1116 3938 καὶ
1139 3887 1168 3937 ό
1186 3884 1436 3956 γαμϐρὸς
1483 3884 1647 3938 αὑτοῦ
1678 3885 1968 3938 Κωνσταν-

390 3977 537 4036 τίνος
568 3974 665 4025 σὺν
693 3974 772 4043 τῷ
806 3971 1122 4045 πατριάρχῃ
1148 3972 1516 4045 Θεοφυλάκτῳ
1534 3990 1550 4004 ο
1578 3975 1670 4027 καὶ
1706 3974 1846 4042 μετὰ
1868 3975 1966 4042 τῆς

392 4065 619 4134 δεούσης
657 4064 815 4119 τοῦτο
859 4065 1220 4129 ἀναλαϐόντες
1275 4066 1463 4135 τιμῆς,
1506 4065 1605 4134 τῆς
1661 4065 1965 4137 συγκλήτου

393 4159 579 4229 πάσης
626 4155 1114 4228 προπορευομένης
1158 4157 1257 4210 καὶ
1290 4157 1656 4226 φωταγωγίας
1701 4158 1967 4228 μεγίστης

395 4246 768 4317 προαγούσης,
823 4249 984 4320 μέχρι
1039 4247 1134 4302 τοῦ
1185 4246 1315 4301 ναοῦ
1361 4249 1470 4317 τῆς
1533 4247 1718 4314 Ἀγίας
1764 4247 1965 4316 Σοφίας

2073 1775 2297 1824 verunt.
2347 1768 2494 1822 Anni
2529 1777 2711 1823 autem
2758 1773 3003 1821 vertente
3033 1765 3270 1831 circulo,
3302 1762 3494 1838 eodem
3527 1764 3651 1835 ipso

2071 1875 2283 1928 mense,
2314 1857 2625 1915 Romanum
2659 1859 3048 1930 imperatorem
3087 1857 3207 1914 eius
3244 1856 3342 1913 ﬁlii
3371 1855 3651 1928 aula'eje-

2071 1958 2289 2005 cerunt.

2145 2041 2236 2098 68.
2260 2041 2464 2099 Edessa
2501 2051 2682 2099 autem
2709 2043 2868 2109 urbe,
2898 2044 2950 2097 in
2975 2058 3082 2114 qua
3110 2043 3419 2099 veneranda
3443 2042 3652 2100 Christi

2070 2136 2272 2206 cmgies
2302 2135 2477 2205 posita
2517 2143 2659 2201 erat,
2688 2151 2716 2189 a
2757 2134 3010 2191 Romano
3053 2138 3298 2192 exercitu
3335 2137 3562 2193 obsessa
3595 2146 3650 2193 et

2070 2227 2136 2280 ad
2177 2236 2455 2279 extremas
2486 2225 2774 2293 angustias
2825 2224 3072 2291 redacta,
3111 2225 3369 2296 oppidani
3399 2235 3652 2282 oratores

2070 2318 2136 2373 ad
2172 2314 2480 2371 Romanum
2514 2316 2899 2386 imperatorem
2932 2316 3180 2383 mittunt,
3219 2327 3476 2388 rogantes
3510 2317 3650 2372 solvi

2069 2410 2438 2472 obsidionem,
2466 2408 2587 2477 ejus
2619 2410 2867 2463 muneris
2895 2410 3066 2478 gratia
3100 2424 3160 2464 se
3198 2408 3404 2466 Christi
3433 2424 3645 2465 sacram

2069 2501 2301 2570 cmgiem
2334 2502 2386 2553 in
2439 2500 2611 2554 linteo
2638 2514 2954 2569 expressam
2987 2499 3216 2557 daturos
3250 2501 3515 2572 polliciti;
3545 2501 3652 2555 liu-

2063 2598 2268 2664 jusque
2300 2593 2476 2661 ipsius
2510 2593 2758 2646 muneris
2787 2591 2960 2646 vicem
2993 2605 3060 2646 ex
3109 2592 3225 2648 suis
3251 2593 3467 2649 vinctos
3507 2595 3655 2648 reci-

2069 2700 2196 2756 pere
2222 2685 2499 2755 petebant,
2517 2685 2612 2754 qui
2640 2682 2943 2739 nobiliores
2968 2695 3179 2760 essent,
3202 2683 3461 2754 bullaque
3483 2697 3653 2738 aurea
3701 2713 3706 2716 -

2068 2793 2188 2833 eam
2238 2777 2372 2846 ipsis
2429 2775 2679 2846 prmstari
2733 2775 2918 2840 ﬁdem,
2948 2783 3008 2829 ut
3054 2790 3335 2845 nunquam
3389 2774 3652 2831 Romana!

2071 2868 2245 2938 copia:
2284 2865 2623 2923 Edessenam
2653 2866 2929 2936 regionem
2967 2865 3336 2920 devastarent.
3378 2864 3534 2931 Quod
3567 2867 3656 2922 sic

2071 2961 2260 3029 utique
2290 2959 2517 3012 factum.
2567 2956 2731 3013 Missa
2772 2957 2956 3027 itaque
2995 2970 3152 3011 sacra
3194 2955 3370 3026 efﬁgie
3415 2969 3509 3010 seu
3545 2969 3646 3010 su-

2070 3053 2246 3117 dario,
2280 3049 2506 3120 jamque
2553 3047 2698 3102 haud
2729 3046 2921 3117 procul
2964 3045 3245 3116 Byzantio,
3285 3045 3652 3116 Theophanes

2070 3143 2340 3217 patricius
2390 3151 2445 3196 ct
2476 3141 2760 3196 accnhitor
2805 3138 2873 3196 ad
2932 3135 3180 3208 Sagarim
3240 3137 3465 3192 ﬂuvium
3516 3153 3643 3195 cum

2069 3235 2358 3308 splendido
2384 3243 2668 3288 cercorum
2705 3238 2968 3300 apparatu
3005 3244 3360 3298 congruoque
3400 3228 3554 3283 cultu
3592 3238 3647 3281 et

2069 3328 2299 3384 canticis
2333 3327 2408 3380 illi
2453 3326 2672 3379 obviam
2719 3321 3018 3390 processit,
3048 3322 3369 3390 mensisque
3412 3320 3647 3390 Augusti

2067 3421 2261 3492 quinta
2287 3420 2500 3475 decima
2531 3431 2658 3471 cum
2690 3415 2786 3470 illo
2834 3415 2889 3468 in
2944 3415 3138 3469 urbem
3171 3412 3413 3474 intravit,
3468 3412 3644 3482 impe—

2069 3523 2252 3568 ratore
2300 3511 2355 3564 in
2385 3508 2709 3564 Blacheruis
2738 3506 3063 3568 constituto,
3095 3503 3187 3559 ubi
3219 3504 3385 3559 etiam
3414 3501 3645 3575 eﬂigiem

2069 3605 2217 3659 illam
2265 3601 2535 3657 adoravit.
2577 3598 2632 3652 lu
2666 3598 2975 3654 crastinum
3027 3597 3287 3652 exierunt
3325 3595 3392 3650 ad
3433 3603 3644 3666 portam

2068 3710 2288 3750 auream
2321 3702 2434 3746 tum
2462 3690 2816 3759 imperatoris
2844 3688 2952 3744 duo
2985 3688 3077 3741 lilii
3103 3687 3412 3754 Stephanus
3435 3698 3487 3742 et
3509 3686 3650 3744 Con-

2068 3782 2368 3841 stantinus,
2399 3790 2510 3832 tum
2536 3777 2935 3832 Constantinus
2959 3776 3103 3830 illius
3125 3789 3293 3846 gener
3318 3791 3442 3830 cum
3466 3775 3646 3831 Theo.

2067 3872 2322 3943 phylacto
2352 3868 2704 3938 patriarcha;
2741 3867 3038 3936 debitaque
3083 3866 3291 3922 honore
3321 3874 3640 3936 susceptum

2067 3976 2284 4018 sacrum
2317 3963 2537 4031 pignus,
2595 3958 2855 4013 universo
2900 3965 3094 4013 senatu
3143 3965 3422 4027 praeeunte
3464 3959 3641 4012 mania

2069 4071 2267 4122 maqne
2296 4067 2580 4109 cereorum
2614 4061 2777 4122 atque
2807 4050 3049 4120 lapidum
3076 4059 3259 4117 segete
3291 4051 3645 4121 prmlucente,

2068 4149 2317 4216 adusque
2375 4143 2436 4201 S.
2488 4143 2709 4213 SOphiaz
2740 4142 3002 4213 templum
3033 4141 3266 4212 pedibus
3303 4141 3640 4209 detulerunt,

2066 4248 2235 4308 atque
2270 4237 2383 4292 illic
2413 4235 2740 4290 adoratione
2769 4236 3113 4305 mysticoque
3153 4233 3304 4288 cultu
3353 4244 3643 4304 exceptum

395 4335 534 4410 πεζῇ
587 4337 928 4406 διεκόμισαν,
977 4337 1072 4390 καὶ
1128 4335 1505 4409 προσκυνηθὲν
1559 4338 1736 4390 ἐκεῖσε
1777 4338 1834 4389 ἐν
1883 4337 1964 4408 τῷ

2069 4333 2124 4388 in
2161 4330 2425 4400 palatium
2461 4328 2790 4382 intulerunt.

1996 4381 2039 4436 ι)

393 4429 639 4500 παλατίῳ
667 4431 967 4498 ἀνήγαγον.

321 4566 332 4582 .
463 4519 573 4591 μθ’.
612 4521 702 4574 Ἐν
742 4520 969 4583 ταύταις
1021 4520 1079 4573 δὲ
1121 4522 1239 4583 ταῖς
1293 4521 1531 4591 ἡμέραις
1587 4520 1870 4591 ’Δρμένιον
1911 4537 1964 4572 τι

390 4613 554 4683 τέρας
579 4613 647 4683 τῇ
661 4611 813 4664 πόλει
829 4611 1199 4681 ἐπεφοιτήκει,
1230 4611 1417 4673 παῖδες
1444 4614 1711 4680 συμφυεῖς
1735 4610 1964 4681 ἄρρενες

391 4704 455 4757 ἐκ
485 4704 618 4774 μιᾶς
666 4701 1023 4771 προελθόντες
1064 4701 1322 4772 γαστρὸς,
1353 4703 1529 4770 ἄρτιοι
1556 4700 1656 4770 μὲν
1687 4702 1866 4756 πάντα
1891 4701 1997 4756 τὰ.⁸

397 4796 531 4868 μέλη
574 4794 670 4850 τοῦ
720 4795 993 4864 σώματος,
1021 4795 1130 4851 ὰπὸ
1176 4795 1235 4846 δὲ
1270 4795 1536 4864 στόματος
1590 4793 1689 4863 τῆς
1720 4793 1959 4864 γαστρὸς

394 4892 484 4946 καὶ
538 4892 701 4962 μέχρι
745 4890 856 4945 τῶν
903 4890 1010 4944 ὑπὸ
1056 4888 1304 4960 γαστέρα
1361 4888 1818 4958 συμπεφυκότες,
1862 4888 1959 4940 καὶ

393 4983 643 5056 ἀλλήλοις
701 4981 1038 5054 ὑπάρχοντες
1083 4980 1526 5052 ἀντιπρόσωποι·
1557 4979 1609 5032 οἳ
1652 4980 1748 5034 ἐπὶ
1801 4979 1957 5033 πλεῖ-

397 5093 516 5130 στον
552 5078 620 5147 τῇ
647 5075 802 5128 πόλει
834 5072 1296 5143 ἐνδιατρίψαντες,
1337 5072 1434 5125 καὶ
1485 5071 1593 5125 ύπδ
1635 5071 1853 5126 πάντων
1883 5071 1959 5136 ὡς

394 5165 626 5234 ιξαίσιόν
647 5181 702 5219 τι
725 5165 890 5235 τέρας
922 5161 1211 5234 ὁρώμενοι.
1241 5164 1342 5233 τῆς
1376 5163 1585 5226 πόλεως
1611 5163 1687 5227 ὡς
1720 5164 1958 5236 πονηρός

395 5277 475 5323 τις
496 5258 682 5324 οἰωνὸς
728 5257 1030 5327 tenuem
1043 5255 1112 5310 θ’.
1147 5255 1273 5308 Ἐπὶ
1298 5255 1358 5308 δὲ
1399 5257 1829 5328 μονοκρατορίας
1859 5256 1959 5326 βα-

402 5347 596 5411 σιλείας
628 5346 1046 5401 Κωνσταντίνου
1080 5343 1243 5400 πάλιν
1279 5346 1625 5415 εἰσήλθοσαν.
1656 5347 1812 5401 Ἐπεὶ
1840 5348 1898 5402 δὲ
1927 5350 1956 5402 ὁ

399 5438 577 5510 ἔτερος
604 5436 787 5492 αὐτῶν
836 5433 1141 5508 ἐτεθνήκει,
1173 5433 1348 5505 ἰατροί
1395 5451 1546 5502 τινες
1595 5434 1850 5510 ἔμπειροι
1892 5438 1957 5493 τδ

2135 4527 2298 4602 433
2329 4526 2421 4584 49.
2457 4525 2555 4582 His
2608 4525 2726 4594 psis
2771 4522 2966 4578 diebus
3003 4531 3309 4578 monstrum
3363 4522 3642 4593 quoddam

2061 4634 2131 4675 ex
2164 4619 2422 4681 Armenia
2481 4617 2694 4685 Cpolim
2753 4618 3028 4670 invectum
3079 4623 3184 4679 est,
3219 4615 3377 4684 pueri
3427 4615 3639 4670 scilicet

2062 4709 2175 4765 duo
2208 4709 2437 4766 masculi
2461 4709 2797 4764 cohaerentes
2822 4721 2932 4760 uno
2954 4716 3146 4761 ventre
3175 4710 3475 4778 progressi,
3499 4707 3637 4761 alias

2063 4803 2326 4858 membris
2382 4801 2639 4857 omnibus
2693 4799 2945 4870 corporis
2995 4798 3216 4868 integri,
3264 4812 3295 4851 a
3347 4799 3634 4853 ventriculi

2063 4901 2247 4949 tamen
2283 4908 2379 4949 ore
2412 4901 2466 4948 et
2490 4893 2631 4946 intra
2662 4891 2866 4959 pubem
2899 4889 3045 4945 inter
3071 4905 3131 4946 se
3183 4888 3429 4944 concreti
3476 4898 3640 4958 atquo

2063 4983 2306 5038 vultibus
2337 4981 2609 5038 obversis.
2646 4982 2714 5035 Hi
2763 4980 2858 5036 diu
2908 4981 2962 5034 in
3017 4979 3152 5032 urbe
3211 4976 3411 5033 versati
3463 4987 3594 5032 sunt

2063 5083 2302 5143 cumque
2351 5087 2545 5128 omnes
2602 5081 2868 5142 tanquam
2915 5072 3154 5125 immane
3199 5067 3468 5138 quoddam
3505 5085 3629 5138 por-

2060 5176 2274 5223 tcntum
2305 5173 2717 5228 contueremur,
2751 5165 3033 5220 Romanus
3056 5162 3353 5230 imperator
3381 5175 3480 5216 ceu
3511 5176 3630 5214 ma-

2063 5259 2175 5314 lum
2211 5257 2487 5328 quoddam
2548 5271 2709 5311 omen
2746 5257 2834 5310 illa
2868 5255 3051 5326 eiecit.
3076 5251 3210 5306 Cum
3270 5259 3453 5305 autem
3476 5251 3634 5308 solus

2055 5351 2169 5420 jam
2203 5348 2602 5406 Constantinus
2633 5363 2815 5403 rerum
2869 5345 3160 5416 potiretur,
3208 5342 3403 5397 iterum
3439 5342 3492 5395 in
3541 5357 3637 5394 ur-

2062 5443 2182 5497 bem
2211 5440 2445 5513 ingressi
2475 5449 2629 5498 sunt.
2662 5439 2784 5508 Uno
2813 5449 2996 5496 autem
3018 5453 3083 5494 ex
3133 5435 3213 5493 eis
3251 5443 3488 5502 mortuo,
3535 5451 3632 5507 pe-

1660 5529 1897 5588 VAlihE
1936 5528 2346 5588 LECTIONES.

466 5620 510 5656 "
541 5620 909 5694 ἱξηὶάθησαν,
943 5619 1076 5678 Leo.
1112 5619 1209 5676 Gr.
1236 5618 1486 5678 Combel.
