4066 6040
297 243 388 308 505

1250 244 1652 310 INVECTIVA
1680 245 1975 310 CONTRA
2013 249 2482 313 HERETICOS.

3409 257 3468 320 ει
3478 257 3514 320 θ

353 369 395 430 γ’
441 357 752 428 Λεγέτωσαν
783 358 916 430 ἡμῖν
949 361 998 415 oi
1029 360 1307 432 θολόσοφοι
1335 365 1430 420 καὶ
1460 366 1826 440 μεμψίμοιροι

1995 366 2049 421 3.
2089 368 2339 438 Cogitent
2375 368 2578 425 turbidi
2618 371 2892 439 sapientes
2937 380 2992 425 et
3023 373 3226 427 morosi
3281 387 3344 426 ac
3379 391 3516 442 que-

293 454 376 509 καὶ
417 453 631 523 ἀρεσταὶ
678 453 778 524 τῆς
817 454 1030 524 φαύλης
1077 454 1174 509 καὶ
1230 454 1460 529 βεϐἡλου
1490 458 1586 514 καὶ
1611 460 1834 534 ἔχθραι·

289 549 466 616 νούσης
489 543 606 615 Θεῴ
643 545 883 607 συνόδου.
919 547 1018 616 τῆς
1039 549 1342 620 γενομένης
1374 551 1515 605 κατὰ
1537 551 1672 607 Θεοῦ
1698 570 1834 622 συγ-

291 636 558 708 χωρησμὸν
597 635 658 689 ὲν
693 637 1269 692 Κωνσταντινουπὸλει
1302 640 1383 703 είς
1410 640 1504 694 τὸν
1541 644 1704 699 τόπον
1741 646 1836 701 τὸν

288 726 553 798 λεγόμενον
603 727 818 798 Ὀνέρια
847 771 863 796 ,
914 729 1054 800 ποίῳ
1103 731 1291 804 τρόπῳ
1340 736 1435 789 καὶ
1489 735 1679 809 σκοπῷ
1734 738 1837 804 τὰς

287 821 383 875 τῶν
411 821 658 894 Πατέρων
679 825 1160 894 παρακρουόμενοι
1181 827 1386 894 φωνὰς.
1406 828 1547 884 κατὰ
1575 830 1672 896 τὰς
1697 832 1836 899 ιδίας

288 912 560 983 ἐπιθυμίας
614 914 842 977 ἑαυτοὺς
891 914 1296 983 ἐξαπατῶντες,
1365 918 1710 992 έξελκόμενοι
1743 925 1836 979 καὶ

287 1005 636 1077 δελεαζόμενοι
671 1008 1001 1079 στρεϐλεῖτε.
1027 1010 1231 1064 Εἴπατε
1265 1013 1421 1083 ἡμῖν,
1453 1013 1504 1066 οῖ
1553 1014 1648 1069 νῦν
1679 1032 1834 1072 κενο-

286 1097 552 1169 τομοῦντες
574 1101 702 1163 νέας
732 1101 973 1167 πίστεως
1012 1101 1250 1169 ἔκθεσιν,
1285 1107 1442 1160 ποῖον
1478 1103 1563 1180 [Ρ.
1589 1107 1716 1182 505]
1742 1109 1837 1163 ἐπὶ

284 1196 372 1264 τῆς
392 1193 490 1264 γῆς
532 1195 913 1267 προσκυνητδν
953 1197 1050 1251 καὶ
1085 1195 1386 1269 σεϐάσμιον
1427 1201 1522 1254 καὶ
1542 1199 1837 1273 λατρευτδν

284 1288 416 1342 ἔστιν
442 1287 893 1362 ἀχειροποίητονς
927 1292 958 1346 ό
1001 1291 1263 1365 σταυρόςς
1313 1291 1376 1347 τὸ
1405 1293 1835 1366 θυσιαστήριον;

281 1383 312 1450 ἡ
353 1381 647 1453 προσφορὰ,
697 1382 761 1437 τὸ
810 1383 1175 1454 Εὑαγγέλιονς
1225 1386 1415 1440 Πάντα
1458 1389 1834 1462 χειροποίητα,

281 1471 385 1527 ἀλλ’
428 1474 557 1544 ἡμῖν
604 1474 846 1528 σεϐαστὰ
899 1475 994 1530 καὶ
1024 1478 1304 1549 σωτηρίας
1341 1478 1613 1550 σύμϐολα,
1643 1479 1838 1553 ὥσπερ

282 1565 364 1618 καὶ
398 1565 451 1618 αἱ
494 1565 602 1620 τῶν
638 1568 811 1635 ἁγίων
853 1567 1084 1632 εἰκόνες·
1122 1569 1217 1623 καὶ⁸
1271 1572 1371 1642 τῆς
1419 1571 1693 1644 ἑνσάρκου
1741 1571 1839 1628 τοῦ

279 1657 499 1729 Χριστοῦ
559 1661 874 1731 οἰκονομίας
903 1661 1003 1731 τῆς
1061 1660 1323 1735 ἀληθινῆς
1363 1663 1460 1718 καὶ
1490 1664 1840 1736 ἀνθρωπίνης

1937 459 2108 517 rulosi
2143 461 2413 528 homines,
2444 477 2734 533 praraaque
2759 474 2811 516 ct
2843 461 3089 533 profana:
3134 479 3200 518 ac
3260 462 3372 521 Deo
3423 466 3516 520 ad-

1935 554 2211 609 versantis
2262 553 2455 625 synodi
2486 553 2965 624 comprobatores,
2993 569 3116 625 qua:
3144 554 3331 611 divina
3385 574 3510 628 pcr-

1937 648 2207 703 missione
2254 646 2766 716 Constantinopoli,
2831 647 2883 701 in
2930 648 3056 704 loco
3113 663 3276 718 quem
3313 648 3514 706 Oneria

1937 748 2159 806 vocant,
2188 738 2372 793 habita
2393 749 2499 804 est,
2539 753 2779 810 quonam
2828 737 2990 792 modo
3022 753 3085 792 ac
3116 738 3244 806 fine,
3277 743 3514 811 repulsis

1937 830 2161 888 Patrum
2206 833 2460 899 vocibus,
2514 832 2672 901 juxta
2726 834 2980 905 proprias
3035 834 3513 904 concupiscentias

1938 925 2044 996 ipsi
2074 941 2171 982 vos
2207 927 2559 993 sedueentes,
2603 941 2729 981 esca
2765 925 3036 998 hamoque
3068 929 3228 981 tracti
3259 927 3516 998 captique

1939 1016 2290 1074 Collidimini.
2340 1015 2517 1074 Dicite
2568 1031 2778 1087 quaeso,
2845 1017 2938 1086 qui
2984 1031 3132 1074 nunc
3181 1032 3335 1070 novae
3391 1015 3512 1071 fidei

1939 1105 2231 1164 formulam
2276 1123 2415 1164 vane
2452 1107 2678 1171 cuditis.
2708 1108 2972 1178 quidnam
3006 1107 3062 1162 in
3105 1118 3250 1163 terra
3298 1124 3514 1170 eorum,

1939 1215 2062 1272 qua:
2097 1201 2438 1256 venerationi
2479 1200 2756 1256 habentur
2790 1209 2844 1254 et
2888 1199 3193 1254 adurantur
3222 1211 3389 1270 atque
3419 1217 3517 1254 ro-

1940 1293 2154 1356 htotur,
2177 1292 2322 1364 quod
2365 1307 2474 1347 non
2508 1292 2578 1348 sit
2611 1291 3029 1347 manut'actmni
3065 1292 3204 1349 Num
3237 1296 3412 1349 crux?
3437 1295 3516 1347 al-

1939 1386 2105 1443 tare?
2165 1386 2415 1442 oblatio?
2472 1385 2876 1458 Evangelium?
2911 1385 3122 1441 Cuncta
3177 1386 3516 1450 manufarta,

1941 1477 2038 1535 sed
2075 1477 2234 1534 nobis
2269 1478 2581 1535 veneranda
2613 1495 2674 1535 ac
2719 1479 2980 1535 salutaris
3016 1479 3190 1550 signa,
3249 1480 3519 1550 quemad-

1942 1570 2166 1627 modum
2190 1572 2355 1628 etiam
2403 1583 2720 1627 sanctorum
2773 1572 3059 1644 imagines,
3106 1572 3420 1643 Christique
3462 1575 3516 1628 in

1941 1676 2114 1719 carne
2150 1662 2582 1732 dispensationis
2632 1677 2774 1717 vera:
2827 1673 2994 1732 atque
3029 1663 3282 1717 humana:
3333 1663 3520 1717 carnis

280 1747 430 1802 αὑτοῦ
477 1749 698 1822 σαρκὸς,
733 1750 802 1822 ἡν
832 1750 921 1805 διὰ
971 1751 1072 1822 τὴν
1126 1751 1284 1824 ἡμῶν
1334 1754 1613 1826 σωτηρίαν
1667 1773 1835 1829 προσ·

1945 1771 2075 1823 suae,
2112 1771 2276 1828 quam
2329 1765 2532 1813 nostra:
2587 1756 2782 1811 salutis
2847 1771 3016 1810 causa
3079 1756 3395 1826 assumpsit,
3449 1772 3518 1810 ex

278 1842 486 1900 ελάϐετο
533 1847 596 1900 ὲκ
637 1847 739 1916 τῆς
793 1847 1074 1914 πανὰγνου
1108 1849 1204 1902 καὶ
1255 1846 1521 1901 Θεοτόκου
1576 1847 1835 1922 Μαρίας*

277 1938 441 1993 πάντα
465 1939 618 2010 ἡμῶν
652 1937 837 1993 λαϐὼν
870 1941 1038 2011 χωρὶς
1058 1939 1241 2009 ιμόνης
1271 1940 1370 2010 τῆς
1415 1941 1712 2014 ἁμαρτίας.
1747 1942 1841 1998 Διδ

279 2029 365 2084 καὶ
394 2030 488 2102 τὴν
523 2032 710 2086 εἰκόνα
750 2029 916 2086 αὑτοῦ
945 2033 1162 2103 καὶτῆς
1204 2034 1477 2104 ἀκράντου
1519 2034 1684 2089 αὐτοῦ
1715 2036 1840 2108 Μη-

276 2123 392 2194 τρὸς
417 2123 836 2195 προσκυνοῦμεν
861 2123 956 2176 καὶ
986 2123 1240 2194 σέϐομεν.
1286 2124 1396 2180 Καὶ
1427 2125 1587 2196 ὑμεῖς
1615 2125 1841 2199 δόκησιν

277 2217 332 2268 τ’)
353 2220 638 2289 μυστήριον
659 2217 1042 2290 ἀπεργάζεσθε
1057 2234 1071 2248 ³
1096 2220 1258 2288 ἡμεῖς
1273 2217 1350 2285 δὲ,
1368 2219 1418 2272 ot
1438 2218 1537 2291 τῆς
1553 2220 1837 2291 ἀληθείας,

275 2309 366 2377 τῆς
391 2309 496 2363 τῶν
516 2310 693 2380 ἁγίων
719 2310 1032 2364 ἀποστόλων
1061 2311 1156 2364 καί⁸
1189 2311 1298 2364 τῶν
1322 2311 1494 2379 ἁγίων
1522 2313 1702 2367 αὐτῶν
1732 2331 1836 2386 μα·-

279 2401 442 2472 θητῶν
472 2403 565 2458 καὶ
589 2402 875 2474 διαδόχων,
897 2402 1186 2475 ἡμετέρων
1212 2403 1271 2458 δὲ
1295 2405 1557 2477 Πατὲρων
1579 2407 1676 2462 καὶ
1695 2406 1841 2463 διδα-

280 2497 494 2560 σκάλων,
536 2497 639 2569 τὴν
686 2496 820 2568 παρ’
843 2496 1022 2551 αὐτῶν
1060 2497 1191 2568 ἡμῖν
1226 2497 1625 2569 παραδοθεῖσαν
1655 2499 1842 2555 πίστιν

282 2588 394 2658 περὶ
418 2591 514 2659 τῆς
535 2589 704 2652 ἁγίας
725 2591 818 2643 καὶ
843 2590 1131 2659 ὀμοουσίου
1159 2589 1249 2646 καὶ
1269 2591 1654 2664 προσκυνητῆς
1671 2593 1842 2663 Τριὰο

282 2680 378 2746 θος.
396 2683 906 2754 ἀνακεκαλυμμένῳ
927 2684 1208 2754 προσώπῳ
1228 2683 1459 2757 λαμπρᾷ
1483 2687 1550 2756 τῇ
1577 2689 1726 2760 φωνῇ
1753 2685 1842 2743 λέ-

285 2793 434 2847 γομεν
451 2780 518 2834 τὰ
534 2780 630 2834 τοῦ
649 2780 936 2852 προφήτου
961 2781 1183 2834 Ἡσαΐου
1200 2798 1214 2811 ·
1242 2779 1541 2850 Ἀνάϐηθι,
1555 2787 1588 2837 ό
1607 2785 1843 2856 εὐαγγε-

280 2866 701 2937 λιζόμενος,ἐπ’
733 2869 870 2938 ὅρος
899 2871 1167 2940 ὑψηλὸν,
1199 2871 1293 2926 καὶ
1317 2873 1478 2942 ἡμεῖς
1502 2873 1842 2946 ἀνερχόμεθα

279 2960 351 3025 είς
387 2963 479 3034 τὴν
523 2964 967 3035 τρισυπόστατον
1000 2965 1498 3036 ὁμοουσιοκόρυφον
1539 2965 1717 3032 δόξαν,
1754 2967 1840 3022 εῦ-

273 3056 678 3129 αγγελιζόμενοι
713 3057 783 3110 τὰ
811 3055 994 3128 ἀγαθὰ
1022 3057 1118 3128 τῆς
1146 3057 1434 3129 όρθοδόξου
1469 3059 1729 3126 πίστεως,
1755 3059 1842 3114 ).έ·-
1868 3093 1909 3150 C

272 3162 450 3214 τοντες
471 3164 487 3180 ·

333 3326 393 3380 δ’.
444 3327 791 3397 Πιστεὺομεν
843 3328 925 3391 είς
963 3330 1183 3400 Πατέρα
1227 3330 1320 3384 καὶ
1360 3330 1488 3385 Υἱὸν
1547 3333 1641 3385 καὶ
1690 3331 1845 3402 ἅγιον

271 3417 510 3488 Πνεῦμα,
542 3421 672 3489 ἥτις
706 3421 855 3474 ἐστὶν
891 3423 923 3492 ἡ
960 3422 1091 3488 ἁγία
1123 3423 1314 3494 Τριὰς,
1345 3423 1620 3490 ἄκτιστος,
1653 3426 1842 3492 ἀΐδιος,

271 3511 589 3581 ἀσύγχυτος,
650 3513 981 3585 ἀδιαίρετος,
1030 3515 1340 3587 ὀμοοῦσιος,
1384 3519 1442 3569 ἐν
1479 3519 1579 3588 μιᾷ
1632 3518 1845 3590 θεότητι

269 3604 359 3657 καὶ
398 3603 655 3678 βασιλείᾳ
704 3606 800 3660 καὶ
851 3606 1159 3676 κυριότητι,
1220 3608 1280 3660 ιν
1333 3609 1481 3679 τρισὶ
1530 3609 1846 3679 προσώποις

269 3696 381 3764 ἡτοι
413 3697 752 3753 ὑποστάσεσι
779 3697 873 3751 καὶ
911 3698 1140 3768 ίδιότησι
1174 3702 1627 3772 προσκυνουμένη
1662 3720 1722 3755 τε
1753 3705 1846 3756 καὶ

269 3789 716 3862 δοξολογουμένη.
767 3792 1025 3865 ’ἰδιότητα
1075 3794 1184 3864 γὰρ
1233 3795 1364 3848 ὅταν
1401 3796 1562 3860 εῖπω,
1594 3797 1684 3849 τὸν
1730 3799 1844 3851 Πα-

270 3884 395 3954 τέρα
453 3885 678 3956 Πατέρα
733 3885 952 3956 νόησον,
1007 3888 1103 3941 καὶ
1145 3887 1238 3940 τὸν
1278 3886 1406 3940 Υίὸν
1459 3889 1606 3954 Υίδν,
1650 3892 1746 3945 καὶ
1787 3892 1848 3945 τὸ

273 3974 489 4046 Πνεῦμα
521 3978 582 4031 τὸ
623 3978 780 4044 ᾶγιον
814 3978 1040 4049 Πνεῦμα
1067 3978 1245 4048 ἅγιον.
1287 3975 1454 4036 Aura:
1482 3983 1591 4053 γὰρ
1619 3985 1674 4036 ai
1721 3983 1850 4038 ίδιό-

270 4085 423 4138 τητες
448 4072 552 4126 οὐκ
583 4071 1056 4142 ἀναστρέφονται.
1088 4074 1162 4127 Οὐ
1198 4072 1423 4129 δύναται
1449 4077 1559 4147 γὰρ
1591 4080 1621 4130 ό
1653 4077 1846 4148 Πατὴρ

272 4158 391 4226 Υἱὸς
415 4158 579 4229 εἶναι,
617 4161 653 4231 ἦ
675 4163 704 4216 ό
738 4162 866 4226 Υἱὸς
908 4163 1122 4234 Πατὴρ,
1155 4163 1188 4236 ἦ
1229 4165 1290 4220 τὸ
1321 4167 1546 4236 Πνεῦμα
1595 4168 1658 4222 τὸ
1691 4171 1847 4238 ἅγιον

273 4248 399 4306 sint
427 4255 624 4327 Πατὴρ
648 4257 681 4329 ἡ
714 4255 864 4320 Υιός.
884 4256 1029 4310 Ἀλλ’
1053 4257 1129 4321 ὡς
1155 4257 1334 4324 εἷπον,
1365 4260 1555 4332 Πατὴρ
1577 4264 1605 4316 ό
1634 4263 1846 4335 Πατὴρ,

272 4348 358 4399 καὶ
394 4347 519 4411 Υίὸς
548 4350 578 4402 ὁ
622 4347 773 4411 Υίὸς,
808 4347 906 4401 καὶ
956 4349 1182 4419 Πνεῦμα
1219 4349 1376 4423 ἆγιρν
1414 4353 1471 4405 τὲ
1527 4353 1754 4423 Πνεῦμα
1787 4356 1848 4408 τὸ

1938 1849 2256 1907 castissima
2297 1848 2504 1922 Deique
2559 1847 2842 1915 Genitrice
2898 1849 3070 1904 Maria
3107 1866 3122 1904 :
3160 1865 3284 1920 qua:
3327 1856 3518 1904 nostra

1940 1949 2071 1998 sunt
2103 1943 2288 1997 omnia
2333 1956 2646 2007 assumens,
2693 1951 2918 2012 peccato
2953 1940 3224 1996 duntaxat
3261 1950 3514 2012 excepto.

1939 2033 2099 2090 Unde
2131 2035 2296 2088 etiam
2325 2032 2500 2102 ipsius
2558 2032 2854 2103 imaginem
2912 2032 3143 2103 ejusque
3185 2032 3522 2088 intemerata!

1941 2123 2131 2181 Matris
2161 2123 2460 2181 adoramus
2514 2139 2579 2180 ac
2613 2125 2872 2180 colimus.
2907 2127 2982 2180 Ac
3013 2140 3113 2179 vos
3143 2125 3362 2196 quidem
3399 2141 3518 2196 my-

1942 2217 2170 2274 sterium
2211 2215 2374 2271 inane
2421 2222 2721 2287 spectrum,
2758 2224 2812 2268 et
2861 2213 3005 2284 quod
3043 2215 3224 2283 specie
3255 2215 3368 2270 soia
3405 2217 3518 2268 exi-

1941 2318 2074 2375 stat,
2105 2307 2362 2365 eiiicitis:
2399 2324 2498 2362 nos
2533 2323 2663 2363 vero
2703 2308 2794 2376 qui
2848 2306 3095 2361 veritatis
3137 2307 3333 2368 simus.
3387 2323 3518 2359 san-

1940 2412 2156 2460 ctorum
2190 2402 2565 2474 apostolorum
2597 2411 3030 2469 sanctorumque
3071 2401 3315 2469 ἱρείη-ων
3347 2400 3518 2454 disci-

1941 2496 2195 2569 pulorum
2229 2509 2293 2552 ac
2340 2507 2750 2558 successorum,
2816 2501 3244 2562 nostrorumque
3293 2490 3518 2546 Patrum

1943 2600 2106 2660 atque
2136 2589 2452 2654 doctorum,
2479 2604 2641 2659 quam
2667 2589 2734 2642 ab
2766 2588 2846 2642 eis
2877 2586 3041 2641 nobis
3069 2583 3322 2638 traditam
3356 2599 3521 2639 acce-

1943 2685 2125 2758 pimus
2168 2683 2325 2738 lidem
2367 2680 2437 2736 de
2468 2690 2659 2736 sancta
2698 2687 2750 2734 et
2782 2677 3248 2734 consubstantiali
3284 2683 3338 2732 et
3393 2675 3523 2730 ado-

1947 2776 2118 2834 randa
2151 2774 2449 2842 Trinitate,
2484 2774 2721 2829 revelata
2757 2771 2918 2837 facie,
2973 2771 3123 2827 clara
3172 2786 3328 2835 voce,
3371 2769 3523 2824 Isaia:

1943 2870 2221 2942 prophetae
2256 2867 2482 2922 vocibus
2527 2865 2763 2920 dicimus
2816 2881 2831 2918 :
2887 2864 3119 2920 Ascende
3177 2863 3232 2916 in
3296 2871 3522 2916 montem

1942 2960 2208 3021 excelsum
2240 2961 2330 3034 qui
2382 2957 2713 3030 eaangelizas
2753 2957 2773 2988 '
2797 2999 2811 3024 ,
2846 2966 2901 3012 et
2924 2971 3023 3011 nos
3051 2955 3105 3010 in
3148 2956 3292 3011 triue
3341 2951 3524 3009 subsio

1944 3055 2144 3112 stcntis
2231 3050 2727 3109 consubstantialis
2791 3047 3138 3106 celsitudinis
3208 3045 3522 3117 Opinionem

1947 3146 2323 3211 ascendimus,
2358 3143 2796 3216 evangelizautcs
2838 3153 2999 3196 rectae
3034 3140 3155 3195 iidei
3223 3138 3389 3205 bona,
3440 3135 3526 3190 di-

1947 3251 2136 3300 centes
2178 3258 2197 3297 :

2019 3337 2071 3392 ιι.
2104 3335 2307 3410 ωια
2341 3333 2633 3389 Credimus
2664 3331 2716 3383 in
2750 3330 2967 3384 Patrem
3018 3333 3072 3382 et
3099 3325 3297 3380 Filium
3322 3331 3374 3378 et
3400 3322 3527 3393 Spi-

1947 3431 2110 3486 ritum
2145 3437 2418 3489 sanctum,
2449 3441 2570 3494 quite
2625 3428 2814 3477 sancta
2840 3418 3082 3472 Trinitas
3111 3424 3224 3480 est,
3257 3417 3521 3478 increata,

1945 3522 2278 3592 sempiterna
2303 3560 2318 3580 ,
2353 3519 2427 3572 ini
2449 3516 2668 3576 oniusa,
2710 3512 2973 3574 indivisa,
3004 3505 3525 3566 consubstantialis,

1946 3630 2067 3688 quae
2086 3615 2138 3666 in
2171 3626 2279 3664 una
2298 3611 2495 3665 deitate
2509 3617 2561 3662 ct
2583 3621 2750 3677 regno
2769 3613 2819 3657 et
2842 3602 3242 3662 dominatione,
3267 3599 3319 3651 in
3349 3596 3526 3650 tribus

1946 3708 2197 3782 personis
2229 3721 2324 3760 seu
2370 3701 2767 3773 hypostasihus
2805 3706 2859 3752 et
2903 3692 3360 3764 prOprietatibus,
3387 3689 3520 3743 ado-

1947 3810 2098 3856 retur
2133 3815 2198 3853 ac
2225 3795 2695 3866 congloriiicetur.
2758 3789 3155 3858 Proprietatem
3204 3784 3350 3838 enim
3399 3797 3525 3835 eum

1946 3895 2097 3960 dico,
2129 3892 2343 3947 Patrem
2386 3889 2568 3960 cogito
2620 3885 2861 3945 Patrem,
2894 3891 2945 3938 et
2977 3879 3174 3936 Filium
3211 3876 3432 3939 Filium,
3474 3882 3530 3925 νι

1948 3987 2215 4058 Spiritum
2260 3991 2516 4038 sanctum
2584 3980 2852 4049 Spiritum
2886 3986 3159 4030 sanctum.
3219 3971 3352 4026 Nam
3402 3983 3533 4041 pro-

1948 4082 2216 4151 prietates
2239 4093 2348 4130 nou
2393 4082 2813 4130 convertuntur.
2851 4069 2971 4124 Non
3015 4069 3158 4122 enim
3205 4064 3367 4119 Pater
3403 4075 3532 4119 esse

1948 4178 2125 4242 potest
2159 4165 2354 4228 Filius,
2380 4175 2473 4219 aut
2500 4163 2672 4217 Filius
2712 4161 2891 4225 Pater,
2914 4160 2996 4214 vel
3019 4156 3262 4227 Spiritus
3295 4164 3523 4208 sanctus

1947 4275 2072 4316 esse
2103 4258 2263 4312 Pater
2290 4265 2386 4311 aut
2418 4254 2595 4311 Filius
2639 4272 2652 4308 :
2701 4252 2797 4309 sed
2844 4253 2994 4308 Sit'lll
3044 4249 3319 4311 dicebam,
3370 4245 3531 4300 Pater

1948 4353 2112 4408 Pater
2137 4359 2244 4417 est,
2289 4357 2344 4405 et
2382 4347 2556 4404 Filius
2607 4345 2822 4411 Filius,
2891 4359 2955 4399 ac
3009 4343 3250 4415 Spiritus
3307 4345 3532 4394 sanctus

274 4439 438 4508 ἅγιον.
473 4442 594 4496 Οὐκ
628 4436 696 4510 ἦν
730 4458 861 4495 ποτε
891 4443 977 4496 ὅτε
1025 4443 1126 4496 οὐκ
1165 4438 1233 4514 ἦν
1273 4445 1484 4517 Πατὴρ,
1512 4451 1607 4501 καὶ
1652 4448 1752 4502 οὐκ
1782 4445 1843 4520 ἦν

1956 4447 2196 4517 Spiritus
2221 4453 2470 4499 sanctus.
2513 4439 2631 4494 Non
2683 4447 2802 4495 erat
2854 4451 3100 4505 unquam
3154 4433 3373 4505 quando
3422 4447 3528 4486 non

275 4549 398 4587 ποτε
421 4534 513 4588 ὅτε
544 4533 650 4587 οὐκ
693 4529 762 4606 ἦν
799 4534 949 4598 Υίὸς,
982 4537 1077 4590 καὶ
1108 4537 1209 4590 οῦκ
1249 4534 1320 4609 ἦν
1363 4556 1494 4592 ποτε
1525 4539 1612 4593 ὅτε
1639 4542 1739 4594 οὐκ
1779 4539 1843 4616 ἦν

1954 4548 2071 4596 erat
2097 4538 2277 4600 Pater,
2305 4542 2359 4590 et
2390 4549 2499 4589 non
2532 4531 2892 4601 eratquando
2923 4545 3031 4584 non
3057 4538 3175 4583 erat
3202 4524 3400 4589 Filius,
3429 4539 3531 4578 nec

272 4625 329 4677 τὸ
357 4623 583 4696 Πνεῦμα
613 4624 676 4678 τὸ
715 4627 892 4693 ἅγιον.
930 4627 1028 4680 Δια
1057 4626 1216 4681 τοῦτο
1260 4630 1649 4699 ἀκατάληπτος
1682 4634 1778 4686 καὶ
1813 4635 1846 4704 ἡ

279 4717 520 4786 γέννησις
569 4714 668 4770 τοῦ
716 4716 1088 4785 Μονογενοῦς,
1139 4719 1232 4772 καὶ
1285 4722 1320 4792 ἡ
1373 4722 1696 4794 ἐκπόρευσις
1747 4724 1844 4778 τοῦ

276 4811 424 4879 ἁγίου
448 4811 792 4882 Πνεῦματος.
831 4810 1169 4882 Προσκυνεῐς
1202 4813 1292 4866 τὸν
1327 4815 1582 4885 Πατέρα;
1617 4818 1675 4868 έν
1699 4817 1848 4888 αὐτῷ

277 4905 659 4975 προσκυνεῖται
692 4905 722 4956 ό
771 4901 902 4967 Υἱὸς
945 4904 1040 4956 καὶ
1084 4902 1147 4957 τὸ
1179 4904 1338 4973 ἅγιον
1389 4906 1630 4976 Πνεῦμα.
1667 4909 1846 4978 Προσ-

277 5002 449 5063 κυνεῖς
475 5000 570 5054 τδν
606 4999 770 5064 Υἱόνς
813 4999 874 5053 ἐν
923 4999 1072 5070 αὑτῷ
1109 5004 1440 5071 προσκυνεῖς
1491 5005 1585 5057 τὸν
1627 5005 1848 5076 Πατέρα

278 5088 366 5142 καὶ
416 5089 480 5144 τδ
537 5089 1002 5161 ἅγιονοηνεῦμα.
1037 5093 1369 5162 Προσκυνεῖς
1400 5094 1464 5146 τὸ
1507 5095 1733 5165 Πνεῦμα
1785 5096 1846 5150 τὸ

277 5181 456 5249 ﬁrm;
490 5183 551 5236 ιν
578 5181 728 5252 αὑτῷ
762 5187 1090 5253 προσκυνεῖς
1120 5185 1213 5237 καὶ
1239 5185 1331 5237 τὸν
1373 5185 1593 5258 Πατέρα
1622 5187 1716 5240 καὶ
1753 5187 1846 5242 τὸν

279 5272 432 5329 Υίόν·
471 5274 537 5329 οὐ
577 5275 962 5346 συγχεομένων
989 5274 1099 5329 τῶν
1129 5277 1458 5348 προσώπων,
1488 5277 1625 5332 ἀλλὰ
1658 5279 1745 5332 διὰ
1787 5279 1848 5333 τὸ

277 5368 469 5420 ταυτὸν
496 5367 593 5420 καὶ
633 5366 1057 5440 ἀπαράλλακτον
1104 5369 1204 5440 τῆς
1232 5370 1420 5435 οὐσίας
1464 5371 1638 5436 οὕτως
1683 5375 1844 5436 νοεῖς.

280 5458 419 5522 Μιᾶς
450 5460 561 5528 γὰρ
590 5457 760 5531 οὔσης
778 5460 878 5529 τῆς
905 5459 1119 5530 φύσεως
1146 5463 1242 5517 καὶ
1267 5462 1371 5531 τῆς
1398 5464 1588 5527 οὐσίας
1621 5466 1716 5518 καὶ
1748 5466 1847 5534 τῆς

281 5547 363 5621 ίΡ.
395 5549 525 5622 506]
556 5552 830 5623 θεότητος,
865 5554 963 5624 μία
993 5555 1088 5608 καὶ
1131 5557 1162 5625 ἡ
1197 5556 1568 5628 προσκύνησίς
1598 5559 1715 5611 ἐστι
1747 5557 1848 5628 τῆς

351 5734 368 5762 ί
395 5733 499 5792 lsa.
545 5752 633 5797 ιι..
665 5737 697 5792 9

1953 4643 2072 4687 erat
2102 4627 2399 4698 aliquando
2430 4624 2654 4696 quando
2690 4638 2798 4677 non
2821 4630 2941 4675 erat
2993 4619 3235 4690 Spiritus
3280 4623 3529 4672 sanctus.

1954 4725 2250 4795 Propterea
2284 4720 2746 4790 incomprehensa
2771 4725 2874 4784 est,
2903 4725 3018 4770 tum
3056 4712 3333 4785 Unigeniti
3368 4725 3534 4782 gene~

1957 4820 2099 4874 ratio
2129 4820 2258 4884 (seu
2288 4814 2581 4882 nativitas)
2613 4821 2729 4866 tum
2774 4811 3014 4882 Spiritus
3069 4806 3247 4863 sancti
3304 4820 3529 4877 proces-

1957 4915 2062 4972 sio.
2091 4911 2304 4966 Patrem
2337 4907 2578 4964 adoras?
2615 4908 2672 4962 In
2707 4923 2773 4962 eo
2819 4905 3085 4960 adoratur
3112 4901 3287 4958 Filius
3317 4909 3372 4954 et
3402 4897 3532 4969 Spi-

1958 5007 2100 5063 ritus
2137 5011 2386 5060 sanctus.
2421 5001 2631 5056 Adoras
2662 4999 2904 5055 Filium?
2949 4995 3006 5050 in
3045 4997 3166 5067 ipso
3211 5003 3266 5050 et
3314 4991 3529 5047 Patrem

1954 5098 2152 5154 adoras
2174 5104 2228 5152 et
2258 5095 2522 5166 Spiritum
2562 5100 2836 5149 sanctum.
2871 5090 3082 5146 Adoras
3104 5089 3368 5155 Spiritum
3396 5102 3528 5143 san-

1952 5200 2100 5249 ctum
2125 5189 2152 5243 Υ
2193 5189 2250 5243 lu
2299 5189 2418 5258 ipso
2451 5187 2651 5242 adoras
2704 5195 2758 5240 et
2791 5184 3006 5239 Patrem
3034 5190 3088 5236 et
3122 5179 3319 5236 Filium
3355 5196 3370 5236 :
3418 5195 3526 5235 non

1953 5285 2101 5357 quod
2134 5284 2546 5340 confundantur
2607 5296 2874 5352 personae,
2935 5279 3028 5334 sed
3060 5276 3203 5346 quod
3236 5275 3427 5331 cadent
3474 5280 3531 5327 et

1956 5377 2428 5435 incommutabilis
2489 5390 2694 5446 perque
2744 5372 2929 5429 omnia
2975 5370 3171 5426 similis
3218 5366 3528 5423 substantia

1955 5472 2212 5532 exsistat,
2246 5468 2326 5523 sic
2365 5467 2646 5537 intelligis.
2683 5465 2814 5520 Nam
2839 5479 2963 5517 cum
3001 5463 3074 5518 sit
3110 5473 3216 5514 una
3249 5467 3441 5513 natura
3473 5463 3528 5512 et

1958 5558 2270 5617 substantia
2306 5573 2368 5612 ac
2401 5558 2594 5620 deitas,
2623 5572 2728 5610 una
2763 5569 2981 5626 quoque
3012 5551 3259 5607 adoratio
3286 5558 3370 5607 est
3401 5563 3522 5604 san-
