4066 6040
294 238 392 333 sn

1561 277 2198 340 ORTIIODOXURUM

3443 277 3548 342 512

293 385 520 440 deitatis
555 399 569 438 :
603 393 657 439 at
710 387 802 455 qui
831 395 989 442 antea
1038 388 1269 459 simplex
1319 397 1372 444 ct
1416 405 1558 447 unus
1588 406 1652 446 ex
1677 401 1862 446 sancta

1967 392 2240 462 θεότητος.
2273 393 2383 447 Ka‘.
2409 396 2437 449 ὁ
2469 393 2528 447 τὸ
2552 393 2680 465 πρὶν
2704 392 2909 452 ἁπλοῦς
2938 390 3013 446 ῶν
3044 393 3135 446 καὶ
3162 385 3242 455 εἷς
3263 393 3359 458 τῆς
3389 394 3544 459 ἁγίας

295 473 562 531 Trinitate
586 486 726 542 erat,
758 494 904 533 nunc
926 493 1145 550 quoque
1191 480 1330 535 idem
1373 497 1515 538 unus
1543 491 1627 539 est
1653 497 1715 538 ex
1736 498 1865 538 san-

292 577 380 622 cta
409 566 679 624 Trinitate
709 570 1029 627 incarnatus
1061 587 1126 628 ac
1156 571 1321 628 homo
1355 573 1553 629 lactus.
1589 574 1666 630 Ac
1701 590 1862 646 qttem

292 660 548 716 cmlestes
578 677 772 718 omnes
802 664 1035 720 virtutes
1065 665 1254 720 videre
1285 680 1391 721 non
1422 675 1672 736 poterant
1707 668 1862 738 (ado-

292 753 479 808 randae
509 755 651 810 enim
699 753 987 812 Trinitatis
1024 757 1280 814 deitatem
1338 775 1497 815 nemo
1527 761 1709 816 videre
1763 776 1863 830 po-

291 853 402 900 test
432 846 499 914 ἰ)
527 862 674 902 nunc
722 863 888 902 unum
927 863 959 904 ο
999 858 1188 905 sancta
1226 850 1492 906 Trinitate
1522 851 1860 922 unigenitum

296 938 385 994 Dei
417 937 642 1003 Filium,
676 943 975 1011 conspicua
1026 943 1265 1000 hominis
1310 945 1490 1011 specie
1524 945 1732 1010 vident,
1768 943 1860 1013 qui

291 1031 820 1103 incircumscriptam
867 1035 986 1104 ejus
1043 1037 1300 1092 deitatem
1372 1037 1697 1108 intelligant.
1750 1037 1863 1092 lloc

289 1121 435 1176 enim
454 1126 691 1192 estquod
712 1129 783 1180 ait
807 1128 997 1182 beatus
1023 1127 1225 1184 Paulus
1251 1146 1264 1182 :
1289 1131 1550 1200 Apparuit
1569 1129 1768 1200 angelis
1791 1131 1861 1184 ".

290 1215 608 1286 Assumpsit
629 1218 795 1287 igitur
815 1222 960 1288 quod
986 1235 1094 1274 non
1157 1221 1411 1288 habebat,
1431 1221 1706 1291 habetque
1737 1224 1861 1290 (no-

291 1317 464 1362 stram
519 1310 731 1365 scilicet
803 1311 1077 1384 naturam)
1133 1316 1190 1369 in
1248 1313 1444 1368 srecula
1506 1317 1859 1369 saeculorum.

295 1399 645 1474 Rursumque
665 1414 912 1458 venturus
948 1413 1026 1459 cst
1051 1422 1165 1459 cum
1191 1407 1363 1476 gloria
1393 1405 1696 1475 jadicatum
1720 1408 1862 1463 vivos

289 1501 597 1548 clmortuos
631 1496 713 1561 ";
762 1496 812 1549 id
861 1507 964 1562 est,
995 1498 1175 1566 iustos
1223 1508 1276 1554 et
1316 1513 1636 1569 peccatores
1666 1510 1862 1569 :atque

291 1586 430 1640 alios
461 1587 679 1656 quidem
706 1589 1033 1658 iudicatum,
1067 1607 1166 1661 pro
1209 1607 1276 1648 eo
1319 1607 1382 1648 ac
1407 1595 1552 1648 dicat
1585 1594 1862 1665 justiﬁca-

294 1686 433 1742 tum,
463 1691 686 1750 propter
719 1682 862 1749 bona
889 1683 1134 1752 ipsorum
1173 1700 1337 1756 opera
1359 1703 1375 1748 ;
1401 1687 1540 1743 alios
1570 1702 1699 1742 vero
1729 1703 1862 1742 con-

1971 487 2224 556 Τριὰδος,
2256 487 2350 541 καὶ
2375 487 2472 541 νῦν
2497 488 2526 540 ὁ
2553 487 2718 550 αὐτὸς
2743 481 2821 550 εἷς
2852 489 2968 539 ἐστι
2998 486 3097 554 τῆς
3131 485 3294 552 ἁγίας
3319 483 3546 556 Τριὰδος

1971 580 2392 650 σεσαρκωμένος
2425 579 2876 651 ἐνανορωπήσας.
2913 579 3022 632 Καὶ
3067 579 3237 648 ὅνπερ
3264 578 3363 630 οὐκ
3420 576 3547 645 ἡδύ-

1969 691 2133 727 ναντο
2156 673 2326 726 πᾶσαι
2345 673 2403 727 αἱ
2419 673 2670 745 οὐράνιαι
2694 672 2952 743 δυνάμεις
2992 671 3268 742 θεωρῆσαι
3298 668 3548 736 (θεότητα

1969 765 2078 834 γὰρ
2112 767 2211 833 τῆς
2236 764 2624 835 πῳσκυνητῆς
2648 763 2880 834 Τριὰδος
2909 763 3039 815 ίδείν
3071 761 3247 822 οὐδεὶς
3275 759 3545 825 δύναται),

1968 857 2063 909 νῦν
2100 857 2191 908 τὸν
2234 855 2330 909 ἕνα
2373 856 2469 924 τῆς
2510 853 2670 924 ἁγίας
2699 854 2927 925 Τριάδος
2975 854 3068 907 τὸν
3105 851 3370 922 μονογενῆ
3419 849 3547 902 Υίὸν

1967 943 2062 999 τοῦ
2086 943 2244 1011 Θεοῦ,
2277 945 2535 1015 βλέπουσι
2578 945 2720 998 κατὰ
2762 943 2854 997 τὸν
2879 944 3202 1013 φαινόμενον
3238 942 3544 1010 ἄνθρωπον,

1967 1037 2274 1102 ἐννοοῦντες
2323 1037 2386 1091 τὸ
2442 1039 2828 1107 ἀπερίγραφον
2886 1039 2986 1108 τῆς
3042 1033 3208 1089 αὐτοῦ
3269 1034 3544 1102 θεότητος.

1967 1131 2141 1184 Τοῦτο
2177 1131 2284 1200 γάρ
2311 1132 2456 1182 ἐστιν
2481 1129 2508 1182 ὃ
2547 1123 2701 1182 εἶπεν
2730 1131 2758 1182 ὁ
2788 1128 3059 1198 μακάριος
3086 1125 3316 1189 Παῦλος·
3354 1126 3544 1193 Ὠφθη

1966 1222 2263 1291 ἀγγέλοις.
2297 1220 2672 1293 Προσελάσετο
2715 1221 2897 1276 τοίνυν
2921 1220 2951 1273 δ
2973 1221 3077 1275 οὐκ
3109 1214 3247 1291 εἶχε,
3289 1218 3382 1272 καὶ
3407 1217 3544 1288 ἔχει,

1966 1315 2111 1383 λέγω
2139 1314 2204 1385 δὴ
2246 1313 2344 1387 τὴν
2385 1313 2665 1384 ἡμετέραν
2699 1317 2884 1384 φύσιν,
2915 1313 2996 1376 είς
3028 1313 3231 1376 αίῶνας
3268 1312 3378 1366 τῶν
3410 1309 3546 1366 αιώο

1967 1425 2095 1464 νων.
2112 1409 2219 1462 Καὶ
2232 1407 2394 1461 πάλιν
2422 1406 2748 1476 ἐρχόμενον
2753 1407 2903 1477 μετὰ
2913 1405 3101 1475 δόξης
3116 1405 3308 1474 κρῖναι
3325 1402 3547 1472 ζῶντας

1967 1497 2070 1553 καί
2084 1499 2361 1572 νεκροὺς,
2375 1500 2493 1570 ἦτοι
2509 1497 2750 1562 δικαίους
2780 1501 2872 1551 καὶ
2887 1497 3266 1570 ἁμαρτωλούς*
3286 1497 3414 1560 τοὺς
3442 1496 3544 1566 μὲν

1969 1593 2170 1662 κρῖναι,
2198 1591 2319 1644 am
2342 1590 2436 1643 τοῦ
2459 1589 2766 1652 δικαιῶσαι,
2791 1589 2882 1644 διὰ
2911 1589 2979 1644 τὰ
3003 1590 3141 1643 καλὰ
3169 1590 3349 1645 αὐτῶν
3374 1589 3537 1658 ἔργα·

1925 1728 1929 1731 .
1966 1683 2095 1747 τοὺς
2119 1683 2176 1736 δὲ
2207 1683 2559 1753 κατακρίναι,
2581 1682 2670 1736 διὰ
2701 1682 2801 1754 τὴν
2829 1682 3090 1737 ἀπιστίαν
3110 1682 3290 1738 αὐτῶν
3323 1683 3418 1735 καὶ
3445 1681 3544 1746 τὰς

290 1768 631 1837 denunatutn,
651 1771 723 1825 ob
749 1772 965 1828 illorum
990 1775 1426 1831 incredulitatem
1448 1791 1511 1832 ac
1531 1777 1752 1832 malitia
1777 1777 1858 1848 ip-

1966 1775 2060 1847 τῆς
2086 1776 2287 1838 κακίας
2312 1775 2496 1830 αὐτῶν
2526 1773 2777 1848 πράξεις.

290 1871 478 1912 eorum
513 1873 699 1930 opera.

363 1951 451 2005 Η.
480 1949 645 2008 Docet
669 1969 768 2008 nos
805 1955 1112 2025 symbolum
1172 1966 1230 2012 ut
1258 1969 1310 2012 et
1349 1958 1402 2012 in
1428 1975 1588 2014 uuam
1618 1971 1860 2016 sanctam

291 2042 606 2098 catholicam
634 2055 684 2099 et
727 2047 1074 2115 apostolicam
1116 2048 1212 2103 Dei
1240 2049 1529 2108 Ecclesiam
1560 2057 1855 2113 credamus.

290 2128 409 2187 Non
432 2143 612 2202 potest
641 2133 882 2190 Ecclesia
904 2137 1174 2194 catholica
1214 2139 1275 2208 (i.
1313 2143 1657 2214 universalis)
1683 2146 1858 2201 solum

289 2238 415 2279 esas
463 2228 784 2296 apostoiica.
843 2227 1202 2299 Omnipotens
1247 2234 1392 2288 enim
1446 2235 1619 2292 virtus
1639 2239 1860 2307 capitis,

291 2316 440 2385 quod
468 2327 552 2374 est
585 2318 858 2387 Christus,
918 2323 1175 2379 universo
1207 2326 1413 2380 nmudo
1461 2344 1556 2398 per
1581 2332 1862 2399 apostolos

292 2409 525 2465 salutem
552 2412 726 2480 potuit
757 2411 970 2466 afferre.
1001 2413 1094 2469 Est
1118 2416 1284 2485 igitur
1317 2427 1510 2473 sancta
1547 2418 1637 2474 Dei
1671 2421 1863 2479 Eccle-
1900 2493 1905 2497 η

289 2501 396 2567 sia,
432 2512 772 2567 sanctorum,
806 2506 897 2576 qui
949 2522 976 2558 a
1035 2509 1236 2562 sacculo
1292 2508 1463 2576 luere,
1495 2510 1720 2567 Patrum
1751 2529 1865 2570 cte-

289 2603 401 2659 tus,
427 2595 862 2665 patriarcharum
889 2638 903 2664 ,
958 2599 1346 2670 prophetarum
1379 2640 1396 2667 ,
1463 2605 1863 2675 apostolorum,

287 2686 768 2755 evangelistarum,
796 2697 1124 2759 martyrum,
1157 2690 1362 2760 quibus
1394 2707 1498 2746 una
1530 2695 1698 2748 animi
1729 2711 1864 2750 con-

289 2778 546 2833 censione
566 2780 874 2846 credentes,
909 2796 1098 2838 omnes
1145 2794 1334 2860 gentes
1390 2786 1663 2854 adjuncta:
1713 2798 1863 2845 sunt.

292 2867 561 2925 Videbunt
619 2873 763 2925 enim
802 2888 866 2926 ex
913 2875 1058 2927 onmi
1124 2885 1285 2946 gente
1316 2893 1438 2947 qua“:
1465 2879 1568 2934 sub
1592 2882 1733 2936 cmlo
1759 2891 1865 2947 est,

289 2962 532 3029 ejusdem
569 2962 894 3020 Christiana:
915 2966 1030 3021 lidci
1059 2969 1366 3024 rationibus
1395 2972 1691 3028 obstrictos
1719 2989 1860 3029 esse.

289 3059 477 3130 Neque
502 3061 646 3115 enim
669 3061 826 3115 aliter
861 3061 970 3128 llat,
1002 3070 1062 3117 ut
1109 3065 1291 3119 omnis
1328 3067 1544 3133 generis
1584 3066 1864 3122 hominum
1891 3096 1936 3154 ο

290 3153 582 3207 multitudo
611 3153 1202 3226 innumerabiliumque
1244 3157 1550 3227 linguarum
1587 3160 1860 3228 collectio,

291 3243 347 3298 in
380 3259 545 3300 unum
575 3245 875 3300 verissima:
913 3247 1035 3301 lidei
1097 3263 1319 3303 sensum
1353 3253 1661 3318 conveniat,
1693 3268 1860 3323 quam

288 3335 458 3390 divini
485 3338 722 3406 Spiritus
750 3342 974 3394 numine
996 3350 1156 3408 atque
1171 3341 1373 3396 alllatu.
1403 3341 1862 3412 [inrausnamque

291 3428 450 3492 dico,
499 3428 705 3485 idcirco
756 3431 1023 3485 catholica
1088 3433 1438 3497 (ttiliversalis
1481 3437 1711 3502 scilicet)
1776 3447 1863 3494 est

290 3525 452 3584 atque
468 3527 696 3573 vocatur
728 3516 991 3586 Ecclesia,
1029 3524 1173 3590 quod
1194 3532 1538 3589 monstrosar,
1558 3526 1862 3597 studiisque

289 3625 354 3665 ac
383 3609 566 3666 indole
595 3612 784 3666 scissae
821 3620 988 3682 atque
1038 3624 1302 3685 agrestes,
1340 3617 1858 3673 innumerabilium-

289 3717 398 3769 que
447 3701 755 3770 linguarum
809 3705 1079 3761 universa:
1139 3715 1303 3761 terra:
1358 3717 1569 3778 gentes,
1600 3710 1653 3764 in
1694 3727 1861 3766 unam

293 3794 579 3863 pacilicam
631 3804 687 3853 et
721 3796 1020 3852 salutarem
1064 3797 1224 3853 iidem
1277 3799 1482 3870 Deique
1515 3805 1765 3858 notitiam
1797 3819 1861 3859 ac

291 3887 769 3957 pietatemlaltlore
806 3904 971 3944 sensu
997 3893 1370 3947 consentiant.

366 3980 454 4037 12.
491 3981 778 4038 Credimus
847 3984 1014 4054 igitur
1067 3986 1119 4038 in
1158 4001 1320 4040 unam
1367 3998 1613 4043 sanctam
1668 3989 1859 4044 catho-

289 4071 448 4129 licam
485 4084 538 4130 et
566 4075 925 4146 apostolicam
959 4075 1052 4132 Dei
1093 4078 1418 4146 Ecclesiam,
1464 4081 1518 4135 in
1564 4097 1669 4150 qua
1732 4082 1855 4137 lidei

289 4165 618 4222 rudimentis
653 4169 890 4223 instituti
940 4184 1134 4225 sumus
1166 4189 1180 4224 :
1216 4175 1535 4244 scimusque
1565 4174 1780 4230 Patrem
1808 4183 1863 4231 et

289 4254 488 4312 Filium
520 4265 574 4312 et
605 4257 862 4326 Spiritum
895 4270 1170 4328 sanetum,
1201 4278 1266 4318 ac
1299 4265 1644 4335 haptizamur
1672 4270 1725 4322 in
1762 4284 1861 4322 no-

291 4348 443 4404 mine
483 4347 663 4405 Patris
707 4359 764 4405 et
805 4349 931 4406 Filii
984 4361 1039 4404 et
1084 4351 1326 4424 Spiritus
1364 4358 1587 4411 sancti:
1622 4358 1861 4414 salutare

2032 1963 2124 2017 ta'.
2161 1963 2416 2017 Διδάσκει
2443 1963 2595 2034 ἡμᾶς
2623 1963 2684 2015 τὸ
2720 1961 2999 2032 Σύμϐολον
3031 1960 3314 2017 πιστεύειν
3336 1963 3428 2016 καὶ
3457 1966 3545 2031 είς

1955 2054 2106 2125 μίαν
2129 2053 2310 2122 ἁγίαν
2331 2051 2670 2119 καθολικὴν
2691 2053 2789 2106 καὶ
2822 2052 3243 2120 (incomitth
3262 2053 3367 2106 τοῦ
3396 2053 3543 2108 Θεοῦ

1975 2148 2368 2214 Ἐκκλησίαν.
2419 2146 2494 2199 Οὐ
2540 2145 2767 2200 δύναται
2824 2145 3127 2215 Ἐκκλησία
3173 2147 3206 2215 ἡ
3259 2145 3541 2216 καθολικὴ,

1941 2241 2125 2310 ’μόνον
2160 2239 2428 2310 ὑπάρχειν
2463 2238 2818 2308 ἀποστολική.
2863 2237 2928 2290 Ἦ
2962 2239 3071 2308 γὰρ
3136 2236 3544 2305 παντοδὺναμος

1964 2330 2183 2396 ἐξουσία
2223 2329 2323 2399 τῆς
2363 2328 2628 2396 κεφαλῆς,
2661 2328 2782 2398 ἥτις
2813 2328 2962 2378 ἐστὶν
3005 2329 3032 2378 ὁ
3065 2326 3320 2397 Χριστὸς,
3356 2328 3541 2395 ἴσχυσε

1963 2420 2053 2474 διὰ
2079 2423 2189 2472 τῶν
2212 2420 2530 2473 ἀποστόλων
2551 2419 2640 2471 τὸν
2661 2420 2889 2471 καθόλου
2913 2418 3114 2488 κόσμον
3141 2417 3332 2470 σῶσαι.
3355 2418 3544 2471 Ἔστιν

1965 2513 2059 2567 οὖν
2088 2517 2121 2585 ή
2139 2513 2268 2582 ἁγία
2286 2511 2380 2565 τοῦ
2398 2511 2533 2565 Θεοῦ
2563 2511 2826 2582 καθολικὴ
2862 2510 3178 2581 Ἐκκλησία,
3209 2511 3271 2562 τὸ
3295 2525 3546 2579 συστημα

1965 2607 2073 2658 τῶν
2091 2605 2184 2658 ἀπ’
2211 2603 2405 2666 αἰῶνος
2426 2603 2598 2670 ἁγίων
2627 2604 2908 2673 Πατέρων,
2930 2602 3304 2674 πατριαρχῶν,
3327 2618 3542 2671 προφη·

1965 2699 2095 2761 τῶν,
2127 2697 2462 2761 ἀποστόλων,
2486 2681 2908 2764 εὐαγγελιστῶν,
2931 2695 3246 2764 μαρτύρων,
3273 2689 3351 2758 οἷς
3371 2711 3542 2764 προσ-

1967 2790 2148 2858 ετέθη,
2197 2788 2588 2850 πιστεύσαντες
2643 2787 3008 2856 ὁμοθυμαδὸν.
3062 2785 3239 2839 πάντα
3275 2787 3344 2838 τὰ
3390 2785 3541 2855 ἔθνη.

1977 2881 2279 2950 Ἐθεώρουν
2321 2882 2450 2949 γὰρ,
2480 2881 2563 2932 ὅτι
2594 2881 2657 2931 ὲκ
2707 2878 2905 2940 παντὸς
2937 2879 3127 2945 γένους
3155 2877 3264 2930 τῶν
3297 2878 3402 2930 ὑπο
3448 2878 3542 2929 τον

1967 2973 2192 3044 οὐρανὸν
2221 2972 2314 3024 καὶ
2343 2971 2441 3041 τὴν
2468 2970 2637 3041 αὐτὴν
2659 2971 2766 3023 τῶν
2801 2969 3150 3040 Χριστιανῶν
3178 2968 3362 3021 πίστιν
3384 2967 3542 3038 ἔχου-

1968 3082 2073 3119 σιν.
2113 3065 2275 3117 Ἀνευ
2328 3064 2437 3132 γὰρ
2488 3062 2583 3114 τοῦ
2627 3061 2784 3129 ἁγίου
2852 3060 3168 3129 Πνεύματος
3215 3060 3278 3113 οὐ
3317 3059 3540 3114 δύναται

1969 3157 2250 3224 πάνδημον
2294 3155 2388 3209 καὶ
2443 3154 2850 3225 μυριόγλωσσον
2879 3153 3150 3223 ἄθροισμα
3196 3152 3276 3216 είς
3310 3151 3371 3204 ιν
3403 3151 3541 3221 φρό-

1965 3267 2116 3319 νημα
2145 3249 2244 3317 τῆς
2296 3247 2670 3318 ἁληΘεστάτης
2711 3247 2948 3309 πίστεως
2984 3246 3178 3300 ἐλθεῖν.
3213 3246 3381 3300 Πάλιν
3429 3245 3539 3317 γὰρ

1965 3341 2130 3411 λέγω,
2161 3341 2241 3393 ὅτι
2271 3339 2531 3409 καθολικὴ
2559 3338 2709 3409 παρὰ
2752 3337 2912 3392 τοῦτο
2939 3338 3054 3392 ἐστι
3078 3355 3138 3391 τε
3178 3337 3272 3390 καὶ
3300 3338 3539 3404 λέγεται,

1966 3432 2054 3486 διὰ
2089 3431 2150 3484 τὸ
2178 3431 2444 3484 ἀλλόκοτα
2483 3428 2570 3500 [Ρ.
2605 3427 2735 3500 509]
2769 3429 2864 3482 καὶ
2904 3428 3204 3497 πολυσχιδῆ
3247 3431 3340 3482 καὶ
3372 3429 3540 3497 ἄγρια

1969 3523 2148 3592 πάσης
2178 3522 2276 3590 τῆς
2320 3521 2550 3590 ὑφηλίου
2592 3519 2978 3590 μυριόγλωσσὰ
3005 3537 3065 3572 τε
3116 3519 3268 3588 ἔθνη,
3299 3521 3376 3582 εἰς
3409 3519 3541 3590 μίαν

1968 3614 2250 3686 είρηνικὴν
2291 3612 2387 3668 καὶ
2434 3613 2703 3686 σωτήριον
2741 3611 2926 3667 πίστιν
2966 3628 3026 3666 τε
3073 3613 3168 3667 καὶ
3210 3609 3544 3681 θεογνωσίαν

1967 3725 2126 3764 ειναι.

2042 3985 2128 4056 ιβ’.
2170 3981 2505 4050 Πιττεύομεν
2526 3979 2813 4050 τοιγαροῦν
2847 3982 2923 4045 είς
2953 3980 3085 4049 μίαν
3125 3980 3287 4048 ἁγίαν
3319 3981 3540 4034 καθολι-

1970 4078 2072 4151 κὴν
2095 4079 2189 4131 καὶ
2215 4072 2576 4144 ἁποστολεκὴν
2591 4072 2685 4126 τοῦ
2703 4071 2838 4126 Θεοῦ
2865 4072 3211 4141 Ἐκκλησίαν,
3232 4075 3290 4126 ὲν
3369 4074 3538 4144 μαθη-

1966 4171 2225 4239 τευθῆναι
2255 4171 2312 4224 ὲν
2339 4171 2407 4237 τῇ
2439 4167 2764 4237 κατηχήσει.
2805 4165 2914 4219 Kal.
2944 4165 3286 4232 γινώσκομεν
3319 4167 3542 4238 Πατέρα

1968 4266 2063 4317 καὶ
2090 4262 2219 4315 Υἱδν
2245 4260 2334 4313 καὶ
2364 4259 2519 4325 ἁγιον
2550 4257 2798 4327 Πνεῦμα.
2827 4259 2936 4312 Kal.
2967 4257 3342 4328 βαπτιζόμεθα
3365 4261 3444 4323 εἰς
3478 4261 3542 4313 τὸ

1967 4355 2138 4424 ὄνομα
2166 4353 2262 4406 τοῦ
2297 4352 2505 4422 ῐιατρὸς
2529 4350 2622 4403 καὶ
2645 4349 2738 4402 τοῦ
2770 4348 2900 4402 Υίοῦ
2932 4349 3027 4402 καὶ
3051 4349 3146 4402 τοῦ
3180 4350 3336 4417 ἁγίου
3364 4351 3539 4405 Πνεῦ-

289 4455 510 4510 quoque
533 4456 736 4512 corpus
765 4449 820 4498 et
870 4445 1193 4513 sanguinem
1247 4448 1516 4503 sumimus
1562 4446 1684 4502 Filii
1744 4449 1859 4514 Dei,

1969 4458 2172 4513 ματος·
2211 4441 2307 4495 καὶ
2355 4438 2792 4510 μεταλαμῦὶνειν
2839 4435 2931 4490 τοῦ
2967 4439 3236 4510 σωτηρίου
3290 4437 3542 4510 σώματος

289 4531 387 4603 qui
417 4544 639 4605 propter
673 4549 775 4590 nos
831 4535 1174 4606 beneplacito
1233 4536 1414 4590 Patris
1470 4539 1635 4594 homo
1680 4543 1855 4595 lactus

289 4633 398 4690 est,
429 4634 484 4682 et
506 4642 606 4696 pro
631 4627 794 4682 nobis
819 4635 1070 4683 mortuus
1103 4637 1186 4684 est
1221 4649 1233 4686 :
1274 4630 1571 4703 divinaque
1596 4643 1648 4688 et
1679 4633 1856 4689 Evan-

289 4717 463 4789 gelica
499 4717 620 4789 ejus
663 4719 916 4775 mandata
944 4720 1206 4776 docemur
1236 4737 1493 4790 servare;
1529 4726 1857 4798 divinasun

289 4809 609 4882 Scripturas
642 4811 853 4868 Veteris
881 4828 946 4869 ac
966 4812 1101 4868 Novi
1134 4812 1496 4882 Testameuti,
1528 4831 1677 4872 certa
1710 4819 1854 4875 veri-

289 4909 403 4960 tate
431 4905 716 4975 recipere;
767 4906 972 4975 quibus
1009 4908 1253 4962 animum
1293 4909 1484 4963 sedulo
1516 4910 1860 4977 adhibentes,

291 4995 361 5050 ad
425 5005 673 5054 nostram
739 4999 1082 5070 aliorumque
1138 5001 1456 5068 utilitatem,
1506 5001 1629 5056 lldei
1680 5001 1864 5058 bona:-

287 5103 399 5161 que
431 5091 790 5147 conscientia:
815 5101 1196 5162 argumentum
1235 5109 1509 5149 meremur
1556 5093 1758 5150 facere.

365 5273 452 5331 l5.
507 5274 624 5330 Jam
691 5293 852 5342 vero,
901 5279 995 5348 qui
1043 5278 1158 5333 haec
1206 5278 1309 5333 lldc
1359 5279 1573 5348 riteque
1632 5278 1860 5333 scrutati

295 5372 446 5434 sunt,
502 5370 681 5424 sancti
719 5369 906 5425 Patres
955 5371 1131 5424 nostri
1177 5384 1241 5423 ac
1291 5368 1540 5424 veritatis
1583 5367 1860 5433 doctores,

294 5461 604 5516 docuerunt
636 5479 759 5529 nos,
791 5479 1028 5533 quonam
1053 5461 1214 5517 modo
1242 5461 1470 5516 colenda
1500 5468 1630 5516 sunt
1653 5475 1714 5514 ac
1732 5458 1866 5514 ado-

297 5553 469 5610 randa
518 5555 785 5610 salutaria
832 5556 989 5626 signa
1044 5554 1164 5610 lidci
1218 5569 1281 5608 ac
1332 5555 1601 5625 pignora;
1654 5551 1863 5607 Christi

1964 4535 2058 4589 καὶ
2089 4534 2321 4604 αἵματος
2345 4531 2439 4584 τοῦ
2464 4530 2596 4585 Υἱοῦ
2622 4531 2713 4585 τοῦ
2755 4529 2912 4596 Θεοῦ,
2941 4530 3036 4585 τοῦ
3072 4531 3138 4586 δέ
3166 4533 3317 4602 ἡμᾶς
3343 4534 3408 4602 τῇ
3445 4533 3540 4587 τοῦ

1964 4629 2178 4699 Πατρδς
2213 4626 2434 4696 εὐδοκία
2469 4623 3011 4693 ἑνανθρωπήσαντος,
3048 4624 3145 4678 καὶ
3175 4624 3538 4690 ἀποθανόντος

1963 4721 2105 4792 ὑπὲρ
2144 4719 2336 4790 ἡμῶνο
2371 4715 2720 4772 διδάσκεσθαι
2755 4715 2809 4766 δὲ
2839 4715 2933 4768 καὶ
2963 4717 3226 4786 πράττειν
3261 4716 3359 4780 τὰς
3387 4717 3538 4781 Θείας

1962 4811 2128 4870 αὑτοῦ
2154 4811 2248 4864 καὶ
2286 4808 2651 4877 εὖαγγελικὰς
2702 4805 2927 4870 ἐντολάς
2950 4821 2964 4836 °
3001 4805 3453 4878 παραλαμϐάνειν
3478 4825 3541 4865 τε

1967 4905 2228 4975 ἀσφαλῶς
2262 4902 2656 4966 θεοπνεύστους
2680 4901 2902 4972 Γραφὰς
2927 4902 3027 4972 τῆς
3054 4900 3298 4965 Παλαιᾶς
3320 4901 3415 4955 καὶ
3441 4901 3541 4971 τῆς

1969 4999 2178 5069 Καινῆς
2203 4996 2503 5067 Διαθήκης,
2551 4995 2620 5049 δι’
2652 4989 2727 5049 ὧν
2761 4995 2850 5047 ἀεὶ
2877 4992 3060 5057 αὔξειν
3099 4994 3178 5057 είς
3210 4993 3394 5047 πίστιν
3447 4995 3544 5048 καὶ

1971 5091 2185 5159 ἀγαθὴν
2237 5087 2563 5156 συνείδησιν,
2607 5088 2635 5140 ὁ
2689 5085 2969 5156 ἐπιμελῶς
3027 5087 3310 5156 προσέχων
3350 5087 3540 5149 aeri;

1974 5183 2324 5250 καταξιοῦται
2359 5182 2494 5251 πρός
2517 5198 2577 5233 τε
2609 5180 2802 5235 ιαυτοῦ
2827 5180 2919 5233 καὶ
2945 5178 3116 5232 ἀλλων
3145 5178 3433 5246 ὠφέλειαν.

2047 5279 2136 5344 ιγ.
2178 5272 2379 5328 Λοιπὸν
2419 5269 2596 5325 ταῦτα
2638 5272 2688 5323 οἱ
2722 5267 2931 5330 πιστῶς
2981 5269 3075 5320 καὶ
3119 5265 3293 5336 ὀρθῶς
3319 5267 3544 5335 ἔρευνήο

1973 5382 2186 5429 σαντες,
2218 5364 2266 5415 οἱ
2312 5363 2454 5428 ἁγιοι
2497 5359 2654 5432 ἡμῶν
2689 5359 2931 5429 [Ιατέρες
2971 5358 3066 5412 καὶ
3112 5358 3210 5426 τῆς
3261 5355 3543 5420 εὐσεϐείας

1973 5453 2306 5516 διδάσκαλοι,
2334 5450 2577 5514 ἐδίδαξαν
2607 5449 2753 5518 ἡμᾶς
2779 5447 2858 5517 τῷ
2884 5449 3022 5516 ποίῳ
3049 5446 3234 5517 τρόπῳ
3257 5445 3545 5515 ὀφείλομεν

1981 5546 2158 5603 σέϐειν
2199 5547 2290 5601 καὶ
2323 5546 2646 5614 προσκυνεῖν
2678 5542 2745 5595 τὰ
2783 5542 3026 5611 σωτήρια
3063 5537 3304 5609 σύμδολα
3334 5537 3432 5608 τῆς
3463 5537 3543 5590 πί·

373 5741 413 5776 ⁸¹
443 5738 606 5796 Joan.
657 5757 695 5804 r,
751 5743 833 5797 l8.
914 5745 956 5777 ⁸³
996 5740 1183 5796 l'l‘im.
1219 5755 1300 5805 ιιι,
1345 5741 1430 5798 l3.
1512 5738 1620 5793 "ll
1653 5736 1794 5793 Tim.
1821 5752 1892 5802 tv,
1924 5735 1972 5789 l.
