4066 6040
357 199 455 268 ιιι
1354 204 1448 264 EX
1490 203 1911 264 MIRACULIS
1955 203 2331 267 DEMETRII
2365 207 2584 268 MART.
3512 212 3616 276 522

353 317 580 382 pretiosa
606 314 930 383 supellectile
969 334 982 370 :
1013 333 1128 370 cum
1167 317 1292 384 ipse,
1325 321 1554 387 sociique
1587 319 1641 370 in
1682 333 1803 372 eum
1853 316 2070 370 modum
2094 321 2334 386 :servati,
2363 335 2482 373 cum
2521 322 2740 389 captivis
2782 319 2904 374 aliis
2940 319 3223 375 Saracenis
3246 321 3364 387 pari
3394 337 3615 378 numero

358 404 505 458 Tarsi
533 406 588 459 in
626 405 827 460 Cilicia
860 421 924 462 ex
955 423 1098 460 more
1123 421 1295 460 essent
1342 404 1726 460 commutandi.
1754 404 1989 459 Dederat
2029 405 2136 461 Leo
2162 407 2394 462 Allatius
2427 409 2482 462 in
2513 406 2833 478 Symmictis
2862 414 2972 463 suis
3001 425 3018 459 .‘
3051 411 3175 463 mihi
3208 410 3318 478 ipse
3343 426 3455 465 mea
3485 429 3616 466 uena

355 494 640 546 versionem
671 494 964 562 composui,
998 511 1091 548 nec
1116 495 1276 563 plura
1304 493 1593 547 admodum
1635 493 1807 563 (clara
1833 493 1968 548 adeo
2001 496 2335 568 narratione)
2364 498 2676 551 adnotanda
2715 498 2872 553 duxi,

422 579 556 634 Erat
580 582 730 634 aliud
755 587 895 650 quod
927 583 1267 636 succurrebat
1297 583 1349 636 in
1395 581 1800 646 Thessalonica,
1828 583 2038 649 imperii
2070 601 2163 655 per
2191 570 2300 639 htec
2346 596 2583 653 tempora
2606 586 2849 656 (ipsaque
2889 588 3182 656 anteriora)
3217 590 3405 656 ocello,
3435 606 3621 644 secun-

349 667 532 738 daeque
561 669 846 739 dignitatis
886 673 1120 735 civitate,
1143 671 1207 724 ab
1242 675 1359 739 ipsa
1399 674 1726 739 imperante;
1765 680 1822 724 ut
1849 669 2104 724 nimirum
2144 680 2296 723 tanta
2336 671 2432 722 illa
2463 669 2520 724 S.
2565 667 2796 724 Joannis
2833 670 3318 728 Thessalonicensis
3352 676 3620 743 archiepi-

349 762 514 828 scopi,
545 757 861 814 Iustiniano
889 760 1082 831 Magno
1121 760 1493 832 Mauricioque
1522 760 1961 829 imperatoribus,
2002 759 2059 813 in
2103 775 2200 812 suo
2245 758 2511 812 Demetrio
2532 759 2846 826 proferrem,
2881 763 3226 830 deincepsque
3273 762 3388 814 alia
3423 766 3621 816 secutis

347 848 674 917 temporibus
697 850 804 904 alio
832 863 1048 905 auctore
1063 851 1347 920 producta,
1383 851 1577 918 quibus
1603 867 1703 903 non
1730 849 1890 903 semel
1928 855 2134 902 tentata
2173 849 2389 910 civitas,
2415 849 2528 916 ipso
2565 849 2878 917 quandoque
2908 847 3184 919 Chagano.
3213 852 3314 920 ipsi
3353 849 3621 905 Mauricio

352 938 856 1008 formidolosissimo
893 941 1061 1002 hoste.
1086 943 1231 995 omni
1261 951 1453 994 conatu
1479 939 1911 1006 auxiliorumque
1958 938 2112 1007 copia
2136 938 2426 1002 obsidente,
2455 939 2633 991 divina
2664 940 2867 1006 potius.
2896 954 3056 1006 quam
3093 941 3328 994 humana
3363 957 3458 1010 ope
3488 942 3622 995 libe-

354 1037 481 1079 rata
507 1038 586 1080 est
627 1044 648 1080 :
684 1028 884 1097 apertis
941 1029 1124 1098 magni
1183 1029 1436 1082 Demetrii
1501 1027 1824 1089 miraculis;
1869 1025 1984 1095 ejus
2031 1029 2257 1096 generis,
2301 1035 2358 1080 ut
2398 1043 2489 1079 uec
2525 1028 2944 1096 peruicacissimi
2977 1030 3308 1100 maximeque
3335 1030 3625 1097 increduli,

351 1116 512 1185 [idem
545 1116 706 1184 facile
727 1119 955 1172 abnuere
975 1119 1177 1185 possint
1211 1135 1230 1173 :
1260 1135 1419 1188 quam
1451 1119 1508 1172 in
1562 1134 1670 1171 rem
1698 1117 1911 1170 laudati
1940 1117 2042 1169 uiri
2065 1115 2391 1168 sanctissimi
2419 1114 2649 1168 Joannis
2702 1117 3086 1184 archiepiscopi
3125 1118 3391 1170 industria
3423 1122 3626 1190 egregie

345 1205 631 1259 incumbit.
676 1204 794 1259 Etsi
816 1224 920 1261 non
947 1207 1138 1261 desunt
1165 1209 1415 1277 utrinque
1473 1213 1883 1276 stratagemata,
1917 1203 2142 1271 bellique
2177 1205 2426 1272 facinora
2471 1205 2731 1272 prtcclare
2752 1205 2918 1259 edita.
2955 1205 3086 1270 Quae
3116 1206 3255 1275 forte
3281 1209 3480 1275 omnia,
3515 1211 3629 1261 alia

347 1308 384 1346 α
431 1309 513 1347 me
570 1296 868 1359 occasione,
919 1307 1074 1350 erunt
1126 1296 1490 1365 producenda,
1522 1306 1581 1349 ut
1619 1306 1668 1350 et
1698 1295 1892 1348 ultima
1938 1293 2178 1365 ejusdem
2230 1291 2376 1346 urbis
2401 1295 2724 1364 expugnatio
2761 1310 2793 1347 a
2827 1292 3031 1348 Joanne
3065 1293 3628 1366 Anaguosta,egregie

347 1381 640 1449 descripta.
674 1381 776 1436 Hic
808 1400 928 1437 vero
950 1387 1273 1452 parcendum
1303 1384 1433 1439 moli
1461 1384 1608 1448 libri,
1637 1400 1728 1453 per
1758 1399 1940 1454 quam,
1969 1397 2033 1436 ne
2057 1391 2213 1436 extra
2260 1391 2431 1435 metas
2465 1383 2752 1452 quidquam
2797 1397 3152 1448 excurrerem,
3176 1385 3307 1436 mihi
3329 1384 3440 1452 ipse
3463 1387 3628 1455 legem

346 1471 617 1537 imposui;
640 1481 692 1525 et
731 1482 786 1524 ut
807 1490 970 1528 unum
993 1475 1258 1528 duntaxat
1288 1490 1351 1527 ex
1387 1475 1561 1543 spisso
1587 1472 1683 1528 illo
1707 1488 1862 1541 opere
1891 1479 2049 1541 caput
2076 1469 2440 1539 prclibarem,
2464 1472 2605 1540 quod
2630 1471 2764 1524 hanc
2793 1471 2968 1539 ipsam
2997 1472 3189 1526 excise:
3222 1473 3368 1526 urbis
3397 1473 3630 1527 Thessa-

347 1561 542 1614 lonictc
569 1559 871 1628 historiam,
905 1575 1136 1618 extremo
1170 1564 1341 1616 limite
1370 1563 1603 1631 attingit.
1658 1559 1767 1615 Cur
1800 1577 1918 1615 vero
1962 1558 2284 1624 Demetrius,
2332 1568 2408 1613 tot
2456 1559 2625 1613 modis
2680 1559 2944 1628 tantisque
2986 1558 3227 1614 hostibus
3256 1561 3383 1613 olim
3421 1575 3632 1616 servam

349 1661 450 1699 sua
506 1649 742 1712 ciuitate,
775 1650 935 1703 semel
967 1661 1015 1703 et
1055 1651 1246 1703 iterum
1291 1666 1324 1704 a
1378 1647 1580 1703 Christi
1615 1648 1856 1702 hostibus
1888 1647 2051 1716 diripi
2083 1647 2284 1712 siverit,
2331 1663 2614 1718 eorumque
2651 1656 2916 1716 postremo
2952 1647 3112 1714 ﬁrma
3141 1651 3472 1717 possessione
3486 1652 3633 1722 juris

351 1735 490 1804 ﬁeri,
521 1736 635 1789 alta
675 1737 770 1792 Dei
787 1738 999 1808 judicia
1019 1749 1140 1793 sunt
1175 1754 1192 1792 :
1225 1755 1260 1790 a
1291 1738 1479 1807 quibus
1501 1746 1551 1791 et
1591 1736 1744 1790 nobis
1776 1737 1967 1790 merito
2002 1734 2294 1790 timendum
2336 1735 2426 1792 sit.

524 2051 627 2106 ΕΚ
663 2053 801 2106 ΤΩΝ
863 2053 996 2106 ΤΟΥ
1035 2051 1479 2106 ΑΘΛΟΦΟΡΟΥ
1525 2051 1946 2108 ΔΗΜΗΤΡΙΟΥ
1975 2050 2077 2104 ΕΝ
2120 2048 2396 2116 ΜΕΡΙΚῌ
2425 2051 2786 2106 ΔῙΗΓΗΣΕΙ
2820 2052 2910 2107 ΘΔ
2926 2053 3445 2109 ΥΜΑΤΟΥΡΓΙΩΝ.

1609 2322 1730 2384 EX
1777 2320 2368 2385 TRIUMPHALIS

741 2445 1178 2508 MARTYRIS
1221 2445 1660 2508 DEMETRU
1731 2445 2239 2511 SIGILLATIM
2308 2445 2733 2508 NARRATIS
2786 2446 3274 2514 MIRACULIS.

429 2735 519 2811 [Ρ.
551 2736 686 2821 δίε]
727 2742 800 2790 α’.
832 2736 1083 2806 Ἕτερον,
1119 2729 1165 2789 ὦ
1199 2735 1488 2806 παρόντες,
1516 2736 1626 2792 τῶν
1658 2737 1756 2793 τοῦ
1783 2756 1953 2810 μεγα-

2134 2742 2184 2792 1.
2214 2735 2376 2791 Aliud
2401 2749 2567 2806 porro
2603 2733 2950 2803 (auditores)
2991 2734 3176 2803 magni
3210 2737 3470 2806 martyris
3504 2752 3638 2807 pro-

356 2832 704 2906 λομάρτυρος
753 2830 1058 2902 τεραστξων
1100 2831 1274 2900 λέγων
1319 2831 1574 2902 ἔρχομαι,
1627 2834 1736 2887 τῶν
1792 2839 1944 2906 εἰρη-

361 2925 539 2996 μένων
571 2925 717 2994 τάχα
754 2924 856 2977 οὐκ
887 2921 1107 2976 ἔλαττον
1130 2939 1140 2952 ν
1173 2920 1408 2995 [P.315}
1440 2926 1587 2988 ὅπως
1616 2924 1718 2996 μὲν
1747 2928 1782 2997 ή
1813 2929 1951 2981 θεσ-

356 3017 621 3090 σαλονίκη
648 3018 862 3088 χρόνοις
884 3017 1108 3079 πολλοῖς
1141 3017 1407 3088 πρότερον
1444 3017 1546 3072 ὑπὸ
1574 3018 1683 3072 τῶν
1706 3018 1807 3089 τῆς
1826 3021 1949 3075 δού-

355 3113 452 3182 λης
486 3111 637 3167 ἑάλω
683 3111 915 3175 τέκνων,
943 3112 1043 3180 τῆς
1083 3111 1286 3182 Ἀγαρ,
1320 3111 1418 3166 καὶ
1464 3112 1746 3183 μαχαίρας
1789 3113 1952 3184 ἔργον

356 3207 604 3275 εγενετο,
645 3207 877 3267 Λέοντος
920 3204 1306 3284 τὰρκῆπτρα
1349 3205 1650 3274 διέποντος,
1684 3207 1951 3281 κρίμασιν

354 3293 436 3364 οἷς
463 3299 630 3362 αὐτὸς
663 3297 823 3368 μόνος
853 3296 1191 3369 ἀπορρήτοις
1225 3297 1544 3366 ἐπίστασαι,
1566 3297 1776 3370 Κύριε,
1803 3316 1952 3371 παρ-

360 3393 486 3450 ιδὼν
531 3393 602 3448 τὰ
639 3391 892 3452 τοιαῦτα.
923 3390 1020 3445 καὶ
1051 3389 1197 3444 οὕτω
1223 3390 1315 3446 διὰ
1339 3390 1441 3456 τὰς
1461 3393 1739 3463 ἡμετέρας
1765 3393 1951 3464 ἁμαρ-

356 3485 480 3550 τίας
527 3484 790 3553 γενέσθαι
829 3482 1412 3555 διοικονομησάμενος,
1443 3483 1603 3539 ἄλλαι
1633 3502 1695 3538 τε
1733 3486 1953 3550 πάντως

357 3577 583 3649 δηλοῦσι
628 3574 870 3647 γραφαί*
907 3574 1002 3628 καὶ
1032 3576 1068 3645 ἡ
1106 3574 1295 3646 μνήμη
1346 3574 1698 3648 διαρῤἑουσα,
1737 3575 1819 3629 ἔτι
1855 3575 1954 3629 καὶ

360 3667 460 3724 νῦν
484 3671 556 3723 τὰ
588 3666 977 3740 ὲπισυμϐἁντα
1006 3653 1316 3739 τηνικαῦτα
1345 3667 1735 3739 ἐπιτραγῳδεῖ.

432 3853 502 3927 β’.
541 3855 681 3910 Κατ’
707 3853 874 3910 αὐτὸν
900 3853 993 3907 οὖν
1038 3852 1134 3906 τὸν
1173 3853 1367 3923 καιρὸν
1395 3853 1496 3922 τῆς
1535 3852 1810 3917 ἁλώσεως,
1853 3851 1950 3908 ἄν·

358 3948 577 4021 ορωποί
609 3965 755 4013 τινες
809 3945 1118 4002 Ἰταλιῶται
1159 3945 1262 4017 τῆς
1295 3944 1503 4000 ἑαυτῶν
1545 3946 1952 4016 ὲξορμήσαντες

359 4043 532 4115 εὐχῆς
584 4045 794 4108 ἕνεκεν,
827 4042 920 4096 καὶ
983 4041 1224 4112 ἱστορίας
1276 4039 1387 4093 τῶν
1429 4038 1756 4108 ἑκασταχόθι
1782 4040 1947 4106 ναῶν,

359 4106 460 4192 καῖ
594 4136 731 4208 πρὸς
756 4106 889 4191 αὐτὸ
908 4135 969 4188 τὸ
999 4106 1284 4203 ζωτίφόρον
1315 4132 1582 4196 τείνοντες
1614 4106 1825 4201 μνῆμα,
1851 4133 1948 4203 τὴν
1981 4106 2023 4162 Β

359 4233 493 4290 εὐθὺ
515 4234 655 4298 τέως
685 4232 781 4288 τοῦ
811 4232 1112 4304 μαρτυρίου
1133 4231 1389 4304 ἀνῄεσαν.
1419 4229 1528 4284 Καὶ
1550 4230 1780 4301 ἐπείπερ
1807 4227 1948 4282 αὐτά

357 4323 428 4397 δὴ
469 4326 595 4379 τότε
641 4325 713 4378 τὰ
740 4323 944 4397 Τέμπη
978 4323 1241 4388 διεξιέναι
1277 4320 1487 4385 τούτοις
1519 4320 1675 4390 ἔτυχε
1719 4319 1790 4373 τὰ
1812 4320 1945 4373 Θετ-

359 4415 586 4480 ταλικὰ,
605 4415 751 4487 ἀνήρ
773 4431 859 4478 τις
880 4415 1161 4484 ἄγνωστος
1181 4413 1365 4477 αὐτοῖς
1392 4412 1659 4482 πρότερον
1681 4412 1773 4464 καὶ
1797 4409 1950 4464 οὔπω

359 4508 722 4580 τεθεαμένος,
777 4509 1100 4580 καθεωρᾶτο
1148 4505 1583 4576 συνοδοιπορῶν,
1619 4503 1806 4567 πολιὸς
1851 4506 1951 4576 τὴν

360 4602 550 4675 τρίχα,
581 4603 682 4675 τὴν
713 4602 838 4676 ὄψιν
873 4603 1080 4675 ἱλαρὸς,
1109 4601 1212 4671 τὴν
1250 4599 1550 4672 περιϐολὴν
1585 4597 1785 4667 σεμνός
1807 4612 1820 4624 ⁸
1854 4597 1950 4656 καὶ

362 4697 430 4768 τῇ
483 4696 585 4770 θέᾳ
625 4697 788 4769 μόνῃ,
833 4695 971 4750 πολὺ
1021 4694 1084 4748 τὸ
1141 4693 1440 4763 σεσάσμιον
1490 4691 1807 4759 ὑποφαίνων
1856 4692 1953 4744 καὶ

365 4789 565 4855 πρᾶον.
608 4787 743 4846 Εἶτα
796 4789 986 4861 ῐτερός
1031 4804 1114 4852 τις
1157 4785 1414 4856 ἐφαίνετο
1459 4785 1597 4855 πρὸς
1646 4781 1844 4844 αὐτοὺς
1886 4783 1951 4835 ὲκ

363 4887 460 4945 τοῦ
491 4886 686 4959 πρόσω
724 4880 920 4946 ἐπιὼν,
968 4881 1203 4948 ίππότης
1231 4877 1432 4949 ὡραῖος
1482 4875 1580 4947 μὲν
1603 4875 1702 4928 ὅσα
1748 4873 1949 4926 θεάσα-

369 4977 521 5039 σθαι,
559 4972 656 5027 καὶ
700 4969 836 5025 πολὺ
865 4969 927 5022 τὸ
971 4969 1038 5022 ἐκ
1086 4965 1302 5036 φύσεως
1332 4965 1626 5035 ἐπιτερπὲς
1675 4963 1814 5032 ἔχων
1857 4962 1954 5016 καὶ

372 5067 596 5139 χωρίον’
631 5062 886 5134 κατηφὴς
926 5060 985 5116 δὲ
1029 5063 1124 5114 καί
1157 5058 1558 5130 μαραινόμενον
1588 5057 1649 5110 τὸ
1685 5056 1782 5122 τῆς
1823 5071 1949 5124 φαις

373 5161 636 5231 δρότητος
661 5153 943 5224 ὑποδηλῶν
974 5151 1240 5225 χαροπόν,
1267 5151 1364 5204 καὶ
1395 5149 1586 5220 ὥσπερ
1617 5148 1725 5202 τινὶ
1765 5147 1953 5201 πένθει

374 5252 745 5323 ἁπαρακλήτῳ
766 5247 1076 5317 κατασεδλη
1085 5244 1246 5318 μένον
1269 5245 1364 5298 καὶ
1390 5240 1920 5311 ἐπιστυγναςόμενον
1937 5257 1950 5269 '

377 5346 457 5413 ὃς,
482 5344 678 5416 ὁμοίαν
717 5345 781 5414 τῇ
809 5340 931 5410 ὕψει
964 5339 1060 5394 καὶ
1091 5336 1276 5408 φωνὴν
1319 5335 1500 5403 ἀφεὶς,
1540 5332 1953 5406 προσηγόρευσέ

379 5452 436 5490 τε
469 5436 735 5508 πρότερον
763 5433 856 5486 τὸν
895 5429 1232 5503 πρεσὸύτην,
1261 5425 1558 5498 Ἀχίλλειον
1596 5422 1787 5477 τοῦτον
1822 5440 1957 5476 κατ-

382 5531 676 5601 οωμὰσας,
731 5529 847 5588 καὶ.
904 5525 1030 5580 Ποῦ
1080 5522 1347 5592 (opsum
1383 5519 1636 5590 ἐπήρετο.
1701 5517 1845 5587 Ἐγὼ
1884 5514 1953 5570 δὲ

385 5619 498 5688 τὴν
525 5621 672 5691 πρὸς
704 5618 802 5684 σέ,
847 5618 928 5684 ὡς
961 5613 1126 5686 δρᾷς,
1159 5614 1380 5678 διεξίω.
1421 5612 1529 5666 Καὶ
1569 5612 1597 5664 ὁ
1642 5608 1954 5681 πρεσϐύτης

387 5713 698 5786 περιχαρῶς
742 5708 1256 5777 ἀντασπασάμενος,
1290 5708 1602 5777 Δημήτριον
1641 5703 1829 5757 τοῦτον
1860 5717 1959 5757 κα·

704 5814 975 5874 Ριτιοι.
1025 5810 1144 5870 Gn.
1192 5807 1322 5868 CIX

2052 2829 2325 2901 digiorum
2362 2836 2692 2883 narraturus
2729 2827 2930 2882 accedo
2980 2845 2995 2859 -
3034 2831 3180 2898 quod
3211 2829 3414 2898 ipsum,
3447 2847 3636 2888 eorum

2053 2938 2174 2994 quae
2192 2923 2336 2978 dicta
2361 2929 2512 2988 sunt,
2542 2921 2678 2976 nulli
2707 2919 2940 2974 forsitan
2962 2919 3157 2975 cedere
3185 2922 3460 2979 videatur.
3492 2925 3637 2980 Sane

2053 3032 2215 3086 quem
2248 3016 2301 3071 in
2339 3016 2560 3071 modum
2594 3023 2721 3069 ante
2745 3027 2920 3069 annos
2959 3014 3144 3083 plures
3187 3016 3320 3071 urbs
3347 3016 3638 3074 Thessalo-

2055 3109 2201 3175 nica,
2222 3109 2291 3164 ιώ
2322 3107 2535 3162 ancillas
2556 3105 2684 3162 ﬁliis
2720 3106 2781 3176 (ἰ
2834 3122 2884 3160 e.
2921 3105 3101 3177 Agar)
3133 3114 3294 3179 capta
3328 3107 3492 3165 fuerit
3521 3112 3640 3178 gla-

2053 3202 2258 3273 dioque
2286 3201 2495 3266 excisa,
2549 3198 2732 3257 Leone
2783 3198 3000 3268 imperii
3055 3207 3268 3271 sceptra
3318 3201 3639 3258 moderante

2056 3293 2279 3366 (quibus
2309 3300 2368 3348 tu
2401 3294 2556 3349 solus
2584 3291 2702 3362 ipse
2728 3289 3222 3360 inenarrabilibus,
3251 3289 3503 3359 Domine,
3540 3310 3640 3351 no-

2053 3388 2126 3444 sti
2159 3387 2410 3458 iudiciis.
2446 3385 2577 3440 talia
2627 3385 2719 3439 illa
2772 3385 3105 3452 despiciens,
3149 3385 3316 3455 inque
3345 3403 3467 3442 eum
3519 3405 3639 3443 mo-

2054 3483 2208 3547 dum,
2240 3489 2394 3536 certa
2425 3477 2646 3534 consilii
2688 3477 2924 3539 ratione,
2956 3477 3028 3533 ob
3058 3477 3267 3533 scelera
3302 3489 3516 3542 nostra,
3545 3497 3635 3537 res

2053 3573 2275 3630 evenire
2301 3571 2648 3641 disponens),
2677 3577 2791 3622 tum
2818 3568 2912 3621 alii
2941 3568 3165 3622 omnino
3191 3569 3485 3639 conscripti
3512 3571 3638 3625 libri

2055 3665 2278 3730 docent,
2306 3671 2421 3717 tum
2448 3660 2714 3717 memoris
2746 3658 3025 3721 dimuens,
3049 3673 3112 3712 ea
3140 3673 3264 3728 quae
3300 3669 3432 3714 tunc
3455 3665 3638 3715 conti-

2055 3763 2277 3828 gerunt,
2301 3756 2604 3811 etiamnum
2641 3751 3072 3807 Iamentabiliter
3100 3749 3280 3806 deﬂet.

2124 3849 2181 3904 2.
2217 3848 2342 3919 ipso
2371 3848 2540 3917 igitur
2569 3855 2817 3915 tempore
2839 3857 2948 3914 quo
2974 3852 3132 3914 capta
3163 3842 3296 3900 urbs
3336 3861 3401 3901 ac
3425 3846 3636 3917 direpta

2054 3951 2164 4005 est.
2194 3942 2296 3997 viri
2333 3941 2558 4012 quidam
2621 3937 2762 4002 itali,
2804 3935 2920 3990 voti
2963 3949 3156 4001 causa,
3184 3949 3217 3990 e
3245 3938 3363 3990 suis
3414 3937 3640 3993 sedibus

2056 4035 2345 4105 patriaque
2377 4030 2634 4103 profecti,
2659 4031 2793 4086 etad
2820 4026 3161 4094 lustrandas,
3189 4043 3314 4098 qua:
3329 4029 3453 4082 aliis
3479 4031 3637 4086 aliis-

2053 4141 2160 4197 que
2211 4125 2348 4182 locis
2395 4132 2658 4190 exstant,
2696 4122 3039 4178 venerandas
3095 4121 3240 4176 aedes
3286 4135 3350 4176 ac
3409 4123 3634 4192 templs.

2055 4218 2233 4289 Hique
2279 4219 2440 4284 adeo,
2488 4232 2614 4271 cum
2663 4213 2941 4270 viviﬁcum
2993 4213 3173 4282 ipsum
3217 4221 3636 4268 monumentum

2056 4311 2244 4365 animo
2299 4309 2699 4374 destinassent,
2753 4314 2904 4362 recta
2950 4306 3216 4359 hactenus
3264 4303 3330 4357 ad
3377 4306 3639 4376 martyris

2052 4402 2247 4467 sedem,
2278 4403 2382 4457 iter
2407 4393 2833 4456 contendebant.
2865 4397 3136 4466 Quodque
3165 4397 3280 4466 jam
3313 4394 3634 4453 Thessalica

2053 4496 2171 4568 ipsa
2204 4494 2408 4564 Tempe
2445 4494 2718 4548 transisse
2753 4506 2850 4547 eos
2900 4491 3229 4560 contigerat,
3270 4491 3354 4544 vir
3387 4491 3635 4558 quidam.

2055 4588 2192 4658 ipsis
2243 4587 2397 4656 prius
2447 4585 2688 4655 ignotus,
2736 4598 2799 4637 ac
2851 4595 3015 4655 quem
3071 4580 3312 4636 nondum
3363 4582 3634 4643 viderant.

2055 4697 2163 4736 una
2197 4682 2279 4738 eis
2310 4683 2411 4736 viae
2441 4694 2628 4737 comes
2650 4679 2873 4748 adiungi
2902 4677 3262 4746 conspicitur,
3290 4675 3407 4746 ipse
3436 4691 3632 4735 canus.

2056 4775 2216 4831 hilari
2251 4774 2424 4833 vultu.
2459 4774 2610 4844 gravi
2639 4772 2998 4837 modesmque
3027 4770 3231 4822 amictu
3260 4785 3275 4832 ;
3327 4781 3391 4821 ac
3431 4770 3525 4838 qui
3568 4784 3632 4824 ex

2055 4867 2176 4936 ipso
2203 4878 2297 4920 ore
2333 4862 2700 4920 venerabilem
2733 4861 3030 4918 admodum
3078 4861 3375 4928 mitemque
3408 4858 3636 4929 prafer-

2054 4970 2158 5013 ret.
2193 4955 2446 5027 Tumque
2498 4956 2642 5010 alius
2685 4954 2909 5025 quidam
2939 4967 3108 5023 eques
3135 4951 3399 5013 cernitur,
3440 4950 3577 5020 ipsis
3605 4970 3634 5005 ιι

2055 5049 2240 5105 fronte
2273 5061 2577 5104 occurrens
2607 5066 2621 5110 -,
2657 5046 2774 5116 ipse
2803 5042 3050 5114 quidem,
3084 5049 3350 5112 quantum
3377 5050 3635 5109 aspectus

2057 5144 2305 5207 ferebat
2356 5143 2633 5198 formosus
2665 5182 2678 5206 ,
2725 5137 2900 5210 exque
2942 5137 3127 5192 indole
3152 5138 3433 5204 iucundus
3479 5137 3634 5191 valde

2056 5238 2372 5308 multasque
2399 5236 2604 5306 gratias
2631 5234 2876 5301 habens;
2919 5248 3044 5286 cum
3071 5231 3195 5300 ejus
3225 5233 3406 5284 vultus
3425 5230 3630 5296 jucun»

2057 5330 2287 5385 ditatem
2348 5327 2522 5384 oﬂusa
2549 5325 2869 5383 mestitudo
2901 5325 3177 5393 obtegeret
3226 5337 3504 5393 propeque
3550 5339 3636 5374 ex.

2062 5424 2386 5494 stingueret,
2409 5437 2472 5476 ac
2497 5421 2646 5475 velut
2671 5420 2818 5473 luctu
2849 5416 3084 5487 quodam
3107 5416 3508 5481 inconsolabiii,
3543 5430 3634 5486 ge-

2062 5517 2264 5573 mentis
2289 5515 2479 5570 liabitu
2515 5522 2784 5584 gestuque
2821 5512 2995 5582 ipsius
3027 5512 3118 5564 lux
3159 5510 3397 5579 collapsa
3439 5518 3584 5565 esset
3617 5525 3637 5563 :

2060 5607 2150 5662 cui
2174 5616 2227 5662 et
2261 5606 2473 5662 affinem
2506 5619 2695 5660 vocem
2723 5603 2914 5669 edens,
2944 5611 3069 5658 ante
3098 5603 3278 5656 omnia
3305 5602 3456 5671 gravi
3479 5611 3641 5655 minus

2066 5714 2252 5759 senem
2303 5698 2454 5755 illum
2491 5697 2837 5768 (Achilleum
2874 5696 3105 5766 iocans)
3140 5711 3204 5748 sc
3247 5709 3486 5762 quonam
3535 5691 3639 5748 iret

3209 5791 3282 5850 17
