  <div class='ocr_page' id='page_1' title='image "/cluster/home/n/w/nwhite01/storage/ocr_20150623/109/mdp.39015032333737/269.png"; bbox 0 0 4066 6040; ppageno 0'>
   <div class='ocr_carea' id='block_1_1' title="bbox 424 254 527 319">
    <p class='ocr_par' dir='ltr' id='par_1_1' title="bbox 424 254 527 319">
     <span class='ocr_line' id='line_1_1' title="bbox 424 254 527 319; baseline 0.01 -1"><span class='ocrx_word' id='word_1_1' title='bbox 424 254 527 319; x_wconf 77' lang='grc'><strong>527</strong></span> 
     </span>
    </p>
   </div>
   <div class='ocr_carea' id='block_1_2' title="bbox 1680 233 2482 303">
    <p class='ocr_par' dir='ltr' id='par_1_2' title="bbox 1680 233 2482 303">
     <span class='ocr_line' id='line_1_2' title="bbox 1680 233 2482 303; baseline -0.011 -2"><span class='ocrx_word' id='word_1_2' title='bbox 1680 233 2015 303; x_wconf 77' lang='lat' dir='ltr'><strong>JOANNES</strong></span> <span class='ocrx_word' id='word_1_3' title='bbox 2050 235 2482 298; x_wconf 73' lang='lat' dir='ltr'><strong>CAMENIATA</strong></span> 
     </span>
    </p>
   </div>
   <div class='ocr_carea' id='block_1_3' title="bbox 3608 220 3709 282">
    <p class='ocr_par' dir='ltr' id='par_1_3' title="bbox 3608 220 3709 282">
     <span class='ocr_line' id='line_1_3' title="bbox 3608 220 3709 282; baseline 0.03 -23"><span class='ocrx_word' id='word_1_4' title='bbox 3608 220 3709 282; x_wconf 64' lang='lat' dir='ltr'><strong>r28</strong></span> 
     </span>
     <span class='ocr_line' id='line_1_4' title="bbox 3608 265 3673 282; baseline 0 0"><span class='ocrx_word' id='word_1_5' title='bbox 3608 265 3673 282; x_wconf 59' lang='grc' dir='ltr'><strong>με</strong></span> 
     </span>
    </p>
   </div>
   <div class='ocr_carea' id='block_1_4' title="bbox 3606 265 3673 287">
    <p class='ocr_par' dir='ltr' id='par_1_4' title="bbox 3606 265 3673 287">
     <span class='ocr_line' id='line_1_5' title="bbox 3606 265 3673 287; baseline -0.045 0"><span class='ocrx_word' id='word_1_6' title='bbox 3606 265 3673 287; x_wconf 59' lang='grc' dir='ltr'><strong>νε</strong></span> 
     </span>
    </p>
   </div>
   <div class='ocr_carea' id='block_1_5' title="bbox 422 338 2021 450">
    <p class='ocr_par' dir='ltr' id='par_1_5' title="bbox 422 350 2010 450">
     <span class='ocr_line' id='line_1_6' title="bbox 422 350 2010 450; baseline -0.014 -28"><span class='ocrx_word' id='word_1_7' title='bbox 422 363 687 429; x_wconf 82' lang='lat' dir='ltr'><strong>trutinas,</strong></span> <span class='ocrx_word' id='word_1_8' title='bbox 734 356 881 433; x_wconf 83' lang='lat' dir='ltr'><strong>quod</strong></span> <span class='ocrx_word' id='word_1_9' title='bbox 925 356 1195 450; x_wconf 66' lang='lat' dir='ltr'><strong>orationis</strong></span> <span class='ocrx_word' id='word_1_10' title='bbox 1242 354 1412 425; x_wconf 83' lang='lat' dir='ltr'><strong>hujus</strong></span> <span class='ocrx_word' id='word_1_11' title='bbox 1453 350 1775 406; x_wconf 79' lang='lat' dir='ltr'><strong>indecorum</strong></span> <span class='ocrx_word' id='word_1_12' title='bbox 1824 355 1912 405; x_wconf 89' lang='lat' dir='ltr'><strong>est</strong></span> <span class='ocrx_word' id='word_1_13' title='bbox 1946 360 2010 401; x_wconf 89' lang='lat' dir='ltr'><strong>ae</strong></span> 
     </span>
    </p>
   </div>
   <div class='ocr_carea' id='block_1_6' title="bbox 2124 338 3705 450">
    <p class='ocr_par' dir='ltr' id='par_1_6' title="bbox 2124 338 3705 412">
     <span class='ocr_line' id='line_1_7' title="bbox 2124 338 3705 412; baseline -0.005 -13"><span class='ocrx_word' id='word_1_14' title='bbox 2124 347 2204 401; x_wconf 70' lang='grc' dir='ltr'><strong>λον</strong></span> <span class='ocrx_word' id='word_1_15' title='bbox 2233 346 2328 399; x_wconf 81' lang='grc' dir='ltr'><strong>καὶ</strong></span> <span class='ocrx_word' id='word_1_16' title='bbox 2359 343 2559 406; x_wconf 68' lang='grc' dir='ltr'><strong>παντὸς</strong></span> <span class='ocrx_word' id='word_1_17' title='bbox 2592 340 2883 412; x_wconf 79' lang='grc' dir='ltr'><strong>ἀλλοτρίαν</strong></span> <span class='ocrx_word' id='word_1_18' title='bbox 2919 340 3011 394; x_wconf 78' lang='grc' dir='ltr'><strong>καὶ</strong></span> <span class='ocrx_word' id='word_1_19' title='bbox 3034 338 3264 409; x_wconf 78' lang='grc' dir='ltr'><strong>ψεύδους</strong></span> <span class='ocrx_word' id='word_1_20' title='bbox 3297 338 3392 391; x_wconf 72' lang='grc' dir='ltr'><strong>καὶ</strong></span> <span class='ocrx_word' id='word_1_21' title='bbox 3450 338 3705 405; x_wconf 74' lang='grc' dir='ltr'><strong>πλάσμα-</strong></span> 
     </span>
    </p>
   </div>
   <div class='ocr_carea' id='block_1_7' title="bbox 423 443 2014 524">
    <p class='ocr_par' dir='ltr' id='par_1_7' title="bbox 423 443 2014 524">
     <span class='ocr_line' id='line_1_8' title="bbox 423 443 2014 524; baseline -0.014 -11"><span class='ocrx_word' id='word_1_22' title='bbox 423 457 845 521; x_wconf 87' lang='lat' dir='ltr'><strong>incon&#39;cinnum,</strong></span> <span class='ocrx_word' id='word_1_23' title='bbox 900 450 1069 524; x_wconf 70' lang='grc'><strong>489</strong></span> <span class='ocrx_word' id='word_1_24' title='bbox 1128 443 1393 517; x_wconf 64' lang='lat' dir='ltr'><strong>r&#39;cjectum</strong></span> <span class='ocrx_word' id='word_1_25' title='bbox 1432 443 1524 509; x_wconf 89' lang='lat' dir='ltr'><strong>iri,</strong></span> <span class='ocrx_word' id='word_1_26' title='bbox 1576 454 1841 498; x_wconf 88' lang='lat' dir='ltr'><strong>eorumve</strong></span> <span class='ocrx_word' id='word_1_27' title='bbox 1890 452 2014 510; x_wconf 60' lang='lat' dir='ltr'><strong>quae</strong></span> 
     </span>
    </p>
   </div>
   <div class='ocr_carea' id='block_1_8' title="bbox 423 530 2014 611">
    <p class='ocr_par' dir='ltr' id='par_1_8' title="bbox 423 530 2014 611">
     <span class='ocr_line' id='line_1_9' title="bbox 423 530 2014 611; baseline -0.016 0"><span class='ocrx_word' id='word_1_28' title='bbox 423 566 556 611; x_wconf 83' lang='lat' dir='ltr'><strong>sunt</strong></span> <span class='ocrx_word' id='word_1_29' title='bbox 587 546 821 605; x_wconf 88' lang='lat' dir='ltr'><strong>dicenda</strong></span> <span class='ocrx_word' id='word_1_30' title='bbox 852 542 1208 607; x_wconf 82' lang='lat' dir='ltr'><strong>sententiam,</strong></span> <span class='ocrx_word' id='word_1_31' title='bbox 1257 538 1355 596; x_wconf 86' lang='lat' dir='ltr'><strong>sed</strong></span> <span class='ocrx_word' id='word_1_32' title='bbox 1398 537 1580 606; x_wconf 88' lang='lat' dir='ltr'><strong>potius</strong></span> <span class='ocrx_word' id='word_1_33' title='bbox 1628 547 1816 588; x_wconf 84' lang='lat' dir='ltr'><strong>veram</strong></span> <span class='ocrx_word' id='word_1_34' title='bbox 1852 540 1909 588; x_wconf 90' lang='lat' dir='ltr'><strong>et</strong></span> <span class='ocrx_word' id='word_1_35' title='bbox 1943 530 2014 586; x_wconf 88' lang='lat' dir='ltr'><strong>ab</strong></span> 
     </span>
    </p>
   </div>
   <div class='ocr_carea' id='block_1_9' title="bbox 2120 431 3711 511">
    <p class='ocr_par' dir='ltr' id='par_1_9' title="bbox 2120 431 3711 511">
     <span class='ocr_line' id='line_1_10' title="bbox 2120 431 3711 511; baseline -0.01 -16"><span class='ocrx_word' id='word_1_36' title='bbox 2120 456 2213 505; x_wconf 86' lang='grc' dir='ltr'><strong>τος</strong></span> <span class='ocrx_word' id='word_1_37' title='bbox 2252 439 2353 511; x_wconf 76' lang='grc' dir='ltr'><strong>τὴν</strong></span> <span class='ocrx_word' id='word_1_38' title='bbox 2376 438 2487 491; x_wconf 85' lang='grc' dir='ltr'><strong>τῶν</strong></span> <span class='ocrx_word' id='word_1_39' title='bbox 2524 433 2919 507; x_wconf 70' lang='grc' dir='ltr'><strong>ῥηθησομένων</strong></span> <span class='ocrx_word' id='word_1_40' title='bbox 2940 433 3347 505; x_wconf 82' lang='grc' dir='ltr'><strong>προϐαίνουσαν</strong></span> <span class='ocrx_word' id='word_1_41' title='bbox 3385 431 3711 503; x_wconf 78' lang='grc' dir='ltr'><strong>συγγραφὴν</strong></span> 
     </span>
    </p>
   </div>
   <div class='ocr_carea' id='block_1_10' title="bbox 2119 526 3019 601">
    <p class='ocr_par' dir='ltr' id='par_1_10' title="bbox 2119 526 3019 601">
     <span class='ocr_line' id='line_1_11' title="bbox 2119 526 3019 601; baseline -0.008 -14"><span class='ocrx_word' id='word_1_42' title='bbox 2119 528 2343 600; x_wconf 76' lang='grc' dir='ltr'><strong>ἁπάσης</strong></span> <span class='ocrx_word' id='word_1_43' title='bbox 2369 527 2634 601; x_wconf 72' lang='grc' dir='ltr'><strong>μέμψεως</strong></span> <span class='ocrx_word' id='word_1_44' title='bbox 2663 526 3019 581; x_wconf 77' lang='grc' dir='ltr'><strong>ἀπολύεσθαι.</strong></span> 
     </span>
    </p>
   </div>
   <div class='ocr_carea' id='block_1_11' title="bbox 422 620 3714 708">
    <p class='ocr_par' dir='ltr' id='par_1_11' title="bbox 422 620 3714 708">
     <span class='ocr_line' id='line_1_12' title="bbox 422 620 3714 708; baseline -0.009 -3"><span class='ocrx_word' id='word_1_45' title='bbox 422 646 574 705; x_wconf 86' lang='lat' dir='ltr'><strong>omni</strong></span> <span class='ocrx_word' id='word_1_46' title='bbox 626 639 917 701; x_wconf 86' lang='lat' dir='ltr'><strong>mendacio</strong></span> <span class='ocrx_word' id='word_1_47' title='bbox 956 637 1324 708; x_wconf 82' lang='lat' dir='ltr'><strong>ﬁgmentoque</strong></span> <span class='ocrx_word' id='word_1_48' title='bbox 1368 631 1603 688; x_wconf 85' lang='lat' dir='ltr'><strong>alienam</strong></span> <span class='ocrx_word' id='word_1_49' title='bbox 1648 626 2009 685; x_wconf 85' lang='lat' dir='ltr'><strong>dicendorum</strong></span> <span class='ocrx_word' id='word_1_50' title='bbox 2047 625 2425 683; x_wconf 73' lang='lat' dir='ltr'><strong>narrationem</strong></span> <span class='ocrx_word' id='word_1_51' title='bbox 2464 623 2617 680; x_wconf 91' lang='lat' dir='ltr'><strong>omni</strong></span> <span class='ocrx_word' id='word_1_52' title='bbox 2640 623 2742 679; x_wconf 84' lang='lat' dir='ltr'><strong>abs</strong></span> <span class='ocrx_word' id='word_1_53' title='bbox 2769 630 2823 679; x_wconf 90' lang='lat' dir='ltr'><strong>te</strong></span> <span class='ocrx_word' id='word_1_54' title='bbox 2842 623 3079 678; x_wconf 83' lang='lat' dir='ltr'><strong>crimine</strong></span> <span class='ocrx_word' id='word_1_55' title='bbox 3107 636 3175 677; x_wconf 90' lang='lat' dir='ltr'><strong>ac</strong></span> <span class='ocrx_word' id='word_1_56' title='bbox 3200 621 3325 678; x_wconf 80' lang='lat' dir='ltr'><strong>labe</strong></span> <span class='ocrx_word' id='word_1_57' title='bbox 3391 620 3511 678; x_wconf 77' lang='lat' dir='ltr'><strong>fore</strong></span> <span class='ocrx_word' id='word_1_58' title='bbox 3572 620 3714 675; x_wconf 81' lang='lat' dir='ltr'><strong>libe-</strong></span> 
     </span>
    </p>
   </div>
   <div class='ocr_carea' id='block_1_12' title="bbox 423 742 676 801">
    <p class='ocr_par' dir='ltr' id='par_1_12' title="bbox 423 742 676 801">
     <span class='ocr_line' id='line_1_13' title="bbox 423 742 676 801; baseline -0.02 0"><span class='ocrx_word' id='word_1_59' title='bbox 423 742 676 801; x_wconf 79' lang='lat' dir='ltr'><strong>rendam.</strong></span> 
     </span>
    </p>
   </div>
   <div class='ocr_carea' id='block_1_13' title="bbox 493 819 2015 905">
    <p class='ocr_par' dir='ltr' id='par_1_13' title="bbox 493 819 2015 905">
     <span class='ocr_line' id='line_1_14' title="bbox 493 819 2015 905; baseline -0.012 -12"><span class='ocrx_word' id='word_1_60' title='bbox 493 840 549 893; x_wconf 75' lang='grc'><strong>2.</strong></span> <span class='ocrx_word' id='word_1_61' title='bbox 587 838 720 893; x_wconf 85' lang='lat' dir='ltr'><strong>Data</strong></span> <span class='ocrx_word' id='word_1_62' title='bbox 746 831 981 905; x_wconf 80' lang='lat' dir='ltr'><strong>epistola</strong></span> <span class='ocrx_word' id='word_1_63' title='bbox 1013 829 1230 884; x_wconf 84' lang='lat' dir='ltr'><strong>discere</strong></span> <span class='ocrx_word' id='word_1_64' title='bbox 1259 822 1532 898; x_wconf 72' lang='lat' dir='ltr'><strong>qumsiisti</strong></span> <span class='ocrx_word' id='word_1_65' title='bbox 1561 820 1813 885; x_wconf 89' lang='lat' dir='ltr'><strong>modum,</strong></span> <span class='ocrx_word' id='word_1_66' title='bbox 1848 819 2015 890; x_wconf 82' lang='lat' dir='ltr'><strong>cujus</strong></span> 
     </span>
    </p>
   </div>
   <div class='ocr_carea' id='block_1_14' title="bbox 421 909 2022 1005">
    <p class='ocr_par' dir='ltr' id='par_1_14' title="bbox 421 909 2022 1005">
     <span class='ocr_line' id='line_1_15' title="bbox 421 909 2022 1005; baseline -0.014 -17"><span class='ocrx_word' id='word_1_67' title='bbox 421 933 600 1005; x_wconf 81' lang='lat' dir='ltr'><strong>gratia</strong></span> <span class='ocrx_word' id='word_1_68' title='bbox 654 941 937 985; x_wconf 79' lang='lat' dir='ltr'><strong>carcerein</strong></span> <span class='ocrx_word' id='word_1_69' title='bbox 1006 932 1259 979; x_wconf 91' lang='lat' dir='ltr'><strong>tenemus</strong></span> <span class='ocrx_word' id='word_1_70' title='bbox 1310 916 1791 982; x_wconf 86' lang='lat' dir='ltr'><strong>Barbarorumque</strong></span> <span class='ocrx_word' id='word_1_71' title='bbox 1849 909 2022 967; x_wconf 82' lang='lat' dir='ltr'><strong>dediti</strong></span> 
     </span>
    </p>
   </div>
   <div class='ocr_carea' id='block_1_15' title="bbox 421 1004 2020 1083">
    <p class='ocr_par' dir='ltr' id='par_1_15' title="bbox 421 1004 2020 1083">
     <span class='ocr_line' id='line_1_16' title="bbox 421 1004 2020 1083; baseline -0.014 -3"><span class='ocrx_word' id='word_1_72' title='bbox 421 1004 682 1080; x_wconf 84' lang='lat' dir='ltr'><strong>manibus</strong></span> <span class='ocrx_word' id='word_1_73' title='bbox 737 1032 958 1083; x_wconf 88' lang='lat' dir='ltr'><strong>sumus,</strong></span> <span class='ocrx_word' id='word_1_74' title='bbox 997 1030 1061 1070; x_wconf 88' lang='lat' dir='ltr'><strong>ac</strong></span> <span class='ocrx_word' id='word_1_75' title='bbox 1110 1025 1221 1083; x_wconf 88' lang='lat' dir='ltr'><strong>qua</strong></span> <span class='ocrx_word' id='word_1_76' title='bbox 1272 1010 1490 1065; x_wconf 91' lang='lat' dir='ltr'><strong>ratione</strong></span> <span class='ocrx_word' id='word_1_77' title='bbox 1538 1006 1779 1062; x_wconf 89' lang='lat' dir='ltr'><strong>alienum</strong></span> <span class='ocrx_word' id='word_1_78' title='bbox 1839 1004 2020 1059; x_wconf 86' lang='lat' dir='ltr'><strong>solum</strong></span> 
     </span>
    </p>
   </div>
   <div class='ocr_carea' id='block_1_16' title="bbox 421 1095 2019 1189">
    <p class='ocr_par' dir='ltr' id='par_1_16' title="bbox 421 1095 2019 1189">
     <span class='ocr_line' id='line_1_17' title="bbox 421 1095 2019 1189; baseline -0.016 -13"><span class='ocrx_word' id='word_1_79' title='bbox 421 1116 603 1189; x_wconf 83' lang='lat' dir='ltr'><strong>patrio</strong></span> <span class='ocrx_word' id='word_1_80' title='bbox 635 1108 1136 1173; x_wconf 75' lang='lat' dir='ltr'><strong>commutavimus;</strong></span> <span class='ocrx_word' id='word_1_81' title='bbox 1167 1118 1278 1176; x_wconf 85' lang='lat' dir='ltr'><strong>qua</strong></span> <span class='ocrx_word' id='word_1_82' title='bbox 1309 1103 1438 1157; x_wconf 89' lang='lat' dir='ltr'><strong>item</strong></span> <span class='ocrx_word' id='word_1_83' title='bbox 1471 1099 1578 1155; x_wconf 87' lang='lat' dir='ltr'><strong>orti</strong></span> <span class='ocrx_word' id='word_1_84' title='bbox 1610 1098 1790 1170; x_wconf 88' lang='lat' dir='ltr'><strong>patria</strong></span> <span class='ocrx_word' id='word_1_85' title='bbox 1824 1095 2019 1163; x_wconf 88' lang='lat' dir='ltr'><strong>simus,</strong></span> 
     </span>
    </p>
   </div>
   <div class='ocr_carea' id='block_1_17' title="bbox 421 1187 2021 1281">
    <p class='ocr_par' dir='ltr' id='par_1_17' title="bbox 421 1187 2021 1281">
     <span class='ocr_line' id='line_1_18' title="bbox 421 1187 2021 1281; baseline -0.014 -14"><span class='ocrx_word' id='word_1_86' title='bbox 421 1187 481 1267; x_wconf 79' lang='lat' dir='ltr'><strong>et</strong></span> <span class='ocrx_word' id='word_1_87' title='bbox 529 1223 651 1281; x_wconf 63' lang='lat' dir='ltr'><strong>quae</strong></span> <span class='ocrx_word' id='word_1_88' title='bbox 684 1206 834 1262; x_wconf 91' lang='lat' dir='ltr'><strong>illius</strong></span> <span class='ocrx_word' id='word_1_89' title='bbox 882 1218 972 1258; x_wconf 88' lang='lat' dir='ltr'><strong>res</strong></span> <span class='ocrx_word' id='word_1_90' title='bbox 1008 1200 1206 1271; x_wconf 81' lang='lat' dir='ltr'><strong>quisve</strong></span> <span class='ocrx_word' id='word_1_91' title='bbox 1248 1204 1451 1253; x_wconf 86' lang='lat' dir='ltr'><strong>status.</strong></span> <span class='ocrx_word' id='word_1_92' title='bbox 1484 1189 1701 1248; x_wconf 81' lang='lat' dir='ltr'><strong>Etenim</strong></span> <span class='ocrx_word' id='word_1_93' title='bbox 1746 1187 2021 1259; x_wconf 82' lang='lat' dir='ltr'><strong>conjicere</strong></span> 
     </span>
    </p>
   </div>
   <div class='ocr_carea' id='block_1_18' title="bbox 425 1282 2022 1360">
    <p class='ocr_par' dir='ltr' id='par_1_18' title="bbox 425 1282 2022 1360">
     <span class='ocr_line' id='line_1_19' title="bbox 425 1282 2022 1360; baseline -0.013 -2"><span class='ocrx_word' id='word_1_94' title='bbox 425 1304 613 1360; x_wconf 83' lang='lat' dir='ltr'><strong>aiebas</strong></span> <span class='ocrx_word' id='word_1_95' title='bbox 643 1316 709 1357; x_wconf 82' lang='lat' dir='ltr'><strong>ex</strong></span> <span class='ocrx_word' id='word_1_96' title='bbox 759 1299 913 1356; x_wconf 83' lang='lat' dir='ltr'><strong>brevi</strong></span> <span class='ocrx_word' id='word_1_97' title='bbox 955 1295 1049 1350; x_wconf 88' lang='lat' dir='ltr'><strong>illa</strong></span> <span class='ocrx_word' id='word_1_98' title='bbox 1084 1290 1426 1348; x_wconf 69' lang='lat' dir='ltr'><strong>tubulatione</strong></span> <span class='ocrx_word' id='word_1_99' title='bbox 1453 1302 1585 1358; x_wconf 88' lang='lat' dir='ltr'><strong>qua,</strong></span> <span class='ocrx_word' id='word_1_100' title='bbox 1627 1300 1750 1341; x_wconf 90' lang='lat' dir='ltr'><strong>eum</strong></span> <span class='ocrx_word' id='word_1_101' title='bbox 1786 1299 1883 1355; x_wconf 82' lang='lat' dir='ltr'><strong>per</strong></span> <span class='ocrx_word' id='word_1_102' title='bbox 1920 1282 2022 1337; x_wconf 85' lang='lat' dir='ltr'><strong>viae</strong></span> 
     </span>
    </p>
   </div>
   <div class='ocr_carea' id='block_1_19' title="bbox 424 1376 2023 1459">
    <p class='ocr_par' dir='ltr' id='par_1_19' title="bbox 424 1376 2023 1459">
     <span class='ocr_line' id='line_1_20' title="bbox 424 1376 2023 1459; baseline -0.016 -5"><span class='ocrx_word' id='word_1_103' title='bbox 424 1394 777 1454; x_wconf 70' lang='lat' dir='ltr'><strong>occasionem</strong></span> <span class='ocrx_word' id='word_1_104' title='bbox 828 1387 1096 1459; x_wconf 77' lang='lat' dir='ltr'><strong>Tripolim</strong></span> <span class='ocrx_word' id='word_1_105' title='bbox 1157 1381 1504 1444; x_wconf 85' lang='lat' dir='ltr'><strong>devenisses,</strong></span> <span class='ocrx_word' id='word_1_106' title='bbox 1559 1376 1842 1449; x_wconf 80' lang='lat' dir='ltr'><strong>paululum</strong></span> <span class='ocrx_word' id='word_1_107' title='bbox 1886 1387 2023 1430; x_wconf 75' lang='lat' dir='ltr'><strong>cnn-</strong></span> 
     </span>
    </p>
   </div>
   <div class='ocr_carea' id='block_1_20' title="bbox 424 1468 2019 1559">
    <p class='ocr_par' dir='ltr' id='par_1_20' title="bbox 424 1468 2019 1559">
     <span class='ocr_line' id='line_1_21' title="bbox 424 1468 2019 1559; baseline -0.016 -17"><span class='ocrx_word' id='word_1_108' title='bbox 424 1486 601 1559; x_wconf 86' lang='lat' dir='ltr'><strong>gressi</strong></span> <span class='ocrx_word' id='word_1_109' title='bbox 660 1496 874 1547; x_wconf 89' lang='lat' dir='ltr'><strong>sumus,</strong></span> <span class='ocrx_word' id='word_1_110' title='bbox 932 1491 1099 1549; x_wconf 86' lang='lat' dir='ltr'><strong>quam</strong></span> <span class='ocrx_word' id='word_1_111' title='bbox 1160 1474 1324 1545; x_wconf 81' lang='lat' dir='ltr'><strong>longa</strong></span> <span class='ocrx_word' id='word_1_112' title='bbox 1377 1468 1702 1525; x_wconf 81' lang='lat' dir='ltr'><strong>narratione</strong></span> <span class='ocrx_word' id='word_1_113' title='bbox 1760 1474 2019 1521; x_wconf 89' lang='lat' dir='ltr'><strong>onustum</strong></span> 
     </span>
    </p>
   </div>
   <div class='ocr_carea' id='block_1_21' title="bbox 426 1555 2021 1648">
    <p class='ocr_par' dir='ltr' id='par_1_21' title="bbox 426 1555 2021 1648">
     <span class='ocr_line' id='line_1_22' title="bbox 426 1555 2021 1648; baseline -0.015 -17"><span class='ocrx_word' id='word_1_114' title='bbox 426 1555 625 1648; x_wconf 70' lang='lat' dir='ltr'><strong>pectus</strong></span> <span class='ocrx_word' id='word_1_115' title='bbox 684 1585 1023 1645; x_wconf 78' lang='lat' dir='ltr'><strong>gereremus,</strong></span> <span class='ocrx_word' id='word_1_116' title='bbox 1095 1565 1329 1633; x_wconf 87' lang='lat' dir='ltr'><strong>diraque</strong></span> <span class='ocrx_word' id='word_1_117' title='bbox 1390 1560 1640 1631; x_wconf 70' lang='lat' dir='ltr'><strong>quaedam</strong></span> <span class='ocrx_word' id='word_1_118' title='bbox 1702 1566 1758 1612; x_wconf 91' lang='lat' dir='ltr'><strong>et</strong></span> <span class='ocrx_word' id='word_1_119' title='bbox 1814 1555 2021 1625; x_wconf 87' lang='lat' dir='ltr'><strong>tragico</strong></span> 
     </span>
    </p>
   </div>
   <div class='ocr_carea' id='block_1_22' title="bbox 428 1648 2025 1729">
    <p class='ocr_par' dir='ltr' id='par_1_22' title="bbox 428 1648 2025 1729">
     <span class='ocr_line' id='line_1_23' title="bbox 428 1648 2025 1729; baseline -0.018 -3"><span class='ocrx_word' id='word_1_120' title='bbox 428 1669 579 1728; x_wconf 91' lang='lat' dir='ltr'><strong>omni</strong></span> <span class='ocrx_word' id='word_1_121' title='bbox 615 1668 885 1722; x_wconf 83' lang='lat' dir='ltr'><strong>cothurno</strong></span> <span class='ocrx_word' id='word_1_122' title='bbox 917 1657 1354 1729; x_wconf 78' lang='lat' dir='ltr'><strong>lacrymabiliora</strong></span> <span class='ocrx_word' id='word_1_123' title='bbox 1383 1668 1506 1709; x_wconf 84' lang='lat' dir='ltr'><strong>esse</strong></span> <span class='ocrx_word' id='word_1_124' title='bbox 1540 1659 1654 1705; x_wconf 91' lang='lat' dir='ltr'><strong>tum</strong></span> <span class='ocrx_word' id='word_1_125' title='bbox 1684 1664 1745 1704; x_wconf 86' lang='lat' dir='ltr'><strong>ea</strong></span> <span class='ocrx_word' id='word_1_126' title='bbox 1771 1648 2025 1719; x_wconf 65' lang='lat' dir='ltr'><strong>quaajatn</strong></span> 
     </span>
    </p>
   </div>
   <div class='ocr_carea' id='block_1_23' title="bbox 2190 796 3712 897">
    <p class='ocr_par' dir='ltr' id='par_1_23' title="bbox 2190 796 3712 897">
     <span class='ocr_line' id='line_1_24' title="bbox 2190 796 3712 897; baseline -0.011 -17"><span class='ocrx_word' id='word_1_127' title='bbox 2190 822 2261 897; x_wconf 82' lang='grc' dir='ltr'><strong>β’.</strong></span> <span class='ocrx_word' id='word_1_128' title='bbox 2297 824 2606 895; x_wconf 81' lang='grc' dir='ltr'><strong>Ἐζήτησας</strong></span> <span class='ocrx_word' id='word_1_129' title='bbox 2636 821 2833 892; x_wconf 82' lang='grc' dir='ltr'><strong>μαθεῖν</strong></span> <span class='ocrx_word' id='word_1_130' title='bbox 2857 818 2948 874; x_wconf 75' lang='grc' dir='ltr'><strong>διὰ</strong></span> <span class='ocrx_word' id='word_1_131' title='bbox 2981 818 3081 890; x_wconf 80' lang='grc' dir='ltr'><strong>τῆς</strong></span> <span class='ocrx_word' id='word_1_132' title='bbox 3111 815 3406 887; x_wconf 68' lang='grc' dir='ltr'><strong>ἐπιστολῆς</strong></span> <span class='ocrx_word' id='word_1_133' title='bbox 3442 812 3538 868; x_wconf 81' lang='grc' dir='ltr'><strong>τὸν</strong></span> <span class='ocrx_word' id='word_1_134' title='bbox 3586 796 3712 882; x_wconf 75' lang='grc' dir='ltr'><strong>τρόο</strong></span> 
     </span>
    </p>
   </div>
   <div class='ocr_carea' id='block_1_24' title="bbox 2119 902 3714 985">
    <p class='ocr_par' dir='ltr' id='par_1_24' title="bbox 2119 902 3714 985">
     <span class='ocr_line' id='line_1_25' title="bbox 2119 902 3714 985; baseline -0.009 -15"><span class='ocrx_word' id='word_1_135' title='bbox 2119 932 2223 970; x_wconf 87' lang='grc' dir='ltr'><strong>πον</strong></span> <span class='ocrx_word' id='word_1_136' title='bbox 2249 912 2319 969; x_wconf 82' lang='grc' dir='ltr'><strong>δι’</strong></span> <span class='ocrx_word' id='word_1_137' title='bbox 2338 914 2397 968; x_wconf 81' lang='grc' dir='ltr'><strong>ὃν</strong></span> <span class='ocrx_word' id='word_1_138' title='bbox 2426 916 2528 985; x_wconf 80' lang='grc' dir='ltr'><strong>τὴν</strong></span> <span class='ocrx_word' id='word_1_139' title='bbox 2558 912 2806 984; x_wconf 68' lang='grc' dir='ltr'><strong>φρουρὰν</strong></span> <span class='ocrx_word' id='word_1_140' title='bbox 2851 910 3113 979; x_wconf 80' lang='grc' dir='ltr'><strong>οἰκοῦμεν</strong></span> <span class='ocrx_word' id='word_1_141' title='bbox 3156 908 3455 979; x_wconf 80' lang='grc' dir='ltr'><strong>βαρϐάρων</strong></span> <span class='ocrx_word' id='word_1_142' title='bbox 3526 902 3714 976; x_wconf 71' lang='grc' dir='ltr'><strong>χερσὶν</strong></span> 
     </span>
    </p>
   </div>
   <div class='ocr_carea' id='block_1_25' title="bbox 2119 997 3714 1075">
    <p class='ocr_par' dir='ltr' id='par_1_25' title="bbox 2119 997 3714 1075">
     <span class='ocr_line' id='line_1_26' title="bbox 2119 997 3714 1075; baseline -0.009 -13"><span class='ocrx_word' id='word_1_143' title='bbox 2119 1005 2455 1071; x_wconf 64' lang='grc' dir='ltr'><strong>ὺιδοθέντες,</strong></span> <span class='ocrx_word' id='word_1_144' title='bbox 2481 1006 2575 1060; x_wconf 78' lang='grc' dir='ltr'><strong>καὶ</strong></span> <span class='ocrx_word' id='word_1_145' title='bbox 2605 1005 2721 1069; x_wconf 84' lang='grc' dir='ltr'><strong>πῶς</strong></span> <span class='ocrx_word' id='word_1_146' title='bbox 2761 1003 2862 1075; x_wconf 81' lang='grc' dir='ltr'><strong>τὴν</strong></span> <span class='ocrx_word' id='word_1_147' title='bbox 2900 1001 3193 1074; x_wconf 75' lang='grc' dir='ltr'><strong>ἀλλοτρίαν</strong></span> <span class='ocrx_word' id='word_1_148' title='bbox 3253 1002 3379 1056; x_wconf 78' lang='grc' dir='ltr'><strong>ἀντὶ</strong></span> <span class='ocrx_word' id='word_1_149' title='bbox 3425 997 3526 1070; x_wconf 80' lang='grc' dir='ltr'><strong>τῆς</strong></span> <span class='ocrx_word' id='word_1_150' title='bbox 3579 997 3714 1059; x_wconf 83' lang='grc' dir='ltr'><strong>ιδίας</strong></span> 
     </span>
    </p>
   </div>
   <div class='ocr_carea' id='block_1_26' title="bbox 2119 1086 3711 1169">
    <p class='ocr_par' dir='ltr' id='par_1_26' title="bbox 2119 1086 3711 1169">
     <span class='ocr_line' id='line_1_27' title="bbox 2119 1086 3711 1169; baseline -0.009 -16"><span class='ocrx_word' id='word_1_151' title='bbox 2119 1096 2557 1169; x_wconf 80' lang='grc' dir='ltr'><strong>διημειψάμεθα,</strong></span> <span class='ocrx_word' id='word_1_152' title='bbox 2587 1094 2749 1158; x_wconf 83' lang='grc' dir='ltr'><strong>ποίας</strong></span> <span class='ocrx_word' id='word_1_153' title='bbox 2778 1094 2838 1147; x_wconf 83' lang='grc' dir='ltr'><strong>τέ</strong></span> <span class='ocrx_word' id='word_1_154' title='bbox 2864 1095 3032 1163; x_wconf 70' lang='grc' dir='ltr'><strong>ἐσμεν</strong></span> <span class='ocrx_word' id='word_1_155' title='bbox 3058 1091 3341 1162; x_wconf 86' lang='grc' dir='ltr'><strong>πατρίδος,</strong></span> <span class='ocrx_word' id='word_1_156' title='bbox 3371 1089 3467 1144; x_wconf 77' lang='grc' dir='ltr'><strong>καὶ</strong></span> <span class='ocrx_word' id='word_1_157' title='bbox 3488 1086 3611 1141; x_wconf 88' lang='grc' dir='ltr'><strong>τίνα</strong></span> <span class='ocrx_word' id='word_1_158' title='bbox 3641 1086 3711 1139; x_wconf 68' lang='grc' dir='ltr'><strong>τὰ</strong></span> 
     </span>
    </p>
   </div>
   <div class='ocr_carea' id='block_1_27' title="bbox 2122 1178 3713 1259">
    <p class='ocr_par' dir='ltr' id='par_1_27' title="bbox 2122 1178 3713 1259">
     <span class='ocr_line' id='line_1_28' title="bbox 2122 1178 3713 1259; baseline -0.009 -15"><span class='ocrx_word' id='word_1_159' title='bbox 2122 1191 2247 1244; x_wconf 81' lang='grc' dir='ltr'><strong>κατ’</strong></span> <span class='ocrx_word' id='word_1_160' title='bbox 2272 1188 2467 1259; x_wconf 83' lang='grc' dir='ltr'><strong>αὐτὴν.</strong></span> <span class='ocrx_word' id='word_1_161' title='bbox 2498 1187 2542 1240; x_wconf 87' lang='grc' dir='ltr'>Τ</span> <span class='ocrx_word' id='word_1_162' title='bbox 2545 1183 2912 1256; x_wconf 79' lang='grc' dir='ltr'><strong>εκμαὶρεσθαι</strong></span> <span class='ocrx_word' id='word_1_163' title='bbox 2944 1184 3055 1255; x_wconf 83' lang='grc' dir='ltr'><strong>γὰρ</strong></span> <span class='ocrx_word' id='word_1_164' title='bbox 3089 1183 3224 1253; x_wconf 75' lang='grc' dir='ltr'><strong>ἔφης</strong></span> <span class='ocrx_word' id='word_1_165' title='bbox 3252 1185 3319 1236; x_wconf 73' lang='grc' dir='ltr'><strong>ὲκ</strong></span> <span class='ocrx_word' id='word_1_166' title='bbox 3353 1182 3453 1251; x_wconf 79' lang='grc' dir='ltr'><strong>τῆς</strong></span> <span class='ocrx_word' id='word_1_167' title='bbox 3510 1178 3713 1248; x_wconf 82' lang='grc' dir='ltr'><strong>μικρᾶς</strong></span> 
     </span>
    </p>
   </div>
   <div class='ocr_carea' id='block_1_28' title="bbox 2122 1267 3715 1352">
    <p class='ocr_par' dir='ltr' id='par_1_28' title="bbox 2122 1267 3715 1352">
     <span class='ocr_line' id='line_1_29' title="bbox 2122 1267 3715 1352; baseline -0.009 -16"><span class='ocrx_word' id='word_1_168' title='bbox 2122 1281 2341 1352; x_wconf 70' lang='grc' dir='ltr'><strong>ἐκείνης</strong></span> <span class='ocrx_word' id='word_1_169' title='bbox 2361 1279 2601 1352; x_wconf 79' lang='grc' dir='ltr'><strong>ὁμιλίας,</strong></span> <span class='ocrx_word' id='word_1_170' title='bbox 2642 1276 2710 1332; x_wconf 82' lang='grc' dir='ltr'><strong>δι’</strong></span> <span class='ocrx_word' id='word_1_171' title='bbox 2737 1271 2808 1350; x_wconf 81' lang='grc' dir='ltr'><strong>ἧς</strong></span> <span class='ocrx_word' id='word_1_172' title='bbox 2835 1274 3192 1349; x_wconf 84' lang='grc' dir='ltr'><strong>παροδεύοντί</strong></span> <span class='ocrx_word' id='word_1_173' title='bbox 3218 1291 3302 1328; x_wconf 88' lang='grc' dir='ltr'><strong>σοι</strong></span> <span class='ocrx_word' id='word_1_174' title='bbox 3329 1272 3426 1345; x_wconf 81' lang='grc' dir='ltr'><strong>τὴν</strong></span> <span class='ocrx_word' id='word_1_175' title='bbox 3452 1267 3715 1341; x_wconf 78' lang='grc' dir='ltr'><strong>Τρίπολιν</strong></span> 
     </span>
    </p>
   </div>
   <div class='ocr_carea' id='block_1_29' title="bbox 2122 1360 3714 1445">
    <p class='ocr_par' dir='ltr' id='par_1_29' title="bbox 2122 1360 3714 1445">
     <span class='ocr_line' id='line_1_30' title="bbox 2122 1360 3714 1445; baseline -0.007 -15"><span class='ocrx_word' id='word_1_176' title='bbox 2122 1376 2304 1445; x_wconf 81' lang='grc' dir='ltr'><strong>ὀλίγον</strong></span> <span class='ocrx_word' id='word_1_177' title='bbox 2361 1369 2792 1442; x_wconf 83' lang='grc' dir='ltr'><strong>συνεγενόμεθα,</strong></span> <span class='ocrx_word' id='word_1_178' title='bbox 2849 1369 3086 1440; x_wconf 81' lang='grc' dir='ltr'><strong>πλήρεις</strong></span> <span class='ocrx_word' id='word_1_179' title='bbox 3130 1367 3232 1441; x_wconf 74' lang='grc' dir='ltr'><strong>μὲν</strong></span> <span class='ocrx_word' id='word_1_180' title='bbox 3282 1360 3425 1420; x_wconf 75' lang='grc' dir='ltr'><strong>εἶναι</strong></span> <span class='ocrx_word' id='word_1_181' title='bbox 3453 1365 3502 1397; x_wconf 82' lang='grc'><strong>⁸⁸</strong></span> <span class='ocrx_word' id='word_1_182' title='bbox 3566 1364 3714 1436; x_wconf 76' lang='grc' dir='ltr'><strong>ἡμᾶς</strong></span> 
     </span>
    </p>
   </div>
   <div class='ocr_carea' id='block_1_30' title="bbox 2127 1459 3711 1541">
    <p class='ocr_par' dir='ltr' id='par_1_30' title="bbox 2127 1459 3711 1541">
     <span class='ocr_line' id='line_1_31' title="bbox 2127 1459 3711 1541; baseline -0.008 -17"><span class='ocrx_word' id='word_1_183' title='bbox 2127 1469 2347 1541; x_wconf 72' lang='grc' dir='ltr'><strong>μακρᾶς</strong></span> <span class='ocrx_word' id='word_1_184' title='bbox 2376 1466 2713 1538; x_wconf 75' lang='grc' dir='ltr'><strong>ἐξηγήσεως,</strong></span> <span class='ocrx_word' id='word_1_185' title='bbox 2741 1464 2956 1535; x_wconf 76' lang='grc' dir='ltr'><strong>μεγάλα</strong></span> <span class='ocrx_word' id='word_1_186' title='bbox 2970 1463 3029 1518; x_wconf 75' lang='grc' dir='ltr'><strong>δέ</strong></span> <span class='ocrx_word' id='word_1_187' title='bbox 3060 1478 3186 1515; x_wconf 88' lang='grc' dir='ltr'><strong>τινα</strong></span> <span class='ocrx_word' id='word_1_188' title='bbox 3215 1459 3309 1516; x_wconf 72' lang='grc' dir='ltr'><strong>καὶ</strong></span> <span class='ocrx_word' id='word_1_189' title='bbox 3336 1459 3519 1529; x_wconf 76' lang='grc' dir='ltr'><strong>πάσης</strong></span> <span class='ocrx_word' id='word_1_190' title='bbox 3545 1472 3711 1529; x_wconf 79' lang='grc' dir='ltr'><strong>τραγο</strong></span> 
     </span>
    </p>
   </div>
   <div class='ocr_carea' id='block_1_31' title="bbox 2122 1548 3711 1633">
    <p class='ocr_par' dir='ltr' id='par_1_31' title="bbox 2122 1548 3711 1633">
     <span class='ocr_line' id='line_1_32' title="bbox 2122 1548 3711 1633; baseline -0.009 -17"><span class='ocrx_word' id='word_1_191' title='bbox 2122 1563 2289 1633; x_wconf 82' lang='grc' dir='ltr'><strong>ῳδίας</strong></span> <span class='ocrx_word' id='word_1_192' title='bbox 2336 1560 2599 1615; x_wconf 68' lang='grc' dir='ltr'><strong>επέκεινα</strong></span> <span class='ocrx_word' id='word_1_193' title='bbox 2638 1559 2712 1612; x_wconf 80' lang='grc' dir='ltr'><strong>τά.</strong></span> <span class='ocrx_word' id='word_1_194' title='bbox 2752 1574 2814 1612; x_wconf 89' lang='grc' dir='ltr'><strong>τε</strong></span> <span class='ocrx_word' id='word_1_195' title='bbox 2848 1557 2953 1628; x_wconf 71' lang='grc' dir='ltr'><strong>ήδη</strong></span> <span class='ocrx_word' id='word_1_196' title='bbox 3007 1553 3398 1625; x_wconf 81' lang='grc' dir='ltr'><strong>συμϐεϐηκότα</strong></span> <span class='ocrx_word' id='word_1_197' title='bbox 3431 1551 3569 1623; x_wconf 75' lang='grc' dir='ltr'><strong>ἡμῖν</strong></span> <span class='ocrx_word' id='word_1_198' title='bbox 3622 1548 3711 1602; x_wconf 60' lang='grc' dir='ltr'><strong>καὶ</strong></span> 
     </span>
    </p>
   </div>
   <div class='ocr_carea' id='block_1_32' title="bbox 2128 1640 3711 1723">
    <p class='ocr_par' dir='ltr' id='par_1_32' title="bbox 2128 1640 3711 1723">
     <span class='ocr_line' id='line_1_33' title="bbox 2128 1640 3711 1723; baseline -0.009 -16"><span class='ocrx_word' id='word_1_199' title='bbox 2128 1655 2199 1707; x_wconf 81' lang='grc' dir='ltr'><strong>τὰ</strong></span> <span class='ocrx_word' id='word_1_200' title='bbox 2236 1655 2295 1717; x_wconf 75' lang='grc' dir='ltr'><strong>ἐς</strong></span> <span class='ocrx_word' id='word_1_201' title='bbox 2323 1651 2553 1723; x_wconf 71' lang='grc' dir='ltr'><strong>ὔστερον</strong></span> <span class='ocrx_word' id='word_1_202' title='bbox 2590 1647 3042 1722; x_wconf 86' lang='grc' dir='ltr'><strong>προσδοκώμενα.</strong></span> <span class='ocrx_word' id='word_1_203' title='bbox 3078 1646 3191 1701; x_wconf 76' lang='grc' dir='ltr'><strong>Καὶ</strong></span> <span class='ocrx_word' id='word_1_204' title='bbox 3214 1645 3327 1717; x_wconf 74' lang='grc' dir='ltr'><strong>γὰρ</strong></span> <span class='ocrx_word' id='word_1_205' title='bbox 3348 1644 3541 1712; x_wconf 76' lang='grc' dir='ltr'><strong>ἔτυχες</strong></span> <span class='ocrx_word' id='word_1_206' title='bbox 3590 1640 3711 1695; x_wconf 74' lang='grc' dir='ltr'><strong>τότε</strong></span> 
     </span>
    </p>
   </div>
   <div class='ocr_carea' id='block_1_33' title="bbox 426 1736 2021 1819">
    <p class='ocr_par' dir='ltr' id='par_1_33' title="bbox 426 1746 2021 1819">
     <span class='ocr_line' id='line_1_34' title="bbox 426 1746 2021 1819; baseline -0.018 -1"><span class='ocrx_word' id='word_1_207' title='bbox 426 1761 591 1819; x_wconf 86' lang='lat' dir='ltr'><strong>nobis</strong></span> <span class='ocrx_word' id='word_1_208' title='bbox 630 1761 953 1816; x_wconf 88' lang='lat' dir='ltr'><strong>evenerant,</strong></span> <span class='ocrx_word' id='word_1_209' title='bbox 1011 1759 1127 1805; x_wconf 91' lang='lat' dir='ltr'><strong>tum</strong></span> <span class='ocrx_word' id='word_1_210' title='bbox 1184 1761 1306 1817; x_wconf 57' lang='lat' dir='ltr'><strong>qua.</strong></span> <span class='ocrx_word' id='word_1_211' title='bbox 1365 1750 1727 1814; x_wconf 83' lang='lat' dir='ltr'><strong>ttnposterum</strong></span> <span class='ocrx_word' id='word_1_212' title='bbox 1791 1746 2021 1794; x_wconf 84' lang='lat' dir='ltr'><strong>ventura</strong></span> 
     </span>
    </p>
   </div>
   <div class='ocr_carea' id='block_1_34' title="bbox 2124 1736 3711 1819">
    <p class='ocr_par' dir='ltr' id='par_1_34' title="bbox 2128 1736 3711 1815">
     <span class='ocr_line' id='line_1_35' title="bbox 2128 1736 3711 1815; baseline -0.01 -13"><span class='ocrx_word' id='word_1_213' title='bbox 2128 1748 2223 1803; x_wconf 83' lang='grc' dir='ltr'><strong>καὶ</strong></span> <span class='ocrx_word' id='word_1_214' title='bbox 2254 1745 2419 1810; x_wconf 75' lang='grc' dir='ltr'><strong>αὐτὸς</strong></span> <span class='ocrx_word' id='word_1_215' title='bbox 2450 1743 2737 1815; x_wconf 78' lang='grc' dir='ltr'><strong>ἀλητεύων</strong></span> <span class='ocrx_word' id='word_1_216' title='bbox 2767 1740 2911 1796; x_wconf 82' lang='grc' dir='ltr'><strong>κατὰ</strong></span> <span class='ocrx_word' id='word_1_217' title='bbox 2931 1740 3031 1811; x_wconf 82' lang='grc' dir='ltr'><strong>τὴν</strong></span> <span class='ocrx_word' id='word_1_218' title='bbox 3057 1739 3231 1808; x_wconf 75' lang='grc' dir='ltr'><strong>αὐτὴν</strong></span> <span class='ocrx_word' id='word_1_219' title='bbox 3259 1738 3305 1770; x_wconf 82' lang='grc'><strong>¹⁹</strong></span> <span class='ocrx_word' id='word_1_220' title='bbox 3361 1736 3523 1808; x_wconf 81' lang='grc' dir='ltr'><strong>ημῶν</strong></span> <span class='ocrx_word' id='word_1_221' title='bbox 3571 1750 3711 1803; x_wconf 86' lang='grc' dir='ltr'><strong>συμ-</strong></span> 
     </span>
    </p>
   </div>
   <div class='ocr_carea' id='block_1_35' title="bbox 428 1826 2027 1923">
    <p class='ocr_par' dir='ltr' id='par_1_35' title="bbox 428 1826 2027 1923">
     <span class='ocr_line' id='line_1_36' title="bbox 428 1826 2027 1923; baseline -0.019 -13"><span class='ocrx_word' id='word_1_222' title='bbox 428 1849 920 1923; x_wconf 82' lang='lat' dir='ltr'><strong>exspectabantur.</strong></span> <span class='ocrx_word' id='word_1_223' title='bbox 945 1842 1086 1897; x_wconf 82' lang='lat' dir='ltr'><strong>Nam</strong></span> <span class='ocrx_word' id='word_1_224' title='bbox 1131 1836 1199 1895; x_wconf 75' lang='lat' dir='ltr'><strong>tu&#39;</strong></span> <span class='ocrx_word' id='word_1_225' title='bbox 1226 1847 1447 1908; x_wconf 90' lang='lat' dir='ltr'><strong>quoque</strong></span> <span class='ocrx_word' id='word_1_226' title='bbox 1492 1833 1611 1903; x_wconf 84' lang='lat' dir='ltr'><strong>pari</strong></span> <span class='ocrx_word' id='word_1_227' title='bbox 1643 1830 1804 1885; x_wconf 88' lang='lat' dir='ltr'><strong>nobis</strong></span> <span class='ocrx_word' id='word_1_228' title='bbox 1851 1826 2027 1882; x_wconf 82' lang='lat' dir='ltr'><strong>inl‘or-</strong></span> 
     </span>
    </p>
   </div>
   <div class='ocr_carea' id='block_1_36' title="bbox 431 1920 2024 2001">
    <p class='ocr_par' dir='ltr' id='par_1_36' title="bbox 431 1920 2024 2001">
     <span class='ocr_line' id='line_1_37' title="bbox 431 1920 2024 2001; baseline -0.016 0"><span class='ocrx_word' id='word_1_229' title='bbox 431 1920 587 2000; x_wconf 87' lang='lat' dir='ltr'><strong>tunio</strong></span> <span class='ocrx_word' id='word_1_230' title='bbox 617 1937 966 1999; x_wconf 85' lang='lat' dir='ltr'><strong>errabundus</strong></span> <span class='ocrx_word' id='word_1_231' title='bbox 998 1945 1053 1992; x_wconf 89' lang='lat' dir='ltr'><strong>et</strong></span> <span class='ocrx_word' id='word_1_232' title='bbox 1083 1947 1209 1989; x_wconf 90' lang='lat' dir='ltr'><strong>cum</strong></span> <span class='ocrx_word' id='word_1_233' title='bbox 1263 1926 1591 2001; x_wconf 86' lang='lat' dir='ltr'><strong>quibusdam</strong></span> <span class='ocrx_word' id='word_1_234' title='bbox 1622 1921 1855 1993; x_wconf 82' lang='lat' dir='ltr'><strong>captivis</strong></span> <span class='ocrx_word' id='word_1_235' title='bbox 1894 1920 2024 1975; x_wconf 89' lang='lat' dir='ltr'><strong>illuc</strong></span> 
     </span>
    </p>
   </div>
   <div class='ocr_carea' id='block_1_37' title="bbox 430 2012 2024 2101">
    <p class='ocr_par' dir='ltr' id='par_1_37' title="bbox 430 2012 2024 2101">
     <span class='ocr_line' id='line_1_38' title="bbox 430 2012 2024 2101; baseline -0.019 -6"><span class='ocrx_word' id='word_1_236' title='bbox 430 2034 813 2099; x_wconf 84' lang='lat' dir='ltr'><strong>abducebaris,</strong></span> <span class='ocrx_word' id='word_1_237' title='bbox 850 2045 991 2101; x_wconf 88' lang='lat' dir='ltr'><strong>quos</strong></span> <span class='ocrx_word' id='word_1_238' title='bbox 1032 2030 1187 2083; x_wconf 83' lang='lat' dir='ltr'><strong>cives</strong></span> <span class='ocrx_word' id='word_1_239' title='bbox 1239 2038 1364 2080; x_wconf 84' lang='lat' dir='ltr'><strong>esse</strong></span> <span class='ocrx_word' id='word_1_240' title='bbox 1398 2030 1523 2076; x_wconf 92' lang='lat' dir='ltr'><strong>tuos</strong></span> <span class='ocrx_word' id='word_1_241' title='bbox 1572 2016 1861 2074; x_wconf 87' lang='lat' dir='ltr'><strong>asserehas</strong></span> <span class='ocrx_word' id='word_1_242' title='bbox 1884 2012 2024 2084; x_wconf 86' lang='lat' dir='ltr'><strong>Cap-</strong></span> 
     </span>
    </p>
   </div>
   <div class='ocr_carea' id='block_1_38' title="bbox 430 2106 2019 2201">
    <p class='ocr_par' dir='ltr' id='par_1_38' title="bbox 430 2106 2019 2201">
     <span class='ocr_line' id='line_1_39' title="bbox 430 2106 2019 2201; baseline -0.017 -16"><span class='ocrx_word' id='word_1_243' title='bbox 430 2129 692 2201; x_wconf 85' lang='lat' dir='ltr'><strong>padoces,</strong></span> <span class='ocrx_word' id='word_1_244' title='bbox 723 2139 847 2179; x_wconf 92' lang='lat' dir='ltr'><strong>cum</strong></span> <span class='ocrx_word' id='word_1_245' title='bbox 879 2123 1085 2192; x_wconf 86' lang='lat' dir='ltr'><strong>quibus</strong></span> <span class='ocrx_word' id='word_1_246' title='bbox 1112 2118 1275 2175; x_wconf 88' lang='lat' dir='ltr'><strong>etiam</strong></span> <span class='ocrx_word' id='word_1_247' title='bbox 1304 2111 1656 2170; x_wconf 81' lang='lat' dir='ltr'><strong>Antiochiam</strong></span> <span class='ocrx_word' id='word_1_248' title='bbox 1686 2106 2019 2170; x_wconf 83' lang='lat' dir='ltr'><strong>mittebaris,</strong></span> 
     </span>
    </p>
   </div>
   <div class='ocr_carea' id='block_1_39' title="bbox 430 2201 2020 2284">
    <p class='ocr_par' dir='ltr' id='par_1_39' title="bbox 430 2201 2020 2284">
     <span class='ocr_line' id='line_1_40' title="bbox 430 2201 2020 2284; baseline -0.017 -5"><span class='ocrx_word' id='word_1_249' title='bbox 430 2223 681 2279; x_wconf 80' lang='lat' dir='ltr'><strong>referens</strong></span> <span class='ocrx_word' id='word_1_250' title='bbox 717 2218 923 2273; x_wconf 87' lang='lat' dir='ltr'><strong>nullam</strong></span> <span class='ocrx_word' id='word_1_251' title='bbox 957 2212 1201 2284; x_wconf 80' lang='lat' dir='ltr'><strong>requiem</strong></span> <span class='ocrx_word' id='word_1_252' title='bbox 1236 2208 1505 2264; x_wconf 87' lang='lat' dir='ltr'><strong>malorum</strong></span> <span class='ocrx_word' id='word_1_253' title='bbox 1538 2201 1809 2267; x_wconf 88' lang='lat' dir='ltr'><strong>invenire,</strong></span> <span class='ocrx_word' id='word_1_254' title='bbox 1840 2214 2020 2271; x_wconf 85' lang='lat' dir='ltr'><strong>quan-</strong></span> 
     </span>
    </p>
   </div>
   <div class='ocr_carea' id='block_1_40' title="bbox 432 2292 2019 2383">
    <p class='ocr_par' dir='ltr' id='par_1_40' title="bbox 432 2292 2019 2383">
     <span class='ocr_line' id='line_1_41' title="bbox 432 2292 2019 2383; baseline -0.017 -14"><span class='ocrx_word' id='word_1_255' title='bbox 432 2316 503 2369; x_wconf 89' lang='lat' dir='ltr'><strong>do</strong></span> <span class='ocrx_word' id='word_1_256' title='bbox 527 2327 628 2369; x_wconf 91' lang='lat' dir='ltr'><strong>nos</strong></span> <span class='ocrx_word' id='word_1_257' title='bbox 669 2321 890 2383; x_wconf 83' lang='lat' dir='ltr'><strong>quoque</strong></span> <span class='ocrx_word' id='word_1_258' title='bbox 948 2302 1200 2369; x_wconf 81' lang='lat' dir='ltr'><strong>videbas,</strong></span> <span class='ocrx_word' id='word_1_259' title='bbox 1250 2308 1309 2355; x_wconf 89' lang='lat' dir='ltr'><strong>ut</strong></span> <span class='ocrx_word' id='word_1_260' title='bbox 1350 2308 1403 2353; x_wconf 90' lang='lat' dir='ltr'><strong>et</strong></span> <span class='ocrx_word' id='word_1_261' title='bbox 1441 2297 1557 2367; x_wconf 89' lang='lat' dir='ltr'><strong>ipse</strong></span> <span class='ocrx_word' id='word_1_262' title='bbox 1608 2292 1866 2354; x_wconf 88' lang='lat' dir='ltr'><strong>testaris,</strong></span> <span class='ocrx_word' id='word_1_263' title='bbox 1906 2298 2019 2343; x_wconf 90' lang='lat' dir='ltr'><strong>tum</strong></span> 
     </span>
    </p>
   </div>
   <div class='ocr_carea' id='block_1_41' title="bbox 435 2379 2020 2462">
    <p class='ocr_par' dir='ltr' id='par_1_41' title="bbox 435 2379 2020 2462">
     <span class='ocr_line' id='line_1_42' title="bbox 435 2379 2020 2462; baseline -0.016 -6"><span class='ocrx_word' id='word_1_264' title='bbox 435 2379 711 2458; x_wconf 79' lang='lat' dir='ltr'><strong>recentem</strong></span> <span class='ocrx_word' id='word_1_265' title='bbox 731 2399 952 2453; x_wconf 80' lang='lat' dir='ltr'><strong>&#39;luctum</strong></span> <span class='ocrx_word' id='word_1_266' title='bbox 985 2402 1099 2448; x_wconf 90' lang='lat' dir='ltr'><strong>tum</strong></span> <span class='ocrx_word' id='word_1_267' title='bbox 1135 2387 1398 2462; x_wconf 78' lang='lat' dir='ltr'><strong>praeteriti</strong></span> <span class='ocrx_word' id='word_1_268' title='bbox 1441 2383 1658 2441; x_wconf 87' lang='lat' dir='ltr'><strong>timoris</strong></span> <span class='ocrx_word' id='word_1_269' title='bbox 1705 2380 1933 2450; x_wconf 82' lang='lat' dir='ltr'><strong>vestigia</strong></span> <span class='ocrx_word' id='word_1_270' title='bbox 1964 2379 2020 2432; x_wconf 88' lang='lat' dir='ltr'><strong>in</strong></span> 
     </span>
    </p>
   </div>
   <div class='ocr_carea' id='block_1_42' title="bbox 433 2472 2021 2559">
    <p class='ocr_par' dir='ltr' id='par_1_42' title="bbox 433 2472 2021 2559">
     <span class='ocr_line' id='line_1_43' title="bbox 433 2472 2021 2559; baseline -0.014 -12"><span class='ocrx_word' id='word_1_271' title='bbox 433 2494 573 2548; x_wconf 75' lang='lat' dir='ltr'><strong>fat-ie</strong></span> <span class='ocrx_word' id='word_1_272' title='bbox 639 2501 898 2559; x_wconf 74' lang='lat' dir='ltr'><strong>expressa</strong></span> <span class='ocrx_word' id='word_1_273' title='bbox 948 2483 1117 2551; x_wconf 76' lang='lat' dir='ltr'><strong>ferre,</strong></span> <span class='ocrx_word' id='word_1_274' title='bbox 1175 2489 1236 2535; x_wconf 90' lang='lat' dir='ltr'><strong>ut</strong></span> <span class='ocrx_word' id='word_1_275' title='bbox 1288 2489 1341 2535; x_wconf 86' lang='lat' dir='ltr'><strong>et</strong></span> <span class='ocrx_word' id='word_1_276' title='bbox 1390 2477 1644 2541; x_wconf 87' lang='lat' dir='ltr'><strong>tacendo,</strong></span> <span class='ocrx_word' id='word_1_277' title='bbox 1679 2475 1865 2528; x_wconf 83' lang='lat' dir='ltr'><strong>vultus</strong></span> <span class='ocrx_word' id='word_1_278' title='bbox 1900 2472 2021 2541; x_wconf 83' lang='lat' dir='ltr'><strong>ipso</strong></span> 
     </span>
    </p>
   </div>
   <div class='ocr_carea' id='block_1_43' title="bbox 432 2564 2018 2641">
    <p class='ocr_par' dir='ltr' id='par_1_43' title="bbox 432 2564 2018 2641">
     <span class='ocr_line' id='line_1_44' title="bbox 432 2564 2018 2641; baseline -0.015 0"><span class='ocrx_word' id='word_1_279' title='bbox 432 2590 615 2641; x_wconf 72' lang='lat' dir='ltr'><strong>colore</strong></span> <span class='ocrx_word' id='word_1_280' title='bbox 668 2581 796 2637; x_wconf 79' lang='lat' dir='ltr'><strong>mali</strong></span> <span class='ocrx_word' id='word_1_281' title='bbox 846 2576 1246 2631; x_wconf 82' lang='lat' dir='ltr'><strong>immanitatem</strong></span> <span class='ocrx_word' id='word_1_282' title='bbox 1297 2572 1687 2625; x_wconf 80' lang='lat' dir='ltr'><strong>clamarcmus.</strong></span> <span class='ocrx_word' id='word_1_283' title='bbox 1720 2565 1924 2620; x_wconf 74' lang='lat' dir='ltr'><strong>Verum</strong></span> <span class='ocrx_word' id='word_1_284' title='bbox 1970 2564 2018 2619; x_wconf 84' lang='lat' dir='ltr'><strong>si</strong></span> 
     </span>
    </p>
   </div>
   <div class='ocr_carea' id='block_1_44' title="bbox 434 2658 2022 2742">
    <p class='ocr_par' dir='ltr' id='par_1_44' title="bbox 434 2658 2022 2742">
     <span class='ocr_line' id='line_1_45' title="bbox 434 2658 2022 2742; baseline -0.014 -9"><span class='ocrx_word' id='word_1_285' title='bbox 434 2678 501 2733; x_wconf 85' lang='lat' dir='ltr'><strong>de</strong></span> <span class='ocrx_word' id='word_1_286' title='bbox 553 2676 637 2731; x_wconf 87' lang='lat' dir='ltr'><strong>his</strong></span> <span class='ocrx_word' id='word_1_287' title='bbox 688 2672 906 2742; x_wconf 81' lang='lat' dir='ltr'><strong>singula</strong></span> <span class='ocrx_word' id='word_1_288' title='bbox 951 2680 1243 2724; x_wconf 82' lang='lat' dir='ltr'><strong>recensere</strong></span> <span class='ocrx_word' id='word_1_289' title='bbox 1284 2664 1472 2727; x_wconf 88' lang='lat' dir='ltr'><strong>velim,</strong></span> <span class='ocrx_word' id='word_1_290' title='bbox 1522 2660 1737 2731; x_wconf 79' lang='lat' dir='ltr'><strong>longior</strong></span> <span class='ocrx_word' id='word_1_291' title='bbox 1768 2658 1899 2713; x_wconf 85' lang='lat' dir='ltr'><strong>mihi</strong></span> <span class='ocrx_word' id='word_1_292' title='bbox 1944 2667 2022 2711; x_wconf 90' lang='lat' dir='ltr'><strong>te-</strong></span> 
     </span>
    </p>
   </div>
   <div class='ocr_carea' id='block_1_45' title="bbox 431 2751 2018 2834">
    <p class='ocr_par' dir='ltr' id='par_1_45' title="bbox 431 2751 2018 2834">
     <span class='ocr_line' id='line_1_46' title="bbox 431 2751 2018 2834; baseline -0.014 -10"><span class='ocrx_word' id='word_1_293' title='bbox 431 2769 609 2827; x_wconf 77' lang='lat' dir='ltr'><strong>xeuda</strong></span> <span class='ocrx_word' id='word_1_294' title='bbox 657 2781 755 2822; x_wconf 91' lang='lat' dir='ltr'><strong>nec</strong></span> <span class='ocrx_word' id='word_1_295' title='bbox 796 2770 962 2834; x_wconf 57' lang='lat' dir='ltr'><strong>instat</strong></span> <span class='ocrx_word' id='word_1_296' title='bbox 1006 2760 1147 2815; x_wconf 84' lang='lat' dir='ltr'><strong>satis</strong></span> <span class='ocrx_word' id='word_1_297' title='bbox 1177 2754 1528 2814; x_wconf 79' lang='lat' dir='ltr'><strong>necessitatis</strong></span> <span class='ocrx_word' id='word_1_298' title='bbox 1582 2751 1762 2807; x_wconf 87' lang='lat' dir='ltr'><strong>oratio</strong></span> <span class='ocrx_word' id='word_1_299' title='bbox 1807 2760 1913 2813; x_wconf 86' lang='lat' dir='ltr'><strong>est,</strong></span> <span class='ocrx_word' id='word_1_300' title='bbox 1957 2755 2018 2802; x_wconf 91' lang='lat' dir='ltr'><strong>ut</strong></span> 
     </span>
    </p>
   </div>
   <div class='ocr_carea' id='block_1_46' title="bbox 432 2841 2016 2934">
    <p class='ocr_par' dir='ltr' id='par_1_46' title="bbox 432 2841 2016 2934">
     <span class='ocr_line' id='line_1_47' title="bbox 432 2841 2016 2934; baseline -0.016 -15"><span class='ocrx_word' id='word_1_301' title='bbox 432 2877 556 2934; x_wconf 64' lang='lat' dir='ltr'><strong>quae</strong></span> <span class='ocrx_word' id='word_1_302' title='bbox 596 2852 999 2914; x_wconf 81' lang='lat' dir='ltr'><strong>mediocritatis</strong></span> <span class='ocrx_word' id='word_1_303' title='bbox 1035 2851 1207 2921; x_wconf 88' lang='lat' dir='ltr'><strong>legem</strong></span> <span class='ocrx_word' id='word_1_304' title='bbox 1258 2848 1329 2903; x_wconf 85' lang='lat' dir='ltr'><strong>sit</strong></span> <span class='ocrx_word' id='word_1_305' title='bbox 1379 2859 1708 2910; x_wconf 79' lang='lat' dir='ltr'><strong>excessura;</strong></span> <span class='ocrx_word' id='word_1_306' title='bbox 1740 2857 1807 2897; x_wconf 87' lang='lat' dir='ltr'><strong>ne</strong></span> <span class='ocrx_word' id='word_1_307' title='bbox 1836 2841 2016 2895; x_wconf 89' lang='lat' dir='ltr'><strong>dicam</strong></span> 
     </span>
    </p>
   </div>
   <div class='ocr_carea' id='block_1_47' title="bbox 432 2932 2017 3025">
    <p class='ocr_par' dir='ltr' id='par_1_47' title="bbox 432 2932 2017 3025">
     <span class='ocr_line' id='line_1_48' title="bbox 432 2932 2017 3025; baseline -0.02 -15"><span class='ocrx_word' id='word_1_308' title='bbox 432 2932 598 3025; x_wconf 50' lang='lat'><strong>£90</strong></span> <span class='ocrx_word' id='word_1_309' title='bbox 645 2949 766 3005; x_wconf 80' lang='lat' dir='ltr'><strong>fore</strong></span> <span class='ocrx_word' id='word_1_310' title='bbox 832 2955 891 3000; x_wconf 90' lang='lat' dir='ltr'><strong>ut</strong></span> <span class='ocrx_word' id='word_1_311' title='bbox 940 2955 1222 3013; x_wconf 86' lang='lat' dir='ltr'><strong>nunquam</strong></span> <span class='ocrx_word' id='word_1_312' title='bbox 1268 2937 1522 2994; x_wconf 87' lang='lat' dir='ltr'><strong>socordia</strong></span> <span class='ocrx_word' id='word_1_313' title='bbox 1573 2932 2017 3005; x_wconf 85' lang='lat' dir='ltr'><strong>torpescentibus</strong></span> 
     </span>
    </p>
   </div>
   <div class='ocr_carea' id='block_1_48' title="bbox 2126 1830 3711 1911">
    <p class='ocr_par' dir='ltr' id='par_1_48' title="bbox 2126 1830 3711 1911">
     <span class='ocr_line' id='line_1_49' title="bbox 2126 1830 3711 1911; baseline -0.011 -16"><span class='ocrx_word' id='word_1_314' title='bbox 2126 1839 2325 1911; x_wconf 77' lang='grc' dir='ltr'><strong>φορὰν,</strong></span> <span class='ocrx_word' id='word_1_315' title='bbox 2360 1837 2446 1910; x_wconf 88' lang='grc' dir='ltr'><strong>[Ρ.</strong></span> <span class='ocrx_word' id='word_1_316' title='bbox 2468 1835 2598 1908; x_wconf 72' lang='grc'><strong>519]</strong></span> <span class='ocrx_word' id='word_1_317' title='bbox 2632 1834 2725 1889; x_wconf 87' lang='grc' dir='ltr'><strong>καί</strong></span> <span class='ocrx_word' id='word_1_318' title='bbox 2756 1851 2899 1888; x_wconf 87' lang='grc' dir='ltr'><strong>τισιν</strong></span> <span class='ocrx_word' id='word_1_319' title='bbox 2926 1830 3302 1903; x_wconf 72' lang='grc' dir='ltr'><strong>αἰχμαλώτοις</strong></span> <span class='ocrx_word' id='word_1_320' title='bbox 3338 1830 3521 1883; x_wconf 64' lang='grc' dir='ltr'><strong>ἐκεῖσε</strong></span> <span class='ocrx_word' id='word_1_321' title='bbox 3582 1843 3711 1879; x_wconf 86' lang='grc' dir='ltr'><strong>συν-</strong></span> 
     </span>
    </p>
   </div>
   <div class='ocr_carea' id='block_1_49' title="bbox 2126 1914 3704 2001">
    <p class='ocr_par' dir='ltr' id='par_1_49' title="bbox 2126 1914 3704 2001">
     <span class='ocr_line' id='line_1_50' title="bbox 2126 1914 3704 2001; baseline -0.01 -17"><span class='ocrx_word' id='word_1_322' title='bbox 2126 1928 2486 2001; x_wconf 86' lang='grc' dir='ltr'><strong>επαγόμενος,</strong></span> <span class='ocrx_word' id='word_1_323' title='bbox 2513 1927 2607 1991; x_wconf 78' lang='grc' dir='ltr'><strong>οὓς</strong></span> <span class='ocrx_word' id='word_1_324' title='bbox 2624 1925 2808 1994; x_wconf 76' lang='grc' dir='ltr'><strong>ἔλεγες</strong></span> <span class='ocrx_word' id='word_1_325' title='bbox 2826 1923 3198 1996; x_wconf 78' lang='grc' dir='ltr'><strong>ὁμοπατρίους</strong></span> <span class='ocrx_word' id='word_1_326' title='bbox 3218 1916 3360 1974; x_wconf 73' lang='grc' dir='ltr'><strong>εἷναί</strong></span> <span class='ocrx_word' id='word_1_327' title='bbox 3384 1936 3467 1972; x_wconf 91' lang='grc' dir='ltr'><strong>σοι</strong></span> <span class='ocrx_word' id='word_1_328' title='bbox 3481 1914 3704 1973; x_wconf 72' lang='grc' dir='ltr'><strong>Καππά-</strong></span> 
     </span>
    </p>
   </div>
   <div class='ocr_carea' id='block_1_50' title="bbox 2123 2010 3711 2098">
    <p class='ocr_par' dir='ltr' id='par_1_50' title="bbox 2123 2010 3711 2098">
     <span class='ocr_line' id='line_1_51' title="bbox 2123 2010 3711 2098; baseline -0.012 -17"><span class='ocrx_word' id='word_1_329' title='bbox 2123 2027 2310 2091; x_wconf 84' lang='grc' dir='ltr'><strong>όοκας,</strong></span> <span class='ocrx_word' id='word_1_330' title='bbox 2349 2021 2469 2093; x_wconf 85' lang='grc' dir='ltr'><strong>μεθ’</strong></span> <span class='ocrx_word' id='word_1_331' title='bbox 2495 2016 2571 2098; x_wconf 72' lang='grc' dir='ltr'><strong>ὧν</strong></span> <span class='ocrx_word' id='word_1_332' title='bbox 2605 2019 2700 2074; x_wconf 74' lang='grc' dir='ltr'><strong>καὶ</strong></span> <span class='ocrx_word' id='word_1_333' title='bbox 2727 2019 2828 2089; x_wconf 85' lang='grc' dir='ltr'><strong>τὴν</strong></span> <span class='ocrx_word' id='word_1_334' title='bbox 2859 2017 2996 2088; x_wconf 84' lang='grc' dir='ltr'><strong>πρὸς</strong></span> <span class='ocrx_word' id='word_1_335' title='bbox 3027 2017 3127 2088; x_wconf 83' lang='grc' dir='ltr'><strong>τὴν</strong></span> <span class='ocrx_word' id='word_1_336' title='bbox 3155 2016 3201 2048; x_wconf 74' lang='grc' dir='ltr'><strong>⁸ο</strong></span> <span class='ocrx_word' id='word_1_337' title='bbox 3250 2013 3529 2081; x_wconf 82' lang='grc' dir='ltr'><strong>Ἀντιόχου</strong></span> <span class='ocrx_word' id='word_1_338' title='bbox 3558 2010 3711 2063; x_wconf 66' lang='grc' dir='ltr'><strong>πόλιν</strong></span> 
     </span>
    </p>
   </div>
   <div class='ocr_carea' id='block_1_51' title="bbox 2124 2102 3711 2188">
    <p class='ocr_par' dir='ltr' id='par_1_51' title="bbox 2124 2102 3711 2188">
     <span class='ocr_line' id='line_1_52' title="bbox 2124 2102 3711 2188; baseline -0.012 -14"><span class='ocrx_word' id='word_1_339' title='bbox 2124 2118 2401 2183; x_wconf 64' lang='grc' dir='ltr'><strong>ἐστέλλου,</strong></span> <span class='ocrx_word' id='word_1_340' title='bbox 2437 2111 2693 2188; x_wconf 80' lang='grc' dir='ltr'><strong>μηδαμοῦ</strong></span> <span class='ocrx_word' id='word_1_341' title='bbox 2728 2112 2922 2181; x_wconf 87' lang='grc' dir='ltr'><strong>στῆναι</strong></span> <span class='ocrx_word' id='word_1_342' title='bbox 2952 2110 3062 2167; x_wconf 82' lang='grc' dir='ltr'><strong>τῶν</strong></span> <span class='ocrx_word' id='word_1_343' title='bbox 3100 2106 3369 2176; x_wconf 75' lang='grc' dir='ltr'><strong>ἀλγεινῶν</strong></span> <span class='ocrx_word' id='word_1_344' title='bbox 3407 2102 3711 2175; x_wconf 71' lang='grc' dir='ltr'><strong>ἐξηγούμε-</strong></span> 
     </span>
    </p>
   </div>
   <div class='ocr_carea' id='block_1_52' title="bbox 2125 2196 3712 2274">
    <p class='ocr_par' dir='ltr' id='par_1_52' title="bbox 2125 2196 3712 2274">
     <span class='ocr_line' id='line_1_53' title="bbox 2125 2196 3712 2274; baseline -0.009 -13"><span class='ocrx_word' id='word_1_345' title='bbox 2125 2226 2215 2271; x_wconf 90' lang='grc' dir='ltr'><strong>νος</strong></span> <span class='ocrx_word' id='word_1_346' title='bbox 2244 2224 2257 2239; x_wconf 77' lang='grc' dir='ltr'><strong><em>ο</em></strong></span> <span class='ocrx_word' id='word_1_347' title='bbox 2299 2206 2463 2260; x_wconf 81' lang='grc' dir='ltr'><strong>ὁπότε</strong></span> <span class='ocrx_word' id='word_1_348' title='bbox 2486 2206 2579 2258; x_wconf 69' lang='grc' dir='ltr'><strong>καὶ</strong></span> <span class='ocrx_word' id='word_1_349' title='bbox 2604 2203 2754 2274; x_wconf 73' lang='grc' dir='ltr'><strong>ἡμᾶς</strong></span> <span class='ocrx_word' id='word_1_350' title='bbox 2784 2202 2981 2272; x_wconf 76' lang='grc' dir='ltr'><strong>ἑώρας,</strong></span> <span class='ocrx_word' id='word_1_351' title='bbox 3016 2198 3091 2263; x_wconf 85' lang='grc' dir='ltr'><strong>ὡς</strong></span> <span class='ocrx_word' id='word_1_352' title='bbox 3144 2199 3239 2252; x_wconf 81' lang='grc' dir='ltr'><strong>καὶ</strong></span> <span class='ocrx_word' id='word_1_353' title='bbox 3272 2196 3436 2259; x_wconf 83' lang='grc' dir='ltr'><strong>αὐτὸς</strong></span> <span class='ocrx_word' id='word_1_354' title='bbox 3504 2210 3712 2266; x_wconf 84' lang='grc' dir='ltr'><strong>μαρτυ-</strong></span> 
     </span>
    </p>
   </div>
   <div class='ocr_carea' id='block_1_53' title="bbox 2127 2285 3713 2373">
    <p class='ocr_par' dir='ltr' id='par_1_53' title="bbox 2127 2285 3713 2373">
     <span class='ocr_line' id='line_1_54' title="bbox 2127 2285 3713 2373; baseline -0.011 -19"><span class='ocrx_word' id='word_1_355' title='bbox 2127 2304 2262 2373; x_wconf 89' lang='grc' dir='ltr'><strong>ρεῖς,</strong></span> <span class='ocrx_word' id='word_1_356' title='bbox 2285 2300 2348 2353; x_wconf 90' lang='grc' dir='ltr'><strong>τό</strong></span> <span class='ocrx_word' id='word_1_357' title='bbox 2380 2316 2441 2352; x_wconf 87' lang='grc' dir='ltr'><strong>τε</strong></span> <span class='ocrx_word' id='word_1_358' title='bbox 2465 2297 2661 2367; x_wconf 83' lang='grc' dir='ltr'><strong>νεαρὸν</strong></span> <span class='ocrx_word' id='word_1_359' title='bbox 2686 2296 2781 2349; x_wconf 82' lang='grc' dir='ltr'><strong>τοῦ</strong></span> <span class='ocrx_word' id='word_1_360' title='bbox 2800 2293 3029 2355; x_wconf 83' lang='grc' dir='ltr'><strong>πένθους</strong></span> <span class='ocrx_word' id='word_1_361' title='bbox 3062 2292 3289 2362; x_wconf 78' lang='grc' dir='ltr'><strong>ἔχοντας</strong></span> <span class='ocrx_word' id='word_1_362' title='bbox 3322 2290 3419 2343; x_wconf 74' lang='grc' dir='ltr'><strong>καὶ</strong></span> <span class='ocrx_word' id='word_1_363' title='bbox 3466 2288 3536 2342; x_wconf 83' lang='grc' dir='ltr'><strong>τὰ</strong></span> <span class='ocrx_word' id='word_1_364' title='bbox 3593 2285 3713 2357; x_wconf 76' lang='grc' dir='ltr'><strong>ἴχνη</strong></span> 
     </span>
    </p>
   </div>
   <div class='ocr_carea' id='block_1_54' title="bbox 2121 2377 3711 2463">
    <p class='ocr_par' dir='ltr' id='par_1_54' title="bbox 2121 2377 3711 2463">
     <span class='ocr_line' id='line_1_55' title="bbox 2121 2377 3711 2463; baseline -0.009 -17"><span class='ocrx_word' id='word_1_365' title='bbox 2121 2392 2218 2447; x_wconf 89' lang='grc' dir='ltr'><strong>τοῦ</strong></span> <span class='ocrx_word' id='word_1_366' title='bbox 2242 2390 2608 2463; x_wconf 87' lang='grc' dir='ltr'><strong>προλαϐόντος</strong></span> <span class='ocrx_word' id='word_1_367' title='bbox 2639 2389 2807 2459; x_wconf 83' lang='grc' dir='ltr'><strong>φόϐου</strong></span> <span class='ocrx_word' id='word_1_368' title='bbox 2830 2389 2943 2450; x_wconf 87' lang='grc' dir='ltr'><strong>τοῖς</strong></span> <span class='ocrx_word' id='word_1_369' title='bbox 2971 2383 3286 2455; x_wconf 78' lang='grc' dir='ltr'><strong>προσώποις</strong></span> <span class='ocrx_word' id='word_1_370' title='bbox 3308 2379 3467 2452; x_wconf 75' lang='grc' dir='ltr'><strong>ἡμῶν</strong></span> <span class='ocrx_word' id='word_1_371' title='bbox 3506 2377 3711 2448; x_wconf 73' lang='grc' dir='ltr'><strong>ἐγκαθ-</strong></span> 
     </span>
    </p>
   </div>
   <div class='ocr_carea' id='block_1_55' title="bbox 2123 2471 3712 2557">
    <p class='ocr_par' dir='ltr' id='par_1_55' title="bbox 2123 2471 3712 2557">
     <span class='ocr_line' id='line_1_56' title="bbox 2123 2471 3712 2557; baseline -0.011 -17"><span class='ocrx_word' id='word_1_372' title='bbox 2123 2486 2325 2557; x_wconf 81' lang='grc' dir='ltr'><strong>ήμενα,</strong></span> <span class='ocrx_word' id='word_1_373' title='bbox 2379 2484 2455 2547; x_wconf 85' lang='grc' dir='ltr'><strong>ὡς</strong></span> <span class='ocrx_word' id='word_1_374' title='bbox 2474 2482 2570 2536; x_wconf 74' lang='grc' dir='ltr'><strong>καὶ</strong></span> <span class='ocrx_word' id='word_1_375' title='bbox 2606 2479 2926 2542; x_wconf 80' lang='grc' dir='ltr'><strong>σιωπῶντας</strong></span> <span class='ocrx_word' id='word_1_376' title='bbox 2973 2478 3101 2548; x_wconf 78' lang='grc' dir='ltr'><strong>βοᾷν</strong></span> <span class='ocrx_word' id='word_1_377' title='bbox 3139 2476 3239 2545; x_wconf 82' lang='grc' dir='ltr'><strong>τὴν</strong></span> <span class='ocrx_word' id='word_1_378' title='bbox 3295 2471 3587 2542; x_wconf 75' lang='grc' dir='ltr'><strong>συμφορὰν</strong></span> <span class='ocrx_word' id='word_1_379' title='bbox 3644 2471 3712 2523; x_wconf 69' lang='grc' dir='ltr'><strong>ἐκ</strong></span> 
     </span>
    </p>
   </div>
   <div class='ocr_carea' id='block_1_56' title="bbox 2122 2565 3714 2648">
    <p class='ocr_par' dir='ltr' id='par_1_56' title="bbox 2122 2565 3714 2648">
     <span class='ocr_line' id='line_1_57' title="bbox 2122 2565 3714 2648; baseline -0.01 -16"><span class='ocrx_word' id='word_1_380' title='bbox 2122 2578 2217 2632; x_wconf 88' lang='grc' dir='ltr'><strong>τοῦ</strong></span> <span class='ocrx_word' id='word_1_381' title='bbox 2256 2575 2568 2648; x_wconf 82' lang='grc' dir='ltr'><strong>χρώματος.</strong></span> <span class='ocrx_word' id='word_1_382' title='bbox 2615 2574 2781 2627; x_wconf 80' lang='grc' dir='ltr'><strong>Ἀλλά</strong></span> <span class='ocrx_word' id='word_1_383' title='bbox 2813 2573 2943 2643; x_wconf 73' lang='grc' dir='ltr'><strong>περὶ</strong></span> <span class='ocrx_word' id='word_1_384' title='bbox 2975 2569 3181 2624; x_wconf 82' lang='grc' dir='ltr'><strong>τούτων</strong></span> <span class='ocrx_word' id='word_1_385' title='bbox 3226 2568 3273 2620; x_wconf 81' lang='grc' dir='ltr'><strong>εί</strong></span> <span class='ocrx_word' id='word_1_386' title='bbox 3306 2566 3431 2622; x_wconf 85' lang='grc' dir='ltr'><strong>καθ’</strong></span> <span class='ocrx_word' id='word_1_387' title='bbox 3482 2565 3714 2619; x_wconf 71' lang='grc' dir='ltr'><strong>ἕκαστον</strong></span> 
     </span>
    </p>
   </div>
   <div class='ocr_carea' id='block_1_57' title="bbox 2121 2658 3710 2739">
    <p class='ocr_par' dir='ltr' id='par_1_57' title="bbox 2121 2658 3710 2739">
     <span class='ocr_line' id='line_1_58' title="bbox 2121 2658 3710 2739; baseline -0.011 -15"><span class='ocrx_word' id='word_1_388' title='bbox 2121 2670 2400 2736; x_wconf 66' lang='grc' dir='ltr'><strong>ἐπεξιέναι</strong></span> <span class='ocrx_word' id='word_1_389' title='bbox 2434 2667 2775 2739; x_wconf 79' lang='grc' dir='ltr'><strong>βουληθείην,</strong></span> <span class='ocrx_word' id='word_1_390' title='bbox 2812 2664 3024 2735; x_wconf 82' lang='grc' dir='ltr'><strong>μακρὸν</strong></span> <span class='ocrx_word' id='word_1_391' title='bbox 3053 2664 3122 2716; x_wconf 81' lang='grc' dir='ltr'><strong>ἂν</strong></span> <span class='ocrx_word' id='word_1_392' title='bbox 3170 2661 3258 2731; x_wconf 80' lang='grc' dir='ltr'><strong>εἴη</strong></span> <span class='ocrx_word' id='word_1_393' title='bbox 3281 2660 3377 2713; x_wconf 75' lang='grc' dir='ltr'><strong>καὶ</strong></span> <span class='ocrx_word' id='word_1_394' title='bbox 3425 2661 3492 2730; x_wconf 74' lang='grc' dir='ltr'><strong>τῇ</strong></span> <span class='ocrx_word' id='word_1_395' title='bbox 3550 2658 3710 2728; x_wconf 77' lang='grc' dir='ltr'><strong>χρείᾳ</strong></span> 
     </span>
    </p>
   </div>
   <div class='ocr_carea' id='block_1_58' title="bbox 2125 2749 3711 2835">
    <p class='ocr_par' dir='ltr' id='par_1_58' title="bbox 2125 2749 3711 2835">
     <span class='ocr_line' id='line_1_59' title="bbox 2125 2749 3711 2835; baseline -0.013 -16"><span class='ocrx_word' id='word_1_396' title='bbox 2125 2764 2199 2835; x_wconf 79' lang='grc' dir='ltr'><strong>μὴ</strong></span> <span class='ocrx_word' id='word_1_397' title='bbox 2223 2761 2559 2833; x_wconf 81' lang='grc' dir='ltr'><strong>κατάλληλον</strong></span> <span class='ocrx_word' id='word_1_398' title='bbox 2584 2759 2673 2812; x_wconf 76' lang='grc' dir='ltr'><strong>τὸν</strong></span> <span class='ocrx_word' id='word_1_399' title='bbox 2704 2758 2862 2825; x_wconf 89' lang='grc' dir='ltr'><strong>λόγον</strong></span> <span class='ocrx_word' id='word_1_400' title='bbox 2887 2757 3207 2825; x_wconf 86' lang='grc' dir='ltr'><strong>ποιήσομαι,</strong></span> <span class='ocrx_word' id='word_1_401' title='bbox 3238 2751 3340 2821; x_wconf 79' lang='grc' dir='ltr'><strong>τῆς</strong></span> <span class='ocrx_word' id='word_1_402' title='bbox 3362 2749 3711 2821; x_wconf 80' lang='grc' dir='ltr'><strong>συμμετρίας</strong></span> 
     </span>
    </p>
   </div>
   <div class='ocr_carea' id='block_1_59' title="bbox 2121 2838 3712 2925">
    <p class='ocr_par' dir='ltr' id='par_1_59' title="bbox 2121 2838 3712 2925">
     <span class='ocr_line' id='line_1_60' title="bbox 2121 2838 3712 2925; baseline -0.013 -16"><span class='ocrx_word' id='word_1_403' title='bbox 2121 2856 2213 2909; x_wconf 78' lang='grc' dir='ltr'><strong>τὸν</strong></span> <span class='ocrx_word' id='word_1_404' title='bbox 2240 2855 2406 2925; x_wconf 89' lang='grc' dir='ltr'><strong>νόμον</strong></span> <span class='ocrx_word' id='word_1_405' title='bbox 2438 2848 2901 2921; x_wconf 85' lang='grc' dir='ltr'><strong>καθυπερϐαίνων</strong></span> <span class='ocrx_word' id='word_1_406' title='bbox 2924 2862 2940 2878; x_wconf 88' lang='grc'><strong>·</strong></span> <span class='ocrx_word' id='word_1_407' title='bbox 2973 2847 3060 2901; x_wconf 85' lang='grc' dir='ltr'><strong>ἵνα</strong></span> <span class='ocrx_word' id='word_1_408' title='bbox 3083 2845 3157 2914; x_wconf 82' lang='grc' dir='ltr'><strong>μὴ</strong></span> <span class='ocrx_word' id='word_1_409' title='bbox 3185 2843 3331 2911; x_wconf 80' lang='grc' dir='ltr'><strong>λέγω</strong></span> <span class='ocrx_word' id='word_1_410' title='bbox 3361 2842 3445 2894; x_wconf 84' lang='grc' dir='ltr'><strong>ὅτι</strong></span> <span class='ocrx_word' id='word_1_411' title='bbox 3472 2841 3569 2893; x_wconf 81' lang='grc' dir='ltr'><strong>καὶ</strong></span> <span class='ocrx_word' id='word_1_412' title='bbox 3614 2838 3712 2909; x_wconf 77' lang='grc' dir='ltr'><strong>τὴν</strong></span> 
     </span>
    </p>
   </div>
   <div class='ocr_carea' id='block_1_60' title="bbox 2124 2931 3712 3019">
    <p class='ocr_par' dir='ltr' id='par_1_60' title="bbox 2124 2931 3712 3019">
     <span class='ocr_line' id='line_1_61' title="bbox 2124 2931 3712 3019; baseline -0.013 -18"><span class='ocrx_word' id='word_1_413' title='bbox 2124 2949 2224 3019; x_wconf 80' lang='grc' dir='ltr'><strong>σὴν</strong></span> <span class='ocrx_word' id='word_1_414' title='bbox 2254 2945 2574 3019; x_wconf 75' lang='grc' dir='ltr'><strong>ἀρῤᾁθυμον</strong></span> <span class='ocrx_word' id='word_1_415' title='bbox 2608 2943 2778 3013; x_wconf 82' lang='grc' dir='ltr'><strong>ἀκοὴν</strong></span> <span class='ocrx_word' id='word_1_416' title='bbox 2808 2938 3149 2998; x_wconf 83' lang='grc' dir='ltr'><strong>ἀποκναίσω,</strong></span> <span class='ocrx_word' id='word_1_417' title='bbox 3173 2937 3221 2988; x_wconf 84' lang='grc' dir='ltr'><strong>εί</strong></span> <span class='ocrx_word' id='word_1_418' title='bbox 3254 2935 3346 2988; x_wconf 77' lang='grc' dir='ltr'><strong>καὶ</strong></span> <span class='ocrx_word' id='word_1_419' title='bbox 3376 2933 3544 2986; x_wconf 80' lang='grc' dir='ltr'><strong>ὅτιδι’</strong></span> <span class='ocrx_word' id='word_1_420' title='bbox 3583 2931 3712 3000; x_wconf 65' lang='grc' dir='ltr'><strong>ἐφέ-</strong></span> 
     </span>
    </p>
   </div>
   <div class='ocr_carea' id='block_1_61' title="bbox 434 3022 2021 3112">
    <p class='ocr_par' dir='ltr' id='par_1_61' title="bbox 434 3022 2017 3100">
     <span class='ocr_line' id='line_1_62' title="bbox 434 3022 2017 3100; baseline -0.015 -1"><span class='ocrx_word' id='word_1_421' title='bbox 434 3022 663 3100; x_wconf 54' lang='lat' dir='ltr'><strong>a—uribus</strong></span> <span class='ocrx_word' id='word_1_422' title='bbox 694 3038 939 3096; x_wconf 77' lang='lat' dir='ltr'><strong>audienti</strong></span> <span class='ocrx_word' id='word_1_423' title='bbox 980 3036 1076 3092; x_wconf 90' lang='lat' dir='ltr'><strong>tibi</strong></span> <span class='ocrx_word' id='word_1_424' title='bbox 1107 3033 1429 3097; x_wconf 84' lang='lat' dir='ltr'><strong>obtundam,</strong></span> <span class='ocrx_word' id='word_1_425' title='bbox 1458 3030 1585 3086; x_wconf 83' lang='lat' dir='ltr'><strong>licet</strong></span> <span class='ocrx_word' id='word_1_426' title='bbox 1611 3026 1870 3084; x_wconf 82' lang='lat' dir='ltr'><strong>audiendi</strong></span> <span class='ocrx_word' id='word_1_427' title='bbox 1905 3024 2017 3079; x_wconf 83' lang='lat' dir='ltr'><strong>avi-</strong></span> 
     </span>
    </p>
   </div>
   <div class='ocr_carea' id='block_1_62' title="bbox 2124 3022 3713 3112">
    <p class='ocr_par' dir='ltr' id='par_1_62' title="bbox 2125 3022 3713 3109">
     <span class='ocr_line' id='line_1_63' title="bbox 2125 3022 3713 3109; baseline -0.011 -14"><span class='ocrx_word' id='word_1_428' title='bbox 2125 3059 2265 3103; x_wconf 85' lang='grc' dir='ltr'><strong>σεως</strong></span> <span class='ocrx_word' id='word_1_429' title='bbox 2317 3040 2462 3109; x_wconf 73' lang='grc' dir='ltr'><strong>ἔχεις</strong></span> <span class='ocrx_word' id='word_1_430' title='bbox 2517 3040 2630 3101; x_wconf 82' lang='grc' dir='ltr'><strong>τοῖς</strong></span> <span class='ocrx_word' id='word_1_431' title='bbox 2680 3035 3000 3104; x_wconf 77' lang='grc' dir='ltr'><strong>λεγομένοις</strong></span> <span class='ocrx_word' id='word_1_432' title='bbox 3044 3026 3522 3099; x_wconf 78' lang='grc' dir='ltr'><strong>ὲπακροάσασθαι.</strong></span> <span class='ocrx_word' id='word_1_433' title='bbox 3572 3022 3713 3080; x_wconf 81' lang='grc' dir='ltr'><strong>Ἀλλ’</strong></span> 
     </span>
    </p>
   </div>
   <div class='ocr_carea' id='block_1_63' title="bbox 432 3120 2020 3201">
    <p class='ocr_par' dir='ltr' id='par_1_63' title="bbox 432 3120 2020 3201">
     <span class='ocr_line' id='line_1_64' title="bbox 432 3120 2020 3201; baseline -0.015 -8"><span class='ocrx_word' id='word_1_434' title='bbox 432 3138 601 3193; x_wconf 88' lang='lat' dir='ltr'><strong>ditate</strong></span> <span class='ocrx_word' id='word_1_435' title='bbox 654 3135 723 3190; x_wconf 87' lang='lat' dir='ltr'><strong>ad</strong></span> <span class='ocrx_word' id='word_1_436' title='bbox 779 3147 843 3189; x_wconf 83' lang='lat' dir='ltr'><strong>ea</strong></span> <span class='ocrx_word' id='word_1_437' title='bbox 896 3144 1018 3201; x_wconf 64' lang='lat' dir='ltr'><strong>quae</strong></span> <span class='ocrx_word' id='word_1_438' title='bbox 1063 3127 1294 3183; x_wconf 88' lang='lat' dir='ltr'><strong>dicenda</strong></span> <span class='ocrx_word' id='word_1_439' title='bbox 1354 3139 1385 3178; x_wconf 85' lang='lat' dir='ltr'><strong>a</strong></span> <span class='ocrx_word' id='word_1_440' title='bbox 1444 3137 1531 3178; x_wconf 86' lang='lat' dir='ltr'><strong>me</strong></span> <span class='ocrx_word' id='word_1_441' title='bbox 1596 3128 1728 3177; x_wconf 87' lang='lat' dir='ltr'><strong>sunt</strong></span> <span class='ocrx_word' id='word_1_442' title='bbox 1778 3120 2020 3173; x_wconf 89' lang='lat' dir='ltr'><strong>animum</strong></span> 
     </span>
    </p>
   </div>
   <div class='ocr_carea' id='block_1_64' title="bbox 435 3215 2026 3291">
    <p class='ocr_par' dir='ltr' id='par_1_64' title="bbox 435 3215 2026 3291">
     <span class='ocr_line' id='line_1_65' title="bbox 435 3215 2026 3291; baseline -0.014 -5"><span class='ocrx_word' id='word_1_443' title='bbox 435 3233 710 3285; x_wconf 86' lang='lat' dir='ltr'><strong>advertas.</strong></span> <span class='ocrx_word' id='word_1_444' title='bbox 774 3224 1007 3291; x_wconf 83' lang='lat' dir='ltr'><strong>Quando</strong></span> <span class='ocrx_word' id='word_1_445' title='bbox 1064 3221 1233 3291; x_wconf 83' lang='lat' dir='ltr'><strong>igitur</strong></span> <span class='ocrx_word' id='word_1_446' title='bbox 1284 3218 1396 3289; x_wconf 84' lang='lat' dir='ltr'><strong>jam</strong></span> <span class='ocrx_word' id='word_1_447' title='bbox 1456 3215 1616 3270; x_wconf 87' lang='lat' dir='ltr'><strong>initio</strong></span> <span class='ocrx_word' id='word_1_448' title='bbox 1686 3218 2026 3281; x_wconf 86' lang='lat' dir='ltr'><strong>perattentas</strong></span> 
     </span>
    </p>
   </div>
   <div class='ocr_carea' id='block_1_65' title="bbox 436 3303 2023 3391">
    <p class='ocr_par' dir='ltr' id='par_1_65' title="bbox 436 3303 2023 3391">
     <span class='ocr_line' id='line_1_66' title="bbox 436 3303 2023 3391; baseline -0.015 -13"><span class='ocrx_word' id='word_1_449' title='bbox 436 3338 599 3379; x_wconf 80' lang='lat' dir='ltr'><strong>aures</strong></span> <span class='ocrx_word' id='word_1_450' title='bbox 646 3317 929 3391; x_wconf 82' lang='lat' dir='ltr'><strong>pollicitus</strong></span> <span class='ocrx_word' id='word_1_451' title='bbox 972 3330 1065 3380; x_wconf 85' lang='lat' dir='ltr'><strong>es,</strong></span> <span class='ocrx_word' id='word_1_452' title='bbox 1100 3312 1165 3369; x_wconf 88' lang='lat' dir='ltr'><strong>ad</strong></span> <span class='ocrx_word' id='word_1_453' title='bbox 1202 3319 1389 3368; x_wconf 88' lang='lat' dir='ltr'><strong>nostra</strong></span> <span class='ocrx_word' id='word_1_454' title='bbox 1447 3304 1760 3364; x_wconf 86' lang='lat' dir='ltr'><strong>enarranda</strong></span> <span class='ocrx_word' id='word_1_455' title='bbox 1793 3304 1843 3357; x_wconf 91' lang='lat' dir='ltr'><strong>in</strong></span> <span class='ocrx_word' id='word_1_456' title='bbox 1879 3303 2023 3357; x_wconf 86' lang='lat' dir='ltr'><strong>hunc</strong></span> 
     </span>
    </p>
   </div>
   <div class='ocr_carea' id='block_1_66' title="bbox 437 3409 1023 3481">
    <p class='ocr_par' dir='ltr' id='par_1_66' title="bbox 437 3409 1023 3481">
     <span class='ocr_line' id='line_1_67' title="bbox 437 3409 1023 3481; baseline -0.019 -10"><span class='ocrx_word' id='word_1_457' title='bbox 437 3416 661 3471; x_wconf 86' lang='lat' dir='ltr'><strong>modum</strong></span> <span class='ocrx_word' id='word_1_458' title='bbox 717 3409 1023 3481; x_wconf 81' lang='lat' dir='ltr'><strong>aggredior.</strong></span> 
     </span>
    </p>
   </div>
   <div class='ocr_carea' id='block_1_67' title="bbox 506 3485 2023 3564">
    <p class='ocr_par' dir='ltr' id='par_1_67' title="bbox 506 3485 2023 3564">
     <span class='ocr_line' id='line_1_68' title="bbox 506 3485 2023 3564; baseline -0.013 -7"><span class='ocrx_word' id='word_1_459' title='bbox 506 3503 563 3557; x_wconf 80' lang='lat'><strong>3.</strong></span> <span class='ocrx_word' id='word_1_460' title='bbox 629 3498 852 3564; x_wconf 83' lang='lat' dir='ltr'><strong>Nostra,</strong></span> <span class='ocrx_word' id='word_1_461' title='bbox 899 3511 933 3551; x_wconf 91' lang='grc' dir='ltr'><strong>ο</strong></span> <span class='ocrx_word' id='word_1_462' title='bbox 982 3495 1176 3559; x_wconf 90' lang='lat' dir='ltr'><strong>amice,</strong></span> <span class='ocrx_word' id='word_1_463' title='bbox 1229 3490 1429 3563; x_wconf 86' lang='lat' dir='ltr'><strong>patria.</strong></span> <span class='ocrx_word' id='word_1_464' title='bbox 1469 3485 1866 3543; x_wconf 81' lang='lat' dir='ltr'><strong>Thessalonica</strong></span> <span class='ocrx_word' id='word_1_465' title='bbox 1920 3493 2023 3538; x_wconf 83' lang='lat' dir='ltr'><strong>est.</strong></span> 
     </span>
    </p>
   </div>
   <div class='ocr_carea' id='block_1_68' title="bbox 437 3576 2025 3656">
    <p class='ocr_par' dir='ltr' id='par_1_68' title="bbox 437 3576 2025 3656">
     <span class='ocr_line' id='line_1_69' title="bbox 437 3576 2025 3656; baseline -0.013 -11"><span class='ocrx_word' id='word_1_466' title='bbox 437 3590 591 3645; x_wconf 88' lang='lat' dir='ltr'><strong>llanc</strong></span> <span class='ocrx_word' id='word_1_467' title='bbox 626 3588 774 3644; x_wconf 88' lang='lat' dir='ltr'><strong>enim</strong></span> <span class='ocrx_word' id='word_1_468' title='bbox 834 3586 1070 3656; x_wconf 89' lang='lat' dir='ltr'><strong>primum</strong></span> <span class='ocrx_word' id='word_1_469' title='bbox 1100 3583 1198 3637; x_wconf 88' lang='lat' dir='ltr'><strong>tibi</strong></span> <span class='ocrx_word' id='word_1_470' title='bbox 1234 3590 1419 3635; x_wconf 84' lang='lat' dir='ltr'><strong>notam</strong></span> <span class='ocrx_word' id='word_1_471' title='bbox 1462 3576 1682 3642; x_wconf 79' lang='lat' dir='ltr'><strong>faciam,</strong></span> <span class='ocrx_word' id='word_1_472' title='bbox 1728 3589 1821 3645; x_wconf 89' lang='lat' dir='ltr'><strong>per</strong></span> <span class='ocrx_word' id='word_1_473' title='bbox 1858 3586 2025 3643; x_wconf 82' lang='lat' dir='ltr'><strong>quam</strong></span> 
     </span>
    </p>
   </div>
   <div class='ocr_carea' id='block_1_69' title="bbox 438 3667 2027 3749">
    <p class='ocr_par' dir='ltr' id='par_1_69' title="bbox 438 3667 2027 3749">
     <span class='ocr_line' id='line_1_70' title="bbox 438 3667 2027 3749; baseline -0.009 -11"><span class='ocrx_word' id='word_1_474' title='bbox 438 3682 571 3738; x_wconf 86' lang='lat' dir='ltr'><strong>mihi</strong></span> <span class='ocrx_word' id='word_1_475' title='bbox 623 3682 795 3736; x_wconf 83' lang='lat' dir='ltr'><strong>multa</strong></span> <span class='ocrx_word' id='word_1_476' title='bbox 853 3690 1189 3749; x_wconf 75' lang='lat' dir='ltr'><strong>cognoscere</strong></span> <span class='ocrx_word' id='word_1_477' title='bbox 1224 3673 1377 3730; x_wconf 92' lang='lat' dir='ltr'><strong>licuit</strong></span> <span class='ocrx_word' id='word_1_478' title='bbox 1432 3686 1555 3743; x_wconf 67' lang='lat' dir='ltr'><strong>quae</strong></span> <span class='ocrx_word' id='word_1_479' title='bbox 1620 3681 1781 3725; x_wconf 86' lang='lat' dir='ltr'><strong>antea</strong></span> <span class='ocrx_word' id='word_1_480' title='bbox 1841 3667 2027 3723; x_wconf 77' lang='lat' dir='ltr'><strong>nullus</strong></span> 
     </span>
    </p>
   </div>
   <div class='ocr_carea' id='block_1_70' title="bbox 439 3760 2026 3841">
    <p class='ocr_par' dir='ltr' id='par_1_70' title="bbox 439 3760 2026 3841">
     <span class='ocr_line' id='line_1_71' title="bbox 439 3760 2026 3841; baseline -0.01 -12"><span class='ocrx_word' id='word_1_481' title='bbox 439 3788 699 3830; x_wconf 82' lang='lat' dir='ltr'><strong>noveram</strong></span> <span class='ocrx_word' id='word_1_482' title='bbox 729 3788 744 3839; x_wconf 88' lang='lat'><strong>;</strong></span> <span class='ocrx_word' id='word_1_483' title='bbox 776 3779 831 3825; x_wconf 88' lang='lat' dir='ltr'><strong>et</strong></span> <span class='ocrx_word' id='word_1_484' title='bbox 869 3768 965 3841; x_wconf 90' lang='lat' dir='ltr'><strong>qui</strong></span> <span class='ocrx_word' id='word_1_485' title='bbox 995 3770 1049 3824; x_wconf 92' lang='lat' dir='ltr'><strong>in</strong></span> <span class='ocrx_word' id='word_1_486' title='bbox 1081 3766 1160 3823; x_wconf 88' lang='lat' dir='ltr'><strong>tui</strong></span> <span class='ocrx_word' id='word_1_487' title='bbox 1197 3767 1312 3836; x_wconf 82' lang='lat' dir='ltr'><strong>jam</strong></span> <span class='ocrx_word' id='word_1_488' title='bbox 1350 3763 1726 3836; x_wconf 84' lang='lat' dir='ltr'><strong>cognitionem</strong></span> <span class='ocrx_word' id='word_1_489' title='bbox 1759 3760 2026 3825; x_wconf 86' lang='lat' dir='ltr'><strong>venerim,</strong></span> 
     </span>
    </p>
   </div>
   <div class='ocr_carea' id='block_1_71' title="bbox 437 3849 2031 3935">
    <p class='ocr_par' dir='ltr' id='par_1_71' title="bbox 437 3849 2031 3935">
     <span class='ocr_line' id='line_1_72' title="bbox 437 3849 2031 3935; baseline -0.01 -14"><span class='ocrx_word' id='word_1_490' title='bbox 437 3866 560 3935; x_wconf 77' lang='lat' dir='ltr'><strong>ejus</strong></span> <span class='ocrx_word' id='word_1_491' title='bbox 634 3864 807 3934; x_wconf 85' lang='lat' dir='ltr'><strong>ipsius</strong></span> <span class='ocrx_word' id='word_1_492' title='bbox 884 3872 1134 3917; x_wconf 77' lang='lat' dir='ltr'><strong>exactam</strong></span> <span class='ocrx_word' id='word_1_493' title='bbox 1201 3858 1367 3913; x_wconf 85' lang='lat' dir='ltr'><strong>edere</strong></span> <span class='ocrx_word' id='word_1_494' title='bbox 1434 3854 1805 3925; x_wconf 81' lang='lat' dir='ltr'><strong>cognitionem</strong></span> <span class='ocrx_word' id='word_1_495' title='bbox 1868 3849 2031 3924; x_wconf 71' lang='lat' dir='ltr'><strong>cilicii</strong></span> 
     </span>
    </p>
   </div>
   <div class='ocr_carea' id='block_1_72' title="bbox 438 3943 2029 4030">
    <p class='ocr_par' dir='ltr' id='par_1_72' title="bbox 438 3943 2029 4030">
     <span class='ocr_line' id='line_1_73' title="bbox 438 3943 2029 4030; baseline -0.01 -17"><span class='ocrx_word' id='word_1_496' title='bbox 438 3959 599 4030; x_wconf 88' lang='lat' dir='ltr'><strong>quasi</strong></span> <span class='ocrx_word' id='word_1_497' title='bbox 652 3955 775 4026; x_wconf 87' lang='lat' dir='ltr'><strong>jure</strong></span> <span class='ocrx_word' id='word_1_498' title='bbox 819 3954 929 4009; x_wconf 89' lang='lat' dir='ltr'><strong>tuis</strong></span> <span class='ocrx_word' id='word_1_499' title='bbox 962 3953 1104 4007; x_wconf 87' lang='lat' dir='ltr'><strong>votis</strong></span> <span class='ocrx_word' id='word_1_500' title='bbox 1147 3948 1469 4019; x_wconf 87' lang='lat' dir='ltr'><strong>compellor.</strong></span> <span class='ocrx_word' id='word_1_501' title='bbox 1500 3944 1706 4016; x_wconf 84' lang='lat' dir='ltr'><strong>Nempe</strong></span> <span class='ocrx_word' id='word_1_502' title='bbox 1751 3943 1883 3998; x_wconf 86' lang='lat' dir='ltr'><strong>urbs</strong></span> <span class='ocrx_word' id='word_1_503' title='bbox 1910 3955 2029 3998; x_wconf 84' lang='lat' dir='ltr'><strong>ma-</strong></span> 
     </span>
    </p>
   </div>
   <div class='ocr_carea' id='block_1_73' title="bbox 438 4032 2030 4121">
    <p class='ocr_par' dir='ltr' id='par_1_73' title="bbox 438 4032 2030 4121">
     <span class='ocr_line' id='line_1_74' title="bbox 438 4032 2030 4121; baseline -0.01 -19"><span class='ocrx_word' id='word_1_504' title='bbox 438 4062 547 4121; x_wconf 77' lang='lat' dir='ltr'><strong>gna</strong></span> <span class='ocrx_word' id='word_1_505' title='bbox 585 4045 724 4102; x_wconf 90' lang='lat' dir='ltr'><strong>mihi</strong></span> <span class='ocrx_word' id='word_1_506' title='bbox 756 4041 1105 4115; x_wconf 80' lang='lat' dir='ltr'><strong>explicanda,</strong></span> <span class='ocrx_word' id='word_1_507' title='bbox 1138 4048 1193 4095; x_wconf 91' lang='lat' dir='ltr'><strong>et</strong></span> <span class='ocrx_word' id='word_1_508' title='bbox 1246 4053 1371 4109; x_wconf 68' lang='lat' dir='ltr'><strong>qua:</strong></span> <span class='ocrx_word' id='word_1_509' title='bbox 1423 4048 1606 4110; x_wconf 84' lang='lat' dir='ltr'><strong>genus</strong></span> <span class='ocrx_word' id='word_1_510' title='bbox 1671 4032 2030 4090; x_wconf 83' lang='lat' dir='ltr'><strong>Macedonum</strong></span> 
     </span>
    </p>
   </div>
   <div class='ocr_carea' id='block_1_74' title="bbox 2126 3114 3711 3198">
    <p class='ocr_par' dir='ltr' id='par_1_74' title="bbox 2126 3114 3711 3198">
     <span class='ocr_line' id='line_1_75' title="bbox 2126 3114 3711 3198; baseline -0.01 -15"><span class='ocrx_word' id='word_1_511' title='bbox 2126 3128 2317 3198; x_wconf 79' lang='grc' dir='ltr'><strong>ίιπειδὴ</strong></span> <span class='ocrx_word' id='word_1_512' title='bbox 2346 3127 2533 3181; x_wconf 86' lang='grc' dir='ltr'><strong>τοίνυν</strong></span> <span class='ocrx_word' id='word_1_513' title='bbox 2556 3126 2716 3179; x_wconf 88' lang='grc' dir='ltr'><strong>τοῦτο</strong></span> <span class='ocrx_word' id='word_1_514' title='bbox 2740 3122 3051 3192; x_wconf 82' lang='grc' dir='ltr'><strong>κατ’ἀρχὰς</strong></span> <span class='ocrx_word' id='word_1_515' title='bbox 3079 3119 3341 3188; x_wconf 70' lang='grc' dir='ltr'><strong>ὑπέσχου,</strong></span> <span class='ocrx_word' id='word_1_516' title='bbox 3359 3116 3423 3172; x_wconf 78' lang='grc' dir='ltr'><strong>τὸ</strong></span> <span class='ocrx_word' id='word_1_517' title='bbox 3445 3114 3711 3185; x_wconf 82' lang='grc' dir='ltr'><strong>νουνεχῶς</strong></span> 
     </span>
    </p>
   </div>
   <div class='ocr_carea' id='block_1_75' title="bbox 2125 3201 3267 3289">
    <p class='ocr_par' dir='ltr' id='par_1_75' title="bbox 2125 3201 3267 3289">
     <span class='ocr_line' id='line_1_76' title="bbox 2125 3201 3267 3289; baseline -0.012 -13"><span class='ocrx_word' id='word_1_518' title='bbox 2125 3221 2367 3286; x_wconf 73' lang='grc' dir='ltr'><strong>ἀκούειν,</strong></span> <span class='ocrx_word' id='word_1_519' title='bbox 2404 3217 2640 3289; x_wconf 80' lang='grc' dir='ltr'><strong>ἄρχομαι</strong></span> <span class='ocrx_word' id='word_1_520' title='bbox 2674 3214 2786 3269; x_wconf 80' lang='grc' dir='ltr'><strong>τῶν</strong></span> <span class='ocrx_word' id='word_1_521' title='bbox 2814 3213 2947 3267; x_wconf 82' lang='grc' dir='ltr'><strong>καθ’</strong></span> <span class='ocrx_word' id='word_1_522' title='bbox 2967 3212 3116 3282; x_wconf 77' lang='grc' dir='ltr'><strong>ἡμᾶς</strong></span> <span class='ocrx_word' id='word_1_523' title='bbox 3144 3201 3267 3264; x_wconf 79' lang='grc' dir='ltr'><strong>ὧδε.</strong></span> 
     </span>
    </p>
   </div>
   <div class='ocr_carea' id='block_1_76' title="bbox 2198 3469 3712 3557">
    <p class='ocr_par' dir='ltr' id='par_1_76' title="bbox 2198 3469 3712 3557">
     <span class='ocr_line' id='line_1_77' title="bbox 2198 3469 3712 3557; baseline -0.014 -15"><span class='ocrx_word' id='word_1_524' title='bbox 2198 3506 2269 3557; x_wconf 90' lang='grc' dir='ltr'><strong>γ.</strong></span> <span class='ocrx_word' id='word_1_525' title='bbox 2314 3488 2526 3555; x_wconf 76' lang='grc' dir='ltr'><strong>Ἦμεις,</strong></span> <span class='ocrx_word' id='word_1_526' title='bbox 2561 3501 2605 3538; x_wconf 88' lang='grc' dir='ltr'><strong>ω</strong></span> <span class='ocrx_word' id='word_1_527' title='bbox 2648 3482 2822 3548; x_wconf 83' lang='grc' dir='ltr'><strong>φίλος,</strong></span> <span class='ocrx_word' id='word_1_528' title='bbox 2860 3476 3119 3548; x_wconf 83' lang='grc' dir='ltr'><strong>πατρίδος</strong></span> <span class='ocrx_word' id='word_1_529' title='bbox 3171 3473 3339 3545; x_wconf 71' lang='grc' dir='ltr'><strong>ἐσμὲν</strong></span> <span class='ocrx_word' id='word_1_530' title='bbox 3389 3469 3712 3526; x_wconf 82' lang='grc' dir='ltr'><strong>Θεσσαλονί-</strong></span> 
     </span>
    </p>
   </div>
   <div class='ocr_carea' id='block_1_77' title="bbox 2129 3556 3713 3655">
    <p class='ocr_par' dir='ltr' id='par_1_77' title="bbox 2129 3556 3713 3655">
     <span class='ocr_line' id='line_1_78' title="bbox 2129 3556 3713 3655; baseline -0.016 -18"><span class='ocrx_word' id='word_1_531' title='bbox 2129 3579 2470 3655; x_wconf 81' lang='grc' dir='ltr'><strong>κηςάὐτὴν</strong></span> <span class='ocrx_word' id='word_1_532' title='bbox 2520 3578 2629 3647; x_wconf 83' lang='grc' dir='ltr'><strong>γὰρ</strong></span> <span class='ocrx_word' id='word_1_533' title='bbox 2686 3572 2914 3646; x_wconf 83' lang='grc' dir='ltr'><strong>πρώτην</strong></span> <span class='ocrx_word' id='word_1_534' title='bbox 2964 3565 3313 3639; x_wconf 84' lang='grc' dir='ltr'><strong>γνωριοῦμαί</strong></span> <span class='ocrx_word' id='word_1_535' title='bbox 3363 3581 3469 3629; x_wconf 89' lang='grc' dir='ltr'><strong>σοι,</strong></span> <span class='ocrx_word' id='word_1_536' title='bbox 3512 3562 3582 3615; x_wconf 89' lang='grc' dir='ltr'><strong>δι’</strong></span> <span class='ocrx_word' id='word_1_537' title='bbox 3642 3556 3713 3634; x_wconf 75' lang='grc' dir='ltr'><strong>ἧς</strong></span> 
     </span>
    </p>
   </div>
   <div class='ocr_carea' id='block_1_78' title="bbox 2128 3654 3713 3745">
    <p class='ocr_par' dir='ltr' id='par_1_78' title="bbox 2128 3654 3713 3745">
     <span class='ocr_line' id='line_1_79' title="bbox 2128 3654 3713 3745; baseline -0.015 -15"><span class='ocrx_word' id='word_1_538' title='bbox 2128 3654 2301 3745; x_wconf 73' lang='grc' dir='ltr'><strong>ἔγνων</strong></span> <span class='ocrx_word' id='word_1_539' title='bbox 2319 3667 2395 3727; x_wconf 82' lang='grc' dir='ltr'><strong>ὧν</strong></span> <span class='ocrx_word' id='word_1_540' title='bbox 2422 3669 2575 3725; x_wconf 79' lang='grc' dir='ltr'><strong>οῦπω</strong></span> <span class='ocrx_word' id='word_1_541' title='bbox 2608 3666 2869 3737; x_wconf 80' lang='grc' dir='ltr'><strong>ἐγνώκειν</strong></span> <span class='ocrx_word' id='word_1_542' title='bbox 2888 3660 3060 3717; x_wconf 84' lang='grc' dir='ltr'><strong>πολλά</strong></span> <span class='ocrx_word' id='word_1_543' title='bbox 3081 3679 3095 3693; x_wconf 73' lang='grc'><strong>⁸</strong></span> <span class='ocrx_word' id='word_1_544' title='bbox 3115 3660 3211 3715; x_wconf 69' lang='grc' dir='ltr'><strong>καὶ</strong></span> <span class='ocrx_word' id='word_1_545' title='bbox 3242 3657 3328 3713; x_wconf 83' lang='grc' dir='ltr'><strong>σοί</strong></span> <span class='ocrx_word' id='word_1_546' title='bbox 3358 3674 3425 3726; x_wconf 86' lang='grc' dir='ltr'><strong>γε</strong></span> <span class='ocrx_word' id='word_1_547' title='bbox 3448 3654 3713 3726; x_wconf 62' lang='grc' dir='ltr'><strong>γνωσθετς</strong></span> 
     </span>
    </p>
   </div>
   <div class='ocr_carea' id='block_1_79' title="bbox 2127 3752 3708 3841">
    <p class='ocr_par' dir='ltr' id='par_1_79' title="bbox 2127 3752 3708 3841">
     <span class='ocr_line' id='line_1_80' title="bbox 2127 3752 3708 3841; baseline -0.012 -19"><span class='ocrx_word' id='word_1_548' title='bbox 2127 3769 2252 3841; x_wconf 77' lang='grc' dir='ltr'><strong>ἄρτι</strong></span> <span class='ocrx_word' id='word_1_549' title='bbox 2272 3766 2372 3837; x_wconf 78' lang='grc' dir='ltr'><strong>τὴν</strong></span> <span class='ocrx_word' id='word_1_550' title='bbox 2404 3763 2534 3835; x_wconf 74' lang='grc' dir='ltr'><strong>περὶ</strong></span> <span class='ocrx_word' id='word_1_551' title='bbox 2563 3760 2731 3831; x_wconf 81' lang='grc' dir='ltr'><strong>αὐτῆς</strong></span> <span class='ocrx_word' id='word_1_552' title='bbox 2761 3757 2978 3828; x_wconf 71' lang='grc' dir='ltr'><strong>ὲκείνης</strong></span> <span class='ocrx_word' id='word_1_553' title='bbox 3023 3752 3229 3824; x_wconf 83' lang='grc' dir='ltr'><strong>γνῶσιν</strong></span> <span class='ocrx_word' id='word_1_554' title='bbox 3274 3754 3708 3821; x_wconf 81' lang='grc' dir='ltr'><strong>είσπράττομαι,</strong></span> 
     </span>
    </p>
   </div>
   <div class='ocr_carea' id='block_1_80' title="bbox 2129 3837 3714 3925">
    <p class='ocr_par' dir='ltr' id='par_1_80' title="bbox 2129 3837 3714 3925">
     <span class='ocr_line' id='line_1_81' title="bbox 2129 3837 3714 3925; baseline -0.014 -10"><span class='ocrx_word' id='word_1_555' title='bbox 2129 3837 2340 3923; x_wconf 82' lang='grc' dir='ltr'><strong>πόλεως</strong></span> <span class='ocrx_word' id='word_1_556' title='bbox 2379 3854 2623 3925; x_wconf 82' lang='grc' dir='ltr'><strong>μεγάλης</strong></span> <span class='ocrx_word' id='word_1_557' title='bbox 2657 3850 2754 3904; x_wconf 68' lang='grc' dir='ltr'><strong>καὶ</strong></span> <span class='ocrx_word' id='word_1_558' title='bbox 2770 3847 2998 3918; x_wconf 81' lang='grc' dir='ltr'><strong>πρώτης</strong></span> <span class='ocrx_word' id='word_1_559' title='bbox 3021 3845 3132 3899; x_wconf 85' lang='grc' dir='ltr'><strong>τῶν</strong></span> <span class='ocrx_word' id='word_1_560' title='bbox 3162 3842 3514 3910; x_wconf 78' lang='grc' dir='ltr'><strong>Μακεδόνων,</strong></span> <span class='ocrx_word' id='word_1_561' title='bbox 3539 3837 3714 3896; x_wconf 80' lang='grc' dir='ltr'><strong>τᾶλλα</strong></span> 
     </span>
    </p>
   </div>
   <div class='ocr_carea' id='block_1_81' title="bbox 2133 3930 3714 4023">
    <p class='ocr_par' dir='ltr' id='par_1_81' title="bbox 2133 3930 3714 4023">
     <span class='ocr_line' id='line_1_82' title="bbox 2133 3930 3714 4023; baseline -0.014 -19"><span class='ocrx_word' id='word_1_562' title='bbox 2133 3950 2234 4023; x_wconf 73' lang='grc' dir='ltr'><strong>μὲν</strong></span> <span class='ocrx_word' id='word_1_563' title='bbox 2262 3944 2599 4019; x_wconf 78' lang='grc' dir='ltr'><strong>περιφανοῦς</strong></span> <span class='ocrx_word' id='word_1_564' title='bbox 2628 3935 2710 4005; x_wconf 76' lang='grc' dir='ltr'><strong>οἷς</strong></span> <span class='ocrx_word' id='word_1_565' title='bbox 2742 3937 3067 4011; x_wconf 84' lang='grc' dir='ltr'><strong>σεμνύνεται</strong></span> <span class='ocrx_word' id='word_1_566' title='bbox 3108 3933 3286 3998; x_wconf 83' lang='grc' dir='ltr'><strong>πόλις,</strong></span> <span class='ocrx_word' id='word_1_567' title='bbox 3319 3934 3414 3986; x_wconf 79' lang='grc' dir='ltr'><strong>καὶ</strong></span> <span class='ocrx_word' id='word_1_568' title='bbox 3470 3930 3714 4002; x_wconf 70' lang='grc' dir='ltr'><strong>μηδεμιᾷ</strong></span> 
     </span>
    </p>
   </div>
   <div class='ocr_carea' id='block_1_82' title="bbox 2128 4023 3714 4109">
    <p class='ocr_par' dir='ltr' id='par_1_82' title="bbox 2128 4023 3714 4109">
     <span class='ocr_line' id='line_1_83' title="bbox 2128 4023 3714 4109; baseline -0.013 -13"><span class='ocrx_word' id='word_1_569' title='bbox 2128 4042 2240 4096; x_wconf 84' lang='grc' dir='ltr'><strong>τῶν</strong></span> <span class='ocrx_word' id='word_1_570' title='bbox 2300 4040 2529 4109; x_wconf 76' lang='grc' dir='ltr'><strong>ῑγγιστα</strong></span> <span class='ocrx_word' id='word_1_571' title='bbox 2595 4031 3035 4106; x_wconf 86' lang='grc' dir='ltr'><strong>παραχωρούσης</strong></span> <span class='ocrx_word' id='word_1_572' title='bbox 3106 4025 3183 4097; x_wconf 79' lang='grc' dir='ltr'><strong>μὴ</strong></span> <span class='ocrx_word' id='word_1_573' title='bbox 3230 4026 3315 4079; x_wconf 81' lang='grc' dir='ltr'><strong>ὅτι</strong></span> <span class='ocrx_word' id='word_1_574' title='bbox 3365 4023 3484 4079; x_wconf 79' lang='grc' dir='ltr'><strong>κατ’</strong></span> <span class='ocrx_word' id='word_1_575' title='bbox 3539 4025 3714 4093; x_wconf 80' lang='grc' dir='ltr'><strong>αὐτὴν</strong></span> 
     </span>
    </p>
   </div>
   <div class='ocr_carea' id='block_1_83' title="bbox 440 4115 2021 4214">
    <p class='ocr_par' dir='ltr' id='par_1_83' title="bbox 440 4120 2021 4214">
     <span class='ocr_line' id='line_1_84' title="bbox 440 4120 2021 4214; baseline -0.012 -18"><span class='ocrx_word' id='word_1_576' title='bbox 440 4139 700 4214; x_wconf 81' lang='lat' dir='ltr'><strong>primaria</strong></span> <span class='ocrx_word' id='word_1_577' title='bbox 755 4137 1007 4194; x_wconf 71' lang='lat' dir='ltr'><strong>exsistat.</strong></span> <span class='ocrx_word' id='word_1_578' title='bbox 1068 4133 1213 4190; x_wconf 83' lang='lat' dir='ltr'><strong>Urbs</strong></span> <span class='ocrx_word' id='word_1_579' title='bbox 1262 4134 1426 4189; x_wconf 88' lang='lat' dir='ltr'><strong>rebus</strong></span> <span class='ocrx_word' id='word_1_580' title='bbox 1473 4132 1620 4196; x_wconf 85' lang='lat' dir='ltr'><strong>aliis,</strong></span> <span class='ocrx_word' id='word_1_581' title='bbox 1678 4130 1877 4201; x_wconf 86' lang='lat' dir='ltr'><strong>quibus</strong></span> <span class='ocrx_word' id='word_1_582' title='bbox 1926 4120 2021 4183; x_wconf 79' lang='lat' dir='ltr'><strong>sibi</strong></span> 
     </span>
    </p>
   </div>
   <div class='ocr_carea' id='block_1_84' title="bbox 2124 4115 3713 4214">
    <p class='ocr_par' dir='ltr' id='par_1_84' title="bbox 2128 4115 3713 4205">
     <span class='ocr_line' id='line_1_85' title="bbox 2128 4115 3713 4205; baseline -0.014 -16"><span class='ocrx_word' id='word_1_583' title='bbox 2128 4133 2384 4205; x_wconf 82' lang='grc' dir='ltr'><strong>ὀφθῆναι,</strong></span> <span class='ocrx_word' id='word_1_584' title='bbox 2425 4126 2900 4200; x_wconf 78' lang='grc' dir='ltr'><strong>περιφανεστέρας</strong></span> <span class='ocrx_word' id='word_1_585' title='bbox 2945 4122 3003 4176; x_wconf 78' lang='grc' dir='ltr'><strong>δὲ</strong></span> <span class='ocrx_word' id='word_1_586' title='bbox 3041 4119 3142 4191; x_wconf 80' lang='grc' dir='ltr'><strong>τὴν</strong></span> <span class='ocrx_word' id='word_1_587' title='bbox 3180 4118 3484 4184; x_wconf 80' lang='grc' dir='ltr'><strong>εὐσέϐειαν,</strong></span> <span class='ocrx_word' id='word_1_588' title='bbox 3532 4116 3601 4186; x_wconf 71' lang='grc' dir='ltr'><strong>ἢν</strong></span> <span class='ocrx_word' id='word_1_589' title='bbox 3654 4115 3713 4181; x_wconf 81' lang='grc' dir='ltr'>ἐξ</span> 
     </span>
    </p>
   </div>
   <div class='ocr_carea' id='block_1_85' title="bbox 440 4206 2021 4299">
    <p class='ocr_par' dir='ltr' id='par_1_85' title="bbox 440 4220 2021 4293">
     <span class='ocr_line' id='line_1_86' title="bbox 440 4220 2021 4293; baseline -0.009 -3"><span class='ocrx_word' id='word_1_590' title='bbox 440 4234 670 4291; x_wconf 87' lang='lat' dir='ltr'><strong>nimium</strong></span> <span class='ocrx_word' id='word_1_591' title='bbox 706 4237 940 4288; x_wconf 86' lang='lat' dir='ltr'><strong>sumunt</strong></span> <span class='ocrx_word' id='word_1_592' title='bbox 984 4228 1241 4284; x_wconf 78' lang='lat' dir='ltr'><strong>civitates</strong></span> <span class='ocrx_word' id='word_1_593' title='bbox 1283 4242 1349 4281; x_wconf 85' lang='lat' dir='ltr'><strong>ac</strong></span> <span class='ocrx_word' id='word_1_594' title='bbox 1372 4225 1760 4289; x_wconf 87' lang='lat' dir='ltr'><strong>honestantur,</strong></span> <span class='ocrx_word' id='word_1_595' title='bbox 1811 4220 2021 4293; x_wconf 86' lang='lat' dir='ltr'><strong>conspi-</strong></span> 
     </span>
    </p>
   </div>
   <div class='ocr_carea' id='block_1_86' title="bbox 2124 4206 3713 4299">
    <p class='ocr_par' dir='ltr' id='par_1_86' title="bbox 2129 4206 3713 4299">
     <span class='ocr_line' id='line_1_87' title="bbox 2129 4206 3713 4299; baseline -0.014 -16"><span class='ocrx_word' id='word_1_596' title='bbox 2129 4227 2305 4299; x_wconf 79' lang='grc' dir='ltr'><strong>ἀρχῆς</strong></span> <span class='ocrx_word' id='word_1_597' title='bbox 2328 4222 2549 4291; x_wconf 69' lang='grc' dir='ltr'><strong>ἐδέξατο</strong></span> <span class='ocrx_word' id='word_1_598' title='bbox 2575 4220 2670 4275; x_wconf 69' lang='grc' dir='ltr'><strong>καὶ</strong></span> <span class='ocrx_word' id='word_1_599' title='bbox 2697 4216 2968 4287; x_wconf 75' lang='grc' dir='ltr'><strong>δεξαμένη</strong></span> <span class='ocrx_word' id='word_1_600' title='bbox 3000 4214 3165 4285; x_wconf 86' lang='grc' dir='ltr'><strong>μέχρι</strong></span> <span class='ocrx_word' id='word_1_601' title='bbox 3221 4211 3320 4264; x_wconf 87' lang='grc' dir='ltr'><strong>τοῦ</strong></span> <span class='ocrx_word' id='word_1_602' title='bbox 3368 4209 3465 4265; x_wconf 88' lang='grc' dir='ltr'><strong>νῦν</strong></span> <span class='ocrx_word' id='word_1_603' title='bbox 3518 4206 3713 4265; x_wconf 84' lang='grc' dir='ltr'><strong>διεσώ-</strong></span> 
     </span>
    </p>
   </div>
   <div class='ocr_carea' id='block_1_87' title="bbox 438 4300 2021 4395">
    <p class='ocr_par' dir='ltr' id='par_1_87' title="bbox 438 4314 2021 4395">
     <span class='ocr_line' id='line_1_88' title="bbox 438 4314 2021 4395; baseline -0.011 -10"><span class='ocrx_word' id='word_1_604' title='bbox 438 4341 566 4394; x_wconf 87' lang='lat' dir='ltr'><strong>cua,</strong></span> <span class='ocrx_word' id='word_1_605' title='bbox 602 4332 660 4383; x_wconf 89' lang='lat' dir='ltr'><strong>et</strong></span> <span class='ocrx_word' id='word_1_606' title='bbox 690 4337 815 4395; x_wconf 68' lang='lat' dir='ltr'><strong>qua:</strong></span> <span class='ocrx_word' id='word_1_607' title='bbox 852 4320 991 4377; x_wconf 84' lang='lat' dir='ltr'><strong>nulli</strong></span> <span class='ocrx_word' id='word_1_608' title='bbox 1035 4319 1342 4376; x_wconf 85' lang='lat' dir='ltr'><strong>vicinarum</strong></span> <span class='ocrx_word' id='word_1_609' title='bbox 1377 4316 1686 4381; x_wconf 82' lang='lat' dir='ltr'><strong>civitatum,</strong></span> <span class='ocrx_word' id='word_1_610' title='bbox 1730 4314 1850 4384; x_wconf 77' lang='lat' dir='ltr'><strong>pari</strong></span> <span class='ocrx_word' id='word_1_611' title='bbox 1899 4327 2021 4369; x_wconf 91' lang='lat' dir='ltr'><strong>eum</strong></span> 
     </span>
    </p>
   </div>
   <div class='ocr_carea' id='block_1_88' title="bbox 2124 4300 3713 4395">
    <p class='ocr_par' dir='ltr' id='par_1_88' title="bbox 2133 4300 3713 4383">
     <span class='ocr_line' id='line_1_89' title="bbox 2133 4300 3713 4383; baseline -0.013 -9"><span class='ocrx_word' id='word_1_612' title='bbox 2133 4336 2283 4374; x_wconf 79' lang='grc' dir='ltr'><strong>σατο.</strong></span> <span class='ocrx_word' id='word_1_613' title='bbox 2343 4312 2519 4372; x_wconf 75' lang='grc' dir='ltr'><strong>Αὐτὸν</strong></span> <span class='ocrx_word' id='word_1_614' title='bbox 2560 4313 2669 4383; x_wconf 81' lang='grc' dir='ltr'><strong>γὰρ</strong></span> <span class='ocrx_word' id='word_1_615' title='bbox 2718 4309 2879 4380; x_wconf 86' lang='grc' dir='ltr'><strong>αὐχεῖ</strong></span> <span class='ocrx_word' id='word_1_616' title='bbox 2935 4302 3309 4374; x_wconf 82' lang='grc' dir='ltr'><strong>Θεσσαλονίκη</strong></span> <span class='ocrx_word' id='word_1_617' title='bbox 3348 4302 3448 4357; x_wconf 79' lang='grc' dir='ltr'><strong>τὸν</strong></span> <span class='ocrx_word' id='word_1_618' title='bbox 3495 4300 3713 4356; x_wconf 79' lang='grc' dir='ltr'><strong>Παῦλον</strong></span> 
     </span>
    </p>
   </div>
   <div class='ocr_carea' id='block_1_89' title="bbox 439 4394 2021 4485">
    <p class='ocr_par' dir='ltr' id='par_1_89' title="bbox 439 4394 2021 4480">
     <span class='ocr_line' id='line_1_90' title="bbox 439 4394 2021 4480; baseline -0.009 -3"><span class='ocrx_word' id='word_1_619' title='bbox 439 4394 951 4477; x_wconf 84' lang='lat' dir='ltr'><strong>omnihuscertaus</strong></span> <span class='ocrx_word' id='word_1_620' title='bbox 977 4413 1249 4479; x_wconf 83' lang='lat' dir='ltr'><strong>claritate,</strong></span> <span class='ocrx_word' id='word_1_621' title='bbox 1285 4413 1466 4478; x_wconf 85' lang='lat' dir='ltr'><strong>cedat,</strong></span> <span class='ocrx_word' id='word_1_622' title='bbox 1500 4410 1703 4480; x_wconf 85' lang='lat' dir='ltr'><strong>pietate</strong></span> <span class='ocrx_word' id='word_1_623' title='bbox 1727 4422 1857 4465; x_wconf 88' lang='lat' dir='ltr'><strong>vero</strong></span> <span class='ocrx_word' id='word_1_624' title='bbox 1886 4422 2021 4463; x_wconf 85' lang='lat' dir='ltr'><strong>cun-</strong></span> 
     </span>
    </p>
   </div>
   <div class='ocr_carea' id='block_1_90' title="bbox 2124 4394 3711 4485">
    <p class='ocr_par' dir='ltr' id='par_1_90' title="bbox 2132 4394 3711 4485">
     <span class='ocr_line' id='line_1_91' title="bbox 2132 4394 3711 4485; baseline -0.012 -18"><span class='ocrx_word' id='word_1_625' title='bbox 2132 4414 2277 4485; x_wconf 72' lang='grc' dir='ltr'><strong>εχειν</strong></span> <span class='ocrx_word' id='word_1_626' title='bbox 2301 4410 2404 4478; x_wconf 81' lang='grc' dir='ltr'><strong>τῆς</strong></span> <span class='ocrx_word' id='word_1_627' title='bbox 2435 4404 2719 4468; x_wconf 84' lang='grc' dir='ltr'><strong>εὐσεϐείας</strong></span> <span class='ocrx_word' id='word_1_628' title='bbox 2750 4400 3093 4465; x_wconf 84' lang='grc' dir='ltr'><strong>διδάσκαλον,</strong></span> <span class='ocrx_word' id='word_1_629' title='bbox 3140 4395 3203 4451; x_wconf 85' lang='grc' dir='ltr'><strong>τδ</strong></span> <span class='ocrx_word' id='word_1_630' title='bbox 3242 4394 3438 4459; x_wconf 87' lang='grc' dir='ltr'><strong>σκεῦος</strong></span> <span class='ocrx_word' id='word_1_631' title='bbox 3482 4394 3583 4466; x_wconf 80' lang='grc' dir='ltr'><strong>τῆς</strong></span> <span class='ocrx_word' id='word_1_632' title='bbox 3616 4394 3711 4449; x_wconf 75' lang='grc' dir='ltr'><strong>ἐκ-</strong></span> 
     </span>
    </p>
   </div>
   <div class='ocr_carea' id='block_1_91' title="bbox 440 4486 2021 4577">
    <p class='ocr_par' dir='ltr' id='par_1_91' title="bbox 440 4498 2021 4575">
     <span class='ocr_line' id='line_1_92' title="bbox 440 4498 2021 4575; baseline -0.011 -6"><span class='ocrx_word' id='word_1_633' title='bbox 440 4514 549 4571; x_wconf 83' lang='lat' dir='ltr'><strong>ctis</strong></span> <span class='ocrx_word' id='word_1_634' title='bbox 582 4505 851 4569; x_wconf 70' lang='lat' dir='ltr'><strong>illustrior</strong></span> <span class='ocrx_word' id='word_1_635' title='bbox 898 4505 1151 4569; x_wconf 73' lang='lat' dir='ltr'><strong>exsistat,</strong></span> <span class='ocrx_word' id='word_1_636' title='bbox 1183 4519 1348 4575; x_wconf 86' lang='lat' dir='ltr'><strong>quam</strong></span> <span class='ocrx_word' id='word_1_637' title='bbox 1395 4516 1425 4557; x_wconf 89' lang='lat' dir='ltr'><strong>a</strong></span> <span class='ocrx_word' id='word_1_638' title='bbox 1464 4500 1735 4572; x_wconf 85' lang='lat' dir='ltr'><strong>principio</strong></span> <span class='ocrx_word' id='word_1_639' title='bbox 1782 4498 2021 4570; x_wconf 82' lang='lat' dir='ltr'><strong>suscepit</strong></span> 
     </span>
    </p>
   </div>
   <div class='ocr_carea' id='block_1_92' title="bbox 2124 4486 3711 4577">
    <p class='ocr_par' dir='ltr' id='par_1_92' title="bbox 2124 4486 3711 4577">
     <span class='ocr_line' id='line_1_93' title="bbox 2124 4486 3711 4577; baseline -0.013 -16"><span class='ocrx_word' id='word_1_640' title='bbox 2124 4505 2312 4577; x_wconf 82' lang='grc' dir='ltr'><strong>λογῆς,</strong></span> <span class='ocrx_word' id='word_1_641' title='bbox 2338 4504 2397 4567; x_wconf 81' lang='grc' dir='ltr'><strong>ὃς</strong></span> <span class='ocrx_word' id='word_1_642' title='bbox 2427 4500 2537 4557; x_wconf 71' lang='grc' dir='ltr'><strong>ἀπὸ</strong></span> <span class='ocrx_word' id='word_1_643' title='bbox 2606 4496 2966 4570; x_wconf 81' lang='grc' dir='ltr'><strong>Ἰερουσαλὴμ</strong></span> <span class='ocrx_word' id='word_1_644' title='bbox 3024 4491 3214 4562; x_wconf 85' lang='grc' dir='ltr'><strong>κύκλῳ</strong></span> <span class='ocrx_word' id='word_1_645' title='bbox 3268 4488 3365 4546; x_wconf 74' lang='grc' dir='ltr'><strong>καὶ</strong></span> <span class='ocrx_word' id='word_1_646' title='bbox 3417 4488 3580 4561; x_wconf 80' lang='grc' dir='ltr'><strong>μέχρι</strong></span> <span class='ocrx_word' id='word_1_647' title='bbox 3612 4486 3711 4541; x_wconf 83' lang='grc' dir='ltr'><strong>τοῦ</strong></span> 
     </span>
    </p>
   </div>
   <div class='ocr_carea' id='block_1_93' title="bbox 440 4580 2021 4677">
    <p class='ocr_par' dir='ltr' id='par_1_93' title="bbox 440 4590 2021 4677">
     <span class='ocr_line' id='line_1_94' title="bbox 440 4590 2021 4677; baseline -0.013 -12"><span class='ocrx_word' id='word_1_648' title='bbox 440 4613 866 4677; x_wconf 77' lang='lat' dir='ltr'><strong>susceptamque</strong></span> <span class='ocrx_word' id='word_1_649' title='bbox 898 4601 1165 4656; x_wconf 86' lang='lat' dir='ltr'><strong>hactenus</strong></span> <span class='ocrx_word' id='word_1_650' title='bbox 1200 4595 1532 4655; x_wconf 83' lang='lat' dir='ltr'><strong>incolumem</strong></span> <span class='ocrx_word' id='word_1_651' title='bbox 1559 4591 1818 4650; x_wconf 83' lang='lat' dir='ltr'><strong>servavit.</strong></span> <span class='ocrx_word' id='word_1_652' title='bbox 1843 4590 2021 4663; x_wconf 89' lang='lat' dir='ltr'><strong>Ipsum</strong></span> 
     </span>
    </p>
   </div>
   <div class='ocr_carea' id='block_1_94' title="bbox 2124 4580 3714 4677">
    <p class='ocr_par' dir='ltr' id='par_1_94' title="bbox 2136 4580 3714 4668">
     <span class='ocr_line' id='line_1_95' title="bbox 2136 4580 3714 4668; baseline -0.013 -16"><span class='ocrx_word' id='word_1_653' title='bbox 2136 4593 2435 4668; x_wconf 82' lang='grc' dir='ltr'><strong>Ἰλλυρικοῦ</strong></span> <span class='ocrx_word' id='word_1_654' title='bbox 2465 4594 2544 4666; x_wconf 84' lang='grc' dir='ltr'><strong>τῷ</strong></span> <span class='ocrx_word' id='word_1_655' title='bbox 2576 4587 2922 4660; x_wconf 84' lang='grc' dir='ltr'><strong>εὐαγγελικῷ</strong></span> <span class='ocrx_word' id='word_1_656' title='bbox 2944 4582 3259 4658; x_wconf 82' lang='grc' dir='ltr'><strong>περιλαϐὼν</strong></span> <span class='ocrx_word' id='word_1_657' title='bbox 3304 4581 3405 4654; x_wconf 78' lang='grc' dir='ltr'><strong>τὴν</strong></span> <span class='ocrx_word' id='word_1_658' title='bbox 3452 4580 3714 4651; x_wconf 74' lang='grc' dir='ltr'><strong>οἰκουμέ-</strong></span> 
     </span>
    </p>
   </div>
   <div class='ocr_carea' id='block_1_95' title="bbox 440 4673 2021 4761">
    <p class='ocr_par' dir='ltr' id='par_1_95' title="bbox 440 4673 2021 4761">
     <span class='ocr_line' id='line_1_96' title="bbox 440 4673 2021 4761; baseline -0.011 -6"><span class='ocrx_word' id='word_1_659' title='bbox 440 4702 587 4756; x_wconf 77' lang='lat' dir='ltr'><strong>enim</strong></span> <span class='ocrx_word' id='word_1_660' title='bbox 609 4673 875 4761; x_wconf 38' lang='lat' dir='ltr'><strong>&#39;Paulum,</strong></span> <span class='ocrx_word' id='word_1_661' title='bbox 903 4707 1000 4748; x_wconf 82' lang='lat' dir='ltr'><strong>vas</strong></span> <span class='ocrx_word' id='word_1_662' title='bbox 1029 4690 1337 4753; x_wconf 86' lang='lat' dir='ltr'><strong>electionis,</strong></span> <span class='ocrx_word' id='word_1_663' title='bbox 1370 4687 1585 4756; x_wconf 84' lang='lat' dir='ltr'><strong>pietatis</strong></span> <span class='ocrx_word' id='word_1_664' title='bbox 1615 4686 1722 4740; x_wconf 87' lang='lat' dir='ltr'><strong>sibi</strong></span> <span class='ocrx_word' id='word_1_665' title='bbox 1762 4684 2021 4755; x_wconf 81' lang='lat' dir='ltr'><strong>gloriatur</strong></span> 
     </span>
    </p>
   </div>
   <div class='ocr_carea' id='block_1_96' title="bbox 2124 4673 3714 4761">
    <p class='ocr_par' dir='ltr' id='par_1_96' title="bbox 2126 4673 3714 4761">
     <span class='ocr_line' id='line_1_97' title="bbox 2126 4673 3714 4761; baseline -0.011 -18"><span class='ocrx_word' id='word_1_666' title='bbox 2126 4708 2225 4761; x_wconf 83' lang='grc' dir='ltr'><strong>νην</strong></span> <span class='ocrx_word' id='word_1_667' title='bbox 2249 4685 2591 4761; x_wconf 82' lang='grc' dir='ltr'><strong>κηρύγματι,</strong></span> <span class='ocrx_word' id='word_1_668' title='bbox 2622 4684 2682 4737; x_wconf 70' lang='grc' dir='ltr'><strong>ὲν</strong></span> <span class='ocrx_word' id='word_1_669' title='bbox 2718 4682 2857 4752; x_wconf 78' lang='grc' dir='ltr'><strong>αὐτῇ</strong></span> <span class='ocrx_word' id='word_1_670' title='bbox 2894 4678 3097 4751; x_wconf 76' lang='grc' dir='ltr'><strong>μᾶλλον</strong></span> <span class='ocrx_word' id='word_1_671' title='bbox 3132 4676 3224 4730; x_wconf 78' lang='grc' dir='ltr'><strong>τὸν</strong></span> <span class='ocrx_word' id='word_1_672' title='bbox 3248 4675 3347 4744; x_wconf 84' lang='grc' dir='ltr'><strong>τῆς</strong></span> <span class='ocrx_word' id='word_1_673' title='bbox 3381 4673 3714 4742; x_wconf 80' lang='grc' dir='ltr'><strong>θεογνωσίας</strong></span> 
     </span>
    </p>
   </div>
   <div class='ocr_carea' id='block_1_97' title="bbox 442 4762 2021 4862">
    <p class='ocr_par' dir='ltr' id='par_1_97' title="bbox 442 4775 2018 4862">
     <span class='ocr_line' id='line_1_98' title="bbox 442 4775 2018 4862; baseline -0.011 -16"><span class='ocrx_word' id='word_1_674' title='bbox 442 4790 802 4862; x_wconf 81' lang='lat' dir='ltr'><strong>magistrum;</strong></span> <span class='ocrx_word' id='word_1_675' title='bbox 828 4786 921 4858; x_wconf 89' lang='lat' dir='ltr'><strong>qui</strong></span> <span class='ocrx_word' id='word_1_676' title='bbox 959 4782 1213 4840; x_wconf 83' lang='lat' dir='ltr'><strong>videlicet</strong></span> <span class='ocrx_word' id='word_1_677' title='bbox 1243 4782 1311 4837; x_wconf 88' lang='lat' dir='ltr'><strong>ab</strong></span> <span class='ocrx_word' id='word_1_678' title='bbox 1334 4777 1637 4835; x_wconf 81' lang='lat' dir='ltr'><strong>Jerusalem</strong></span> <span class='ocrx_word' id='word_1_679' title='bbox 1668 4778 1721 4831; x_wconf 92' lang='lat' dir='ltr'><strong>in</strong></span> <span class='ocrx_word' id='word_1_680' title='bbox 1761 4775 2018 4840; x_wconf 84' lang='lat' dir='ltr'><strong>circuitu,</strong></span> 
     </span>
    </p>
   </div>
   <div class='ocr_carea' id='block_1_98' title="bbox 2124 4762 3713 4862">
    <p class='ocr_par' dir='ltr' id='par_1_98' title="bbox 2130 4762 3713 4861">
     <span class='ocr_line' id='line_1_99' title="bbox 2130 4762 3713 4861; baseline -0.013 -27"><span class='ocrx_word' id='word_1_681' title='bbox 2130 4778 2332 4851; x_wconf 86' lang='grc' dir='ltr'><strong>σπόρον</strong></span> <span class='ocrx_word' id='word_1_682' title='bbox 2366 4775 2635 4861; x_wconf 76' lang='grc' dir='ltr'><strong>κατέϐαλε</strong></span> <span class='ocrx_word' id='word_1_683' title='bbox 2667 4773 2767 4827; x_wconf 68' lang='grc' dir='ltr'><strong>καὶ</strong></span> <span class='ocrx_word' id='word_1_684' title='bbox 2795 4768 3068 4842; x_wconf 82' lang='grc' dir='ltr'><strong>πολύχουν</strong></span> <span class='ocrx_word' id='word_1_685' title='bbox 3107 4762 3458 4823; x_wconf 78' lang='grc' dir='ltr'><strong>ἀποδίδοσθαι</strong></span> <span class='ocrx_word' id='word_1_686' title='bbox 3484 4762 3576 4817; x_wconf 80' lang='grc' dir='ltr'><strong>τὸν</strong></span> <span class='ocrx_word' id='word_1_687' title='bbox 3611 4763 3713 4833; x_wconf 79' lang='grc' dir='ltr'><strong>τῆς</strong></span> 
     </span>
    </p>
   </div>
   <div class='ocr_carea' id='block_1_99' title="bbox 441 4852 2021 4950">
    <p class='ocr_par' dir='ltr' id='par_1_99' title="bbox 441 4852 2021 4950">
     <span class='ocr_line' id='line_1_100' title="bbox 441 4852 2021 4950; baseline -0.009 -12"><span class='ocrx_word' id='word_1_688' title='bbox 441 4893 498 4938; x_wconf 87' lang='lat' dir='ltr'><strong>et</strong></span> <span class='ocrx_word' id='word_1_689' title='bbox 536 4852 733 4950; x_wconf 40' lang='lat' dir='ltr'><strong>vosque</strong></span> <span class='ocrx_word' id='word_1_690' title='bbox 789 4852 865 4932; x_wconf 78' lang='lat' dir='ltr'><strong>in</strong></span> <span class='ocrx_word' id='word_1_691' title='bbox 930 4873 1207 4947; x_wconf 80' lang='lat' dir='ltr'><strong>Illyricum</strong></span> <span class='ocrx_word' id='word_1_692' title='bbox 1264 4870 1583 4943; x_wconf 84' lang='lat' dir='ltr'><strong>evangelica</strong></span> <span class='ocrx_word' id='word_1_693' title='bbox 1636 4867 2021 4938; x_wconf 73' lang='lat' dir='ltr'><strong>pmdicatione</strong></span> 
     </span>
    </p>
   </div>
   <div class='ocr_carea' id='block_1_100' title="bbox 2124 4852 3713 4950">
    <p class='ocr_par' dir='ltr' id='par_1_100' title="bbox 2128 4852 3713 4940">
     <span class='ocr_line' id='line_1_101' title="bbox 2128 4852 3713 4940; baseline -0.013 -13"><span class='ocrx_word' id='word_1_694' title='bbox 2128 4871 2366 4935; x_wconf 84' lang='grc' dir='ltr'><strong>πίστεως</strong></span> <span class='ocrx_word' id='word_1_695' title='bbox 2395 4852 2612 4940; x_wconf 77' lang='grc' dir='ltr'><strong>καρπὸν</strong></span> <span class='ocrx_word' id='word_1_696' title='bbox 2658 4862 3016 4922; x_wconf 79' lang='grc' dir='ltr'><strong>διεσπούδασε</strong></span> <span class='ocrx_word' id='word_1_697' title='bbox 3049 4878 3064 4895; x_wconf 72' lang='grc' dir='ltr'><strong>ο</strong></span> <span class='ocrx_word' id='word_1_698' title='bbox 3097 4861 3217 4932; x_wconf 87' lang='grc' dir='ltr'><strong>μετ’</strong></span> <span class='ocrx_word' id='word_1_699' title='bbox 3247 4859 3459 4912; x_wconf 62' lang='grc' dir='ltr'><strong>ἐκεῖνον</strong></span> <span class='ocrx_word' id='word_1_700' title='bbox 3506 4854 3567 4909; x_wconf 70' lang='grc' dir='ltr'><strong>δὲ</strong></span> <span class='ocrx_word' id='word_1_701' title='bbox 3621 4853 3713 4907; x_wconf 81' lang='grc' dir='ltr'><strong>τὸν</strong></span> 
     </span>
    </p>
   </div>
   <div class='ocr_carea' id='block_1_101' title="bbox 442 4946 2021 5035">
    <p class='ocr_par' dir='ltr' id='par_1_101' title="bbox 442 4959 2021 5035">
     <span class='ocr_line' id='line_1_102' title="bbox 442 4959 2021 5035; baseline -0.009 -5"><span class='ocrx_word' id='word_1_702' title='bbox 442 4974 762 5030; x_wconf 85' lang='lat' dir='ltr'><strong>universum</strong></span> <span class='ocrx_word' id='word_1_703' title='bbox 829 4968 1023 5025; x_wconf 90' lang='lat' dir='ltr'><strong>orbem</strong></span> <span class='ocrx_word' id='word_1_704' title='bbox 1082 4966 1425 5035; x_wconf 80' lang='lat' dir='ltr'><strong>complexus.</strong></span> <span class='ocrx_word' id='word_1_705' title='bbox 1483 4961 1560 5019; x_wconf 93' lang='lat' dir='ltr'><strong>illi</strong></span> <span class='ocrx_word' id='word_1_706' title='bbox 1618 4976 1730 5033; x_wconf 74' lang='lat' dir='ltr'><strong>prae</strong></span> <span class='ocrx_word' id='word_1_707' title='bbox 1792 4959 2021 5031; x_wconf 82' lang='lat' dir='ltr'><strong>reliquis</strong></span> 
     </span>
    </p>
   </div>
   <div class='ocr_carea' id='block_1_102' title="bbox 2124 4946 3709 5035">
    <p class='ocr_par' dir='ltr' id='par_1_102' title="bbox 2128 4946 3709 5035">
     <span class='ocr_line' id='line_1_103' title="bbox 2128 4946 3709 5035; baseline -0.011 -20"><span class='ocrx_word' id='word_1_708' title='bbox 2128 4964 2306 5035; x_wconf 73' lang='grc' dir='ltr'><strong>μέγαν</strong></span> <span class='ocrx_word' id='word_1_709' title='bbox 2342 4963 2402 5016; x_wconf 69' lang='grc' dir='ltr'><strong>ὲν</strong></span> <span class='ocrx_word' id='word_1_710' title='bbox 2421 4960 2661 5031; x_wconf 81' lang='grc' dir='ltr'><strong>μάρτυσι</strong></span> <span class='ocrx_word' id='word_1_711' title='bbox 2687 4956 2785 5012; x_wconf 69' lang='grc' dir='ltr'><strong>καὶ</strong></span> <span class='ocrx_word' id='word_1_712' title='bbox 2828 4951 3268 5024; x_wconf 74' lang='grc' dir='ltr'><strong>ἁξιοθαύμαστον</strong></span> <span class='ocrx_word' id='word_1_713' title='bbox 3298 4951 3357 5003; x_wconf 71' lang='grc' dir='ltr'><strong>ὲν</strong></span> <span class='ocrx_word' id='word_1_714' title='bbox 3386 4946 3709 5016; x_wconf 74' lang='grc' dir='ltr'><strong>ἁθλοφόροις</strong></span> 
     </span>
    </p>
   </div>
   <div class='ocr_carea' id='block_1_103' title="bbox 443 5037 2021 5133">
    <p class='ocr_par' dir='ltr' id='par_1_103' title="bbox 443 5056 2021 5133">
     <span class='ocr_line' id='line_1_104' title="bbox 443 5056 2021 5133; baseline -0.006 -14"><span class='ocrx_word' id='word_1_715' title='bbox 443 5066 637 5121; x_wconf 63' lang='lat' dir='ltr'><strong>divinae</strong></span> <span class='ocrx_word' id='word_1_716' title='bbox 709 5060 1040 5133; x_wconf 84' lang='lat' dir='ltr'><strong>cognitionis</strong></span> <span class='ocrx_word' id='word_1_717' title='bbox 1102 5074 1291 5116; x_wconf 86' lang='lat' dir='ltr'><strong>semen</strong></span> <span class='ocrx_word' id='word_1_718' title='bbox 1357 5056 1654 5119; x_wconf 84' lang='lat' dir='ltr'><strong>commisit,</strong></span> <span class='ocrx_word' id='word_1_719' title='bbox 1722 5069 1787 5110; x_wconf 84' lang='lat' dir='ltr'><strong>ex</strong></span> <span class='ocrx_word' id='word_1_720' title='bbox 1848 5068 2021 5123; x_wconf 89' lang='lat' dir='ltr'><strong>eoque</strong></span> 
     </span>
    </p>
   </div>
   <div class='ocr_carea' id='block_1_104' title="bbox 2124 5037 3710 5133">
    <p class='ocr_par' dir='ltr' id='par_1_104' title="bbox 2124 5037 3710 5127">
     <span class='ocr_line' id='line_1_105' title="bbox 2124 5037 3710 5127; baseline -0.015 -17"><span class='ocrx_word' id='word_1_721' title='bbox 2124 5057 2437 5127; x_wconf 80' lang='grc' dir='ltr'><strong>Δημήτριον</strong></span> <span class='ocrx_word' id='word_1_722' title='bbox 2462 5053 2556 5107; x_wconf 79' lang='grc' dir='ltr'><strong>τὸν</strong></span> <span class='ocrx_word' id='word_1_723' title='bbox 2584 5047 2950 5122; x_wconf 84' lang='grc' dir='ltr'><strong>μυροϐλύτην,</strong></span> <span class='ocrx_word' id='word_1_724' title='bbox 2980 5044 3147 5099; x_wconf 80' lang='grc' dir='ltr'><strong>πολὺν</strong></span> <span class='ocrx_word' id='word_1_725' title='bbox 3179 5041 3366 5111; x_wconf 77' lang='grc' dir='ltr'><strong>ἀγῶνα</strong></span> <span class='ocrx_word' id='word_1_726' title='bbox 3397 5038 3519 5106; x_wconf 69' lang='grc' dir='ltr'><strong>καὶζ</strong></span> <span class='ocrx_word' id='word_1_727' title='bbox 3547 5037 3710 5091; x_wconf 79' lang='grc' dir='ltr'><strong>αὐτὸν</strong></span> 
     </span>
    </p>
   </div>
   <div class='ocr_carea' id='block_1_105' title="bbox 443 5124 2021 5220">
    <p class='ocr_par' dir='ltr' id='par_1_105' title="bbox 443 5145 2021 5220">
     <span class='ocr_line' id='line_1_106' title="bbox 443 5145 2021 5220; baseline -0.007 -9"><span class='ocrx_word' id='word_1_728' title='bbox 443 5157 751 5213; x_wconf 78' lang='lat' dir='ltr'><strong>uberrimos</strong></span> <span class='ocrx_word' id='word_1_729' title='bbox 819 5153 941 5208; x_wconf 74' lang='lat' dir='ltr'><strong>fidei</strong></span> <span class='ocrx_word' id='word_1_730' title='bbox 992 5152 1205 5207; x_wconf 79' lang='lat' dir='ltr'><strong>fructus</strong></span> <span class='ocrx_word' id='word_1_731' title='bbox 1259 5164 1482 5220; x_wconf 79' lang='lat' dir='ltr'><strong>surgere</strong></span> <span class='ocrx_word' id='word_1_732' title='bbox 1535 5148 1685 5204; x_wconf 81' lang='lat' dir='ltr'><strong>omni</strong></span> <span class='ocrx_word' id='word_1_733' title='bbox 1741 5145 2021 5217; x_wconf 82' lang='lat' dir='ltr'><strong>diligentia</strong></span> 
     </span>
    </p>
   </div>
   <div class='ocr_carea' id='block_1_106' title="bbox 2124 5124 3709 5220">
    <p class='ocr_par' dir='ltr' id='par_1_106' title="bbox 2126 5124 3709 5219">
     <span class='ocr_line' id='line_1_107' title="bbox 2126 5124 3709 5219; baseline -0.015 -17"><span class='ocrx_word' id='word_1_734' title='bbox 2126 5124 2393 5219; x_wconf 54' lang='lat' dir='ltr'><strong>{irrepsi};</strong></span> <span class='ocrx_word' id='word_1_735' title='bbox 2423 5141 2707 5204; x_wconf 81' lang='grc' dir='ltr'><strong>εὐσεϐείας</strong></span> <span class='ocrx_word' id='word_1_736' title='bbox 2736 5136 3185 5208; x_wconf 81' lang='grc' dir='ltr'><strong>καταϐαλόμενον</strong></span> <span class='ocrx_word' id='word_1_737' title='bbox 3226 5135 3267 5165; x_wconf 79' lang='grc'><strong><em>³⁸</em></strong></span> <span class='ocrx_word' id='word_1_738' title='bbox 3302 5130 3420 5204; x_wconf 70' lang='grc' dir='ltr'><strong>(καὶ</strong></span> <span class='ocrx_word' id='word_1_739' title='bbox 3473 5130 3586 5200; x_wconf 80' lang='grc' dir='ltr'><strong>γὰρ</strong></span> <span class='ocrx_word' id='word_1_740' title='bbox 3642 5124 3709 5197; x_wconf 67' lang='grc' dir='ltr'><strong>ἦν</strong></span> 
     </span>
    </p>
   </div>
   <div class='ocr_carea' id='block_1_107' title="bbox 441 5218 2021 5314">
    <p class='ocr_par' dir='ltr' id='par_1_107' title="bbox 441 5244 2021 5314">
     <span class='ocr_line' id='line_1_108' title="bbox 441 5244 2021 5314; baseline -0.006 -11"><span class='ocrx_word' id='word_1_741' title='bbox 441 5250 677 5304; x_wconf 85' lang='lat' dir='ltr'><strong>curavit.</strong></span> <span class='ocrx_word' id='word_1_742' title='bbox 712 5246 843 5304; x_wconf 82' lang='lat' dir='ltr'><strong>Post</strong></span> <span class='ocrx_word' id='word_1_743' title='bbox 872 5244 1101 5300; x_wconf 84' lang='lat' dir='ltr'><strong>Paulum</strong></span> <span class='ocrx_word' id='word_1_744' title='bbox 1131 5260 1264 5300; x_wconf 83' lang='lat' dir='ltr'><strong>vero</strong></span> <span class='ocrx_word' id='word_1_745' title='bbox 1293 5244 1437 5298; x_wconf 89' lang='lat' dir='ltr'><strong>inter</strong></span> <span class='ocrx_word' id='word_1_746' title='bbox 1465 5251 1735 5314; x_wconf 78' lang='lat' dir='ltr'><strong>martyres</strong></span> <span class='ocrx_word' id='word_1_747' title='bbox 1763 5255 2021 5312; x_wconf 83' lang='lat' dir='ltr'><strong>magnum</strong></span> 
     </span>
    </p>
   </div>
   <div class='ocr_carea' id='block_1_108' title="bbox 2124 5218 3709 5314">
    <p class='ocr_par' dir='ltr' id='par_1_108' title="bbox 2126 5218 3709 5309">
     <span class='ocr_line' id='line_1_109' title="bbox 2126 5218 3709 5309; baseline -0.015 -17"><span class='ocrx_word' id='word_1_748' title='bbox 2126 5238 2262 5309; x_wconf 78' lang='grc' dir='ltr'><strong>πρὸς</strong></span> <span class='ocrx_word' id='word_1_749' title='bbox 2285 5238 2396 5298; x_wconf 86' lang='grc' dir='ltr'><strong>τοῖς</strong></span> <span class='ocrx_word' id='word_1_750' title='bbox 2428 5232 2605 5296; x_wconf 71' lang='grc' dir='ltr'><strong>ἄλλοις</strong></span> <span class='ocrx_word' id='word_1_751' title='bbox 2636 5232 2735 5302; x_wconf 80' lang='grc' dir='ltr'><strong>τῆς</strong></span> <span class='ocrx_word' id='word_1_752' title='bbox 2765 5230 2966 5302; x_wconf 80' lang='grc' dir='ltr'><strong>ἀρετῆς</strong></span> <span class='ocrx_word' id='word_1_753' title='bbox 2987 5227 3299 5297; x_wconf 81' lang='grc' dir='ltr'><strong>αὐχήμασιν</strong></span> <span class='ocrx_word' id='word_1_754' title='bbox 3330 5219 3412 5276; x_wconf 68' lang='grc' dir='ltr'><strong>ἔτι</strong></span> <span class='ocrx_word' id='word_1_755' title='bbox 3435 5220 3532 5272; x_wconf 77' lang='grc' dir='ltr'><strong>καὶ</strong></span> <span class='ocrx_word' id='word_1_756' title='bbox 3547 5218 3709 5281; x_wconf 87' lang='grc' dir='ltr'><strong>θείοις</strong></span> 
     </span>
    </p>
   </div>
   <div class='ocr_carea' id='block_1_109' title="bbox 444 5313 2021 5413">
    <p class='ocr_par' dir='ltr' id='par_1_109' title="bbox 444 5313 2021 5413">
     <span class='ocr_line' id='line_1_110' title="bbox 444 5313 2021 5413; baseline -0.007 -14"><span class='ocrx_word' id='word_1_757' title='bbox 444 5345 700 5413; x_wconf 86' lang='lat' dir='ltr'><strong>interque</strong></span> <span class='ocrx_word' id='word_1_758' title='bbox 751 5342 990 5397; x_wconf 73' lang='lat' dir='ltr'><strong>victores</strong></span> <span class='ocrx_word' id='word_1_759' title='bbox 1056 5346 1353 5393; x_wconf 82' lang='lat' dir='ltr'><strong>coronatos</strong></span> <span class='ocrx_word' id='word_1_760' title='bbox 1422 5334 2021 5409; x_wconf 83' lang='lat' dir='ltr'><strong>digneadmirandum</strong></span> 
     </span>
    </p>
   </div>
   <div class='ocr_carea' id='block_1_110' title="bbox 2124 5313 3711 5413">
    <p class='ocr_par' dir='ltr' id='par_1_110' title="bbox 2132 5313 3711 5402">
     <span class='ocr_line' id='line_1_111' title="bbox 2132 5313 3711 5402; baseline -0.014 -17"><span class='ocrx_word' id='word_1_761' title='bbox 2132 5330 2434 5402; x_wconf 69' lang='grc' dir='ltr'><strong>δμπρέπων</strong></span> <span class='ocrx_word' id='word_1_762' title='bbox 2484 5325 2812 5395; x_wconf 82' lang='grc' dir='ltr'><strong>διδάγμασιν</strong></span> <span class='ocrx_word' id='word_1_763' title='bbox 2850 5324 2947 5377; x_wconf 69' lang='grc' dir='ltr'><strong>καὶ</strong></span> <span class='ocrx_word' id='word_1_764' title='bbox 2996 5324 3064 5391; x_wconf 80' lang='grc' dir='ltr'><strong>τῇ</strong></span> <span class='ocrx_word' id='word_1_765' title='bbox 3096 5320 3227 5391; x_wconf 80' lang='grc' dir='ltr'><strong>περὶ</strong></span> <span class='ocrx_word' id='word_1_766' title='bbox 3264 5316 3375 5371; x_wconf 80' lang='grc' dir='ltr'><strong>τῶν</strong></span> <span class='ocrx_word' id='word_1_767' title='bbox 3422 5313 3711 5383; x_wconf 83' lang='grc' dir='ltr'><strong>δογμάτων</strong></span> 
     </span>
    </p>
   </div>
   <div class='ocr_carea' id='block_1_111' title="bbox 444 5404 2021 5509">
    <p class='ocr_par' dir='ltr' id='par_1_111' title="bbox 444 5404 2021 5509">
     <span class='ocr_line' id='line_1_112' title="bbox 444 5404 2021 5509; baseline -0.008 -15"><span class='ocrx_word' id='word_1_768' title='bbox 444 5439 807 5509; x_wconf 80' lang='lat' dir='ltr'><strong>myroblytatn</strong></span> <span class='ocrx_word' id='word_1_769' title='bbox 838 5434 1155 5506; x_wconf 83' lang='lat' dir='ltr'><strong>(unguentis</strong></span> <span class='ocrx_word' id='word_1_770' title='bbox 1187 5433 1400 5489; x_wconf 82' lang='lat' dir='ltr'><strong>scilicet</strong></span> <span class='ocrx_word' id='word_1_771' title='bbox 1449 5404 1787 5501; x_wconf 68' lang='lat' dir='ltr'><strong>manantem)</strong></span> <span class='ocrx_word' id='word_1_772' title='bbox 1830 5427 2021 5485; x_wconf 88' lang='lat' dir='ltr'><strong>Deme-</strong></span> 
     </span>
    </p>
   </div>
   <div class='ocr_carea' id='block_1_112' title="bbox 2124 5404 3711 5509">
    <p class='ocr_par' dir='ltr' id='par_1_112' title="bbox 2133 5404 3711 5496">
     <span class='ocr_line' id='line_1_113' title="bbox 2133 5404 3711 5496; baseline -0.015 -16"><span class='ocrx_word' id='word_1_773' title='bbox 2133 5424 2393 5496; x_wconf 69' lang='grc' dir='ltr'><strong>ἀκριϐείᾳ</strong></span> <span class='ocrx_word' id='word_1_774' title='bbox 2434 5420 2866 5491; x_wconf 72' lang='grc' dir='ltr'><strong>κεκοσμημένος,</strong></span> <span class='ocrx_word' id='word_1_775' title='bbox 2916 5416 2977 5480; x_wconf 64' lang='grc' dir='ltr'><strong>ἐξ</strong></span> <span class='ocrx_word' id='word_1_776' title='bbox 3004 5408 3065 5470; x_wconf 72' lang='grc' dir='ltr'><strong>οὗ</strong></span> <span class='ocrx_word' id='word_1_777' title='bbox 3089 5415 3183 5467; x_wconf 75' lang='grc' dir='ltr'><strong>καὶ</strong></span> <span class='ocrx_word' id='word_1_778' title='bbox 3216 5410 3419 5483; x_wconf 77' lang='grc' dir='ltr'><strong>μᾶλλον</strong></span> <span class='ocrx_word' id='word_1_779' title='bbox 3464 5407 3528 5460; x_wconf 73' lang='grc' dir='ltr'><strong>τὸ</strong></span> <span class='ocrx_word' id='word_1_780' title='bbox 3584 5404 3711 5471; x_wconf 77' lang='grc' dir='ltr'><strong>περὶ</strong></span> 
     </span>
    </p>
   </div>
   <div class='ocr_carea' id='block_1_113' title="bbox 441 5496 2021 5601">
    <p class='ocr_par' dir='ltr' id='par_1_113' title="bbox 441 5496 2021 5601">
     <span class='ocr_line' id='line_1_114' title="bbox 441 5496 2021 5601; baseline -0.008 -12"><span class='ocrx_word' id='word_1_781' title='bbox 441 5533 633 5597; x_wconf 81' lang='lat' dir='ltr'><strong>trium,</strong></span> <span class='ocrx_word' id='word_1_782' title='bbox 679 5531 771 5601; x_wconf 91' lang='lat' dir='ltr'><strong>qui</strong></span> <span class='ocrx_word' id='word_1_783' title='bbox 796 5537 850 5586; x_wconf 89' lang='lat' dir='ltr'><strong>et</strong></span> <span class='ocrx_word' id='word_1_784' title='bbox 874 5530 992 5597; x_wconf 81' lang='lat' dir='ltr'><strong>ipse</strong></span> <span class='ocrx_word' id='word_1_785' title='bbox 1027 5541 1129 5597; x_wconf 88' lang='lat' dir='ltr'><strong>pro</strong></span> <span class='ocrx_word' id='word_1_786' title='bbox 1160 5527 1362 5594; x_wconf 84' lang='lat' dir='ltr'><strong>pietate</strong></span> <span class='ocrx_word' id='word_1_787' title='bbox 1395 5523 1692 5595; x_wconf 80' lang='lat' dir='ltr'><strong>plurimum</strong></span> <span class='ocrx_word' id='word_1_788' title='bbox 1718 5496 2021 5579; x_wconf 82' lang='lat' dir='ltr'><strong>desudavit.</strong></span> 
     </span>
    </p>
   </div>
   <div class='ocr_carea' id='block_1_114' title="bbox 2124 5496 3698 5601">
    <p class='ocr_par' dir='ltr' id='par_1_114' title="bbox 2140 5496 3698 5585">
     <span class='ocr_line' id='line_1_115' title="bbox 2140 5496 3698 5585; baseline -0.017 -13"><span class='ocrx_word' id='word_1_789' title='bbox 2140 5517 2306 5573; x_wconf 81' lang='grc' dir='ltr'><strong>αὑτοῦ</strong></span> <span class='ocrx_word' id='word_1_790' title='bbox 2338 5514 2546 5585; x_wconf 84' lang='grc' dir='ltr'><strong>διεδόθη</strong></span> <span class='ocrx_word' id='word_1_791' title='bbox 2575 5511 2728 5576; x_wconf 78' lang='grc' dir='ltr'><strong>κλέος</strong></span> <span class='ocrx_word' id='word_1_792' title='bbox 2757 5510 2869 5573; x_wconf 79' lang='grc' dir='ltr'><strong>τοῖς</strong></span> <span class='ocrx_word' id='word_1_793' title='bbox 2899 5506 3154 5579; x_wconf 81' lang='grc' dir='ltr'><strong>πέρασιν)</strong></span> <span class='ocrx_word' id='word_1_794' title='bbox 3190 5522 3203 5536; x_wconf 72' lang='grc' dir='ltr'><strong>ο</strong></span> <span class='ocrx_word' id='word_1_795' title='bbox 3237 5500 3358 5557; x_wconf 81' lang='grc' dir='ltr'><strong>είτα</strong></span> <span class='ocrx_word' id='word_1_796' title='bbox 3412 5500 3538 5565; x_wconf 77' lang='grc' dir='ltr'><strong>τοὺς</strong></span> <span class='ocrx_word' id='word_1_797' title='bbox 3584 5496 3698 5551; x_wconf 75' lang='grc' dir='ltr'><strong>καθ.</strong></span> 
     </span>
    </p>
   </div>
   <div class='ocr_carea' id='block_1_115' title="bbox 1768 5604 2445 5667">
    <p class='ocr_par' dir='ltr' id='par_1_115' title="bbox 1768 5604 2445 5667">
     <span class='ocr_line' id='line_1_116' title="bbox 1768 5604 2445 5667; baseline -0.01 -1"><span class='ocrx_word' id='word_1_798' title='bbox 1768 5609 2001 5667; x_wconf 73' lang='lat' dir='ltr'><strong>VARUE</strong></span> <span class='ocrx_word' id='word_1_799' title='bbox 2045 5604 2445 5665; x_wconf 78' lang='lat' dir='ltr'><strong>LECTIONES.</strong></span> 
     </span>
    </p>
   </div>
   <div class='ocr_carea' id='block_1_116' title="bbox 530 5691 3112 5786">
    <p class='ocr_par' dir='ltr' id='par_1_116' title="bbox 530 5691 3112 5786">
     <span class='ocr_line' id='line_1_117' title="bbox 530 5691 3112 5786; baseline -0.009 -18"><span class='ocrx_word' id='word_1_800' title='bbox 530 5718 570 5751; x_wconf 73' lang='grc' dir='ltr'><strong><em>η</em></strong></span> <span class='ocrx_word' id='word_1_801' title='bbox 593 5708 760 5786; x_wconf 73' lang='grc' dir='ltr'><strong>εἶναι]</strong></span> <span class='ocrx_word' id='word_1_802' title='bbox 792 5711 951 5771; x_wconf 72' lang='grc' dir='ltr'><strong>ὂντας</strong></span> <span class='ocrx_word' id='word_1_803' title='bbox 982 5708 1043 5760; x_wconf 60' lang='grc' dir='ltr'><strong>Δ.</strong></span> <span class='ocrx_word' id='word_1_804' title='bbox 1122 5709 1165 5741; x_wconf 71' lang='grc'><strong>’⁸</strong></span> <span class='ocrx_word' id='word_1_805' title='bbox 1197 5704 1367 5779; x_wconf 80' lang='grc' dir='ltr'><strong>αὐτὴν</strong></span> <span class='ocrx_word' id='word_1_806' title='bbox 1400 5719 1511 5761; x_wconf 87' lang='lat' dir='ltr'><strong>om.</strong></span> <span class='ocrx_word' id='word_1_807' title='bbox 1556 5703 1613 5760; x_wconf 77' lang='grc' dir='ltr'><strong>Ρ.</strong></span> <span class='ocrx_word' id='word_1_808' title='bbox 1689 5705 1733 5742; x_wconf 83' lang='grc'><strong><em>⁸⁸</em></strong></span> <span class='ocrx_word' id='word_1_809' title='bbox 1759 5703 1855 5778; x_wconf 73' lang='grc' dir='ltr'><strong>τὴν</strong></span> <span class='ocrx_word' id='word_1_810' title='bbox 1885 5713 2006 5773; x_wconf 82' lang='lat' dir='ltr'><strong>post</strong></span> <span class='ocrx_word' id='word_1_811' title='bbox 2030 5702 2164 5772; x_wconf 72' lang='grc' dir='ltr'><strong>πρὸς</strong></span> <span class='ocrx_word' id='word_1_812' title='bbox 2193 5715 2304 5756; x_wconf 87' lang='lat' dir='ltr'><strong>om.</strong></span> <span class='ocrx_word' id='word_1_813' title='bbox 2339 5700 2401 5752; x_wconf 81' lang='grc' dir='ltr'><strong>Δ.</strong></span> <span class='ocrx_word' id='word_1_814' title='bbox 2482 5697 2522 5729; x_wconf 85' lang='grc'><strong>³¹</strong></span> <span class='ocrx_word' id='word_1_815' title='bbox 2557 5691 3112 5761; x_wconf 81' lang='grc' dir='ltr'><strong>καταϐαλλόμενονΑ.</strong></span> 
     </span>
    </p>
   </div>
  </div>
