4066 6040
329 233 427 298 επ

1397 231 1496 294 DE
1527 231 1841 295 EXCIDIO
1877 227 2490 295 TIIESSALONILE.

3493 225 3600 288 538

327 344 551 404 πολλοὺς
582 342 840 407 πολλάκις
871 341 1071 414 ἀνέτλη
1105 343 1374 413 πολέμους
1405 344 1499 397 καὶ
1528 343 1650 398 λίαν
1678 345 1909 415 σφοδροο

2019 341 2384 396 Barbarorum
2417 346 2533 392 tum
2583 337 2940 392 ﬁnitimorum
2990 336 3342 410 Scytharum,
3397 336 3611 391 macbi-

330 439 522 501 τάτους
553 439 586 505 ἡ
622 437 798 502 πόλις,
831 436 955 500 τούς
991 454 1049 490 τε
1078 437 1270 490 ἐκτῶν
1303 437 1608 508 Βαρϐάρων
1655 439 1748 492 καὶ
1810 437 1914 492 αύ-

328 529 438 583 τῶν
465 529 521 583 δὲ
547 530 659 584 τῶν
683 530 1134 602 συνομορούντων
1161 531 1408 597 Σκυθῶν,
1439 533 1545 585 πᾶν
1572 527 1710 594 εἶδος
1743 532 1917 602 ἀμυν-

326 621 531 689 τηρίων
553 622 675 676 κατ’
695 623 867 693 αὐτῆς
891 624 1112 677 ἑπινοου
1122 624 1297 694 μένων
1350 625 1447 678 καὶ
1475 622 1706 694 ψάμμου
1759 623 1917 692 δίκην

325 713 406 784 τῷ
466 712 664 786 πλήθει
723 714 825 784 τῆς
884 718 1150 788 στρατιᾶς
1196 716 1522 788 εἰσρεόντων
1579 717 1674 771 καὶ
1706 716 1842 789 μηδὲ
1870 715 1917 748 ⁸⁸

328 805 628 878 ὑποφέρειν
655 807 756 878 τὴν
783 805 1015 877 ἀπειλὴν
1056 806 1237 862 αὐτῶν
1288 807 1744 877 φιλονεικούντων
1798 807 1917 877 (καὶ

330 897 437 969 γάρ
463 897 542 961 ὼς
571 896 785 968 ἀληθῶς
807 893 948 971 ἦσαν
975 898 1274 954 ἀκάθεκτοι
1302 899 1425 961 ταῖς
1453 899 1654 970 ὁρμαῖς
1680 899 1772 954 καὶ
1797 915 1918 952 ποι-

330 990 452 1061 κίλῃ
481 990 592 1043 τινὶ
614 991 887 1062 πανοπλίᾳ
922 989 1350 1063 πεφραγμένοι),
1383 990 1500 1045 ἀλλ’
1527 986 1598 1064 ἦν
1623 993 1731 1063 ἀρα
1763 992 1920 1063 περί-

327 1098 474 1151 γειος
502 1077 696 1153 ῶσπερ
737 1083 972 1166 ⁷ἔχμάχη,
991 1085 1086 1138 καὶ
1116 1083 1370 1152 διέφευγε
1398 1085 1497 1149 τάς
1526 1083 1820 1147 ἐπιϐουλάς
1841 1082 1921 1154 τῷ

327 1175 567 1244 ἀσφαλεῖ
591 1175 686 1229 τοῦ
731 1177 946 1246 τεέχους
985 1176 1084 1248 τὴν
1147 1178 1334 1245 ἔφοδον
1360 1174 1758 1242 ύπεκκλίνασα,
1826 1175 1920 1231 καὶ

327 1268 401 1339 τῷ
428 1268 678 1341 συνήθως
701 1269 840 1339 αὐτῇ
867 1269 963 1323 καὶ
1011 1268 1230 1340 θερμῶς
1290 1269 1724 1343 ύπερμαχοῠντι,
1773 1269 1921 1338 λέγω

325 1363 389 1432 δὴ
437 1361 516 1434 τῷ
572 1360 882 1432 πανενδὸξῳ
931 1362 1172 1435 μάρτυρι
1231 1364 1556 1435 Δημητρίῳ,
1584 1362 1682 1433 τὴν
1716 1363 1918 1432 ἑαυτῆς

330 1451 612 1522 σωτηρίαν
639 1451 1141 1508 καταπιστεύουσα.
1191 1454 1288 1508 Ἐκ
1334 1452 1549 1508 πολλῶν
1594 1452 1706 1525 γάρ
1745 1450 1920 1522 αὐτὴν

326 1544 594 1599 κινδύνων
652 1548 682 1598 ό
721 1545 771 1578 ⁸⁸
820 1545 1159 1617 σωσίπατρις
1187 1540 1344 1614 οὗτος
1393 1545 1690 1619 ἐρρύσατο,
1731 1545 1828 1599 καὶ
1856 1544 1921 1599 τὸ

323 1639 481 1710 νικᾷν
499 1638 643 1710 αὐτῇ
684 1638 780 1694 καὶ
814 1639 982 1711 μήπω
1008 1639 1106 1694 τοῦ
1135 1639 1377 1711 πολέμου
1407 1638 1736 1711 πειραθείσῃ
1787 1635 1920 1690 πολ-

323 1736 480 1799 λάκις
519 1735 826 1806 συμπαθῶς
858 1737 1188 1809 ἐδωρήσατο.

322 1847 411 1895 τις
442 1833 561 1893 τοῖς
584 1828 714 1901 ἑξῆς
741 1830 906 1900 ἡμεῖς
930 1830 1042 1884 τῶν
1069 1829 1170 1902 ήδη
1204 1829 1509 1901 λεχθέντων
1537 1827 1839 1900 προΐωμεν.

2022 442 2282 488 namenta
2308 441 2364 486 et
2392 431 2826 502 Oppugnantium
2878 441 3033 487 astus
3080 433 3263 487 varies
3290 433 3608 502 excogitanv

2019 527 2154 582 tium
2210 540 2502 594 arcumque
2555 525 2858 592 exmquatis
2917 527 3092 595 copiis
3140 525 3484 580 inﬂuentium
3543 538 3610 580 ac

2019 626 2252 676 cunctos
2284 618 2450 674 minis
2480 617 2801 672 terrentium
2843 623 3024 688 (erant
3068 633 3304 689 namque
3339 617 3613 673 ell‘renato

2021 710 2226 782 impetu
2250 721 2302 766 et
2333 723 2612 765 armorum
2635 712 2784 765 omni
2813 725 3012 780 genere
3044 712 3231 781 septi),
3256 710 3613 776 sustinuerit,

2022 818 2149 859 cum
2190 813 2338 861 esset
2367 805 2651 859 terrestris
2695 803 3008 870 conﬂictus,
3051 805 3284 859 insidias
3331 802 3613 867 eludebat,

2021 893 2189 966 huius
2217 897 2356 950 muri
2389 895 2688 952 securitate
2735 896 3102 966 irruptionem
3124 895 3434 961 declinans,
3471 895 3611 950 soli-

2021 1000 2187 1059 teque
2221 998 2388 1061 atque
2416 989 2651 1046 ferventi
2706 1005 2810 1047 suo
2863 989 3167 1053 defensori,
3209 989 3618 1058 gloriosissimo

2020 1098 2221 1154 nempe
2276 1085 2509 1154 martyri
2559 1083 2859 1150 Demetrio,
2903 1098 3058 1139 suam
3094 1081 3438 1139 concredens
3464 1083 3614 1138 saluo

2021 1188 2153 1236 tem.
2183 1179 2265 1234 Es
2294 1180 2486 1235 multis
2514 1181 2661 1237 enim
2703 1180 2966 1251 periculis
3001 1188 3252 1235 servator
3302 1179 3392 1233 hic
3422 1181 3614 1248 patria:

2016 1275 2198 1344 ipsam
2229 1273 2501 1342 liberavit,
2536 1288 2638 1329 nec
2672 1287 2823 1335 raro,
2846 1287 2972 1327 cum
3027 1271 3263 1326 necdum
3290 1271 3454 1328 etiam
3491 1269 3615 1326 bel-

2022 1367 2134 1420 lum
2164 1373 2392 1437 experta
2416 1375 2587 1429 esset,
2602 1365 2899 1419 victoriam
2939 1365 3278 1433 perbumaue
3306 1359 3608 1416 concessit.

2021 1455 2227 1514 Verum
2277 1457 2394 1513 haec
2443 1457 2603 1513 libris
2646 1458 2740 1529 qui
2781 1457 2849 1512 de
2885 1456 3031 1511 illius
3069 1453 3354 1510 miraculis
3393 1460 3617 1510 exstant

2023 1546 2303 1603 narranda
2338 1548 2737 1618 permittentes,
2761 1559 2823 1602 ea
2856 1556 3256 1616 prosequamur
3302 1555 3423 1611 quae
3445 1537 3615 1595 deiu-

2023 1650 2156 1709 ceps
2195 1644 2528 1709 sequuntur.

1273 1736 1436 1791 Ἀλλά
1465 1735 1642 1790 ταῦτα
1661 1737 1782 1798 ταῖς
1805 1733 1917 1788 τῶν
1953 1732 2248 1805 θαυμάτων
2300 1732 2469 1788 αὐτοῦ
2498 1731 2704 1805 βίϐλοις
2752 1731 3020 1803 ἑξηγῆσαι
3048 1730 3094 1763 ⁸⁸
3174 1727 3617 1800 παραχωρήσαν-

391 1924 578 1984 θ¹.Ἦν
606 1922 702 1981 οὖν
718 1929 836 1990 ταῖς
864 1927 1144 1998 ῥηθείσαις
1169 1925 1373 1991 αίτίαις
1388 1926 1637 1997 άνωτέρα
1664 1923 1916 1978 κινδύνου

2093 1921 2148 1978 9.
2179 1919 2386 1980 Civitas
2430 1919 2713 1994 igiturIob
2770 1933 2865 1976 eas
2918 1932 3057 1990 quas
3107 1916 3360 1974 dicebam
3411 1928 3616 1970 causas

322 2020 524 2085 παντὸς
553 2021 589 2091 ή
641 2019 819 2085 πόλις.
851 2018 941 2086 Ἐξ
973 2019 1100 2074 ὅτου
1149 2019 1260 2091 γάρ
1321 2020 1355 2091 ἠ
1397 2017 1757 2089 κολυμϐήθρα
1814 2015 1912 2070 τοῦ

321 2105 466 2161 θείου
481 2107 529 2141 ⁸⁷
546 2105 925 2178 βαπτίσματος
948 2107 1008 2161 τὸ
1030 2105 1139 2162 τῶν
1167 2107 1392 2162 Σκυθῶν
1427 2107 1581 2172 ἔθνος
1614 2107 1695 2179 τῷ
1724 2123 1914 2178 χριστ-

317 2198 518 2272 ωνύμῳ
579 2198 694 2270 λαῷ
735 2197 818 2272 [Ρ.
845 2198 972 2270 325!
1001 2199 1390 2270 συνεμόρφωσε
1449 2200 1544 2254 καὶ
1599 2198 1659 2252 τδ
1686 2200 1788 2269 τῆς
1819 2199 1912 2252 εύ-

320 2293 536 2357 σεδείας
567 2293 709 2362 γάλα
739 2293 932 2356 κοινῶς
971 2292 1305 2364 ἀμφοτέροις
1339 2292 1567 2346 διείλετο
1588 2334 1604 2360 ,
1663 2292 1916 2347 πέπαυτο

325 2388 422 2456 μὲν
455 2388 486 2456 ἡ
514 2385 630 2440 τῶν
661 2385 869 2440 πόλεων
900 2384 1092 2450 στάσις
1113 2384 1183 2450 ⁸⁸,
1204 2386 1387 2438 ἀνεῖτο
1410 2384 1466 2438 δὲ
1493 2386 1593 2455 τῆς
1629 2385 1912 2456 ἐνεργείας

323 2481 356 2548 ὴ
386 2477 486 2541 τὰς
517 2477 738 2547 σφαγάς
773 2475 1175 2547 ιπιτηδεύουσα
1209 2476 1478 2549 μάχαιρα,
1515 2479 1610 2531 καὶ
1659 2480 1728 2532 τά
1778 2496 1917 2549 προ-

321 2568 587 2643 λεχθίντα
601 2567 676 2640 τῷ
695 2570 1321 2641 μεγαλοφωνοτάτῳτῶν
1345 2570 1640 2642 προφητῶν
1655 2569 1718 2624 Ἥ
1726 2572 1852 2644 aut;
1865 2571 1912 2605 "

325 2661 577 2734 ἐναργῶς
630 2661 718 2731 ἐφ’
757 2664 889 2732 ⁴ἡμῖν
958 2660 1262 2733 ἔπληροῦτο
1290 2680 1306 2694 ο
1354 2663 1411 2715 αι
1486 2665 1752 2733 μάχαιραι
1804 2663 1914 2735 γὰρ

327 2757 480 2825 ἡμῶν
508 2754 783 2826 μετῆλθον
819 2756 897 2819 είς
925 2753 1170 2825 δρέπανα
1201 2756 1296 2807 καὶ
1323 2756 1379 2808 αί
1404 2753 1620 2818 ζιδύναι
1669 2758 1749 2820 εἰς
1782 2759 1914 2830 ἀρο-

327 2865 446 2918 τρα,
499 2848 599 2901 καὶ
658 2848 894 2918 πόλεμος
941 2842 1010 2918 ἦν
1039 2845 1301 2916 οὐδαμοῦ,
1350 2847 1441 2901 καὶ
1473 2848 1571 2918 τὴν
1603 2850 1914 2922 περίχωρον

328 2939 545 2994 ἀπασαν
569 2939 761 3010 είρήνη
787 2940 1253 3011 κατεπρυτάνευε,
1291 2940 1388 2993 καὶ
1421 2941 1649 3010 οὐδεμία
1701 2938 1770 3014 ἦν
1818 2943 1911 2998 εὐ-

327 3029 488 3096 ζωῖας
511 3031 742 3102 ἀφορμὴ
769 3026 840 3104 ἧς
869 3033 968 3086 οὐκ
1002 3033 1079 3096 είς
1115 3032 1276 3102 κόρον
1325 3035 1488 3104 ἡμεῖς
1540 3036 1911 3106 ἀπελαύομεν,

327 3123 475 3177 ἔνθεν
505 3123 566 3178 αἱ
585 3122 684 3192 τῆς
714 3123 990 3195 γεωργίας
1019 3124 1299 3194 ἀφθονίαι,
1332 3126 1544 3181 ἐκεῖθεν
1589 3129 1645 3181 αἱ
1679 3130 1779 3199 τῆς
1808 3131 1914 3201 εμ-

2019 2017 2201 2074 omnis
2234 2015 2464 2088 periculi
2489 2030 2687 2074 secura
2710 2015 2926 2087 agebat.
2945 2011 3068 2081 Quo
3097 2013 3246 2069 enim
3269 2026 3332 2065 ex
3365 2017 3616 2080 tempore

2018 2109 2350 2182 Scytharum
2378 2124 2535 2181 gens,
2570 2110 2715 2164 sacri
2754 2107 2927 2164 l'ontis
2960 2107 3120 2176 aquis
3144 2104 3330 2161 abluta
3366 2117 3430 2156 ac
3447 2098 3610 2157 Clui-

2016 2206 2198 2262 stiano
2239 2203 2442 2277 populo
2470 2202 2709 2263 sociata.
2745 2202 2863 2272 pari
2895 2201 2970 2256 illi
3006 2214 3234 2254 munere
3278 2195 3498 2267 pietatis
3527 2194 3612 2250 lac

2017 2311 2216 2367 augere
2269 2295 2682 2358 destinaverat,
2732 2291 2952 2347 urbium
3004 2287 3377 2345 desolationes
3440 2283 3610 2340 linem

2016 2390 2352 2456 habuerant,
2372 2387 2441 2444 ad
2467 2387 2642 2443 caedes
2673 2384 2928 2441 instructi
2948 2383 3098 2440 ensis
3119 2395 3309 2436 mucro
3336 2377 3608 2433 inhibitus

2013 2490 2134 2539 erat
2182 2491 2538 2551 retusumque
2603 2480 2938 2544 ferrum,ac
2986 2490 3110 2545 qua:
3162 2474 3292 2528 olim
3329 2471 3613 2542 propheta'

2016 2591 2138 2631 rum
2207 2574 2596 2631 vocalissimus
2640 2570 2811 2628 lsaias
2847 2570 2940 2638 (2,
2963 2569 3018 2640 ι)
3057 2567 3233 2623 fuerat
3262 2564 3611 2626 vaticinatus,

2016 2675 2208 2723 nostro
2262 2666 2369 2723 boe
2418 2678 2534 2721 arvo
2569 2663 2730 2735 500
2767 2662 3064 2732 adimpleta
3099 2657 3611 2730 conspiciebantur.

2014 2760 2202 2818 Nostri
2231 2759 2376 2816 enim
2408 2757 2577 2831 gladii
2632 2757 2966 2811 transierant
3011 2756 3065 2810 in
3108 2753 3279 2808 falces
3317 2759 3371 2804 et
3406 2749 3616 2803 lancem

2016 2855 2075 2910 in
2103 2866 2377 2915 vomeres,
2421 2865 2525 2905 nec
2577 2862 2809 2919 usquam
2860 2846 3061 2901 bellum
3115 2849 3268 2909 erat;
3307 2853 3612 2908 omnesque

2014 2945 2224 3018 ubique
2245 2943 2491 2998 ﬁnitima:
2529 2950 2720 3012 gentes
2769 2939 2822 2994 in
2854 2953 2991 3008 pace
3035 2936 3308 3008 agebant;
3340 2932 3601 2999 nullaque

2013 3048 2135 3093 erat
2168 3031 2564 3092 commodioris
2613 3031 2742 3086 vitae
2780 3030 2924 3084 ratio
2969 3044 3034 3082 ac
3063 3025 3307 3087 occasio,
3338 3038 3445 3093 qua
3493 3035 3606 3075 non

2017 3127 2224 3183 affatim
2276 3127 2612 3181 frueremur.
2685 3120 2818 3176 inde
2875 3119 3090 3190 frugum
3144 3117 3414 3181 ubertas,
3476 3112 3611 3167 inde

328 3217 521 3288 πορίας
550 3216 832 3287 χορηγίαι.
870 3217 945 3286 Γῆ
979 3217 1089 3288 γὰρ
1145 3221 1240 3271 καὶ
1281 3219 1526 3273 θάλασσα
1577 3221 1914 3293 λειτουργεῖν

2024 3228 2350 3276 mercaturae
2397 3216 2794 3273 emolumenta.
2831 3212 3007 3268 Terra
3053 3209 3198 3266 enim
3253 3217 3309 3262 et
3357 3220 3504 3260 mare
3545 3205 3617 3258 ab

327 3308 455 3377 ⁴ἡμῖν
474 3307 538 3374 ἐξ
563 3307 742 3379 ἀρχῆς
763 3307 1046 3378 ταχθεῖσαι
1079 3309 1338 3362 πλουσίαν
1379 3311 1470 3362 καὶ
1498 3311 1773 3365 ἀδάπανον
1816 3311 1916 3385 τὴν

328 3401 454 3474 περὶ
509 3400 743 3454 ικαστον
790 3400 1186 3472 ἐδωροφόρουν.
1243 3396 1344 3455 Ὧν
1383 3404 1494 3473 γάρ
1551 3401 1618 3476 ἦν
1655 3406 1853 3469 ἐνδεῶς
1880 3407 1916 3478 ἢ

328 3494 420 3547 καὶ
443 3492 844 3562 ἀνεπιτηδείως
895 3491 1096 3562 ἔχουσα
1139 3495 1279 3564 πρὸς
1321 3496 1693 3564 καρπογονίαν
1738 3499 1772 3567 ἡ
1822 3498 1917 3568 γῆν

327 3585 534 3640 τούτων
573 3584 706 3655 παρ’
740 3587 944 3655 ἐαυτῆς
974 3587 1008 3656 ἡ
1033 3583 1279 3640 θάλασσα
1300 3587 1400 3658 τὴν
1424 3591 1618 3659 κτῆσιν
1660 3607 1920 3660 μηχανω-

331 3682 468 3750 μένη
498 3677 595 3732 καὶ
619 3679 740 3742 ταῖς
777 3678 970 3732 ὁλκάσι
1007 3680 1500 3748 συνεισκομίζουσα
1564 3681 1808 3747 ἀνενὸεὲς
1859 3685 1922 3736 τὸ

328 3770 511 3824 λεῖπον
539 3770 712 3823 ιδίδου
742 3772 854 3833 τοῖς
893 3770 1170 3842 χρῄζουσι.
1209 3771 1273 3824 Τί
1303 3771 1360 3824 δὲ
1383 3773 1491 3825 τῶν
1542 3774 1922 3846 ἁπανταχόθεν

330 3861 744 3932 ιπιδημούντων
770 3861 982 3932 εἴποιμι
1013 3862 1254 3933 πρῶτον,
1287 3864 1381 3916 καὶ
1413 3861 1644 3932 μάλιστα
1673 3858 1752 3926 οἷς
1802 3867 1922 3933 tqu-

329 3951 650 4022 λοτιμοῦντο
680 3954 807 4015 τοὺς
831 3951 1060 4014 πολίτας
1085 3954 1257 4023 ἡμᾶς,
1289 3952 1356 4005 τά
1393 3953 1524 4022 παρ’
1571 3953 1783 4006 ἑαυτῶν
1840 3953 1922 4006 δι-

329 4044 508 4107 δόντες
537 4044 718 4098 καὶτά
747 4044 878 4113 παρ’
928 4042 1089 4113 ἡμῶν
1132 4043 1626 4116 ἀντιλαμϐάνοντες
1653 4064 1669 4111 ;
1697 4047 1923 4116 Λεωφά-

333 4151 427 4205 pou
455 4135 566 4206 γὰρ
586 4134 854 4205 δημοσίας
879 4133 979 4204 τῆς
1025 4135 1165 4206 πρὸς
1210 4136 1478 4206 ἀνατολὴν
1534 4137 1774 4209 ἀγούσης
1812 4140 1924 4194 ἀπὸ

328 4225 428 4294 τῆς
455 4223 662 4290 δύσεως
687 4225 779 4278 διά
813 4225 980 4296 μέσον
1023 4225 1186 4294 τῆσδε
1222 4227 1510 4301 χωρούσης
1553 4229 1654 4300 τῆς
1689 4230 1921 4301 πόλεως,

334 4317 426 4370 καὶ
455 4317 773 4385 ἀναγκαίως
831 4317 1131 4391 πειθούσης
1169 4319 1298 4385 τοὺς
1341 4320 1745 4391 παροδεύοντας
1767 4324 1924 4394 ,πρὸς

334 4410 479 4481 ἡμᾶς
511 4409 874 4480 ινδιατρίθειν
905 4411 1001 4464 καὶ
1042 4411 1112 4464 τὰ
1145 4411 1283 4484 πρὸς
1314 4410 1415 4483 τὴν
1449 4413 1643 4483 χρείαν
1702 4413 1924 4484 πορίζε-

2024 3314 2185 3368 initio
2211 3311 2277 3366 ad
2330 3310 2699 3380 praestandum
2733 3307 2893 3360 nobis
2936 3302 3262 3372 obsequium
3300 3299 3604 3354 constituta

2023 3409 2247 3464 uberem
2282 3413 2589 3476 sponthue
2635 3411 2882 3473 paratam
2932 3398 3263 3468 quandoque
3299 3409 3454 3450 suam
3486 3407 3614 3463 gra-

2023 3502 2152 3555 tiam
2175 3513 2490 3570 munusque
2512 3495 2891 3552 conferebant.
2919 3492 3053 3559 Qum
3075 3491 3224 3547 enim
3260 3497 3405 3544 terra
3429 3489 3616 3541 minus

2022 3590 2410 3662 suppeditabat
2457 3597 2552 3644 aut
2615 3603 2680 3641 ex
2737 3601 2798 3640 se
2856 3583 3105 3654 proferre
3155 3595 3262 3635 non
3308 3577 3444 3632 satis
3495 3583 3614 3629 erat

2021 3686 2238 3751 idonea,
2276 3684 2391 3737 haec
2421 3697 2594 3747 mare,
2620 3677 3103 3734 mercimoniorum
3144 3671 3366 3730 solertia
3396 3683 3618 3738 compa-

2022 3789 2143 3833 rata
2173 3786 2339 3848 atque
2371 3776 2606 3832 navibus
2630 3775 2870 3836 invecta,
2901 3771 3044 3841 quod
3074 3768 3367 3839 egentibus
3396 3766 3612 3827 deerat,

2023 3870 2242 3926 abunde
2298 3868 2609 3939 supplebat.
2638 3865 2780 3932 Quid
2811 3879 2943 3919 vero
2991 3863 3355 3932 undequaqne
3407 3857 3615 3909 adven-

2025 3964 2255 4018 tantium
2286 3961 2520 4032 primum
2575 3957 2835 4020 dixerim,
2879 3971 2943 4011 ac
2969 3956 3172 4025 quibus
3207 3950 3482 4023 praecipue
3510 3963 3615 4002 nos

2023 4056 2173 4112 cives
2200 4053 2377 4108 amice
2401 4051 2766 4122 accipiebant,
2804 4063 2903 4104 sua
2958 4047 3265 4100 tribuentes
3323 4051 3488 4112 atque
3530 4043 3616 4092 vi-

2023 4147 2211 4204 cissim
2241 4155 2428 4201 nostra
2452 4141 2822 4211 recipientes?
2853 4140 2988 4193 Nam
3019 4152 3146 4192 cum
3179 4135 3264 4189 via
3292 4133 3516 4204 publica
3543 4131 3618 4186 ab

2023 4254 2225 4296 occasu
2250 4237 2318 4290 ad
2349 4248 2529 4290 ortum
2565 4249 2664 4304 per
2694 4233 2930 4289 mediam
2968 4231 3108 4285 hanc
3133 4230 3322 4282 urbem
3364 4226 3614 4290 duceret,

2021 4338 2351 4403 cogeretquc
2378 4329 2618 4382 viatores
2641 4327 2697 4380 in
2723 4340 2788 4380 ea
2819 4337 3004 4378 moras
3028 4322 3377 4390 interponere
3416 4325 3470 4371 et
3491 4329 3616 4385 quas

2025 4419 2080 4474 in
2104 4432 2268 4473 usum
2300 4431 2463 4483 suum
2497 4423 2683 4469 essent
2735 4428 2951 4482 parare,
2979 4410 3245 4482 quidquid
3279 4408 3402 4476 quis
3446 4407 3616 4461 bono-

335 4503 479 4568 σθαι,
505 4504 616 4556 πᾶν
647 4501 829 4556 ὁτιοῦν
858 4502 927 4556 ἀν
956 4501 1100 4554 ιῖποι
1134 4519 1219 4567 τις
1249 4502 1359 4556 τῶν
1394 4502 1580 4558 καλῶν
1629 4503 1690 4570 ἐξ
1741 4505 1917 4560 αὐτῶν

2023 4525 2146 4565 rum
2179 4507 2348 4571 dicat,
2385 4522 2452 4562 ex
2506 4507 2618 4561 illis
2646 4507 3132 4574 consequebamur
3181 4503 3451 4567 nobisque
3483 4511 3614 4567 pro-

333 4593 726 4669 δκαρπούμεθά
775 4611 837 4648 τι
901 4595 1002 4649 καὶ
1056 4597 1517 4667 προσεκτώμεθα.
1573 4598 1764 4654 Ἔνθεν
1825 4599 1917 4653 καὶ

2025 4601 2338 4657 veniebant.
2414 4598 2558 4654 Hinc
2612 4598 2928 4669 promiscua
2995 4612 3058 4652 ex
3126 4595 3280 4650 omni
3325 4593 3614 4647 hominum

334 4690 628 4759 παμμιγὴς
649 4704 737 4752 τις
762 4685 917 4758 δχλος
945 4687 1034 4741 ἀεὶ
1062 4689 1554 4762 περιεστοίχειζτάς
1583 4691 1784 4760 ἀγυιάς
1812 4691 1917 4765 τῶν

2022 4708 2222 4766 genere
2271 4691 2586 4756 multitudo,
2643 4699 2756 4745 tum
2807 4690 3200 4760 indigenarum
3246 4697 3360 4742 tum
3390 4701 3616 4756 quoquo

337 4796 394 4833 τε
423 4779 764 4850 αὐτοχθόνων
793 4778 1018 4835 καὶτῶν
1055 4781 1233 4846 ἄλλως
1283 4782 1746 4855 ἑπιξενουμένων,
1778 4781 1856 4849 ὡς
1876 4784 1917 4819 ⁸·

2021 4788 2188 4845 modo
2228 4785 2472 4855 hospitio
2497 4793 2874 4855 receptarum,
2909 4785 3122 4854 plateas
3156 4797 3375 4852 semper
3420 4780 3614 4836 circul-

337 4872 722 4944 εὐχερέστερον
747 4867 892 4928 εἶναι
927 4873 1160 4945 ψάμμον
1202 4875 1472 4947 παράλιον
1519 4875 1842 4946 ὲξαριθμεῖν
1885 4875 1917 4948 ἢ

2022 4883 2196 4949 bant;
2237 4889 2298 4936 ut
2323 4879 2543 4935 facilius
2569 4880 2643 4935 sit
2689 4893 2889 4934 arenas
2926 4877 3091 4932 maris
3119 4890 3410 4933 numerare
3445 4889 3612 4946 quam

339 4969 459 5030 τοὺς
486 4966 586 5037 τὴν
609 4966 819 5035 ἀγοράν
847 4966 1207 5032 διοδεύοντας,
1258 4970 1352 5022 καὶ
1392 4966 1501 5022 τῶν
1531 4969 1917 5042 συναλλαγμά-

2021 4989 2215 5032 eorum
2244 4971 2336 5040 qui
2367 4972 2545 5026 forum
2603 4971 2950 5040 occupabant
3005 4984 3070 5026 ac
3117 4970 3210 5039 qui
3258 4967 3614 5023 commerciis

341 5076 442 5113 των
466 5060 823 5130 ποιουμένους
860 5059 904 5092 ⁸⁸
929 5061 1030 5130 τὴν
1058 5061 1302 5130 μέθοδον.
1364 5062 1644 5117 Ἐντεῦθεν
1693 5065 1917 5134 χρυσίου

2025 5065 2404 5122 miscebantur
2441 5079 2667 5118 censum
2725 5064 2884 5118 inire.
2941 5061 3078 5116 llinc
3110 5063 3252 5127 auri,
3294 5062 3502 5132 argenti
3561 5065 3618 5114 et

345 5153 433 5204 καὶ
460 5153 720 5222 ἀργυρίου
750 5153 846 5205 καὶ
865 5152 1031 5206 λίθων
1058 5154 1256 5225 τιμίων
1306 5157 1657 5229 παμπληθεῖς
1717 5158 1917 5228 θησαυ-

2028 5157 2396 5229 pretiosorum
2435 5153 2676 5224 lapidum
2735 5155 2985 5224 ingentes
3012 5166 3076 5206 ac
3103 5153 3314 5222 copiosi
3368 5149 3613 5205 thesauri

347 5242 426 5310 ροὶ
487 5244 597 5307 τοῖς
653 5241 867 5304 πολλοῖς
937 5243 1199 5310 ἐγίνοντο,
1227 5245 1319 5297 καὶ
1360 5247 1428 5301 τὰ
1454 5249 1517 5299 ἐκ
1557 5246 1748 5318 Σηρῶν
1780 5247 1917 5316 ὐφάα

2030 5254 2195 5324 vulgo
2225 5255 2615 5310 accrescebant
2640 5271 2654 5320 ;
2678 5262 2968 5321 vestesque
2987 5253 3178 5306 serica:
3202 5250 3426 5320 perinde
3449 5257 3617 5318 atque

348 5349 522 5403 σματα
568 5334 642 5398 ὼς
680 5337 748 5387 τά
787 5333 846 5396 ἐξ
873 5334 1038 5404 ἐρίων
1068 5339 1184 5400 τοῖς
1211 5338 1392 5403 ἀλλοις
1428 5341 1763 5410 ὲπινενόητο.
1791 5341 1917 5414 ΠιρΊ

2034 5343 2160 5401 aliis
2204 5344 2374 5401 laneas
2441 5344 2598 5416 501
2652 5344 3128 5416 excogitabantur.
3183 5341 3428 5397 Aliarum
3485 5354 3616 5394 vero

1644 5521 1877 5578 VARUE
1919 5522 2332 5581 LECTIONES.

439 5644 680 5716 "prﬁtv
709 5645 772 5716 Α.
852 5647 897 5678 ³⁸
924 5647 1030 5715 γὰρ
1057 5645 1238 5699 αὐτῶν
1267 5643 1526 5716 κινδύνων
1546 5644 1714 5711 αὐτὴν
1739 5646 1766 5696 ὁ
1938 5643 1995 5716 ’ξ
2015 5644 2329 5716 ἐξηγεῖσθαι
2356 5649 2376 5679 "
2451 5648 2492 5680 ⁸⁷
2517 5645 2672 5714 άγίου
2704 5643 2762 5700 Ρ.

359 5729 465 5782 tm;
489 5713 546 5768 Ρ.
575 5710 584 5716 ’
621 5717 664 5748 ³⁸
718 5714 882 5789 Ἰσαῖᾳ
915 5710 976 5772 Α.
1001 5710 1013 5715 ⁷
1056 5719 1103 5750 ⁸⁸
1137 5718 1209 5782 ὡς
1244 5731 1349 5772 om.
1380 5715 1443 5770 Α.
1521 5717 1562 5747 ⁸³
1598 5710 1936 5784 ποιουμένων
1965 5710 2018 5768 Ρ.

2863 5646 2908 5679 ⁸⁸
2955 5647 3012 5698 at
3053 5643 3158 5698 τῶν
3222 5641 3430 5697 πόλεων
3485 5642 3615 5698 στά-
