4066 6040
399 146 492 211 διι

1463 154 1560 216 DE
1597 155 1914 219 EXCIDIO
1938 159 2227 224 THESSA
2238 162 2554 230 ιοΝιεΑι.

3531 184 3638 250 542

394 256 483 312 τδν
512 258 748 329 φθόγγον
777 261 1126 328 διατιθόντις,
1151 263 1246 318 καὶ
1278 264 1524 336 μεγάλην
1545 269 1666 322 τινὰ
1703 269 1799 324 καὶ
1822 268 1970 336 ἀξιο-

2074 281 2127 328 et
2165 274 2394 333 alternis
2416 293 2609 334 versus
2642 280 2902 352 tinniant,
2935 301 3308 363 manuumque
3341 289 3502 366 ὕοι
3531 309 3656 350 mo-

397 352 583 404 θέατον
610 351 831 423 χορείαν
857 357 1236 423 συνιστῶντες,
1274 354 1352 429 τῷ
1377 374 1434 411 τε
1472 358 1605 414 εἴδει
1641 362 1742 432 τῆς
1769 362 1975 434 ἀστρα-

395 441 631 515 πτοὺσης
663 444 857 514 στολῆς
880 442 968 518 [Ρ.
999 444 1132 521 527]
1155 447 1254 513 τὰς
1275 447 1386 504 τῶν
1410 450 1666 523 ὁρώντων
1686 451 1973 523 θέλγοντες

392 530 564 602 ὕψεις,
584 533 680 587 καὶ
705 537 773 606 τῇ
797 536 1114 610 τεχνωμένη
1130 536 1243 592 τῶν
1262 537 1494 611 ψαλμῶν
1514 540 1656 614 λὺριι⁵
1677 543 1778 616 τὴν
1804 545 1973 618 ἀκοὴν

394 627 855 698 κατατὲρποντες.
877 628 942 683 Τί
965 629 1073 701 γάρ
1099 625 1170 704 ἦν
1199 632 1337 704 πρὸς
1375 631 1571 689 τοῦτον
1606 634 1700 691 τὸν
1749 635 1917 707 ὕμνον
1944 639 1973 692 ό

397 717 624 787 μυθικὸς
703 719 934 792 Ὀρφεὺς
982 721 1017 793 ἢ
1070 723 1104 794 ή
1136 722 1410 797 ὀμηρικὴ
1465 725 1643 798 μοῦσα
1674 727 1732 800 ἢ
1764 728 1832 782 τὰ
1863 727 1974 783 τῶν

393 810 670 882 Σειρήνων
691 813 757 884 λη
767 815 831 884 ρή
840 830 1005 883 ματα,
1030 813 1108 886 τῷ
1122 813 1307 886 ψεύδει
1335 817 1445 871 τῶν
1470 818 1807 888 πλασμάτων
1838 821 1970 875 ἀνα-

391 904 738 974 γραφόμενα,
774 900 856 968 οῖς
871 906 920 938 ’⁵
957 905 1114 976 λόγος
1144 907 1245 977 μὲν
1285 908 1524 964 ἐπαίνων
1544 910 1715 975 οὐδεὶς
1745 910 1970 983 ἀληθὴς,

393 998 572 1066 φῆμαι
595 996 652 1050 δὲ
677 997 892 1067 ψευδεῖς
919 998 1044 1062 τοὺς
1063 999 1380 1071 ἀνθρώπους
1417 1000 1695 1056 πλανῶσαι
1719 1003 1811 1056 καὶ
1835 1004 1972 1074 πρὸς

390 1089 613 1159 ἀπάτην
659 1089 1190 1162 ἁνδραποδίζουοαι;
1233 1093 1426 1164 Μάτην
1478 1093 1574 1149 οὑν
1637 1097 1697 1149 ἐν
1761 1094 1973 1160 τούτοις

391 1180 876 1255 ιψευδοκτύπησαν
902 1185 1012 1238 οί¹¹¹
1050 1185 1329 1259 Ἕλληνες,
1383 1189 1486 1260 τήν
1535 1189 1709 1261 ἀληθῆ
1770 1190 1973 1259 γνῶσιν

387 1273 499 1329 τῶν
533 1277 876 1347 πραγμάτων
924 1280 1275 1350 ἀφῃρημένοι
1321 1282 1417 1335 καὶ
1463 1284 1586 1346 ταῖς
1636 1280 1973 1348 κενολογίαις

389 1365 490 1436 τῆς
544 1367 726 1421 αὑτῶν
773 1367 1196 1441 δεισιδαιμονίας
1233 1371 1280 1402 ’⁸
1334 1371 1458 1426 καθ’
1509 1369 1719 1424 ἑαυτῶν
1747 1370 1970 1425 ὁπλισά-

391 1475 564 1526 μενοι.
611 1459 774 1530 Ἡμῖν
801 1459 859 1516 δὲ
891 1463 984 1514 καὶ
1009 1463 1071 1515 τὸ
1099 1462 1464 1534 σεϐαζόμενον
1515 1459 1584 1535 ἦν
1623 1460 1823 1535 ἀληθὲς
1877 1461 1973 1515 καὶ

387 1553 522 1606 αὑτὸ
550 1554 608 1608 δὲ
629 1555 692 1608 τὸ
718 1555 1078 1627 ὑμνούμενον.

460 1732 552 1803 ιβ’.
579 1733 753 1790 Ἔνθα
781 1736 846 1807 δή
878 1753 968 1808 μοι
994 1737 1092 1791 καὶ
1115 1734 1326 1808 θάμϐος
1347 1734 1646 1809 ἐπέρχεται
1674 1738 1770 1790 καὶ
1793 1737 1970 1808 φρίκη

386 1828 482 1882 καὶ
514 1827 803 1900 ἔκπληξις,
854 1830 986 1884 ὅταν
1015 1829 1160 1884 κατά
1184 1828 1313 1883 νοῦν
1339 1826 1493 1882 λάϐω
1523 1829 1644 1892 πῶς
1667 1829 1697 1883 ό
1728 1829 1973 1894 τοιοῦτος

386 1918 483 1974 καὶ
519 1922 782 1985 τοσοῦτος
810 1920 1001 1993 ὕμνος,
1039 1923 1070 1976 ὀ
1097 1921 1267 1992 μήπω
1294 1919 1404 1975 τινὶ
1445 1919 1555 1974 τῶν
1583 1919 1760 1976 ἄλλων
1803 1937 1971 1995 προσ-

385 2015 712 2086 φερομένων
773 2012 822 2046 ’⁸
869 2012 1075 2067 θυσιῶν
1127 2012 1209 2086 τῷ
1254 2011 1478 2082 μεγέθει
1535 2010 1971 2083 ἰξομοιοὺμενος,

389 2108 590 2180 ἁθρόον
618 2105 790 2170 οὕτως
817 2107 1039 2178 ἐσίγησε
1072 2106 1172 2161 καὶ
1193 2107 1274 2170 είς
1303 2105 1457 2161 οὐδὲν
1486 2105 1744 2179 ἐλογίσθη
1773 2107 1866 2163 καὶ
1894 2106 1971 2171 ὡς

388 2199 522 2271 θναρ
557 2196 972 2268 ὑπανεχώρησε.
1007 2197 1156 2267 ηλήν
1189 2212 1254 2266 γε
1276 2194 1434 2250 τοῦτο
1460 2195 1771 2264 λογίζομαι,
1798 2197 1881 2250 ὅτι
1911 2196 1971 2251 ἐν

388 2292 514 2353 ταῖς
541 2289 592 2321 ’⁸
611 2287 904 2360 ἁμαρτίαις
930 2286 1087 2351 ὅντες
1111 2287 1180 2343 τά
1226 2286 1347 2340 θεῖα
1382 2287 1523 2342 κατὰ
1549 2285 1642 2340 τὸν
1665 2285 1971 2357 Ψαλμῳδὺν

390 2379 758 2452 ὶδιηγούμεθα
785 2378 1153 2446 δικαιώματα,
1176 2377 1273 2432 καὶ
1298 2377 1360 2430 τδ
1391 2377 1665 2450 μοχθηρὸν
1682 2378 1839 2450 ήμῶν
1861 2379 1974 2433 τῶν

387 2475 612 2549 τρόπων
635 2471 900 2540 ἀδόκιμον
921 2470 985 2526 τὸ
1017 2471 1320 2544 περιφανὲς
1345 2469 1506 2526 τοῦτο
1532 2472 1626 2525 καὶ
1676 2471 1972 2543 σεϐάσμιον

389 2566 790 2639 ἀπειργάσατο,
831 2563 1052 2629 ἀνάξιον
1086 2563 1373 2636 κρίναντος
1421 2562 1519 2617 τοῦ
1553 2559 1690 2618 Θεοῦ
1721 2562 1973 2636 βεϐήλοις

389 2662 487 2715 καὶ
512 2659 734 2726 ὲναγέσι
775 2657 1010 2730 χείλεσιν
1038 2655 1332 2726 ὑμνεῖσθαι
1358 2673 1416 2709 τε
1447 2657 1543 2710 καὶ
1590 2655 1967 2728 γεραίρεσθαι.

387 2753 571 2821 Μέχρι
606 2749 716 2821 γὰρ
743 2750 889 2812 τίνος
911 2745 1010 2818 τὴν
1041 2743 1220 2817 άληθῆ
1253 2744 1436 2799 αίτίαν
1454 2743 1548 2798 τοῦ
1580 2744 1760 2803 πάντα
1792 2745 1973 2799 κίνδυ-

386 2859 480 2895 νον
503 2839 868 2910 ἐπενεχθῆναι
897 2839 1030 2909 ἡμῖν
1073 2836 1157 2902 είς
1204 2835 1372 2907 μέσον
1401 2837 1465 2890 οὑ
1495 2835 1873 2907 παριστῶμεν,
1903 2838 1971 2892 ἶν’

2082 365 2236 422 tibus
2257 367 2688 427 modulationum
2731 388 2904 434 sonos
2934 376 3253 451 disponant,
3288 396 3354 440 ac
3397 396 3654 458 magnam

2082 458 2380 525 quamdam
2415 461 2690 535 digneque
2740 470 3093 539 spectabilem
3146 475 3404 532 cboreatn
3437 483 3655 538 consti-

2079 555 2256 615 tuant,
2287 559 2402 609 tum
2448 553 2745 628 etl‘ulgente
2795 566 3030 620 vestium
3084 565 3259 624 forma
3283 572 3650 639 spectantium

2078 642 2276 701 oculos:
2295 643 2690 718 demulcentes,
2713 660 2829 710 tum
2852 656 3146 715 artiﬁciosa
3167 661 3502 730 psalmorum
3534 665 3652 739 lyra

2079 732 2326 790 auditum
2354 737 2712 798 obiectantes.
2748 743 2891 812 Quid
2927 750 3076 803 enim
3103 763 3243 816 urat,
3287 753 3332 809 si
3367 755 3482 811 lucc
3515 732 3654 812 can-

2080 823 2188 878 tica
2219 825 2559 896 consideres,
2611 831 2904 891 fabulosus
2923 835 3180 907 Orpheus
3227 853 3321 897 aut
3353 840 3508 900 Ilusa
3540 843 3651 901 llo-

2079 918 2283 974 merica
2309 927 2404 975 aut
2431 918 2684 979 Sirenum
2741 925 3095 987 deliramenta
3115 976 3131 1000 ,
3181 934 3467 994 ﬁctionunt
3499 953 3652 996 mon-

2078 1007 2254 1064 daciis
2276 1010 2512 1082 digesta,
2543 1021 2602 1069 ut
2633 1016 2780 1070 nulla
2811 1019 3032 1076 laudum
3074 1036 3201 1079 Vera
3249 1027 3384 1084 ratio
3417 1028 3511 1092 sit,
3552 1031 3648 1086 sed

2081 1096 2200 1156 falsi
2235 1116 2506 1170 rumores,
2552 1109 2864 1164 mortalium
2892 1127 3066 1183 genus
3111 1116 3438 1176 seducentes
3486 1131 3652 1193 atquo

2077 1193 2252 1250 errori
2307 1199 2723 1269 mancipantes?
2759 1201 2990 1260 Frustra
3042 1208 3209 1279 igitur
3244 1210 3299 1265 in
3338 1210 3426 1268 bis
3472 1213 3648 1272 Graeci

2078 1285 2433 1354 crepantibus
2490 1289 2683 1347 buccis
2729 1308 2853 1349 sese
2903 1295 3136 1364 jactant,
3166 1301 3260 1370 qui
3308 1317 3434 1357 vera
3464 1319 3650 1363 rerum

2079 1373 2306 1430 scientia
2325 1389 2550 1434 careant
2571 1381 2840 1453 vanisque
2886 1390 3234 1448 sermonibus
3259 1393 3363 1463 ipsi
3392 1395 3654 1454 sibimet-

2077 1464 2216 1535 ipsis
2254 1479 2529 1542 pugnent:
2571 1475 2729 1532 nobis
2761 1493 2892 1534 vero
2921 1489 3038 1536 tum
3079 1482 3290 1540 Numen
3326 1503 3512 1544 verum
3542 1501 3649 1556 est.

2081 1566 2197 1614 tum
2227 1561 2406 1632 ipsum
2428 1567 2575 1636 quod
2623 1572 2878 1629 canimus
2920 1572 3210 1647 laudisque
3239 1580 3507 1653 obsequio
3539 1583 3650 1640 fre-

2071 1663 2425 1723 quentamus.

2143 1744 2234 1799 {2.
2261 1744 2366 1802 Hic
2397 1747 2529 1804 Inibi
2556 1758 2613 1805 et
2647 1749 2944 1810 admiratio
2975 1755 3128 1812 subit
3156 1760 3502 1833 incessitque
3523 1765 3669 1818 bor-‘

2073 1851 2167 1894 ror
2188 1852 2252 1896 ac
2279 1851 2498 1912 stupor,
2533 1843 2663 1899 dum
2708 1853 2891 1902 mente
2924 1850 3107 1906 recolo
3137 1857 3413 1922 quomodo
3443 1857 3570 1914 talis
3591 1864 3652 1912 et

2072 1939 2224 1986 tanta
2250 1932 2572 2004 modulatio,
2598 1934 2716 2007 ipsa
2748 1939 2884 1994 nulli
2909 1955 3019 1996 non
3049 1942 3142 1997 alii
3168 1944 3498 2009 hostiarum.
3524 1960 3650 2018 qua

2072 2021 2184 2078 Deo
2205 2022 2542 2107 offeruntur,
2572 2030 2952 2100 magnitudine
2985 2045 3271 2104 prtestans,
3295 2038 3376 2094 sic
3430 2050 3653 2110 repente

2072 2103 2344 2173 conticuit
2373 2128 2430 2174 et
2474 2119 2532 2174 in
2578 2121 2813 2176 nibilum
2871 2123 3007 2179 abiit
3059 2127 3320 2198 velutque
3373 2103 3649 2187 somnium

2073 2210 2364 2268 abscessit.
2391 2210 2550 2269 Enim
2578 2229 2711 2270 vero
2739 2215 2845 2271 boc
2867 2222 3114 2288 recogito
3144 2239 3158 2275 :
3207 2237 3402 2292 nempe
3433 2239 3559 2277 cum
3595 2226 3648 2281 in

2073 2305 2312 2374 peccatis
2347 2321 2615 2373 essemus,
2652 2309 2804 2378 juxta
2849 2307 3155 2366 Psalmistm
3184 2311 3362 2382 (Psal.
3390 2332 3537 2378 nu.
3570 2317 3644 2384 ti)

2071 2395 2650 2462 sententiam,divinas
2693 2401 3086 2456 enarrabamus
3117 2403 3380 2472 iustitiae,
3406 2421 3650 2460 murum-

2070 2500 2180 2558 que
2200 2497 2511 2544 nostrorum
2529 2490 2851 2559 improbitas
2881 2492 3147 2548 illustrem
3171 2494 3316 2550 hunc
3337 2510 3401 2552 ac
3423 2514 3653 2553 venera-

2069 2576 2234 2632 bilem
2259 2577 2466 2634 cultum
2515 2581 2810 2651 rcprobum
2839 2581 3043 2644 effecit,
3064 2583 3349 2654 indignum
3367 2587 3652 2653 iudicante

2070 2671 2306 2734 Numine
2337 2677 2582 2750 profanis
2630 2679 2970 2753 impurisqne
3003 2683 3167 2739 labiis
3215 2685 3429 2741 laudari
3458 2701 3519 2743 se
3549 2687 3653 2743 bo-

2072 2767 2311 2838 norique
2375 2767 2586 2824 haberi.
2648 2769 2947 2842 Quousque
2996 2774 3142 2827 enim
3199 2774 3418 2830 tandem
3463 2792 3651 2834 veram

2071 2872 2318 2924 causam,
2351 2859 2421 2915 ob
2445 2875 2608 2932 quam
2637 2863 2795 2918 nobis
2815 2866 2996 2920 omnis
3024 2865 3140 2920 haec
3169 2865 3316 2922 illata
3344 2867 3505 2941 5M
3528 2884 3648 2923 ma-

387 2935 561 3003 Εχωσι
607 2931 813 3001 γνῶναι
859 2930 951 2984 διὰ
997 2925 1095 2982 τοῦ
1144 2927 1269 2983 καθ’
1295 2928 1471 3014 ἡμᾶς,
1495 2928 1898 3000 ὑποδείγματος
1919 2929 1970 3037 0.!

2075 2948 2254 3004 lorum
2283 2949 2390 3016 vis,
2423 2951 2476 3005 in
2509 2951 2746 3008 medium
2789 2969 2896 3009 non
2948 2956 3300 3020 adducimus,
3353 2968 3415 3013 ut
3458 2970 3651 3018 nostro

392 3027 693 3098 μετέπειτα
713 3028 862 3089 ὅπως
889 3025 971 3078 δεῖ
994 3022 1280 3094 λατρεύειν
1296 3021 1416 3094 Θεῷ
1437 3021 1602 3090 ζῶντι
1619 3023 1714 3078 καὶ
1733 3021 1973 3095 ἀληθινῷ

389 3121 489 3174 καὶ
516 3119 746 3182 ἑαυτοὺς
769 3117 1030 3188 ὑπεράνω
1053 3114 1254 3180 παντὸς
1285 3114 1513 3186 ὀλέθρου
1556 3115 1858 3188 διατηρεῖν,
1885 3117 1974 3173 ἵνα

391 3216 471 3286 μή
495 3215 610 3277 τοῖς
663 3212 871 3283 ὁμοίοις
920 3208 1079 3282 ἡμῶν
1108 3209 1209 3284 τῆς
1249 3209 1449 3277 κακίας
1481 3210 1973 3284 ,ὑπολισθαίνοντες

387 3306 828 3380 πλημμελήμασι
863 3304 962 3378 τήν
1001 3305 1156 3359 οείαν
1203 3305 1581 3374 ἀγανάκτησιν
1631 3304 1719 3375 ἐφ’
1747 3304 1971 3369 ἑαυτοὺς

389 3400 757 3454 ὶπισπῶνται.
783 3397 920 3453 Οὑδὲ
948 3395 1060 3466 γὰρ
1088 3395 1251 3452 ἄλλου
1277 3395 1425 3459 τινὸς
1451 3394 1640 3450 ἕνεκεν
1670 3393 1772 3465 τῆς
1804 3395 1969 3465 μεγά-

386 3493 487 3560 λης
518 3488 751 3560 ἀπειλῆς
769 3487 1011 3558 ὶκείνης,
1032 3483 1103 3561 ἦς
1126 3488 1221 3542 καὶ
1254 3487 1600 3560 μεμνημένος
1623 3485 1911 3557 ἐξίσταμαι
1942 3527 1958 3553 ,

386 3584 477 3639 διὰ
505 3583 704 3654 πείρας
730 3579 1063 3652 γεγόναμεν,
1088 3579 1207 3634 ἀλλ’
1255 3580 1289 3650 ἢ
1318 3579 1407 3633 διὰ
1441 3578 1722 3650 μοχθηρᾶς
1748 3580 1842 3634 καὶ
1873 3595 1972 3634 κα-

390 3675 493 3746 κῆς
546 3669 943 3742 προαιρέσεως,
1003 3667 1114 3723 είτε
1156 3667 1246 3721 διὰ
1274 3669 1339 3722 τὸ
1391 3666 1849 3738 παρηλλαγμένον
1875 3669 1972 3722 καὶ

387 3764 652 3835 saeuam
674 3761 776 3831 τῆς
806 3777 864 3815 τε
890 3758 1170 3824 πολιτείας
1197 3759 1429 3814 καὶτῶν
1445 3759 1615 3828 ἠθῶν,
1633 3759 1743 3814 τῶν
1761 3775 1971 3813 συνεισ-

390 3858 626 3930 ρεόντων
653 3850 704 3888 ’⁸
729 3856 797 3927 τῇ
844 3854 998 3908 πόλει
1029 3851 1336 3925 ἄνθρὼπων
1375 3852 1424 3885 ’⁸
1447 3853 1514 3907 ὲκ
1551 3852 1754 3916 παντὸς
1783 3852 1970 3916 ἔθνους

389 3951 485 4007 καὶ
508 3950 680 4004 τόπου
709 3947 889 4003 ἄλλων
925 3947 1058 4002 ἄλλο
1082 3962 1138 4002 τι
1184 3945 1650 4018 συνεισφερόντων
1682 3946 1851 3999 κακὸν
1876 3944 1972 3998 καὶ

385 4043 582 4099 τούτου
629 4041 710 4115 τῷ
757 4040 991 4113 πλησίον
1026 4039 1422 4111 μεταδιδόντων
1476 4039 1595 4112 (καὶ
1631 4040 1742 4111 γὰρ
1783 4037 1853 4093 δι’
1902 4039 1971 4110 ἢν

387 4138 620 4207 εἴπομεν
639 4134 875 4206 ἄφθονον
899 4134 1010 4191 τῶν
1031 4134 1230 4206 χρειῶν
1251 4133 1519 4207 χορηγίαν
1539 4129 1589 4188 οί
1612 4131 1722 4189 τῶν
1743 4133 1970 4205 πλησίον

388 4228 586 4301 χωρῶν
616 4229 712 4282 καὶ
747 4226 958 4282 πόλεων
998 4227 1278 4299 ἄνθρωποι
1313 4228 1374 4281 ἐν
1413 4226 1588 4298 ταύτῃ
1615 4228 1714 4297 τὴν
1733 4224 1970 4298 τοίκησιν

2074 3041 2327 3110 exemplo
2375 3042 2596 3100 discant
2648 3048 2853 3116 posteri
2908 3045 3145 3119 qu‘onam
3197 3058 3360 3122 pacto
3388 3051 3651 3112 colendus

2075 3135 2148 3192 sit
2173 3132 2316 3190 Deus
2355 3137 2517 3192 vivus
2552 3151 2617 3194 ac
2655 3154 2838 3208 verus,
2878 3156 3048 3212 seque
3105 3141 3174 3196 ab
3217 3145 3368 3200 omni
3429 3153 3652 3199 servent

2075 3224 2344 3280 immunes
2371 3224 2622 3292 interitu,
2646 3242 2714 3281 ne
2749 3228 2941 3284 iisdem
2971 3239 3136 3300 atque
3166 3243 3266 3285 nos
3296 3229 3526 3285 delectis
3550 3233 3650 3284 ob.

2073 3318 2220 3373 noxii
2251 3317 2489 3374 divinam
2521 3319 2577 3373 in
2608 3333 2667 3376 se
2689 3320 2970 3375 attrabant
2999 3321 3425 3392 indignationem
3459 3322 3485 3375 ?
3513 3320 3647 3378 Nam

2073 3408 2220 3462 nulla
2248 3409 2352 3464 alia
2380 3424 2550 3465 causa
2579 3411 2836 3468 immanis
2861 3412 3008 3467 illius
3025 3426 3201 3482 poenas
3229 3413 3452 3483 iraque,
3486 3414 3648 3484 cujus

2072 3501 2154 3554 vel
2182 3501 2298 3556 sola
2327 3501 2592 3558 memoria
2625 3511 2782 3558 extra
2821 3503 3026 3559 mentis
3055 3505 3240 3561 sedem
3288 3521 3448 3570 exeo,
3505 3507 3649 3576 peri-

2071 3592 2254 3647 culum
2286 3591 2516 3650 fecimus
2546 3593 2652 3649 ttisi
2696 3593 2767 3650 ob
2794 3610 3018 3666 pravam
3050 3597 3429 3668 perditamque
3451 3598 3647 3654 volun-

2071 3692 2259 3749 latent,
2285 3685 2402 3741 sive
2433 3693 2656 3756 propter
2689 3688 2948 3744 dissonos
2983 3688 3340 3760 diversosque
3374 3705 3557 3745 mores
3585 3706 3650 3745 ac

2069 3775 2290 3847 ingenia
2323 3791 2418 3833 seu
2447 3779 2720 3844 instituta,
2751 3781 2900 3836 omni
2927 3797 2992 3838 ex
3028 3793 3191 3851 gente
3223 3797 3289 3839 ac
3323 3783 3446 3839 loco
3471 3783 3526 3837 in
3553 3800 3650 3837 ur-

2069 3865 2193 3922 bent
2233 3868 2627 3927 confluentium
2658 3880 2824 3943 atque
2851 3873 2999 3928 aliud
3034 3873 3174 3929 alias
3204 3875 3411 3931 malum
3439 3875 3649 3945 impor-

2073 3958 2307 4014 tantium
2345 3973 2410 4015 ac
2442 3975 2565 4015 cum
2601 3963 2854 4034 proximo
2903 3963 3038 4019 illud
3093 3965 3646 4024 communicantium.

2072 4047 2213 4105 Nam
2245 4059 2475 4122 propter
2501 4068 2645 4121 eam,
2681 4069 2849 4125 quam
2889 4053 3150 4122 diximus,
3197 4057 3418 4112 uberem
3458 4072 3645 4112 rerum

2068 4142 2126 4198 in
2156 4142 2279 4198 vitae
2303 4157 2463 4200 usum
2490 4145 2985 4215 suppeditationem
3018 4146 3320 4202 vicinarum
3359 4147 3646 4219 regionum

2070 4244 2232 4305 atque
2259 4236 2478 4292 urbium
2507 4238 2700 4294 incolae
2737 4240 2969 4297 mutatis
3007 4240 3231 4296 sedibus
3256 4242 3311 4295 in
3359 4241 3459 4296 bac
3491 4242 3648 4295 babi-

390 4318 847 4391 μετηλλάττοντο,
883 4319 981 4372 καὶ
1021 4317 1243 4390 μάλισθ’
1288 4319 1405 4373 ὅσοι
1437 4319 1558 4380 ταῖς
1581 4318 1683 4390 ήδη
1717 4319 1966 4390 προαλω-

2074 4329 2327 4384 lationem
2357 4330 2650 4398 locabant;
2681 4346 2747 4386 ac
2777 4334 3052 4404 praecipue
3077 4335 3170 4404 qui
3201 4350 3270 4391 ex
3313 4336 3492 4406 captis
3523 4334 3639 4405 jam

389 4412 600 4476 θείσαις
617 4407 803 4484 νήσοις
823 4415 888 4466 ἐκ
919 4411 1018 4482 τῆς
1049 4412 1093 4444 ’⁷
1118 4410 1228 4466 τῶν
1257 4411 1590 4481 δυσωνύμων
1650 4412 1967 4485 Ἀγαρηνῶν

389 4503 693 4577 ιπιδρομῆς
747 4503 1178 4574 ὑπελείφθησαν,
1229 4502 1325 4557 ἐπὶ
1374 4503 1536 4573 τήνδε
1569 4503 1967 4576 προσέφευγον,

395 4594 692 4666 μηδεμίαν,
715 4593 794 4659 ὡς
824 4592 1229 4663 ὑπελάμϐανον,
1255 4594 1315 4648 ιν
1339 4594 1477 4666 αὐτῇ
1508 4593 1784 4666 πολεμίων
1807 4613 1969 4665 φρονι-

389 4686 509 4741 τίδα
550 4685 647 4742 τοῦ
690 4685 880 4741 λοιποῦ
910 4685 1312 4759 ποιησόμενοι),
1347 4686 1460 4740 εἴτε
1491 4688 1548 4743 δὲ
1596 4687 1758 4744 πάλιν
1784 4689 1873 4744 διὰ
1903 4690 1967 4744 τὸ

389 4779 676 4851 ἀνειμένον
698 4776 783 4851 [Ρ.
800 4777 930 4851 328]
968 4780 1067 4848 τῆς
1094 4779 1305 4850 τρυφῆς
1339 4779 1434 4834 καὶ
1455 4781 1814 4850 ἀφρόντιστον
1867 4783 1961 4837 καὶ

394 4871 526 4941 πρὸς
558 4870 741 4925 πᾶσαν
767 4869 962 4942 ἡδονήν
988 4870 1233 4924 ποικίλον
1283 4870 1382 4943 τῆς
1408 4871 1598 4943 χρείας
1646 4873 1742 4927 καὶ
1771 4874 1960 4947 ἐπιτή-

389 4961 531 5015 δειον
553 4957 744 5032 ὥσπερ
767 4960 887 5014 τινὰ
923 4959 1097 5032 λήθην
1119 4960 1474 5032 πεπόνθαμεν
1504 4961 1601 5016 τοῦ
1651 4960 1809 5032 Θεοῦ,
1856 4977 1961 5034 μαι-

394 5052 532 5123 κράν
558 5067 678 5105 τινα
711 5053 808 5105 καὶ
829 5052 1196 5119 ἁδιεξόδιυτον
1223 5051 1569 5122 πλανώμενοι
1604 5051 1833 5126 πλάνην,
1869 5057 1967 5110 καὶ

394 5143 574 5207 καθώς
605 5159 770 5215 φησιν
793 5146 822 5197 ὁ
847 5145 908 5196 Ἀ
919 5143 1196 5210 πόστολος,
1251 5146 1476 5210 ἕκαστος
1504 5149 1624 5211 ταῖς
1664 5148 1822 5213 ίδίαις
1843 5151 1964 5207 ἐπι-

2071 4420 2270 4478 insulis
2299 4437 2395 4492 per
2419 4423 2668 4495 impuros
2707 4425 2991 4498 Agarenos
3049 4428 3265 4484 illorum
3319 4430 3650 4499 grassatiuni

2072 4512 2401 4582 superstites
2449 4513 2700 4581 fuerant,
2749 4515 2816 4571 ad
2873 4531 2995 4573 eam
3041 4516 3454 4589 confugiebant,
3497 4517 3650 4571 nulla

2066 4602 2349 4674 deinceps,
2383 4612 2445 4661 ut
2477 4607 2584 4663 sibi
2623 4607 2932 4675 videbatur.
2964 4609 3203 4667 hostium
3232 4624 3362 4666 cura
3392 4609 3646 4672 solliciti,

2066 4703 2232 4765 atque
2276 4695 2331 4748 in
2377 4710 2495 4751 eam
2554 4696 2798 4753 rationes
2853 4712 2988 4754 suas
3046 4697 3468 4753 transferebant.
3521 4693 3650 4750 Sive

2066 4798 2262 4843 rursus
2297 4788 2461 4843 etiam
2491 4797 2715 4860 propter
2744 4783 2946 4846 molles
2973 4789 3199 4846 delicias
3234 4789 3507 4858 nullisque
3525 4797 3645 4844 stu-

2067 4872 2175 4934 diis
2204 4878 2446 4934 animum
2480 4881 2844 4952 implicatum,
2898 4891 3014 4938 tum
3064 4882 3132 4937 ad
3181 4896 3400 4937 omnem
3457 4879 3644 4935 libidi—

2067 4985 2215 5032 nem.
2245 4971 2319 5026 ita
2370 4987 2472 5026 usu
2523 4972 2997 5040 subministrante,
3050 4974 3294 5045 proclive
3340 4973 3646 5043 ingenium,

2070 5063 2216 5116 velut
2241 5063 2295 5116 in
2339 5062 2432 5119 Dei
2463 5067 2758 5134 quamdam
2785 5067 3120 5122 oblivionem
3163 5067 3438 5128 venimus,
3484 5066 3649 5135 longo

2063 5154 2304 5223 quodam
2339 5162 2391 5210 et
2425 5156 2798 5214 inextricabili
2834 5159 3046 5214 viarum
3075 5174 3263 5214 errore
3292 5159 3359 5214 ab
3407 5159 3504 5211 illo
3541 5159 3643 5212 ab»

394 5236 612 5308 θυμίαις
642 5234 1045 5306 ἐπορευόμεθα,
1091 5235 1264 5298 ἀδεῶς
1292 5235 1432 5290 κατὰ
1463 5237 1645 5307 πάσης
1681 5238 1958 5311 ἁμαρτίας

2074 5245 2256 5300 uncti.
2288 5244 2370 5310 Et,
2399 5255 2459 5300 ut
2492 5249 2567 5300 ait
2599 5247 2915 5319 Apostolus,
2943 5252 3328 5323 unusquisque
3353 5250 3643 5305 desideriis

1669 5398 1904 5457 VARI/Ii
1943 5397 2344 5462 LECTIONES.

460 5539 506 5569 "
535 5538 610 5604 ὠς
650 5537 708 5595 Ρ.
821 5539 930 5594 "oi
967 5555 1076 5595 om.
1117 5541 1180 5594 Α.

397 5609 439 5640 ’⁸
473 5613 844 5666 σονεισιόντων
873 5609 931 5666 Ρ.
1007 5612 1051 5645 ⁷⁸
1072 5611 1375 5682 ἀνθρώπων
1398 5609 1507 5668 om.
1544 5612 1603 5667 P.

1286 5542 1330 5574 "
1358 5540 1458 5611 τῆς
1486 5541 1664 5596 αὐτῶν
1722 5543 2136 5614 δεισιδαιμονίας
2185 5563 2292 5604 om.
2347 5547 2405 5602 Ρ.
2477 5550 2519 5581 ⁷⁸
2561 5549 2984 5622 προφερομένων
3011 5549 3074 5604 Α.

1286 5629 1375 5666 των
1398 5630 1507 5668 om.
1544 5612 1603 5667 P.
1680 5616 1720 5645 "
1743 5619 1839 5686 της
1870 5631 1978 5671 οιιι.
2011 5615 2069 5671 Ρ.

3178 5551 3360 5612 ’θεαῖς
3424 5569 3530 5604 um.
3569 5549 3631 5602 Λ.
