4066 6040
406 207 513 273 3:43

1642 224 1985 289 JOANNES
2022 228 2462 298 CAMENIATA

3566 241 3665 304 544

396 320 606 377 nostris
642 322 1080 395 ambulabamus,
1110 330 1177 387 ad
1234 333 1421 389 omnia
1478 336 1712 396 licenter
1762 342 1961 398 scelera

2081 347 2387 419 χωροῦντες
2414 353 2509 403 καὶ
2560 349 2658 419 τῆς
2690 349 2825 420 πρὸς
2857 349 3061 424 ἀρετὴν
3106 351 3351 424 ἀγούσης
3398 355 3667 427 μηδεμίαν

396 426 805 482 procurrentes,
840 425 893 471 et
936 418 1081 477 viam
1109 436 1233 496 qua
1264 424 1334 480 ad
1362 427 1625 486 virtutem
1675 429 1840 488 ducat
1881 450 1961 505 ιιι-ι

2085 440 2401 510 ποιούμενοι
2431 418 2776 512 ἐπιμέλειαν.

396 505 570 559 nihilo
604 506 891 566 habentes.

467 597 630 670 505
665 600 755 656 15.
788 601 943 669 Quod
974 606 1120 661 enim
1162 610 1387 667 malitia:
1436 628 1635 683 genus.
1678 626 1739 675 ut
1783 635 1975 675 verum

393 688 665 757 dicamus,
689 692 743 747 in
780 696 942 751 nobis
978 712 1085 754 non
1108 703 1510 761 exercebatur?
1537 705 1975 781 Fornicationes,

392 782 687 851 atulteria,
720 786 1105 859 immunditix,
1133 794 1281 861 odia,
1308 799 1613 867 mendacia,
1638 802 1803 869 furta,
1828 806 1976 875 lites,

388 877 803 946 contentiones,
832 884 1108 949 convicia,
1143 885 1259 952 iraa,
1296 892 1525 962 rapinae,
1558 894 1845 966 injustitia:
1870 916 1887 968 ;
1916 911 1973 955 et

391 967 664 1023 malorum
687 970 936 1027 omnium
964 989 1154 1042 causa,
1183 977 1510 1049 invidentia,
1538 998 1833 1043 commune
1856 967 1965 1044 om-

391 1059 541 1113 nium
579 1062 822 1117 studium
856 1071 911 1119 et
941 1070 1326 1137 quotidianum
1359 1086 1527 1144 atque
1568 1074 1811 1136 forensis
1860 1096 1975 1137 me-

390 1150 586 1206 ditatio
623 1162 765 1211 erat.
800 1154 990 1228 Neque
1019 1161 1166 1215 enim
1206 1162 1351 1219 ullus
1379 1174 1632 1223 nostrum
1676 1171 1781 1225 hoc
1820 1180 1972 1228 sata-

389 1244 552 1313 gebat
587 1255 645 1301 ut
681 1248 752 1305 de
800 1253 1054 1319 proximo
1087 1255 1226 1309 bene
1274 1265 1606 1327 mereretur,
1647 1264 1745 1319 sed
1785 1274 1845 1319 ut
1891 1267 1973 1323 illi

391 1336 627 1393 invisum
661 1339 870 1412 aliquid
904 1345 1221 1418 malumque
1260 1348 1496 1408 inferret
1525 1355 1723 1414 stolide
1758 1359 1971 1414 machi-

388 1428 645 1486 nabatur.
687 1430 798 1489 Nec
832 1445 891 1490 ut
921 1450 988 1492 ex
1013 1453 1117 1494 suo
1162 1442 1342 1512 egenti
1393 1445 1681 1513 tribueret,
1739 1448 1971 1521 implens

386 1524 531 1588 quod
570 1523 965 1584 misericordia
993 1538 1102 1596 est,
1136 1533 1320 1588 animo
1348 1538 1657 1606 reputabat,
1686 1543 1780 1596 sed
1818 1551 1874 1596 ut
1902 1544 1971 1601 de

384 1613 565 1668 alieno
595 1617 957 1674 substantiam
998 1634 1242 1694 angeret,
1274 1627 1568 1695 gentilibus
1608 1633 1723 1689 suis
1756 1649 1967 1706 pugna-

2152 617 2243 687 ιγ’.
2258 620 2418 673 Ποῖον
2433 619 2541 690 γάρ
2564 613 2705 685 εἶδος
2720 622 2945 686 κακίας,
2965 624 3014 676 εί
3032 621 3116 677 δεῖ
3141 621 3376 694 τάληθὲς
3396 625 3592 694 εἰπεῖν,
3612 626 3670 682 ἐν

2078 709 2211 780 ἡμῖν
2230 712 2331 764 οὐκ
2354 711 2661 781 ἐπράττετο
2681 730 2695 777 ;
2717 716 2992 786 Πορνεῖαι,
3021 718 3285 786 μοιχεῖαι,
3303 716 3667 790 ἀκαθαρσίαι,

2081 804 2238 872 μίση,
2268 802 2461 872 ψεύδη,
2489 803 2714 875 κλοπαὶ,
2753 803 2953 876 ἔριδες,
2985 808 3334 875 φιλονεικίαι,
3384 811 3664 881 λοιδορίαι,

2079 891 2269 964 θυμοὶ,
2304 894 2633 963 πλεονεξίαι,
2654 896 2881 950 ἀδικίαι·
2909 898 3000 952 καί
3029 902 3058 953 ὁ
3086 900 3328 970 ἀρχηγὸς
3350 901 3460 954 τῶν
3484 903 3669 955 κακῶν

2078 983 2277 1052 φθόνος
2308 987 2489 1041 κοινὸν
2510 989 2874 1061 ὲμμελέτημα
2898 990 3021 1045 καθ’
3052 991 3294 1064 ἑκάστην
3320 994 3369 1026 ’⁸
3398 996 3493 1048 καὶ
3540 997 3668 1063 ἀγο-

2079 1077 2233 1145 ραῖον
2253 1071 2341 1149 ῆν.
2365 1078 2441 1132 οὐ
2465 1081 2575 1149 γὰρ
2595 1080 2743 1145 ὅστις
2762 1082 2793 1152 ἡ
2802 1083 2920 1152 μῶν
2937 1081 3014 1156 τῷ
3031 1084 3257 1154 πλησίον
3276 1086 3471 1159 πράξει
3489 1088 3667 1153 καλῶς

2074 1170 2166 1222 διὰ
2202 1170 2445 1242 σπουδῆς
2480 1168 2649 1243 εἶχεν,
2674 1173 2788 1228 ἀλλ’
2830 1174 2981 1241 ὅστις
3014 1176 3164 1247 αὐτῷ
3204 1177 3316 1231 τῶν
3348 1180 3664 1252 ἀδουλῆτων

2075 1258 2399 1326 ἐπενεγκεῖν
2425 1279 2479 1315 τι
2522 1263 2909 1334 φρενοδλαὸῶς
2944 1266 3319 1321 ἐτεκταίνετοο
3373 1269 3483 1324 οὐδ’
3517 1272 3666 1336 ὅστις

2074 1351 2139 1403 ὲκ
2173 1350 2270 1403 τοῦ
2304 1352 2509 1407 οἰκείου
2542 1355 2867 1425 μεταδοῦναι
2897 1357 2977 1429 τῷ
3009 1357 3267 1429 χρῄζοντι
3297 1362 3357 1415 τὸ
3381 1363 3667 1431 συμπαθὲς

2073 1442 2182 1512 πλη
2195 1442 2301 1513 ρῶν
2325 1443 2677 1515 ὲϐεδούλητο,
2704 1446 2822 1499 ἀλλ’
2848 1449 3001 1513 ὅστις
3035 1451 3099 1504 ὲκ
3138 1451 3235 1505 τοῦ
3286 1453 3570 1523 ἀλλοτρίου
3602 1456 3663 1511 τὸ

2071 1537 2274 1589 οἰκεῖον
2316 1538 2614 1592 πλεονάσαι
2651 1540 2791 1610 πρὸς
2822 1541 2915 1593 τὸν
2966 1542 3014 1574 ⁷⁸
3044 1544 3317 1613 ὁμόφυλον
3352 1544 3665 1617 διεμάχετο,

2074 1628 2199 1680 κατ’
2234 1625 2482 1698 ἀλλήλων
2527 1629 2968 1700 εἰρωνευόμενοι.
3008 1630 3276 1705 ἀλλήλους
3315 1635 3666 1709 πλήττοντες,

384 1703 497 1768 bat,
532 1720 656 1759 cum
690 1722 750 1763 se
781 1708 1019 1767 invicem
1044 1712 1385 1784 deriderent,
1425 1734 1620 1779 mutuo
1670 1703 1961 1797 caaderent,

2074 1717 2342 1789 ἀλλήλους
2378 1717 2766 1785 διαϐάλλοντες
2805 1722 2874 1790 ⁸⁸,
2897 1725 3006 1779 πᾶν
3027 1703 3209 1781 ὁτιοῦν
3240 1703 3422 1782 κακὸν⁷
3445 1730 3503 1782 ὲν
3542 1730 3667 1784 ἑαυ-

382 1796 521 1850 alter
547 1798 704 1854 alteri
735 1801 1072 1859 calumniam
1106 1815 1347 1865 strueret
1379 1826 1442 1865 ac
1477 1814 1814 1885 detraheret,
1846 1796 1959 1876 nul;

384 1890 494 1944 lum
534 1906 641 1947 non
674 1894 876 1949 malum
912 1910 1100 1953 secum
1145 1901 1253 1972 ipsi
1286 1907 1683 1977 excogitarent,
1727 1914 1965 1984 pupillos

384 1980 741 2052 sittfocarent,
776 1988 1066 2046 viduarum
1099 1992 1239 2050 lines
1268 1995 1610 2066 invaderent,
1648 2003 1966 2066 inimicitias

382 2085 682 2135 necterent.
721 2080 1013 2141 Enimvero
1040 2087 1166 2155 quis
1198 2089 1400 2147 horum
1453 2096 1701 2151 omnium
1739 2100 1966 2156 exitus?

383 2168 587 2239 Torpet
619 2174 837 2230 animus
860 2191 1154 2249 rerumque
1178 2184 1540 2253 magnitudini
1565 2189 1807 2260 linguam
1840 2193 1969 2263 inji-

379 2280 507 2320 cere
528 2264 753 2333 horret;
786 2284 890 2325 nec
916 2285 1113 2328 rursus
1142 2274 1437 2344 malorum,
1470 2279 1673 2349 quibus
1695 2282 1807 2351 jam
1839 2300 1966 2355 per-

380 2356 556 2411 functi
581 2373 796 2423 sumus,
823 2362 1147 2419 meminisse
1177 2366 1546 2423 sustinebam.
1597 2371 1739 2435 Quia
1778 2381 1962 2430 tamen

382 2445 497 2501 ﬂeri
530 2461 640 2502 non
675 2460 857 2519 potest
884 2460 943 2505 ut
969 2453 1285 2511 istiusmodi
1336 2461 1721 2516 narrationum
1760 2479 1967 2522 memo-

374 2537 518 2593 riam
546 2539 804 2607 vitemus,
849 2559 957 2613 qua
993 2547 1206 2601 ratione
1251 2564 1393 2602 nova
1429 2551 1678 2620 quaedam
1706 2569 1768 2608 ac
1800 2558 1964 2612 terri-

379 2629 508 2684 bilis
542 2641 786 2688 narratio
816 2636 1022 2692 mundo
1054 2640 1232 2693 relicti
1285 2656 1502 2706 sumus,
1566 2645 1799 2714 periculi
1846 2662 1963 2703 ma-

378 2722 717 2787 gnitudinem
752 2738 1080 2785 narraturus
1103 2731 1332 2797 accedo,
1361 2743 1421 2787 ut
1445 2742 1499 2789 ct
1522 2734 1636 2804 ipse
1663 2752 1963 2807 cognoscas

375 2831 625 2885 quaenam
658 2820 770 2874 sint
832 2825 1039 2889 peccati
1077 2825 1304 2880 obsonia
1332 2837 1496 2893 atque
1528 2831 1748 2900 praemia
1781 2831 1956 2903 (Rom.

374 2923 450 2970 vi,
478 2908 747 2979 23).Cum
776 2915 923 2967 enim
960 2916 1088 2971 luxu
1138 2918 1333 2987 perditi
1376 2935 1645 2988 essemus,
1676 2925 1959 2996 voluptate

378 3000 813 3069 liquesceremus
844 3021 907 3060 ac
932 3008 1161 3063 mollitie
1186 3008 1506 3077 ﬂueremus,
1539 3015 1811 3085 malisque
1840 3033 1959 3073 om-

2075 1813 2187 1874 τοῖς
2214 1810 2648 1881 ἐξευρίσκοντες,
2675 1814 3255 1887 ὁρφανοῦςθᾶγχοντες,
3290 1818 3457 1890 ὁρίοις
3480 1820 3665 1893 χηρῶν

2075 1900 2524 1971 ἔπεμδαίνοντες,
2586 1902 2786 1976 ἔχθρας
2836 1907 3221 1973 συνάπτοντες.
3278 1912 3394 1967 Καὶ
3427 1913 3480 1966 τί
3509 1912 3573 1983 δὴ
3601 1911 3666 1965 τὸ

2074 1989 2228 2055 τέλος
2257 1993 2465 2045 τούτων
2491 1991 2782 2062 ἀπάντων;
2834 1996 3009 2051 Ὀκνῶ
3050 1998 3149 2070 μὲν
3174 2001 3274 2069 τὴν
3305 2000 3555 2069 γλῶτταν
3590 2002 3667 2073 τῷ

2076 2086 2299 2157 μεγέθει
2333 2085 2443 2140 τῶν
2471 2087 2817 2156 πραγμάτων
2847 2091 3164 2161 ἐπαφιέναι,
3197 2094 3295 2149 καὶ
3323 2097 3424 2150 οὐκ
3451 2098 3520 2151 ἂν
3572 2098 3668 2162 ὴν-

2072 2182 2317 2253 εσχὸμην
2339 2184 2448 2237 τῶν
2493 2185 2763 2254 ἀλγεινῶν
2795 2183 3020 2239 ἐκείνων
3055 2179 3130 2240 ὧν
3162 2187 3275 2261 ἤδη
3309 2190 3665 2264 πεπόνθαμεν

2072 2277 2169 2330 καὶ
2198 2277 2360 2330 πάλιν
2395 2278 2803 2349 ἐπιμνησθῆναι
2829 2296 2842 2310 '
2876 2277 2992 2331 ἀλλ’
3035 2280 3224 2351 ἐπειδὴ
3256 2281 3362 2335 τῶν
3403 2286 3665 2343 τοιούτων

2071 2368 2433 2439 διηγημάτων
2453 2370 2555 2422 οὐκ
2583 2369 2730 2422 ἐστιν
2760 2369 2910 2433 ὅπως
2938 2370 3262 2425 ύπεκκλῖναι
3287 2373 3384 2445 τὴν
3414 2378 3661 2448 μνήμην.

2071 2459 2139 2515 δι’
2170 2454 2245 2515 ὧν
2282 2461 2361 2534 τῷ
2393 2461 2492 2531 βίῳ
2522 2462 2710 2515 καινόν
2762 2480 2815 2514 τι
2842 2462 2936 2516 καὶ
2971 2463 3203 2533 φοϐερὸν
3252 2465 3664 2541 ὑπελείφθημεν

2070 2553 2348 2623 ἄκουσμα,
2384 2553 2552 2618 λέξων
2588 2553 2823 2624 ἔρχομαι
2866 2553 2962 2607 τοῦ
3012 2555 3262 2612 κινδύνου
3298 2558 3358 2613 τὸ
3404 2560 3658 2630 μέγεθος,

2074 2646 2142 2699 ἵν’
2167 2645 2315 2717 εἰδῇς
2337 2644 2432 2698 καὶ
2456 2644 2619 2707 αὐτὸς
2649 2646 2811 2699 ὁποῖα
2846 2646 2945 2718 τῆς
2976 2648 3256 2719 ἁμαρτίας
3291 2650 3401 2703 εἰσὶ
3425 2655 3493 2705 τὰ

2076 2759 2180 2794 νια.
2220 2739 2309 2792 Ἑν
2341 2739 2448 2809 ὅσῳ
2480 2738 2585 2809 γὰρ
2627 2736 2973 2808 ὲτρυφῶμεν,
3030 2742 3088 2793 ἐν
3118 2742 3228 2811 ὅσῳ
3263 2745 3659 2816 ὲσπαταλώμεν

2074 2830 2167 2884 καί
2192 2833 2360 2883 πᾶσιν
2388 2830 2614 2891 ἀτόποις
2644 2828 2908 2899 διεζῶμεν
2930 2832 3187 2899 ὲπιτηδεύ
3198 2850 3383 2903 μασιν,
3405 2836 3492 2889 ὅτε
3521 2838 3659 2892 κατὰ

2070 2926 2131 2977 τὸ
2151 2922 2439 2994 ψαλμικῶς
2470 2921 2631 2994 ῥηθὲν
2661 2920 2886 2988 πάντες
2900 2923 3244 2994 ἐξέκλιναν,
3268 2927 3388 2997 ἅμα
3414 2929 3657 3000 ἡχρειώ-

2072 3021 2293 3083 θησαν,
2331 3014 2428 3071 καί
2463 3016 2575 3069 οὐκ
2599 3008 2681 3085 ἦν
2704 3018 2738 3068 ὁ
2774 3012 3032 3083 ἐκζητῶν
3076 3018 3183 3072 τὸν
3214 3021 3381 3086 Θεὸν,
3409 3023 3529 3075 τότε
3554 3025 3656 3094 τῆς

378 3093 544 3149 nibus
586 3094 851 3153 institutis
882 3098 1048 3154 vitam
1076 3101 1405 3160 duceremus
1431 3123 1446 3173 ;
1475 3123 1622 3172 cum,
1665 3120 1722 3164 ut
1748 3110 1960 3170 Psaltes

2069 3081 2307 3181 φοϐεροῖς
2342 3108 2557 3179 ἐκείνης
2609 3081 2984 3181 ἐπειράθημεν
3039 3110 3287 3183 ἀπειλῆς,
3342 3081 3545 3184 μᾶλλον

375 3187 614 3241 concinit
641 3188 815 3259 (Psal.
859 3207 977 3257 xm,
1006 3192 1093 3264 5),
1122 3209 1315 3253 omnes
1347 3197 1740 3269 declinassent,
1783 3207 1946 3261 simul

376 3274 596 3334 inutiles
622 3280 749 3334 facti
780 3294 985 3349 essent,
1008 3302 1107 3341 nec
1129 3297 1277 3345 esset
1299 3294 1392 3359 qui
1427 3290 1592 3348 Deum
1621 3298 1945 3367 requireret,

2065 3202 2474 3274 καταστροφῆς,
2511 3200 2929 3275 ἴνόἰκειότερον
2960 3200 3122 3271 εἴπω,
3162 3202 3195 3274 ἢ
3225 3201 3443 3269 δικαίας
3490 3207 3659 3262 ἀντα-

2058 3300 2349 3360 ποδόσεως.

374 3367 537 3439 506
560 3381 688 3427 tunc
716 3362 1059 3431 tremendum
1083 3374 1227 3435 illud
1278 3385 1552 3440 minarum
1600 3388 1819 3460 pondus
1857 3393 2068 3463 experti
2100 3407 2316 3459 sumus,
2346 3388 2476 3461 quin
2506 3390 2638 3451 imo.
2712 3395 2769 3441 υῐ
2830 3387 3017 3443 verius
3077 3388 3282 3456 dicam.
3347 3391 3659 3447 ενθΐεῖοηὶδ

375 3478 471 3515 seu
489 3464 653 3532 justas
679 3469 1076 3527 retributionis.

447 3555 532 3610 14.
574 3556 639 3611 Ει
670 3560 957 3616 considera
986 3563 1074 3619 hic
1116 3581 1336 3637 quoque
1392 3570 1487 3625 Dei
1538 3572 1958 3641 humanitatem,

374 3650 466 3718 qui
495 3665 602 3704 non
642 3653 759 3706 vult
802 3665 1034 3711 mortem
1067 3664 1403 3729 peccatoris,
1444 3665 1537 3719 sed
1569 3677 1627 3721 ut
1665 3681 1956 3725 converta-

374 3747 463 3792 tur
493 3748 545 3794 et
575 3741 722 3795 vivat
775 3742 993 3813 (Ezech.
1026 3764 1220 3815 nam,
1248 3752 1372 3822 Η).
1418 3754 1556 3809 Cum
1599 3758 1744 3813 enim
1793 3762 1961 3818 sciret

374 3834 672 3901 projectam
706 3837 1275 3913 scelestissimamque
1307 3847 1475 3901 animi
1503 3853 1678 3904 nostri
1712 3853 1779 3907 ad
1815 3856 1956 3910 mala

376 3923 730 3990 pronitatem,
777 3927 910 3996 quid
959 3930 1309 3988 machinatur
1356 3949 1421 3989 ac
1472 3938 1689 3992 consilii
1743 3940 1864 4007 init,
1899 3949 1958 3994 ut

371 4015 644 4081 perditum
676 4017 831 4072 illum
870 4018 1107 4077 furorem
1134 4026 1379 4082 inhibeat
1424 4036 1480 4083 et
1516 4030 1584 4083 ad
1639 4034 1957 4089 conversio-

374 4122 496 4159 nem
533 4106 758 4162 inducat
794 4110 816 4163 ?
844 4108 1089 4170 Primum
1119 4118 1365 4186 quidem,
1393 4136 1514 4191 quae
1545 4121 1689 4178 dicta
1724 4139 1753 4178 a
1793 4127 1954 4184 nobis

370 4207 475 4261 cst,
512 4195 868 4270 Berrbocam,
897 4204 1088 4261 urbem
1120 4207 1435 4276 ﬁnitimam,
1456 4226 1580 4267 cum
1614 4220 1729 4268 tota
1752 4216 1956 4273 vicinia

372 4300 692 4348 terrmmotu
761 4300 1067 4365 quassavit,
1117 4300 1255 4356 adeo
1288 4313 1345 4358 ut
1381 4303 1538 4359 multi
1590 4318 1658 4361 eo
1702 4310 1952 4377 oppressi

2148 3574 2230 3626 ιδ’.
2260 3573 2371 3626 Καὶ
2412 3572 2606 3625 σκόπει
2659 3570 2939 3624 κάνταῦθα
2976 3572 3073 3625 τοῦ
3111 3570 3248 3625 Θεοῦ
3278 3573 3319 3605 ⁸¹
3354 3574 3415 3627 τὸ
3472 3575 3655 3643 φιλάν·

2071 3668 2314 3738 ορωπον,
2345 3664 2439 3719 τοῦ
2479 3666 2555 3735 μῆ
2585 3663 2911 3735 βουλομένου
2968 3664 3057 3719 τὸν
3087 3664 3324 3719 θάνατον
3353 3666 3444 3720 τοῦ
3475 3670 3659 3740 ἀμαρ-

2064 3757 2262 3823 τωλοῦ,
2292 3760 2366 3821 ὡς
2392 3755 2816 3827 ’τὸ-ἐπιστρέψαι
2851 3756 2945 3810 καὶ
2992 3756 3093 3829 ζῇν
3118 3756 3302 3813 αὐτόν.
3350 3759 3520 3823 Εἰδὼς
3549 3763 3657 3834 γὰρ

2058 3854 2120 3908 τὸ
2143 3852 2451 3908 ἀκάθεκτον
2476 3849 2568 3906 καὶ
2598 3850 2876 3923 μοχθηρὸν
2902 3849 2999 3919 τῆς
3027 3850 3255 3923 γνώμης
3281 3852 3441 3923 ἡμῶν
3467 3856 3560 3908 ἐπὶ
3586 3856 3661 3910 τὰ

2063 3944 2298 4015 πονηρὰ,
2355 3945 2407 3997 τί
2444 3942 2757 4013 μηχανᾶται
2797 3943 2934 4012 πρὸς
2962 3943 3022 3997 τὸ
3056 3944 3158 4014 τὴν
3207 3945 3384 4017 ὁρμὴν
3408 3947 3659 4018 ἐπισχεῖν

2066 4037 2150 4109 [Ρ.
2171 4036 2298 4109 529]
2332 4033 2432 4107 τῆς
2457 4035 2655 4098 κακίας
2694 4034 2789 4087 καὶ
2823 4035 3165 4107 ἐπιστροφῆς
3196 4036 3353 4107 ἡμῶν
3396 4038 3655 4109 ἔμϐαλεῖν

2064 4131 2282 4198 αἰτίαν;
2314 4129 2538 4201 Πρῶτον
2577 4128 2676 4200 μὲν
2708 4130 2809 4202 τὴν
2858 4128 2960 4202 ἤδη
2996 4130 3282 4203 λεχθεῖσαν
3312 4132 3527 4203 γείτονα
3558 4135 3659 4189 πὸι

2063 4223 2171 4289 λιν,
2195 4223 2293 4295 τὴν
2313 4224 2582 4296 Βέρῤοιαν
2603 4222 2768 4291 λέγω,
2808 4223 3337 4295 ἐπικατασεισθῆναι
3384 4227 3656 4299 πεποίηκε

2063 4317 2176 4376 τοῖς
2201 4313 2504 4385 περιοίκοις
2537 4312 2614 4376 ὡς
2645 4311 2871 4376 πολλοὺς
2895 4310 2943 4343 ⁸³
2974 4312 3083 4365 τῶν
3111 4314 3290 4367 ἐκεῖσε
3324 4314 3658 4386 συλληφθέν-

372 4384 662 4451 perierint.
697 4388 839 4455 Quid
883 4391 1008 4448 inde
1052 4391 1352 4462 disponens
1401 4411 1466 4452 ac
1502 4402 1849 4467 procurans?
1879 4402 1951 4457 Ut

2069 4425 2165 4461 ιων
2185 4384 2545 4471 ἐξαναλῶσαι,
2565 4404 2616 4459 τί
2636 4404 3006 4475 διοικούμενος
3036 4408 3100 4461 ἐκ
3124 4406 3312 4460 τούτου
3333 4425 3347 4475 ;
3375 4408 3471 4462 Ἵν’
3490 4412 3655 4480 ἡμεῖς

372 4492 475 4532 nos
497 4478 735 4547 scilicet,
768 4480 1038 4537 malorum
1083 4483 1272 4541 divina
1313 4487 1525 4545 ultione
1556 4491 1681 4545 aliis
1713 4490 1951 4547 inﬂicto-

2069 4501 2275 4562 πάντως
2301 4500 2409 4552 τῶν
2440 4499 2654 4569 ἑτέροις
2688 4498 3100 4569 ἀπειλουμένων
3135 4499 3234 4565 τὴν
3259 4478 3519 4571 αἴσθησιν
3554 4503 3649 4556 λαο

372 4584 494 4623 rum
528 4588 692 4628 sensu
732 4584 1012 4647 percepto,
1052 4579 1271 4634 tandem
1318 4582 1619 4651 aliquando
1650 4598 1678 4638 a
1718 4589 1956 4655 propriis

372 4662 477 4733 ipsi
513 4668 674 4723 malis
720 4669 1126 4727 abstineremus
1179 4683 1450 4745 actusque
1495 4686 1715 4733 nostros
1750 4680 1817 4733 ad
1851 4680 1960 4735 vir-

371 4764 543 4811 tutem
586 4758 971 4829 dirigeremus.
1008 4762 1238 4831 Deinde,
1281 4768 1410 4836 quia
1470 4783 1537 4824 ne
1586 4770 1679 4825 illo
1732 4771 1951 4842 quidem

369 4856 503 4905 casu
527 4853 594 4906 de
624 4856 792 4911 veteri
817 4856 1035 4927 vigente
1066 4859 1120 4911 in
1155 4860 1318 4915 nobis
1354 4862 1754 4917 consuetudine
1788 4866 1953 4933 quid-

369 4959 533 5012 quam
573 4958 978 5014 remtseramus,
999 4947 1066 5001 ad
1099 4950 1245 5004 aliud
1276 4952 1543 5007 machina:
1574 4966 1744 5023 genus
1765 4960 1955 5009 trans-

371 5035 433 5099 it,
473 5036 524 5089 in
555 5038 678 5092 aliis
708 5047 832 5093 ante
858 5042 1133 5110 specimen
1155 5042 1323 5098 edens
1346 5043 1468 5112 ejus
1484 5045 1817 5101 calamitatis
1840 5061 1962 5116 qua:

371 5131 529 5185 nobis
564 5132 698 5200 ipsis
738 5133 1039 5188 obventura
1069 5146 1239 5200 esset,
1266 5135 1396 5190 dum
1432 5140 1580 5191 nulla
1612 5140 1955 5208 paenitudine

374 5238 751 5292 peccaremus.
786 5222 1090 5279 Demetrias
1121 5242 1356 5295 namque
1386 5228 1468 5281 sic
1499 5228 1672 5296 dicta,
1726 5228 1957 5285 Graecia:

374 5316 477 5370 alia
510 5316 663 5382 urbs,
694 5315 841 5371 haud
874 5319 1032 5389 longe
1060 5334 1090 5371 a
1134 5320 1296 5374 nobis
1329 5320 1548 5385 dissita,
1577 5329 1692 5375 tum
1736 5324 1955 5378 accola-

374 5424 497 5464 rum
535 5409 838 5479 frequentia
859 5452 874 5478 ,
911 5419 1029 5466 tum
1058 5413 1223 5469 rebus
1268 5413 1415 5480 aliis,
1440 5414 1641 5483 quibus
1669 5415 1835 5471 urbes
1869 5415 1950 5467 al-

374 5509 488 5552 tum
520 5515 715 5571 sapere
744 5517 807 5558 ac
833 5503 1058 5573 gloriari
1115 5503 1314 5571 solent,
1346 5519 1514 5575 supra
1547 5504 1811 5559 tinitimas
1842 5506 1950 5559 alte

2059 4592 2268 4657 6ὁντες,
2293 4590 2401 4645 τῶν
2434 4590 2577 4646 ἰδίων
2605 4590 2793 4645 κακῶν
2822 4591 3036 4661 ἀποχὴν
3070 4592 3169 4645 κάν
3204 4591 3303 4661 ὀψὲ
3336 4593 3467 4662 γοῦν
3492 4613 3655 4669 ποιη-

2064 4685 2288 4755 σώμεθα
2346 4684 2441 4737 καὶ
2486 4682 2623 4753 πρὸς
2683 4684 2884 4751 ἀρετὴν
2914 4682 3012 4745 τὰς
3060 4682 3293 4752 πράξεις
3356 4684 3649 4758 ἰθύνωμεν.

2067 4775 2200 4832 Εἶτα
2228 4777 2413 4848 ἐπειδὴ
2450 4775 2642 4829 τούτου
2693 4775 2987 4845 γενομένου
3025 4777 3124 4829 οὐκ
3152 4775 3505 4847 ἐνεδώκαμεν
3552 4779 3653 4850 τῆς

2063 4869 2374 4941 κρατούσης
2405 4869 2462 4921 ἒν
2511 4869 2645 4939 ἡμῖν
2688 4867 2925 4930 ﬂama;
2969 4867 3280 4939 συνηθείας,
3326 4870 3412 4938 ἐφ’
3459 4872 3645 4945 Ξτερον

2063 4957 2202 5023 εἶδος
2233 4958 2486 5030 μηχανῆς
2518 4956 2868 5030 μεταϐαίνει,
2893 4956 2989 5011 καὶ
3012 4958 3109 5028 τὴν
3139 4960 3271 5029 ἡμῖν
3322 4961 3507 5026 αὐτοῖς
3530 4966 3646 5019 ἐσε-

2065 5050 2191 5104 σθαι
2223 5050 2526 5120 μέλλουσαν
2561 5048 2958 5119 ἀμεταμέλητα
3014 5050 3314 5121 πράττουσι
3359 5058 3647 5129 συμφορὴ

2067 5141 2126 5191 ἰν
2180 5139 2358 5204 ἄλλοις
2396 5131 2814 5211 προῦποὸείξας.
2866 5141 3190 5212 Δημητριάς
3230 5143 3338 5215 γάρ
3373 5145 3517 5201 οὕτω
3550 5167 3648 5204 κα-

2064 5229 2302 5301 λουμένη
2334 5233 2431 5301 τῆς
2467 5230 2719 5297 Ἑλλάδος
2750 5230 2921 5303 ἑτέρα
2966 5233 3141 5299 πόλις,
3165 5235 3226 5287 ού
3254 5238 3471 5309 μακρὰν
3493 5240 3647 5312 ἡμῶν

2066 5322 2449 5393 ἀπῳκισμένη,
2480 5322 2660 5394 πολλῷ
2690 5322 2884 5396 πλήθει
2914 5321 3024 5377 τῶν
3059 5326 3361 5398 οἰκητόρων
3406 5333 3501 5385 καὶ
3540 5338 3649 5399 τοῖς

2066 5415 2245 5477 ἄλλοις
2274 5411 2354 5479 οἷς
2380 5418 2521 5487 μέγα
2544 5415 2856 5487 καυχῶνται
2890 5416 3070 5481 πόλεις
3093 5415 3204 5472 τῶν
3231 5418 3457 5488 ἔγγιστα
3482 5425 3650 5496 ὑπερ⁴

2058 5507 2321 5577 αιρομένη
2350 5509 2418 5573 ⁸⁸,
2447 5510 2508 5562 οὑ
2534 5509 2639 5580 πρὸ
2672 5505 2865 5560 πολλοῦ
2893 5507 2992 5577 τῆς
3020 5509 3181 5580 ἡμῶν
3203 5510 3457 5579 ἁλώσεως
3482 5515 3641 5585 ἔργον

1688 5596 1916 5651 νΑΒΙᾸΞ
1954 5596 2354 5653 LECTIONES.

446 5689 487 5718 "
518 5690 743 5742 ἕκαστον
767 5688 824 5743 Ρ.
888 5690 929 5721 ”
961 5686 1075 5758 τὸν]
1104 5688 1160 5740 τὸ
1188 5686 1246 5742 Ρ.
1316 5690 1361 5722 ³ο
1392 5689 1823 5753 aerumnam;
1850 5691 1913 5744 Α.
1993 5691 2033 5722 ⁸¹
2076 5690 2134 5745 τὸ
2164 5688 2255 5743 τοῦ
2288 5689 2420 5745 Θεοῦ
2453 5690 2511 5746 Ρ,
2592 5691 2634 5723 ⁸³
2668 5690 2874 5745 πολλῶν
2900 5690 2957 5748 P.
2987 5690 3031 5723 ⁸³
3062 5693 3504 5766 ὑπεραιρουμένη
3534 5696 3638 5752 AP.
