4066 6040
415 239 514 302 5ίὶ

1464 237 1563 300 DE
1593 237 1909 301 EXCIDIO
1944 237 2558 301 THESSALONICIE.

3555 232 3662 301 5'56

412 349 619 416 ἐγένετο
645 347 758 402 τῶν
813 345 1136 420 Βαρϐάρων.
1177 345 1610 419 Πολιορκηθεῖσα
1649 347 1763 418 γὰρ
1796 347 1873 411 ὡς
1901 364 1983 419 μι-

2092 349 2452 420 supercilium
2482 349 2705 416 tollens,
2739 348 2884 403 haud
2920 349 3092 407 multo
3119 355 3245 406 ante
3277 357 3482 406 nostra:
3511 355 3662 407 m-bii

411 441 539 511 κροῦ
583 441 695 494 δεῖν
728 440 948 495 πάντων
980 441 1028 472 ⁸⁸
1056 439 1170 494 τῶν
1199 438 1291 493 ὑπ’
1317 439 1486 511 αὐτὴν
1518 441 1577 494 ἐν
1604 439 1852 512 μαχαίρᾳ
1885 457 1984 494 πε-

410 536 540 600 σεῖν,
565 532 717 587 οὐδὲν
745 533 934 603 ἕτερον
962 533 1195 604 παρεῖχε
1235 533 1379 586 νοεῖν
1402 530 1437 600 ἢ
1463 533 1576 595 τοῖς
1614 533 1805 596 κακοῖς
1833 534 1866 604 ἡ
1876 534 1984 602 μᾶς

409 625 766 697 ἐπιμένοντας
793 624 896 696 τὴν
925 624 1124 695 ὁμοίαν
1149 626 1349 695 πεῖραν
1382 622 1490 678 τῶν
1509 623 1858 695 πραγμάτων
1892 626 1986 677 ἐκ·

403 717 650 788 δέχεσθαι
682 718 774 773 καὶ
814 715 1071 788 καθάπερ
1103 717 1183 780 είς
1237 715 1484 787 ἔμψυχον
1515 715 1716 786 στήλην
1749 716 1808 770 ἐν
1842 717 1983 788 αὐτῇ

403 809 472 864 τά
498 809 959 882 κεχρεωστημένα
987 811 1123 880 ἡμῖν
1156 806 1557 878 ἀναγινώσκειν
1583 807 1908 879 παθήματα.

470 1075 552 1134 ιε’.
591 1079 754 1134 Ἀλλά
786 1078 980 1151 μηδεὶς
1009 1077 1450 1150 ἀποφαινόμενόν
1492 1095 1562 1150 με
1585 1077 1784 1133 οίέσθω
1809 1077 1983 1134 ταῦτα

401 1171 628 1243 λέγοντα
657 1172 704 1205 ⁸⁸
733 1173 814 1226 ὅτι
833 1172 901 1226 δι’
929 1173 1075 1245 ἡμᾶς
1105 1173 1163 1228 αἱ
1190 1172 1380 1237 πόλεις
1402 1165 1564 1226 αὗται
1591 1169 1704 1225 τῶν
1735 1170 1982 1242 φοϐερῶν

401 1262 500 1337 τὴν
540 1266 739 1336 πεῖραν
787 1264 1056 1332 ἐδέξαντο.
1131 1264 1409 1334 Ὠφείλετο
1456 1263 1566 1335 γὰρ
1629 1263 1846 1328 αὑταῖς.
1904 1264 1980 1328 ὡς

399 1353 576 1427 οἶμαι,
603 1357 699 1409 καὶ
722 1355 790 1411 δι’
821 1356 1030 1412 οἰκείαν
1069 1356 1372 1429 μοχθηρίαν
1411 1358 1443 1410 δ
1482 1357 1744 1424 κίνδυνος,
1775 1358 1854 1422 ὡς
1886 1357 1982 1414 καὶ

401 1451 534 1521 ἡμῖν
559 1448 682 1520 μετ’
714 1449 956 1513 ἐκείνας,
986 1447 1142 1517 ἀξίας
1173 1448 1283 1503 τῶν
1313 1449 1726 1522 ἡμαρτημένων
1763 1452 1980 1525 ἑκάστῳ

399 1542 498 1608 τάς
526 1542 802 1613 τιμωρίας
826 1542 1123 1612 ἐπάγοντος
1148 1541 1244 1597 τοῦ
1273 1540 1431 1597 Θεοῦ.
1483 1542 1624 1597 Ἀλλ’
1670 1544 1730 1598 ἐν
1769 1546 1979 1610 τούτοις

400 1635 493 1684 καὶ
515 1633 666 1703 ημᾶς
683 1633 743 1685 ού
771 1632 872 1704 τὴν
899 1630 1171 1702 τυχοῦσαν
1195 1631 1452 1705 ἀφορμὴν
1473 1633 1571 1704 τῆς
1598 1634 1694 1688 ἐπὶ
1713 1635 1776 1688 τὸ
1796 1637 1979 1706 κρείτ·

399 1741 490 1779 τον
543 1725 884 1797 ἐπιστροφῆς
916 1728 1011 1779 καὶ
1046 1725 1326 1797 σωτηρίας
1362 1723 1586 1780 εύκολον
1617 1721 1688 1797 ἦν
1712 1724 1974 1799 ἐξευρεῖν,
2007 1707 2054 1768 Β

399 1815 498 1888 τὴν
539 1816 768 1871 ἐκείνων
795 1817 1186 1889 καταστροφὴν
1219 1817 1430 1873 οίκείαν
1458 1818 1765 1888 ἀσφάλειαν
1797 1835 1982 1874 ποιου-

403 1909 622 1978 μένους.
677 1908 873 1977 Ὅμως
899 1907 1089 1980 ἐπειδὴ
1123 1907 1214 1963 τὸν
1241 1907 1368 1961 νοῦν
1395 1909 1554 1979 ἡμῶν
1581 1903 1721 1962 είδεν
1751 1906 1799 1939 ⁸⁸
1822 1908 1851 1960 ὀ
1880 1907 1981 1973 τάς

402 2002 637 2072 καρδίας
693 1999 933 2073 ἐρευνῶν
979 2001 1133 2073 πάσῃ
1170 2000 1375 2072 σπουδῇ
1429 1999 1529 2070 τῆς
1591 2002 1680 2054 ἐπ’
1734 2001 1983 2073 ἀπωλείᾳ

399 2092 644 2163 ἀγούσης
687 2091 964 2163 ἐχόμενον,
1019 2091 1297 2163 μηδεμίαν
1345 2092 1398 2170 "_
1427 2091 1527 2164 μέν
1557 2093 1665 2146 τῶν
1697 2092 1983 2162 σωτηρίων

399 2185 634 2239 ἐντολῶν
664 2184 758 2237 καὶ
796 2183 1165 2237 παιδευτικῶν
1215 2185 1512 2256 ἐνεργειῶν
1541 2183 1979 2252 ὖπολειφθεῖσαν,

399 2273 459 2340 ἐξ
479 2266 556 2329 ὧν
590 2273 884 2346 αἰσθητικὴ
929 2275 1026 2328 καὶ
1051 2274 1297 2346 νήφουσα
1330 2275 1477 2347 ψυχὴ
1517 2275 1582 2330 τὸ
1619 2276 1784 2330 καλὸν
1817 2293 1981 2347 μεταου

402 2365 692 2435 μανθάνει,
723 2365 1093 2434 διαφεύγουσα
1127 2366 1237 2421 τῶν
1286 2370 1548 2439 χειρόνων
1573 2369 1673 2430 τὰς
1730 2368 1979 2439 πράξεις,

397 2458 468 2510 δι’
499 2457 565 2521 ἃς
603 2458 896 2531 ἐπέρχεται
930 2461 963 2531 ἡ
1017 2460 1154 2532 ὀργὴ
1186 2460 1280 2514 ἐπὶ
1322 2462 1449 2526 τοὺς
1497 2463 1649 2526 υίοὺς
1690 2463 1791 2534 τῆς
1827 2464 1984 2518 ἀπει-

401 2551 571 2615 θείας,
622 2550 701 2612 ὦς
758 2569 924 2623 φησιν
953 2550 1352 2620 ὀἈπόστολος,
1412 2555 1521 2608 ἔδει
1548 2555 1606 2609 δὲ
1639 2556 1736 2627 τὴν
1783 2557 1984 2612 κακίαν

400 2642 752 2717 ἐκτριόἦναι,
790 2644 876 2697 ίνα
917 2646 992 2717 μὴ
1047 2648 1116 2716 τῇ
1143 2647 1237 2699 ἐπὶ
1280 2646 1468 2702 πλεῖον
1500 2649 1715 2721 προόδῳ
1742 2651 1836 2704 καί⁸
1862 2650 1985 2705 ἐτέ-

403 2749 531 2802 ρους
560 2731 903 2802 λυμαίνοιτο,
933 2733 1024 2787 διὰ
1043 2734 1202 2788 τοῦτο
1223 2735 1439 2806 ἀφῆκεν
1466 2738 1599 2809 ἡμῖν
1623 2741 1984 2812 ἐπενεχθῆναι

401 2826 501 2893 τὴν
536 2825 783 2896 φοϐερὰν
813 2827 1032 2897 ἐκείνην
1069 2829 1164 2881 καὶ
1188 2829 1434 2902 φρικώδη
1472 2830 1684 2905 πληγὴν
1711 2873 1725 2897 ,
1758 2833 1824 2886 ἵν’
1846 2835 1984 2906 ὅπερ

402 2917 585 2971 ἀλλων
639 2919 962 2990 πασχόντων
1015 2922 1182 2992 ἡμεῖς
1231 2921 1334 2976 οὐκ
1380 2923 1792 2995 ἐδιδασκόμεθα,
1827 2928 1986 2982 τοῦτο

398 3013 563 3082 ἡμεῖς
597 3013 858 3076 παθόντες
879 3013 1058 3078 ἀλλοις
1088 3013 1393 3086 ὑπόδειγμα
1433 3017 1814 3090 ποιιισώμεθα.

2087 440 2357 498 excidium
2389 439 2444 494 in
2471 438 2837 495 Barbarorum
2867 447 3191 511 potestatem
3224 442 3396 497 venit.
3429 440 3663 498 Obsessa

2086 530 2234 585 enim
2266 544 2329 585 ac
2364 536 2545 600 capta,
2577 537 2637 584 ut
2663 543 2802 599 pene.
2827 545 3017 587 omnes
3052 530 3146 596 qui
3178 533 3233 587 in
3259 546 3322 587 ea
3350 541 3508 587 erant
3539 534 3662 604 gla-

2088 621 2180 678 dio
2213 619 2538 685 ceciderint,
2568 619 2705 675 nihil
2729 618 2878 674 aliud
2903 617 3063 691 507
3086 620 3436 693 cogitandum
3463 622 3663 678 animis

2087 711 2370 782 ingerebat
2385 727 2548 784 quam
2574 710 2688 767 fore
2705 722 2760 766 ut
2780 712 2875 783 qui
2905 713 2961 767 in
2983 713 3143 768 malis
3165 727 3668 785 persevcraremus,

2087 819 2272 874 parem
2309 803 2372 859 in
2405 818 2504 860 eos
2531 803 2792 860 ultionem
2830 805 3232 876 exciperemus,
3262 811 3317 860 et
3346 813 3404 859 ut
3428 805 3578 860 velut
3609 805 3663 861 in

2087 898 2328 953 animata
2399 899 2657 953 columna
2719 912 2784 954 ac
2839 898 3021 968 cippo,
3085 914 3206 968 quae
3273 899 3430 954 nobis
3483 899 3664 956 debita

2084 1000 2272 1047 essent
2300 991 2444 1044 mala
2497 990 2757 1062 diraque,
2787 991 3088 1061 perscripta
3125 991 3450 1062 legeremus.

2157 1083 2249 1138 15.
2280 1081 2476 1138 Nullus
2527 1088 2712 1137 tamen
2758 1081 3058 1147 existimet,
3103 1080 3231 1136 dum
3267 1082 3386 1139 haec
3419 1084 3496 1137 ita
3537 1098 3662 1154 pro:

2082 1174 2302 1243 nuntio,
2329 1189 2416 1230 me
2437 1175 2577 1230 velle
2606 1173 2776 1230 hasce
2810 1172 2976 1229 urbes
2997 1173 3170 1228 nostri
3195 1189 3361 1229 causa
3383 1176 3662 1232 tremenda

2081 1263 2197 1321 haec
2227 1274 2484 1337 expertas
2516 1265 2690 1322 fuisse
2723 1264 2946 1336 illisque
2967 1265 3128 1320 malis
3161 1265 3336 1322 factas
3366 1265 3660 1322 obnoxias.

2079 1354 2216 1412 Nam
2256 1370 2311 1414 et
2356 1357 2486 1423 illis,
2524 1371 2743 1428 opinor,
2775 1357 2848 1412 ob
2878 1356 3051 1427 ipsam
3077 1372 3264 1413 earum
3294 1357 3651 1427 pravitatem,

2080 1460 2236 1520 aeque
2266 1463 2332 1504 ac
2357 1449 2520 1504 nobis
2552 1459 2677 1521 post
2707 1449 2879 1519 ipsas,
2910 1449 3317 1505 animadversio
3338 1450 3661 1516 debebatur,

2087 1538 2201 1596 Deo
2232 1540 2446 1597 scilicet
2472 1541 2688 1612 singula
2738 1555 2969 1612 quaeque
3022 1540 3231 1597 scelera
3311 1541 3478 1610 digne
3521 1541 3660 1596 uici-

2080 1638 2290 1687 scente.
2311 1629 2512 1686 Verum
2541 1631 2595 1686 in
2619 1630 2688 1687 iis
2710 1646 2813 1687 nos
2843 1645 3060 1704 quoque
3076 1631 3218 1686 haud
3235 1631 3404 1687 levem
3420 1633 3661 1688 occasio'

2081 1738 2203 1779 nem
2235 1721 2476 1778 melioris
2495 1723 2668 1795 frugis
2687 1724 2938 1780 ineundae
2957 1732 3122 1794 atque
3143 1724 3341 1780 salutis
3377 1722 3538 1780 facile
3558 1723 3660 1779 fuit

2083 1816 2351 1884 invenire,
2402 1818 2478 1872 ita
2507 1817 2770 1872 nimirum
2806 1826 2865 1872 ut
2903 1832 3091 1874 carum
3125 1831 3258 1872 casn
3295 1832 3545 1887 noxaque
3572 1832 3661 1872 res

2082 1919 2302 1966 nostras
2325 1911 2379 1964 in
2405 1917 2525 1965 tuto
2542 1909 2962 1965 collocaremus.
2995 1907 3476 1963 Verumenimvero
3528 1909 3661 1978 quia

2082 1999 2129 2055 is
2167 2000 2262 2071 qui
2290 1999 2454 2055 corda
2483 2007 2766 2054 scrutatur
2789 1998 2809 2069 (
2830 1998 2981 2053 Psal,
3013 2012 3111 2066 vit,
3147 1996 3245 2066 10)
3285 1996 3526 2050 animum
3555 2012 3656 2052 no-

2085 2099 2263 2147 strum
2297 2090 2447 2146 omni
2481 2090 2665 2146 studio
2693 2091 2903 2146 htercre
2936 2098 3166 2145 noverat
3208 2089 3307 2144 viae
3347 2103 3470 2159 quae
3507 2086 3661 2144 ducit

2084 2183 2153 2239 ad
2181 2184 2485 2250 interitum,
2517 2198 2642 2239 cum
2677 2182 2816 2238 nihil
2840 2182 2888 2238 ci
2915 2181 3240 2238 salutarium
3276 2179 3657 2236 mandatorum

2086 2277 2624 2348 castigationumque
2660 2277 2902 2341 deesset,
2950 2290 3186 2346 quorum
3236 2289 3401 2329 sensu
3456 2272 3524 2328 ad
3569 2287 3660 2328 so-

2085 2369 2377 2424 brietatem
2413 2369 2673 2425 reductus
2715 2369 2934 2426 animus
2964 2375 3176 2422 mutato
3226 2367 3480 2433 consilio,
3511 2366 3659 2437 quod

2087 2461 2376 2516 honestum
2409 2475 2473 2516 ac
2515 2461 2677 2516 officii
2713 2469 2826 2527 est,
2879 2460 3169 2528 condiscit,
3226 2460 3404 2514 vitans
3455 2458 3660 2514 scelera

2086 2553 2159 2609 ob
2195 2567 2315 2624 qua!
2345 2555 2423 2608 ira
2470 2553 2674 2625 ingruit
2724 2553 2778 2608 in
2833 2551 2975 2608 filios
3029 2550 3432 2615 inobedientiae,
3486 2559 3546 2604 ut
3583 2548 3659 2602 ait

2083 2644 2380 2717 Apostolus
2442 2645 2681 2718 (Ephes.
2719 2661 2789 2710 ν,
2847 2643 2942 2714 6),
3008 2643 3345 2713 decebatque
3394 2641 3658 2696 malitiam

2084 2738 2214 2795 elidi
2238 2753 2301 2794 ac
2327 2738 2556 2807 aboleri,
2593 2754 2663 2794 nc
2695 2738 2874 2808 majus
2917 2737 3309 2792 incrementum
3340 2733 3544 2790 faceret
3572 2744 3657 2787 at-

2084 2842 2193 2899 que
2225 2827 2349 2882 aliis
2381 2843 2579 2883 noxam
2612 2825 2861 2889 inferret,
2897 2825 3106 2880 idcirco
3132 2822 3465 2879 tremendam
3511 2821 3658 2878 illam

2088 2927 2254 2990 atque
2296 2918 2628 2974 horrendam
2662 2918 2880 2989 plagam
2927 2917 3087 2971 nobis
3138 2915 3356 2981 inflixit,
3403 2923 3463 2969 ut
3513 2911 3658 2984 quod

2009 3047 2054 3106 ε
2088 3012 2320 3066 aliorum
2350 3011 2510 3064 malis
2533 3009 2837 3080 pra-moniti
2864 3024 2969 3062 non
2994 3008 3380 3071 didiceramus,
3407 3007 3530 3075 ejus
3559 3018 3661 3060 nos

2088 3102 2232 3168 aliis,
2269 3110 2458 3156 nostro
2486 3099 2590 3170 ipsi
2625 3098 2899 3170 periculo,
2926 3095 3176 3165 exemplo
3205 3111 3449 3151 essemus
3480 3109 3543 3149 ac
3565 3094 3660 3149 do-

1990 3184 1995 3189 ’
2089 3201 2364 3248 cumcnto.

473 3276 562 3352 [P.
601 3276 731 3349 330]
757 3275 854 3343 ις’.
896 3276 1058 3332 Ἀλλά
1106 3277 1160 3332 τί
1218 3279 1296 3332 δεῖ
1361 3280 1757 3351 μακρολογεῖν;
1796 3280 1983 3354 καιρὸς

399 3370 513 3443 γὰρ
532 3370 640 3442 ήδη
672 3370 778 3423 τῶν
832 3371 1065 3441 καιρίων
1115 3370 1477 3442 διηγημάτων
1519 3372 1852 3443 ἐφάψασθαι,
1890 3374 1986 3427 καὶ

400 3463 556 3524 ὅπως
604 3461 710 3533 τὴν
744 3461 1032 3535 ὀδυνηρὰν
1083 3463 1297 3534 ἐκείνην
1331 3464 1650 3537 πολιορκίαν
1674 3465 1987 3536 ὑπέστημεν

402 3554 762 3626 παραστῆσαι
782 3554 861 3625 τῷ
887 3554 1052 3625 λόγῳ,
1075 3556 1151 3618 ὡς
1179 3551 1454 3620 εἶναιτοῖς
1477 3556 1770 3626 μετέπειτα
1800 3558 1985 3612 νουθε-

399 3649 528 3713 σίας
560 3646 822 3700 ὖπόθεσιν
844 3645 939 3698 καὶ
967 3645 1234 3717 ἐναργοῦς
1253 3645 1606 3711 διδασκαλίας
1637 3647 1982 3720 παραίνεσιν.

411 3741 505 3796 Ἐν
541 3738 762 3803 τούτοις
798 3739 907 3810 γάρ
938 3737 1110 3793 δντων
1143 3737 1302 3809 ἡμῶν
1359 3723 1464 3811 ἧκέ
1499 3757 1586 3804 τις
1643 3739 1988 3813 ταχυδρόμος

395 3829 641 3901 ἄγγελος
676 3826 787 3882 ἀπὸ
809 3829 904 3883 τοῦ
933 3827 1262 3898 κρατοῦντος
1289 3827 1360 3881 τὰ
1383 3827 1492 3882 τῶν
1532 3828 1818 3901 Ῥωμαίων
1853 3829 1988 3900 σκῆ-

399 3940 576 3997 πτρα,
612 3922 842 3986 Λέοντος
869 3919 961 3976 τοῦ
987 3919 1340 3990 φιλευσεσοῦς
1372 3920 1622 3989 ἄνακτος,
1676 3920 1776 3993 τὴν
1796 3921 1986 3992 ἔφοδον

397 4019 512 4073 τῶν
543 4014 870 4089 Βαρϐάρων,
893 4012 1041 4084 λέγω
1060 4013 1126 4083 δὴ
1149 4012 1259 4066 τῶν
1285 4011 1617 4084 δυσωνύμων
1643 4014 1981 4087 Ἀγαρηνῶν,

399 4108 780 4183 καταμηνύειν
823 4107 919 4162 καὶ
974 4106 1051 4170 ὡς
1077 4105 1223 4178 τάχα
1273 4104 1615 4173 ὁπλίζεσθαι,
1664 4107 1984 4179 πρόσφυγάς

395 4222 559 4269 τινας
604 4202 702 4258 ἀπ’
755 4199 938 4256 αὐτῶν
968 4199 1196 4255 ἐκείνων
1242 4199 1353 4254 τῶν
1409 4197 1708 4272 Βαρϐάρων
1759 4199 1984 4270 ἀφῖχθαι

396 4299 604 4368 λέγων,
627 4294 722 4350 καὶ
741 4293 838 4365 τὴν
867 4291 1066 4364 βουλὴν
1081 4289 1282 4356 αὐτῶν,
1303 4291 1427 4362 ἥτις
1456 4292 1596 4357 ἐστὶ,
1621 4293 1983 4364 προειπόντας

2157 3282 2321 3353 508
2347 3283 2434 3338 16.
2469 3282 2573 3338 Sed
2602 3282 2736 3353 quid
2763 3297 2985 3339 necesse
3039 3282 3344 3336 orationem
3393 3278 3612 3334 trahere
3639 3278 3663 3329 τ

2087 3373 2205 3429 Jam
2243 3377 2388 3430 enim
2424 3386 2638 3445 tempus
2669 3385 2753 3432 est
2798 3377 3111 3431 necessaria
3168 3389 3350 3429 rerum
3384 3381 3660 3427 momenta

2087 3468 2329 3538 aggredi,
2363 3482 2427 3522 ac
2463 3467 2681 3522 modum
2721 3481 2832 3538 quo
2887 3467 3062 3522 diram
3118 3465 3266 3519 illam
3317 3462 3658 3518 obsidionem

2090 3559 2412 3631 pertulimus
2453 3574 2710 3615 sermone
2741 3558 2967 3623 referre,
2991 3573 3099 3628 quo
3124 3559 3338 3613 scilicet
3377 3555 3505 3610 inde
3553 3571 3660 3625 po-

2087 3652 2252 3709 steris
2282 3650 2676 3707 admonitionis
2716 3661 3095 3722 argumentum
3122 3665 3182 3703 ac
3217 3650 3357 3703 ratio
3389 3649 3660 3717 claraeque

2086 3742 2351 3798 doctrinae
2376 3741 2692 3796 adhortatio
2719 3743 2812 3798 sit.
2875 3740 3089 3797 Etenim
3142 3754 3269 3793 cum
3318 3754 3408 3794 res
3455 3744 3660 3792 nostra:

2087 3836 2166 3889 ita
2201 3848 2263 3889 se
2287 3833 2578 3902 baberent,
2627 3833 2778 3889 celer
2828 3833 3052 3903 quidam
3111 3846 3308 3886 cursor
3367 3829 3594 3885 nuntius
3627 3843 3658 3882 a

2085 3924 2288 3995 Leone,
2315 3926 2565 3997 piissimo
2587 3925 2921 3995 imperatore
2976 3932 3092 3978 tum
3155 3922 3372 3993 imperii
3423 3920 3657 3976 Romani

2085 4029 2302 4091 sceptra
2330 4018 2671 4084 moderante,
2695 4027 2846 4073 venit
2871 4033 2888 4071 :
2909 4016 3278 4072 Barbarorum
3310 4013 3674 4086 (inauspicatr

2084 4114 2293 4170 scilicet
2319 4112 2554 4168 nominis
2575 4120 2737 4182 atque
2756 4110 2956 4166 ominis
2979 4109 3373 4179 Agarenorum)
3400 4106 3662 4175 irruptio-

2085 4220 2208 4261 nem
2238 4204 2590 4270 denuntians,
2632 4204 2700 4258 ad
2724 4216 2876 4257 arma
2925 4203 3111 4258 statim
3143 4199 3439 4255 convolare
3479 4197 3657 4269 jubet.

2087 4297 2317 4353 Venisse
2348 4296 2610 4368 profugos
2641 4295 2913 4367 quosdam
2939 4310 3004 4349 ex
3056 4293 3193 4364 ipsis
3238 4291 3520 4356 llarbaris,
3561 4304 3662 4345 eo—

395 4389 480 4462 ςῷ
515 4386 756 4459 βασιλεῖ,
779 4384 874 4439 καὶ
909 4384 994 4438 δτι
1024 4383 1206 4438 πᾶσαν
1233 4381 1334 4453 τὴν
1360 4382 1540 4453 ὁρμὴν
1582 4381 1677 4436 ἐπὶ
1704 4382 1860 4453 τήνδε
1886 4398 1983 4435 πε..

2089 4405 2320 4460 rumque
2349 4389 2566 4444 consilii
2616 4388 3005 4460 imperatorem
3068 4383 3464 4456 praemonuisse
3501 4402 3513 4438 :
3559 4381 3662 4435 im-

395 4480 686 4552 mlquat,
712 4475 819 4530 ὑπὸ
849 4473 1060 4528 πολλῶν
1094 4474 1195 4544 ἢδη
1214 4472 1324 4526 τῶν
1351 4473 1443 4526 ὑπ’
1462 4472 1643 4527 αὐτῶν
1674 4490 1984 4545 προχειρω-

395 4573 613 4628 θέντων
668 4566 1059 4641 βεϐαιωθὲντες
1106 4565 1185 4629 ὡς
1235 4565 1544 4636 ἀτιίχιστός
1591 4565 1741 4619 ἐστιν
1786 4565 1852 4618 ἐκ
1884 4564 1980 4620 τοῦ

396 4663 546 4736 πρὸς
569 4660 850 4716 θάλασσαν
873 4659 1077 4732 μέρους
1093 4658 1188 4712 καὶ
1211 4659 1332 4720 ταῖς
1348 4656 1455 4710 ἀπὸ
1475 4656 1583 4710 τῶν
1609 4655 1753 4728 νηῶν
1780 4658 1981 4729 μάχαις

395 4755 838 4828 εὐεπιχείρητος.
871 4752 1088 4823 Ταύτης
1105 4750 1199 4806 οὖν
1231 4751 1590 4823 ἀγγελθείσης
1612 4751 1711 4822 τῆς
1738 4753 1982 4822 πονηρᾶς

399 4846 693 4918 ἀγγελίας,
726 4843 891 4916 θροῦς
920 4844 1022 4915 μέν
1048 4842 1267 4913 ἐγένετο
1311 4841 1457 4896 κατά
1487 4844 1670 4895 πᾶσαν
1692 4842 1792 4912 τὴν
1825 4842 1981 4897 πόλιν

397 4938 502 4995 καὶ
528 4937 696 5007 φόϐος
729 4935 827 4989 καὶ
855 4935 1118 5007 τάραχος,
1168 4931 1474 5004 ἀσυνήθους
1508 4932 1835 5002 πράγματος
1887 4932 1983 4987 καλ

399 5028 647 5103 φοϐεροῦ
669 5029 790 5093 ταῖς
810 5028 1005 5090 ἀκοαῖς
1033 5024 1191 5097 ἡμῶν
1226 5025 1285 5079 ἐν
1322 5025 1521 5094 ἀρχαῖς
1555 5025 1976 5093 προσπεσόντος,

401 5119 855 5192 ἐϐουλευσάμεθα
875 5120 953 5186 δέ,
977 5118 1146 5190 οῖμοιί
1168 5117 1268 5188 τὴν
1286 5117 1493 5170 οἰκείαν
1519 5116 1981 5188 περιποιήσασθαι

403 5217 708 5289 σωτηρίαν,
739 5215 838 5268 καὶ
869 5214 971 5267 ὅσα
999 5211 1135 5283 πρὸς
1181 5213 1281 5280 τὴν
1319 5209 1428 5263 τῶν
1461 5209 1718 5264 ἐναντίων
1765 5209 1980 5279 ἄμυναν

403 5309 780 5380 καταρτίζειν,
816 5306 913 5360 καὶ
959 5305 1096 5377 πρὸς
1123 5303 1215 5356 τὸν
1243 5302 1367 5356 κατ’
1407 5300 1586 5356 αὐτῶν
1627 5301 1862 5371 πόλεμον
1897 5301 1977 5355 δι-

401 5401 741 5475 εγείρεσθαι.
800 5397 947 5470 Πλὴν
1000 5397 1206 5466 ικαμνε
1244 5394 1344 5464 μέν
1386 5394 1417 5446 ό
1459 5394 1716 5463 λογισμὸς
1745 5393 1977 5447 ἑκάστου

404 5501 503 5550 καί
536 5499 656 5556 ταῖς
690 5493 874 5555 ἄλλαις
913 5488 1205 5561 μερίμναις
1263 5485 1360 5557 τῆς
1390 5485 1650 5556 ἀπειρίας
1683 5482 1779 5537 τοῦ
1807 5486 1978 5553 μάχε-

2090 4490 2276 4553 petum
2326 4493 2544 4535 omnem
2578 4494 2773 4536 versus
2824 4471 3278 4533 Thessalonicam
3310 4484 3545 4539 vertere,
3593 4485 3659 4526 ea

2088 4576 2300 4632 scilicet
2337 4581 2570 4642 ratione,
2602 4570 2747 4646 quod
2778 4587 2841 4626 ex
2882 4569 3129 4640 pluribus
3158 4567 3268 4638 jam
3303 4567 3371 4620 ab
3406 4566 3488 4620 eis
3519 4565 3660 4620 bello

2090 4667 2268 4739 captis
2297 4681 2362 4722 ac
2411 4668 2721 4738 subjugatis
2773 4679 2924 4723 certo
2987 4660 3304 4731 didicerint,
3346 4684 3454 4737 qua
3506 4678 3657 4739 parte

2087 4759 2316 4830 respicit
2345 4774 2518 4826 mare,
2555 4761 2724 4816 nullis
2761 4775 2884 4816 eam
2933 4761 3079 4831 cingi
3147 4761 3422 4815 moenibus
3481 4775 3659 4828 exque

2088 4855 2324 4909 navibus
2371 4861 2624 4910 conserta
2676 4867 2859 4923 pugna
2910 4851 3071 4906 facile
3127 4850 3427 4921 expugnari
3475 4863 3654 4920 posse.

2090 4944 2229 4999 Malo
2279 4945 2386 5000 hoc
2435 4945 2604 5015 igitur
2661 4945 2826 5000 allato
2863 4944 3065 4998 nuntio
3112 4957 3208 5012 per
3245 4951 3410 4996 totam
3463 4940 3652 4994 urbem

2089 5050 2279 5090 rumor
2310 5035 2543 5100 diditur,
2579 5035 2850 5107 timorque
2884 5051 2947 5090 ac
2975 5035 3233 5090 titubatio
3263 5048 3457 5089 omnes
3486 5047 3652 5088 oecu-

2091 5137 2199 5196 pat,
2223 5128 2437 5183 insueta
2471 5128 2631 5198 plane
2666 5144 2724 5182 re
2761 5138 2924 5197 atque
2961 5127 3242 5181 tremenda
3275 5134 3389 5178 tum
3415 5123 3650 5194 primum

2088 5220 2292 5276 nostris
2356 5222 2584 5276 auribus
2647 5221 2859 5290 illapsa.
2918 5220 2994 5274 Eo
3043 5219 3202 5272 nobis
3250 5217 3459 5286 (heu!)
3495 5232 3650 5270 versa

2086 5310 2340 5377 consilia,
2373 5320 2434 5365 ut
2480 5314 2713 5366 salutem
2769 5321 3012 5364 nostram
3063 5319 3390 5372 tutaremur,
3437 5321 3500 5362 ac
3529 5322 3652 5375 quae

2085 5399 2323 5454 arcendo
2353 5402 2541 5456 hostes
2574 5411 2760 5455 essent
2792 5403 2975 5454 omnia
3014 5413 3352 5469 pararemus,
3383 5405 3546 5467 atque
3583 5399 3648 5450 ad

2086 5491 2286 5544 bellum
2327 5494 2713 5549 sustinendum
2766 5495 2966 5547 animus
3013 5492 3392 5546 excitaremur.
3448 5486 3646 5540 Verum

1669 5574 1903 5631 VARIA‘J
1935 5577 2335 5638 LECTIONES.

475 5678 524 5708 "‘
549 5673 800 5736 πάνταςῖ
873 5672 918 5704 ⁸³
941 5671 1116 5740 λέγειν
1145 5669 1168 5720 ν
1255 5670 1302 5703 ⁸⁵
1320 5666 1460 5725 οἶδεν
1493 5667 1596 5724 ΑΡ.
1675 5669 1721 5699 ⁸⁷
1747 5669 2040 5741 μηδεμίανξ
2069 5674 2159 5726 καὶ
2183 5674 2452 5745 μηδεμίαν
2474 5676 2496 5718 ν
