4066 6040
360 271 462 335 m

1590 279 1929 340 JO’ANNES
1953 277 2389 342 CAMENIATA

3519 270 3621 333 513

357 389 681 446 concidebat
736 391 1007 463 cujusque
1047 392 1288 459 animus,
1338 408 1462 449 cum
1505 394 1630 450 aliis
1671 393 1940 465 disiectus

2055 392 2190 457 αθαι,
2222 394 2390 463 μήπω
2415 390 2510 444 τοῦ
2538 392 2862 463 πράγματος
2910 389 2985 442 ὢν
3014 390 3073 441 έν
3105 392 3289 458 πείρα,
3324 386 3446 458 μηδ’
3475 387 3621 449 ὅπως

357 483 531 547 curis,
559 484 703 553 quod
735 485 876 539 bello
933 486 1208 556 inexperti
1261 501 1485 543 eramus
1539 488 1805 559 nulloque
1858 490 1937 544 rei

358 592 487 641 usu,
518 587 616 631 nec
646 588 703 631 ut
734 578 851 648 ipsa
883 580 1004 647 ejus
1033 579 1279 634 ducenda
1313 582 1536 637 exordia
1569 597 1938 649 noveramus;

360 678 471 720 tum
504 685 636 725 vero
669 672 842 739 magis
889 673 1034 740 quod
1090 689 1286 729 murus
1333 674 1469 728 nihil
1522 674 1753 732 idoneus
1800 686 1938 741 erat,

357 772 471 827 quo
514 767 573 813 et
636 758 801 829 509
858 761 1097 815 hostium
1152 763 1415 833 impetum
1463 767 1940 835 exspectabamus,

358 850 603 902 omnium
649 852 864 905 animos
894 852 1283 923 desperatione
1316 858 1623 925 mergebat.
1682 860 1761 911 Ae.
1808 873 1944 914 sane

298 1000 303 1005 ,
357 955 445 995 res
481 952 737 1011 suspecta
767 955 906 1005 erat.
946 962 1052 1000 non
1113 949 1289 1000 solum
1354 951 1514 1003 nobis
1580 950 1729 1004 bello
1789 951 1942 1005 inex-

359 1035 530 1103 pertis
585 1050 648 1089 ac
707 1037 1036 1103 inermibus,
1092 1040 1186 1095 sed
1247 1049 1298 1094 et
1357 1042 1400 1095 si
1458 1043 1550 1110 qui
1615 1043 1728 1109 jam
1788 1058 1945 1097 exer—

356 1127 509 1180 citati
560 1127 873 1184 istiusmodi
932 1148 1115 1185 rerum
1205 1150 1403 1190 causas
1481 1137 1730 1207 apprime
1779 1136 1947 1193 calle-

361 1225 505 1272 rent.

441 1309 531 1363 17.
559 1308 748 1379 Itaque
778 1312 829 1365 in
860 1327 980 1365 eam
1038 1316 1364 1370 sententiam
1419 1318 1638 1383 iximus,
1701 1320 1748 1374 si
1815 1320 1945 1390 quid

363 1410 513 1455 esset
542 1403 904 1466 moliendum,
941 1405 993 1458 id
1017 1422 1139 1460 esse
1174 1408 1228 1461 in
1257 1408 1378 1478 ipso
1409 1426 1566 1465 muro
1610 1416 1943 1478 conandum,

358 1500 413 1545 et
440 1502 565 1547 ante
608 1495 796 1547 omnia
851 1497 1001 1552 illius
1065 1500 1352 1554 securitati
1387 1512 1441 1556 et
1477 1504 1528 1555 iu
1556 1505 1753 1560 melius
1804 1508 1948 1561 refe-

358 1583 528 1637 ctioni
557 1585 1023 1655 prospiciendum.
1059 1588 1305 1660 Cogitata
1334 1608 1439 1645 non
1469 1594 1725 1649 laudabat
1752 1598 1843 1667 qui
1881 1600 1950 1652 ab

362 1677 695 1746 imperatore
727 1681 978 1733 nuntium
1022 1682 1181 1736 nobis
1226 1685 1487 1740 attulerat
1529 1686 1803 1755 (Petrona:
1852 1706 1948 1744 no-

361 1784 485 1820 men
514 1768 679 1838 erat),
713 1771 797 1823 vir
845 1776 1411 1843 protospathariorum
1472 1783 1747 1850 ascriptus
1791 1794 1945 1838 cata-
1972 1760 2021 1821 Β

362 1859 523 1929 lego;
558 1864 643 1916 cui
707 1870 828 1917 erat
886 1866 1201 1936 impositum
1270 1880 1331 1924 ut
1377 1874 1661 1936 paululum
1723 1874 1778 1931 in
1812 1875 1949 1931 urbe

360 1966 801 2009 commoraretur
844 1972 1114 2029 opemque
1162 1977 1321 2016 suam
1375 1964 1654 2021 conierret
1699 1975 1751 2021 et
1784 1969 1948 2026 rebus

362 2046 548 2099 debita
586 2048 833 2102 subsidia
875 2052 1342 2110 subministraret.
1376 2054 1426 2110 Is
1453 2056 1598 2112 aliud
1650 2061 1947 2129 sapientis-

359 2139 558 2193 simum
596 2142 911 2209 consilium,
954 2146 1156 2216 quippe
1187 2148 1344 2204 valde
1365 2149 1556 2205 eﬂieax
1590 2166 1653 2207 ac
1684 2142 1947 2221 salutare,

364 2247 426 2286 se
466 2231 741 2289 invenisse
769 2237 973 2302 aiebat,
1009 2238 1115 2294 nisi
1150 2239 1279 2295 illud
1319 2258 1536 2314 quoque
1595 2248 1803 2303 scelera
1854 2265 1949 2305 no-

361 2332 475 2378 stra
502 2327 884 2394 dissipassent,
950 2346 1072 2400 quae
1118 2344 1312 2389 nostro
1362 2336 1576 2392 excidio
1634 2342 1953 2398 sternebant

362 2419 525 2471 viam.
558 2418 807 2490 Namque
842 2438 969 2476 cum
1004 2425 1129 2481 aliis
1162 2428 1244 2481 vir
1280 2428 1394 2494 ille,
1442 2429 1538 2486 sed
1575 2434 1812 2491 maxime
1859 2452 1949 2491 re-

363 2525 485 2562 rum
517 2513 855 2581 experientia
886 2524 1192 2586 prazstaret,
1238 2521 1380 2575 intra
1417 2537 1476 2576 se
1511 2524 1690 2592 ipsum
1746 2528 1951 2582 exami-

362 2616 520 2663 nans,
558 2606 604 2657 si
657 2604 710 2657 in
747 2610 1109 2664 exstruendis
1158 2612 1330 2666 muris
1393 2628 1526 2667 cura
1577 2616 1949 2683 adhiberetur,

366 2696 603 2749 maxima
642 2699 763 2752 urbi
799 2700 1055 2755 adfutura
1088 2703 1457 2772 incommoda,
1487 2717 1542 2762 et
1574 2710 1748 2765 nihilo
1781 2713 1952 2783 magis

363 2787 432 2839 iis
457 2803 515 2840 se
552 2789 932 2857 profecturum
964 2795 1056 2862 qui
1088 2804 1216 2849 ante
1251 2798 1429 2868 ipsum
1468 2801 1654 2857 simile
1690 2816 1829 2871 opus
1856 2817 1951 2873 ag—

364 2882 535 2950 gressi
567 2890 776 2948 essent,
805 2884 869 2938 ad
901 2885 1050 2939 aliud
1083 2889 1403 2945 securitatis
1453 2907 1627 2961 genus
1681 2894 1771 2963 (et
1822 2902 1949 2949 nota

362 2986 529 3040 quam
556 2982 738 3040 aptum
775 2988 837 3027 ac
869 2977 1383 3048 peropportunum)
1417 2982 1659 3037 animum
1694 2984 1946 3039 advertit.

363 3062 760 3117 Corisiderabat
802 3067 970 3129 enim,
1003 3083 1129 3122 eum
1185 3086 1314 3139 pars
1349 3073 1502 3128 urbis
1547 3087 1681 3131 noto
1725 3077 1950 3132 adversa

364 3158 592 3212 marinis
626 3159 786 3227 aquis
813 3168 923 3214 tota
956 3164 1435 3233 circumlueretur,
1467 3169 1513 3223 si
1560 3169 1686 3225 inde
1728 3169 1952 3228 Barbari

366 3261 515 3303 arma
546 3253 863 3317 movissent,
893 3256 1157 3324 quidquid
1185 3258 1519 3324 libuisset,iu
1545 3278 1605 3317 ea
1638 3262 1796 3319 facile
1823 3263 1954 3319 effe-

364 3351 574 3409 cturos,
632 3359 756 3397 cum
812 3361 971 3401 nemo
1030 3349 1273 3416 ipsorum
1331 3356 1580 3410 ascensui
1652 3355 1707 3410 in
1768 3372 1955 3414 muros

366 3434 565 3504 (ipsos
620 3436 857 3493 humiles
887 3454 950 3492 ac
986 3448 1143 3495 terrae
1180 3447 1507 3516 contiguos)
1560 3447 1955 3514 impedimento

366 3529 530 3599 510
556 3546 679 3585 esse
713 3542 898 3597 posset
927 3550 939 3586 :
989 3550 1113 3588 nam
1141 3537 1363 3590 navium
1398 3541 1597 3608 puppis
1633 3542 1706 3593 ita
1734 3542 1947 3596 emine-

368 3622 480 3686 bat,
516 3630 574 3676 nt
612 3638 676 3677 ex
707 3640 770 3677 ea
820 3634 1080 3694 tanquam
1117 3642 1183 3683 ex
1220 3629 1343 3684 loco
1388 3633 1661 3702 superiori
1716 3634 1770 3688 in
1828 3649 1949 3704 pro-

368 3718 695 3786 pugnaculis
724 3719 1085 3776 immorantes
1117 3722 1359 3778 hostium
1388 3724 1586 3791 iaculis
1613 3726 1836 3780 obnoxii
1860 3744 1954 3784 es-

367 3818 509 3864 sent.
585 3810 789 3866 Statuit
845 3813 1010 3884 igitur
1063 3830 1316 3886 aggerem
1374 3819 1665 3886 quemdam
1730 3829 1956 3891 arteque

370 3901 652 3959 iactitatas
674 3904 910 3961 insidias
943 3907 996 3961 in
1036 3910 1195 3977 aquis
1248 3910 1383 3978 ipsis
1421 3913 1718 3976 occultare,
1752 3913 1955 3982 quibus

370 3998 641 4051 securitas
673 3998 793 4051 urbi
821 4001 1095 4070 simulque
1128 4004 1383 4057 hostibus
1412 4005 1758 4059 obstaculum
1794 4006 1959 4062 foret.

372 4086 539 4143 Frant
569 4105 804 4159 namque
843 4093 897 4145 in
933 4102 1106 4148 tractu
1133 4095 1289 4149 urbis
1329 4096 1395 4149 ad
1434 4096 1709 4151 Orientem
1756 4113 1819 4154 ac
1857 4097 1957 4155 0c-

370 4182 640 4236 cidentem
674 4196 931 4256 vergente
972 4189 1210 4257 plurima
1245 4206 1309 4242 ex
1342 4205 1450 4243 uno
1481 4190 1659 4260 lapide
1691 4201 1955 4247 excavata

369 4275 649 4345 sepulcra,
705 4280 907 4347 quibus
954 4283 1257 4352 antiquitus
1305 4285 1552 4354 gentiles,
1593 4286 1687 4354 qui
1719 4301 1839 4340 eam
1868 4287 1955 4339 in-

371 4368 770 4431 habitaverant.
804 4388 936 4429 suos
974 4385 1216 4432 mortuos
1250 4376 1581 4431 condebant.
1616 4377 1741 4433 Πίος
1765 4380 1855 4435 ille
1884 4382 1938 4435 in

2043 486 2141 557 τὴν
2166 486 2340 555 ἀρχὴν
2364 484 2632 555 λαμϐάνει
2685 484 3067 552 δεδιδαγμένος
3089 500 3101 512 ·
3150 483 3315 534 πλέον
3359 481 3416 534 δὲ
3456 480 3516 533 τδ
3546 479 3620 549 μὴ

2042 578 2350 647 ἐπιτήδειον
2375 573 2515 631 εἶναι
2546 578 2605 629 τὸ
2629 577 2675 608 ⁸⁸
2706 580 2883 646 τεῖχος
2910 576 3041 629 ἔνθα
3068 576 3161 629 καὶ
3188 576 3289 644 τὴν
3319 571 3624 644 προσϐολὴν

2042 666 2407 738 ἐσκοποῦμεν,
2443 668 2541 731 τὰς
2600 670 2859 723 ἁπάντων
2897 668 3075 738 ψυχὰς
3126 664 3455 730 κατεϐύθιζε
3478 681 3491 696 °
3530 667 3624 718 καὶ

2043 760 2153 833 γὰρ
2175 754 2243 832 ἦν
2268 761 2343 824 ὡς
2363 760 2579 830 ἀληθῶς
2604 761 2871 825 ὕποπτον,
2899 762 2963 814 ού
2996 762 3157 831 μόνον
3180 763 3293 824 τοῖς
3325 760 3621 830 ἀπειροπο-

2042 851 2230 923 λέμοις
2256 853 2349 908 καὶ
2375 853 2595 917 ἀόπλοις
2624 856 2775 924 ἡμῖν,
2808 855 3041 927 mmet,
3071 857 3165 909 xui
3185 856 3367 918 αὐτοῖς
3390 853 3503 917 τοῖς
3535 869 3625 918 γε·

2048 951 2457 1019 γυμνασμένοις
2484 949 2576 1002 καὶ
2612 952 3085 1020 προιποκειμένας
3114 950 3294 1020 ἔχουσι
3322 950 3366 984 ⁸⁹
3385 944 3480 1009 τὰς
3520 946 3625 999 τῶν

2043 1042 2304 1094 τοιούτων
2337 1043 2685 1114 πραγμάτων
2717 1042 2919 1108 αἰτίας.

2123 1307 2207 1372 ιζ’.
2259 1308 2735 1379 Ἕϐουλευσάμεῦα
2764 1308 2811 1362 δ’
2849 1305 2965 1375 οὖν,
3002 1313 3055 1364 εί
3095 1328 3147 1365 τι
3178 1312 3269 1366 καὶ
3308 1311 3417 1364 δέοι
3450 1311 3628 1383 πράτ-

2047 1421 2183 1466 τειν,
2208 1407 2265 1457 ἐν
2283 1406 2432 1472 αὐτῷ
2462 1405 2721 1475 πράττειν
2745 1407 2824 1478 τῷ
2849 1407 3022 1476 τείχει
3044 1407 3135 1461 καὶ
3160 1407 3381 1480 πρώτης
3411 1405 3628 1476 ἔχεσθαι

2048 1497 2148 1568 τῆς
2174 1498 2338 1552 αὑτοῦ
2359 1499 2666 1566 ἀσφαλείας
2691 1499 2786 1551 καὶ
2816 1499 2953 1570 πρὸς
2977 1499 3039 1552 rb
3058 1503 3307 1569 κρεῖττον
3331 1502 3631 1570 μεταποιή-

2052 1606 2210 1654 σεως.
2246 1591 2322 1642 Οὐ
2365 1588 2719 1644 συνεϐούλευε
2752 1590 2796 1643 δ’
2830 1594 2964 1660 ἡμῖν
2994 1592 3153 1647 τοῦτο
3181 1594 3320 1655 τέως
3366 1592 3394 1645 ὀ
3422 1588 3629 1663 ταύτην

2050 1686 2184 1753 ἡμῖν
2214 1683 2314 1754 τὴν
2348 1684 2609 1753 ἀγγελίαν
2633 1686 2769 1757 πρὸς
2800 1685 2894 1739 τοῦ
2941 1686 3207 1757 βασιλέως
3240 1686 3473 1757 κομίσας
3497 1687 3627 1755 (Περ

2049 1777 2259 1847 τρωνᾶς
2290 1777 2344 1831 δὲ
2376 1771 2531 1842 οὕτος
2562 1780 2835 1845 ἐκαλεῖτο,
2865 1778 2944 1850 τῷ
2976 1780 3262 1851 καταλόγῳ
3286 1779 3393 1834 τῶν
3417 1796 3631 1849 πρωτο-

2050 1869 2370 1941 σπαθαρίων
2426 1871 2917 1944 ιναριθμούμινος,
2973 1873 3033 1937 ὃς
3063 1869 3132 1945 ἦν
3161 1873 3629 1945 ἐπιτετραμμένος

2049 1962 2364 2033 ὲγχρονίσαι
2397 1965 2596 2035 μικρὸν
2619 1967 2685 2035 τῇ
2716 1966 2868 2019 πόλει
2903 1967 2996 2020 καί
3030 1984 3173 2030 τινος
3198 1967 3336 2037 αὐτῇ
3372 1964 3634 2037 μεταδοῦο

2050 2071 2136 2107 ναι
2165 2054 2421 2127 βοηθείας
2448 2058 2543 2111 καὶ
2569 2044 2800 2127 δεούσης
2826 2060 2886 2114 ἐν
2934 2062 3045 2124 τοῖς
3086 2060 3376 2130 πράγμασι
3435 2076 3631 2130 συνερ-

2050 2147 2247 2217 τείας),
2276 2148 2445 2220 ἄλλην
2470 2149 2528 2203 δὲ
2548 2151 2870 2222 σοφωτάτην
2894 2150 3078 2220 ἔλεγεν
3104 2150 3347 2220 ἐξευρεῖν
3368 2150 3631 2211 ἐπίνοιαν,
3720 2204 3721 2207 η

2049 2238 2127 2301 ὡς
2158 2239 2278 2293 λίαν
2325 2240 2524 2311 ἐνεργῆ
2571 2241 2667 2295 καὶ
2704 2240 2994 2313 σωτήριον,
3029 2242 3079 2294 εἰ
3114 2241 3188 2311 μὴ
3210 2242 3306 2296 καὶ
3340 2239 3547 2309 ταύτης
3575 2238 3634 2292 αἱ

2050 2332 2505 2404 προοδοποιοῖωαι
2532 2334 2632 2405 τὴν
2682 2334 2807 2387 καθ’
2838 2333 3003 2405 ἡμῶν
3048 2334 3329 2386 ἀπώλειαν
3363 2332 3633 2403 ἁμαρτίαι

2051 2425 2335 2497 ἀναίρεσιν
2386 2426 2789 2484 καθυπέϐαλον.
2832 2427 3148 2497 Ἑλλόγιμος
3181 2425 3291 2497 γὰρ
3314 2425 3389 2480 ὣν
3420 2429 3448 2479 ὀ
3495 2424 3633 2494 ἀνὴρ

2052 2519 2149 2571 καὶ
2172 2518 2373 2591 πολλὴν
2404 2520 2748 2590 πραγμάτων
2773 2520 3023 2589 ἐσχηκὼς
3048 2523 3264 2590 πεῖραν,
3297 2519 3419 2573 καθ’
3445 2519 3635 2572 ἑαυτὸν

2056 2610 2285 2666 συνιδὼν
2316 2612 2392 2676 ὡς
2421 2614 2470 2665 εί
2495 2612 2713 2683 θελήσοι
2744 2612 2828 2686 [Ρ.
2856 2611 2983 2686 551]
3004 2612 3099 2666 τοῦ
3120 2613 3334 2684 τείχους
3366 2614 3467 2684 τῆς
3492 2614 3638 2666 οἰκο-

2051 2704 2222 2774 δομῆς
2270 2706 2695 2777 ἐπιμεληθῆναι,
2730 2709 2827 2761 καὶ
2884 2708 3084 2770 κόπους
3118 2708 3343 2778 παρέξει
3388 2708 3454 2777 τῇ
3486 2704 3636 2759 πόλει

2056 2796 2147 2848 καὶ
2179 2797 2339 2850 πλέον
2358 2796 2511 2850 οὐδὲν
2536 2799 2647 2852 τῶν
2682 2800 2787 2868 πρὸ
2834 2797 3001 2853 αὑτοῦ
3046 2799 3175 2868 περὶ
3198 2797 3390 2851 τούτου
3420 2814 3637 2868 φροντι-

2058 2890 2269 2943 σάντων
2316 2890 2589 2961 ὀνήσειεν,
2646 2891 2733 2961 ἐφ’
2757 2892 2947 2961 ἕτερον
2984 2888 3126 2953 εἶδος
3171 2890 3475 2960 ἀσφαλείας
3511 2890 3637 2962 (καὶ

2053 2982 2250 3037 σκόπει
2296 2982 2413 3047 πῶς
2442 2984 2643 3052 εὐφυὲς
2692 2985 2785 3037 καὶ
2816 2983 3098 3057 ἁρμόδιον)
3126 2985 3218 3039 τὸν
3239 2982 3366 3038 νοῦν
3392 2982 3635 3054 μετηγά-

2055 3092 2203 3143 γετο.
2227 3076 2399 3141 Εἰδὼς
2418 3077 2527 3149 γὰρ
2545 3078 2621 3141 ὡς
2644 3077 2793 3132 ἅπαν
2822 3077 3211 3149 περικλύζεται
3238 3076 3299 3130 τὸ
3327 3075 3470 3129 κατὰ
3489 3075 3639 3129 νότον

2061 3173 2225 3243 μέρος
2251 3174 2351 3241 τῆς
2386 3175 2595 3238 πόλεως
2646 3175 2753 3228 ὑπὸ
2784 3175 2832 3208 ⁹⁰
2875 3175 2986 3228 τῶν
3042 3175 3355 3231 θαλασσίων
3405 3175 3637 3240 ὑδάτων,

2057 3268 2268 3321 ἐκεῖθεν
2298 3267 2353 3320 δὲ
2378 3267 2816 3338 προσπίπτοντος
2838 3268 2933 3322 τοῦ
2962 3269 3200 3339 πολέμου
3228 3268 3467 3341 εὐχερῶς
3497 3269 3639 3338 ἔχειν

2056 3361 2180 3423 τοὺς
2208 3361 2529 3431 Βαρϐάρους
2556 3364 2664 3417 πᾶν
2686 3362 2864 3417 ὁτιοῦν
2894 3363 3153 3433 βούλοιντ’
3174 3363 3240 3417 ἂν
3260 3367 3318 3416 ὲν
3348 3362 3497 3433 αύτῷ
3525 3363 3641 3417 δια-

2060 3452 2395 3521 πράξασθαι,
2432 3455 2661 3525 μηδενὸς
2686 3455 2992 3519 κωλύοντος
3031 3455 3228 3519 αὐτοὺς
3258 3456 3518 3527 ὑπεράνω
3542 3456 3640 3526 τῆς

2060 3545 2350 3616 οἰκοδομῆς
2414 3548 2670 3615 γενέσθαι
2703 3548 2798 3601 τοῦ
2859 3550 3075 3619 τείχους
3106 3550 3194 3603 διὰ
3240 3549 3302 3602 τὸ
3351 3551 3640 3620 πρόσγειον

2059 3636 2153 3691 καὶ
2175 3637 2603 3707 χθαμαλώτατον
2634 3640 2677 3672 ⁹¹
2706 3635 2848 3695 εἶναι
2869 3641 2969 3706 τάς
2996 3659 3056 3695 τε
3087 3642 3217 3711 νῆας
3248 3642 3449 3711 μᾶλλον
3473 3643 3643 3714 ὑπερ·-

2058 3727 2271 3799 ανέχειν
2334 3729 2399 3783 ἐκ
2454 3728 2549 3783 τοῦ
2584 3732 2728 3786 κατὰ
2787 3732 3045 3803 πρύμναν
3102 3732 3325 3803 μέρους,
3384 3733 3480 3787 καὶ
3534 3732 3642 3786 ἀπὸ

2063 3820 2340 3894 μετεώρου
2401 3823 2661 3880 δύνασθαι
2710 3826 2836 3890 τοὺς
2888 3824 2947 3877 ὲν
2979 3827 3101 3889 ταῖς
3152 3825 3444 3893 ἐπάλξεσιν
3480 3826 3641 3890 ὄντας

2061 3917 2549 3986 κατατιτρώσκειν,
2583 3918 2942 3973 ἐϐουλεύσατο
2969 3920 3225 3992 φραγμὸν
3253 3937 3377 3973 τινα
3422 3919 3516 3973 καὶ
3550 3938 3642 3975 τε·

2059 4008 2405 4080 τεχνημένην
2439 4011 2659 4081 ἐνέδραν
2685 4012 2743 4064 ὲν
2766 4013 2949 4074 αὐτοῖς
2975 4012 3246 4084 ἐγκρύψαι
3277 4016 3390 4077 τοῖς
3428 4014 3642 4080 ὕδασιν,

2067 4102 2141 4163 ὡς
2176 4101 2243 4155 ἂν
2273 4102 2367 4155 καὶ
2395 4104 2460 4173 τῇ
2491 4103 2643 4156 πόλει
2668 4104 2731 4157 τὸ
2758 4103 2999 4173 ἀσφαλὲς
3030 4107 3125 4159 καὶ
3152 4109 3266 4171 τοῖς
3297 4108 3512 4178 ἐχθροῖς
3541 4110 3643 4180 ἒμ-

2062 4196 2247 4248 πόδιον
2268 4197 2390 4249 κατ’
2415 4193 2548 4249 αὐτὸ
2574 4197 2821 4268 γένηται.
2862 4197 3054 4251 Πολλοὶ
3079 4198 3188 4268 γὰρ
3213 4194 3357 4271 ἦσαν
3388 4204 3452 4254 ὲκ
3487 4220 3634 4271 μονοο

2060 4286 2213 4341 λίθου
2240 4288 2610 4359 γεγλυμμένοι
2632 4290 2829 4360 τύμϐοι
2866 4291 3006 4346 κατά
3042 4309 3099 4344 τε
3120 4292 3182 4345 τὸ
3220 4292 3357 4361 πρὸς
3380 4293 3645 4367 ἀνατολὴν

2064 4383 2162 4437 καὶ
2182 4382 2335 4438 δύσιν
2365 4383 2529 4454 μέρος
2574 4383 2675 4456 τῆς
2705 4384 2935 4449 πόλεως,
2960 4387 3018 4437 ἑν
3039 4378 3121 4450 οἷς
3157 4385 3325 4439 πάλαι
3361 4388 3491 4452 τοὺς
3521 4388 3645 4441 ἑαυ-

375 4474 545 4512 mium
580 4462 919 4527 convehens,
956 4480 1019 4519 ac
1055 4467 1293 4523 mirabili
1320 4468 1556 4538 quodam
1578 4471 1834 4539 artiﬁcio,
1856 4488 1951 4529 cu.

2061 4475 2172 4529 τῶν
2196 4477 2427 4545 νεκροὺς
2459 4476 2510 4531 οι
2532 4477 2691 4544 τήνδε
2722 4476 3100 4541 κατοικοῦντες
3128 4478 3483 4548 ὲνεταιρίαζον
3518 4481 3648 4534 Ἐλ-

366 4548 455 4619 jus
488 4552 604 4621 ipse
640 4558 791 4608 solus
837 4558 940 4610 sibi
992 4568 1186 4615 auctor
1225 4564 1536 4630 exstiterat,
1586 4565 1642 4619 in
1674 4581 1826 4622 mare
1861 4565 1956 4622 de-

376 4658 653 4714 mergens,
689 4656 742 4702 et
778 4664 1046 4720 perparvo
1075 4652 1365 4709 intervallo
1402 4689 1435 4729 δ
1485 4688 1545 4729 δε
1579 4672 1839 4739 dissitas,
1879 4683 1963 4723 ον.

374 4762 501 4815 dine
519 4772 697 4820 tamen
715 4764 959 4835 digestos
985 4765 1131 4819 inter
1154 4780 1325 4834 aquas
1346 4775 1662 4838 contegens,
1685 4766 1962 4819 marinum

372 4856 653 4924 quoddam
684 4872 747 4913 ac
772 4874 911 4929 pene
938 4858 1253 4913 inauditum
1286 4863 1715 4923 munimentum,
1742 4874 1808 4913 eo
1841 4854 1964 4925 ipso

374 4962 534 5002 muro
566 4950 659 5018 qui
695 4950 763 5003 ad
814 4951 1185 5006 continentem
1221 4952 1416 5005 altiore
1446 4960 1723 5005 structura
1756 4949 1963 5007 emine-

375 5043 465 5094 bat
492 5043 726 5099 validius
757 5058 821 5097 ac
853 5046 1129 5111 securius,
1173 5043 1471 5099 artiﬁciosa
1504 5058 1634 5099 vere
1675 5042 1964 5099 sedulitate

377 5134 666 5187 condebat.
710 5134 773 5188 Et
814 5136 924 5204 jam
954 5152 1117 5205 opere
1155 5138 1455 5206 praestitum
1492 5135 1703 5202 fuisset,
1744 5149 1961 5190 omnem

378 5228 501 5282 urbi
535 5230 887 5284 securitatem
921 5243 1214 5298 praestans,
1247 5246 1371 5284 cum
1402 5238 1762 5298 nonpossent
1793 5242 1961 5285 naves

377 5324 651 5391 appellere
698 5338 950 5391 noxaque
991 5324 1179 5377 urbem
1213 5322 1449 5385 allicere,
1497 5324 1553 5375 ni
1602 5322 1704 5376 hoc
1740 5335 1961 5392 quoque

377 5425 603 5485 propter
644 5425 893 5470 uestram
926 5418 1333 5487 improbitatem
1369 5417 1736 5487 interruptum
1780 5415 1834 5470 in
1878 5414 1961 5469 ui-

378 5509 549 5565 hilum
575 5508 880 5566 recidisset.

2059 4569 2253 4641 ληνες·
2280 4570 2376 4634 οὓς
2401 4570 2495 4624 καὶ
2530 4572 2785 4639 συνάγων
2814 4571 2909 4625 καί
2939 4589 3047 4626 τινι
3090 4572 3380 4643 παραδόξῳ
3414 4574 3643 4646 μεθόδῳ,

2060 4666 2129 4737 ἢν
2153 4665 2317 4727 αὐτὸς
2352 4665 2512 4735 μόνος
2547 4664 2760 4736 ἐξεῦρε,
2790 4668 2857 4737 τῇ
2884 4664 3127 4739 θαλάσσῃ
3167 4666 3421 4736 βυθίζων,
3450 4668 3543 4721 καὶ
3571 4668 3648 4732 ὠς

2061 4758 2173 4813 ἀπὸ
2230 4758 2433 4831 μικροῦ
2485 4776 2636 4823 τινος
2693 4760 3067 4833 διαστήματος
3111 4763 3396 4832 στοιχηδὸν
3421 4760 3647 4824 τούτους

2063 4855 2178 4916 τοῖς
2203 4852 2392 4909 ὕδασιν
2413 4853 2769 4924 ἁποκρύϐων,
2794 4853 3087 4909 θαλάσσιόν
3102 4872 3155 4908 τι
3172 4857 3265 4910 καὶ
3295 4855 3445 4920 ξένον
3469 4855 3649 4929 ἔρυμα

2065 4945 2163 5002 καὶ
2189 4944 2283 5002 τοῦ
2318 4947 2455 5019 πρὸς
2482 4946 2615 5017 ὕψος
2641 4949 2708 5018 τῇ
2737 4948 2922 5019 χέρσῳ
2956 4948 3406 5021 προϐεϐλημένου
3436 4948 3649 5018 τείχους

2064 5038 2406 5110 ὀχυρώτερὸν
2430 5056 2489 5093 τε
2514 5039 2609 5095 καὶ
2638 5039 3048 5113 ἀσφαλέστερον
3072 5044 3141 5112 τῇ
3161 5040 3392 5112 ἀληθείᾳ
3427 5058 3649 5095 κατε-εει

2065 5133 2316 5205 χνάζετο.
2349 5132 2461 5187 Καὶ
2480 5134 2545 5203 δὴ
2572 5132 2669 5186 καὶ
2695 5134 2775 5197 εἰς
2802 5134 2963 5204 ἔργον
2986 5134 3052 5189 ἂν
3077 5133 3240 5205 ἐξέϐη
3262 5136 3443 5187 πᾶσαν
3475 5135 3645 5203 ἀσφά-

2062 5226 2218 5281 λειαν
2270 5226 2338 5297 τῇ
2394 5224 2549 5280 πόλει
2584 5225 3068 5295 περιποιούμενον,
3120 5226 3197 5290 ὡς
3227 5225 3360 5297 μηδὲ
3388 5223 3649 5281 δύνασθαι

2069 5322 2168 5383 τὰς
2221 5318 2355 5390 νῆας
2404 5318 2704 5389 πλησιάσαι
2764 5320 2826 5371 τὸ
2852 5320 3115 5391 παράπαν
3147 5318 3242 5374 καὶ
3289 5317 3389 5389 τῆς
3440 5318 3647 5372 ἑαυτῶν

2073 5411 2400 5484 μεταδοῦναι
2439 5407 2664 5481 βλάϐης,
2696 5412 2744 5464 ει
2777 5412 2852 5481 μὴ
2884 5412 2978 5464 καὶ
3008 5409 3169 5465 τοῦτο
3197 5410 3286 5465 διὰ
3316 5409 3417 5477 τὴν
3449 5412 3637 5480 μοχθη-

2076 5505 2201 5577 ρίαν
2240 5504 2398 5574 ήμῶν
2421 5502 2669 5576 ἐκωλύθη
2695 5506 2788 5557 καὶ
2816 5505 2898 5569 εις
2923 5504 3076 5560 οὐδὲν
3099 5503 3507 5578 προεχώρησεν.

1663 5640 1895 5697 ΥΛΒΙᾹΞ
1936 5636 2339 5698 ιεετιοδιεε.

456 5784 502 5815 ⁸⁸
526 5784 709 5840 τὸοω.
750 5782 805 5837 Ρ.
847 5785 892 5819 ⁸⁸
920 5785 1102 5847 abeat;
1133 5785 1595 5855 γεγυμνασμένος
1616 5783 1798 5853 ἱχουτι
1829 5780 1889 5836 Ρ.
1959 5781 2005 5815 ⁸⁸
2033 5782 2139 5835 ἀπὸ
2169 5777 2273 5834 ΑΡ.
2346 5784 2384 5812 -"'
2412 5782 2502 5835 καὶ
2538 5780 2964 5851 χθαμαλιὶιτατον
2995 5794 3103 5836 om.
3132 5777 3191 5834 Ρ.
