4066 6040
341 262 441 330 δη

1396 261 1497 324 DE
1528 258 1844 324 EXCIDIO
1872 257 2482 324 THESSALONICB

3497 257 3603 322 520

407 381 495 449 ιη’.
527 378 668 448 Ἤδη
698 377 807 449 γὰρ
840 377 967 449 περὶ
991 375 1058 429 τά
1087 376 1228 448 μέσα
1277 375 1504 432 πουτοῦ
1551 376 1912 442 κινδυνώδους

2088 379 2178 436 18.
2207 379 2345 435 Cum
2368 379 2515 436 enim
2551 391 2720 448 prope
2747 379 2860 446 jam
2896 381 3039 433 circa
3083 380 3324 435 medium
3361 379 3466 433 loci
3500 397 3602 450 pe-

335 474 498 528 cli-sou
519 470 862 542 πεφθακότος
897 469 994 527 τοῦ
1022 471 1266 526 τοιούτου
1288 471 1598 526 διαποντίου
1627 471 1910 544 φραγμοῦ,

335 567 429 621 ui.
466 569 649 621 πᾶσαν
706 564 863 637 ημῶν
895 563 1154 620 ὑπόνοιαν
1203 565 1467 634 ἐπίφοϐον
1511 566 1612 619 καὶ
1668 565 1916 637 πονηρὰν

319 661 752 726 ὑποτέμνοντος,
776 656 927 710 ῐκετό
971 672 1056 721 τις
1085 656 1294 729 ἕτερος.
1317 658 1413 712 καὶ
1440 656 1605 720 αὐτὸς
1634 657 1771 728 πρὸς
1815 655 1914 709 τοῦ

333 749 601 821 βασιλέως
625 750 924 821 πεμφθεὶς,
939 750 1032 803 τὸν
1059 750 1141 814 είς
1189 749 1350 804 τοῦτο
1373 750 1695 820 πεμφθέντα
1731 750 1778 782 ⁹¹
1809 750 1911 804 Πε-

333 840 550 912 spei-adv
591 839 907 904 σπουδαίως
949 842 1447 912 μεταπεμπόμενος
1496 842 1593 896 καὶ
1620 841 1719 914 τὴν
1751 858 1914 914 φρον-

331 931 450 988 τίδα
479 934 666 987 πᾶσαν
682 931 784 1003 τῆς
817 930 1029 997 πόλεως
1059 936 1141 997 είς
1163 933 1360 988 ἑαυτὸν
1388 934 1722 1005 μετατιθείς.
1759 936 1916 990 Λέων

330 1024 389 1078 δὲ
418 1019 574 1087 οὗτος
593 1022 873 1090 ἐκαλεῖτο,
911 1025 1096 1098 πάσης
1116 1026 1218 1096 τῆς
1260 1026 1577 1098 περιχώρου
1632 1043 1915 1100 προχειριο

329 1114 484 1182 σθεὶς
537 1117 848 1188 στρατηγὸς
903 1120 998 1173 καὶ
1053 1120 1236 1174 πᾶσαν
1263 1120 1590 1190 ἐπιμέλειαν
1638 1121 1753 1174 τῶν
1779 1123 1915 1194 πρὸς

330 1208 430 1279 τὴν
469 1208 516 1242 ⁸⁸
546 1208 731 1280 μάχην
751 1211 1229 1283 εὐτρεπιζομένων
1271 1213 1621 1283 πραγμάτων
1654 1214 1912 1280 ἀναδεξὰ-

335 1317 517 1371 μενος.
551 1295 622 1374 Ὦ
673 1303 770 1358 καὶ
795 1302 944 1371 εδοξε
969 1304 1067 1375 τὴν
1101 1305 1195 1360 τοῦ
1234 1305 1397 1377 ἔργου
1430 1307 1622 1360 τούτου
1653 1307 1918 1378 σχολάσαι

325 1395 475 1459 ’τέως
517 1395 799 1468 φροντίδα,
834 1395 1048 1451 καὶτοῦ
1082 1399 1299 1468 τείχους
1336 1398 1437 1470 τὴν
1499 1401 1792 1472 οίκοδομὴν
1830 1401 1908 1467 ἐξ·

330 1487 620 1544 ανύεσθαι.
653 1486 807 1558 ’Δμα
848 1491 957 1560 γὰρ
1007 1484 1133 1561 ἧκε,
1166 1492 1260 1545 καὶ
1283 1491 1599 1564 μεθίστησιν
1626 1493 1788 1558 εὐθὺς
1826 1495 1919 1548 τὸν

332 1579 506 1650 δῆμον
531 1580 749 1634 ἅπαντα
779 1580 870 1634 τὸν
899 1585 978 1644 είς
1010 1583 1166 1637 τοῦτο
1193 1585 1532 1654 τεταγμένον
1563 1583 1702 1657 πρὸς
1731 1587 1791 1639 τὸ
1819 1588 1917 1650 τάς

332 1671 612 1744 χρειώδεις
641 1671 774 1735 ὔλας
799 1677 914 1736 τοῖς
937 1675 1211 1745 τεχνίταις
1238 1677 1604 1746 ὲπικομίζειν,
1643 1678 1718 1740 ὡς
1750 1677 1818 1732 ἂν
1849 1682 1914 1750 τῇ

2023 471 2253 530 riculosi
2279 488 2377 545 per
2421 488 2573 530 mare
2618 472 2849 529 ductum
2892 475 3256 546 sepimcinum
3291 476 3600 530 istiusmodi

2018 567 2380 637 pervenisset,
2427 579 2761 638 omnemque
2812 567 2972 624 nobis
3021 578 3227 624 metum
3281 583 3346 623 ac
3406 569 3602 623 malam

2016 661 2391 732 suspicionem
2424 660 2653 726 levaret,
2689 661 2838 717 venit
2873 663 3012 715 alius
3042 661 3110 715 ab
3144 663 3333 716 eodem
3365 662 3606 732 impera-

2016 759 2140 808 tore
2170 752 2395 817 missus,
2425 751 2540 808 Lco
2572 755 2815 819 nomine,
2853 755 2948 824 qui
2982 754 3036 808 in
3066 769 3186 809 eam
3218 771 3330 811 rem
3369 757 3600 812 missum

2017 840 2312 899 Pctronam
2344 844 2457 899 cito
2491 856 2778 910 revocans,
2819 858 3037 898 omnem
3099 845 3256 916 511
3293 846 3347 900 in
3379 860 3440 902 se
3461 846 3605 902 civi-

2017 935 2147 990 tatis
2180 947 2372 990 curam
2395 934 2625 1005 recepit.
2663 936 2776 992 Leo
2807 936 2991 1008 itaque
3021 938 3268 993 ﬁnitima!
3303 940 3484 995 omnis
3513 955 3604 996 re-

2018 1025 2198 1096 gionis
2223 1039 2288 1080 ac
2314 1027 2611 1095 provincia:
2652 1037 2858 1098 praetor
2890 1039 3130 1094 creatus,
3164 1032 3455 1097 omnisque
3489 1031 3602 1085 bel-

2019 1117 2112 1172 lici
2139 1129 2438 1188 apparatus
2480 1131 2612 1173 cura
2675 1121 2727 1173 in
2765 1133 2839 1176 .sc
2883 1121 3173 1185 translata,
3224 1122 3392 1190 empti
3439 1120 3604 1191 hujus

2018 1209 2206 1280 operis
2256 1210 2498 1266 laborem
2567 1211 2787 1266 interim
2839 1206 3318 1268 intermittendum
3369 1215 3602 1284 putavit,

2021 1317 2303 1358 murorum
2334 1312 2530 1360 contra
2562 1304 2965 1360 exstructionis
3013 1319 3153 1376 opus
3185 1304 3601 1361 absolvendum.

2020 1395 2222 1450 Statim
2257 1398 2402 1452 enim
2433 1406 2600 1466 atque
2627 1397 2858 1468 appulit,
2888 1409 3104 1452 omnem
3134 1412 3258 1451 mox
3293 1397 3605 1452 multitudi-

2021 1502 2145 1543 nem
2179 1487 2233 1542 in
2267 1489 2368 1543 hoc
2393 1490 2754 1545 constitutam
2787 1491 2854 1544 ad
2901 1490 3270 1547 necessariam
3299 1489 3607 1548 artiﬁcibus

2022 1582 2305 1634 materiam
2331 1581 2740 1637 convehendam
2770 1581 3052 1645 transfert,
3079 1598 3187 1655 quo
3214 1583 3427 1637 scilicet
3456 1582 3608 1640 labo-

2023 1672 2264 1727 rantium
2321 1673 2679 1728 multitudine
2737 1682 2794 1728 et
2861 1675 3088 1745 capiosa
3157 1676 3602 1730 necessariarum

331 1761 654 1836 πολυχειρίᾳ
681 1766 845 1836 τυχὸν
860 1765 955 1818 καὶ
973 1769 1039 1837 τῇ
1063 1766 1173 1821 τῶν
1191 1767 1419 1822 δεόντων
1443 1768 1654 1839 δαψιλεῖ
1681 1771 1916 1842 χορηγία

2022 1779 2206 1818 rerum
2250 1764 2696 1834 suppeditatione
2724 1765 3154 1822 substructionis
3193 1781 3474 1821 murorum
3504 1766 3573 1822 de

331 1853 394 1909 τδ
426 1855 864 1928 σπουδαζόμενον
893 1857 978 1931 [Ρ.
1016 1858 1144 1934 332]
1194 1861 1275 1925 είς
1318 1861 1482 1934 ἔργον
1526 1863 1735 1931 ἄγοιτο.
1774 1863 1916 1934 Ἤδη

333 1945 436 2016 μὲν
465 1941 559 2000 οὖν
598 1946 880 2015 πάλιν,τά
922 1950 1021 2020 τῆς
1074 1950 1365 2021 οἰκοδομῆς
1417 1946 1486 2021 ἦν
1513 1953 1734 2023 ὲνεργῆ.
1775 1952 1917 2007 Ἀλλ’

328 2037 457 2094 ὅσον
495 2042 672 2095 ἐδόκει
727 2041 788 2094 τὸ
825 2042 961 2113 πρὸς
998 2041 1132 2112 ὕψος
1185 2045 1536 2115 ἐγειρόμενον
1583 2045 1675 2099 τοῦ
1699 2047 1918 2116 τείχους

328 2131 430 2204 την
493 2133 604 2187 τῶν
647 2135 908 2188 ἐναντίων
932 2136 1222 2207 ἀπείργειν
1283 2139 1577 2192 κακόνοιαν
1601 2178 1616 2203 ,
1653 2138 1919 2193 τοσοῦτον

332 2225 595 2297 ἔφαινετο
625 2227 688 2281 τὺ
718 2229 904 2282 λεῖπον
927 2231 1042 2293 τοῖς
1065 2229 1314 2292 πολίταις
1339 2231 1472 2302 ἡμῖν
1502 2231 1703 2295 παντὸς
1738 2230 1915 2287 κινδύ-

333 2335 426 2372 νου
474 2319 929 2391 καθυπεμφαῖνον
967 2322 1248 2377 ὑπόνοιαν.
1283 2323 1424 2379 Οΰτε
1448 2325 1558 2397 γάρ
1594 2326 1741 2381 am
1767 2327 1918 2399 διορ-

331 2410 577 2484 θωθῆναι
630 2413 875 2480 δυνατῶς
925 2411 1037 2486 εἷχε
1091 2416 1276 2489 πολλῴ
1324 2419 1918 2491 μήκειδιατεινὸμενον

333 2504 472 2579 πρὸς
502 2505 565 2559 τὸ
600 2507 794 2579 μηκέτι
835 2509 936 2578 τὴν
964 2507 1225 2574 ὲξάὗτοῦ
1255 2513 1547 2583 συμφορὰν
1604 2515 1750 2585 ἡμᾶς
1813 2515 1917 2568 ὐπ-

333 2599 609 2666 οπτεύειν,
648 2604 743 2656 καὶ
791 2605 820 2656 ὁ
865 2604 1056 2673 χρόνος
1104 2604 1205 2677 τὴν
1255 2605 1365 2659 τῶν
1417 2606 1695 2677 πολεμίων
1729 2609 1918 2678 ἔφοδον

336 2693 631 2762 ἀφεστάναι
666 2694 1122 2765 προεμαρτύρατο
1158 2697 1326 2764 μήπω
1365 2695 1460 2751 τοῦ
1520 2699 1688 2768 μέσου
1737 2699 1917 2770 χώρου

338 2786 434 2857 τῆς
457 2786 748 2857 οίκοδομῆς
777 2788 1086 2858 ἁψαμένης,
1111 2788 1171 2854 ἐξ
1194 2780 1256 2842 οὗ
1284 2790 1382 2844 καὶ
1435 2790 1534 2862 τὴν
1577 2790 1784 2863 βλάϐην
1817 2796 1920 2846 ὑπ-

343 2877 722 2950 ωηευὸμεθα.
753 2879 1034 2947 Ἀγγελίαι
1058 2881 1126 2948 γά
1138 2898 1168 2952 ρ
1187 2881 1295 2936 τῶν
1316 2883 1597 2954 προτέρων
1616 2883 1921 2955 φοϐερώτε-

339 2991 429 3044 ραι
454 2975 553 3051 κα)
594 2978 918 3046 συχνῦτεραι
952 2974 1050 3038 τὰς
1079 2977 1336 3031 ἁπάντων
1369 2977 1525 3048 ἡμῶν
1560 2979 1730 3042 ἀκοὰς
1761 2997 1916 3051 περιο

2021 1855 2285 1912 atinatum
2318 1870 2460 1926 opus
2480 1853 2738 1912 efﬁceret.
2772 1854 2893 1912 Jam
2930 1859 3115 1928 itaque
3145 1857 3274 1913 huic
3301 1857 3454 1928 Operi
3479 1856 3608 1912 diiip-

2019 1950 2200 2021 gentia
2236 1949 2566 2015 habebatur,
2588 1951 2777 2020 reique
2811 1949 3106 2005 instabant.
3131 1949 3404 2016 Quantum
3429 1952 3605 2006 enim-

2019 2056 2150 2098 veru
2174 2041 2426 2098 sublatus
2475 2045 2530 2096 in
2565 2042 2736 2096 altum
2769 2056 2961 2098 murus
3002 2041 3241 2098 hostium
3270 2042 3603 2098 destinatam

2020 2134 2287 2189 malitiam
2316 2149 2506 2191 arcere
2555 2135 2866 2200 videbatur,
2911 2142 3122 2189 tantum
3174 2136 3334 2190 nubis
3364 2137 3603 2199 civibus.

2018 2225 2169 2299 quod
2219 2227 2343 2298 ejus
2392 2230 2664 2298 reliquum
2708 2237 2852 2294 erat,
2885 2230 3014 2283 mali
3049 2230 3251 2285 ominis
3281 2246 3344 2284 ac
3372 2230 3601 2300 periculi

2019 2321 2391 2392 suspiciOnem
2426 2336 2762 2391 sensumque
2782 2323 3100 2391 conjectura
3143 2323 3287 2377 haud
3318 2323 3420 2377 levi
3453 2325 3607 2393 inge-

2022 2414 2197 2469 rebat.
2226 2411 2344 2469 Non
2367 2416 2508 2468 enim
2538 2422 2708 2480 totus,
2737 2414 2790 2467 in
2828 2414 3222 2484 longitudinem
3256 2416 3478 2468 nitniam
3505 2431 3603 2470 ex-

2020 2522 2249 2578 pansus,
2309 2508 2382 2561 ita
2417 2507 2661 2577 reparari
2695 2515 2910 2576 poterat
2960 2515 3018 2560 ut
3071 2521 3291 2560 onmem
3346 2506 3606 2576 deinceps

2019 2612 2348 2673 exspectatas
2376 2615 2440 2655 ex
2470 2615 2536 2657 eo
2570 2601 2741 2655 cladis
2770 2600 3022 2656 timorem
3053 2599 3328 2667 auferret;
3361 2608 3606 2670 tempus-

2021 2709 2126 2764 que
2158 2692 2267 2764 jam
2303 2708 2475 2763 prope
2515 2692 2755 2748 hostium
2799 2692 3160 2762 irruptionem
3202 2692 3407 2747 instare
3435 2701 3606 2748 testa-

2020 2786 2203 2850 batur,
2235 2801 2360 2840 cum
2403 2785 2634 2841 necdum
2690 2794 2972 2840 structura
3001 2785 3239 2838 medium
3290 2785 3470 2855 ipsum
3518 2786 3601 2838 lo-

2021 2895 2145 2933 cum
2180 2881 2474 2948 attigisset,
2508 2895 2571 2935 ex
2609 2895 2721 2950 quo
2769 2880 2928 2935 nobis
2956 2887 3274 2948 suspectum
3309 2879 3512 2932 malum
3551 2887 3605 2930 et

2021 2974 2252 3027 exitium
2304 2974 2467 3027 foret.
2519 2972 2703 3028 Nuntii
2737 2972 2881 3028 enim
2928 2971 3203 3041 prioribus
3247 2971 3606 3025 terriliiliorcs

333 3067 619 3139 εθρύλουν,
648 3067 743 3122 καὶ
770 3070 897 3129 τοὺς
925 3067 1245 3138 Βαρδάρους
1277 3067 1517 3138 ἐγγίζειν
1547 3072 1645 3142 ήδη
1678 3074 1736 3126 τὸ
1772 3075 1916 3126 πλεῖ-

2023 3080 2086 3120 ac
2109 3066 2417 3121 crebriores
2455 3076 2704 3121 nostrum
2737 3065 2981 3119 omnium
3017 3080 3178 3119 aures
3202 3063 3602 3127 ohtuiidebant,

334 3175 462 3213 στον
512 3157 608 3212 τοῦ
644 3159 805 3222 πλοὸς
837 3159 1218 3223 διανύσαντας.
1260 3161 1373 3214 Οὐκ
1400 3157 1469 3232 ἦν
1519 3162 1626 3232 γὰρ
1653 3164 1787 3216 ὅπου
1823 3166 1916 3217 καὶ

2020 3157 2244 3226 jamque
2294 3158 2560 3212 barbaros
2611 3171 2779 3227 prope
2825 3157 3135 3219 imminere,
3181 3155 3415 3209 maxima
3452 3164 3607 3225 parte

331 3254 475 3322 πρὸς
507 3251 702 3322 μικρὸν
726 3252 924 3316 αὐτοὺς
953 3252 1310 3322 ἐμϐραδῦναι.
1338 3253 1428 3308 διὰ
1456 3255 1518 3308 τὸ
1546 3256 1645 3319 τάς
1671 3259 1919 3320 πλείονας

329 3348 534 3418 νήσους
581 3345 675 3398 ὑπ’
728 3344 908 3398 αὐτῶν
959 3346 1500 3418 προεκπορθηθῆναι,
1532 3350 1750 3414 καὶτὰς
1784 3352 1921 3420 πρὸς

329 3435 618 3491 θάλασσαν
638 3435 866 3505 ἐχούσας
900 3437 1084 3501 πόλεις
1111 3438 1210 3509 τὴν
1246 3439 1462 3511 οἴκησιν
1489 3443 1553 3512 τῇ
1580 3441 1921 3512 καταπλήξει

331 3531 480 3602 μόνῃ
514 3532 614 3599 τῆς
652 3530 823 3598 ἀκοῆς
849 3529 1033 3583 αὐτῶν
1059 3531 1195 3601 πρὸς
1215 3531 1400 3602 φυγὴν
1439 3534 1798 3602 ἐκτραπῆναι,
1825 3536 1918 3587 καὶ

330 3623 512 3694 μηδὲν
545 3622 812 3692 ὑπάρχειν
838 3622 866 3675 ὃ
903 3622 1002 3692 τὴν
1017 3624 1197 3693 ὁρμὴν
1221 3625 1398 3679 αὐτῶν
1427 3625 1460 3696 ἢ
1485 3628 1581 3696 τὴν
1610 3626 1716 3680 τῶν
1740 3628 1920 3682 ὃπλων

329 3716 622 3787 συνέχειαν
657 3715 910 3786 ἐξαρκεῖν
941 3718 1250 3786 ὑπομεῖναι.
1302 3717 1581 3790 Τέτταρας
1637 3720 1746 3792 γὰρ
1779 3721 1918 3789 ὁμοῦ

328 3811 440 3864 καὶ
483 3811 823 3880 πεντήκοντα
870 3811 970 3873 τὰς
1032 3812 1375 3882 βαρϐαρικὰς
1429 3807 1571 3866 εἶναι
1625 3816 1919 3884 προέλεγον

326 3907 498 3974 νῆας,
521 3904 675 3956 οὐδὲν
695 3897 862 3975 ἧττον
883 3904 1093 3968 πόλεως
1126 3906 1362 3974 ἑκάστης
1389 3906 1568 3960 αὐτῶν
1594 3908 1674 3978 τῷ
1696 3908 1919 3979 μεγέθει

325 3995 438 4048 καὶ
468 3993 804 4058 ταῖς-ἄλλαις
838 3997 1207 4057 κατασκευαῖς
1238 3997 1637 4067 τυγχανούσης,
1674 3999 1733 4050 ἐν
1765 3994 1850 4062 αἶς
1873 3999 1920 4031 ’⁸

323 4084 400 4158 ἦν
429 4089 728 4158 παμμιγὴς
761 4103 848 4150 τις
883 4087 1039 4156 δχλος
1076 4089 1534 4159 ἀπονενοημένων
1584 4092 1679 4144 καὶ
1711 4108 1917 4160 μανιω-

325 4182 468 4248 δῶν,
497 4181 607 4235 τῶν
636 4197 696 4234 τε
719 4179 819 4245 τὴν
849 4180 1048 4252 Συρίαν
1075 4180 1386 4252 οἰκούντων⁴
1425 4183 1783 4252 Ἰσμαηλιτῶν
1823 4185 1919 4238 καὶ

324 4275 449 4329 τῶν
476 4273 821 4345 ὁμορούντων
850 4272 1170 4338 Αίγυπτίοις
1195 4272 1495 4340 Αἰθιόπων,
1516 4276 1732 4328 πάντων
1756 4278 1915 4348 αἱμο-

324 4369 519 4437 εόρων
553 4365 650 4419 καὶ
678 4364 1136 4442 θηριογνωμόνων
1163 4365 1486 4435 ἀνθρώπων,
1509 4366 1712 4439 πολλὴν
1740 4368 1837 4438 τὴν
1858 4369 1917 4421 ὲν

2023 3250 2389 3319 navigationis
2425 3251 2535 3303 illis
2588 3251 2822 3319 expleta.
2864 3247 3053 3318 Neque
3087 3248 3234 3302 enim
3285 3257 3404 3301 erat
3455 3246 3604 3318 quod

2021 3341 2106 3396 vel
2140 3343 2424 3395 minimum
2453 3343 2535 3398 eis
2566 3357 2749 3398 moras
2780 3341 3051 3409 injiceret,
3081 3356 3206 3396 cum
3237 3339 3349 3408 jam
3385 3340 3597 3410 pleras-

2023 3448 2130 3504 que
2181 3434 2393 3489 insulas
2451 3434 2695 3502 pOpulati
2723 3441 2934 3497 essent,
2988 3434 3262 3502 urbesque
3314 3432 3605 3485 maritima:

2023 3528 2138 3581 sola
2165 3527 2386 3580 auditus
2419 3542 2608 3582 eurum
2642 3528 3090 3582 consternatione
3111 3525 3272 3596 512
3303 3539 3367 3580 ac
3401 3540 3605 3596 pavore

2023 3619 2206 3692 fugam
2243 3622 2624 3692 arripuissent,
2657 3622 2906 3691 nihilque
2930 3629 3074 3676 esset
3105 3620 3251 3690 quod
3278 3634 3470 3674 eorum
3501 3621 3602 3672 im-

2023 3728 2206 3785 petum
2240 3715 2544 3772 subsistere
2577 3728 2672 3770 aut
2709 3717 3080 3784 constipatam
3123 3716 3296 3768 aciem
3326 3715 3602 3769 susunere

2021 3819 2227 3878 posset.
2274 3808 2524 3875 Quatuor
2566 3809 2716 3865 enim
2768 3825 2936 3880 supra
2989 3808 3392 3878 quinquaginta
3434 3805 3601 3861 simul

2021 3917 2144 3957 esse
2203 3902 2520 3956 barbaricas
2574 3917 2742 3959 naves
2796 3903 3148 3965 nuntiabant,
3199 3916 3323 3972 quae
3371 3899 3601 3969 singulae

2022 3993 2253 4048 urbibus
2285 3992 2664 4062 magnitudine
2694 4007 2758 4047 ac
2787 3993 3003 4062 reliquo
3049 4000 3311 4062 apparatu
3345 4007 3600 4060 exaequa-

2021 4087 2240 4152 bantur,
2279 4087 2331 4140 in
2368 4087 2570 4156 quibus
2604 4087 2917 4158 promiscua
2959 4102 3287 4140 vesanorum
3316 4086 3597 4139 hominum

2022 4194 2086 4234 ac
2117 4176 2414 4233 furentium
2466 4179 2626 4233 turba
2677 4180 2986 4244 veheretur,
3021 4189 3134 4234 tum
3175 4177 3596 4244 lsrnaclitaruni,

2020 4271 2116 4342 qui
2172 4269 2386 4341 Syriam
2440 4272 2774 4336 inhabitant,
2830 4284 2944 4328 tum
2999 4272 3318 4341 Aithiupum
3365 4270 3600 4342 Aegypto

2023 4367 2340 4431 confinium,
2371 4378 2731 4424 cruentorum
2768 4369 3019 4424 omnium
3057 4368 3357 4436 lerinisque
3400 4369 3596 4420 animis

323 4464 447 4522 τοῖς
507 4458 690 4529 φόνοις
741 4460 1057 4529 ἀπιστήμην
1118 4458 1509 4528 ἐξησκημένων
1542 4461 1638 4512 καὶ
1672 4464 1792 4523 ταῖς
1818 4461 1912 4531 λῃ-

2020 4469 2184 4530 atque
2214 4460 2395 4516 indole
2438 4461 2819 4531 praditorum,
2856 4462 2948 4531 qui
2993 4461 3226 4516 caedium
3259 4474 3381 4516 arte
3420 4459 3598 4530 pluri-

327 4553 588 4624 στρικαϊς
617 4552 881 4614 ἐπινοίαις
910 4552 1009 4613 τάς
1049 4551 1265 4619 σφαγὰς
1304 4551 1816 4621 ὲμμελετησάντων,
1841 4553 1916 4617 ὡς

329 4649 412 4717 μὴ
439 4643 702 4698 δύνασθαί
737 4661 860 4697 τινα
892 4643 998 4697 κᾶν
1041 4644 1176 4714 ἀκοῇ
1216 4643 1314 4712 τὴν
1355 4643 1565 4696 τούτων
1595 4644 1915 4709 ειδέξασθαι

327 4743 555 4812 πεῐραν,
594 4738 731 4792 ἀλλά
757 4738 1010 4791 σπεύδειν
1031 4737 1260 4791 ἕκαστον
1293 4738 1600 4808 ὑποχωρεῖν
1636 4740 1739 4808 τῆς
1762 4741 1915 4807 ὲνεγ-

327 4832 601 4900 καμένης,
621 4831 866 4900 κρεῖττον
890 4827 1194 4899 ἡγούμενον
1211 4827 1308 4898 τὴν
1329 4829 1468 4896 μετά
1491 4829 1678 4900 θηρῶν
1705 4831 1915 4900 ἀγρίων

327 4927 390 4977 ἰν
423 4926 541 4985 τοῖς
573 4921 758 4993 ὄρεσιν
785 4919 1000 4991 οίκησιν
1029 4920 1062 4991 ἢ
1093 4921 1152 4973 τὸ
1183 4920 1274 4973 ὑπ’
1316 4920 1496 4974 αὐτῶν
1523 4920 1792 4992 ληφθῆναι
1824 4924 1914 4975 καὶ

329 5017 678 5072 πολυὼδυνον
703 5014 1114 5082 ἀπενέγκασθαι
1138 5013 1391 5069 θάνατον.

405 5200 495 5254 ιθ’.
523 5199 670 5271 Πλὴν
697 5199 757 5253 ἐν
793 5198 1003 5263 τούτοις
1053 5198 1262 5253 τούτων
1292 5199 1526 5268 ἐχόντων
1558 5197 1723 5250 πάλιν
1753 5196 1911 5266 φοὸεο

335 5291 574 5366 ρέηερός
615 5309 699 5353 τις
729 5291 838 5345 τῶν
990 5289 1297 5360 λεχθέντων
1317 5287 1635 5359 ἐξελήλυθεν
1656 5289 1909 5356 ἄγγελος,

331 5387 444 5439 τῶν
482 5387 528 5416 ’⁵
581 5381 882 5454 Βαρϐάρων
927 5384 1025 5451 τὴν
1073 5381 1260 5449 ἔφοδον
1309 5381 1699 5453 πλησιέστερον
1748 5381 1915 5436 οὖσαν

332 5477 510 5530 ἅπασι
562 5471 1128 5545 προδηλῶν.Νικήτας
1154 5472 1209 5527 δὲ
1236 5467 1390 5535 οὗτος
1414 5472 1682 5537 ἐκαλεῖτο,
1715 5489 1915 5542 στρατ-

332 5569 470 5640 ητδς
509 5569 609 5638 τὴν
644 5565 802 5632 ἀξίαν
857 5568 951 5621 καὶ
987 5565 1088 5638 την
1119 5567 1178 5619 εν
1215 5568 1330 5630 τοῖς
1367 5564 1734 5637 βουλεύμασιν
1753 5567 1916 5619 εὐτα-

2020 4569 2168 4608 mum
2207 4555 2492 4609 exercitati
2528 4563 2735 4620 essent,
2781 4555 3203 4624 latrociniisque
3255 4554 3385 4610 olim
3425 4550 3598 4607 dediti

2021 4645 2126 4701 fusi
2163 4662 2358 4702 noxam
2387 4649 2598 4703 cruoris
2619 4649 2882 4718 necisque
2906 4649 3148 4703 studium
3183 4665 3347 4706 omne
3369 4653 3601 4710 habuis-

2020 4747 2164 4804 sent,
2196 4748 2256 4793 ut
2287 4757 2389 4795 nec
2417 4742 2501 4797 vel
2531 4741 2724 4796 auditu
2754 4757 2942 4799 eorum
2975 4744 3263 4814 quisquam
3299 4747 3599 4815 periculum

2019 4829 2297 4886 sustinere
2342 4841 2548 4901 posset,
2581 4832 2676 4888 sed
2709 4833 2914 4904 singuli
2954 4835 3159 4905 quique
3196 4835 3396 4893 festiue
3424 4842 3599 4908 patria

2021 4923 2369 4988 excederent,
2396 4924 2825 4996 quibus-potius
2866 4935 3013 4983 esset
3061 4929 3114 4981 in
3149 4932 3430 4986 montibus
3473 4949 3596 4987 cum

2021 5013 2156 5071 feris
2206 5016 2398 5072 bestiis
2432 5018 2678 5074 habitare
2710 5034 2876 5090 quam
2917 5031 2978 5076 ut
3012 5019 3081 5075 ab
3113 5024 3196 5077 eis
3226 5024 3369 5094 capti
3397 5041 3598 5081 mrum-

2023 5123 2157 5162 nosa
2191 5117 2370 5164 morte
2397 5109 2627 5182 diroque
2659 5115 2904 5169 cruciatu
2933 5115 3200 5185 perirent.

2095 5201 2181 5256 l9.
2236 5200 2501 5258 Cancrum
2557 5204 2721 5262 rebus
2772 5221 2832 5262 se
2877 5209 2950 5262 ita
3008 5206 3357 5274 habentibus,
3403 5226 3598 5270 rursus

2020 5292 2163 5347 alius
2196 5294 2421 5349 nuntius
2452 5295 2759 5365 dictusjam
2800 5311 2864 5350 ac
2888 5299 3261 5366 superioribus
3295 5303 3597 5354 terrihiiior

2018 5384 2184 5448 venit,
2216 5383 2486 5441 Barbaros
2517 5402 2681 5456 quam
2707 5389 2956 5457 proxime
2984 5389 3177 5445 adesse
3207 5391 3466 5446 omnibus
3504 5409 3591 5444 re-

2021 5475 2459 5534 ferens-Nicetes
2516 5496 2714 5536 nomen
2757 5480 2900 5549 fuit;
2947 5485 3043 5553 qui
3093 5495 3151 5537 ut
3188 5485 3471 5555 dignitate.
3511 5491 3590 5542 sic

2021 5567 2269 5624 consiliis
2298 5573 2673 5640 componendo
2703 5572 2939 5631 civitatis
2968 5576 3159 5632 ordine
3183 5576 3288 5632 dux
3318 5587 3452 5634 crat.
3479 5579 3590 5634 Suo

1618 5653 1854 5713 VARle
1908 5657 2315 5716 LECTIONES.

385 5751 438 5786 ’³
474 5753 736 5823 ταχθέντα
757 5755 823 5809 Α.
903 5751 949 5784 ’³
977 5751 1074 5820 τὴν
1098 5749 1159 5806 Ρ.
1273 5749 1318 5782 ⁸⁸
1346 5743 1425 5813 οἷς
1450 5748 1511 5807 Ρ.

1598 5753 1645 5784 ’⁸
1666 5750 1775 5806 τῶν
1792 5760 1916 5812 ante
1943 5750 2113 5825 Βαρσ.
2150 5767 2260 5810 om.
2311 5753 2371 5810 P.
