4066 6040
489 193 598 264 551

1733 192 2071 256 JOANNES
2106 191 2541 253 CAMENIATA

3649 187 3754 253 552

475 329 522 368 ts
556 325 781 366 accessu
829 324 988 380 opem
1037 324 1097 364 sc
1148 309 1268 363 urbi
1311 307 1607 362 allaturum
1659 306 2058 378 pollicebatur;

2169 303 2293 369 ξίαν
2322 303 2387 358 ⁸⁸.
2425 299 2596 369 Uine;
2626 301 2796 358 ἐλθὼν
2834 300 3215 374 συνεπαμῦναι
3260 318 3325 373 τῃ
3357 301 3507 354 πόλει
3544 317 3747 371 κατηγ-

473 403 541 456 ad
577 399 680 455 hoc
711 402 856 454 enim
886 400 1065 455 aiebat
1097 413 1158 453 se
1183 399 1434 465 venisse;
1467 413 1531 452 ac
1555 397 1599 452 si
1622 397 1756 469 quid
1785 395 2057 468 agendum

472 504 641 558 esset,
695 494 761 547 ad
821 494 1008 547 omnia
1066 507 1124 547 se
1166 498 1416 561 paratum
1475 490 2056 547 alIlrmabat.Verum—

472 585 755 640 enimvero
788 599 1030 655 peream
1064 585 1281 639 interim
1320 597 1639 653 suspensam
1681 582 1921 638 hostium
1965 597 2060 638 ex-

472 678 893 749 spectationem,
929 679 1315 734 scandalorum
1348 677 1590 731 auctoris
1623 691 1689 730 ac
1731 675 2057 747 nequissimi

476 769 637 842 513
688 771 956 826 daemonis
1000 752 1478 835 machinamento,
1529 769 1800 840 ejusmodi
1852 768 2061 840 aliquid

473 865 691 929 accidit,
715 875 778 919 ut
800 879 995 934 nempe
1028 864 1282 920 laudatus
1299 872 1518 934 praeter,
1545 864 1676 920 dum
1711 865 1766 918 in
1789 863 2059 930 Nicetam,

471 957 566 1027 qui
605 970 780 1026 nuper
804 954 1104 1011 advenerat
1132 955 1152 1026 (
1180 955 1272 1011 ubi
1308 964 1423 1010 tum
1465 958 1512 1011 is
1531 955 1870 1013 exstruendo
1901 969 2061 1013 muro

472 1061 695 1117 operam
729 1046 916 1118 dabat)
956 1062 1099 1118 equu
1130 1048 1378 1103 insidens
1410 1046 1716 1113 incidisset,
1745 1056 1800 1104 et
1834 1063 1959 1104 cum
1993 1064 2061 1106 eo

471 1141 634 1209 quasi
657 1140 837 1195 amico
860 1151 1187 1196 consuetam
1211 1141 1415 1196 mutuis
1441 1142 1821 1211 complexibus
1849 1143 2059 1199 saluta-

473 1231 680 1287 tionem
731 1231 1008 1302 complere
1056 1233 1235 1289 visum
1278 1241 1444 1294 esset.
1491 1233 1610 1304 ipso
1659 1251 1880 1306 quoque
1915 1251 2060 1306 equo

474 1320 768 1390 insidente,
808 1337 910 1378 nec
938 1331 1099 1380 caute
1140 1323 1277 1380 satis
1323 1323 1477 1380 frena
1514 1335 1706 1381 tenens
1731 1366 1745 1392 ,
1777 1328 1898 1381 diro
1928 1344 2059 1384 casu

475 1414 773 1485 multisque
820 1413 1083 1486 lacrymis
1115 1412 1502 1486 prosequendo
1556 1415 1872 1469 lzederetur.
1923 1413 2059 1470 Nam

475 1506 753 1562 obturbati
780 1507 929 1577 equi,
963 1517 1017 1561 et
1043 1509 1336 1562 immanius
1372 1507 1415 1563 is
1457 1522 1566 1577 quo
1601 1510 1719 1577 ipSe
1759 1508 2059 1574 ferebatur,

475 1597 709 1652 naturali
748 1598 932 1656 furore
968 1600 1232 1670 percitus,
1270 1599 1495 1655 reducta
1541 1602 1754 1657 cervice
1792 1609 1955 1672 atque
1991 1602 2063 1656 ri-

474 1696 599 1768 gide
625 1707 807 1751 erecta
849 1697 979 1767 juba
1008 1739 1022 1761 ,
1054 1706 1266 1752 rectum
1301 1711 1422 1752 sese
1447 1697 1745 1754 sustollens
1776 1714 1901 1754 eum
1932 1697 2064 1755 sede

474 1787 717 1859 expulit,
751 1790 842 1859 qui
871 1804 964 1858 per
985 1787 1215 1842 caudam
1247 1788 1542 1843 devolutus
1570 1797 1622 1842 et
1653 1789 1707 1843 in
1728 1788 1907 1844 colum
1940 1803 2065 1860 pro»

475 1889 704 1945 stratus,
736 1895 874 1936 coxa
906 1880 1100 1935 dextra
1126 1889 1181 1934 et
1208 1881 1358 1935 circa
1382 1881 1615 1952 cotylem
1648 1883 1908 1938 membris
1945 1883 2063 1938 col-

475 1972 618 2034 lisis,
647 1974 718 2026 ita
751 1973 947 2027 misere
979 1971 1201 2027 habitus
1223 1978 1307 2026 est
1339 1982 1397 2026 ut
1423 1983 1476 2027 et
1505 1973 1572 2026 de
1594 1973 1699 2027 vita
1722 1974 1838 2044 ipsa
1863 1975 2062 2047 despe-

477 2073 642 2120 raret.
707 2063 845 2118 Eum
907 2064 1163 2120 militaris
1217 2065 1463 2120 cohortis
1508 2065 1815 2134 satellites,
1874 2069 2061 2122 statim

475 2157 730 2212 manibus
755 2159 1058 2222 sublatum,
1081 2158 1305 2213 domum
1341 2159 1709 2226 adduxerunt,
1737 2159 1965 2222 nullam,
2003 2166 2065 2214 ut

478 2265 578 2321 par
613 2262 734 2316 est,
773 2251 1031 2322 deinceps
1066 2267 1258 2306 eorum
1304 2267 1425 2322 qua:
1464 2251 1520 2305 in
1573 2253 1825 2308 manibus
1872 2260 2064 2308 essent

473 2359 665 2397 curam
712 2343 1047 2398 habiturum.
1090 2343 1314 2400 Iacebat
1353 2344 1539 2414 itaque
1581 2345 1662 2397 vir
1702 2344 2061 2399 intolerandis

477 2436 703 2493 affectus
750 2439 1055 2505 doloribus,
1112 2440 1367 2494 nesciens
1408 2437 1499 2493 cui
1540 2439 1778 2508 primum
1818 2439 2061 2493 animum

476 2531 779 2586 adhiberet.
813 2529 1089 2586 Trahebat
1127 2532 1274 2585 enim
1310 2533 1492 2600 ipsum
1546 2533 1885 2588 imminentis
1920 2533 2061 2603 peri-

474 2621 583 2675 culi
632 2624 972 2688 sollicitudo,
1000 2626 1275 2692 quomodo
1306 2639 1482 2694 quave
1521 2626 1734 2680 ratione
1769 2624 1959 2679 urbem
1995 2625 2066 2680 ab

477 2715 761 2770 inrasione
795 2716 1162 2772 Barbarorum
1195 2726 1366 2772 tutam
1402 2727 1647 2774 servaret
1677 2736 1691 2787 ;
1724 2721 1898 2789 magis
1934 2733 2064 2772 vero

473 2816 667 2863 contra
700 2810 954 2865 trahebat
980 2811 1048 2865 ad
1075 2826 1245 2882 seque
1275 2812 1590 2867 retrahebat
1619 2814 1925 2868 acerrimus
1957 2812 2063 2866 do-

477 2897 560 2954 lor
588 2910 642 2954 et
679 2902 1046 2958 membrorum
1083 2902 1328 2958 fractura
1353 2943 1368 2966 .
1403 2920 1526 2974 qua:
1567 2915 1796 2959 mortem
1835 2905 2060 2958 minita-

2159 398 2330 467 γυάτο
2363 397 2464 468 (είς
2490 397 2649 451 τοῦτο
2690 397 2799 469 γάρ
2821 394 3018 466 ⁹ἔλεγεν
3065 395 3340 467 ἀφῖχθαι),
3362 397 3457 448 καὶ
3481 396 3536 448 εί
3557 413 3610 448 τι
3638 395 3746 448 δέοι

2159 492 2450 563 πράττεινς
2508 489 2744 562 ἑτοίμως
2799 490 2943 563 ἔχειν
2997 489 3414 546 καθυπετίθετο.
3476 489 3625 560 Πλὴν
3670 489 3749 543 ὅτι

2163 579 2368 650 συνέϐη
2387 598 2442 636 τι
2466 582 2559 636 καὶ
2583 581 2829 636 τοιοῦτον
2855 583 3116 652 γενέσθαι
3148 580 3356 653 μεταξὺ
3385 582 3485 649 τῆς
3519 581 3752 650 προσδο-

2161 671 2287 738 κίας
2328 672 2439 729 τῶν
2487 673 2764 745 πολεμίων
2797 675 2856 742 ἐξ
2885 675 3133 736 ἐπινοίας
3175 672 3270 726 τοῦ
3309 669 3750 743 σκανδαλουργοῦ

2164 770 2258 822 καὶ
2320 768 2694 839 πονηροτάτου
2740 767 3021 838 δαῖμονος.
3091 767 3151 821 '0
3209 764 3320 837 γὰρ
3380 766 3483 838 ἤδη
3538 764 3754 835 λεχθεὶς

2165 861 2471 934 στρατηγὸς
2517 860 2695 933 τούτῳ
2745 860 2810 932 δὴ
2842 859 2920 930 τῷ
2949 862 3148 915 νεωστὶ
3187 859 3621 931 παραγενομένῳ
3653 857 3756 912 Νι-

2163 954 2307 1024 κήτᾳ
2355 953 2522 1007 αὑτοῦ
2572 953 2656 1026 [Ρ.
2686 951 2817 1026 535]
2855 971 2959 1007 που
3016 949 3147 1024 περὶ
3193 952 3296 1022 τὴν
3334 949 3628 1022 οίκοδομὴν
3654 949 3750 1004 τοῦ

2161 1047 2376 1117 τείχους
2423 1047 2546 1102 κατ’
2606 1047 2782 1119 ἀρχὰς
2817 1044 3057 1117 ἐντυχὼν
3079 1046 3240 1123 ἢίππῳ
3295 1045 3644 1116 ἐφεζόμενος,
3677 1043 3755 1109 ὡς

2161 1134 2262 1207 τὴν
2289 1136 2497 1209 συνήθη
2533 1136 2670 1209 πρὸς
2718 1137 2812 1192 τὸν
2872 1138 3028 1207 φίλον
3057 1136 3238 1204 ἔδοξεν
3290 1135 3644 1208 ἐκπληρῶσαι
3673 1134 3753 1203 τῷ

2162 1228 2443 1300 ἀσπασμῷ
2467 1231 2867 1301 προσηγορίαν,
2891 1230 2988 1286 καὶ
3017 1231 3182 1284 αὑτὸν
3211 1232 3363 1302 ἵππῳ
3391 1230 3436 1262 ’⁸⁷
3459 1229 3755 1300 ἐγκαθεζό-

2167 1336 2349 1392 μενον,
2407 1322 2501 1375 τοῦ
2559 1323 2795 1394 ῥυτῆρος
2856 1324 3143 1394 ἀμελήσας
3203 1322 3379 1377 δεινόν
3427 1339 3480 1376 τι
3512 1322 3752 1376 πέπονθε

2164 1414 2397 1484 πρᾶγμα
2421 1414 2517 1468 καὶ
2546 1414 2759 1468 πολλῶν
2778 1414 3033 1487 δακρύων
3062 1415 3308 1482 ἐπάξιον.
3353 1414 3756 1484 Ἐκταραχθένσο

2165 1521 2256 1569 τες
2304 1506 2355 1560 οί
2404 1505 2584 1573 ἵπποι,
2623 1506 2718 1561 καὶ
2757 1508 2924 1561 πλέον
2975 1501 3131 1574 οὗτος
3180 1508 3267 1577 ἐφ’
3300 1507 3409 1562 δνό
3448 1508 3755 1578 στρατηγὸς

2166 1597 2476 1666 κεκαθίκει,
2500 1603 2566 1671 τῇ
2602 1603 2807 1670 φυσικῇ
2843 1599 3014 1672 μανίᾳ
3064 1599 3297 1671 πληγεὶς
3323 1599 3415 1654 τόν
3443 1617 3502 1654 τε
3548 1601 3754 1669 αὐχένα

2169 1691 2420 1761 σιμώσας
2451 1695 2546 1748 καὶ
2577 1692 2677 1766 τὴν
2711 1694 2890 1765 κόμην
2944 1692 3164 1766 φρίξας,
3197 1693 3378 1766 ὄρθιον
3427 1694 3617 1765 ἀρθεὶς
3652 1696 3753 1763 τῆς

2165 1784 2327 1855 ἔδρας
2379 1785 2426 1817 ⁸⁸
2483 1784 2646 1841 αὐτὸν
2698 1785 3026 1852 άπεὸάλετο,
3062 1786 3156 1842 καὶ
3186 1788 3250 1840 ἐκ
3279 1785 3371 1840 τοῦ
3416 1789 3554 1858 πρὸς
3585 1786 3753 1856 οὐρὰν

2165 1876 2504 1950 manus“;
2549 1877 2644 1932 καὶ
2697 1878 2836 1948 πρὸς
2857 1876 3122 1947 τοῦδαφος
3155 1879 3338 1948 ριφεὶς
3366 1876 3460 1931 τὸν
3489 1877 3664 1940 δεξιόν
3693 1893 3751 1929 τε

2167 1966 2346 2040 μηρὸν
2367 1967 2549 2022 καὶτὰ
2573 1969 2710 2039 πρὸς
2738 1970 2840 2039 τὴν
2878 1968 3113 2040 κοτύλην
3142 1969 3278 2039 μέλη
3303 1967 3556 2031 θλασθεὶς
3584 1970 3755 2020 ὲλεειυ

2165 2059 2255 2123 νὸς
2283 2054 2353 2130 ἦν
2397 2058 2491 2113 καὶ
2537 2060 2711 2130 αὐτῆς
2739 2061 2841 2130 τῆς
2894 2061 3038 2131 ζωῆς
3077 2060 3331 2114 ἀπειπών
3353 2077 3366 2091 ο
3395 2061 3454 2114 ὃν
3487 2063 3536 2114 oi
3576 2065 3672 2132 τῆς
3707 2063 3750 2092 θ’

2166 2155 2568 2224 στρατιωτικῆς
2614 2152 2825 2218 τάξεως
2878 2153 3169 2225 δορυφόροι
3225 2154 3572 2226 παραχρῆμα
3631 2156 3750 2218 ταῖς

2121 2280 2128 2287 -
2164 2245 2352 2315 χερσὶν
2389 2244 2708 2316 ἀνελόμενοι
2746 2247 2960 2316 ἀπῆγον
2981 2247 3187 2311 οἴκαδε,
3218 2246 3498 2317 μηδὲν,ώς
3531 2247 3676 2309 είκὺς
3707 2248 3748 2309 ⁸,

2163 2337 2296 2409 περὶ
2329 2336 2439 2393 τῶν
2462 2339 2842 2410 προκειμένων
2870 2339 3217 2410 πραγμάτων
3245 2342 3340 2393 τοῦ
3371 2340 3561 2394 λοιποῦ
3583 2357 3746 2409 φρον-

2163 2429 2472 2501 τιούμενον.
2507 2433 2728 2486 Ἕκειτο
2754 2430 2819 2504 δὴ
2841 2432 2870 2485 ό
2895 2432 3036 2503 ἀνὴρ
3062 2433 3276 2497 ὀδύναις
3299 2434 3595 2504 ἀφορήτοις
3621 2434 3747 2503 βλη-

2165 2523 2299 2589 θεὶς,
2362 2524 2464 2579 οὐκ
2523 2524 2664 2594 ἔχων
2729 2517 2884 2593 ᾧτινι
2917 2524 3133 2594 πρῶτον
3170 2525 3262 2578 τὸν
3294 2524 3416 2579 νοῦν
3453 2527 3738 2596 ἑπαφήσει.

2164 2608 2331 2667 Είλκε
2387 2616 2486 2684 μὲν
2512 2617 2621 2686 γὰρ
2645 2617 2811 2669 αὑτὸν
2855 2618 2887 2686 ὴ
2919 2617 3141 2684 φροντὶς
3168 2614 3264 2670 τοῦ
3296 2616 3747 2687 προσδοκωμένου

2165 2707 2433 2773 κινδύνου,
2459 2709 2575 2770 πῶς
2607 2710 2702 2762 καὶ
2736 2709 2858 2762 τίνα
2889 2710 3089 2775 τρόπον
3121 2708 3422 2780 περισώσει
3461 2712 3559 2781 τὴν
3593 2710 3745 2763 πόλιν

2165 2800 2230 2853 ἐκ
2260 2803 2282 2834 ³
2303 2801 2401 2870 τῆς
2422 2801 2724 2872 ἐπιδρομῆς
2759 2803 2869 2856 τῶν
2899 2802 3198 2873 Βαρϐάρων
3221 2819 3233 2831 °
3263 2802 3510 2857 ἀνθεῖλκε
3537 2805 3593 2861 δὲ
3621 2805 3711 2858 τοῦ
3736 2833 3746 2844 -

2164 2911 2255 2947 τον
2282 2896 2418 2966 πρὸς
2444 2896 2636 2949 ἑαυτὸν
2659 2896 2822 2950 πλέον
2853 2900 2886 2967 ὴ
2921 2897 3144 2967 δριμεῖα
3177 2897 3336 2963 ὀδύνη
3371 2897 3465 2950 καὶ
3493 2899 3552 2951 τὸ
3580 2899 3744 2952 θάναν

476 2992 657 3057 batur,
709 2996 1055 3065 propriaeque
1102 2996 1262 3052 saluti
1314 2997 1521 3065 reliqua
1558 2996 1933 3066 posthabenda
1962 2996 2056 3060 ;illi

2167 3004 2260 3041 τον
2313 2987 2557 3041 ἀπειλεῖν
2615 2989 2724 3041 τῶν
2776 2987 3096 3058 πληγέντων
3129 2990 3306 3060 μελῶν
3341 2991 3401 3045 τὸ
3430 2992 3616 3057 πάθος,
3654 2993 3746 3046 καὶ

474 3088 824 3158 suggerebat.
855 3088 946 3142 Sic
981 3088 1035 3140 in
1069 3089 1248 3143 medio
1278 3087 1512 3142 duorum
1554 3090 1823 3144 maiorum
1849 3091 2060 3160 positus

475 3193 538 3233 ac
591 3190 822 3250 utroque
866 3179 1152 3246 fatiscens,
1199 3183 1464 3250 quidquid
1509 3184 1837 3238 necessariae
1881 3199 2061 3254 opera:

477 3271 836 3334 incumberet,
895 3271 1273 3341 ineptissimus
1329 3282 1469 3328 erat.
1530 3270 1898 3328 Nihilominus
1962 3291 2060 3331 nos

475 3373 706 3434 urgente
736 3381 922 3420 rerum
955 3363 1118 3436 515.
1160 3364 1421 3430 articulo,
1458 3366 1704 3420 turribus
1734 3366 2061 3437 quibusdam

471 3472 540 3511 ex
571 3457 718 3528 ligno
745 3458 1022 3528 congestis
1055 3459 1107 3512 in
1139 3465 1295 3528 parte
1322 3457 1466 3513 muri
1493 3459 1734 3528 collapsa
1763 3459 2061 3514 exstructis

471 3557 636 3617 atque
664 3551 923 3616 admotis,
956 3550 1185 3606 lenioris
1211 3551 1370 3606 nobis
1400 3550 1516 3620 spei
1550 3551 1808 3621 pusillum
1839 3553 2061 3624 aliquod

473 3641 817 3712 refrigerium
859 3645 1277 3707 suscitavimus,
1315 3655 1573 3714 tanquam
1616 3645 1709 3714 qui
1741 3661 1773 3701 e
1807 3646 1925 3700 loco
1966 3662 2062 3702 su-

472 3736 670 3804 periori
705 3746 1003 3808 pugnatum
1027 3751 1057 3791 e
1077 3739 1214 3792 mari
1239 3737 1522 3793 venientes
1540 3753 1750 3805 arcere,
1775 3756 1875 3796 nec
1903 3755 2062 3797 muro

470 3827 730 3882 accedere
756 3829 1091 3898 sinistraque
1117 3829 1337 3898 explere
1360 3829 1591 3884 consilia
1624 3830 1803 3885 sinere
1835 3829 2062 3886 habere-

472 3934 618 3975 mus.
655 3918 762 3975 Sed
795 3929 950 3975 erant
988 3921 1102 3975 haec
1141 3920 1520 3976 festinantium
1561 3919 1784 3977 subtilia
1815 3921 2059 3988 inventa,

469 4025 594 4065 cum
625 4012 875 4067 videlicet
919 4021 1098 4068 metus
1137 4013 1439 4067 necessitas
1476 4013 1661 4066 inania
1690 4013 1805 4068 haec
1840 4015 2063 4084 excogi-

471 4100 638 4154 tanda
669 4101 837 4157 menti
873 4105 1143 4173 ingereret
1183 4122 1199 4168 ;
1258 4102 1497 4170 tametsi,
1538 4105 1681 4174 quod
1725 4105 1799 4158 ait
1840 4106 2061 4175 sapiens

470 4195 718 4262 quidam,
753 4196 1098 4263 ingeniosum
1133 4207 1299 4267 atque
1328 4199 1502 4253 solers
1527 4206 1610 4252 est
1639 4198 1905 4270 quidquid
1938 4217 2062 4271 pre~

471 4287 657 4342 mitur.
687 4287 854 4344 Nemo
880 4291 1026 4344 enim
1051 4290 1103 4346 in
1121 4289 1280 4345 nobis
1301 4291 1525 4361 eratqui
1551 4291 1727 4348 firmis
1749 4292 2058 4351 rationibus

2165 3081 2419 3136 ἀνέπειθε
2471 3083 2638 3151 μηδὲν
2667 3084 2856 3153 ἕτερον
2891 3087 3172 3155 προτιμᾷν
3218 3085 3316 3155 τῆς
3346 3086 3538 3140 ἑαυτοῦ
3571 3103 3736 3158 σωτη-

2166 3175 2308 3247 ρίας.
2340 3175 2449 3227 Καὶ
2473 3175 2492 3207 ⁸
2523 3176 2696 3236 οὕτως
2721 3176 2778 3229 ἐν
2814 3176 3053 3248 μεθορίῳ
3081 3177 3176 3231 δύο
3203 3177 3459 3246 χαλεπῶν
3498 3180 3746 3249 κείμενος

2163 3268 2259 3322 καί
2288 3268 2346 3333 ἐξ
2374 3268 2638 3339 ἐκατέρου
2669 3268 2973 3338 νικώμενος
3008 3270 3145 3341 πρὸς
3168 3272 3347 3324 πᾶσαν
3375 3272 3658 3343 ἐνέργειαν
3680 3269 3747 3344 ἦν

2162 3359 2270 3414 τῶν
2324 3361 2554 3414 δεόντων
2601 3363 2998 3432 ἀνεπιτήδειος.
3034 3363 3182 3433 Πλὴν
3211 3365 3298 3418 διὰ
3324 3363 3385 3417 τὸ
3425 3369 3748 3434 κατεπεῖγον

2161 3450 2258 3505 τοῦ
2284 3452 2488 3526 καιροῦ
2508 3453 2751 3524 πύργους
2772 3452 2924 3516 τινάς
2951 3453 3370 3519 ξυλοσυνθέτους
3385 3456 3464 3527 τῷ
3493 3458 3745 3529 διερρυη-

2164 3543 2284 3597 κότι
2334 3548 2494 3616 μέρει
2548 3544 2641 3598 τοῦ
2695 3545 2910 3614 τείχους
2963 3547 3127 3615 ἡμεῖς
3153 3545 3525 3618 δομησάμενοί
3561 3567 3618 3602 τε
3650 3552 3748 3604 καὶ

2163 3639 2654 3722 προσπελάσαντες
2705 3639 2895 3710 ὀλίγην
2949 3639 3074 3692 τινὰ
3129 3641 3484 3714 παρέσχομεν
3535 3644 3746 3708 ἑαυτοῖς

2163 3734 2410 3805 χρηστῆς
2438 3734 2655 3799 ἐλπίδος
2685 3735 2991 3809 ἀναψυχὴν,
3018 3737 3095 3800 ὡς
3115 3735 3278 3806 δῆθεν
3302 3737 3393 3806 ἀφ’
3427 3736 3594 3807 ὕψους
3618 3740 3744 3800 τοὺς

2161 3826 2270 3880 ἀπὸ
2294 3825 2394 3896 τῆς
2417 3826 2693 3898 θαλάσσης
2722 3830 3052 3900 ἐρχομένους
3077 3830 3366 3900 ἀπείργειν
3401 3832 3498 3884 καὶ
3529 3831 3604 3901 μὴ
3637 3849 3743 3884 παν

2165 3921 2438 3988 ραχωρεῖν
2466 3918 2650 3982 αὐτοῖς
2685 3919 2910 3991 πλησίον
2937 3921 3072 3974 ίέναι
3095 3921 3118 3952 ⁸
3139 3921 3237 3975 τοῦ
3280 3921 3496 3992 τείχους
3532 3924 3622 3974 καὶ
3648 3923 3745 3985 τὰς

2164 4010 2529 4074 κακοϐουλίας
2558 4011 2741 4065 αὐτῶν
2791 4014 3059 4084 ἐνεργεῖν.
3104 4013 3290 4067 Ταῦτα
3316 4013 3372 4066 δέ
3405 4015 3744 4068 σπευδόντων

2163 4097 2232 4171 ἦν
2261 4105 2624 4176 ἐφευρήματα
2655 4105 2701 4170 ⁸,
2746 4108 2847 4177 τῆς
2879 4105 3129 4177 ἀνάγκης
3172 4105 3270 4159 τοῦ
3297 4106 3466 4176 φόϐου
3493 4112 3586 4169 τὰς
3621 4110 3742 4161 ἐπισ

2163 4199 2312 4260 νοίας
2341 4198 2451 4251 τῶν
2479 4197 2728 4266 ματαίων
2779 4197 3182 4275 ὑποϐαλούσης,
3217 4202 3266 4254 εί
3313 4204 3408 4255 καὶ
3431 4202 3531 4265 ὅτι,
3562 4201 3743 4264 καθώς

2161 4306 2244 4353 τις
2272 4289 2376 4361 ἔφη
2403 4291 2586 4358 σοφὸς,
2616 4290 2927 4362 εὐμήχανον
2955 4294 3107 4347 ἐστιν
3131 4295 3278 4348 ἅπαν
3306 4296 3365 4348 τὸ
3394 4295 3743 4364 πιεζόμενον.

469 4384 735 4440 adversus
760 4385 1002 4441 futurum
1029 4387 1143 4441 sive
1176 4387 1320 4442 mala
1347 4402 1465 4458 qua:
1484 4397 1746 4445 eventura
1770 4400 2055 4460 exspecta-

2163 4382 2275 4437 Οὐκ
2407 4383 2516 4454 γὰρ
2538 4358 2927 4455 ὅστις-ένῆμῖν
2960 4385 3194 4456 βεϐαίως
3217 4387 3361 4441 κατὰ
3389 4386 3482 4440 τοῦ
3518 4358 3740 4458 μέλλονι

470 4480 670 4534 bantur
705 4479 1061 4535 deliberaret.

540 4581 630 4634 ευ.
671 4575 870 4629 Verum
910 4577 1170 4644 quoniam
1212 4577 1342 4631 laeso
1393 4586 1623 4648 pra:tore
1663 4581 1835 4636 nostri
1877 4583 2060 4638 omnis

470 4684 605 4725 cura
638 4668 691 4721 in
724 4668 931 4720 dictum
968 4665 1209 4721 Nicetam
1257 4671 1523 4724 translata
1553 4681 1706 4733 erat.
1736 4674 1901 4743 coepit
1939 4676 2058 4744 ipsc

468 4775 687 4830 quoque
715 4773 812 4827 pro
850 4757 1012 4821 virili,
1042 4771 1161 4826 quae
1185 4772 1406 4812 suarum
1433 4761 1671 4829 partium
1693 4774 1872 4831 erant,
1902 4766 2058 4820 exhi-

469 4853 615 4904 bere.
681 4849 874 4901 Aiebat
917 4861 1046 4901 vero
1101 4847 1404 4903 vicinorum
1466 4847 1890 4919 Sclavenorum,
1937 4865 2052 4908 tum

469 4956 662 4994 eorum
691 4939 785 5008 qui
840 4941 943 4993 sub
972 4948 1157 4992 nostra
1188 4937 1397 4995 ditione
1435 4952 1612 5004 erant,
1658 4952 1772 4998 tum
1823 4945 1914 5014 qui
1951 4945 2056 5002 sub

473 5040 740 5103 potestate
771 5029 929 5085 ducis
957 5029 1294 5100 Strymonis,
1322 5043 1379 5084 ut
1412 5033 1736 5102 imperatum
1770 5047 1909 5102 erat,
1944 5053 2050 5090 ma-

469 5138 631 5194 gnam
672 5119 1076 5177 multitudinem
1115 5122 1170 5174 in
1199 5120 1388 5175 urbem
1427 5139 1840 5192 concessuram,
1878 5127 2051 5195 sagit-

470 5215 617 5270 tandi
643 5226 756 5269 arte
788 5214 1296 5279 iusti-uetissimam,
1315 5229 1381 5269 ne
1399 5217 1504 5284 ipsi
1530 5218 1670 5272 forte
1685 5234 1783 5287 pro
1815 5222 2053 5275 hostium

471 5317 745 5364 armatura
787 5323 848 5361 ac
884 5309 1122 5374 petentia
1159 5321 1266 5361 non
1315 5310 1452 5362 satis
1497 5310 1751 5366 instructi
1793 5314 2053 5368 invenire-

473 5416 614 5464 ntur,
647 5400 741 5455 sed
774 5400 1100 5454 haberemus
1133 5398 1276 5454 unde
1308 5402 1539 5469 primam
1575 5405 1786 5457 illorum
1827 5419 2045 5476 aggres-

2157 4492 2250 4538 τος
2282 4476 2542 4547 σκέψεται
2567 4479 2603 4550 ἢ
2634 4477 2735 4548 τῆς
2764 4478 2875 4531 τῶν
2909 4479 3280 4550 ἐλπιζομένων
3311 4482 3610 4541 ἐκϐάσεωςι

2233 4574 2300 4622 κ’.
2330 4568 2520 4637 Ὅμως
2551 4570 2740 4641 ἐπειδὴ
2762 4569 2857 4625 τοῦ
2884 4572 3195 4644 στρατηγοῦ
3229 4573 3530 4642 πληγέντος
3557 4577 3590 4641 ή
3615 4574 3736 4643 περὶ

2159 4663 2318 4733 ἡμῶν
2354 4660 2546 4717 ἅπασα
2598 4665 2822 4736 φροντὶς
2847 4666 2931 4727 είς
2960 4665 3047 4718 τὸν
3085 4665 3322 4738 ρηθέντα
3351 4671 3540 4737 μετῄει
3572 4667 3742 4739 Νικήο
3796 4716 3816 4733 ,

2157 4772 2279 4819 ταν,
2317 4755 2514 4826 ἤρχετο
2542 4757 2637 4810 καὶ
2665 4757 2829 4820 αὐτὸς
2851 4757 2921 4810 τὰ
2943 4761 3070 4827 παρ’
3093 4758 3288 4812 ἐαυτοῦ
3311 4758 3372 4812 τὸ
3404 4760 3544 4813 κατὰ
3573 4760 3738 4814 δύνση

2165 4866 2258 4920 μιν
2311 4849 2741 4916 ἐπιδείκνυσθαι,
2776 4851 2933 4919 ἔλεγε
2979 4851 3037 4905 δὲ
3072 4854 3166 4906 καὶ
3201 4853 3310 4907 τῶν
3346 4851 3744 4926 πλησιοχώρων

2165 4939 2514 5011 Σκλαϐήνων,
2542 4941 2651 4996 τῶν
2673 4959 2734 4996 τε
2765 4942 2858 5011 ὑφ’
2880 4943 3031 5013 ἡμᾶς
3053 4945 3353 4999 τελούντων
3375 4947 3468 4999 καὶ
3502 4947 3608 5000 τῶν
3639 4947 3745 4999 ὑπὸ

2159 5039 2252 5093 τὸν
2282 5045 2588 5110 στρατηγὸν
2617 5042 2637 5073 ⁵
2669 5042 3001 5112 Στρυμόνος,
3028 5042 3235 5114 πλῆθος
3276 5043 3410 5097 πολὺ
3441 5044 3745 5116 προστετά-

2160 5130 2284 5200 χθαι
2339 5133 2717 5202 συνελάσαιτῇ
2765 5134 2942 5200 πόλει,
2980 5133 3068 5205 [Ρ.
3112 5136 3239 5208 554]
3276 5135 3373 5205 τῆς
3401 5135 3620 5204 τοξικῆς
3645 5138 3746 5205 ὲμα

2161 5225 2386 5293 πείρων.
2423 5225 2497 5287 ὼς
2532 5225 2599 5280 ἂν
2633 5226 2760 5298 μηδ’
2797 5227 2960 5298 ἡμεῖς
2986 5230 3148 5299 τυχὸν
3175 5231 3493 5301 εὑρεθῶμεν
3513 5232 3611 5298 τῆς
3633 5231 3743 5283 τῶν

2162 5318 2425 5372 ἐναντίων
2459 5318 2731 5385 ἐνδέοντες
2789 5323 3116 5386 πανοπλίας,
3145 5324 3263 5377 ἀλλ’
3292 5325 3506 5395 ἔχωμεν
3535 5320 3613 5387 οἷς
3642 5326 3742 5392 τὴν

2162 5409 2387 5478 πρώτην
2403 5409 2584 5463 αὐτῶν
2603 5411 3061 5484 ἁποκρουσόμεθα
3085 5414 3409 5485 προσϐολήν.
3453 5417 3516 5467 Ὀ
3548 5415 3640 5466 καὶ
3661 5417 3741 5477 εἰς

1774 5519 2010 5575 VARI/ﬁ
2053 5521 2457 5579 LEC’I‘IONES.

552 5617 598 5646 °"
612 5615 865 5679 εὐταξίαν
885 5614 1247 5668 (,omllefisius
1281 5630 1377 5683 pro
1402 5617 1650 5679 ἀταξίαν.

469 5685 616 5749 είκὺ,
645 5686 747 5741 ΑΡ.
821 5688 838 5716 ⁸
864 5691 926 5738 ικ
952 5700 1058 5739 om.
1094 5686 1131 5739 Ρ

1760 5619 1802 5649 θ’
1833 5620 1998 5698 ἵππον
2022 5621 2104 5698 _A.
2177 5620 2222 5698 ’ξ
2253 5623 2346 5675 καὶ
2379 5620 2712 5698 τῇν-ᾲῑδρας
2736 5638 2844 5680 om.
2873 5623 2932 5678 P.
2980 5627 3037 5698 ﬁ”
3072 5627 3169 5698 τῆς
3204 5640 3310 5680 om.
3340 5625 3401 5698 Ρ.
3455 5633 3470 5663 ⁸
3510 5627 3740 5698 μηδενὸς

1221 5692 1237 5716 ³
1271 5689 1361 5739 καὶ
1386 5701 1492 5742 0m.
1524 5690 1578 5742 Ρ.
1633 5692 1650 5717 ⁸
1675 5687 1812 5744 εἶναι
1846 5689 1904 5743 Ρ.
1974 5695 1993 5724 ⁸
2016 5693 2370 5762 inopinata
2398 5687 2459 5745 Α.
2539 5696 2558 5726 ⁶
2584 5687 2691 5750 τῶν
2718 5697 3046 5767 στρατηγῶν
3071 5687 3162 5753 ΑΡ
3179 5687 3736 5755 οοτπςιοιηιὶοθειυδί
