4066 6040
334 364 432 432 553
1423 367 1518 426 DE
1560 364 1732 425 EXCI
1749 365 1876 426 DIO
1906 360 2196 425 TIIESSA
2206 360 2429 423 LONIC
2442 362 2520 422 ΑΞ.
3492 365 3600 428 558

330 483 532 552 τυχεῖν,
566 481 647 535 δτι
697 479 793 547 Μὴ
829 478 1174 549 προσεύχου
1222 479 1372 547 ὑπὲρ
1427 481 1536 535 τοῦ
1568 482 1724 538 λαοῦ
1777 483 1913 535 τού-

2032 476 2157 532 Νοίὲ
2193 494 2347 532 orare
2377 493 2473 546 pro
2501 479 2692 547 populo
2726 482 2849 543 hoc;
2886 484 3010 550 quia
3040 499 3140 537 non
3168 484 3447 538 exaudiam
3482 490 3599 548 ιρις

329 591 465 629 του”
519 573 594 626 οὐ
641 574 752 642 γὰρ
780 572 1220 641 εὶσακούσομαί
1263 589 1400 627 σου.
1451 572 1595 627 ’Ἔδει
1652 574 1779 644 γὰρ,
1813 573 1919 627 ἔδει

2031 571 2188 639 plane
2228 570 2373 625 enim
2438 585 2667 627 necesse
2700 583 2910 628 eratut
2962 577 3105 643 quod
3161 578 3450 631 adversum
3507 595 3605 632 nos

331 663 423 719 τδν
453 663 927 736 παραχωρηθέντα
958 665 1079 717 καθ’
1109 665 1265 735 ἡμῶν
1300 664 1518 735 ὄλεθρον
1553 666 1919 735 ἐνεργεῖσθαι,

2025 659 2306 716 decretum
2337 670 2453 716 erat
2479 662 2704 716 exitium
2738 679 2904 734 opere
2931 667 3321 732 complcrctur.
3362 679 3419 722 ut
3445 679 3603 739 quot-

331 757 399 812 ἶν’
419 757 584 826 ἔχωσι
616 757 819 824 γνῶναι
843 759 1042 821 πάντες
1066 760 1114 810 οί
1147 759 1204 810 ἐν
1225 757 1523 827 ἁμαρτίαις
1567 758 1704 821 (ντες
1727 759 1802 821 ὡς
1827 760 1919 811 ού·

2025 767 2160 825 quot
2195 757 2248 812 in
2285 757 2530 828 peccatis
2561 769 2748 828 agunt,
2787 759 2930 814 seire
2960 769 3187 828 possent
3224 763 3360 816 nihil
3398 763 3471 817 ita
3523 765 3607 817 di-

328 849 414 904 δέν
438 849 611 913 οὕτως
641 851 943 904 ἐπισπᾶται
969 850 1028 902 τὸ
1061 849 1244 903 θεῖκδν
1266 847 1362 914 οὖς
1388 851 1525 918 πρὸς
1556 850 1655 912 τὰς
1685 851 1789 903 ὑπὸ
1810 849 1920 904 τῶν

2025 849 2182 904 vinas
2229 865 2390 904 aures
2433 850 2499 904 ad
2538 864 2733 918 preces
2765 866 2794 905 a
2845 855 3050 907 sanctis
3105 853 3259 909 lusas
3308 855 3606 910 audiendas

328 941 498 1009 ἁγίων
537 939 990 1011 προσφερομένας
1011 941 1224 1010 δεήσεις
1249 939 1324 1004 ὠς
1347 940 1641 1012 όρθοτομία
1671 941 1790 1012 ρίου
1823 943 1917 994 καὶ

2023 941 2264 1006 allicere,
2288 951 2343 997 ut
2376 942 2500 996 vita:
2526 954 2708 1000 rectae
2743 946 2993 999 instituta
3028 947 3168 1001 ratio
3195 956 3249 1002 et
3275 949 3605 1017 optimorum

329 1034 572 1105 ἀρίστων
605 1034 893 1104 ἐπιμέλεια
934 1033 1300 1104 πραγμάτων.

979 1033 1300 1104 ραγμάτων.
2023 1041 2245 1089 actuum
2279 1049 2410 1090 accu
2423 1037 2582 1090 ratio.

399 1128 507 1196 κγ’.
550 1129 638 1180 Ἐν
671 1128 784 1196 ὅσῳ
809 1128 920 1200 γὰρ
948 1127 1038 1196 ὑφ’
1069 1127 1228 1197 ἡμῶν
1261 1128 1354 1180 ἐπὶ
1391 1127 1605 1198 ματαίῳ
1642 1127 1815 1181 ταῦτα
1843 1128 1921 1181 δι-

2093 1126 2257 1198 519
2287 1128 2377 1181 ~23.
2404 1125 2624 1180 interim
2657 1130 2801 1183 enim
2831 1129 2960 1184 dum
2995 1131 3108 1188 haec
3142 1148 3170 1187 a
3209 1135 3370 1189 nobis
3398 1135 3603 1191 frustra

336 1219 721 1284 εσπουδάζετο,
764 1213 867 1290 ἧκέ
890 1237 972 1280 τις
996 1219 1092 1282 τὰς
1127 1218 1467 1289 βαρϐαρικὰς
1516 1221 1648 1290 νῆας
1682 1221 1917 1290 ἤδηθπου

2021 1228 2308 1290 geruntur,
2346 1222 2492 1274 venit
2523 1220 2769 1290 quidam,
2799 1225 2891 1295 qui
2922 1224 3245 1282 barbaricas
3290 1243 3459 1284 naves
3489 1230 3603 1299 jam

328 1313 479 1382 παρὰ
507 1313 598 1364 τὸν
628 1311 832 1382 αὐχένα
863 1309 953 1366 τοῦ
984 1304 1245 1384 ῥηθέντος
1307 1312 1567 1366 Ἐκϐόλου
1615 1313 1916 1382 πλησιάσαι

2019 1314 2272 1382 proxime
2313 1312 2523 1374 Ecboli.
2560 1314 2721 1384 cujus
2751 1319 3009 1386 superius
3059 1319 3268 1373 mentio
3302 1319 3442 1375 facta
3496 1330 3603 1388 est.

329 1403 698 1475 καταμηνύων
753 1405 1039 1476 Κυριακῆς
1070 1404 1295 1476 ἡμερῶν
1350 1404 1792 1476 ἐπιφωσκούσης,
1829 1407 1917 1456 ἐν-

2018 1406 2222 1460 cervici
2290 1407 2595 1461 accessisse
2633 1407 2871 1464 nuntiet.
2928 1408 3212 1465 Dominica
3249 1420 3382 1468 tunc
3415 1413 3607 1470 illuce-

327 1499 494 1569 νάτης
530 1498 625 1552 καὶ
677 1499 892 1562 εἰκάδος
938 1501 1216 1570 ἀγομένης
1249 1498 1419 1570 μηνὸς
1461 1498 1706 1565 Ἰουλίου,
1760 1498 1918 1562 ἔτους

2019 1495 2236 1560 scebat,
2267 1497 2300 1550 ι
2337 1495 2612 1554 Kalendas
2639 1499 2898 1568 Augusti,
2933 1516 3078 1557 anno
3113 1503 3180 1558 ab
3211 1503 3348 1560 orbe
3379 1508 3605 1562 condito

324 1592 509 1661 ,ςυιβ’.
540 1590 656 1661 Τῆς
683 1589 775 1644 οὖν
801 1592 991 1662 φήμης
1011 1590 1216 1662 ταύτης
1242 1593 1424 1646 πᾶσαν
1449 1591 1661 1662 ἀθρόως
1693 1591 1915 1663 διαδραο

2017 1586 2159 1642 6412
2181 1587 2410 1658 (Christi
2435 1588 2582 1648 £04).
2610 1588 2776 1644 Fama
2807 1591 2975 1661 igitur
2998 1595 3273 1664 extemplo
3305 1610 3400 1665 per
3433 1606 3602 1652 totam

329 1683 534 1754 μούσης
563 1686 663 1752 τὴν
703 1681 857 1736 πόλιν
884 1682 1115 1754 θόρυϐος
1149 1684 1247 1751 μὲν
1265 1683 1418 1754 παρά
1447 1684 1614 1737 πᾶσιν
1644 1683 1918 1754 ἀνήγερτο

2019 1679 2210 1735 urbem
2232 1680 2516 1751 divulgata
2539 1682 2754 1735 turbari
2781 1696 2995 1746 omnes,
3015 1685 3274 1752 titubare,
3307 1682 3603 1757 trepidar'e,

325 1771 420 1830 καὶ
455 1770 652 1832 κλόνος.
672 1773 767 1828 καὶ
790 1771 1048 1843 τάραχος,
1090 1771 1266 1827 ἄλλων
1295 1771 1426 1842 ἄλλο
1457 1787 1509 1826 τι
1547 1771 1797 1844 βοώντων
1821 1771 1915 1825 καὶ

2019 1771 2163 1828 alius
2190 1770 2338 1826 aliud
2377 1771 2698 1837 inclamare,
2730 1772 2907 1843 deque
2945 1775 3196 1845 prasenti
3227 1777 3445 1848 negotio
3474 1792 3607 1834 con-

325 1868 456 1936 περὶ
511 1863 602 1918 τοῦ
638 1867 1004 1937 προκειμένου
1059 1864 1490 1936 βουλευομένων,
1532 1865 1912 1939 ὁπλιζομένων

2017 1862 2221 1929 sulere,
2259 1877 2414 1917 arma
2448 1864 2654 1933 pariter
2692 1878 2791 1933 pro
2822 1879 2888 1920 eo
2913 1881 2977 1920 ac
3010 1866 3212 1921 licebat
3262 1846 3504 1934 sumere,
3537 1871 3602 1924 ad

324 1973 381 2011 τε
409 1957 671 2012 ἁπάντων
704 1956 744 1988 ¹⁸
769 1958 842 2020 ὡς
877 1951 989 2010 οἷόν
1018 1973 1077 2009 τε
1103 1951 1192 2034 ἦν,
1217 1957 1311 2011 καὶ
1344 1956 1480 2026 πρὸς
1513 1956 1574 2009 τὸ
1603 1959 1782 2028 τεῖχος
1810 1974 1914 2010 κα-

2017 1969 2234 2017 murum
2266 1970 2587 2027 properare.
2625 1955 2982 2027 Necdumque
3017 1958 3126 2015 illis
3162 1974 3260 2030 per
3290 1975 3607 2033 propugna-

323 2047 758 2102 τασπευδόντων.
817 2047 984 2102 Οΰπω
1016 2048 1070 2101 δὲ
1115 2050 1237 2112 ταῖς
1267 2048 1529 2113 ἐπάλξεσι
1558 2049 1653 2103 τοῦ
1700 2050 1912 2121 τείχους

2016 2050 2138 2102 cula
2185 2049 2515 2118 dispertitis,
2564 2064 2631 2103 en
2670 2050 2766 2104 tibi
2806 2059 2862 2105 et
2905 2051 3273 2116 Barbarorum
3326 2069 3495 2110 naves
3537 2070 3601 2111 es

322 2138 754 2212 διασπαρέντων,
792 2140 899 2192 ίδοὺ
938 2139 1000 2210 δὴ
1027 2142 1122 2212 καὶ
1155 2141 1264 2194 τῶν
1298 2140 1592 2213 βαρϐάρων
1616 2144 1672 2196 αί
1699 2143 1826 2214 νῆες
1849 2143 1913 2198 ἐκ

2016 2140 2162 2195 dicta
2188 2139 2491 2193 eminentia
2538 2141 2714 2210 passis
2742 2141 2878 2197 velis
2908 2155 3234 2213 apparuere.
3266 2145 3343 2199 ita
3369 2162 3605 2217 namque

322 2234 426 2305 τῆς
467 2234 727 2306 ρηθείτης
756 2236 1036 2306 ἐφάνησαν
1070 2235 1284 2307 ἐξοχῆς,
1326 2218 1720 2307 πεπετασμένα
1748 2237 1908 2308 έχου-

2016 2239 2212 2288 eventu
2249 2232 2490 2302 quodam
2539 2241 2672 2288 tunc
2727 2236 2993 2305 temporis
3038 2240 3219 2292 ventis
3260 2241 3605 2309 secundissi-

326 2345 417 2382 σαι
444 2329 513 2380 τὰ
552 2327 716 2382 ἱστία.
757 2328 862 2380 Καὶ
882 2327 992 2398 γὰρ
1024 2329 1166 2382 κατά
1193 2346 1316 2408 τινα
1345 2329 1618 2400 σύμϐασιν
1645 2329 1801 2400 ῑτυχε
1835 2327 1912 2401 τῷ

2018 2326 2124 2380 mis
2183 2325 2476 2396 navigandi
2515 2340 2741 2382 cursum
2802 2333 3139 2382 tenere'eos
3174 2329 3499 2401 contigerat,
3548 2342 3601 2385 ut

325 2417 503 2489 καιρῷ
523 2419 696 2487 τούτῳ
715 2419 832 2472 κατ’
857 2420 1027 2490 ούράν
1055 2421 1250 2482 αὑταῖς
1270 2421 1653 2490 ἐπεισφρήσας
1685 2423 1909 2491 ἄνεμος,

2016 2417 2207 2472 multis
2242 2417 2560 2472 viderentur
2590 2433 2698 2471 non
2730 2433 2896 2484 super
2927 2433 3124 2494 aquas,
3161 2419 3254 2474 sed
3295 2437 3389 2490 per
3421 2436 3600 2479 aerem

325 2513 402 2576 ὡς
435 2515 550 2576 τοῖς
606 2512 816 2581 πολλοῖς
860 2512 1039 2574 δοκεῖν
1079 2515 1211 2584 μηδέ
1247 2515 1333 2585 ἐφ’
1371 2516 1412 2547 ¹⁹
1451 2515 1657 2570 ὑδάτων
1683 2515 1818 2568 ἀλλὰ
1845 2513 1914 2568 δι’

2019 2511 2281 2566 sublimes
2325 2511 2470 2566 vehi.
2503 2510 2715 2566 Mensis
2768 2509 2971 2573 Julius,
3018 2512 3096 2565 uti
3153 2513 3415 2580 diximus,
3474 2526 3604 2584 tunc

326 2605 490 2676 ἀέρος
527 2605 855 2676 μεταρσίους
907 2606 1250 2677 κομίζεσθαι.
1295 2606 1513 2671 Ἰούλιος
1555 2608 1665 2676 γὰρ
1724 2607 1912 2676 ἤγετο,

2017 2613 2156 2665 erat,
2185 2617 2308 2655 cum
2345 2603 2518 2670 magis
2550 2602 2673 2655 aliis
2707 2601 2904 2655 diebus
2935 2614 3129 2659 ventus
3183 2605 3270 2658 hic
3301 2606 3486 2662 sinum
3527 2607 3602 2660 ir-

327 2696 513 2762 καθὼς
547 2699 786 2770 εἴρηται,
825 2697 952 2769 μὴν,
975 2700 1064 2752 ὅτε
1115 2699 1210 2751 καὶ
1239 2699 1400 2752 πλέον
1433 2698 1539 2751 τῶν
1575 2698 1749 2752 ἄλλων
1779 2700 1914 2771 ὴμεο

2021 2693 2247 2761 rumpit,
2285 2708 2349 2747 ex
2385 2692 2659 2747 Heliadici
2691 2691 2906 2763 Olympi
2955 2696 3237 2756 montibus
3266 2697 3507 2766 spirans,
3549 2706 3603 2754 et

333 2788 439 2858 ρῶν
459 2791 486 2843 ό
515 2788 642 2859 τῇδε
687 2789 1002 2854 διακόλπιος
1033 2790 1418 2861 ἐπεισέρχεται
1454 2789 1676 2859 ἄνεμος,
1711 2791 1775 2843 ἐκ
1804 2790 1915 2848 τῶν

2021 2798 2049 2834 a
2084 2797 2245 2837 inane
2275 2783 2384 2837 diei
2421 2782 2656 2854 singulis
2684 2783 2893 2838 aestivis
2928 2784 3123 2840 diebus
3153 2787 3221 2842 ad
3255 2803 3450 2843 nonam
3500 2791 3600 2845 ho—

330 2881 528 2952 ἐξολῶν
565 2881 659 2935 τοῦ
684 2883 783 2952 τῆς
821 2881 1072 2946 Ἑλλάδος
1113 2882 1392 2952 Ὀλύμπου
1420 2880 1520 2953 τὴν
1544 2881 1717 2953 ἀρχὴν
1752 2882 1912 2953 ἔχων,

2020 2889 2136 2928 ram
2170 2875 2359 2929 urbem
2394 2875 2619 2938 feriens.
2657 2890 2950 2947 acremque
2986 2879 3294 2934 cventilaus
3329 2895 3390 2934 ac
3415 2881 3605 2939 discu-

329 2974 424 3028 καὶ
451 2972 644 3042 μέχρις
683 2975 909 3042 ἐννάτης
947 2971 1096 3042 ὥρας
1129 2972 1239 3025 ἀπὸ
1278 2973 1517 3043 πριυῖθεν
1549 2974 1634 3050 ἐφ’
1674 2974 1914 3048 ἐκάστης

2020 2968 2187 3021 tiens.
2246 2966 2426 3037 llujus
2469 2968 2654 3036 itaque
2696 2970 2842 3024 venti
2883 2968 3100 3026 favente
3155 2987 3310 3038 aura,
3344 2974 3462 3045 ipso
3494 2976 3600 3031 diei

323 3064 436 3118 τῶν
461 3063 690 3134 θερινῶν
710 3065 934 3136 ἡμερῶν
962 3067 1367 3120 συνεισπίπτων
1388 3063 1472 3138 [Ρ.
1505 3065 1638 3138 55η
1662 3069 1728 3136 τῇ
1760 3067 1913 3141 πόλει

2019 3064 2272 3129 exordio,
2309 3063 2498 3118 hostes
2533 3066 2708 3135 illapsi
2738 3081 2904 3134 prone
2944 3070 3347 3137 applicuerunt.
3380 3073 3456 3123 Ac
3486 3073 3599 3143 pri-

325 3156 424 3216 καὶ
454 3158 546 3210 τὸν
572 3157 712 3228 ἀέρα
735 3157 1029 3229 διαφορῶν.
1073 3157 1310 3212 Ἐκεῖνον
1341 3153 1435 3211 οὖν
1460 3159 1756 3230 εὑρηκότες
1786 3176 1910 3212 συν-

2026 3171 2194 3220 mum,
2224 3156 2313 3210 ubi
2344 3171 2510 3226 proiie
2537 3172 2750 3211 murum
2777 3158 3079 3220 venissent.
3107 3161 3224 3216 vela
3248 3164 3601 3233 contrahunt,

324 3249 490 3321 εργδν
520 3251 569 3311 οί
604 3250 876 3321 πολέμιοι,
918 3251 999 3304 ἔτι
1048 3253 1144 3321 τῆς
1194 3251 1409 3322 ἡμέρας
1441 3253 1500 3306 ἐν
1546 3252 1688 3323 ἀρχῇ
1721 3250 1909 3322 οὓσης,

2020 3258 2073 3302 et
2108 3249 2240 3303 urbs
2273 3261 2526 3318 quamam
2562 3264 2625 3304 ac
2659 3264 2746 3319 qu.
2773 3260 2862 3304 nta
2897 3260 3045 3307 esset
3080 3252 3375 3322 diligenter
3401 3257 3593 3324 explu-

326 3341 561 3412 ἐγγύθεν
600 3339 1005 3416 προσέρρηξαν.
1037 3343 1148 3413 καὶ
1178 3343 1373 3414 πρῶτα
1403 3345 1504 3414 μὲν
1533 3346 1602 3398 τὰ
1638 3345 1782 3399 ἱστία
1812 3364 1913 3416 χαι

2019 3352 2162 3404 rant.
2195 3339 2384 3412 Neque
2419 3344 2562 3396 enim
2599 3344 2783 3397 statim
2830 3347 3042 3415 appulsi
3083 3361 3320 3416 pugnam
3353 3348 3599 3417 aggressi

321 3435 496 3489 λῶσιν
531 3433 698 3488 αὐτοῦ
726 3451 829 3488 που
858 3435 1010 3505 παρά
1047 3435 1108 3488 τὸ
1155 3437 1332 3506 τεῖχος
1352 3439 1662 3506 γινόμενοι,
1694 3438 1787 3492 καὶ
1813 3439 1914 3508 τὴν

2021 3441 2170 3496 sunt,
2203 3433 2298 3488 sed
2339 3448 2530 3508 parum
2569 3435 2772 3503 aliquid
2815 3437 2911 3505 otii
2947 3435 3110 3507 520
3159 3439 3258 3493 sibi
3295 3438 3598 3502 indulsere.

325 3529 485 3584 πόλιν
523 3529 680 3584 ὁποία
702 3546 787 3592 τις
821 3528 956 3582 οὖσα
988 3535 1245 3599 τυγχάνει
1276 3529 1553 3600 ἐπιμελῶς
1588 3530 1877 3586 κατενόουν
1897 3547 1910 3559 ·

2019 3534 2132 3578 tum
2187 3534 2246 3597 ut
2293 3535 2450 3580 antea
2493 3515 2716 3582 nostras
2749 3529 2892 3588 vires
2926 3537 3090 3598 atque
3131 3531 3349 3584 animos
3379 3533 3444 3586 ad
3498 3547 3598 3598 pu-

325 3618 450 3673 ούδέ
485 3619 594 3688 γὰρ
622 3621 741 3690 ἅμα
761 3617 839 3687 τῷ
871 3619 917 3650 ’⁸
953 3619 1392 3690 καθορμισθῆναι
1431 3621 1530 3690 τῆς
1586 3622 1766 3691 μάχης
1808 3623 1913 3674 ἀπ-

2020 3616 2296 3686 guandum
2328 3624 2737 3689 experirentur,
2771 3629 2882 3675 tum
2919 3631 2976 3676 ut
3012 3623 3333 3690 semetipsos
3370 3624 3437 3679 ad
3490 3623 3597 3678 hoc

324 3711 584 3784 ἠρξαντο,
622 3713 736 3766 ἀλλ’
765 3713 1034 3769 ἐνέδωκαν
1068 3715 1255 3786 ὀλίγην
1297 3715 1422 3770 τινὰ
1476 3717 1673 3786 σχολὴν
1719 3718 1811 3769 τοῦ
1854 3734 1915 3769 τε

2020 3711 2199 3780 ipsum
2237 3722 2584 3767 exercerent.
2616 3712 2900 3786 Steterunt
2932 3715 3102 3782 igitur
3131 3715 3402 3771 hactenus
3438 3716 3597 3772 meti~

323 3804 769 3878 προπειραθῆναι
815 3805 916 3876 τῆς
950 3808 1230 3877 ἡμετέρας
1275 3807 1481 3880 ἰσχύος,
1516 3809 1664 3874 ὅπως
1699 3809 1914 3880 ἔχωμεν

2017 3803 2220 3867 eulosi,
2252 3819 2376 3857 eum
2413 3804 2549 3858 nulli
2580 3819 2769 3859 eorum
2802 3821 2923 3874 qua:
2951 3805 3216 3870 vidissent
3265 3822 3442 3875 exque
3495 3824 3600 3865 usu

323 3898 464 3968 πρὸς
520 3897 621 3966 τὴν
668 3897 758 3951 διὰ
784 3897 879 3956 τοῦ
911 3899 1151 3968 πολέμου
1185 3899 1530 3974 συμπλοκὴν,
1566 3901 1660 3954 καὶ
1687 3901 1913 3965 ἑαυτοὺς

2021 3893 2288 3949 haberent
2320 3893 2373 3948 in
2412 3902 2710 3964 conspectu
2759 3896 2935 3964 posita
2980 3895 3130 3964 justa
3161 3897 3299 3955 satis
3338 3898 3602 3953 similitu-

325 3991 467 4062 πρὸς
496 3989 655 4044 τοῦτο
686 3990 818 4045 αὐτὸ
847 3992 1164 4063 ἐξασκῖψαι.
1194 3994 1469 4063 Ἕστησαν
1516 3987 1607 4048 οὖν
1634 3995 1768 4059 τέως
1814 4011 1912 4047 na-

2018 3986 2144 4039 dine
2175 4000 2500 4056 comparare
2532 3997 2776 4056 possent.
2814 3987 3059 4058 Namque
3091 3989 3285 4043 urbem
3337 3990 3599 4049 conside-

327 4082 551 4153 ριδεεῖς,
583 4084 774 4154 μηδενὶ
805 4083 912 4138 τῶν
939 4085 1234 4156 ορωμένων
1284 4085 1502 4155 ἔχοντες
1543 4085 1822 4156 ἐξομοιοῦν
1848 4087 1916 4139 τὰ

2021 4079 2217 4132 rabant
2252 4080 2452 4148 ingenti
2482 4079 2859 4150 magnitudine
2886 4081 3043 4150 longe
3072 4081 3287 4151 lateque
3318 4081 3597 4142 diﬂ'usam.

328 4173 641 4245 βλεπόμενα
665 4191 676 4203 ·
713 4174 868 4229 πόλιν
895 4175 1003 4244 γὰρ
1025 4175 1316 4229 κατενόουν
1342 4175 1520 4242 πολλῷ
1555 4175 1661 4247 μέν
1681 4193 1787 4229 τινι
1821 4192 1915 4243 με-

2020 4171 2321 4240 frcquentia
2350 4174 2532 4241 populi
2563 4187 2657 4241 per
2686 4173 2828 4226 muri
2860 4173 3125 4227 ambitum
3151 4177 3598 4246 circumseptam.

323 4265 477 4337 τέθει
511 4264 993 4338 πεπλατυσμένην.
1025 4265 1157 4319 λαοῦ
1180 4265 1236 4319 δέ
1265 4266 1459 4332 πλήθει
1492 4267 1636 4320 ἅπαν
1655 4269 1718 4320 τὸ
1735 4271 1912 4339 τεῖχος

2022 4265 2174 4321 Unde
2203 4274 2258 4322 et
2291 4266 2461 4336 magis
2488 4266 2704 4319 attoniti
2741 4266 3020 4335 paululum
3051 4281 3080 4320 a
3119 4279 3296 4337 pugna
3330 4281 3390 4323 se
3419 4268 3599 4323 conti-

325 4358 900 4431 περιεστοιχισμένην.
950 4356 1039 4423 Ἐξ
1064 4351 1125 4413 οὗ
1172 4358 1234 4428 δὴ
1290 4357 1384 4414 καὶ
1416 4358 1579 4413 πλέον
1627 4361 1911 4413 καταπλα·

2018 4368 2280 4424 uueruut,
2317 4365 2375 4412 ut
2411 4366 2464 4413 et
2492 4373 2594 4412 nos
2620 4371 2839 4428 quoque
2882 4358 3007 4412 inde
3057 4360 3223 4429 paulo
3270 4358 3599 4414 audaciores

325 4451 519 4521 γέντες
555 4451 753 4521 μικρὸν
779 4451 876 4522 τὴν
909 4451 1090 4521 μάχην
1118 4453 1372 4528 ἐπέσχον,
1405 4451 1479 4513 ὡς
1511 4452 1575 4505 ἐκ
1595 4450 1789 4506 τούτου
1820 4451 1914 4510 καὶ

2020 4451 2148 4504 facti
2169 4466 2264 4521 per
2280 4465 2374 4506 eas
2409 4465 2589 4506 moras
2610 4460 2664 4505 et
2679 4452 2853 4504 otium
2882 4451 3094 4506 animos
3111 4451 3594 4521 resnmpserimus.

327 4545 464 4617 ἡμῖν
496 4543 817 4615 ἐγγενέσθαι
854 4544 1029 4616 βραχύ
1077 4561 1133 4598 τι
1174 4545 1374 4616 θάρσος
1419 4546 1512 4598 καὶ
1574 4547 1780 4617 μεταξὺ
1818 4546 1916 4618 τῆς
1950 4547 2207 4614 τοιαύτης
2243 4545 2441 4618 σχολῆς
2473 4544 2570 4608 τὰς
2599 4545 2778 4614 ψυχὰς
2810 4546 3246 4615 ἀνακτήσασθαι.

402 4633 499 4690 κδ’.
527 4635 683 4695 Οὖτω
739 4637 796 4690 δέ
839 4637 1010 4691 όντων
1044 4636 1203 4708 ἡμῶν
1233 4636 1377 4702 ἔδοξε
1408 4638 1483 4709 τῷ
1520 4626 1917 4710 καθηγουμένιρ
1951 4653 1994 4707 ι)

1990 4670 1994 4694 μ
2088 4641 2176 4693 Ἦ.
2219 4636 2276 4692 in
2333 4638 2418 4692 his
2472 4651 2598 4692 cum
2655 4652 2925 4701 essemus,
2959 4639 3136 4693 visum
3185 4648 3270 4696 est
3323 4641 3596 4699 barbarici

327 4728 428 4783 τοῦ
457 4727 568 4782 τῶν
595 4726 885 4799 βαρϐάρων
919 4727 1154 4799 στρατοῦ
1194 4729 1423 4792 διελθεῖν
1448 4730 1597 4784 ἀπαν
1620 4737 1683 4784 τὸ
1721 4734 1919 4806 τεῖχος,

2022 4732 2301 4785 exercitus
2332 4729 2456 4784 duci
2494 4744 2712 4783 omnem
2752 4730 2893 4783 muri
2931 4741 3160 4799 partem,
3191 4747 3313 4802 quae
3346 4734 3484 4788 mari
3516 4735 3599 4790 al-

328 4822 457 4877 ὃσον
499 4820 886 4894 περικλύζεται
908 4822 976 4894 τῇ
1017 4821 1285 4893 θαλάσσῃ.
1314 4822 1511 4886 Σκαιὸς
1553 4821 1611 4876 δέ
1638 4817 1792 4888 οὗτος
1828 4826 1923 4879 καὶ

2023 4823 2212 4888 luitur,
2255 4821 2729 4877 circumlustrare.
2759 4819 2890 4876 Erat
2922 4836 3051 4877 vero
3081 4824 3170 4877 hic
3198 4824 3283 4878 vir
3315 4826 3598 4896 improbus

331 4914 698 4988 παμπόνηρος
721 4909 808 4986 ἦν,
836 4917 933 4968 καὶ
965 4917 1032 4985 τῇ
1072 4915 1365 4986 ὁμωνυμίᾳ
1399 4915 1686 4987 τοῦοθηρδς
1717 4917 1916 4970 κατάλ-

2022 4915 2581 4986 scelestissimusque,
2643 4929 2708 4972 ac
2767 4917 2857 4986 qui
2893 4917 3236 4987 cognominis
3287 4918 3480 4975 bellum
3531 4919 3597 4977 ad

329 5006 496 5078 ληλον
523 5008 620 5061 καὶ
642 5007 742 5076 τὴν
766 5006 962 5078 πρᾶξιν
984 5007 1447 5079 ἐπιδεικνύμενος,
1481 5009 1574 5062 καὶ
1597 5009 1748 5062 οὐδὲν
1770 5010 1921 5079 ἄμει·

2020 5009 2283 5064 amussim
2319 5016 2508 5079 gestus
2541 5019 2828 5079 motusque
2861 5011 3106 5066 referens
3140 5013 3271 5068 nihil
3301 5015 3493 5085 impari
3522 5017 3600 5071 illi

328 5115 422 5156 νον
451 5100 660 5155 ἐκείνου
686 5101 794 5154 τῶν
826 5102 1047 5171 τρόπων
1085 5103 1153 5172 τῇ
1196 5100 1480 5173 ἀγριότητι
1519 5101 1711 5171 καὶτῷ
1744 5101 1914 5155 ἀκαθ-

2024 5105 2167 5166 genii
2213 5103 2495 5158 feroititate
2546 5102 2850 5174 effrenique
2895 5106 3098 5174 impetu
3135 5108 3396 5175 praeditus
3429 5123 3573 5166 esse.

328 5190 476 5260 έκτῳ
535 5191 632 5264 τῆς
691 5192 868 5263 ὁρμῆς
911 5193 1275 5264 διακείμενος.
1334 5194 1546 5263 Ἔγνως
1624 5195 1678 5247 δέ
1725 5194 1915 5248 τοῦτον

2024 5191 2341 5263 Cognovisti
2393 5203 2443 5249 et
2500 5206 2554 5248 ιιι
2591 5209 2816 5266 prorsus
2851 5196 3148 5262 hominem,
3179 5211 3244 5252 ex
3282 5196 3424 5252 fama
3479 5215 3601 5271 quae

336 5285 553 5349 πάντως
604 5287 698 5340 καὶ
732 5285 895 5352 αὐτὸς
925 5287 986 5341 ἐκ
1021 5286 1118 5358 τῆς
1167 5289 1375 5360 φήμης,
1409 5289 1732 5360 περιϐόητον
1759 5288 1915 5358 ἐχού-

2023 5286 2264 5340 hominis
2297 5290 2712 5359 perversitatem
2765 5301 2827 5342 ac
2880 5289 3180 5357 nequitiam
3214 5288 3416 5360 ubique
3469 5307 3600 5361 geu-

337 5391 438 5450 σης
478 5375 578 5446 τὴν
600 5374 695 5428 τοῦ
725 5376 917 5448 ἀνδρὸς
965 5378 1185 5439 κακίαν,
1217 5378 1292 5442 ὡς
1337 5379 1608 5449 μηδέποτὲ
1645 5397 1767 5433 τινα
1805 5380 1916 5432 τῶν

2024 5378 2160 5432 tium
2196 5378 2549 5448 «leprmdicat,
2577 5388 2638 5434 ut
2668 5379 2852 5436 nullus
2883 5395 3075 5437 eorum
3110 5383 3201 5451 qui
3235 5397 3465 5453 usquam
3497 5385 3601 5438 “nn-

334 5465 685 5539 λαλουμένων
709 5467 922 5522 ἀσεϐῶν
951 5470 1030 5533 είς
1052 5467 1323 5540 τοσαύτην
1360 5470 1572 5536 ἐλάσαι,
1597 5471 1672 5534 ὡς
1718 5471 1915 5542 exopt-

2025 5469 2244 5536 pietatis
2276 5471 2500 5526 nomine
2536 5472 2793 5526 celebrati
2828 5483 2978 5537 sunt,
3012 5473 3064 5526 in
3098 5481 3302 5529 tantam
3333 5475 3456 5543 ejus
3497 5478 3599 5530 im-

339 5576 478 5623 ατως
507 5557 654 5630 ἐχειν
677 5560 812 5631 όρᾷν
841 5558 1199 5632 ἀνθρωπίνων
1224 5561 1470 5632 αἱμάτων
1519 5561 1770 5633 ἐκχύσεις
1823 5562 1915 5616 καὶ

2026 5561 2342 5618 manitatem
2369 5577 2766 5637 excessumque
2799 5566 3054 5630 evaserit,
3079 5564 3239 5636 cujus
3265 5569 3336 5622 sit
3371 5568 3512 5623 inlat
3541 5585 3597 5622 s-

411 5684 432 5716 '
461 5682 662 5741 Jcrcm.
694 5700 788 5751 vn,
833 5683 918 5741 16.

1641 5757 1867 5813 VARl/F.
1903 5755 2301 5811 LECTIONES.

417 5847 463 5882 ⁸³
493 5847 710 5908 πάντων
739 5850 800 5903 Α.
882 5851 922 5883 ¹⁹
960 5851 1047 5918 ὑφ’
1081 5852 1142 5905 1⁵⁵.
1222 5853 1264 5883 ⁸⁸
1297 5850 1386 5905 τοῦ
1419 5855 1482 5906 Α.
