4066 6040
389 245 496 309 559

1614 253 1949 318 JOANNES
1985 257 2426 321 CAMENIATA

3547 265 3650 328 560

388 360 517 416 bilis
549 359 716 414 ardor
745 358 1010 416 litndcmli
1063 361 1290 420 humani
1326 363 1564 432 cruoris,
1596 382 1671 424 .ac
1699 369 1789 426 cui
1836 371 1946 425 nilii

2084 373 2250 443 μηδὲν
2287 373 2475 447 ἕτερον
2507 378 2778 446 προτιμᾷ-δ
2832 377 2933 445 τῆς
2975 377 3084 431 τῶν
3118 379 3461 453 Χριστιανῶν
3503 385 3652 437 ἀναι-

387 452 614 521 majoris
646 453 717 506 sit
750 454 1035 526 plurisque
1066 456 1332 513 habeatur
1363 458 1807 517 Christianorum
1859 478 1966 518 cae-

385 543 571 600 dibus.
608 542 664 598 ld
691 547 838 600 enim
877 561 1001 602 cum
1034 555 1089 602 ct
1119 546 1236 618 ipse
1289 549 1586 621 aliquando
1632 551 1850 619 fuisset,
1899 571 1961 612 ac

386 637 617 695 salutari
648 646 877 694 renatus
917 640 1247 710 baptismate
1279 657 1458 712 eoque
1509 643 1782 703 formatus
1833 647 1965 702 reli-

386 731 565 801 gionis
595 741 800 789 nostra
826 733 1084 802 mysteria
1113 732 1342 791 edoctus
1375 743 1540 800 esset,
1570 737 1639 791 ab
1664 737 1857 794 iisdem
1879 754 1964 795 ρος·

386 833 513 893 ptus
547 823 801 880 Barliaris
835 825 978 894 piam
1016 825 1177 880 tidem
1227 827 1447 882 illorum
1504 828 1786 901 impietate
1809 846 1962 887 com-

385 914 637 977 mutavit,
668 912 826 982 521
861 914 1104 984 nihilque
1131 915 1281 971 aliud
1315 918 1425 972 illis
1452 920 1666 990 gratius
1699 931 1962 990 praestare

382 1005 547 1063 liabet
581 1021 744 1075 quam
783 1016 843 1061 ut
864 1009 1010 1078 quod
1037 1016 1267 1064 vocatur
1293 1009 1456 1066 factis
1485 1011 1620 1082 ipsis
1654 1013 1960 1081 conﬁrmet.

381 1095 797 1166 desertorisque
829 1111 892 1151 ac
948 1095 1228 1168 prmdonis
1262 1109 1493 1158 cruenta
1528 1100 1773 1159 facinora
1808 1103 1962 1158 exitio

379 1183 514 1241 beris
547 1202 610 1244 ex
644 1187 710 1242 iis
742 1203 964 1258 quoque
1021 1188 1122 1243 sibi
1164 1191 1454 1263 magniﬁce
1483 1191 1700 1261 placeat
1747 1207 1812 1248 ac
1865 1209 1960 1248 su-

379 1279 614 1349 perbiat.
643 1278 744 1334 Hic
791 1279 960 1348 igitur
992 1280 1401 1344 immansuetus
1440 1282 1800 1355 desertorque
1834 1285 1962 1346 Leo

380 1375 504 1427 navi
532 1387 630 1442 per
656 1387 807 1428 mare
830 1372 1238 1430 circumvectus
1266 1391 1483 1432 murum
1516 1374 1866 1447 dispiciebat,
1894 1394 1963 1434 ac

376 1481 484 1537 qua
512 1476 667 1536 parte
701 1468 964 1536 impetum
994 1466 1150 1524 daret
1180 1469 1451 1525 malitiose
1481 1485 1544 1525 ac
1591 1470 1838 1526 maleﬁce
1862 1485 1964 1526 co-

377 1558 604 1632 gitabat.
633 1559 863 1630 Reliqua
897 1561 1097 1617 classis
1131 1563 1197 1616 ad
1230 1561 1440 1618 littoris
1484 1562 1813 1618 orientalem
1843 1563 1964 1632 pla-

375 1671 501 1727 gum
536 1654 804 1710 subducta
840 1656 892 1710 in
927 1664 1194 1724 apparatu
1252 1652 1582 1730 instruendo
1629 1665 1769 1709 erat.
1798 1654 1960 1711 Cives

2069 465 2292 536 ρέσεως.
2331 463 2500 518 Τοῦτο
2527 465 2636 538 γάρ
2666 468 2760 525 καὶ
2801 468 2964 533 αὐτὸς
2994 469 3069 524 ὢν
3118 489 3251 526 ποτε
3309 475 3404 529 καὶ
3440 477 3508 547 τῇ
3556 477 3649 530 τοῦ

2069 556 2338 628 σωτηρίου
2382 557 2758 628 βαπτίσματος
2795 561 3152 632 ἀναγεννὴσει
3211 569 3647 637 μεμορφωμένος

2065 648 2164 717 την
2193 664 2253 699 τε
2277 647 2555 720 ἡμετέραν
2592 648 2891 719 θρησκείαν
2925 652 2966 682 ²¹
2998 652 3399 724 δεδιδαγμένος,
3438 657 3530 711 ὑπ’
3553 661 3648 711 αύ-

2064 739 2174 792 τῶν
2195 739 2481 810 χειρωθεὶς
2504 740 2611 793 τῶν
2641 740 2934 814 βαρϐάρων
2954 743 3054 814 τὴν
3081 747 3309 799 ἐκείνων
3329 748 3651 803 δυσσέϐειαν

2063 831 2165 899 τῆς
2189 828 2445 894 εὐσεϐοῦς
2471 831 2842 902 ἀντηλλάξατο
2875 834 3133 900 πίστεως,
3168 840 3262 890 καὶ
3295 838 3454 892 πλέον
3495 842 3649 894 οὐδὲν

2065 920 2250 985 αὐτοῖς
2270 922 2358 976 ἀεὶ
2389 923 2477 977 διά
2503 924 2740 992 σπουδῆς
2774 925 2888 994 ἔχει
2915 926 3246 997 χαρίσασθαι
3269 929 3302 1002 ἢ
3329 931 3431 1004 τὴν
3457 933 3649 1004 κλῆσιν

2065 1009 2313 1081 κυρῶσαι
2368 1014 2489 1076 ταῖς
2518 1011 2748 1082 πράξεσι
2801 1015 2897 1066 καὶ
2954 1018 3270 1086 παραϐάτου
3322 1020 3416 1073 καὶ
3445 1020 3646 1093 λῃστοῦ

2061 1099 2316 1171 δράματα
2337 1100 2747 1165 ἐνδεικνύμενος
2771 1104 2836 1155 ὲκ
2866 1101 3073 1155 τούτων
3129 1106 3224 1158 καὶ
3248 1107 3650 1178 φιλοτιμεῖσθαι

2064 1193 2160 1246 καὶ
2188 1191 2616 1262 ὑπεραίρεσθαι.
2654 1189 2822 1259 Οὗτος
2855 1198 2921 1269 δὴ
2969 1193 3062 1251 οὖν
3088 1200 3116 1251 ὁ
3149 1198 3441 1262 άτίθασσος
3473 1201 3520 1232 ⁸³
3552 1203 3648 1253 καὶ

2063 1285 2398 1358 παραϐάτης
2411 1286 2564 1340 Λέων
2585 1287 2803 1360 περιῄει
2824 1292 2892 1362 τῇ
2922 1289 3012 1362 νηῖ
3037 1290 3124 1344 διὰ
3151 1292 3252 1363 τῆς
3283 1291 3559 1364 θαλάσσης
3589 1294 3650 1347 τὸ

2061 1379 2238 1457 τεῖχος
2257 1379 2592 1437 ἀποσκοπῶν
2619 1383 2713 1436 καὶ
2745 1382 2906 1438 πόθεν
2932 1384 3261 1457 ἀφορμήσας
3287 1387 3583 1456 προσϐάλοι
3602 1384 3650 1420 ’³

2064 1454 2388 1542 κακούργως
2446 1473 2784 1545 ἐμμελετῶν.
2821 1476 2889 1533 Δί
2937 1477 2996 1530 δὲ
3042 1454 3227 1535 λοιπαὶ
3264 1454 3390 1548 νῆες
3441 1479 3532 1548 ὑφ’
3565 1481 3647 1533 ἐνὶ

2063 1563 2225 1637 χώρῳ
2254 1566 2345 1620 τοῦ
2377 1566 2512 1638 πρὸς
2538 1568 2804 1633 ἀνατολάς
2848 1571 3100 1638 αἰγιαλοῦ
3151 1571 3645 1643 προσορμισθεῖσαι

2064 1659 2544 1723 συνεσκευάζοντο.
2589 1662 2652 1714 Ol
2686 1661 2809 1719 καθ’
2834 1664 2986 1733 ἡμᾶς
3015 1665 3069 1717 δὲ
3109 1664 3326 1717 πολῖται
3357 1665 3452 1718 καὶ
3485 1667 3646 1720 αὐτοὶ

378 1747 481 1820 ipsi
511 1763 730 1819 quoque
761 1763 913 1802 arma
949 1747 1149 1813 induti,
1185 1747 1612 1817 distributisque
1643 1763 1946 1820 pr0pugna-

2063 1751 2176 1813 τοῖς
2206 1748 2389 1816 ὅπλοις
2415 1752 2770 1822 ἐφράττοντο,
2923 1755 3174 1821 ἐπάλξεις
3202 1757 3502 1828 διελόμενοι
3553 1761 3647 1812 καὶ

377 1835 541 1898 culis,
562 1835 626 1890 ad
652 1836 992 1908 propositum
1016 1845 1295 1892 certamen
1320 1846 1510 1892 mutuo
1537 1852 1660 1894 sese
1690 1838 1958 1902 animare.

381 1924 517 1982 Vere
545 1942 781 1997 namque
813 1936 1090 1983 certamen
1129 1937 1268 1993 erat,
1301 1943 1366 1987 ac
1388 1928 1616 2001 quidem
1670 1929 1813 1984 inter
1845 1946 1961 1986 ma-

375 2036 480 2094 gna
508 2020 1044 2087 clarissimum,.uon
1095 2021 1393 2081 luctatoris
1449 2023 1637 2088 ullius,
1681 2027 1959 2081 contentis

375 2115 431 2171 in
465 2116 844 2172 adversarium
876 2115 1088 2173 fortiter
1118 2116 1369 2186 corporis
1400 2115 1608 2171 viribus
1640 2115 1708 2171 ab
1736 2126 1957 2187 specta-

376 2211 590 2264 toribus
645 2209 871 2278 gloriam
912 2207 1241 2277 laudemque
1281 2207 1635 2273 ambientis;
1670 2222 1780 2263 non
1828 2224 1956 2279 pro-—

374 2302 571 2372 positis
605 2302 654 2355 ei
683 2301 776 2370 qui
818 2301 992 2354 victor
1023 2309 1183 2355 exeat
1216 2301 1351 2355 levis
1385 2300 1632 2356 materiae
1673 2300 1951 2355 modicum

373 2403 592 2462 tempus
621 2393 949 2449 oblectantis
975 2393 1217 2462 praemiis,
1236 2436 1249 2457 ,
1278 2408 1378 2448 nec
1403 2408 1598 2449 rursus
1619 2409 1727 2464 quo
1750 2394 1952 2449 amissa

373 2485 622 2548 victoria,
651 2485 773 2555 ejus
793 2487 887 2557 qni
917 2501 980 2542 ea
1021 2485 1283 2540 ceciderit
1316 2501 1486 2544 unum
1521 2485 1760 2542 dedecus
1792 2500 1950 2555 pretia

371 2579 632 2650 iubesque
682 2581 792 2634 sit:
827 2579 922 2634 sed
961 2579 1014 2633 in
1069 2594 1180 2651 quo
1238 2588 1332 2633 aut
1364 2588 1530 2634 tanta:
1588 2580 1828 2636 civitatis
1883 2594 1950 2633 ex

372 2682 527 2732 tanto
557 2671 800 2743 periculo
850 2671 1179 2727 liberatione
1216 2671 1651 2741 incomparabile
1679 2672 1849 2726 decus
1871 2671 1949 2729 .lt-

372 2767 580 2823 beranti
615 2765 930 2826 accesserit,
962 2772 1056 2819 aut
1099 2779 1210 2835 quo
1253 2765 1629 2835 ingruentium
1682 2765 1948 2819 malorum

369 2859 574 2930 aliquid
609 2874 769 2929 passa
797 2874 864 2916 ac
921 2857 1254 2915 labefactata
1315 2857 1713 2913 inconsolabile
1749 2856 1948 2914 vulnus

368 2952 600 3009 allatura
633 2951 724 3006 sit.

437 3045 524 3100 25.
564 3044 702 3098 Cum
757 3058 973 3098 murum
1006 3057 1222 3097 omnem
1276 3041 1456 3099 bellua
1504 3043 1594 3097 illa
1657 3051 1711 3098 et
1749 3051 1947 3114 portus

1963 3085 2020 3144 'C

2061 1841 2288 1906 ἑαυτοὺς
2302 1844 2437 1914 πρὸς
2449 1844 2540 1898 τὸν
2553 1848 2914 1917 προκείμενον
2925 1849 3113 1916 ἀγῶνα
3127 1849 3402 1904 συναπαλε
3413 1851 3644 1918 ίφοντες.

2062 1937 2173 1998 Καὶ
2201 1935 2392 2010 γὰρῆν
2409 1939 2560 2009 ἀγὼν
2584 1941 2824 2013 άληθῶς,
2844 1943 3066 2004 καὶτῶν
3086 1944 3337 2012 μεγάλων
3359 1945 3592 2013 ἀγώνων
3615 1945 3645 1996 δ

2058 2027 2361 2100 διαϐόητος,
2391 2029 2479 2102 [Ρ.
2520 2031 2650 2104 558]
2686 2032 2746 2085 ού
2780 2034 3082 2088 παλαιστοῦ
3111 2052 3260 2098 τινος
3293 2037 3534 2105 ἀγωνίαν
3586 2039 3644 2090 ἐν

2057 2121 2178 2182 ταῖς
2205 2123 2345 2191 πρὸς
2395 2123 2488 2176 τὸν
2522 2125 2818 2180 ἀντίπαλον
2847 2127 2943 2180 τοῦ
3000 2127 3254 2200 σώματος
3300 2129 3643 2201 ἀντερείσεσι

2057 2210 2148 2264 τὸν
2195 2213 2345 2283 παρὰ
2392 2215 2503 2266 τῶν
2541 2213 2795 2284 ὁρώντων
2833 2218 3055 2272 ἔπαινον
3085 2220 3386 2290 προξενῶν,
3419 2221 3517 2274 οὐκ
3546 2221 3646 2274 ἐπι

2057 2303 2196 2357 αθλα
2224 2306 2502 2376 προτιθεὶς
2524 2306 2657 2376 ῦλης
2690 2310 2835 2373 τινὸς
2865 2310 3005 2381 πρὸς
3035 2310 3216 2378 ὀλίγον
3244 2311 3436 2382 τέρψιν
3453 2311 3530 2382 τῷ
3565 2330 3644 2365 νιο

2056 2395 2285 2464 κήσαντι
2313 2399 2682 2467 παρεχόμενα,
2726 2401 2849 2453 οὐδὲ
2901 2401 3068 2453 πάλιν
3112 2397 3283 2473 ἧτταν
3328 2401 3520 2472 μέχρις
3558 2406 3642 2456 αἱ-

2057 2486 2258 2560 σχύνης
2295 2489 2463 2559 μόνης
2494 2492 2583 2542 τὸν
2611 2491 2901 2562 νικηθέντα
2922 2493 3422 2560 καταϐιϐάοζουσαν,
3464 2493 3579 2548 ἀλλ’
3605 2495 3640 2566 ἢ

2054 2580 2450 2653 περισωθεῖσαν
2500 2583 2775 2652 τοσαύτην
2829 2584 2984 2637 πόλιν
3011 2588 3073 2638 ὲκ
3099 2585 3357 2639 τοσούτου
3393 2587 3637 2642 κινδύνου

2054 2669 2222 2738 γέρας
2271 2670 2555 2742 ἀμίμητον
2590 2671 2988 2742 ἀναδήσασθαι,
3042 2675 3073 2745 ἢ
3114 2674 3393 2729 παθοῦσάν
3437 2693 3492 2730 τι
3527 2678 3635 2732 τῶν

2050 2761 2462 2834 ἀπειλουμένων
2497 2764 2544 2796 ⁸⁸
2588 2765 3016 2840 ἀπαρηγόρητον
3045 2766 3240 2840 ὀδύνην
3284 2768 3634 2837 ἐνέγκασθαι.

2125 3042 2220 3097 κεδ.
2260 3043 2398 3096 Ἀλλ’
2430 3045 2615 3115 ἐπειδὴ
2642 3045 2702 3098 τὸ
2720 3046 2898 3116 τεῖχος
2915 3044 3061 3098 ἅπαν
3078 3046 3106 3097 ὁ
3130 3043 3232 3115 θὴρ
3261 3045 3471 3109 ἐκεῖνος
3502 3062 3633 3099 κατ-

366 3141 570 3195 fretum
597 3137 771 3192 ferrea
807 3147 1002 3193 catena
1037 3137 1423 3206 immersisque
1448 3136 1677 3192 navibus
1706 3137 1946 3205 undique

2053 3134 2214 3199 εἶδεν,
2254 3135 2334 3189 ἔτι
2362 3136 2417 3188 δὲ
2450 3137 2544 3189 καὶ
2586 3137 2680 3189 τὸν
2729 3135 2972 3205 πορθμὸν
3017 3135 3112 3189 τοῦ
3171 3134 3388 3205 λιμένος
3437 3136 3630 3190 ἁλύσει

367 3231 644 3286 munitum
675 3227 1178 3291 animadvertisset,
1213 3228 1339 3282 inde
1378 3227 1583 3282 adoriri
1618 3228 1807 3282 urbem
1849 3227 1949 3283 de-

365 3335 559 3387 crevn,
591 3319 733 3376 unde
781 3335 883 3374 nec
916 3327 1174 3375 externos
1208 3329 1335 3374 ante
1381 3319 1760 3375 demersorum
1805 3320 1948 3375 inte-

363 3430 475 3488 εγω
502 3415 658 3468 molis
686 3412 926 3483 lapidum
950 3411 1111 3482 522
1129 3427 1337 3468 cuneos
1363 3413 1700 3483 aggrestsioni
1726 3412 1944 3468 navium

362 3505 653 3568 obsistere,
713 3518 890 3571 neque
928 3519 957 3556 a
994 3518 1152 3556 muro
1209 3513 1321 3556 tum
1383 3503 1600 3556 demum
1664 3503 1720 3556 in
1771 3504 1944 3557 altum

361 3608 643 3657 exstrucm
698 3597 921 3651 easdem
955 3594 1083 3650 belli
1114 3605 1237 3648 astu
1298 3593 1505 3649 diutius
1540 3595 1726 3652 vexari
1779 3611 1944 3665 posse

364 3698 680 3762 agnoverat,
728 3689 822 3744 sed
858 3689 947 3742 ubi
983 3687 1152 3740 maris
1186 3701 1348 3755 aqua,
1381 3687 1498 3755 ipsa
1536 3687 1735 3742 altiore
1775 3687 1938 3751 vado,

360 3781 640 3838 humiliori
671 3797 828 3839 muro
855 3778 1118 3833 alliditur.
1149 3778 1378 3847 Signato
1425 3778 1564 3842 loco,
1594 3792 1658 3833 ac
1707 3793 1829 3832 cum
1871 3778 1940 3831 ad

359 3878 542 3932 socios
575 3890 837 3960 reversus'
885 3881 1050 3936 esset,
1094 3886 1288 3942 pugna:
1333 3879 1602 3926 tesseram
1636 3871 1806 3926 dedit.
1834 3871 1936 3937 Qui

358 3969 516 4024 ocius
551 3983 645 4040 per
683 3967 826 4021 dicta
858 3966 975 4021 loca
1013 3965 1250 4045 navibus
1283 3962 1467 4028 eﬂ‘usi,
1501 3963 1795 4018 barbarico
1843 3978 1935 4017 as-

355 4045 601 4133 peroque
647 4059 863 4115 sublato
894 4058 1134 4116 clamore
1165 4072 1229 4111 ac
1277 4058 1486 4127 rugitu,
1518 4056 1814 4112 concitatis
1847 4072 1934 4112 re-

359 4156 501 4228 mige
528 4153 788 4216 navibus,
823 4166 886 4203 ae
919 4150 1193 4222 tympanis
1226 4163 1290 4202 ex
1331 4151 1486 4202 corio
1520 4147 1682 4201 factis
1712 4147 1934 4202 horride

358 4252 791 4318 perstrepentes,
826 4243 1128 4311 multisque
1171 4241 1294 4294 aliis
1328 4241 1794 4295 terriculamentis
1839 4255 1934 4295 eos

356 4340 449 4410 qui
479 4340 532 4391 itt
568 4336 1000 4408 propugnaculis
1019 4345 1178 4386 erant
1210 4340 1600 4402 perterrentes,
1626 4333 1681 4386 in
1714 4348 1931 4386 murum

2052 3227 2249 3300 σιδηρᾷ
2283 3229 2375 3280 καί
2401 3245 2512 3281 τισι
2545 3229 2702 3282 ναυσὶ
2721 3227 3148 3298 βεϐυθισμέναις
3180 3228 3312 3282 ὄντα
3344 3228 3632 3298 κατάφραο

2051 3340 2200 3385 κτον,
2257 3322 2459 3392 μᾶλλον
2508 3322 2719 3376 ἐκεῖθεν
2779 3320 2877 3393 τὴν
2936 3320 3241 3392 προσϐολὴν
3300 3320 3629 3392 ποιήσασθαι

2045 3415 2390 3484 διεσκὲψατο,
2449 3414 2571 3466 ὅθεν
2604 3414 2801 3483 διέγνω
2857 3414 2993 3482 μήτε
3028 3414 3126 3474 τὰς
3171 3413 3371 3477 ἔξωθεν
3402 3412 3632 3466 κωλύειν

2043 3505 2154 3558 τῶν
2211 3504 2684 3574 προϐυθισθέντων
2736 3504 3032 3574 μονολίθων
3091 3503 3317 3573 ἐνέδρας
3365 3504 3464 3575 τὴν
3519 3504 3631 3558 τῶν

2043 3598 2188 3667 νηῶν
2225 3599 2436 3667 ἔφοδον,
2471 3599 2608 3669 μήτε
2648 3599 2751 3668 μὴν
2783 3597 2874 3665 ἀφ’
2899 3595 3106 3668 ὑψηλοῦ
3136 3596 3230 3653 τοῦ
3258 3596 3359 3669 ἤδη
3376 3597 3632 3668 δομηθὲν-

2042 3709 2131 3754 τος
2159 3691 2374 3758 τείχους
2424 3690 2678 3745 ἐπίτασιν
2732 3689 2969 3760 πολέμου
3014 3689 3218 3753 ταύτας
3270 3689 3628 3760 ἐκδέχεσθαιο

2039 3780 2151 3834 ἀλλ’
2179 3782 2320 3837 ’ἔνθα
2377 3781 2744 3851 βαθυνόμενον
2803 3783 2866 3837 τὸ
2897 3781 2994 3855 τῆς
3051 3780 3328 3850 θαλάσσης
3364 3778 3508 3849 ὕδωρ
3548 3778 3627 3850 τῷ

2039 3873 2446 3945 χθαμαλωτέρῳ
2474 3876 2642 3947 τείχει
2684 3875 3120 3943 προσρηγνυται,
3144 3872 3270 3936 τοὺς
3298 3871 3497 3935 τόπους
3529 3888 3627 3941 ση-

2041 3964 2416 4035 μειωσάμενος
2443 3964 2531 4016 καὶ
2556 3963 2692 4034 πρὸς
2717 3964 2844 4027 τοὺς
2878 3964 3128 4032 ἑταίρους
3150 3961 3625 4032 άνθυποστρέψας,

2036 4057 2268 4109 ἐνέδωκε
2297 4055 2389 4109 τὸν
2415 4055 2628 4122 ἀγῶνα.
2665 4057 2727 4109 Ol
2761 4056 2818 4108 δὲ
2849 4058 2893 4088 ³⁸
2916 4055 2978 4108 τὸ
3024 4056 3191 4124 τάχος
3236 4056 3348 4118 τοῖς
3383 4053 3624 4124 λεχθεῖσι

2034 4149 2221 4212 τόποις
2255 4151 2376 4211 ταῖς
2423 4149 2581 4201 ναυσὶ
2609 4148 3026 4218 διασπαρέντες.
3061 4145 3157 4216 βοῇ
3188 4162 3246 4199 τε
3281 4147 3623 4216 χρησάμενοι

2037 4239 2344 4314 βαρϐαρικῇ
2369 4240 2463 4292 καὶ
2486 4241 2733 4310 τραχείᾳ,
2785 4236 3124 4309 ἐφώρμησαν
3150 4237 3231 4308 τῷ
3276 4238 3466 4308 τείχει,
3495 4240 3618 4299 ταῖς

2033 4330 2248 4392 κώπαις
2301 4329 2638 4391 ἐλαύνοντες,
2695 4330 2787 4381 καὶ
2819 4330 2931 4391 τοῖς
2963 4329 3026 4380 ἐκ
3059 4327 3170 4379 τῶν
3221 4327 3460 4402 δέῥρεων
3487 4343 3625 4379 κατ-

357 4438 649 4501 proruunt.
674 4428 836 4481 Cives
872 4436 1087 4488 contra,
1121 4434 1175 4478 et
1208 4425 1300 4493 qui
1335 4424 1400 4477 ad
1432 4439 1650 4478 murum
1687 4425 1931 4487 stabant,

2049 4421 2462 4490 εσκευασμένοις
2500 4421 2806 4488 τυμπάνοις
2851 4418 3293 4488 καταπληκτικὸν
3349 4416 3621 4472 κτυποῦνο

354 4525 548 4592 niajori
580 4525 698 4592 ipso
727 4521 942 4576 sublato
969 4522 1209 4573 clamore
1242 4534 1304 4571 ac
1341 4519 1764 4589 penetrabiliore
1791 4518 1934 4572 elata

353 4633 509 4680 voce,
535 4616 831 4674 salutarent
889 4612 1072 4667 crucis
1117 4621 1456 4665 armaturam
1491 4612 1755 4666 adversus
1797 4609 1933 4664 inle-

352 4718 492 4764 stam
538 4707 780 4763 hostium
816 4707 1052 4760 classem
1079 4705 1359 4759 invocare.
1408 4702 1696 4774 Tantaque
1733 4703 1931 4756 horum

349 4804 531 4873 erupit
559 4802 813 4860 clamoris
842 4800 944 4861 vis,
966 4809 1024 4853 ut
1049 4797 1294 4860 Barbari,
1313 4799 1592 4851 immensa:
1611 4797 1730 4865 ejus
1761 4797 1933 4849 turbae

348 4898 607 4960 omnique
659 4892 937 4946 auditione
985 4890 1317 4945 terribiliore
1371 4898 1629 4959 percepto
1688 4889 1925 4954 ululatu,

351 4990 509 5060 quasi
548 4987 817 5056 vertigine
851 4985 998 5057 capti
1029 4984 1182 5042 dubii
1212 4984 1506 5045 haererent,
1539 4983 1928 5053 desperarent-

349 5099 454 5151 que
483 5082 548 5135 dc
578 5080 751 5136 exitu.
779 5093 845 5132 ex
881 5080 1122 5130 clamore
1157 5075 1250 5134 illo
1281 5086 1619 5130 armatorum
1680 5075 1734 5128 in
1791 5075 1928 5129 urbe

348 5174 752 5231 multitudinem
783 5171 1169 5239 coniicit-tiles,
1203 5178 1260 5225 et
1295 5185 1352 5223 se
1383 5184 1491 5224 non
1535 5183 1697 5238 posse
1728 5168 1924 5222 adver-

348 5282 446 5322 sus
481 5275 664 5319 tantos
697 5263 832 5316 inito
858 5263 1043 5330 praelio
1076 5260 1196 5331 ejus
1225 5260 1385 5317 facile
1430 5261 1595 5328 potiri
1636 5262 1923 5328 ipsamque

344 5360 604 5428 diripere,
635 5357 722 5410 cui
759 5356 906 5408 nulla
970 5354 1075 5408 alia
1131 5351 1332 5407 similis
1367 5352 1637 5423 superiori
1675 5350 1923 5420 exemplo

343 5460 683 5507 occurreret.
735 5447 810 5503 Ne
859 5457 1038 5503 tamen
1091 5462 1154 5500 ex
1195 5446 1369 5516 prima
1423 5445 1514 5506 illa
1568 5444 1924 5516 aggressione

342 5557 488 5599 metu
520 5544 738 5598 attoniti
763 5541 1079 5595 viderentur
1109 5545 1270 5608 atque
1295 5540 1555 5606 perculsi,
1577 5553 1686 5593 non
1712 5537 1920 5606 absque

2034 4532 2143 4578 τες,
2167 4517 2259 4568 καὶ
2290 4515 2503 4577 πολλοῖς
2527 4514 2708 4576 ἄλλοις
2741 4513 3034 4582 φοϐὴτροις
3061 4513 3187 4572 τοὺς
3217 4512 3274 4564 ἐν
3309 4514 3431 4575 ταῖς
3455 4510 3622 4565 ἐπάλ-

2035 4608 2185 4672 ξεσιν
2244 4608 2690 4677 ἐκταράττοντες.
2734 4604 3096 4674 ’Λντεϐόησαν
3145 4603 3202 4656 δὲ
3256 4605 3459 4674 μᾶλλον
3521 4604 3620 4658 καὶ

2035 4701 2410 4771 γεγωνοτέραν
2463 4699 2646 4769 φωνὴν
2680 4697 2729 4751 oi
2766 4699 2900 4767 πρὸς
2931 4696 2993 4748 τὸ
3017 4699 3194 4767 τεῖχος
3243 4688 3502 4761 ἑστῶτες,
3557 4695 3618 4748 τὸ

2037 4793 2306 4864 σωτήριον
2339 4793 2501 4845 ὅπλον
2549 4791 2644 4843 τοῦ
2677 4790 2914 4861 σταυροῦ
2970 4789 3106 4861 πρὸς
3150 4789 3254 4860 τὴν
3311 4788 3456 4842 κατὰ
3501 4789 3615 4841 τῶν

2033 4885 2288 4937 ἐναντίων
2317 4871 2733 4952 ἐπικαλούμενοι
2767 4881 3105 4954 συμμαχίαν,
3136 4880 3236 4934 καὶ
3265 4879 3518 4932 τοσοῦτον
3537 4878 3612 4943 ὡς

2031 4977 2336 5046 ἀκηκοότας
2365 4976 2490 5038 τοὺς
2519 4973 2823 5045 βαρϐάρους
2848 4976 2936 5026 τὸν
2962 4970 3386 5041 πολυάνθρωπον
3409 4972 3615 5026 ἐκεῖνον

2035 5069 2128 5121 καὶ
2158 5067 2356 5130 παντὸς
2378 5067 2725 5138 ἀκούσματος
2751 5064 3125 5135 φοϐερώτερον
3141 5061 3458 5133 ἀλαλαγμὸν
3483 5059 3611 5129 ίλιγο

2031 5164 2218 5229 γιᾶσαι
2247 5161 2382 5224 τέως
2406 5162 2500 5212 καὶ
2533 5160 2700 5232 μηδὲν
2729 5158 2944 5213 ἀνύσειν
2970 5153 3410 5229 προσδοκᾷν,τού
3439 5157 3607 5227 δήμου

2030 5257 2128 5326 τὴν
2156 5253 2364 5325 πληθὺν
2386 5253 2877 5324 ἀναλογισαμένους
2899 5253 2964 5304 ἐκ
2988 5251 3086 5322 τῆς
3111 5249 3260 5320 βοῆς,
3294 5249 3386 5303 καὶ
3412 5248 3486 5312 ὡς
3510 5251 3608 5301 οὑκ
3633 5257 3635 5259 ’

2032 5352 2098 5402 ἂν
2132 5349 2266 5420 πρὸς
2292 5347 2584 5410 τοσούτους
2623 5346 3068 5412 άποδυσαμένους
3123 5345 3204 5406 εἰς
3235 5343 3418 5412 μάχην
3447 5341 3602 5410 εὐχε-

2035 5439 2143 5507 ρῶς
2170 5440 2316 5510 ἔχειν
2340 5441 2494 5492 πόλιν
2516 5438 2789 5507 τοσαύτην
2826 5437 3025 5508 ῥᾳδίως
3073 5434 3385 5505 ἐκπορθεῖν,
3416 5435 3482 5504 ἢν
3517 5434 3603 5485 ού-

2026 5536 2138 5589 δενὶ
2171 5516 2580 5608 παραδείγματι
2615 5537 2927 5607 συγκρίνειν
2958 5529 3126 5606 εἶχον.
3163 5533 3349 5606 Ὅμως
3407 5534 3493 5586 ἵνα
3526 5529 3604 5608 μὴ

1629 5626 1865 5683 ἾΑΒΙίΕ
1903 5627 2313 5684 LECTIONES.

403 5731 456 5773 μ
486 5729 684 5807 θράσος
711 5729 771 5781 Ρ,
852 5729 894 5760 ⁸⁸
926 5721 1272 5793 ἁντίθασσος]
1320 5720 1603 5793 ἄνθρωπος
1630 5723 1692 5776 P.
1769 5724 1812 5755 ⁸³
1840 5722 2162 5794 προσϐάλλοι
2208 5722 2272 5781 P.
2350 5722 2393 5755 “
2419 5722 2802 5794 άπειλημένων
2840 5721 2902 5774 I‘.
2981 5719 3024 5751 "
3047 5718 3108 5788 δὴ
3147 5721 3213 5772 Α.
