4066 6040
393 82 494 145 56!

1477 81 1576 142 DE
1617 77 1931 140 EXCIDIO
1957 75 2566 140 THESSALONICE.

3535 63 3642 131 5οῗ

392 194 578 259 δόξωσι
631 189 1034 262 κατεπτηχέναι
1085 193 1185 264 τὴν
1221 193 1447 263 πρώτην
1491 191 1822 262 προσϐολὴν,
1863 189 1966 245 οὐκ

2083 188 2457 260 Lrepidatione,
2506 197 2614 240 nec
2638 197 2703 238 eo
2754 194 2944 236 rursus
2979 191 3088 250 quo
3144 175 3490 249 postmodum
3553 179 3639 234 usi

389 285 556 350 ἀδεῶς
589 286 706 356 μὲν,
732 284 853 339 οὑδὲ
884 286 1050 341 πάλιν
1083 282 1203 356 μεθ’
1230 280 1299 356 ἧς
1330 278 1560 356 ὕστερον
1595 283 1835 356 ἐχρῶντο
1863 300 1967 355 μα-

391 379 526 442 νίας;
555 376 692 431 ἀλλά
717 394 824 430 τινι
868 375 1043 449 λύσσῃ
1087 374 1238 447 φόϐῳ
1266 375 1691 447 συγκεκραμένῃ
1739 373 1967 444 πλησίον

391 469 671 540 γενόμενοι
702 471 824 533 ταῖς
851 470 960 524 ἀπὸ
990 468 1101 522 τῶν
1131 469 1300 539 βελῶν
1321 468 1513 537 νιφάσι
1543 469 1672 534 τοὺς
1701 467 1760 534 ὲξ
1807 470 1965 522 ἔνανο

391 560 511 624 τίας
553 559 845 633 ἠμύνοντο.
899 561 1134 615 Ἔπειτα
1190 559 1248 614 δέ
1277 577 1331 615 τι
1362 561 1410 593 ’⁵
1440 559 1537 615 καὶ
1586 559 1965 630 ἀναιδέστερον

392 653 710 722 ἐπεχείρουν
741 645 839 706 καὶ
859 650 1255 724 πλησιέστερον
1295 652 1547 723 ἑφορμᾷν
1575 647 1966 719 ἐφιλονείκουν,

394 741 691 810 καθώσπερ
718 743 863 804 τινες
919 741 1203 796 ὑλακτικοὶ
1250 740 1411 804 κύνες
1441 741 1535 794 τὸν
1564 742 1766 795 οἰκεῖον
1794 738 1967 810 θυμὸν

390 831 771 900 διεγείροντες,
824 833 939 896 τοῖς
970 833 1089 887 κατ’
1119 831 1300 886 αὐτῶν
1345 829 1432 903 [Ρ.
1466 828 1592 902 339]
1645 831 1970 903 φερομένοις

394 923 500 978 ἀπὸ
521 922 614 977 τοῦ
644 923 855 994 τείχους
883 922 1319 994 ἐξαγριούμενοι.
1348 923 1487 978 Οὐδὲ
1512 922 1622 994 γὰρ
1653 924 1706 978 οἱ
1733 922 1836 992 τῆς
1868 923 1969 976 πό-

392 1016 528 1077 λεως
564 1016 668 1085 τῆς
702 1015 922 1086 τοξικῆς
948 1016 1312 1088 κατημέλουν,
1347 1016 1465 1072 ἀλλ’
1509 1017 1747 1090 ἐχρῶντο
1795 1015 1970 1090 ταύτῃ

394 1106 597 1176 μᾶλλον
625 1105 870 1176 εναργῶς
893 1107 988 1161 καὶ⁵
1013 1107 1359 1180 ἐπιτηδείως.
1390 1108 1601 1170 πάντας
1624 1108 1750 1173 τοὺς
1775 1108 1841 1164 ἐκ
1862 1107 1971 1164 τῶν

391 1197 622 1270 πλησίον
653 1197 847 1269 χωρῶν
879 1199 1250 1270 προσρυέντας
1287 1199 1632 1270 Σκλαόήνους
1652 1201 1766 1265 τοῖς
1784 1200 1970 1266 τόποις

390 1290 623 1356 ἐκείνοις
647 1291 1149 1362 καταστησάμενοι,
1196 1285 1273 1348 ὧν
1296 1291 1449 1346 οὐδέν
1474 1295 1627 1346 ἐστιν
1643 1291 1822 1356 οὕτως
1861 1291 1973 1346 τῶν

392 1380 572 1437 ἄλλων
625 1382 1046 1454 εὐεπιχείρητον
1079 1382 1155 1446 ὼς
1194 1382 1258 1436 τὸ
1303 1381 1446 1438 κατά
1501 1382 1708 1439 σκοποῦ
1755 1382 1974 1451 βάλλειν

391 1475 489 1529 καὶ
523 1474 694 1548 μηδὲν
745 1475 854 1530 τῶν
891 1475 1064 1548 βελῶν
1086 1475 1268 1532 αὐτῶν
1296 1476 1395 1548 τὴν
1431 1477 1615 1551 ῥύμην
1661 1475 1972 1548 ἀνθυποφέ·

393 1581 530 1638 ρειν.

459 1663 578 1724 κς’.
617 1655 761 1712 Ἀλλ’
787 1658 932 1714 οὕτω
960 1658 1265 1730 βαλλόντων
1287 1661 1568 1733 ἑκατέρων
1598 1663 1694 1718 καὶ
1717 1662 1975 1735 βαλλομέ-

389 1764 520 1810 νων,
542 1748 773 1820 ίσοπαλῆ
805 1767 866 1804 τε
894 1749 994 1823 τὴν
1025 1752 1208 1824 μάχην
1227 1753 1675 1825 προσπίπτουσαν
1700 1753 1973 1810 haemo-

391 1841 591 1908 μένων.
603 1839 983 1912 διαιρεθέντων
997 1844 1140 1910 τινες
1157 1843 1266 1899 τῶν
1290 1843 1603 1916 βαρϐάρων,
1626 1847 1738 1900 τῶν
1761 1846 1969 1913 ἄλλων,

387 1928 468 1996 ὡς
488 1932 655 1996 είκδς.
676 1932 1054 2006 εύτολμότεροι
1086 1936 1182 1990 καὶ
1210 1935 1555 2008 θρασύτεροι,
1575 1939 1666 1992 καὶ
1687 1941 1754 2011 τῇ
1777 1939 1978 1994 θαλάσ-

393 2039 460 2095 σῃ
483 2025 586 2093 τῆς
613 2026 743 2095 νηὸς
775 2027 1005 2087 ἑαυτοὺς
1039 2028 1444 2094 ἀκοντίσαντες,
1475 2029 1722 2101 κλίμακά
1742 2047 1803 2084 τε
1831 2029 1979 2091 ευλί⁶

391 2132 490 2186 νην
520 2116 643 2185 μεθ’
689 2117 900 2172 ἑαυτῶν
936 2120 1385 2189 συγκαθελόντες,
1447 2119 1622 2177 ὤθουν
1652 2123 1878 2191 ἄγοντες
1917 2125 1978 2177 ὲν

389 2207 504 2270 τοῖς
538 2206 748 2271 ὕδασιν,
785 2211 1120 2282 πειρώμενοι
1147 2211 1214 2266 δι’
1247 2213 1418 2284 αὐτῆς
1449 2214 1658 2268 ἀνιέναι
1677 2213 1756 2285 τῷ
1780 2216 1976 2285 τείχει,

398 2297 607 2384 μηδένα
632 2297 790 2367 λόγον
836 2300 945 2355 τῶν
992 2302 1203 2356 ἐκεῖθεν
1225 2301 1355 2358 κατ’
1392 2303 1576 2358 αὐτῶν
1610 2304 1978 2375 πεμπομένων

395 2389 737 2461 ποιούμενοι.
774 2392 953 2463 Μέχρι
975 2393 1085 2463 γὰρ
1123 2393 1218 2448 τοῦ
1247 2394 1477 2467 πλησίον
1501 2396 1755 2464 γενέσθαι
1783 2397 1980 2453 ἐκάλυ-

396 2495 530 2532 πτον
550 2478 620 2534 τὰ
642 2479 893 2552 σώματα,
924 2484 1213 2555 νηχόμενοι
1238 2499 1297 2540 τε
1330 2485 1410 2557 τῷ
1447 2485 1602 2540 ὕδατι
1634 2488 1732 2542 καὶ
1758 2487 1859 2552 τὰς
1887 2505 1978 2542 κε-

395 2569 574 2638 φαλὰς
600 2573 720 2634 ταῖς
734 2572 777 2602 "
800 2573 992 2626 ἀσπίσι
1015 2577 1509 2645 περιφραττόμενοι
1526 2593 1540 2606 ·
1563 2574 1651 2630 ὅτε
1673 2576 1720 2632 δ’
1747 2576 1980 2647 ἐγγύθεν

393 2661 665 2730 ἀγένοντο,
703 2662 764 2718 τὸ
796 2664 939 2737 ὕδωρ
962 2665 1363 2738 ἀποδυσάμενοι
1386 2667 1814 2741 ῥωμαλεώτερον
1845 2672 1976 2725 ἀντ-

395 2755 542 2827 εῖχον
587 2758 710 2820 ταῖς
743 2756 922 2828 βολαῖς
953 2759 1446 2829 προσπαλαίοντες,
1474 2761 1574 2826 τὰς
1609 2760 1844 2826 ἀσπίδας
1875 2762 1974 2832 μό-

2067 286 2197 336 ευιιι
2223 277 2433 342 lurore,
2464 276 2561 333 sed
2591 274 2745 332 rabie
2776 274 2978 329 timore
3002 272 3166 328 ntista
3199 272 3424 341 propius
3456 270 3642 328 admo-

2066 377 2256 427 ventes
2278 369 2452 427 denso
2493 367 2820 440 sagittarum
2866 365 3058 420 nimbo
3107 363 3458 419 adversarios
3509 375 3640 433 pre—

2068 463 2311 519 mebant.
2334 461 2686 519 Postmodnm
2719 457 2879 530 523
2912 470 3042 512 vero
3069 455 3235 512 etiam
3265 454 3644 526 impudentius

2066 553 2285 625 aggredi
2308 568 2373 610 ac
2397 552 2729 624 proximiore
2753 549 2956 621 impetu
2983 546 3092 602 vim
3121 547 3476 614 contendere,
3495 547 3643 602 haud

2067 659 2231 703 secus
2259 659 2323 700 ac
2355 646 2620 699 latrantes
2646 655 2813 697 canes
2846 638 3131 710 proprium
3159 637 3466 693 excitantes
3491 636 3646 692 furo-

2069 751 2208 803 rem,
2236 736 2304 792 iis
2329 750 2451 804 quae
2486 751 2519 789 e
2553 748 2711 790 muro
2748 731 2805 787 in
2846 731 2997 803 ipsos
3023 730 3377 802 iactabantur
3408 730 3649 786 immane

2067 827 2296 883 eﬂerati.
2315 825 2450 881 Nam
2473 841 2651 896 neque
2680 823 2941 896 oppidani
2964 822 3243 894 iaculandi
3268 829 3439 877 artem
3466 825 3648 892 negle-

2071 927 2285 984 xerunt,
2318 916 2414 974 sed
2443 933 2504 974 ea
2535 915 2718 971 acrius
2741 912 3159 983 dexterioreque
3192 911 3652 967 conatu~uteban-

2071 1019 2181 1073 tur,
2231 1010 2490 1066 omnibus
2521 1009 2615 1080 qui
2647 1023 2714 1065 ex
2748 1005 2980 1063 ﬁnitima
3011 1007 3234 1080 regione
3270 1006 3653 1063 conﬂuxerant

2070 1101 2352 1160 Sclavenis
2385 1101 2454 1158 iis
2487 1103 2542 1156 in
2575 1101 2712 1156 locis
2742 1100 3048 1171 dispositis,
3085 1099 3292 1170 quibus
3336 1098 3391 1153 in
3421 1096 3653 1168 reliquis

2071 1194 2210 1249 nihil
2267 1194 2350 1249 sic
2397 1192 2719 1264 expeditum
2776 1207 2945 1262 quam
3001 1200 3062 1246 ut
3104 1192 3208 1247 rite
3255 1190 3552 1246 collineent
3599 1199 3657 1244 ct

2070 1300 2299 1358 scopum
2340 1285 2540 1340 feriant
2593 1301 2691 1342 nec
2727 1285 2940 1341 ruentla
2982 1284 3228 1355 ipsorum
3269 1282 3452 1354 jacnia
3491 1281 3652 1356 quid:

2072 1394 2239 1452 quam
2270 1379 2579 1437 sustineat.

2144 1664 2236 1721 26.
2293 1665 2406 1721 lloc
2458 1673 2641 1733 autem
2694 1663 2879 1730 modo,
2922 1663 3054 1719 dum
3103 1661 3325 1734 utrique
3363 1660 3564 1732 iaculis
3605 1667 3660 1716 et

2074 1759 2265 1816 darent
2320 1759 2463 1814 ictus
2507 1766 2562 1811 et
2610 1757 2961 1828 acciperent,
3019 1755 3259 1826 fortique
3303 1752 3670 1809 dimicatione

2075 1865 2312 1921 pugnam
2345 1849 2644 1919 ancipitem
2687 1849 2951 1913 facerent,
2979 1847 3343 1903 Barbarorum
3377 1844 3599 1917 quidam
3628 1857 3661 1899 a

2077 1940 2203 1997 suis
2221 1939 2406 2007 divisi,
2439 1939 2688 2008 reliquis.
2730 1946 2791 1992 ut
2837 1951 2939 2010 par
2969 1944 3074 2003 est,
3109 1937 3305 2004 majori
3335 1936 3562 1992 audacia
3598 1949 3664 1991 ac

2075 2031 2412 2101 praetideutla
2449 2028 2595 2094 freti,
2622 2044 2654 2085 e
2683 2030 2804 2085 navi
2833 2031 2891 2084 in
2909 2044 3060 2083 mare
3092 2028 3464 2098 prosilient‘es,
3495 2035 3663 2097 atque

2077 2125 2306 2187 scalam,
2335 2140 2498 2194 quam
2538 2124 2593 2179 in
2628 2124 2788 2193 aquis
2826 2122 3123 2192 pellebant,
3167 2135 3355 2176 secum
3398 2119 3663 2183 ferentes,

2075 2232 2138 2272 ea
2173 2218 2227 2272 in
2259 2232 2477 2272 murum
2509 2215 2746 2272 evadere
2777 2214 3102 2277 tentabant,
3139 2212 3348 2267 nullam
3389 2212 3662 2267 rationem

2077 2306 2344 2362 habentes
2375 2323 2568 2362 eorum
2603 2323 2727 2377 quae
2761 2305 2893 2362 inde
2926 2306 2983 2361 in
3016 2305 3142 2361 illos
3172 2305 3497 2374 prmsidiarii
3533 2305 3666 2358 mit-

2077 2398 2282 2454 tebant.
2316 2396 2454 2454 Cum
2489 2399 2635 2454 enim
2689 2397 2922 2454 necdum
2965 2410 3135 2468 prepe
3189 2397 3412 2452 omnino
3457 2403 3666 2472 essent.

2076 2507 2313 2563 corpora
2364 2492 2622 2561 tegebant
2651 2491 2812 2560 aquis
2864 2488 3178 2544 innatantes
3205 2531 3221 2553 ,
3269 2488 3448 2559 capita
3491 2489 3668 2543 scutis

2077 2583 2456 2654 circumsepti.
2511 2579 2618 2637 Ubi
2664 2590 2848 2635 autem
2900 2581 3011 2650 jam
3069 2594 3239 2650 prope
3272 2578 3551 2634 venissent
3602 2592 3670 2632 ac

2078 2675 2237 2744 aquis
2281 2676 2549 2739 exissent,
2596 2674 2878 2730 robustius
2911 2673 3269 2735 resistebant,
3308 2669 3509 2725 ictibus
3552 2669 3667 2724 col-

2078 2767 2392 2830 luctantes,
2440 2781 2564 2821 cum
2629 2773 2786 2821 scuta
2861 2765 3208 2821 solummodo
3261 2766 3316 2818 in
3389 2762 3666 2833 capitibus

397 2866 495 2914 νας
526 2849 785 2921 φέροντες
816 2852 906 2938 ἐπὶ
926 2852 1188 2924 κεφαλῆς,
1223 2848 1346 2908 εἶτα
1371 2855 1468 2924 τὴν
1505 2855 1750 2924 κλίμακα
1780 2857 1976 2912 θᾶττον

2084 2857 2311 2916 ferrent.
2336 2858 2473 2914 Tum
2492 2859 2638 2914 scala
2661 2858 2951 2913 celerrime
2969 2857 3399 2928 propugnaculis
3424 2855 3668 2917 admota.

397 2941 544 2994 κατά
581 2940 698 2994 τῶν
721 2937 996 3008 ἐπάλξεων
1024 2943 1422 3005 ἀνελκύσαντες
1445 2947 1766 3020 ἀπεκείρουν
1792 2950 1860 3005 δι’
1883 2950 1982 3004 αὒ-

396 3031 500 3100 τῆς
524 3031 737 3088 ἀνιέναι
789 3035 881 3088 καὶ
937 3035 1071 3089 εῖσω
1098 3037 1321 3107 χωρεῖν.
1369 3037 1530 3093 Ἀλλά
1585 3039 1896 3111 προέφθασε
1925 3042 1986 3096 τὸ

401 3120 661 3192 βεσουλευ
669 3124 830 3195 μένον
851 3129 879 3180 ὁ
908 3124 1158 3192 θάνατος,
1184 3128 1278 3183 καὶ
1297 3130 1427 3200 πρὶν
1447 3130 1692 3201 ἀκριϐῶς
1711 3133 1986 3204 σκοπῆσαι

398 3217 520 3281 πῶς
542 3217 643 3290 τὴν
661 3218 906 3273 ἐπίνοιαν
930 3237 1112 3291 συμπε
1122 3222 1346 3292 ράνωσι,
1369 3222 1472 3291 τῆς
1489 3221 1633 3293 ζωῆς
1655 3224 1982 3279 ἀπελύοντοο

402 3310 568 3382 μόνον
590 3309 703 3384 γὰρ
721 3313 804 3366 ὅτι
838 3312 885 3344 ’⁸
917 3315 1038 3376 ταῖς
1066 3312 1296 3384 βαθμῖσι
1324 3313 1393 3368 τά
1425 3314 1545 3386 ίχνη
1576 3316 1857 3388 ἐκίνησαν,
1891 3317 1989 3372 καὶ

398 3402 562 3473 ἃίκην
589 3403 835 3475 χαλάζης
872 3405 1085 3476 πυκνῆς
1108 3407 1158 3459 οἱ
1191 3406 1330 3461 λίθοι
1349 3407 1472 3461 κατ’
1493 3408 1671 3463 αὐτῶν
1693 3409 1988 3481 ἀφεθέντες

397 3495 539 3565 ὁμοῦ
567 3499 633 3568 τῇ
666 3496 911 3569 Θαλάσσῃ
945 3498 1042 3550 καὶ
1059 3496 1135 3568 τῷ
1157 3497 1364 3571 ὀλέθρῳ
1383 3499 1608 3565 τούτους
1632 3499 1991 3567 έξανεσκεύα-

401 3602 528 3642 σαν.
566 3587 658 3640 Ἑρν
692 3587 906 3651 τούτοις
962 3587 1356 3659 ὀπισοόρμητοι
1390 3591 1560 3644 πᾶσαι
1603 3589 1874 3662 χωροῦσιν
1915 3593 1974 3644 αἱ

401 3677 558 3747 νῆες.
607 3678 823 3743 οὐδενὸς
848 3679 1010 3734 ἄλλου
1057 3681 1300 3735 τοιούτου
1343 3682 1481 3745 τέως
1539 3683 1844 3754 ἐπιχειρεῖν
1872 3685 1992 3739 τολ-

403 3768 600 3840 μηρῶς
648 3768 872 3840 ἔχουσαι
897 3786 912 3802 ⁸
959 3772 1150 3841 μόναις
1181 3771 1239 3826 δὲ
1273 3775 1393 3836 ταῖς
1438 3771 1548 3828 ἀπὸ
1577 3773 1688 3828 τῶν
1718 3773 1889 3844 βελῶν
1916 3794 1994 3830 νι-

399 3862 563 3931 φάσι,
612 3863 711 3915 καὶ
755 3862 918 3918 αὐτὸν
963 3864 1056 3918 τὸν
1086 3865 1226 3936 ἀέρα
1277 3864 1730 3931 συσκιαζούσαις,
1766 3868 1993 3925 ἔϐαλλον

400 3954 517 4008 ἀπὸ
560 3956 826 4028 μηκόθεν,
877 3957 1028 4012 οὐδὲν
1083 3954 1246 4031 ἧττον
1291 3960 1390 4014 καὶ
1420 3960 1601 4014 αὗτῶν
1645 3960 1993 4034 βαλλομένων

398 4051 520 4108 τοῖς
554 4066 614 4110 τε
642 4049 823 4121 βέλεσι
849 4051 1226 4122 πεμπομένοις
1247 4050 1518 4124 εὐστόχως
1549 4055 1643 4107 καὶ
1677 4053 1835 4122 ὀλίγα
1873 4057 1996 4110 δια-

404 4142 753 4214 μαρτάνουσι
783 4143 880 4198 καὶ
928 4147 1051 4208 ταῖς
1100 4144 1209 4199 ἀπὸ
1234 4144 1344 4198 τῶν
1374 4145 1719 4217 πετροϐόλων
1752 4164 1993 4218 καταφο-

2083 2966 2183 3024 per
2225 2966 2345 3008 eam
2397 2950 2698 3006 ascendere
2738 2957 2907 3019 atque
2951 2951 3102 3006 intro
3148 2948 3445 3019 pervadere
3495 2958 3672 3003 tenta-

2086 3035 2242 3100 bant.
2279 3043 2480 3098 Verum
2515 3057 2665 3096 mors
2695 3042 2985 3098 consilium
3013 3041 3296 3112 praevertit
3320 3041 3538 3111 vitaque
3574 3057 3674 3095 ex-

2091 3139 2410 3201 truduntur,
2436 3136 2556 3203 ejus
2581 3142 2750 3189 tanta:
2779 3134 2858 3189 rei
2881 3133 3223 3204 perﬁcienda:
3251 3133 3412 3186 modo
3436 3132 3668 3187 necdum

2093 3226 2257 3299 524
2281 3227 2528 3297 dispecta
2562 3245 2576 3281 :
2611 3225 2701 3280 vix
2739 3227 2885 3281 enim
2916 3225 3179 3296 gradibus
3217 3226 3445 3295 vestigia
3481 3225 3670 3279 admu-

2088 3329 2304 3387 verant,
2333 3335 2455 3375 cum
2490 3318 2775 3390 grandinis
2810 3320 2986 3374 instar
3020 3318 3198 3386 spissa
3233 3318 3476 3386 lapidum
3511 3318 3593 3372 vis
3614 3317 3670 3372 in

2088 3429 2186 3470 eos
2221 3402 2388 3468 missa
2417 3421 2471 3467 et
2497 3414 2635 3466 mari
2663 3421 2714 3466 et
2739 3411 2890 3466 letho
2921 3411 3250 3481 proﬂigavit.
3287 3413 3346 3465 ln
3367 3411 3455 3464 his
3483 3426 3672 3466 omnes

2090 3515 2416 3562 retroversae
2465 3519 2634 3561 naves
2693 3503 2830 3557 nihil
2880 3502 3058 3558 simile
3109 3503 3470 3571 imposterum
3525 3518 3677 3560 ausae

2092 3609 2259 3655 sunt:
2286 3596 2664 3652 tantummodo
2696 3596 3020 3666 sagittarum
3055 3595 3275 3658 nimbis,
3303 3596 3463 3663 quiet
3494 3609 3674 3650 aerem

2091 3693 2273 3762 ipsum
2295 3690 2650 3761 obtegebant,
2686 3690 2902 3744 eminus
2933 3686 3304 3752 incessebant,
3331 3703 3452 3740 cum
3487 3695 3542 3741 et
3572 3688 3675 3757 ipsi

2092 3783 2454 3838 nihilominus
2485 3783 2610 3836 telis
2663 3781 3108 3845 incesserentur,
3158 3779 3299 3833 scite
3326 3778 3551 3833 directis
3577 3793 3678 3849 pa-

2093 3889 2327 3946 rumque
2370 3874 2438 3928 ab
2488 3886 2657 3942 scopo
2707 3869 3116 3935 aberrantibus,
3165 3877 3220 3925 et
3264 3884 3295 3924 e
3340 3869 3552 3924 balistis
3611 3885 3677 3926 ac

2094 3966 2391 4038 catapultis
2428 3965 2648 4020 emissis
2687 3960 2984 4033 lapidibus,
3017 3977 3251 4033 quorum
3291 3962 3372 4015 vel
3404 3963 3554 4016 solus
3583 3977 3680 4031 per

2097 4075 2279 4115 aerem
2328 4067 2632 4129 conceptus
2679 4059 2862 4130 fragor
2906 4066 3187 4128 stuporem
3224 4055 3480 4110 Barbaris
3521 4057 3678 4111 incu-

2097 4154 2291 4209 tiebat.

404 4241 555 4311 ραῖς,
588 4231 664 4296 ὧν
726 4240 821 4295 καί
847 4239 1009 4304 αὐτὸς
1063 4239 1275 4311 μόνοςό
1302 4239 1391 4296 διὰ
1453 4239 1549 4294 τοῦ
1616 4242 1774 4313 ἀέρος
1843 4245 2193 4320 ἐγγινόμενος
2251 4249 2429 4321 ῥοῖζος
2488 4249 2750 4306 ἔκστασιν
2812 4250 2926 4313 τοῖς
2997 4245 3292 4317 βαρδίὶροις
3353 4245 3683 4316 ἐναπειργᾶο

400 4326 551 4390 ζετο.

479 4425 589 4492 κζ’.
618 4426 757 4497 Ἤδη
790 4427 901 4500 γὰρ
929 4427 1024 4482 καὶ
1048 4427 1078 4481 ὁ
1104 4426 1318 4498 λεχθεὶς
1356 4426 1625 4501 Νικήτας,
1666 4433 1696 4486 ὁ
1728 4433 1866 4508 πρὸς
1898 4433 1982 4489 τοῐ

2169 4433 2262 4490 27.
2288 4433 2409 4489 lam
2441 4433 2725 4487 enimvero
2755 4439 2810 4486 et
2839 4444 3010 4500 supra
3041 4427 3297 4483 laudatus
3335 4424 3578 4492 Nicctas,
3613 4425 3683 4480 ab

407 4523 680 4596 βασιλέως
705 4522 942 4587 σταλεὶς,
970 4522 1032 4576 τὸ
1055 4524 1235 4593 τεῖχος
1255 4521 1402 4578 ἅπαν
1427 4524 1669 4598 διέτρεχε
1699 4529 1793 4583 τὸν
1823 4527 1996 4600 δῆμον

405 4614 855 4688 παραθαρρύνων
876 4655 892 4681 ,
927 4615 1221 4684 Ἄνδρες..
1251 4615 1448 4685 λέγων,
1504 4620 1996 4688 Scaeam-mar},

406 4706 610 4772 ἄλλας
631 4707 749 4775 μὲν
774 4701 946 4776 εἷχον
964 4706 1080 4776 πρὸ
1107 4705 1287 4764 τοῦδε
1313 4708 1447 4778 περὶ
1468 4708 1637 4779 ὗμῶν
1654 4711 1999 4782 ὑπολήψεις

409 4798 514 4852 καὶ
545 4799 659 4852 οὐκ
679 4795 756 4852 ἂν
779 4797 934 4852 οὕτω
957 4800 1274 4867 γενναίους
1296 4798 1393 4852 καί
1409 4801 1560 4870 πρὸς
1589 4801 1655 4854 τὸ
1689 4800 1867 4871 ἔργον
1889 4801 1998 4857 τοῦ

409 4889 686 4959 πολέμου
717 4891 1057 4960 τολμηροὺς
1081 4894 1324 4962 ἔκρινον
1361 4890 1540 4956 εἶναι,
1579 4893 1773 4964 μηδὲν
1804 4895 1998 4950 τοιοῦ-

411 4996 527 5034 τον
541 4979 695 5050 μήτε
722 4981 1110 5049 πειραθέντας
1127 4980 1314 5036 πάλαι
1337 4982 1493 5051 μήτε
1517 4984 2001 5054 κατενεργνήσαν-

409 5091 528 5139 τας
549 5088 566 5106 ο
599 5071 739 5126 νυνι
765 5070 834 5125 δὲ
879 5071 991 5127 τοῦ
1014 5072 1360 5143 πράγματος
1389 5073 1429 5142 ἠ
1462 5074 1624 5143 ἀκμὴ
1661 5077 1774 5129 οὐκ
1824 5075 2001 5144 ἀγεν-

412 5165 547 5228 νεῖς
595 5165 762 5234 ἔχειν
812 5164 919 5232 τὰς
964 5165 1096 5235 περὶ
1148 5165 1315 5236 ὑμῶν
1364 5165 1676 5236 παρέσχεν
1722 5168 1998 5236 ἐλπίδας.

429 5254 574 5328 ὀρῶ
600 5258 710 5327 γὰρ
731 5256 963 5323 πάντας
989 5255 1144 5326 ὑμᾶς
1176 5257 1300 5326 τοῖς
1345 5274 1410 5314 τε
1435 5259 1676 5329 σώμασι
1703 5259 2002 5329 σφριγῶν-

416 5369 530 5420 τας
575 5353 674 5406 καὶ
723 5352 854 5420 ταῖς
883 5350 1114 5423 ψυχαῖς
1154 5351 1613 5423 ἀνδριζομένως
1669 5353 1766 5405 καὶ
1815 5351 2000 5420 illanc

2096 4528 2429 4597 imperatore
2474 4525 2721 4586 missus,
2775 4536 2995 4575 murum
3047 4534 3266 4574 omnem
3301 4516 3681 4587 percurrebat,

2094 4619 2355 4691 populum
2385 4618 2640 4671 animans
2670 4631 2685 4669 ε
2732 4610 2880 4680 Viri,
2912 4611 3127 4676 dicens,
3163 4607 3680 4671 Thessalonicenses,

2095 4712 2206 4767 alia
2238 4713 2301 4765 de
2327 4711 2468 4765 vobis
2493 4719 2652 4763 antea
2678 4706 3050 4762 existimabam
3074 4745 3092 4771 ,
3125 4720 3214 4758 nec
3241 4702 3374 4757 adeo
3404 4717 3683 4773 generosos

2095 4813 2143 4858 ct
2187 4802 2256 4856 ad
2284 4800 2650 4856 sustinendum
2678 4797 2926 4867 pra'lium
2973 4793 3202 4850 audaces
3238 4792 3492 4864 putabam
3513 4833 3528 4857 ,
3561 4808 3684 4846 cum

2096 4894 2230 4950 nihil
2258 4893 2360 4948 tale
2403 4901 2562 4947 antea
2589 4893 2789 4959 experti
2814 4890 2932 4945 sitis
2972 4898 3066 4943 aut
3113 4887 3493 4956 prwstiteritis.
3529 4887 3684 4938 Nunc

2096 4999 2216 5042 tero
2240 4985 2412 5055 ipsum
2442 4994 2644 5039 uertens
2674 4999 2939 5038 summum
2967 4980 3255 5036 discrimen
3288 4978 3418 5032 nihil
3444 4977 3508 5031 de
3542 4977 3684 5030 vobis

2097 5079 2372 5149 degeneres
2405 5092 2523 5146 spes
2561 5077 2689 5129 sinit
2717 5076 2927 5129 habere.
2968 5073 3180 5127 Etenim
3212 5088 3300 5126 vos
3335 5085 3514 5124 omnes
3537 5069 3685 5122 rideo

2101 5179 2209 5224 tum
2228 5169 2538 5239 corporibus
2561 5177 2778 5238 uegetos,
2800 5177 2909 5219 tum
2942 5167 3104 5234 fortes
3121 5165 3316 5218 animis
3337 5179 3400 5214 ac
3420 5169 3684 5221 strenuos.

2107 5271 2344 5331 totosque
2373 5261 2426 5314 in
2457 5274 2566 5314 rem
2608 5260 2838 5313 intentos
2865 5275 2926 5309 ac
2957 5256 3184 5319 alacres,
3212 5256 3302 5324 qui
3333 5252 3569 5305 hostibus
3603 5252 3684 5304 in-

2108 5354 2316 5409 aultetis
2345 5369 2628 5424 eorumque
2659 5352 2929 5407 machinas
2963 5352 3174 5403 robusto
3204 5358 3394 5401 conatu
3421 5345 3688 5399 avertatis.

1685 5441 1921 5502 VARIE
1955 5446 2366 5506 LECTION‘ES.

501 5542 549 5576 “
584 5559 634 5596 τι
677 5559 788 5594 om.
824 5543 889 5594 P.
967 5541 1007 5570 ²⁷
1047 5543 1162 5602 τοῖς
1193 5555 1302 5594 oin.
1335 5541 1397 5594 P.
1474 5540 1518 5572 "
1544 5538 1648 5610 ὅτι]
1686 5539 1783 5592 ἔτι.
1818 5537 1877 5592 Ρ.
