4066 6040
363 153 473 220 569

1483 144 1578 204 DE
1608 143 1920 204 EXCIDIU
1958 143 2573 204 THESSALONICE.

3535 149 3646 212 570

363 262 615 331 καὶπρὸς
646 260 706 314 τὸ
740 261 871 313 είσω
911 255 1313 330 μετοχετεῦσαν
1345 255 1650 327 ἐξαφθῆναι
1700 257 1780 309 δι’
1830 257 1947 310 ὅλου

2059 255 2389 321 combussit,
2442 257 2580 312 adeo
2634 265 2693 312 ut
2741 257 2907 329 paulo
2964 264 3089 328 post
3148 258 3487 325 corruerint,
3543 272 3645 317 nec

363 355 460 419 τὰς
489 354 670 418 πύλας
693 355 1030 424 ⁴Ιινάγκασιιν,
1058 351 1135 416 ὡς
1179 350 1318 421 μετὰ.
1347 348 1522 420 βραχὺ
1557 348 1762 412 ταύτας
1787 366 1956 403 κατα-

367 448 554 500 πεσεῖν
574 446 670 499 καὶ
698 443 900 498 δειλίαν
938 444 998 495 ού
1017 443 1118 512 τὴν
1140 441 1413 512 τυχοῦσαν
1434 441 1642 496 ἅπασιν
1675 440 1954 510 ἐμϐαλεῖν.

365 537 544 590 Μόνον
569 536 679 606 γὰρ
709 538 792 588 ὅτι
821 533 944 588 καθ’
965 534 1093 604 ὅλης
1124 531 1406 604 ἐκηρύχθη
1447 531 1545 602 τῆς
1574 531 1623 564 ⁸⁸
1657 533 1868 596 πόλεως
1923 533 1957 603 ἡ

363 628 474 681 τῶν
497 627 684 682 πυλῶν
711 629 996 690 ἐκκαυσις,
1027 625 1124 679 καὶ
1149 624 1404 695 καθάπερ
1433 623 1580 687 τινος
1603 623 1792 694 ξίφους
1827 627 1958 678 61:0-

363 723 666 794 δραμόντος
696 721 796 786 τὰς
825 721 1082 776 ἁπάντων
1108 716 1356 789 καρδίας,
1405 716 1579 781 οὕτως
1628 717 1958 785 ἐναγωνίους

365 815 460 869 καὶ
481 813 785 884 τρομώδεις
810 815 938 876 τοὺς
976 811 1300 882 ἀνθρώπους
1329 809 1624 880 πεποίηκε,
1681 807 1783 872 τὰς
1819 825 1956 880 μορ-

361 905 471 976 φὰς
510 906 918 970 ἀλλοιώσαντας
987 905 1082 959 καὶ
1113 905 1296 956 πᾶσαν
1325 901 1570 974 χρηστὴν
1598 899 1795 970 ἁθρόον
1819 917 1957 973 προ-

360 997 670 1064 δεδωκότας
724 998 939 1052 ἐλπίδα.
990 996 1105 1051 Καὶ
1159 995 1270 1065 γὰρ
1312 980 1364 1048 οί
1407 993 1515 1065 πρὸ
1569 992 1802 1064 βραχέος
1842 981 1957 1057 τοῖς

363 1091 600 1163 τείχεσιν
627 1090 976 1160 ἐξαλλόμενοι
1004 1089 1100 1143 καὶ
1150 1073 1284 1158 πρὸς
1307 1087 1399 1140 τὸν
1421 1087 1508 1140 διὰ
1539 1086 1721 1157 μάχης
1765 1085 1956 1154 ἀγῶνα

363 1184 628 1254 ἀλλήλους
664 1181 1083 1251 ἐγκελευόμενοι
1125 1179 1360 1232 πτωχῶν
1395 1178 1781 1249 άδρανέστεροι
1835 1176 1956 1241 ταῖς

363 1277 651 1347 ἀληθείαις
685 1275 1014 1330 ἐδείκνυντο.
1044 1272 1188 1327 Δύτδ
1218 1273 1328 1344 γὰρ
1371 1271 1552 1338 τοῦτο,
1602 1258 1666 1325 si;
1701 1270 1802 1341 τὴν
1856 1286 1958 1341 μη-

361 1371 533 1442 χανὴν
591 1368 813 1439 ἐκείνην
862 1367 944 1429 είς
1020 1365 1183 1436 ἔργον
1245 1363 1517 1436 ἐκϐῆναι,
1588 1362 1954 1436 μαντεύεσθαι

362 1461 456 1515 τοῦ
499 1447 688 1525 τέλους
715 1463 840 1524 ταῖς
885 1459 1144 1514 ἁπάντων
1169 1457 1344 1512 ἐδίδου
1387 1457 1604 1528 ψυχαῖς.
1663 1455 1814 1526 Πλὴν
1867 1457 1953 1510 δτι

361 1553 470 1606 τῶν
513 1552 621 1617 ἔξω
669 1551 857 1605 πυλῶν
914 1547 1369 1620 πυρποληθεισῶν
1417 1550 1518 1612 τὰς
1580 1546 1730 1601 ἔνδον
1791 1548 1953 1617 ἡμεῖς

357 1644 547 1714 τειχίῳ
607 1644 717 1697 τινὶ
785 1642 1096 1712 νεοδομήτῳ
1174 1638 1371 1694 θᾶττον
1442 1637 1949 1710 περιφραξάμενοι,

359 1735 532 1791 ὕδατά
556 1750 616 1789 τε
643 1723 766 1799 ταῖς
787 1718 1079 1800 ἐπάλξεσιν
1109 1733 1167 1785 ἔν
1191 1748 1302 1787 τισι
1326 1730 1770 1803 προαποθέμενοι
1789 1730 1951 1785 σκεύο

358 1846 497 1894 εσιν,
554 1813 972 1898 ἐφυλαττόμεθα
1018 1828 1150 1880 πότε
1192 1828 1287 1879 καὶ
1345 1825 1483 1895 πρὸς
1530 1809 1736 1887 ταύτας
1788 1826 1952 1895 τυχὸν

358 1920 770 1991 ἐφορμήσουσιν
793 1921 842 1971 0t
880 1917 1154 1988 πολέμιοι,
1187 1917 1268 1968 ἶν’
1326 1918 1416 1971 ὅτε
1461 1902 1564 1984 τῆς
1609 1917 1951 1985 κακουργίας

359 2013 454 2065 καὶ
473 2009 630 2073 αὖθις
657 2009 1110 2080 ἐπιχειρήσωσιν,
1159 2007 1374 2076 ἔχωμεν
1415 2009 1566 2072 ὅπως
1610 2008 1710 2078 τῆς
1751 2007 1950 2078 φλογὸς

355 2099 831 2171 ἀντιποιησόμεθα
855 2099 953 2154 καὶ
982 2101 1080 2168 τῆς
1118 2099 1413 2169 ἐπιϐουλῆς
1469 2090 1803 2169 ἀπειράτους
1847 2101 1948 2165 τὰς

358 2191 534 2256 πύλας
558 2192 988 2263 διατηρήσομεν.
1018 2193 1084 2246 Ὀ
1105 2192 1171 2260 δὴ
1213 2193 1307 2244 καὶ
1327 2191 1546 2260 γνόντες
1596 2179 1795 2245 ἐκεῖνοι
1821 2193 1949 2246 οὑκ-

355 2285 440 2338 ἐτι
472 2287 595 2347 ταῖς
617 2274 903 2346 ’τοιαύταις
945 2283 1330 2345 κακοϐουλίαις
1363 2283 1686 2354 ἐχρήσαντο,
1732 2284 1950 2354 ἑτέραις

352 2375 412 2431 δέ
455 2393 599 2430 τισιν
628 2375 856 2447 ἔμελλον
876 2375 1212 2445 δεινοτέραις
1240 2375 1384 2428 En"
1414 2377 1512 2430 καὶ
1552 2376 1952 2448 σφοδροτέραις

353 2469 444 2522 τὸν
505 2469 632 2523 καθ’
700 2469 858 2539 ἡμῶν
911 2467 1255 2538 ἐπιτηδεύειν
1300 2467 1544 2538 ὄλεθρον,
1602 2469 1665 2522 ὃν
1725 2471 1953 2540 οὐδεμιᾷ

357 2559 569 2630 μεθόδῳ
600 2558 695 2613 τοῦ
725 2559 916 2613 λοιποῦ
944 2559 1174 2613 δυνατὸν
1195 2555 1264 2631 ἦν
1296 2559 1728 2630 διακρούσασθαι
1751 2563 1950 2631 ἐνεργῇ

349 2652 407 2704 τε
437 2653 484 2684 ³⁸
513 2636 648 2708 δντα
685 2652 782 2705 καὶ
817 2653 1002 2705 πᾶσαν
1031 2653 1285 2722 μηχανὴν
1331 2648 1753 2723 ὑπερϐαίνοντα.
1798 2653 1947 2724 Πλὴν

352 2745 492 2796 οὔτω
509 2742 606 2797 τοῦ
630 2745 803 2813 πυρὸς
829 2728 1190 2813 παυσαμένου
1220 2743 1283 2796 τὸ
1331 2743 1521 2796 λοιπὸν
1568 2745 1669 2812 τῆς
1729 2745 1946 2816 ἡμέρας

353 2822 460 2897 τοῖς
492 2833 842 2902 πετροϐόλοις
869 2834 1114 2904 ἐχρῶντο
1136 2834 1261 2890 καθ’
1283 2834 1441 2903 ἡμῶν
1472 2837 1569 2888 καὶ,
1593 2837 1707 2898 τοῖς
1744 2835 1944 2899 τόξοις,

2063 349 2236 404 levem
2269 349 2620 406 formidinem
2648 353 2866 406 cunctis
2916 349 3228 419 injecerint.
3287 347 3390 405 Per
3421 365 3644 408 omnem

2060 442 2212 496 enim
2254 455 2424 511 prope
2446 442 2725 497 civitatem
2757 441 3039 513 publicato
3075 442 3352 510 incendio,
3398 459 3464 498 ac
3499 446 3646 500 velut

2061 535 2242 606 gladio
2280 535 2530 590 omnium
2567 535 2830 592 cordibus
2886 533 3079 602 inﬁxo,
3123 536 3207 590 sic
3249 551 3450 604 pavore
3493 537 3645 591 anxii

2060 630 2280 696 actique
2311 637 2548 684 tremore
2578 627 2730 684 cives
2760 643 2825 685 ac
2861 628 3012 683 vultu
3051 629 3327 682 immutati
3372 629 3646 683 mitiorem

2059 734 2216 790 spem
2243 734 2466 775 omnem
2503 730 2725 790 repente
2764 721 3109 788 abjeeerunt.
3166 719 3271 785 Qui
3307 721 3453 774 enim
3483 722 3648 791 paulo

2059 821 2185 867 ante
2226 813 2401 868 muris
2432 811 2590 884 531
2639 812 2962 868 assiliebant
2993 827 3165 882 seque
3218 822 3409 866 mutuo
3440 812 3507 866 ad
3547 827 3649 883 pu-

2057 919 2177 976 gnze
2214 911 2496 961 certamen
2532 905 2878 969 animabant,
2932 903 3213 975 leporibus
3244 905 3552 960 timidiores
3588 920 3646 960 re

2060 996 2180 1067 ipsa
2205 993 2489 1053 exstitere.
2534 995 2718 1068 Ipsum
2751 997 2899 1052 enim
2935 997 3062 1061 hoc,
3091 997 3240 1067 quod
3273 997 3354 1051 sic
3383 997 3645 1052 machina

2057 1087 2410 1142 commodum
2463 1089 2671 1143 exitum
2719 1087 3027 1155 habuisset,
3075 1097 3402 1142 cunctorum
3444 1089 3646 1144 animis

2057 1178 2202 1234 haud
2236 1179 2447 1234 incerta
2472 1179 2791 1249 conjectura
2819 1179 2888 1234 de
2921 1184 3028 1234 line
3051 1182 3310 1250 augurari
3345 1181 3642 1248 prazhebat.

2056 1268 2168 1326 Nos
2197 1270 2490 1326 enimvero
2522 1272 2895 1327 exterioribus
2947 1273 3124 1343 portis
3163 1274 3286 1344 igne
3318 1273 3642 1344 absumptis,

2057 1363 2354 1418 interiores
2401 1377 2562 1418 muro
2613 1363 2680 1418 de
2725 1378 2869 1418 novo
2927 1372 3219 1419 exstructo
3269 1365 3643 1432 conteximus,

2055 1470 2328 1526 aquarum
2369 1457 2480 1511 vim
2523 1455 2578 1511 iu
2613 1456 2759 1512 vasis
2793 1457 3092 1526 repositam
3128 1458 3182 1511 in
3219 1459 3644 1528 propugnaculis

2055 1557 2363 1614 servantes,
2399 1548 2447 1604 si
2505 1548 2731 1616 quando
2773 1556 2829 1603 et
2867 1548 2991 1604 illas
3036 1547 3339 1605 adversarii
3395 1551 3644 1606 incesse-

2058 1650 2203 1704 rent.
2256 1649 2315 1696 ut
2341 1640 2619 1710 siquidem
2678 1640 2829 1696 istud
2867 1640 3120 1696 maleﬁcii
3159 1641 3343 1696 denuo
3381 1641 3648 1714 aggrede-

2059 1742 2276 1799 rentur,
2315 1732 2369 1787 in
2401 1739 2662 1803 promptu
2697 1740 2846 1788 esset
2890 1747 3003 1804 quo
3043 1732 3517 1800 restingueremus
3556 1733 3647 1788 in-

2055 1824 2254 1881 cendia
2279 1835 2445 1894 atque
2479 1822 2548 1877 ab
2580 1821 2801 1880 insidiis
2831 1823 3041 1880 liberas
3094 1825 3343 1894 labisqne
3373 1825 3648 1881 immunes

2058 1924 2246 1987 portas
2280 1929 2650 1971 servaremus.
2703 1913 2859 1982 Quod
2900 1914 2980 1969 illi
3013 1931 3236 1986 quoque
3265 1916 3645 1988 intelligentes

2059 2009 2196 2065 nihil
2226 2010 2371 2064 ultra
2407 2009 2715 2064 maleﬁcum
2774 2010 2922 2064 istud
2976 2018 3348 2066 commentum
3406 2023 3642 2078 nsttrpa-

2057 2110 2233 2156 runt:
2292 2101 2415 2157 aliis
2446 2107 2630 2156 tamen
2667 2101 3001 2171 quibusdam
3054 2100 3358 2155 diriorihus
3411 2098 3645 2153 validio-

2058 2194 2321 2265 ribusque
2363 2194 2594 2251 exitium
2641 2205 2890 2251 nostrum
2934 2203 3094 2249 erant
3137 2193 3422 2258 molituri,
3483 2191 3647 2263 cujus

2055 2286 2368 2357 depellendi
2412 2288 2560 2342 nulla
2591 2287 2855 2358 deinceps
2901 2288 2987 2340 via
3019 2287 3178 2342 nobis
3220 2287 3432 2356 reliqua
3465 2292 3640 2348 esset,

2052 2389 2208 2434 tanta
2255 2377 2474 2434 illorum
2515 2381 2588 2446 vi,
2638 2382 2811 2436 tantis
2856 2381 3041 2434 nervis
3092 2391 3260 2448 atque
3308 2387 3536 2443 conatu,
3581 2386 3644 2431 ut

2050 2473 2157 2526 vim
2189 2487 2409 2527 omnem
2441 2474 2824 2528 machinarum
2870 2472 3225 2527 excederent;
3286 2469 3401 2527 lloc
3450 2471 3642 2540 itaque

2048 2562 2214 2616 modo
2266 2576 2391 2616 eum
2454 2565 2598 2634 ignis
2656 2578 2954 2630 cessasset,
2999 2566 3143 2635 quod
3195 2565 3468 2634 reliquum
3509 2575 3637 2618 erat

2047 2653 2197 2718 diei,
2231 2656 2523 2723 catapultis
2581 2655 2894 2726 iaculisque
2951 2663 3238 2727 peractum
3289 2665 3410 2723 est,
3463 2654 3644 2712 donec

2050 2747 2343 2800 nocturnis
2374 2747 2618 2801 tenebris
2667 2747 2759 2800 lux
2795 2747 2985 2810 cessit,
3044 2744 3329 2818 eﬂ‘usaque
3370 2745 3552 2816 caligo
3584 2755 3643 2800 et

2051 2837 2253 2892 invitos
2281 2854 2308 2890 a
2343 2853 2538 2908 pugnae
2569 2837 2876 2892 certamine
2913 2837 3167 2891 retraxit.

353 2928 544 2998 μέχρις
567 2928 712 2981 ἂντδ
735 2926 1052 2998 νυκτερινὸν
1075 2927 1267 2991 σκότος
1293 2928 1355 2980 τὸ
1410 2929 1528 2997 cpio;
1587 2929 1862 2995 διεδέξατο
1913 2930 2013 2987 καὶ
2043 2931 2143 3000 τῆς
2200 2933 2442 3000 ἀγωνίας
2508 2930 2780 2984 παύεσθαι
2833 2929 2967 3000 μηδέ
3027 2930 3388 3001 βουλομένους
3437 2931 3644 2987 αὐτοὺς

348 3018 755 3090 κατηνάγκασε.

415 3114 516 3184 λβ’.
575 3111 707 3167 Εἶτα
763 3116 954 3186 ἐπειδὴ
1009 3115 1104 3168 τοῦ
1144 3117 1398 3185 πολεμεῖν
1435 3118 1764 3182 ἐπαύσαντο,
1816 3118 1935 3180 ταῖς

2109 3113 2199 3167 52.
2233 3111 2393 3175 Tum,
2427 3126 2554 3164 cum
2593 3125 2788 3180 pugnae
2805 3109 2970 3164 ﬁnem
2999 3108 3285 3172 fecissent,
3316 3110 3640 3169 conscensis

346 3208 542 3261 ναυσὶν
578 3205 662 3278 [Ρ.
690 3207 820 3275 3M]
853 3207 1124 3275 ἐμϐάντες
1151 3208 1246 3260 καί
1284 3224 1337 3259 τι
1378 3207 1576 3276 μικρὸν
1632 3207 1944 3278 ἡσυχάσαν-

347 3316 440 3362 τες
469 3299 704 3370 ἦρχοντο
731 3297 824 3350 τοῦ
841 3297 1117 3368 δράματος
1139 3298 1276 3367 ὅπερ
1305 3295 1446 3368 ἦσαν
1468 3301 1589 3360 ταῖς
1612 3297 1816 3350 ἑαυτῶν
1834 3298 1946 3350 δει-

344 3391 536 3460 νότησι
564 3388 1057 3460 προεξευρημένοι.
1091 3390 1166 3443 Τὸ
1220 3392 1277 3444 δὲ
1316 3387 1384 3461 ἦν
1439 3391 1703 3461 τοιαύτην
1760 3391 1947 3455 αὐτοῖς

341 3483 659 3552 ἀπόπειραν
683 3480 971 3551 ἐμποιοῦν,
1108 3482 1157 3534 εί
1189 3481 1291 3551 μέν
1310 3466 1378 3534 δι’
1409 3472 1576 3536 αὑτοῦ
1600 3485 1644 3517 ¹⁹
1666 3481 1947 3553 δυνηθεῖεν

339 3574 444 3644 τὴν
479 3573 636 3626 πόλιν
657 3567 979 3642 πορθήσειν,
1013 3568 1071 3625 εὖ
1106 3573 1174 3626 ἂν
1215 3571 1362 3642 ἔχειν
1389 3574 1458 3637 ⁸⁸,
1513 3573 1607 3628 διὰ
1656 3574 1720 3628 τὸ
1777 3559 1947 3642 μηδὲν

341 3666 473 3723 ἄλλο
497 3663 607 3718 τῶν
631 3665 710 3726 είς
740 3664 1060 3736 πολιορκίαν
1091 3651 1483 3718 συντεινόντων
1530 3665 1621 3718 ῖσα
1682 3649 1943 3718 δύνασθαι

340 3757 556 3821 τούτου,
587 3757 682 3809 καὶ
717 3754 935 3825 μάλισθ’
969 3757 1100 3808 ὃταν
1128 3757 1224 3825 ἀφ’
1278 3756 1487 3810 ὑδάτων
1521 3757 1671 3809 ἐστὶν
1717 3757 1750 3824 ὴ
1794 3755 1942 3827 μάχη

341 3851 439 3905 καὶ
469 3849 547 3921 μὴ
575 3847 854 3920 μεσιτεύει
887 3847 1080 3919 χέρσος
1107 3849 1210 3919 τὴν
1228 3847 1523 3919 ἐπιϐουλὴν
1553 3832 1939 3903 διακόπτουσα·

339 3942 392 3994 εί
418 3940 476 3996 δέ
497 3957 562 4007 γε
589 3940 731 4012 μετὰ
751 3938 862 3994 τῶν
897 3937 1074 3993 ἄλλων
1099 3930 1176 3991 ὧν
1205 3937 1628 4007 προενήργησαν
1655 3935 1750 3989 καὶ
1781 3934 1942 3987 τοῦτο

336 4036 420 4097 είς
452 4033 619 4103 μηδὲν
646 4032 830 4094 αὐτοῖς
863 4029 906 4061 ⁶¹
941 4025 1306 4093 συντελέσειε,
1330 4028 1458 4089 τοὺς
1476 4029 1555 4090 είς
1589 4026 1748 4079 τοῦτο
1795 4040 1938 4093 παρο

334 4127 696 4197 ορμήσαντας
729 4122 931 4185 αὐτοὺς
966 4121 1061 4175 καὶ
1084 4118 1340 4174 τοσοῦτον
1357 4113 1526 4172 πλοῦν
1553 4117 1805 4170 διανῦσαι
1833 4116 1938 4186 μά-

333 4235 441 4292 την
495 4216 996 4287 ἀποπλανήσαντας
1054 4218 1166 4275 τοῖς
1225 4209 1413 4274 ὅπλοις
1479 4208 1939 4292 διαχειρίσασθαι,

335 4315 435 4368 καὶ
466 4310 643 4373 οὕτως
677 4311 737 4362 ἐν
762 4309 874 4370 τοῖς
907 4306 1058 4368 ἰδίοις
1087 4303 1374 4376 ἀπαίρειν.
1415 4298 1636 4372 Ταύτην
1666 4297 1760 4354 οὖν
1805 4299 1940 4370 παρ’

335 4403 554 4468 ἑαυτοῖς
580 4402 799 4472 θέμενοι
818 4400 920 4471 τὴν
959 4397 1178 4469 βουλὴν,
1223 4397 1307 4448 ἑτι
1355 4396 1488 4450 κατ’
1533 4394 1709 4476 ἀρχὰς
1771 4392 1938 4464 ούσης

334 4497 437 4567 τῆς
480 4495 699 4559 νυκτὸς,
764 4492 860 4545 τοῦ
923 4491 1170 4545 ποικίλου
1221 4488 1316 4566 καὶ
1354 4485 1669 4549 πολυειδοῦς
1723 4485 1937 4538 ἐκείνου
1969 4464 2016 4520 θ

334 4565 656 4658 ἀπήρξαντο
690 4585 1104 4656 μηχανήματος.
1172 4565 1504 4646 Ἕξάψαντες
1530 4577 1574 4608 ⁶’
1624 4576 1736 4646 γὰρ
1799 4587 1938 4628 πανο

334 4679 504 4749 ταχοῦ
539 4679 713 4747 φῶτα,
737 4679 832 4731 καὶ
892 4677 1072 4739 πάσας
1113 4673 1294 4729 αὐτῶν
1333 4672 1434 4735 τὰς
1478 4669 1613 4741 νῆας
1664 4668 1805 4723 κατὰ
1842 4667 1937 4721 δύο

337 4770 698 4838 συζεύξαντες
725 4771 922 4838 ἑτέραν
957 4767 1057 4837 τῆς
1085 4766 1280 4835 ἐτέρας
1319 4765 1612 4834 ἐχομένην,
1673 4760 1769 4815 καί
1821 4776 1935 4813 τισι

337 4861 524 4923 κάλοις
561 4858 843 4928 στιὸαροῖς
870 4859 968 4910 καὶ
1003 4855 1250 4925 σιδηραῖς
1279 4838 1508 4908 ἁλύσεσι
1536 4852 1634 4914 τὰς
1658 4843 1936 4922 ἑκατέρων

336 4954 578 5023 πλευράς
603 4951 997 5020 συσφίγξαντες
1028 4951 1165 5020 πρὸς
1225 4950 1289 5002 τὸ
1338 4949 1414 5019 μὴ
1465 4947 1660 5020 ῥᾳδίως
1701 4947 1935 5015 ἀφίστα-

339 5045 486 5111 σθαι,
513 5045 842 5099 ἀνείλκυσαν
871 5043 961 5098 διὰ
1002 5044 1111 5096 τῶν
1140 5043 1284 5097 κατὰ
1316 5041 1546 5113 πρῶραν
1589 5040 1934 5112 ἀπῃωρημέ-

337 5159 440 5195 νων
470 5139 740 5209 ἐξαρτίων
761 5138 808 5169 ⁸³
855 5138 924 5191 τὰ
967 5138 1059 5191 διὰ
1083 5139 1253 5207 μέσου
1301 5135 1723 5207 προϐεϐλημένα
1774 5130 1930 5196 ξύλα,

334 5230 368 5285 ἃ
400 5233 514 5293 τοῖς
550 5227 995 5296 ναυτιλλομένοις
1056 5229 1328 5298 κατάρτια
1367 5226 1554 5280 καλεῖν
1599 5224 1742 5288 ἔθος.
1795 5219 1931 5277 Εἶτα

333 5321 462 5385 τοὺς
488 5321 595 5376 τῶν
625 5319 906 5390 ἑκατέρων
931 5319 1079 5391 νηῶν
1097 5322 1334 5390 αύγένας
1357 5321 1416 5373 ἐν
1451 5319 1663 5380 τούτοις
1707 5318 1796 5372 διὰ
1821 5317 1930 5372 τῶν

2047 3205 2280 3260 navibus
2320 3217 2566 3269 curaque
2616 3203 2789 3256 animi
2844 3218 3144 3274 parumper
3200 3203 3438 3259 remissa
3478 3206 3642 3260 moli-

2046 3296 2216 3350 tionis
2251 3311 2390 3364 Opus
2421 3293 2664 3363 aggressi
2703 3303 2870 3359 sunt,
2918 3293 3083 3363 cujus
3119 3295 3222 3351 sibi
3272 3295 3376 3365 ipsi
3415 3297 3639 3352 solertia

2045 3401 2146 3441 sua
2182 3385 2502 3454 ingeniique
2559 3385 2884 3441 dexteritate
2923 3386 3239 3443 inventores
3273 3398 3642 3459 auctoresque

2044 3479 2389 3533 exstiterant.
2427 3477 2587 3547 532
2643 3478 2852 3548 Nempe
2907 3478 3013 3533 hoc
3063 3479 3176 3535 illis
3227 3481 3544 3547 consilium,
3591 3482 3641 3538 is

2045 3585 2267 3639 seopus,
2302 3578 2361 3622 ut
2393 3570 2831 3638 experimentum
2863 3570 3136 3639 ejusmodi
3195 3572 3462 3640 facerent,
3498 3581 3559 3628 ut
3587 3574 3638 3628 si

2042 3676 2110 3716 eo
2151 3663 2454 3732 expugnari
2521 3662 2799 3717 civitatem
2855 3668 3228 3734 contingeret,
3285 3665 3424 3722 bene
3465 3674 3636 3730 esset,

2043 3747 2202 3823 quod
2241 3755 2451 3809 nullum
2496 3754 2647 3809 aliud
2685 3755 2753 3810 ad
2795 3756 3133 3813 obsidendas
3164 3759 3331 3812 urbes
3375 3758 3637 3814 conduci-

2043 3845 2212 3901 bilius
2268 3846 2550 3901 videretur
2597 3855 2692 3900 aut
2742 3848 3002 3914 validius,
3036 3858 3093 3902 et
3136 3849 3486 3919 potissimum
3509 3864 3637 3904 cum

2041 3954 2108 3995 ex
2157 3938 2316 4008 aquis
2355 3954 2536 4006 pugna
2585 3940 2925 4003 conseritur,
2977 3957 3078 3994 nec
3123 3941 3414 4010 interjecta
3456 3945 3639 3997 conti-

2044 4046 2184 4086 nens
2218 4031 2521 4086 molitionis
2551 4047 2710 4100 ,οριιε
2757 4032 3151 4104 interrumpit:
3202 4034 3287 4090 sin
3343 4050 3472 4090 vero
3510 4051 3635 4091 cum

2043 4122 2189 4185 aliis,
2236 4138 2359 4191 qua:
2405 4133 2564 4176 antea
2609 4124 2712 4193 ipsi
2764 4125 2937 4178 moliti
2986 4135 3197 4187 essent,
3259 4127 3372 4180 hac
3414 4142 3639 4197 queque

2043 4214 2113 4268 iis
2133 4229 2302 4283 opera
2330 4229 2487 4269 cassa
2525 4215 2687 4280 foret,
2719 4231 2816 4271 eos
2844 4216 2938 4286 qui
2967 4216 3034 4270 ad
3064 4233 3178 4271 rem
3207 4218 3636 4289 aggrediendam

2045 4317 2469 4373 provocassem.
2519 4315 2574 4359 et
2616 4317 2676 4361 ut
2733 4317 2886 4362 tanta
2923 4310 3200 4378 navigatio
3253 4311 3637 4381 susciperetur

2045 4400 2174 4452 fuco
2219 4398 2301 4452 eis
2352 4406 2613 4454 auctores
2664 4400 3030 4466 exstitissent,
3079 4402 3223 4456 lerro
3268 4403 3635 4469 trucidarent,

2044 4498 2275 4553 tumque
2316 4491 2383 4543 ad
2423 4492 2641 4559 propria
2675 4492 2942 4548 redirent.
2989 4492 3102 4548 Hoc
3148 4496 3318 4564 igitur
3357 4496 3502 4550 inter
3535 4510 3634 4552 eos

2043 4583 2348 4638 deliberate
2379 4585 2610 4637 consilio
2647 4586 2766 4651 ipso
2802 4587 2982 4641 noctis
3014 4588 3211 4642 obortu
3248 4588 3465 4642 varium
3501 4587 3634 4642 illud

2042 4681 2099 4728 et
2146 4673 2484 4729 multiforme
2537 4676 3040 4731 machinamentum
3095 4678 3273 4733 adorti
3318 4688 3467 4733 sunt.
3521 4681 3634 4735 Ac-

2042 4767 2226 4822 eensis
2269 4767 2415 4822 enim
2460 4767 2667 4836 ubique
2727 4769 3072 4831 luminibus.
3129 4769 3459 4840 edoctisque
3495 4788 3635 4841 quas

2043 4857 2424 4915 conduxerant
2463 4860 2697 4914 navibus
2735 4861 2880 4915 binis
2907 4861 3243 4932 conjngatis,
3285 4872 3339 4918 et
3373 4870 3435 4916 ut
3460 4865 3632 4919 altera

2042 4949 2201 5004 alteri
2257 4949 2678 5015 coharescerct,
2726 4953 3028 5023 densisque
3065 4954 3388 5009 retinaculis
3427 4961 3482 5007 et
3532 4970 3631 5008 ca-

2040 5041 2187 5095 tenis
2237 5038 2437 5095 ferreis
2469 5054 2660 5096 earum
2713 5043 2883 5097 latera
2919 5045 3268 5112 Colligantes,
3312 5059 3380 5097 ne
3425 5058 3455 5096 a
3506 5061 3631 5098 sese

2037 5129 2199 5185 facile
2227 5130 2644 5195 divellerentur,
2699 5148 2797 5203 per
2836 5135 3012 5189 malos
3059 5135 3110 5188 in
3154 5150 3316 5206 prora
3349 5149 3629 5204 appenSus

2035 5223 2180 5294 ligna
2213 5225 2267 5278 in
2301 5225 2480 5278 medio
2510 5227 2831 5289 eminentia,
2875 5243 2997 5297 quae
3037 5227 3200 5298 vulgo
3235 5229 3417 5283 nautis
3443 5237 3626 5282 catar-

2037 5317 2116 5370 ria
2152 5315 2320 5382 dicta,
2364 5331 2586 5372 sursum
2619 5325 2858 5374 traxere.
2908 5317 3050 5373 Tum
3083 5320 3369 5375 ambarum
3403 5320 3625 5374 navium

1621 5430 1854 5487 VARI/ii
1907 5429 2316 5488 LECTIONES.

407 5527 452 5560 ⁸³
469 5527 566 5592 τῆς
595 5544 707 5584 mn.
726 5527 784 5583 P.
887 5529 933 5559 ⁸⁷
959 5525 1040 5579 ἔτι
1068 5543 1176 5579 om.
1205 5525 1265 5579 Ρ.
1371 5526 1415 5558 ³⁸
1449 5542 1503 5577 τε
1527 5542 1635 5579 om.
1661 5523 1718 5577 ι’.

343 5592 384 5625 ιι
421 5597 729 5669 ὓρράψαντες
758 5603 821 5652 Λ,
903 5598 948 5630 ⁸³
971 5597 1247 5670 ἐξαρτᾶων
1298 5597 1399 5651 Μ’.

1822 5528 1862 5555 ³·
1898 5527 2084 5594 αὐτῆς.
2124 5524 2181 5580 l‘.

2283 5526 2327 5556 "°
2359 5527 2530 5595 ﬁxe-.29
2573 5526 2629 5592 Ρ,
2672 5525 2847 5596 ἔχοιεν
2880 5530 2941 5582 Α.
3023 5529 3062 5558 ⁶¹
3108 5525 3315 5598 mox]
3350 5527 3522 5598 αὐτὴν
3555 5531 3617 5582 Α.
