4066 6040
362 87 457 152 571

1583 84 1922 151 JOANNES
1962 85 2398 147 CAMENIATA

3527 81 3631 148 572

359 203 597 277 αὐχένας
625 219 763 274 quos
803 212 1000 260 vocant
1035 205 1120 276 (ac
1153 205 1197 262 si
1241 205 1369 277 jnga
1400 207 1577 277 diras)
1607 207 1814 264 interea
1839 219 1931 277 per

2059 201 2115 265 .ίς
2145 201 2245 274 τὴν
2275 201 2538 272 κεφαλίδα
2577 199 2966 274 στρεφομένων
3010 197 3261 270 σχοινίων
3316 195 3481 269 μέσον
3527 216 3631 255 που

365 298 527 353 funes
563 300 614 352 in
643 301 821 369 capite
847 300 1083 355 intortos
1111 299 1164 353 in
1191 300 1427 354 medium
1462 314 1642 356 aerem
1679 303 1944 368 levantes,

367 407 612 463 suosque
667 408 831 448 enses
884 409 948 449 ex
1003 409 1180 464 prora:
1221 403 1374 463 parte
1416 406 1684 465 extraque
1721 397 1941 452 navium

362 486 696 541 diametrum
723 487 1160 556 exporrigentrs,
1206 488 1511 541 inauditum
1543 489 1815 559 iidemque
1846 507 1943 543 ex-

365 577 567 634 cedens
600 592 665 632 ac
709 585 1097 648 portentosum
1130 577 1341 633 fraudis
1383 581 1562 634 omnis
1599 579 1946 650 solertizeqne

368 672 646 726 inventum
699 670 932 725 artilicio
977 670 1068 724 illo
1113 674 1407 727 commenti
1453 680 1603 727 sunt.
1667 672 1726 726 ln
1777 674 1945 729 altum

365 765 537 827 enim,
589 766 667 818 uti
700 763 973 828 dicebam,
1025 766 1244 819 navium
1278 765 1427 837 iugis
1459 767 1756 835 protensis,
1786 768 1948 838 longa

368 854 531 928 533
582 859 835 928 quaedam
888 859 1033 929 ligna
1081 860 1362 929 tignaquc.
1414 875 1583 915 unum
1629 867 1752 932 post
1800 861 1948 917 aliud

366 950 560 1005 ordine
593 951 949 1014 collocantes,
989 951 1057 1005 iis
1101 951 1444 1019 injecerant;
1500 952 1730 1022 locaque
1776 953 1950 1009 inter-

363 1042 513 1113 jeeta
579 1053 724 1098 terra
790 1041 1077 1111 explentes
1140 1042 1196 1096 in
1265 1043 1454 1098 solerti
1512 1043 1613 1098 hac
1671 1042 1948 1109 machina,

369 1142 730 1204 extremaque
757 1135 1002 1204 undique
1037 1136 1317 1190 asseribus
1355 1137 1819 1200 cornmunientes,
1866 1145 1952 1192 at-

370 1241 479 1295 que
511 1225 766 1296 iugorum
795 1228 976 1296 capita
1008 1226 1074 1280 ad
1123 1227 1322 1298 puppis
1362 1236 1549 1296 partes
1592 1230 1952 1284 validissimis

372 1318 608 1375 vinculis
650 1319 1020 1389 astringentes
1050 1363 1065 1383 ,
1115 1335 1238 1390 quae
1287 1321 1340 1374 in
1385 1337 1497 1375 rem
1547 1324 1721 1393 magis
1767 1333 1955 1378 essent

371 1410 628 1481 belloque
653 1411 1020 1466 conducerent
1043 1426 1206 1482 quam
1235 1428 1362 1481 quae
1390 1414 1443 1466 in
1479 1430 1637 1470 muro
1681 1415 1746 1470 ad
1779 1417 1958 1470 conti-

2044 294 2139 349 τοῦ
2175 295 2335 367 ἀέρος
2370 293 2825 369 μετεωρίσαντες,
2859 293 2960 358 τάς
2976 309 3038 347 τε
3093 293 3306 358 σπάθας
3348 293 3528 348 αὐτῶν
3572 297 3634 349 ἐκ

2046 387 2139 442 τοῦ
2177 390 2320 443 κατὰ
2348 390 2393 422 ⁸⁸
2417 389 2646 460 πρῶραν
2676 389 2876 458 μέρους
2913 387 3005 440 καὶ
3035 386 3178 458 πέρα
3206 388 3307 457 τῆς
3335 387 3446 440 τῶν
3493 388 3634 458 νηῶν

2045 482 2344 552 διαμέτρου
2383 480 2845 554 προϐεϐληκότες,
2881 479 3032 544 ξένον
3066 496 3121 532 τι
3165 480 3261 534 καὶ
3320 481 3638 549 παρηλλαγ-

2051 575 2212 644 μένον
2237 572 2634 646 πανούργευμα
2681 574 2769 627 διὰ
2813 572 2912 626 τοῦ
2975 571 3217 626 τοιούτου
3263 573 3636 642 τεχνάσματος

2050 669 2432 741 ὲτεκτήναντο.
2482 668 2647 741 ’1⁸ψοῦ
2706 670 2837 740 γὰρ,
2891 667 2967 732 ὡς
3015 669 3175 738 ἔφην,
3227 667 3336 721 τῶν
3395 669 3639 740 αὐχένων

2054 763 2530 834 μετεωρισθέντων
2558 763 2627 827 ⁸⁸,
2657 762 2882 818 ἔϐαλλον
2903 765 2960 816 ἐν
2989 765 3174 826 αὐτοῖς
3195 761 3480 827 ἐπιθέντες
3530 780 3637 834 μαι

2052 855 2163 924 κρά
2189 872 2314 910 τινα
2343 856 2478 923 ξύλα
2505 855 2760 929 στιχηδδν
2789 856 2921 913 ἄλλο
2954 849 3076 911 κατ⁴
3106 858 3259 922 άλλο,
3291 854 3385 911 καὶ
3425 855 3520 911 τὸν
3546 857 3637 910 διὰ

2054 952 2225 1020 μέσου
2257 953 2426 1006 τόπον
2457 952 2766 1021 γεώσαντες
2798 955 2867 1024 τῇ
2919 951 3290 1022 σεσοφισμένῃ
3321 951 3494 1022 ταύτῃ
3529 967 3637 1020 μη-

2052 1047 2217 1117 χανῇ,
2238 1044 2310 1098 τά
2334 1037 2552 1114 πέρατά
2583 1061 2643 1097 τε
2678 1043 2946 1099 πάντοθεν
2982 1044 3160 1097 σανίσι
3210 1041 3638 1113 καταφραξάμε-

2053 1156 2157 1202 νοι,
2193 1135 2290 1192 καὶ
2318 1138 2388 1191 τά
2415 1138 2560 1208 ἄκρα
2591 1137 2700 1189 τῶν
2718 1136 2963 1205 αὐχένων
2983 1137 3042 1188 ἐν
3066 1138 3176 1198 τοῖς
3211 1135 3350 1187 κατὰ
3381 1133 3638 1204 πρύμναν

2057 1230 2284 1301 μέρεσιν
2317 1220 2496 1294 ἄλλοις
2530 1229 2960 1299 στιϐαρωτάτοις
3015 1228 3239 1295 δεσμοῖς
3269 1223 3637 1292 ὲνασφαλισά-

2059 1334 2234 1391 μενοι,
2255 1319 2499 1392 πύργους
2525 1321 2678 1384 τινὰς
2699 1319 2809 1372 τῶν
2845 1321 2922 1381 είς
2949 1319 3047 1387 τὴν
3064 1321 3259 1388 χέρσον
3285 1320 3342 1371 ὲν
3368 1308 3447 1389 τῷ
3464 1316 3639 1386 τείχει

2056 1412 2478 1484 καθισταμένων
2506 1410 2964 1483 χρειωδεστέρυυς
2994 1413 3060 1481 τῇ
3089 1411 3302 1480 ἐπινοίᾳ
3327 1407 3499 1480 ταύτῃ
3518 1416 3640 1462 κατ-

374 1511 591 1559 uentem
627 1510 809 1566 erant,
856 1502 1044 1558 subtili
1076 1519 1143 1557 eo
1181 1503 1400 1558 invento
1444 1507 1690 1574 artisque
1734 1509 1953 1562 solertia

2059 1507 2438 1578 ετεχνάσαντο,
2486 1508 2546 1560 ὲν
2587 1499 2669 1567 οἷς
2701 1503 2956 1566 ἐνόπλους
2994 1504 3148 1566 τινὰς
3178 1499 3498 1573 Βαρϐάρους
3540 1504 3641 1555 ὲπο

372 1603 555 1648 turres
591 1593 839 1649 effecere.
896 1593 988 1649 llis
1053 1594 1422 1649 Barbarorum
1477 1595 1699 1666 quidam
1757 1601 1952 1654 armati

2059 1600 2411 1662 ανεϐίϐασαν,
2451 1598 2614 1670 ῥώμῃ
2656 1599 2924 1667 σωμάτων
2959 1595 3053 1649 καὶ
3110 1596 3387 1666 τολμηρίᾳ
3423 1593 3641 1662 φύσεως

375 1686 645 1756 impositi,
687 1686 911 1741 robusto
939 1701 1173 1756 corpore
1224 1688 1534 1759 audacique
1575 1690 1756 1746 indole
1789 1702 1956 1762 atque

375 1779 558 1848 genio.
594 1779 687 1847 qui
715 1787 1020 1834 extremum
1055 1779 1528 1851 novissimumque
1560 1782 1792 1838 militare
1820 1802 1955 1840 con-

379 1872 567 1927 silium
627 1873 679 1925 in
739 1886 842 1938 nos
895 1885 1346 1941 exsequerentur.
1397 1872 1454 1927 In
1501 1877 1775 1930 mandatis
1807 1878 1952 1930 enim

375 1972 704 2034 acceperant
750 1971 811 2017 ut
863 1965 953 2017 alii
1007 1963 1211 2035 iaculis
1261 1967 1584 2033 impeterent
1616 1981 1713 2022 eos
1757 1968 1853 2036 qui
1899 1969 1955 2022 in

376 2054 621 2109 interiori
657 2069 939 2109 murorum
971 2065 1125 2124 parte
1161 2055 1496 2120 insederant,
1553 2057 1642 2110 alii
1679 2073 1811 2112 saxa
1848 2061 1953 2113 im-

377 2144 584 2212 mania,
621 2145 712 2198 alii
757 2146 957 2215 ignem,
994 2147 1282 2215 ipsumque
1306 2155 1425 2200 arte
1449 2148 1763 2205 confectura
1793 2161 1955 2220 atque

377 2238 432 2292 in
477 2241 714 2294 vasculis
770 2239 1029 2293 testaceis
1075 2247 1233 2294 antea
1265 2250 1539 2310 paratum.
1573 2244 1625 2295 in
1656 2258 1753 2297 eos
1785 2245 1954 2314 proji-

374 2338 562 2384 cerent
592 2345 731 2400 quos
764 2329 865 2386 sibi
926 2331 1214 2386 adversum
1273 2332 1621 2388 incursantes
1671 2335 1952 2392 baberent.

377 2421 549 2477 Erant
582 2439 714 2477 vero
749 2432 944 2480 cuncta
981 2425 1088 2480 illis
1126 2426 1279 2494 operi
1320 2434 1509 2496 parata
1542 2444 1605 2483 ac
1637 2429 1953 2498 peridonea,

376 2517 520 2586 quod
570 2532 679 2572 non
740 2518 976 2587 amplius
1023 2518 1174 2571 liumi
1231 2529 1533 2589 serperent,
1566 2522 1657 2574 sed
1707 2523 1956 2579 maletico

376 2606 469 2659 illo
517 2607 652 2660 artis
705 2617 1018 2660 commento
1071 2609 1186 2678 ipsa
1226 2625 1446 2680 quoque
1486 2612 1600 2678 jam
1633 2615 1772 2664 muri
1807 2623 1954 2667 stru-

376 2707 533 2750 ctura
569 2697 838 2766 superiori
877 2697 1018 2751 mole
1054 2705 1354 2763 exstarent,
1387 2701 1681 2770 omnisque
1707 2702 1954 2771 ipsorum

346 2827 349 2830 -
380 2789 648 2844 machina:
685 2789 766 2843 vis
814 2790 960 2845 velut
995 2805 1026 2845 e
1081 2792 1353 2860 superiori
1403 2795 1524 2847 loco
1559 2797 1846 2851 commode
1887 2795 1956 2853 iis

384 2883 626 2939 cederet.

448 2975 536 3031 55.
578 2975 716 3041 Quia
772 2976 936 3046 igitur
965 2985 1161 3032 cuncta
1196 2977 1311 3030 haec
1344 2994 1438 3047 per
1467 2994 1587 3034 eam
1634 2979 1807 3051 ipsam
1852 2997 1954 3039 no-

377 3083 520 3129 ctem
553 3073 623 3126 ab
654 3073 839 3142 impiis
869 3071 936 3126 ad
980 3089 1120 3143 opus
1156 3073 1390 3128 deducta
1417 3085 1597 3140 erant,
1631 3092 1731 3132 nec
1763 3092 1955 3133 eorum

378 3176 502 3231 qua
556 3162 801 3230 egissent
863 3162 1130 3217 hactenus
1197 3178 1297 3217 nos
1351 3165 1648 3232 quidquam
1701 3165 1955 3232 latuerat,

378 3255 581 3324 quippe
611 3268 735 3307 cum
780 3253 1020 3322 ipsimet,
1053 3254 1128 3308 uti
1156 3255 1366 3308 dictum
1407 3265 1512 3318 est,
1546 3257 1713 3310 multa
1748 3257 1954 3312 lumina

381 3346 787 3412 accendissent,
821 3360 922 3401 nec
975 3347 1129 3401 littus
1161 3347 1319 3417 longe
1347 3346 1599 3410 distaret,
1644 3352 1697 3403 in
1740 3367 1847 3419 quo
1876 3352 1953 3405 illi

384 3440 466 3494 sic
503 3442 584 3495 eis
612 3441 728 3494 visa
758 3440 932 3494 moliti
964 3449 1172 3503 essent,
1199 3455 1391 3495 einnes
1418 3443 1583 3495 timor
1613 3442 1775 3514 534
1808 3446 1960 3498 inva-

381 3538 456 3589 sit
481 3545 535 3592 et
573 3536 871 3606 trepidatio
905 3537 1187 3606 animique
1243 3535 1501 3605 dejectio,
1554 3553 1652 3592 nec
1687 3539 1799 3608 jam
1842 3550 1960 3593 erat

380 3644 488 3698 qua
519 3642 578 3683 se
614 3629 826 3683 ratione
877 3637 1026 3684 tutos
1081 3642 1146 3682 ac
1194 3629 1500 3683 incolumes
1529 3641 1833 3685 servarent.
1874 3629 1962 3683 Vi-

380 3719 560 3776 disses
612 3720 760 3774 enim
809 3734 1027 3774 omnetn
1058 3721 1246 3791 populi
1286 3721 1693 3775 multitudinem
1724 3722 1963 3776 tituban-

381 3822 488 3867 tem
518 3825 582 3867 ac
607 3811 826 3867 consilii
869 3811 1112 3882 inopem,
1148 3814 1429 3882 aliumque
1453 3813 1590 3868 alias
1613 3813 1858 3878 anxium,
1895 3830 1960 3870 ac

378 3905 547 3959 vitam
585 3905 781 3976 ipsam,
803 3903 925 3973 ejus
957 3907 1135 3973 palam
1164 3907 1309 3971 alea,
1338 3907 1746 3976 desperantem.
1773 3906 1961 3978 Neque

380 3999 531 4064 enim
565 3999 850 4069 quomodo
897 4000 1270 4056 imminentem
1295 4001 1532 4070 quisque
1576 4001 1959 4055 necessitatem

380 4089 677 4159 depelleret
734 4088 933 4145 animis
995 4089 1219 4144 solliciti
1291 4099 1470 4156 erant,
1525 4090 1620 4145 sed
1688 4091 1963 4160 quomodo

383 4169 703 4250 quantoque
733 4182 982 4235 cruciatu
1015 4182 1219 4255 periret
1251 4181 1683 4251 cogitationibus
1721 4181 1965 4236 disseca-

2056 1683 2495 1764 ἀνεσταλμένούς
2531 1693 2600 1754 ⁸⁸.
2639 1693 2741 1759 τὴν
2782 1690 2907 1745 καθ’
2961 1683 3121 1759 ἡμῶν
3154 1690 3392 1756 ὑστάτην
3421 1688 3519 1741 καὶ
3549 1705 3639 1739 τες

2057 1789 2315 1843 λευταίαν
2343 1785 2640 1856 ὲπιϐουλὴν
2691 1786 3114 1856 ένεργήσοντας.
3165 1781 3502 1849 Ἐπέτρεπον
3534 1779 3642 1848 γὰρ

2055 1885 2182 1946 τοὺς
2220 1881 2321 1952 μὲν
2344 1878 2525 1934 αὐτῶν
2549 1878 2764 1948 βάλλειν
2783 1877 2896 1939 τοῖς
2922 1874 3100 1939 τόξοις
3125 1874 3267 1926 κατὰ
3297 1872 3406 1925 τῶν
3435 1871 3643 1924 ἐνδοτέ-

2059 1996 2169 2049 ρων
2204 1977 2246 2008 ⁸⁷
2275 1973 2370 2028 τοῦ
2395 1971 2614 2043 τείχους
2651 1969 2926 2032 ἑστώτων,
2951 1971 3078 2030 τοὺς
3117 1967 3174 2019 δὲ
3206 1969 3319 2029 τοῖς
3347 1964 3641 2036 χειροπλη-

2057 2071 2175 2125 θέσι
2215 2069 2413 2131 λίθοιςο
2449 2065 2641 2128 ἄλλους
2689 2062 2822 2134 πυρί
2861 2080 2990 2125 τινι,
3034 2060 3218 2130 καὺτῷ
3262 2057 3644 2128 τετεχνημινῳ

2057 2166 2158 2219 κᾶν
2189 2180 2332 2216 τισιν
2363 2159 2408 2193 ⁸⁸
2433 2155 2778 2228 ὀστρακίνοις
2813 2155 3034 2207 σκεύεσι
3091 2153 3640 2224 προευτρεπισμένῳ,

2060 2259 2148 2332 [Ρ.
2203 2253 2332 2326 3&5]
2372 2250 2805 2312 καθοπλίσαντες
2853 2245 2996 2301 κατὰ
3060 2245 3170 2298 τῶν
3226 2244 3643 2314 άντιπρᾶσωπον

2057 2350 2239 2404 αὐτῶν
2267 2343 2582 2417 ἐρχομένων
2612 2341 2990 2412 προσέταττον
3020 2339 3351 2400 ἀκοντίζειν.
3377 2336 3562 2388 Ταῦτα
3585 2334 3643 2388 δὴ

2060 2444 2236 2497 πάντα
2268 2437 2336 2510 ἧν
2366 2437 2550 2495 αὐτοῖς
2607 2433 2806 2506 ὲνεργῆ
2837 2449 2896 2484 τε
2953 2432 3046 2484 καὶ
3092 2430 3376 2498 ἐπιτήδεια
3437 2427 3529 2480 διὰ
3582 2427 3644 2480 τὸ

2061 2532 2262 2604 μηκέτι
2307 2528 2437 2599 περὶ
2502 2525 2606 2595 γῆν
2640 2522 2841 2585 αὐτοὺς
2904 2517 3046 2575 εἶναι
3075 2522 3120 2553 ⁸³
3170 2523 3364 2584 ποιεῖν,
3401 2519 3536 2573 ἀλλὰ
3567 2515 3643 2588 τῷ

2058 2617 2414 2690 προλεχθέντι
2449 2610 2740 2683 κακουργῷ
2778 2609 3114 2680 τεχνάσματι
3151 2608 3515 2679 ὑψηλοτέρους
3544 2607 3643 2660 αὑ-

2057 2711 2187 2771 τοὺς
2218 2709 2309 2761 καὶ
2331 2707 2500 2773 αὐτῆς
2540 2708 2639 2775 τῆς
2677 2704 2720 2735 ’⁸
2765 2700 3063 2771 οἰκοδομῆς
3110 2699 3365 2766 γενέσθαι
3394 2697 3489 2751 τοῦ
3529 2698 3642 2750 τεί-

2062 2819 2193 2875 χους
2218 2802 2314 2855 καὶ
2350 2800 2532 2852 πᾶσαν
2571 2794 2754 2850 αὐτῶν
2777 2794 3070 2848 κακόνοιαν
3097 2793 3172 2855 ὡς
3225 2791 3335 2844 ἀπὸ
3363 2790 3642 2862 μετεώρου

1981 2900 2028 2963 C
2051 2895 2296 2969 ,χρειώδη
2327 2890 2666 2961 συμϐαίνειν.

2129 2987 2226 3056 λγ’.
2280 2985 2419 3040 Ἀλλ’
2449 2984 2637 3053 ἐπειδὴ
2659 2981 2833 3036 ταῦτα
2865 2980 3046 3035 πάντα
3071 2981 3192 3034 κατ’
3217 2980 3390 3050 αὐτὴν
3423 2979 3644 3049 ἐκείνην

2057 3081 2156 3151 τὴν
2187 3078 2362 3131 νύκτα
2423 3078 2501 3139 είς
2533 3076 2698 3144 ἔργον
2744 3072 2888 3143 ἢχθη
2921 3071 3033 3134 τοῖς
3081 3070 3352 3137 ἀσεϐέσιν,
3399 3071 3552 3123 οὐδὲν
3588 3069 3646 3124 δὲ

2057 3173 2168 3226 τῶν
2194 3169 2588 3240 πραττομένων
2615 3167 2754 3228 τέως
2807 3163 3101 3218 ἐλάνθανεν
3130 3165 3276 3233 ἡμᾶς
3319 3161 3408 3215 διὰ
3451 3162 3532 3225 τὸ,
3568 3162 3645 3226 ὡς

2059 3266 2299 3335 εἴρηται,
2335 3262 2490 3332 φῶτα
2515 3260 2660 3328 ἔχειν
2690 3260 2890 3320 αὐτοὺς
2921 3257 3093 3311 πολλὰ
3121 3258 3212 3309 καὶ
3247 3256 3474 3324 πλησίον
3501 3249 3644 3308 εἶναι

2059 3362 2155 3414 τὸν
2179 3361 2426 3429 αίγιαλον
2458 3358 2536 3418 είς
2563 3355 2621 3407 ὃν
2652 3355 2834 3413 αὐτοῖς
2864 3351 2934 3404 τὰ
2965 3351 3198 3416 δόξαντα
3228 3348 3649 3415 διεσπούδαστο,

2061 3455 2221 3509 ἔλαϐε
2260 3453 2470 3514 πάντας
2519 3450 2683 3518 φόϐος
2739 3447 2834 3500 καὶ
2885 3442 3169 3512 εκπληξις,
3228 3444 3322 3496 καὶ
3370 3442 3468 3495 οὐκ
3497 3438 3643 3512 εἶχον

2061 3539 2211 3613 ᾧτινι
2238 3543 2332 3598 τοῦ
2359 3541 2551 3595 λοιποῦ
2595 3538 2784 3608 τρόπῳ
2815 3535 2872 3589 τδ
2906 3535 3145 3601 dwelt;
3195 3533 3410 3594 ἑαυτοῖς
3447 3549 3642 3602 συντη-

2065 3641 2349 3712 ρήσονται.
2373 3631 2481 3688 τιιν
2512 3634 2624 3702 γὰρ
2650 3632 2780 3682 ίδεῖν
2815 3629 2907 3682 τὸν
2935 3627 3108 3697 δῆμον
3133 3626 3252 3679 ὅλον
3273 3625 3342 3680 δι’
3365 3625 3488 3679 ὅλου
3519 3624 3642 3680 κλο.

2063 3730 2326 3800 νούμενόν
2378 3745 2437 3780 τε
2475 3727 2567 3780 καὶ
2605 3721 3004 3792 ἀπορούμενον.
3051 3717 3241 3772 ἄλλοτε
3276 3717 3450 3780 ἄλλως
3506 3718 3643 3788 άμη.

2062 3827 2312 3898 χανῶντα
2339 3826 2432 3879 καὶ
2463 3824 2598 3892 πρὸς
2626 3821 2799 3889 αὐτὴν
2823 3817 2923 3886 τὴν
2955 3813 3099 3885 ζωὴν
3131 3813 3533 3868 κινδυνεύοντα.
3567 3813 3643 3867 Οὐ

2063 3918 2172 3988 γὰρ
2226 3919 2375 3979 ὅπως
2425 3914 2657 3973 ἕκαστος
2704 3906 3118 3976 ἀποκρούσηται
3172 3906 3273 3976 τὴν
3329 3903 3646 3973 ἐφεστῶσαν

2064 4012 2314 4079 ἀνάγκην
2347 4009 2436 4061 διὰ
2469 4004 2748 4077 φροντίδος
2781 3997 2950 4072 εἶχεν,
2976 4001 3115 4056 ἀλλά
3159 4000 3274 4063 πῶς
3304 4000 3337 4070 ἢ
3378 3997 3497 4068 μεθ’
3526 3997 3644 4061 οἵας

2065 4102 2360 4172 ἀλγηδόνος
2408 4099 2493 4168 τῷ
2535 4095 2753 4165 θανάτῳ
2779 4094 3172 4179 προσομιλήσει
3212 4093 3324 4155 τοῖς
3362 4090 3640 4159 λογισμοῖς

2068 4190 2452 4259 κατετέμνετο.
2477 4187 2676 4254 eum»
2713 4185 2810 4254 μὲν
2851 4184 2959 4253 γάρ
2983 4183 3167 4237 οὐκέτι
3201 4179 3325 4234 οὔτε
3359 4179 3645 4250 πρόχειρον

383 4274 606 4326 bantur.
637 4271 784 4344 Fuga
821 4272 968 4327 enim
1001 4273 1242 4342 amplius
1271 4288 1448 4342 neque
1493 4274 1546 4327 in
1579 4286 1830 4344 promptu
1864 4289 1956 4329 nec

2069 4283 2193 4338 οὔτε
2219 4280 2458 4348 ἀσφαλὲς
2482 4273 2571 4347 ἦν,
2607 4276 2796 4344 κύκλῳ
2823 4274 2916 4328 τοῦ
2958 4274 3170 4344 τείχους
3206 4273 3315 4326 τῶν
3353 4271 3646 4341 βαρϐάρων

383 4371 502 4417 tuta
531 4371 673 4430 erat,
703 4380 826 4418 cum
871 4379 1058 4418 muros
1103 4366 1324 4420 barbari
1363 4367 1879 4422 circumvallassent
1911 4377 1967 4421 et

385 4457 562 4525 portis
587 4456 939 4512 insisterent:
965 4472 1163 4510 rursus
1196 4473 1323 4514 vero
1354 4473 1578 4515 manere
1609 4475 1716 4515 non
1750 4460 1969 4513 sinebat

382 4549 530 4618 quod
554 4549 624 4604 ob
659 4552 851 4605 oculos
877 4549 1178 4604 discrimen
1211 4551 1562 4610 versabatur.
1603 4552 1762 4608 Omni
1807 4555 1968 4624 igitur

387 4655 484 4710 spe
511 4643 705 4697 salutis
741 4643 977 4712 abjecta,
1014 4642 1164 4697 velut
1211 4645 1348 4698 muti
1383 4660 1601 4700 murum
1637 4647 1965 4712 circuibant,

390 4733 671 4790 infortunii
725 4735 1068 4789 inunanitute
1107 4734 1349 4789 attoniti.
1387 4735 1578 4792 Visum
1637 4746 1816 4792 tamen
1884 4752 1967 4796 est

391 4827 692 4894 nonnullis,
760 4829 814 4880 in
875 4829 1076 4897 quibus
1129 4829 1290 4882 l'ortis
1355 4830 1524 4882 animi
1569 4831 1807 4887 scintilla
1860 4849 1967 4888 non

393 4934 623 4988 prorsus
649 4920 920 4974 exstincta
952 4928 1071 4973 erat
1095 4958 1110 4982 ,
1163 4920 1292 4974 dum
1334 4920 1514 4973 adhuc
1553 4921 1738 4978 hostes
1776 4940 1972 4994 exspe-

389 5021 692 5076 ctarentur,
751 5013 818 5067 ad
863 5025 1054 5066 eorum
1102 5011 1533 5082 propulsandum
1583 5014 1847 5082 impetum
1912 5019 1966 5071 in

389 5118 549 5159 muro
602 5104 775 5173 Piceni
826 5114 880 5159 et
909 5103 1079 5159 taedas
1127 5112 1182 5157 et
1204 5103 1408 5157 calcem
1451 5105 1963 5175 aliaqueqttwtlunt,

390 5197 595 5265 quibus
619 5195 849 5252 ﬂamma:
876 5196 1018 5269 ignis
1053 5196 1304 5251 celeriter
1341 5196 1748 5261 innutriuntur,
1782 5201 1833 5253 in
1869 5218 1966 5253 va-

2068 4370 2482 4441 περιεστώντων
2517 4369 2608 4422 καὶ
2639 4369 2783 4420 κατὰ
2836 4365 2946 4420 τῶν
2981 4364 3166 4418 πυλῶν
3203 4363 3603 4434 ἐφεδρευόντων
3624 4376 3639 4390 ο

2068 4465 2405 4534 προσμένειν
2435 4461 2492 4514 δὲ
2527 4459 2687 4513 πάλιν
2733 4461 2763 4512 ὸ
2821 4457 2940 4511 κατ’
2972 4457 3286 4526 ὀφθαλμοὺς
3315 4457 3415 4509 οὑκ
3470 4453 3645 4508 ιδίδου

2069 4557 2338 4618 κίνδυνος.
2397 4554 2592 4607 Πᾶσαν
2633 4545 2728 4602 οὖν
2777 4548 2968 4604 ἑλπίδα
3009 4547 3285 4618 σωτηρίας
3332 4545 3645 4619 προδόντες,

2068 4647 2327 4718 καθάπερ
2357 4644 2496 4698 ἐνεοί
2515 4659 2658 4704 τινες
2687 4641 2749 4694 τὸ
2784 4643 2965 4710 τεῖχος
2995 4639 3299 4710 διήμειϐον,
3318 4637 3399 4707 τῷ
3421 4633 3644 4707 μεγέθει

2067 4742 2169 4809 τῆς
2209 4738 2499 4808 συμφορᾶς
2523 4733 2912 4804 ἀπορούμενοι.
2937 4732 3084 4802 Πλὴν
3114 4731 3258 4798 ἔδοξέ
3289 4746 3456 4795 τισιν,
3501 4730 3645 4793 ὅσοις

2069 4836 2131 4887 οὑ
2166 4830 2409 4899 κατέσϐη
2439 4828 2662 4890 τελείως
2683 4827 2786 4894 τῆς
2813 4825 3040 4896 ἀνδρίας
3075 4828 3105 4894 ἡ
3135 4823 3415 4894 θρυαλλὶςἱ
3439 4822 3644 4892 μεταξὺ

2068 4926 2167 4994 τῆς
2216 4921 2548 4993 προσδοκίας
2594 4918 2704 4971 τῶν
2740 4917 3016 4986 πολεμίων
3053 4913 3483 4986 προευτρεπισαι
3525 4914 3646 4966 τινὰ

2071 5018 2149 5086 τῷ
2195 5015 2368 5084 τείχει
2400 5015 2480 5075 είς
2509 5007 2830 5079 ἀποτροπὴν
2867 5008 2978 5060 τῶν
3007 5007 3417 5080 ὶπερχομένων.
3470 5006 3550 5058 Τά
3591 5005 3647 5057 δὲ

2075 5107 2143 5180 ἦν
2169 5111 2340 5161 πίσσα
2363 5106 2456 5159 καί
2495 5104 2646 5174 δᾷδες
2676 5104 2769 5156 καὶ
2793 5101 3060 5166 ἄσϐεστος
3099 5102 3192 5154 καί
3226 5117 3348 5153 τινα
3379 5098 3536 5162 ἄλλα,
3565 5093 3645 5159 οἷς

2078 5206 2366 5273 τρέφονται
2388 5199 2506 5252 τὸτί
2539 5198 2698 5266 τάχος
2724 5195 2892 5266 πυρὸς
2926 5195 3144 5264 φλόγες,
3176 5195 3426 5248 σκεύεσιν
3451 5195 3647 5263 δστρα-

1701 5359 1932 5415 νΑΒΙΑῖ
1994 5359 2392 5419 Ll-LCTIONES.

473 5499 519 5532 “
544 5499 684 5552 κατὰ
707 5511 794 5551 om
833 5497 896 5550 Α.
999 5497 1046 5528 ⁸⁸
1094 5496 1548 5566 μετεωρηθέντων
1589 5499 1692 5551 ΛΡ.

414 5591 492 5627 ,ττ
503 5569 741 5641 τλμένοι.
819 5568 861 5598 ⁴⁷
896 5566 1188 5635 ένὸοτέρωῖ

1811 5504 1854 5533 ⁶⁶
1914 5502 2373 5570 ἐνεσταλμένονύ
2461 5499 2552 5550 sed
2611 5496 2748 5570 infra
2791 5508 3033 5570 quoque,
3074 5512 3124 5550 υ.
3181 5496 3269 5559 53,

1289 5568 1308 5598 "
1337 5568 1427 5620 καὶ
1457 5571 1518 5622 Α.
1599 5572 1641 5602 θ’
1679 5570 1838 5626 εἶναιί
1882 5575 2079 5637 ὄνταςῖ

3367 5492 3526 5566 ῥώμη
3553 5493 3647 5550 ἀν’

2147 5565 2188 5602 θ”
2226 5572 2319 5632 τ’ἰς
2351 5588 2435 5622 mn
2474 5569 2530 5622 l’.
2611 5568 2653 5597 ⁷¹
2685 5568 2740 5619 τὸ
2771 5582 2883 5620 om.
2908 5565 3016 5624 AP.
