4066 6040
307 79 404 145 573

1378 79 1476 142 DE
1507 80 1820 142 EXCIDIO
1847 80 2141 142 TIIESSA
2154 81 2464 143 LONlCrE.

3446 81 3550 146 5M

305 191 463 254 κίνοις
495 189 983 261 ἐπιτετηδευμένα,
1032 191 1108 256 ὡς
1159 189 1224 245 ἂν
1253 191 1362 244 τῶν
1404 189 1550 260 νηῶν
1575 189 1735 261 τυχὸν
1771 191 1867 258 ἐφ-

1974 192 2052 246 sis
2087 192 2342 248 testaceis
2371 185 2645 260 disposita
2674 200 3005 258 praeparare,
3046 192 3174 248 utsi
3210 192 3352 250 forte
3383 211 3548 252 naves

304 281 574 354 ορμουσῶν
632 282 846 346 τούτοις
898 282 1172 356 χρώμενοι
1207 285 1300 337 καὶ
1321 283 1408 338 διὰ
1452 283 1616 352 μέσον
1657 281 1865 336 τούτων

302 374 724 440 ἐξακοντίζοντες
761 375 1077 445 ἀπράκτους
1107 377 1304 440 αὐτοὺς
1339 375 1498 446 τῆσδε
1531 375 1628 445 τῆς
1654 376 1866 445 επιχειο

301 470 498 543 ρήσεως
522 468 906 534 ἀποδείξωσιν.

364 559 451 612 λδ.
495 558 585 623 Ὠς
613 558 670 613 δὲ
703 558 798 612 καὶ
827 558 1004 614 ταῦτα
1031 558 1342 629 ἀνθρώπων
1371 551 1440 629 ἦν
1471 558 1866 630 ἀπορουμένων

303 651 432 722 ἔργα
463 651 556 702 καὶ
591 649 891 714 διαϐούλια,
922 649 1025 719 ἠδη
1059 649 1114 703 δὲ
1144 650 1240 702 καὶ
1273 649 1374 718 τῆς
1403 648 1620 719 ἡμέρας
1661 649 1722 703 τὸ
1750 649 1866 717 φῶς

297 745 382 799 τὸν
406 743 719 817 νυκτερινὸν
754 741 918 813 ζόφον
948 741 1179 806 διέλυεν,
1240 740 1350 795 ίδοὺ
1391 741 1454 812 δὴ
1482 742 1576 795 καὶ
1616 743 1673 795 αί
1713 741 1862 811 νῆες,

296 836 368 901 ὡς
391 832 535 906 εῐχον
570 835 791 905 σκευῆς,
830 833 972 888 κατὰ
1005 833 1236 896 πολλοὺς
1281 833 1481 898 τόπους
1510 831 1866 903 διαιρεθεῖσαι

295 928 368 1000 τῷ
395 928 562 1000 τείχει
593 927 998 1001 προσέῤῥηξαν,
1055 926 1243 981 καινόν
1282 943 1334 980 τι
1354 928 1401 958 ⁷⁸
1433 925 1530 980 καὶ
1559 926 1866 997 παράδοξον

296 1007 469 1092 θιαμα
495 1021 618 1085 ταῖς
654 1021 914 1075 ἁπάντων
948 1019 1106 1090 ὄψεσι
1135 1019 1591 1090 προδεικνύμεναι
1614 1037 1628 1051 ο
1657 1020 1866 1089 ἑκάστη

294 1113 395 1186 γὰρ
441 1113 625 1168 αὐτῶν
684 1101 918 1181 συζυγία
963 1111 1267 1183 ἐπεφέρετο
1309 1110 1409 1182 τὴν
1465 1111 1867 1182 σεσοφισμένην

295 1202 506 1273 εκείνην
567 1202 682 1256 τῶν
738 1199 1145 1270 Ευλοσυνθέτων
1199 1200 1426 1271 πύργων
1494 1200 1866 1272 κατασκευὴν,

294 1294 468 1367 πολλῷ
498 1295 579 1366 τῷ
612 1294 799 1368 μέτρῳ
826 1293 927 1366 τὴν
973 1292 1070 1347 τοῦ
1100 1293 1317 1363 τείχους
1370 1293 1663 1363 οίκοδομὴν
1693 1293 1867 1364 ὑπερ-

295 1387 610 1452 ϐαίνουσαν,
642 1388 852 1444 ἄνωθέν
881 1387 942 1440 τε
969 1388 1098 1450 τοὺς
1134 1386 1448 1458 βαρϐάρους
1471 1385 1869 1456 ἐξαλλομένους

1971 278 2383 348 adventassent,
2417 283 2526 338 illis
2557 282 2664 350 usi,
2701 279 2899 350 hisque
2930 282 3126 339 mediis
3157 286 3272 356 ipsa
3298 285 3411 342 ha‘c
3430 289 3551 357 eja-

1969 375 2242 440 culantes,
2272 374 2339 429 ab
2371 376 2472 429 hac
2506 390 2726 446 quoque
2756 376 3110 446 aggressione
3146 379 3471 446 repellerent
3496 388 3552 436 et

1969 481 2160 521 eorum
2198 475 2432 521 conatus
2463 468 2649 522 irritos
2686 466 2951 536 facerent.

2041 559 2132 614 54.
2173 559 2310 614 Cum
2348 575 2478 615 vero
2501 560 2616 616 hinc
2641 567 2860 629 quoque
2883 559 3168 614 hominum
3193 561 3547 617 titubantium

1970 650 2112 706 facta
2146 666 2210 705 ac
2237 653 2470 707 consilia
2500 653 2946 722 essent,jamque
2979 652 3209 709 illueens
3231 653 3348 710 dies
3375 656 3552 710 noctis

1970 742 2229 798 tenebras
2259 741 2607 810 dissolveret,
2639 759 2708 798 en
2734 753 2787 799 et
2810 758 3002 808 naves,
3036 753 3094 797 ut
3132 752 3294 799 erant
3337 749 3546 801 instru-

1970 847 2091 902 ctae,
2120 852 2217 908 per
2247 837 2417 891 multa
2455 839 2570 891 loca
2623 835 2813 890 divisae
2857 838 2910 891 in
2967 851 3184 891 murum
3216 841 3546 908 irrumpunt,

1971 944 2285 998 novumque
2313 926 2592 999 quoddam
2620 944 2684 984 ac
2712 929 3036 984 incredibile
3065 937 3391 985 cunctorum
3413 945 3552 985 oru-

1972 1021 2040 1076 lis
2065 1020 2444 1092 spectaculum
2478 1021 2755 1091 ingerunt.
2773 1018 3215 1091 Unumquodque
3230 1021 3389 1092 535
3403 1023 3548 1077 enim

1967 1113 2280 1183 lugatarum
2321 1111 2544 1165 navium
2581 1125 2680 1182 par
2721 1111 2955 1165 turrium
2985 1126 3051 1166 ex
3083 1111 3244 1181 lignis
3270 1114 3551 1182 ingeniose

1970 1213 2309 1261 struetarum
2327 1202 2595 1258 fabricam
2613 1201 2973 1269 convehebat,
3000 1219 3284 1260 murorum
3315 1204 3550 1260 aedilicio

1972 1298 2145 1354 multo
2169 1298 2492 1364 elatiorem;
2535 1311 2702 1365 supra
2732 1312 2874 1367 quas
2916 1307 3075 1354 erant
3107 1298 3327 1353 barbari
3364 1299 3551 1354 subsi~

1972 1392 2209 1459 lientes,
2247 1399 2403 1462 atque
2448 1405 2511 1447 ac
2559 1392 2700 1445 tauri
2753 1398 2927 1445 mstro
2967 1389 3186 1460 perciti,
3224 1391 3552 1460 cunctisque

292 1481 544 1553 καθάπερ
607 1479 762 1544 τινὰς
820 1480 1277 1552 ἑξοιστρημένους
1320 1479 1578 1551 ταύρους,
1630 1481 1726 1533 καὶ
1775 1479 1868 1532 τὸν

1973 1483 2252 1539 interitum
2299 1484 2719 1538 comminantes.
2769 1481 2926 1538 Tunc
2973 1498 3106 1538 sane
3150 1491 3424 1553 quotquot
3465 1483 3550 1537 ci-
3618 1508 3619 1511 η

291 1573 405 1626 ϐλεθ
416 1591 506 1644 ρον
525 1574 693 1630 πᾶσιν
718 1571 1220 1635 ἑπισείοντας.ΐότε
1243 1572 1330 1639 δὴ,
1350 1572 1492 1636 τότε,
1510 1570 1730 1645 [Ρῶιὸ]
1751 1573 1866 1625 ὅσοι

290 1666 380 1720 τοῦ
411 1668 586 1737 δήμου
607 1666 706 1736 τῆς
737 1664 948 1728 πόλεως
973 1664 1069 1718 τοῦ
1102 1665 1201 1736 μὲν
1239 1663 1472 1718 θανάτου
1520 1665 1868 1734 καταφρονή-

291 1775 478 1822 σαντες
503 1758 753 1828 ἀφύκτου
783 1775 843 1811 τε
868 1757 1021 1821 ὄντος
1069 1757 1165 1811 καὶ
1200 1755 1344 1810 κατὰ
1375 1756 1629 1828 κόρηςη,
1672 1757 1747 1818 ὼς
1792 1757 1868 1809 sla

294 1854 429 1915 πεῖν,
461 1852 762 1921 ἱσταμένου
799 1851 911 1905 ὅλοι
939 1849 1040 1920 τῆς
1086 1850 1330 1918 ἀγωνίας
1364 1849 1636 1917 ἐγένοντο,
1665 1848 1873 1902 ἐπίδει-

291 1943 371 2009 ξιν
401 1943 631 2015 ἀνδρίας
669 1943 763 1998 τοῦ
811 1942 1062 1997 κινδύνου
1118 1942 1221 2013 τὴν
1268 1941 1454 2013 ἀκμὴν
1504 1943 1868 2012 ποιησάμενοι

291 2034 522 2107 ιστησαν
552 2036 820 2106 γενναίως
851 2033 1148 2099 ἀθλοῦντες
1175 2036 1233 2087 ὲν
1269 2034 1350 2104 τῷ
1377 2033 1623 2105 πολέμῳ,
1677 2033 1768 2088 καὶ
1799 2033 1870 2088 τά

292 2127 420 2200 παρ’
454 2130 551 2182 ἑαυ
566 2129 652 2183 εοῦ
707 2129 941 2191 ἕκαστος
987 2127 1169 2181 αὐτῶν
1193 2126 1545 2180 ἐπεδείκνυτο
1559 2127 1608 2158 ⁷⁸
1627 2145 1640 2159 ·
1673 2127 1735 2179 οὐ
1760 2124 1870 2195 γάρ

290 2221 413 2275 είων
435 2221 622 2275 τέλεον
643 2221 968 2294 πλησιάζειν
995 2220 1097 2283 τὰς
1126 2220 1283 2290 νῆας,
1312 2219 1450 2273 ἀλλὰ
1480 2219 1542 2273 τὺ
1574 2220 1672 2290 μὲν
1691 2221 1804 2283 τοῖς
1823 2218 1869 2250 ⁷⁸

294 2317 504 2387 συχνοῖς
538 2315 742 2386 βέλεσι,
771 2313 833 2368 τδ
865 2314 921 2368 δὲ
942 2317 1056 2376 τοῖς
1084 2313 1179 2367 τοῦ
1219 2313 1392 2384 πυρὸς
1447 2312 1870 2383 ὑπεκκαύμασιν

294 2409 554 2477 ἀπεῖργον
585 2405 756 2468 αὑτὰς
781 2402 875 2456 τοῦ
909 2402 1309 2477 προσπελάζειν
1335 2400 1412 2469 τῷ
1459 2400 1627 2469 τείχει
1675 2400 1769 2452 καὶ
1802 2399 1872 2453 τά

296 2497 420 2566 παρ’
451 2495 671 2550 ἑαυτῶν
704 2492 972 2566 ἐνεργεῖν.
1003 2492 1163 2545 Ὅσοι
1192 2490 1248 2543 δὲ
1277 2493 1343 2560 τῇ
1369 2489 1541 2559 δειλίᾳ
1568 2488 1665 2560 τὴν
1692 2485 1873 2557 ψυχὴν

299 2591 584 2663 βληθέντες
609 2588 731 2643 οὐδὲ
772 2585 1138 2660 προσϐλέπειν
1189 2582 1284 2636 τοῦ
1315 2581 1487 2635 κα.κοῦ
1532 2580 1631 2652 τὴν
1675 2583 1872 2650 πεῖραν

305 2686 401 2740 ὕπὸ
433 2684 532 2755 τῆς
553 2683 696 2751 ἄγαν
731 2678 1046 2751 ἀμηχανίας
1072 2675 1344 2744 ὲξίσχυον,
1373 2673 1603 2734 ἑαυτοὺς
1633 2670 1725 2724 τοῦ
1760 2672 1872 2724 τείο

305 2797 419 2852 χους
469 2776 619 2832 κατὰ
672 2775 866 2848 μικρὸν
898 2770 1264 2842 ὑποσύροντες
1297 2767 1391 2822 ἐπὶ
1423 2766 1522 2828 τὰς
1559 2763 1873 2837 ἀκρωρείας

1974 1576 2119 1630 vium
2168 1583 2349 1646 spreta
2378 1587 2574 1640 morte,
2623 1590 2744 1645 quae
2779 1576 3117 1630 inevitabilis
3145 1587 3408 1646 certaque
3449 1577 3554 1630 im-

1973 1669 2206 1724 ntineret
2233 1677 2286 1725 et
2310 1668 2382 1724 ob
2410 1667 2624 1730 oculos.
2653 1678 2711 1723 ut
2735 1668 2913 1732 aiunt,
2937 1667 3104 1739 inque
3132 1669 3336 1738 pupilla
3374 1671 3550 1739 posita

1969 1769 2138 1822 esset.
2192 1761 2292 1817 toti
2356 1761 2679 1816 certaminis
2730 1762 2929 1817 ardore
2984 1770 3330 1826 exarserant,
3385 1761 3552 1818 fortis

1971 1854 2138 1908 animi
2182 1853 2459 1924 specimen
2511 1853 2686 1924 ipsam
2721 1854 2954 1924 periculi
2993 1856 3432 1926 magnitudinem
3466 1855 3553 1910 fa-

1970 1947 2205 2012 cientes,
2239 1945 2294 1998 hi
2326 1944 2585 2001 videlicet
2619 1956 2872 2002 conserta
2919 1963 3100 2017 pugna
3132 1958 3359 2003 strenue
3389 1948 3555 2004 dimi—

1971 2049 2189 2095 cavere.
2219 2036 2376 2093 Haud
2419 2037 2565 2092 enim
2595 2038 2823 2093 omnino
2851 2054 3017 2095 naves
3055 2041 3425 2111 prepinquare
3477 2040 3556 2097 si-

1971 2132 2194 2196 nebant,
2223 2131 2317 2187 sed
2344 2131 2542 2202 partim
2567 2131 2800 2186 telorum
2827 2131 3004 2201 spissa
3035 2132 3324 2204 grandine,
3357 2133 3554 2204 partim

1970 2241 2103 2281 vero
2132 2224 2422 2295 ejaculatis
2459 2223 2678 2296 ignibus
2711 2241 2740 2280 a
2771 2241 2929 2280 muro
2959 2226 3224 2281 arcebant
3259 2240 3324 2281 ae
3354 2241 3554 2281 noxam

1973 2317 2360 2390 prohibebant.
2379 2317 2662 2390 Quthuot
2684 2335 2814 2374 vero
2841 2319 3031 2375 saucio
3057 2318 3348 2375 lormidine
3370 2322 3557 2375 animo

1974 2417 2139 2481 atque
2172 2410 2371 2481 pavido
2394 2419 2575 2474 erant,
2619 2426 2840 2482 przeque
2877 2410 3082 2481 ingenti
3120 2410 3321 2467 mentis
3364 2411 3552 2480 inepia

1975 2516 2077 2557 nec
2103 2501 2279 2572 ipsum
2317 2499 2444 2554 mali
2498 2503 2781 2554 Incursum
2822 2499 3071 2553 adversis
3099 2497 3275 2554 oculis
3303 2504 3561 2566 poterant

1973 2595 2237 2665 aspicere,
2269 2610 2300 2649 e
2333 2593 2505 2648 muris
2539 2593 2746 2649 sensim
2793 2607 2919 2648 sese
2989 2590 3378 2648 subtrahentes
3407 2597 3462 2644 et
3491 2587 3559 2644 ad

1977 2687 2222 2744 tumulos
2246 2686 2595 2756 elatioraque
2634 2685 2878 2741 civitatis
2914 2684 3032 2739 loca
3069 2683 3424 2754 diﬂugientes
3456 2683 3558 2738 ho-

1976 2778 2087 2836 stes
2117 2780 2381 2851 deinceps
2416 2779 2743 2835 audaciores
2788 2778 2989 2832 fecere.
3037 2775 3104 2832 Ut
3138 2778 3287 2831 enim
3320 2773 3560 2846 quodam

303 2873 391 2944 τῆς
426 2872 639 2933 πόλεως
699 2869 950 2950 ἔφευγον,
1007 2866 1103 2918 καὶ
1158 2861 1345 2916 λοιπὸν
1399 2861 1622 2931 θαρρεῖν
1670 2858 1869 2912 ἐδίδουν

1982 2873 2119 2928 muri
2171 2873 2292 2928 loco
2324 2881 2660 2928 structuram
2707 2887 2816 2943 pra!
2847 2871 2971 2926 aliis
3025 2871 3202 2940 magis
3231 2868 3446 2923 ruinam
3484 2866 3562 2920 l‘a-

301 2967 401 3028 τοϊς
431 2961 722 3023 ἐναντίοις.
760 2959 849 3022 Ὧς
904 2957 1015 3028 γὰρ
1047 2952 1186 3008 εἶδον
1236 2952 1378 3006 κατά
1431 2955 1552 3005 τινα
1583 2951 1746 3004 τόπον
1775 2951 1869 3002 τοῦ

296 3057 500 3128 τείχους
532 3057 638 3125 τὴν
657 3051 947 3122 οἰκοδομὴν
968 3049 1132 3102 πλέον
1159 3044 1267 3098 τῶν
1297 3044 1474 3099 ἄλλων
1496 3043 1871 3114 διαρῤυεῖσαν,

297 3151 420 3205 ἔνθα
441 3149 539 3203 καὶ
590 3147 718 3208 τοὺς
747 3145 992 3210 ξυλίνους
1025 3137 1168 3214 ἦμεν
1205 3135 1630 3208 προπεπηγότες
1670 3134 1874 3204 προϐόέ

294 3243 437 3308 λους,
481 3240 661 3309 ῑγνων
685 3238 741 3291 δὲ
773 3236 872 3292 καὶ
902 3235 965 3289 τὸ
993 3234 1092 3303 τῆς
1125 3232 1401 3298 θαλάσσης
1438 3229 1585 3300 ὓδωρ
1635 3231 1692 3282 ὲν
1725 3227 1874 3298 αὑτῷ

299 3339 498 3408 μᾶλλον
525 3336 605 3407 τῷ
630 3336 779 3405 τόπῳ
809 3331 900 3387 διὰ
932 3330 1132 3402 βάθους
1152 3329 1350 3399 χωρεῖν
1366 3326 1435 3388 ⁷⁸,
1460 3324 1587 3395 μίαν
1614 3321 1875 3391 συζυγίαν

292 3433 397 3486 τῶν
451 3429 804 3499 ἐζευγμένων
822 3426 869 3457 "
929 3426 1046 3478 ἐκεῖ
1086 3421 1480 3481 συνελάσαντες
1529 3416 1704 3469 ὤθουν
1755 3416 1876 3478 ταῖς

296 3525 509 3586 κώπαις
549 3522 690 3576 κατὰ
727 3519 950 3591 μικρὸν,
986 3517 1092 3580 ἓως
1137 3514 1382 3584 ἔφθασαν
1428 3511 1658 3581 πλησίον
1686 3510 1742 3562 ἐν
1773 3508 1873 3562 αὑ-

292 3619 408 3680 ταις
435 3619 556 3679 ταῖς
585 3612 843 3675 ἐπάλξεσι
868 3611 934 3665 τά
962 3609 1100 3664 κατά
1131 3606 1357 3677 πρῶραν
1383 3606 1493 3658 τῶν
1523 3601 1660 3656 νεῶν
1702 3616 1877 3671 προσ-

1977 2980 2103 3021 cere
2131 2964 2405 3026 viderunt.
2448 2966 2540 3018 ubi
2581 2966 2793 3020 scilicet
2831 2979 2931 3019 nos
2973 2962 3076 3033 ipsi
3121 2963 3296 3032 lignea
3361 2974 3567 3030 propu-

1977 3057 2209 3124 gnacula
2246 3060 2682 3126 prmﬁtcramus,
2719 3056 3314 3125 deprehenderuntque
3357 3068 3558 3120 aquam

1978 3151 2148 3204 maris
2189 3149 2386 3206 altiore
2416 3151 2542 3204 sinu
2583 3166 2649 3204 eo
2685 3150 2806 3204 loco
2849 3147 3037 3201 urbem
3073 3147 3301 3205 alluere,
3346 3144 3566 3214 juncta-

1981 3258 2097 3297 rum
2140 3245 2360 3297 navium
2413 3259 2512 3312 par
2569 3243 2664 3297 illo
2713 3242 3022 3296 inferentes
3071 3238 3335 3310 paulatim
3396 3237 3564 3292 remis

1976 3335 2334 3405 impulerunt.
2362 3335 2715 3408 536donec
2748 3337 2860 3405 ipsa
2891 3333 3301 3405 propugnacula
3331 3332 3554 3386 navium

1979 3443 2154 3500 prora:
2189 3428 2496 3500 contigere.
2521 3427 2777 3497 Tumque
2829 3427 2913 3482 his
2965 3426 3058 3495 qui
3111 3426 3164 3478 in
3210 3424 3407 3494 ligneis
3440 3437 3567 3491 pro-

1978 3522 2304 3593 pugnaculis
2341 3521 2504 3592 positi
2533 3530 2694 3575 eraut
2727 3521 2781 3574 in
2829 3535 2923 3576 eos
2952 3517 3164 3589 lapides
3190 3518 3377 3587 jacere
3415 3513 3560 3570 inci-

1977 3616 2275 3686 pientibus,
2309 3629 2506 3685 magno
2544 3612 2929 3680 horrendaque
2984 3610 3200 3665 sublato
3227 3609 3469 3663 clamore
3499 3621 3563 3659 ac

293 3709 654 3768 ὶελάσαντες.
686 3703 818 3758 Εἶτα
864 3703 940 3765 ὼς
979 3699 1301 3771 ἐπεχείρουν
1331 3697 1451 3750 κατ’
1475 3694 1658 3749 αὐτῶν
1694 3691 1869 3756 λίθους

1981 3709 2214 3774 ululatu,
2247 3722 2413 3776 supra
2458 3721 2554 3761 eas
2581 3721 2716 3775 quas
2749 3705 2998 3760 dicebam
3032 3702 3319 3759 machinas
3347 3710 3565 3762 stantes

297 3796 541 3873 βαλεῐν⁷⁶
597 3799 646 3852 οί
704 3797 816 3859 τοῖς
861 3793 1094 3864 ξυλίνοις
1146 3789 1512 3861 ἐγκαθήμενοι
1567 3786 1869 3858 προϐόλοις,

1985 3799 2237 3862 Barbari,
2274 3812 2373 3851 nec
2401 3797 2676 3852 manualia
2716 3797 3007 3861 duntaxat,
3041 3792 3136 3849 sed
3163 3806 3326 3862 quam
3375 3793 3567 3844 imma-

299 3895 474 3964 μέγαν
502 3891 626 3944 τινὰ
655 3889 751 3943 καὶ
782 3887 984 3960 τραχὺν
1006 3883 1323 3954 ἀλαλαγμὸν
1354 3881 1726 3953 ἐμϐοήσαντες
1767 3877 1869 3932 ἄνω

1981 3892 2239 3955 nissima,
2271 3897 2326 3946 et
2359 3903 2597 3959 quorum
2643 3887 2906 3956 impetum
2947 3887 3135 3940 nullus
3176 3885 3562 3946 sustinui~set,

293 3988 406 4043 τῶν
458 3985 742 4057 ῥηθέντων
791 3979 1202 4052 μηχανημάτων
1233 3975 1468 4036 ἑστῶτες
1497 3975 1546 4025 οἱ
1580 3971 1869 4042 βάρϐαροι,

1984 3986 2383 4040 convolventes
2417 3997 2573 4043 saxa,
2604 3983 2898 4052 ignemque
2935 3977 3266 4049 siphonibus
3320 3975 3432 4030 aeri
3483 3975 3569 4030 in-

296 4078 466 4142 λίθοις
500 4095 560 4130 τε
594 4075 850 4148 βαλόντες
897 4072 1085 4127 οὐκέτι
1125 4065 1574 4140 χειροπληθέσιν,
1604 4062 1742 4116 ἀλλὰ
1783 4061 1869 4114 κα]

1985 4070 2292 4140 sufﬂantes,
2334 4085 2501 4146 atque
2535 4076 2641 4129 alia
2668 4089 2795 4130 vasa
2831 4073 2971 4145 (ipsa
2995 4087 3215 4141 quoque
3239 4070 3359 4141 igne
3385 4069 3566 4138 plena)

297 4172 418 4225 λίαν
459 4167 848 4239 παμμεγέθεσι
883 4165 976 4218 καὶ
1005 4157 1081 4215 ὧν
1107 4161 1282 4224 οὐδεὶς
1316 4158 1540 4212 ἐδύνατο
1567 4156 1665 4226 τὴν
1706 4153 1869 4222 φορὰε.

1988 4171 2134 4224 intra
2167 4182 2386 4224 murum
2417 4167 2710 4238 jacieutes,
2756 4178 2970 4221 tantum
3016 4171 3224 4218 metum
3275 4177 3338 4216 ac
3381 4169 3572 4229 stupo-

299 4230 620 4335 ὑπομεῖναί,
672 4230 782 4330 πῦρ
805 4275 863 4312 τε
891 4258 980 4312 διὰ
1004 4255 1109 4309 una
1143 4252 1396 4325 σιφώνων
1430 4251 1505 4321 τῷ
1552 4250 1676 4318 ὰέρι
1706 4247 1869 4316 φυσήι

1991 4278 2103 4318 rem
2153 4263 2264 4317 illic
2299 4261 2618 4317 constitutis
2678 4259 3038 4330 praesidiariis
3083 4258 3459 4316 incusserunt,
3512 4264 3572 4308 ut

300 4373 514 4420 σαντες,
556 4353 647 4408 καί
685 4369 808 4406 τινα
846 4349 982 4405 ἄλλα
1028 4347 1197 4418 σκεύη
1246 4346 1338 4399 καί
1366 4344 1503 4397 αὐτὰ
1539 4341 1708 4412 πυρὸς
1747 4340 1869 4394 ἀνά·

1990 4372 2155 4427 quam
2186 4355 2477 4410 celerrime
2528 4353 2852 4410 cxsilientes
2901 4353 2954 4405 in
2985 4351 3168 4421 fugam
3226 4356 3573 4403 verterentur

304 4469 476 4524 μεστοι
502 4449 636 4502 είσω
663 4445 758 4501 τοῦ
788 4443 1002 4514 τείχους
1034 4439 1502 4505 ἐξακοντίσαντες,
1567 4438 1648 4497 εἰς
1683 4431 1869 4487 τοσαὺε

1994 4461 2328 4518 omnemque
2369 4446 2512 4500 muri
2571 4459 2755 4498 aream
2806 4457 3029 4497 vacuam
3066 4443 3405 4497 desererent.
3465 4439 3571 4495 Ubi

300 4562 400 4620 την
441 4541 708 4611 ἔκπληξιν
766 4533 861 4593 καὶ
913 4535 1115 4590 δειλίαν
1166 4533 1292 4595 τοὺς
1333 4534 1390 4583 ἐν
1439 4531 1549 4592 τοῖς
1601 4526 1869 4597 προϐόλοις

1994 4547 2176 4593 autem
2237 4537 2344 4591 voti
2402 4552 2462 4591 se
2524 4546 2810 4604 compotes
2883 4535 3058 4589 factos
3120 4547 3244 4589 esse
3313 4533 3576 4585 viderunt

301 4639 462 4701 ὄντας
500 4635 758 4690 ἐνέϐαλον
788 4631 864 4694 ὡς
887 4627 1272 4697 καταπηδῆσαι
1301 4626 1361 4676 τὸ
1395 4624 1557 4694 τάχος
1605 4621 1699 4674 καὶ
1747 4621 1869 4690 πρὸς

1978 4631 2214 4702 (omnes
2249 4631 2393 4686 enim
2425 4633 2576 4684 velut
2605 4644 2634 4682 a
2657 4637 2817 4685 vento
2851 4643 3084 4684 excttssa
3121 4627 3250 4681 folia
3283 4625 3336 4679 in
3373 4635 3574 4677 terram

305 4731 482 4802 φυγὴν
525 4728 869 4798 ἐκτραπῆναι
898 4723 994 4776 καὶ
1017 4720 1174 4775 κενὸν
1217 4717 1435 4771 ἅπαντα
1462 4714 1554 4769 τὸν
1581 4714 1869 4784 περίπατοι

2000 4723 2361 4794 proruebant,
2410 4738 2587 4792 neque
2639 4737 2733 4792 per
2783 4721 2996 4786 scalas,
3052 4722 3149 4775 sed
3189 4729 3247 4772 ιιι
3279 4733 3374 4772 eos
3409 4731 3581 4784 pavor

305 4801 398 4881 τοῦ
436 4801 656 4894 τείχους
694 4818 1042 4874 καταλιπείν;
1087 4812 1307 4882 Ἐπειδὴ
1352 4809 1408 4863 δὲ
1461 4808 1522 4862 τὸ
1563 4808 1714 4868 τέλος
1753 4801 1869 4860 εἶδοε

2005 4816 2292 4885 raptabat)
2320 4855 2334 4877 ,
2377 4830 2545 4868 unum
2579 4814 2887 4884 quempiam
2925 4811 3150 4867 audacis
3179 4811 3344 4864 animi
3379 4809 3583 4861 Barba-

307 4917 417 4972 τῶν
449 4911 890 4987 βεϐουλευμένων
925 4908 1147 4980 (πάντες
1176 4906 1285 4976 γὰρ
1317 4903 1567 4972 καθάπερ
1597 4901 1657 4968 εξ
1687 4900 1869 4969 ἁνέμοι

2003 4923 2146 4966 rum.
2181 4907 2511 4977 emterisque
2535 4946 2552 4969 ,
2601 4915 2658 4960 ttt
2688 4907 3000 4968 videbatur,
3039 4903 3233 4974 majori
3271 4903 3468 4957 lreuuu
3497 4916 3584 4949 w-

310 5011 484 5082 φύλλα
539 5008 677 5075 πρὸς
711 5004 811 5075 τὴν
840 5004 944 5069 γῆν
987 5000 1372 5070 κατεφέροντο.
1434 4997 1555 5050 οὑδὲ
1589 4995 1730 5048 κατᾶ
1780 4992 1869 5082 τῷε

1999 4997 2180 5060 sauia,
2237 4999 2423 5052 colore
2458 4997 2844 5067 uigerrimum,
2905 4998 2957 5050 in
3003 4996 3412 5065 propugnacula
3475 4993 3584 5046 im-

312 5080 618 5171 κλιμάκων,
648 5084 764 5151 ἀλλ’
802 5094 879 5158 ὡς
911 5095 979 5146 ἂν
1027 5092 1223 5154 αὐτοὺς
1258 5091 1287 5142 ὀ
1317 5085 1478 5157 φόϐος
1508 5080 1865 5155 κατήπειγεν)

2004 5091 2250 5144 mittunt.
2321 5089 2372 5145 Is
2422 5106 2636 5151 ensem.
2693 5107 2856 5160 quem
2908 5092 2962 5145 itt
3009 5089 3262 5145 manibus
3311 5088 3580 5157 gestabat,

313 5196 414 5248 ἕνα
445 5193 573 5245 τινὰ
607 5190 883 5260 τολμηρξν
941 5185 1218 5258 βάρϐαρον
1259 5186 1352 5238 καὶ
1404 5183 1516 5236 τῶν
1570 5181 1768 5242 ἄλλων,
1820 5179 1865 5231 ὼ

2006 5188 2217 5246 rotans,
2252 5183 2415 5251 inque
2449 5197 2665 5236 murum
2725 5183 2996 5248 insiliens,
3056 5195 3121 5236 ac
3174 5194 3356 5237 moras
3409 5180 3465 5231 in
3516 5192 3586 5230 eo

317 5288 486 5351 είκὸς,
518 5282 914 5355 μανικώτερον,
969 5281 1202 5334 Αἰθίοπα
1238 5281 1337 5349 τὴν
1367 5279 1580 5348 χροιάν,
1630 5277 1750 5337 ταῖς
1804 5275 1869 5326 Et:

2007 5272 2252 5336 trahens,
2309 5271 2680 5327 multitudinis
2725 5273 2986 5344 impetum
3042 5270 3397 5332 observabat,
3451 5282 3582 5322 num

1603 5390 1827 5447 VARM".
1869 5387 2268 5444 LECTIONES.

383 5498 428 5527 "
461 5513 520 5549 τε
564 5495 620 5549 Ρ.
693 5495 742 5559 1³
779 5493 1018 5563 κόῤῥηςῖ
1090 5494 1133 5524 ⁷⁸
1173 5493 1262 5546 καὶ
1295 5489 1777 5545 τὶ-ὲπεδεὲκνυςο
1807 5501 1913 5540 om.
1937 5483 1995 5539 l‘t
2073 5484 2116 5515 ⁷⁵
2141 5486 2249 5549 τοῖς
2279 5501 2391 5541 om.
2424 5484 2482 5541 P.
2564 5480 2607 5519 ⁷⁸
2640 5484 2850 5559 χωροῦν
2886 5488 2946 5542 Α.
3030 5483 3070 5516 ⁷⁷
3098 5481 3204 5537 τῶν
3236 5475 3586 5546 ἐζευγμένων

319 5578 425 5622 om.
466 5564 522 5619 ιι.
599 5565 642 5598 ’⁸
671 5565 942 5636 βᾶλὶεεενΑ
