4066 6040
465 69 569 133 575

1694 72 2030 134 JOANNES
2059 74 2493 139 CAMENIATA

3624 81 3725 146 576

466 185 677 241 scilicet
720 183 938 253 fraude,
993 201 1063 243 an
1090 188 1239 258 quod
1269 193 1496 246 omnino
1525 190 1710 261 fugam
1758 191 2030 259 fecissent1

2150 194 2370 258 ἀλξεσιν
2420 196 2734 265 ὲπαφῆκαν.
2774 196 2841 251 '0
2885 199 2941 253 δὲ
2983 198 3083 271 τὴν
3132 198 3409 273 μάχαιραν
3446 203 3513 275 ἢν
3569 205 3725 276 ἐτύγ-

466 278 593 335 inde
637 280 1446 339 abscessissentzverebantur
1495 286 1642 340 enim
1691 302 1760 342 ne
1822 287 2045 343 insidiis

465 370 726 426 adversus
778 386 874 429 eos
925 372 979 428 in
1022 374 1244 430 occulto
1285 387 1383 445 per
1424 377 1747 448 angiportus
1785 381 2045 451 vicosque

465 463 752 533 dispositis
779 464 928 521 cives
964 481 1024 521 se
1054 467 1109 522 in
1157 469 1329 523 multa
1377 468 1589 525 divisos
1629 472 1843 541 agmina
1898 474 2044 528 malo

467 554 616 621 dolo,
650 556 802 625 gravi
835 558 947 612 ullo
986 559 1191 614 damno
1230 560 1541 627 adiicerent;
1571 562 1833 634 dubiique
1858 563 2046 620 hacte-

468 662 572 701 uus
608 649 1011 714 subsistebant,
1062 664 1131 707 ne
1163 654 1244 708 sic
1294 653 1592 722 improvise
1633 654 1689 710 in
1736 656 1925 711 urbem
1963 657 2045 711 ir-

465 752 788 811 rumperent
842 758 1022 815 exque
1071 747 1234 815 genio
1269 747 1417 802 illius
1470 749 1780 803 vastitatem
1824 748 2041 804 darent.

464 835 531 888 At
558 836 648 889 ubi
675 838 952 893 barbarici
982 842 1133 895 ensis
1189 840 1461 911 frequenti
1511 842 1852 897 circumactu
1882 842 2041 913 537

463 928 802 999 cﬂ'ulgurans
831 943 925 985 aer
959 931 1144 987 hostes
1203 935 1258 988 in
1302 935 1491 989 urbem
1539 935 1842 1004 pervadere
1876 943 2044 1005 atque

463 1018 677 1087 ingredi
712 1022 889 1089 palam
924 1020 1057 1077 fecit
1093 1026 1234 1090 (erat
1266 1040 1505 1094 namque
1529 1024 1664 1079 hora
1690 1025 1799 1079 diei
1832 1026 2038 1095 tertia).

461 1118 594 1164 tunc
628 1111 913 1180 nimirum,
934 1122 1068 1169 tunc
1094 1116 1301 1182 cuncti,
1336 1117 1464 1171 mali
1496 1126 1692 1172 eventu
1728 1125 2039 1187 perspecto,

460 1203 603 1258 alius
636 1205 768 1270 alio,
807 1208 1056 1263 eontrusi
1086 1208 1220 1275 fato,
1244 1208 1539 1282 dill‘ugere,
1571 1225 1697 1266 cum
1735 1211 1853 1265 dira
1887 1218 2041 1267 mors

458 1298 679 1352 cunctis
710 1298 1015 1369 ingrueret,
1047 1317 1151 1357 nec
1176 1302 1299 1371 ejus
1329 1302 1657 1359 auioliendae
1688 1304 1856 1357 ullum
1881 1302 2037 1359 dein-

457 1397 590 1453 ceps
613 1388 905 1444 consilium
937 1390 1193 1462 ratioque
1222 1402 1560 1464 suppeteret.

2151 309 2282 362 χανε
2304 290 2349 324 7°
2374 294 2494 357 ταῖς
2525 288 2686 364 χερσῒ
2731 295 2980 366 κατέχων
3030 297 3427 369 ἀναρριπίζων,
3458 299 3555 354 καὶ
3588 303 3726 357 κατὰ

2148 384 2245 437 τοῦ
2273 384 2487 455 τείχους
2536 386 2851 457 ἁλλόμενος,
2886 388 3121 459 ἐπέμενε
3167 392 3387 443 σκοπῶν
3420 393 3521 462 τὴν
3548 392 3725 462 ὁρμὴν

2150 474 2244 528 τοῦ
2272 476 2531 545 πλήθους,
2568 478 2622 532 εῐ
2645 495 2709 545 γε
2738 478 2812 549 μὴ
2841 479 2979 549 πρὸς
3024 480 3264 551 ἀπάτην,
3291 481 3427 537 ἀλλὰ
3478 482 3614 552 πρὸς
3644 501 3726 535 τε·

2148 568 2299 624 λείαν
2322 569 2501 642 φυγὴν
2528 570 2738 626 ἐκεῖθεν
2769 573 3031 637 ἐξέκλινε.
3064 574 3173 627 Καὶ
3208 574 3319 645 γάρ
3356 574 3657 645 ὕφωρῶντυ
3680 576 3723 609 ⁸⁸

2155 663 2230 732 μή
2257 673 2376 716 τινα
2402 665 2793 736 κεκρυμμένην
2820 666 3045 735 ἐνέδραν
3077 666 3273 736 ἔχωσιν
3315 667 3366 721 oi
3395 668 3492 735 τῆς
3519 668 3725 731 πόλεως

2149 756 2208 808 ὲν
2236 756 2357 818 ταῖς
2380 758 2600 825 ἀγυιαῖς
2619 800 2633 825 ,
2669 757 2737 809 δι’
2774 751 2842 829 ἧς
2891 759 3090 822 αὐτοὺς
3119 762 3197 822 εἰς
3227 759 3397 814 πολλά
3430 752 3725 831 διαιρεθέν-

2147 851 2246 908 va;
2275 844 2509 917 δολερῶς
2544 851 3040 918 κακουργήσονται,
3098 851 3193 903 καὶ
3218 849 3568 920 ἀμφέϐαλλον
3593 852 3727 917 τέως

2150 936 2225 1004 μὴ
2257 937 2586 1006 ἀπροόπτως
2618 939 2795 1005 οὕτως
2833 946 3179 1011 προσχωρεῖν
3208 932 3295 1014 [Ρ.
3322 942 3449 1013 54⁸7]
3481 945 3547 1012 τῇ
3573 942 3727 996 πόλει

2146 1026 2241 1081 καὶ
2270 1030 2341 1083 τὰ
2391 1033 2526 1102 παρ’
2558 1032 2771 1087 ἑαυτῶν
2800 1034 3069 1105 ἐνεργεῖν.
3106 1033 3237 1087 Ὀτε
3288 1033 3345 1086 δὲ
3396 1033 3513 1097 ταῖς
3551 1035 3726 1105 ῥιπεσι

2144 1122 2245 1193 τῆς
2325 1122 2673 1195 βαρϐαρικῆς
2743 1127 3022 1198 μαχαίρας
3076 1126 3473 1196 ἐξαστράπτων
3536 1130 3564 1181 ὀ
3622 1128 3728 1200 ἀὴρ

2143 1214 2447 1286 κατάδηλον
2490 1212 2663 1272 ἐποίει
2707 1218 2985 1291 πανταχοῦ
3018 1219 3125 1274 τῶν
3160 1212 3437 1290 πολεμίων
3477 1217 3577 1291 τὴν
3610 1222 3724 1275 sla-

2143 1308 2262 1361 οδον
2299 1310 2416 1379 (καὶ
2468 1311 2575 1384 γὰρ
2610 1303 2677 1382 ἦν
2708 1311 2825 1384 ὥρα
2852 1313 3011 1385 τρίτη
3048 1305 3151 1384 τῆς
3195 1314 3455 1386 ἡμέρας).
3508 1314 3633 1369 τότε
3663 1306 3727 1385 δὴ

2140 1400 2344 1465 idne;
2364 1395 2457 1457 τοῦ
2491 1404 2663 1458 κακοῦ
2693 1396 2792 1476 τὴν
2820 1405 3046 1462 ἔκϐασιν
3072 1406 3401 1478 θεασάμενοι
3432 1411 3727 1480 ἐτρέποντο

455 1475 616 1541 ἄλλος
644 1480 901 1553 ἀλλαχοῦ,
928 1484 1007 1555 τῷ
1040 1485 1255 1558 θανάτῳ
1286 1487 1756 1561 συνελαυνόμενοι.
1784 1487 1845 1543 '0
1877 1488 1935 1543 δὲ
1966 1483 2037 1561 ἦν
2068 1488 2311 1559 ἐφεστὼς
2347 1498 2442 1551 καὶ
2472 1498 2745 1571 μηδεμίαν
2774 1500 2871 1555 τοῦ
2930 1502 3118 1557 λοιποῦ
3185 1475 3536 1576 παραχωριῖίν
3581 1506 3703 1559 ἐπί·

456 1586 608 1629 νοιαν
632 1572 701 1628 δι’
728 1569 797 1647 ἧς
824 1576 989 1631 αὐτὸν
1020 1579 1447 1637 ὑπεκκλίνωσιν.

528 1693 621 1749 55.
661 1686 1020 1749 Postmodum
1044 1709 1168 1749 cum
1199 1700 1465 1753 nudatum
1498 1698 1883 1755 defensoribus
1914 1715 2030 1755 mu-

2207 1700 2300 1756 λε⁹.
2352 1698 2485 1756 Εἶτα
2540 1694 2615 1767 ὡς
2664 1722 2812 1759 ...παν
2870 1700 3107 1789 κενωθὲν
3158 1706 3223 1761 τὸ
3250 1708 3429 1789 τεῖχος
3480 1705 3620 1764 εἶδον
3671 1710 3725 1767 oi

456 1801 578 1841 rum
621 1785 844 1840 Barbari
880 1786 1321 1857 conspexissent,
1350 1806 1528 1861 exque
1567 1785 1741 1847 effusa
1788 1793 2039 1848 multitu-

455 1877 605 1932 «linis
641 1877 766 1947 fuga
802 1877 944 1934 nihil
972 1881 1085 1950 jam
1120 1882 1223 1937 sibi
1276 1884 1509 1954 periculi
1555 1885 1844 1941 imminere
1876 1883 2039 1941 intel-

456 1969 708 2040 ligerent,
738 1972 928 2027 statim
962 1974 1197 2031 navibus
1225 1970 1384 2030 μα’υεὶ
1416 1978 1583 2047 inque
1617 1980 2033 2051 propugnacula

456 2063 757 2120 iasilieutes
789 2081 850 2119 ac
884 2076 1072 2137 portas
1140 2065 1483 2126 diﬂindeutes
1534 2072 1766 2141 reliquis
1811 2090 2036 2142 quoque

453 2156 687 2210 navibus
723 2162 999 2227 gestoriim
1029 2162 1237 2217 exitum
1285 2164 1617 2221 indicavere.
1660 2168 1791 2234 Quae
1821 2181 1875 2223 et
1907 2170 2036 2239 ipsa!

454 2244 705 2303 celeriter
733 2246 798 2305 ad
828 2252 1041 2306 viarum
1065 2254 1246 2310 exitus
1289 2271 1458 2326 prope
1488 2259 1731 2329 appulsa:
1762 2261 2035 2317 Barbaros

454 2338 510 2392 iu
543 2338 734 2394 urbem
764 2335 1153 2411 imminebant,
1192 2348 1520 2417 corporibus
1571 2353 1769 2416 nudos,
1805 2354 2034 2425 exiguo-

453 2447 561 2499 que
589 2432 767 2487 solum
819 2436 1023 2491 amictu
1085 2439 1323 2494 verenda
1368 2451 1670 2505 contectus.
1714 2462 1777 2501 ac
1836 2456 2033 2502 manus

451 2524 650 2592 gladiis
708 2538 973 2585 armatos,
1031 2529 1234 2587 Urbem
1289 2549 1457 2605 porro
1517 2539 1747 2608 ingressi
1792 2534 2029 2608 primum

451 2617 697 2686 quidem,
730 2637 870 2691 quos
897 2617 1077 2679 adhuc
1112 2625 1165 2679 in
1194 2629 1370 2681 muris
1402 2634 1689 2686 uersantes
1728 2633 2027 2700 oli'ende're,

452 2709 569 2763 sive
602 2720 747 2765 metu
804 2712 1086 2782 perculsos
1133 2730 1235 2771 nec
1266 2724 1327 2772 se
1354 2734 1571 2773 movere
1603 2720 1867 2786 valentes,
1909 2738 2030 2778 coro

452 2815 588 2870 pore
631 2802 714 2857 eis
742 2819 808 2858 ex
858 2815 1003 2860 metu
1045 2804 1349 2873 dissoluto,
1394 2811 1508 2865 sive
1546 2822 1740 2868 rursus
1783 2815 1852 2870 iis
1891 2831 2031 2883 quos

450 2892 698 2947 dicebam
723 2895 947 2952 casibus
969 2900 1401 2971 praecipiliisque
1433 2904 1775 2972 contractos,
1813 2908 2029 2979 sibique

451 2983 579 3055 fuga
625 2988 952 3044 consulendi
1009 2992 1159 3046 omni
1211 3009 1307 3063 spe
1351 2995 1665 3063 destitutos,
1703 3016 1865 3069 quam
1920 3003 2029 3057 cito

450 3076 822 3149 trucidabant.
881 3080 1020 3136 Tum
1064 3099 1161 3153 per
1187 3086 1336 3140 vicos
1383 3102 1445 3142 ac
1504 3080 1708 3157 plateas
1744 3091 2024 3162 dispertiti

449 3176 620 3224 sunt:
658 3173 868 3227 urbana
921 3183 1102 3229 autem
1168 3178 1483 3241 multitudo,
1528 3182 1633 3235 huc
1684 3193 1848 3252 atque
1898 3186 2027 3242 illuc

449 3262 637 3319 multis
672 3266 920 3333 partibus
944 3267 1141 3332 divisa,
1173 3265 1614 3329 tumultuabauir
1635 3286 1687 3330 et
1706 3278 2024 3335 clamitabat

448 3358 829 3427 angustiisque
866 3361 1176 3425 tenebatur,
1208 3380 1332 3419 cum
1372 3368 1517 3420 nulla
1551 3370 1744 3425 salutis
1768 3374 1906 3426 ratio
1934 3382 2028 3429 aut

447 3446 785 3516 depellenda:
812 3452 1141 3509 calamitatis
1182 3454 1234 3508 in
1270 3470 1522 3527 promptu
1574 3472 1742 3515 esset.
1776 3453 2023 3520 Vidisses

446 3539 593 3593 enim
627 3548 756 3594 tunc
780 3540 944 3613 538
993 3544 1244 3601 homines
1274 3549 1419 3603 velut
1477 3552 1689 3622 navigia
1739 3557 1886 3608 omni
1942 3574 2023 3609 re-

448 3643 602 3690 ctore
634 3636 896 3693 destituta
950 3639 1049 3693 hac
1087 3641 1322 3711 illacque
1367 3644 1621 3711 [procella
1655 3649 2022 3715 circumferri,

447 3728 763 3785 miserabile
802 3732 1207 3799 spectaculum,
1235 3735 1402 3797 viros,
1460 3738 1741 3801 mulieres,
1768 3734 2024 3807 parvulos

447 3817 502 3869 in
534 3832 593 3873 se
626 3827 819 3875 mutuo
848 3822 1204 3889 collabentes,
1265 3840 1327 3879 ex
1360 3841 1417 3881 se
1466 3838 1657 3881 mutuo
1689 3831 2021 3898 pendentes.

448 3908 889 3967 infelicissimum
922 3914 1053 3969 illud
1081 3931 1515 3987 supremumque
1543 3921 1735 3977 dantes
1771 3925 2021 3979 osculum

447 4016 513 4056 ac
535 4004 973 4060 consalutantes.
1009 4004 1194 4060 Sicubi
1238 4006 1381 4061 forte
1434 4009 1487 4062 in
1522 4010 1601 4065 eis
1626 4022 1776 4080 pater
1806 4014 2022 4068 vetulus

448 4097 502 4148 in
532 4096 628 4149 filii
650 4096 847 4152 collum
882 4114 1050 4154 ruens
1076 4114 1269 4157 mmste
1292 4105 1754 4173 conquerebatur.
1778 4108 2021 4175 separari

446 4204 554 4241 non
584 4178 887 4254 sustinens,
935 4192 1031 4247 sed
1086 4193 1399 4248 charissimi
1456 4198 1702 4252 membra
1746 4208 1936 4254 tenens
1970 4211 2019 4255 el

445 4286 575 4331 ante
603 4295 789 4335 ensem
836 4283 1067 4337 naturali
1102 4295 1339 4353 punctus
1372 4287 1563 4344 dolore
1603 4301 1767 4357 atque
1799 4291 2018 4359 aﬂectu,

2144 1783 2438 1865 βάρϐαροι,
2476 1796 2571 1849 καὶ
2610 1795 2671 1849 τὸ
2707 1786 2950 1863 ἀσφαλὲς
2983 1789 3198 1861 ἑαυτοῖς
3230 1783 3375 1870 είχον
3410 1799 3475 1853 ἐκ
3495 1802 3596 1871 τῆς
3627 1804 3722 1857 τοῦ

2138 1886 2378 1958 πλήθους
2414 1886 2792 1944 ἀνυποστάτου
2830 1890 3035 1961 φυγῆς,
3082 1886 3287 1964 σπουδῇ
3320 1893 3429 1948 τῶν
3458 1893 3605 1966 νηῶν
3633 1898 3724 1951 έκ-

2138 1973 2333 2044 ϐἀντες
2360 1983 2587 2035 καὶτῶν
2624 1984 2906 2050 ἐπάλξεων
2939 1987 3072 2039 εἵσω
3114 1987 3604 2057 καταπηδήσαντες
3624 1990 3722 2053 τάς

2134 2080 2192 2125 τε
2233 2073 2409 2137 πύλας
2457 2076 2926 2147 ἀναῤῥιπίσαντες
2971 2079 3194 2148 ἐδήλουν
3235 2081 3331 2133 καὶ
3370 2084 3489 2143 ταῖς
3535 2083 3724 2146 ἄλλαις

2135 2166 2295 2219 ναυσὶ
2344 2166 2451 2219 τῶν
2488 2170 2899 2238 πεπραγμένων
2927 2171 2987 2223 τὸ
3031 2173 3226 2243 πέρας,
3270 2172 3473 2235 αἵτινες
3515 2174 3719 2244 σπουδῇ

2136 2256 2229 2309 καὶ
2276 2251 2437 2310 αὗται
2493 2260 2646 2327 παρά
2693 2259 2793 2322 τὰς
2825 2258 3092 2324 διεξόδους
3141 2261 3372 2329 ἐγγύθεν
3420 2279 3721 2334 προσορμι-

2136 2346 2350 2401 σθεῖσαι
2380 2348 2627 2419 ἔπεμπον
2660 2354 2727 2422 τῇ
2778 2351 2932 2404 πόλει
2981 2354 3107 2416 τοὺς
3141 2352 3475 2426 βαρϐάρους,
3507 2356 3577 2409 τὰ
3608 2356 3716 2409 σώ-

2136 2458 2282 2509 ματα
2315 2444 2798 2513 γεγυμνωμένους,
2833 2446 3015 2516 μικρῷ
3050 2465 3157 2499 τινι
3191 2449 3337 2520 μόνῳ
3381 2449 3717 2520 περιϐολαίῳ

2132 2531 2202 2585 τὰ
2226 2533 2367 2586 κατὰ
2399 2534 2498 2604 τὴν
2525 2536 2658 2589 αἰδὼ
2679 2537 2723 2567 ⁸³
2757 2539 3199 2605 έγκαλύπτοντας
3215 2540 3281 2607 ⁸¹,
3310 2542 3409 2603 τάς
3442 2542 3715 2613 μαχαίρας

2133 2622 2356 2693 ἔχοντας
2376 2625 2421 2657 ⁸³
2456 2629 2515 2679 ἐν
2545 2630 2733 2697 χερσίν
2757 2646 2769 2659 σ
2808 2629 2859 2681 οἳ
2884 2632 2977 2684 καὶ
3012 2630 3160 2684 ἔνδον
3185 2636 3470 2703 γενόμενοι
3499 2635 3720 2703 πρῶτον

2136 2714 2234 2784 μὲν
2270 2715 2360 2779 οὓς
2404 2712 2562 2787 εὗρον
2608 2719 2687 2772 ἔτι
2727 2722 2855 2790 περὶ
2898 2724 2959 2775 τὸ
3006 2727 3183 2794 τεῖχος
3230 2726 3714 2795 ὲνστρεφομένους,

2132 2814 2243 2864 εἴτε
2276 2811 2352 2880 τῷ
2384 2813 2535 2885 φόϐῳ
2587 2814 2884 2885 βληθέντας
2932 2818 3027 2870 καὶ
3058 2818 3349 2889 κινηθῆναι
3383 2818 3459 2888 μὴ
3487 2820 3716 2889 δυναμέε

2132 2904 2610 2973 νους-παρεθέντος
2632 2908 2815 2969 αὐτοῖς
2845 2910 2908 2961 ἐκ
2931 2909 3024 2962 τοῦ
3048 2909 3093 2941 ⁸⁸
3116 2910 3283 2979 φόϐου
3311 2910 3407 2963 τοῦ
3440 2912 3711 2982 σώματος.

2132 2997 2243 3049 εἴτε
2291 2996 2452 3051 πάλιν
2486 2992 2599 3061 τοῖς
2650 3002 2860 3070 ῥηθεῖσι
2899 3003 3158 3071 πτώμασι
3209 3006 3649 3072 συγκλασθέντας
3668 3002 3713 3040 ⁸⁸

2135 3086 2231 3139 καὶ
2266 3088 2402 3159 πρὸς
2432 3090 2531 3158 τὴν
2577 3091 2756 3160 φυγὴν
2786 3094 3220 3159 ἀπελπίσαντας,
3270 3100 3489 3162 τούτους
3520 3101 3583 3154 τὸ
3604 3103 3713 3155 τά-

2134 3199 2225 3249 χος
2261 3172 2491 3245 ἀνεῖλον,
2522 3181 2621 3236 εἷθ’
2654 3184 2798 3238 οὕτω
2827 3188 2945 3250 ταῖς
2984 3187 3279 3260 λεωφόροις
3314 3197 3713 3264 κατεμερίσθη-

2137 3290 2256 3326 σαν.
2291 3275 2363 3327 Τὸ
2384 3266 2439 3327 δὲ
2462 3276 2664 3344 πλῆθος
2686 3280 2781 3347 τῆς
2808 3280 3012 3343 πόλεως
3037 3283 3116 3345 είς
3149 3283 3317 3337 πολλὰ
3343 3285 3484 3355 μέρη
3507 3286 3718 3357 τμηθὲν

2133 3365 2426 3435 διεθροεῖτό
2454 3367 2499 3399 ⁸⁸
2520 3385 2576 3421 τε
2603 3370 2695 3421 καὶ
2722 3372 3017 3439 συνείχετο,
3045 3375 3141 3427 οὐκ
3166 3376 3287 3444 ἔχον
3310 3378 3445 3430 ὅπου
3476 3395 3713 3451 περισωι

2134 3456 2251 3526 θείη
2284 3458 2315 3527 ἢ
2344 3458 2443 3528 τὴν
2476 3464 2761 3530 συμφορὰν
2784 3464 3178 3536 διακρούσηται
3204 3468 3271 3525 ⁸⁷.
3301 3466 3410 3523 Ἦν
3442 3473 3553 3540 γὰρ
3583 3474 3711 3527 ίδεῖν

2132 3552 2252 3603 τότε
2308 3554 2433 3616 τοὺς
2481 3554 2805 3625 ἀνθρώπους
2852 3552 2927 3623 ὡς
2968 3560 3317 3633 ἀκυϐέρνητα
3368 3568 3552 3636 σκάφη
3585 3560 3710 3638 τῇδὲ

2132 3644 2358 3697 κάκεῖσε
2411 3641 2898 3717 περιφερομένους,
2934 3652 3166 3706 ἐλεεινὸν
3224 3649 3432 3725 θέαμα,
3482 3660 3713 3729 ἀνδρας,-

2132 3738 2419 3800 γυναίκσς,
2458 3738 2652 3807 νήπια,
2685 3738 2939 3807 ἀλλήλοις
2993 3747 3425 3813 συμπίπτοντας,
3466 3750 3711 3819 ἀλλήλων

2133 3828 2605 3896 ἐκκρεμαμένους,
2644 3827 3061 3902 ἀσπαζομένους
3084 3835 3177 3889 τὸν
3207 3838 3476 3895 οἴκτιστον
3505 3844 3709 3897 ἐκεῖνον

2132 3919 2227 3969 καὶ
2273 3918 2583 3971 τελευταῖον
2621 3920 2933 3990 ἀσπασμόν.
2981 3922 3049 3975 Εἴ
3076 3926 3177 3977 πού
3201 3926 3246 3959 ⁸⁸
3289 3946 3373 3992 τις
3408 3931 3502 3983 καὶ
3531 3934 3710 4005 πατὴρ

2131 4004 2190 4058 ὲν
2239 4009 2423 4072 αὐτοῖς
2480 4012 2818 4082 πρεσϐύτης,
2872 4011 3151 4071 ἐπιπεσὼν
3198 4019 3276 4086 τῷ
3319 4021 3577 4093 τραχήλῳ
3614 4024 3709 4078 τοῦ

2131 4092 2322 4162 παιδὸς
2374 4090 2547 4154 δεινὸν
2597 4104 2907 4171 ὲπεκώκυε,
2936 4107 3029 4162 τὸν
3077 4112 3360 4181 χωρισμὸν
3413 4090 3709 4187 οὑφέρων,

2129 4190 2264 4246 ἀλλὰ
2292 4194 2360 4246 τὰ
2401 4194 2535 4264 μέλη
2572 4196 2819 4265 κατέχων
2861 4196 2956 4253 τοῦ
3011 4201 3292 4269 φιλτάτου,
3344 4206 3438 4258 καὶ
3474 4208 3579 4276 προ
3615 4203 3710 4261 τοῦ

2133 4283 2319 4351 ξίφους
2372 4286 2451 4355 τῷ
2509 4288 2725 4357 φυσικῷ
2764 4291 3089 4361 νυττόμενος
3149 4290 3310 4350 πάθει
3361 4299 3453 4352 τὸν
3516 4300 3713 4370 θρῆνον

447 4370 552 4423 sibi
583 4370 699 4439 ipse.
728 4371 935 4427 luctum
966 4374 1251 4444 digerebat
1281 4395 1295 4428 :
1328 4376 1443 4431 lleu
1478 4396 1577 4443 me,
1607 4382 1708 4449 ﬁli,
1745 4383 1946 4446 aiebat,
1969 4386 2022 4438 in

2136 4376 2310 4445 ἑαυτῷ
2365 4377 2619 4432 διετίθει·
2653 4374 2772 4434 Φεῦ
2813 4392 2936 4449 μοι,
2971 4384 3163 4453 λέγων,
3223 4381 3271 4441 ὧ
3306 4389 3431 4455 παῖ,
3476 4385 3546 4444 ἐν
3588 4393 3712 4445 τίσι

446 4462 634 4531 quibus
665 4481 802 4518 nunc
838 4471 1147 4521 versamur!
1170 4471 1427 4538 Quaenam
1451 4473 1560 4527 ha'c
1585 4476 1752 4530 oeuiis
1789 4482 2024 4547 usurpo?

449 4546 652 4603 Eamne
679 4554 732 4604 in
779 4569 885 4607 rem
920 4557 1161 4623 diligenti
1192 4576 1323 4613 cura
1360 4562 1605 4627 educavi,
1644 4546 2023 4637 proptereaque

447 4641 718 4709 magistris
768 4644 1009 4707 tradidi,
1076 4656 1126 4700 et
1175 4659 1234 4701 ut
1287 4652 1490 4719 majore
1547 4656 1829 4720 prudentia
1888 4660 2024 4712 inter

446 4731 674 4796 a'quales
709 4733 933 4802 fulgeres
967 4753 1176 4803 operam
1208 4750 1550 4809 sumptusque
1582 4744 1768 4807 locavi,
1816 4756 1871 4799 ut
1903 4765 2022 4801 cum

448 4824 603 4887 plane
624 4826 787 4891 prolis
820 4826 1073 4893 felicitate
1104 4830 1464 4884 wmulandum
1494 4850 1573 4887 me
1602 4836 1714 4903 fore
1744 4850 2023 4907 exspecta-

449 4915 591 4976 bant,
627 4916 804 4984 tuique
836 4917 1149 4987 gloriatione
1172 4921 1423 4974 invidiam
1449 4938 1881 4990 provocaturum.
1903 4949 2022 4985 nec—

2131 4466 2248 4519 νῦν
2272 4467 2657 4538 ἐξεταζόμεθα
2678 4462 2756 4538 ⁸⁹;
2814 4475 2948 4526 τίνα
2990 4476 3177 4531 ταῦτα
3216 4470 3340 4544 τοῖς
3382 4481 3712 4552 ὀφθαλμοῖς

2131 4560 2398 4626 καθαρῶς
2439 4564 2526 4626 είς
2566 4561 2743 4616 τοῦτο
2791 4562 2899 4633 γάρ
2929 4582 3003 4620 σε
3048 4560 3349 4637 ἐπιμελῶς
3394 4571 3710 4641 ἐξέθρεψα,

2131 4649 2231 4702 καί
2265 4650 2363 4703 διὰ
2400 4652 2577 4705 τοῦτό
2603 4670 2677 4705 σε
2707 4655 3055 4724 παιδευταῖς
3094 4652 3394 4730 ἐξεδόμην
3439 4666 3533 4717 καὶ
3562 4682 3711 4720 avr-

2128 4741 2257 4795 ἐσει
2286 4741 2636 4812 διαπρέπειν
2684 4746 2755 4799 ἐν
2808 4749 2925 4814 τοῖς
2981 4751 3222 4819 όμήλιξι
3271 4752 3706 4823 διεσπούδασα,

2128 4834 2205 4887 ἵν’
2244 4835 2343 4888 ὅτε
2363 4838 2751 4903 προσεδόκων
2780 4840 3040 4909 ζηλωτὸς
3066 4845 3180 4912 μὲν
3222 4836 3374 4900 εἶναι
3403 4849 3477 4917 τῇ
3505 4854 3711 4905 situate

2126 4929 2249 4997 δίᾳ,
2298 4932 2625 5002 ἐπίφθονος
2656 4936 2725 4989 δὲ
2762 4937 2836 5005 τῇ
2880 4940 2976 4993 ἐπὶ
3026 4943 3121 4995 σοὶ
3172 4944 3492 5011 καυχήσει,
3522 4964 3713 5016 μακα-

450 5022 551 5058 uon
584 5007 706 5060 aliis
764 5013 915 5079 vulgo
969 5012 1274 5077 parentibus
1315 5012 1631 5071 beatiorem.
1684 5026 1867 5090 utqui
1918 5026 2021 5079 tali

2136 5020 2401 5091 οιώτερος
2421 5025 2489 5078 δὲ
2516 5029 2763 5083 πολλῶν
2802 5030 3010 5086 ἄλλων
3035 5007 3414 5105 πατέρων-ὦς
3438 5007 3710 5095 τοιοῦτον

448 5099 814 5152 honestissimo
873 5100 988 5167 ﬁlio
1044 5104 1300 5169 prwdilus
1338 5121 1542 5169 essent,
1614 5107 1725 5174 ipsa
1784 5116 2021 5181 corporis

2127 5113 2286 5181 ἔχων
2320 5119 2815 5185 εὐπρεπέστατον
2858 5124 3097 5193 τέκνον,
3137 5128 3427 5200 ἐράσμιον
3449 5133 3568 5201 μὲν
3596 5136 3706 5201 τὴν

1732 5272 1966 5329 VARl/E
2001 5276 2405 5334 LECTlONES.

515 5401 560 5434 τ’
586 5400 743 5470 ἔτυχε
784 5404 836 5455 λ.
911 5404 955 5435 ⁸ο
986 5405 1244 5476 ὑφωρᾶτο
1276 5405 1338 5458 Ρ.
1418 5408 1457 5438 θ’
1493 5408 1647 5476 αἰδῶ]
1685 5409 1887 5463 εἴσοδον
1918 5412 1975 5465 Ρ.

444 5542 500 5595 d.
580 5535 623 5574 ⁸³
648 5535 970 5614 ἐξετάζομαι
1008 5548 1068 5599 Α.

1632 5414 1647 5480 ]
1685 5414 1887 5463 εἴσοδον
1918 5414 1975 5465 Ρ.
2080 5414 2127 5443 ⁸²
2147 5416 2629 5480 συγκαλύπτοντας
2662 5422 2721 5469 Α.

446 5472 495 5500 ⁸³
549 5472 977 5555 συξκθλατθέντας
1012 5479 1073 5527 Α.
1114 5472 1188 5507 ’⁸⁵
1222 5476 1515 5547 διεθροῖῖτο
1538 5472 1923 5549 Coniluttisius,
1948 5472 2305 5555 διεορυλὶεῖτο
2348 5488 2452 5539 AP.

2819 5422 2861 5450 ⁸³
2888 5421 3101 5491 ἔχοντες
3126 5423 3189 5479 Α.
3298 5424 3344 5456 ⁸⁸
3372 5426 3465 5479 τοῦ
3500 5442 3610 5481 om.
3649 5432 3701 5486 P.

2518 5490 2560 5520 ⁸⁷
2597 5489 2977 5559 διαγρούσεται
3014 5493 3079 5548 Α.
3121 5495 3165 5526 ⁸⁸
3195 5495 3245 5548 εἴ
3266 5494 3389 5568 που]
3426 5499 3495 5553 cf.
3520 5515 3569 5569 p.
3605 5504 3705 5574 54‘.)
