4066 6040
377 288 475 356 581

1484 294 1581 356 DE
1622 293 1935 356 EXCIDIO
1975 293 2579 363 THESSALONICIE.

3533 294 3642 363 582

370 402 784 472 συνελήφθησαν
842 403 898 456 δὲ
945 404 1147 475 μᾶλλον
1194 402 1449 475 καθάπερ
1482 405 1899 478 ἀνεπισκότιητα
1927 408 1948 439 ³

2052 416 2162 457 non
2195 401 2652 459 obstrinxerunt?
2701 402 2991 470 Quomodo
3027 417 3135 459 non
3165 404 3385 462 virtutis
3416 407 3643 476 prcutit;

366 494 635 566 πρόϐατα,
686 499 890 561 πάντες
928 498 1027 568 τῆς
1094 498 1374 569 μαχαίρας
1408 499 1693 566 γεγονότες
1747 501 1846 554 καὶ
1875 500 1955 573 τῷ

363 589 550 661 κλήρῳ
598 588 707 643 τῶν
737 590 1080 662 ἁμαρτωλῶν
1125 594 1225 658 τῆς
1256 592 1476 658 σφαγῆς
1497 590 1952 662 κοινωνήσαντες.

364 682 509 750 Πλὴν
536 681 781 753 ἠγοῦμαι
807 683 890 736 ὅτι
919 683 1127 737 τούτων
1161 683 1261 754 μὶν
1293 686 1322 738 ὁ
1345 683 1597 747 θάνατος,
1626 682 1703 747 ὣς
1735 701 1900 754 φησιν
1926 686 1956 738 ὀ

359 774 594 850 ψαλμδς,
624 777 805 848 τίμιος
829 776 1055 845 γέγονεν
1096 778 1342 832 ἐναντίον
1371 778 1604 848 Κυρίου,
1649 780 1753 831 κάν
1779 779 1954 850 τούτῳ

357 867 451 923 τοῦ
484 868 653 938 σοφοῦ
690 871 821 932 τοὺς
870 870 1110 933 οἰκείους
1161 869 1382 934 δούλους
1426 871 1446 901 ³
1476 870 1833 941 τιμήσαντος,
1869 872 1955 926 ἵνα

363 961 504 1031 μετὰ
536 964 637 1033 τῆς
683 960 882 1033 λοιπῆς
928 964 1132 1033 ἀρετῆς
1182 963 1372 1015 καὶτὸ
1424 962 1577 1027 τέλος
1615 966 1955 1035 μαρτυρικὸν

358 1055 798 1126 ἀπενέγκωνται,
837 1056 914 1118 ὡς
972 1055 1040 1109 ἂν
1099 1054 1586 1124 ἐπιδαψιλεύσηται
1618 1053 1833 1119 τούτοις
1880 1055 1952 1109 τὰ

357 1146 457 1221 τῆς
478 1147 756 1218 ὑπομονῆς
780 1156 918 1216 γέρα
945 1146 1039 1199 καὶ
1064 1146 1171 1199 τῶν
1192 1146 1450 1217 ἀρρήτων
1479 1136 1704 1198 ἐκείνων
1730 1144 1952 1211 ἀγαθῶν

357 1238 457 1309 τὴν
488 1236 761 1291 ἀντίδοσιν
783 1252 798 1269 ·
854 1235 1012 1306 ήμῶν
1036 1236 1092 1289 δὲ
1124 1237 1143 1267 ⁸
1180 1236 1241 1288 τὸ
1293 1234 1499 1305 πλῆθος
1534 1233 1953 1304 παραπτώσεων

355 1334 419 1386 οὐ
453 1334 618 1405 μόνον
655 1334 753 1396 τὰς
802 1332 1009 1388 τούτων
1057 1332 1350 1399 ἐντεύξεις,
1391 1331 1533 1386 ἀλλὰ
1566 1333 1661 1386 καὶ
1692 1332 1790 1395 τὰς
1840 1331 1953 1385 τῶν

359 1424 659 1502 μαρτύρων
693 1424 990 1495 πρεσϐείας
1045 1424 1357 1487 ασυπελείς
1406 1423 1686 1494 δειχθῆναι
1719 1423 1954 1492 πεποίη-

356 1533 476 1579 κεν,
500 1515 570 1571 ἶν’
602 1515 761 1587 ἡμῶν
784 1516 1071 1571 παθόντων
1094 1518 1234 1587 ὅπερ
1263 1516 1365 1589 ήδη
1392 1516 1764 1587 πεπόνθαμεν,
1784 1515 1949 1584 ἔχωσι

355 1610 563 1681 γνῶναι
589 1615 787 1673 πάντες
803 1611 852 1664 oi
871 1610 982 1666 τῶν
1011 1609 1175 1664 θείων
1204 1610 1623 1681 καταφρονηταὶ
1649 1607 1951 1675 διατάξεων

353 1707 431 1769 ὡς
460 1706 629 1777 κακίᾳ
656 1704 1114 1766 πλεονεκτοῦντας
1138 1704 1292 1757 οὐδὲν
1324 1704 1523 1768 αὐτοὺς
1550 1703 1653 1773 τῆς
1682 1705 1950 1758 Δεσποτι-

2056 496 2339 555 consecuti
2376 505 2436 551 ιιι
2490 513 2521 551 a
2572 495 2819 567 periculo
2867 497 3281 554 liberarentur?
3330 499 3426 556 sed
3470 504 3645 576 magis

2054 586 2205 642 velut
2248 600 2380 641 oves
2437 586 2650 656 absque
2720 596 2940 657 pastore
2997 590 3390 660 comprehensi
3452 605 3647 650 omnes

2055 677 2204 733 ferro
2245 678 2483 749 jugulati
2526 686 2679 745 sunt,
2739 681 2972 751 parique
2999 695 3125 736 cum
3182 682 3471 738 sceleratis
3511 698 3647 741 neco

2054 770 2429 826 interierunt?
2486 770 2779 826 Enimvero
2814 770 3011 827 horum
3056 781 3285 829 mortem
3344 775 3644 844 pretiosam

2053 864 2196 935 apud
2247 865 2564 931 Dominum,
2610 874 2670 920 ut
2714 864 2968 924 Psalmus
3024 868 3270 939 loquitur
3316 880 3362 933 ι,
3405 872 3646 929 arbitror

2053 958 2359 1021 exstitisse,
2395 973 2516 1013 eum
2560 959 2663 1014 hoc
2696 974 2919 1030 quoque
2969 958 3065 1015 Dei
3117 960 3389 1030 sapientia
3440 964 3644 1023 charos

2053 1063 2189 1102 suos
2215 1063 2279 1103 ac
2310 1048 2549 1105 famulos
2606 1050 2983 1117 honoraverit,
3016 1058 3075 1106 ut
3112 1065 3236 1105 cum
3270 1038 3501 1125 reliquis
3532 1056 3643 1110 vir-

2052 1139 2265 1195 tutibus
2291 1142 2541 1213 martyrii
2572 1155 2793 1213 quoque
2831 1143 3016 1200 laurea
3058 1145 3384 1209 clarescant,
3417 1148 3642 1217 patien-

2051 1234 2142 1288 tiae
2175 1249 2402 1289 mtmcra
2457 1235 2538 1291 eis
2579 1236 2916 1292 cumulatius
2958 1252 3257 1308 reponens,
3282 1254 3644 1296 arcanorum-

2053 1338 2161 1393 que
2227 1323 2502 1379 bonorum
2543 1328 2771 1396 praemia
2821 1328 3452 1399 largiensznostrorum
3510 1347 3643 1389 vero

2051 1416 2324 1469 scelerum
2385 1418 2793 1474 multitudinem
2830 1435 2939 1474 non
2972 1422 3151 1475 solum
3191 1423 3386 1480 horum
3423 1438 3639 1494 preces.

2050 1505 2147 1564 sed
2178 1517 2232 1561 et
2263 1517 2567 1580 martyrum
2599 1510 3031 1568 intercessiones
3053 1516 3278 1570 inutiles
3309 1515 3637 1579 reddidisse,

2052 1607 2114 1652 ut
2144 1616 2210 1652 rx
2265 1601 2331 1654 iis
2362 1602 2563 1670 quibus
2605 1602 2719 1670 jam
2773 1606 3098 1675 recentique
3140 1605 3392 1675 exemplo
3447 1622 3639 1662 sumus

2052 1694 2265 1762 accepti
2303 1693 2485 1761 malis,
2537 1695 2847 1765 intelligere
3071 1707 3298 1767 possent
3329 1712 3525 1754 omnes
3561 1700 3640 1754 di-

358 1795 463 1864 κῆς
492 1790 728 1864 ἀπειλῆς
779 1795 887 1849 τῶν
933 1794 1223 1868 σωτηρίων
1261 1794 1629 1868 βοηθημάτων
1654 1794 1948 1866 ἐξαιρήσει-

2050 1785 2302 1841 vinarum
2351 1786 2529 1857 legum
2590 1798 3027 1861 contemptores,
3086 1804 3212 1845 cum
3263 1790 3530 1862 majorem
3581 1791 3636 1846 ln

356 1896 486 1947 σθαι
509 1892 897 1964 δυνηθήσεται.

432 2161 533 2214 λθ¹.
581 2159 670 2222 Ὠς
703 2158 812 2228 γὰρ
840 2158 986 2212 κατὰ
1024 2159 1206 2213 πᾶσαν
1227 2156 1562 2221 εἰσελθόντες
1593 2153 1947 2227 διεμερίσθης

355 2269 458 2311 σαν
483 2253 581 2325 τὴν
616 2253 773 2307 πόλιν
795 2254 844 2306 oi
883 2252 1181 2324 Βάρῆαροι,
1213 2252 1374 2315 εὐθὺς
1423 2252 1574 2305 πᾶσα
1625 2249 1812 2321 ήλικία
1843 2249 1941 2302 καὶ

357 2348 465 2401 πᾶν
486 2347 645 2412 γένος
669 2346 974 2414 ἀνθρώπων
1008 2344 1099 2398 ὑπ’
1135 2343 1319 2399 αὐτῶν
1347 2342 1612 2414 ἀνῄρητο.
1671 2341 1807 2397 Οὐδὲ
1835 2342 1945 2410 γὰρ

286 2454 291 2458 δ
355 2430 420 2504 ἦν
448 2431 630 2495 οἶκτος
663 2434 846 2498 αὑτοῖς
887 2434 1061 2497 οὐδεὶς
1093 2434 1265 2488 πάλαι
1296 2433 1687 2506 προμεμηνόσι
1721 2434 1814 2487 καὶ
1844 2432 1946 2504 τὴν

356 2528 478 2583 καθ’
512 2528 672 2599 ήμῶν
706 2527 935 2597 διψῶσιν
982 2527 1285 2593 ἀπώλειαν,
1337 2527 1474 2582 ἀλλὰ
1523 2527 1617 2581 καὶ
1646 2526 1825 2597 γέρων
1851 2527 1945 2580 καὶ

358 2619 626 2691 ἀκμάζων
657 2618 739 2673 ἔτι
779 2619 876 2672 καὶ
934 2618 1222 2682 νεανίσκος
1281 2618 1377 2673 καὶ
1426 2619 1536 2680 πᾶς
1563 2618 1594 2670 δ
1624 2614 1945 2688 προστυχὼν

364 2710 519 2782 ἔργον
565 2710 680 2771 τοῖς
718 2706 1025 2779 μιαιφόνοις
1073 2702 1163 2779 ἦν,
1214 2708 1338 2762 οὐδὲ
1367 2709 1590 2778 καιρίας
1618 2707 1739 2762 κατ’
1767 2706 1945 2760 αὐτῶν

366 2802 564 2870 ἀφιεῖσι
622 2800 860 2870 πληγὰς,
914 2801 1033 2853 ἀλλ’
1082 2800 1159 2866 ὠς
1206 2800 1273 2856 ἂν
1336 2800 1534 2864 αὐτοὺς
1588 2801 1944 2871 ἐνδιατρίϐειν

367 2895 557 2947 ποιῶσι
588 2896 704 2958 τοῖς
740 2892 1035 2961 ἀλγεινοῖς,
1068 2894 1141 2947 τὰ
1175 2894 1315 2965 πρὸς
1338 2894 1432 2948 τδν
1466 2894 1637 2949 νῶτον
1668 2894 1811 2965 μέρη
1851 2894 1946 2947 καὶ

362 2988 482 3050 τοὺς
530 2988 740 3057 μηροὺς
795 2985 1236 3055 κατατέμνοντες
1295 2986 1579 3058 σχολάζειν
1627 2987 1826 3051 αὐτοὺς
1872 2990 1940 3059 τῇ

357 3076 634 3132 τελειώσει
659 3077 1081 3149 παρεδιάζοντο.
1112 3079 1221 3131 Καὶ
1241 3078 1353 3133 οὐδ’
1381 3077 1557 3141 οὔτως
1583 3081 1611 3132 ὁ
1636 3078 1944 3150 πολιορκῶν

356 3170 555 3227 αὐτοὺς
616 3170 987 3240 ἐνεπίμπλατο
1041 3169 1236 3240 θυμὸς,
1271 3170 1389 3224 ἀλλ’
1430 3171 1511 3224 ὅτι
1577 3171 1653 3242 μὴ
1680 3171 1945 3236 πολλάκις

354 3258 614 3315 δύνανται
638 3260 895 3330 θνήσκειν
918 3260 1163 3331 μανικῶς
1184 3258 1534 3331 ἐδυσφόρουν.
1566 3260 1685 3315 Ἵνα
1705 3263 1815 3333 γὰρ
1844 3263 1945 3334 τήν

355 3349 601 3426 θηριώδη
654 3355 749 3409 καὶ
784 3354 1101 3424 ἀδάμαστον
1134 3354 1353 3426 ἐκείνην
1394 3354 1575 3422 ὄρεξιν
1614 3357 1945 3427 ὲμφορήσω-

356 3466 469 3514 σιν,
493 3449 615 3502 οὐδὲ
646 3446 925 3517 γυναικῶν
954 3446 1247 3514 ἐφείσαντο
1284 3447 1407 3500 κατ’
1434 3446 1610 3517 ἀρχὰς
1632 3446 1728 3503 τοῦ
1765 3446 1948 3501 κινδύ-

356 3558 478 3606 νου,
525 3540 649 3594 οὐδὲ
703 3539 909 3593 παίδων
961 3540 1164 3603 αὐτῶν,
1188 3532 1266 3592 ὧν
1294 3538 1354 3592 τὸ
1386 3540 1485 3609 τῆς
1514 3538 1730 3610 ἡλικίας
1764 3540 1944 3611 ἄωρον

354 3634 517 3704 ἄγειν
545 3630 792 3703 βιάζεται
823 3630 1087 3694 πολλάκις
1145 3633 1242 3691 καὶ
1290 3630 1477 3701 θηρῶν
1523 3630 1835 3702 ὀφθαλμοὺς
1864 3635 1946 3697 είς

356 3725 744 3798 συμπάθειαν·
805 3724 889 3796 [1).
925 3722 1051 3795 551]
1102 3722 1219 3777 ἀλλ’
1263 3719 1333 3793 ἧν
1378 3723 1465 3777 ἐπ’
1494 3724 1617 3794 ίοης
1675 3723 1943 3803 ἆπασινή

355 3818 529 3889 τομή,
563 3816 818 3887 καθάπερ
843 3820 901 3870 ὲν
929 3815 1218 3887 χλοηφόρῳ
1256 3815 1447 3883 πεδίῳ,
1480 3817 1590 3869 πᾶν
1617 3816 1679 3870 τδ
1700 3834 1949 3888 παρατυ-

356 3912 457 3981 χδν
483 3907 863 3979 ὲκθερίζουσα,
890 3908 965 3970 ὡς
1000 3908 1060 3960 ὲν
1087 3906 1321 3978 βραχείᾳ
1361 3907 1554 3981 καιροῦ
1587 3910 1727 3979 ῥοπῇ
1763 3909 1947 3964 ἄοικον

356 3996 756 4068 ἀποδειχθῆναι
786 3998 888 4067 τὴν
912 3998 1068 4050 πόλιν
1088 3997 1188 4066 τήν
1213 3998 1320 4067 πρὸ
1348 3996 1549 4068 μικροῦ
1578 4015 1945 4072 στενοχωρου-

360 4092 534 4163 μένην
580 4091 821 4152 καὶτοῖς
866 4089 1100 4158 πλήθεσι
1145 4089 1459 4159 βρίθουσαν.
1501 4089 1651 4143 Καθὸ
1670 4090 1782 4161 γάρ
1806 4092 1947 4162 φθά-

358 4199 555 4246 σαντες
611 4182 857 4251 εἴπομεν,
895 4181 957 4234 τὸ
987 4181 1088 4250 μὲν
1138 4181 1233 4238 τοῦ
1275 4180 1454 4251 δήμου
1504 4182 1603 4244 τὰς
1635 4183 1950 4255 ἀκρωρείας

354 4274 683 4345 κατειλήφει
709 4272 856 4327 κατὰ
877 4271 976 4343 τήν
1015 4272 1359 4343 καλουμένην
1390 4272 1691 4350 ἀκρόπολιν
1719 4274 1949 4328 συνελαο

356 4368 478 4435 θιν,
509 4366 545 4439 ἢ
567 4366 669 4438 τήν
691 4365 1001 4435 περιοικίδα
1034 4364 1129 4418 τοῦ
1158 4362 1310 4419 ὁσίου
1343 4366 1508 4420 Δαῦὶδ
1540 4367 1951 4440 ὀνομαζομένην

2049 1876 2274 1947 modum
2313 1880 2573 1950 nequitia:
2605 1882 2892 1952 indulgent
2913 1898 3085 1953 seque
3120 1884 3259 1945 vitio
3291 1886 3635 1955 maucipant.

2047 1971 2199 2026 nullo
2229 1986 2289 2025 se.
2320 1972 2388 2025 ab
2409 1972 2489 2025 ira
2519 1971 2806 2027 Dominica
2826 1973 3087 2044 justeque
3112 1976 3317 2031 ultione
3347 1977 3636 2033 liberatum

2049 2060 2117 2115 iri
2147 2064 2375 2118 salutari
2403 2065 2676 2121 subsidio;

2118 2154 2207 2210 59.
2255 2153 2326 2211 Ut
2369 2156 2555 2226 itaque
2601 2157 2833 2227 ingrcssi
2897 2174 2994 2229 per
3046 2158 3232 2213 omnia
3288 2158 3451 2217 urbis
3513 2161 3634 2220 loca

2046 2245 2282 2315 dispersi
2320 2260 2450 2303 sunt
2480 2249 2733 2317 Barbari,
2774 2255 2954 2305 omnis
2984 2261 3117 2305 aetas
3147 2267 3419 2322 omneque
3452 2252 3631 2308 homi-

2046 2352 2178 2392 num
2237 2353 2411 2409 genus
2463 2341 2534 2395 ab
2572 2344 2654 2396 eis
2711 2341 3005 2397 confestim
3076 2344 3407 2401 trucidatur.
3447 2344 3636 2417 Neque

2045 2430 2192 2485 enim
2223 2431 2332 2485 ulla
2359 2433 2440 2486 eis
2462 2433 2744 2489 miseratio
2767 2446 2907 2500 erat,
2935 2438 3027 2506 qui
3060 2436 3270 2506 pridem
3298 2437 3452 2495 rabie
3473 2454 3633 2495 exar-

2046 2523 2258 2579 sissent
2290 2535 2649 2599 nostramque
2681 2527 3119 2584 internecionem
3161 2532 3377 2586 sitirent
3412 2549 3425 2585 :
3460 2532 3555 2587 sed
3578 2540 3634 2587 et

2047 2628 2211 2669 senex
2231 2626 2286 2671 et
2304 2616 2525 2673 ﬂorenti
2556 2619 2736 2674 adhuc
2752 2630 2910 2675 rotate
2934 2630 3099 2691 atque
3117 2622 3361 2693 juvenis,
3380 2626 3633 2696 quisquis

2044 2703 2285 2773 denique
2338 2709 2697 2772 occurrisset,
2740 2710 2924 2779 gladio
2975 2714 3297 2766 necabatur.
3338 2712 3449 2768 Nec
3501 2729 3634 2771 vero

2046 2796 2194 2852 letali
2231 2800 2415 2853 statim
2452 2799 2679 2854 vulnere
2703 2800 3000 2864 feriebant,
3034 2802 3128 2857 sed
3184 2809 3244 2857 ut
3283 2802 3499 2858 diutius
3529 2805 3631 2858 do-

2047 2887 2258 2944 toribus
2286 2892 2690 2955 excruciarent,
2732 2908 2854 2962 quae
2886 2894 3034 2949 circa
3092 2895 3316 2950 dorsum
3352 2910 3634 2968 coxasque

2046 2992 2177 3035 sunt
2211 2982 2594 3048 concidentcs,
2635 2984 2791 3038 tarda
2823 3000 2918 3041 eos
2966 3001 3103 3041 nece
3131 2986 3520 3045 conﬁciebant.
3552 2990 3632 3045 Ac

2047 3089 2116 3134 ne
2149 3074 2228 3128 sic
2257 3074 2480 3144 quidem
2511 3078 2892 3131 exsatiahatur
2918 3092 3015 3134 eos
3040 3080 3301 3136 obsidens
3333 3080 3510 3145 furor,
3535 3083 3629 3136 sed

2045 3165 2192 3236 quod
2229 3182 2337 3220 non
2371 3168 2569 3236 sacpius
2602 3171 2742 3223 mori
2774 3179 3053 3240 poterant,
3080 3172 3444 3227 immanitatis
3472 3173 3632 3229 rabie

2044 3260 2268 3332 gravius
2298 3261 2574 3317 dolebant.
2612 3261 2680 3317 Ut
2715 3263 2863 3316 cnim
2903 3263 3199 3317 belluinam
3241 3263 3388 3319 illaut
3434 3278 3500 3320 ac
3542 3267 3631 3321 in.

2044 3352 2308 3406 domitam
2340 3353 2624 3408 libidinem
2661 3356 2952 3422 satiarent,
2988 3370 3090 3410 nec
3140 3356 3469 3412 mulieribus
3496 3361 3628 3413 mali

2044 3443 2204 3499 initio
2236 3460 2415 3514 neque
2438 3446 2626 3516 pueris
2657 3447 2794 3517 ipsis
2831 3457 3218 3518 pepercerunt,
3245 3465 3485 3520 quorum
3525 3452 3632 3505 im-

2046 3545 2260 3592 matura
2291 3544 2424 3593 tetas
2465 3539 2607 3593 haud
2660 3554 2789 3595 raro
2818 3539 2985 3595 etiam
3020 3538 3261 3596 ferarum
3314 3544 3506 3597 oculos
3562 3544 3629 3602 ad

2045 3629 2458 3683 miserationem
2505 3632 2697 3701 cogit;
2747 3632 2842 3686 sed
2895 3632 3117 3688 cunctis
3156 3633 3387 3702 perinde
3421 3636 3631 3693 indicta

2046 3722 2257 3777 cxcisio
2286 3730 2427 3786 erat,
2467 3739 2590 3793 qum
2619 3724 2764 3779 velut
2804 3725 2858 3778 in
2892 3735 3053 3794 prato
3084 3726 3442 3785 herbescente
3468 3729 3632 3800 quid-

2047 3813 2180 3881 quid
2205 3814 2427 3868 ohvium
2456 3824 2602 3869 esset
2630 3815 2950 3871 demeterct.
2980 3815 3227 3886 llincque
3263 3817 3400 3873 adeo
3424 3817 3629 3875 factum

2046 3914 2134 3959 est
2174 3913 2232 3958 ut
2272 3906 2421 3961 brevi
2451 3909 2717 3976 temporis
2767 3919 3045 3963 momento
3102 3909 3257 3973 urbs,
3292 3926 3417 3978 qua:
3468 3911 3633 3983 paulo

2049 4006 2178 4053 ante
2218 3998 2310 4053 vix
2339 4013 2451 4052 non
2477 4006 2707 4070 angusta
2741 4001 3145 4055 habitatoribus
3183 4010 3301 4056 erat
3357 4018 3422 4059 ac
3474 4004 3633 4074 plebe

2051 4089 2389 4160 constipata,
2440 4091 2660 4147 deserta
2709 4089 3025 4146 vilesceret.
3068 4092 3136 4147 Ut
3188 4095 3340 4149 enim
3376 4097 3632 4165 superius

2049 4183 2314 4247 diximus,
2348 4182 2537 4255 populi
2570 4198 2698 4254 pars
2729 4184 2952 4239 collium
2980 4186 3267 4240 cacumina
3300 4186 3367 4243 ad
3404 4203 3635 4259 acropo-

2050 4274 2146 4328 lim
2188 4274 2268 4328 sic
2296 4271 2503 4329 dictam
2537 4273 2601 4343 (i.
2624 4289 2676 4328 ο.
2707 4275 2912 4345 arcem)
2941 4284 3328 4346 oceupaverat,
3355 4285 3631 4348 autquam

2051 4367 2230 4422 sancti
2252 4364 2472 4421 Davidis
2490 4364 2654 4439 5“
2668 4368 2920 4422 viciniam
2942 4379 3163 4425 vorant.
3181 4370 3313 4437 Qua:
3338 4374 3488 4443 regio
3506 4373 3634 4431 reii-

351 4457 674 4532 (‘tot‘ixo_ydp
693 4456 894 4528 μᾶλλον
915 4457 1016 4527 τῆς
1036 4457 1233 4527 λοιπῆς
1254 4455 1658 4529 ὕπερανὲχουσι
1674 4459 1696 4491 ⁸
1716 4458 1947 4527 πόλεως,

2052 4472 2161 4532 qua
2183 4458 2315 4512 urbe
2332 4458 2529 4514 altiore
2551 4460 2660 4515 situ
2678 4460 2916 4528 eminet;
2940 4460 3031 4516 ubi
3046 4463 3211 4516 etiam
3233 4464 3630 4522 monachorum

358 4552 494 4609 Ma
520 4552 587 4623 δή
639 4551 735 4605 καὶ
762 4549 970 4619 πλῆθος
1015 4544 1088 4621 ἦν
1112 4548 1369 4621 μοναχῶν
1419 4549 1693 4621 ἑναρέτων
1730 4550 1950 4611 πάντων

358 4646 460 4701 καὶ
490 4646 591 4716 τῆς
616 4643 867 4715 οὐρανίου
893 4641 1170 4706 πολιτείας
1195 4640 1565 4714 ἠξιωμένων).
1610 4643 1673 4697 τὸ
1696 4642 1753 4697 δὲ
1785 4643 1952 4699 πάλιν

356 4738 482 4800 ταῖς
502 4734 626 4789 δυσὶ
660 4732 860 4796 πύλαις
894 4731 1215 4804 πῳσιρρύη
1239 4733 1359 4796 ταῖς
1384 4733 1522 4804 πρὸς
1552 4732 1707 4786 δύσιν
1731 4734 1951 4806 ἀφορῶ.

360 4844 488 4892 σαις
516 4824 616 4896 τῆς
642 4824 872 4889 πόλεως,
898 4823 1033 4900 μίαν
1062 4822 1300 4899 ἐχόντων
1326 4822 1546 4882 πάντων
1579 4824 1836 4896 σπουδὴν,
1853 4824 1949 4886 τοῦ

359 4919 555 4988 ξίφους
578 4917 897 4987 διεκφυγείν
927 4918 1029 4986 τὴν
1052 4916 1249 4986 τομήν.
1304 4913 1447 4969 Ἀλλ’
1475 4914 1629 4969 οὐδὲν
1650 4916 1810 4972 πλέον
1837 4916 1949 4973 τῶν

360 5012 541 5065 ἄλλων
592 5009 830 5079 διήνυον,
878 5007 987 5062 τῶν
1048 5005 1236 5061 πυλῶν
1294 5007 1453 5071 ἐκτὸς
1498 5006 1607 5062 τῶν
1643 5008 1947 5081 Βαρϐάρων

360 5104 787 5178 ιφιδρςνόντων,
820 5104 912 5155 καὶ
936 5101 1062 5171 μηδ’
1077 5100 1255 5164 ἄλλως
1276 5100 1493 5181 ἔχοντες
1513 5102 1753 5175 εὐχερῶς
1775 5104 1875 5158 om
1886 5121 1946 5176 ρ-

362 5196 548 5267 δῆναι,
578 5195 659 5265 τῷ
712 5192 1040 5264 συνωθισμῷ
1095 5192 1379 5259 πιέζοντες
1433 5193 1699 5265 ἀλλήλους
1726 5194 1821 5249 καὶ
1848 5197 1947 5267 τήν

365 5287 599 5353 διᾶξοδον
620 5287 1080 5356 ἁποφράττοντες.

443 5385 516 5451 μ’.
542 5372 668 5433 Dios
691 5378 802 5445 γὰρ
832 5375 1076 5445 ἐγεγόνει
1101 5377 1271 5432 κακὸν
1309 5380 1450 5434 κατὰ
1479 5379 1577 5457 τήν
1604 5378 1948 5451 καλουμένην

438 5556 461 5585 ι
498 5538 642 5599 Psal.
668 5556 792 5609 cxv,
820 5541 906 5598 i5-

2053 4550 2354 4607 multitudo
2391 4561 2532 4616 erat,
2567 4552 2664 4608 viri
2695 4567 2887 4609 omnes
2914 4554 3115 4610 virtute
3145 4555 3284 4610 clari
3311 4557 3636 4628 cwlestiquo

2052 4644 2308 4698 instituto
2324 4642 2471 4713 digni
2500 4643 2692 4699 habiti.
2714 4642 2784 4699 Pa
2796 4661 2851 4700 rs
2873 4661 3004 4700 vero
3031 4662 3224 4703 rursus
3246 4647 3311 4702 ad
3336 4648 3473 4705 duas
3502 4665 3635 4722 por-

2051 4745 2161 4805 tas,
2197 4739 2262 4794 ad
2318 4738 2721 4795 occidentalem
2770 4740 2925 4796 urbis
2980 4741 3194 4812 plagam
3248 4744 3634 4813 respicientes,

2053 4831 2456 4895 conﬂuxerant,
2488 4832 2542 4885 in
2572 4831 2678 4885 hoc
2720 4849 2889 4887 unum
2923 4837 3140 4891 cunctis
3191 4852 3412 4907 operam
3444 4837 3636 4894 confe-

2054 4919 2326 4986 rentibus,
2364 4921 2612 4992 utgladii
2655 4924 2820 4977 ictum
2854 4924 3177 4996 effugerent.
3221 4925 3327 4983 Sed
3357 4928 3491 4983 nihil
3547 4929 3635 4987 his

2053 5011 2254 5066 melius
2297 5014 2463 5069 cessit
2493 5029 2655 5084 quam
2688 5016 2833 5078 aliis.
2885 5032 3010 5072 cum
3039 5020 3152 5090 jam
3194 5019 3421 5077 Barbari
3478 5031 3634 5078 extra

2053 5112 2242 5173 portas
2276 5104 2601 5171 insiderent,
2643 5121 2743 5162 nec
2774 5108 2978 5179 alioqui
3018 5110 3177 5167 facile
3224 5111 3305 5170 eis
3364 5122 3516 5171 esset
3575 5122 3637 5171 ut

2054 5193 2379 5259 transirent,
2416 5211 2542 5252 cum
2572 5197 2707 5252 alter
2735 5200 2969 5254 alterum
2994 5201 3265 5271 pulsando
3289 5203 3632 5273 comprime-

2053 5297 2177 5345 rent
2207 5289 2522 5359 exitumque
2558 5290 2928 5346 obstruerent.

2131 5380 2216 5435 40.
2254 5380 2533 5449 Quantum
2559 5383 2705 5438 enim
2732 5384 2962 5457 contigit
2985 5386 3187 5443 malum
3212 5386 3265 5443 in
3290 5398 3444 5459 porta
3465 5402 3630 5459 quam

1648 5663 1809 5719 VARI
1818 5664 1884 5719 Αἱ
1926 5662 2340 5721 LECTIONES.

446 5760 471 5794 ε
506 5761 861 5851 mentemst.
892 5759 957 5814 A.
1036 5758 1055 5791 ³
1076 5757 1295 5824 δούλους
1342 5771 1453 5815 om.
1486 5756 1546 5819 Ρ.
1622 5760 1643 5793 δ
1673 5758 1727 5813 δὲ
1754 5775 1869 5817 om.
1896 5759 1955 5827 Ρ,
2039 5764 2059 5794 ⁸
2084 5758 2411 5824 ὑπερανέγει
2440 5760 2686 5820 Combet.
