4066 6040
444 371 552 437 535
1664 365 2003 430 JOANNES

2137 365 2297 428 ΜΕΝ
2308 367 2483 429 ΙΑΤΛ
3619 362 3721 426 584

434 492 671 543 Auream
722 482 963 539 vocant?
1007 480 1310 554 quomodo,
1373 481 1466 552 qui
1526 495 1592 536 eo
1638 480 2025 537 conﬂuxerant

2135 481 2353 553 Χρυσῆν
2381 483 2401 514 ⁸
2434 480 2640 552 πύληνί
2677 480 2794 546 πῶς
2821 478 3147 552 παρανοῖξαι
3193 477 3395 549 ταύτην
3437 479 3725 552 βουληθέν-

437 583 644 650 (innuis
681 581 772 634 illa
818 580 1004 649 populi
1040 577 1187 647 pars)
1222 591 1348 632 cum
1379 574 1784 646 aliquantulum
1808 572 2026 645 aperire

2135 591 2224 638 τες
2261 577 2482 647 μικρὸν,
2509 575 2624 631 ὅσοι
2649 573 2744 629 τοῦ
2775 574 2949 646 δήμου
2994 573 3071 645 τῷ
3101 574 3253 644 τόπῳ
3277 574 3653 646 συνερῤύησαν
3681 578 3723 641 ',

436 674 764 735 voluissent,
795 679 998 726 conatu
1030 669 1283 726 frustrati
1321 666 1488 724 sunt?
1524 667 1614 722 vix
1642 666 1790 724 enim
1838 667 2028 721 valvas

437 768 700 822 diducere
739 774 1045 834 coeperant,
1071 778 1195 819 cum
1229 761 1479 819 conferta
1530 762 1618 817 hic
1674 761 2030 816 multitudine

437 867 604 925 atque
650 853 871 923 agmine
907 856 961 908 in
991 869 1052 910 se
1091 868 1288 910 rursus
1324 855 1474 910 coire
1509 853 1768 923 nectique
1799 867 2031 920 compu-

439 951 641 1005 lerunt.
686 947 836 1012 Quos
869 947 943 1000 ita
982 947 1323 1017 eonstipatos
1355 962 1480 1001 cum
1521 946 1709 1000 hostes
1761 945 2030 1000 offendis-

439 1050 588 1106 sent,
621 1021 732 1096 non
753 1041 867 1110 jam
894 1039 1099 1105 viritim
1131 1039 1361 1099 ensibus
1384 1039 1812 1105 obtruncabant,
1845 1039 1942 1094 sed
1970 1048 2031 1096 ut

443 1131 568 1184 illos
602 1130 746 1183 inter
776 1143 836 1183 se
889 1112 1261 1210 compressos,
1312 1130 1563 1197 aliosque
1601 1128 1727 1187 aliis
1756 1130 2030 1187 haerentes

447 1219 623 1275 averti
657 1233 766 1274 non
795 1233 959 1288 posso
1012 1231 1445 1289 conspexerunt,
1484 1224 1537 1276 in
1590 1222 1786 1283 faciem
1835 1222 2034 1294 gladiis

448 1311 752 1376 credebant,
782 1310 922 1366 adeo
946 1317 1002 1363 ut
1023 1319 1147 1381 post
1167 1310 1333 1370 ictum
1354 1314 1624 1384 cujusque
1653 1314 1834 1370 diviso
1852 1317 2034 1386 capite

440 1406 575 1462 hinc
609 1405 738 1459 inde
780 1412 965 1473 partes
999 1404 1305 1460 dissilirent
1331 1413 1385 1461 et
1416 1407 1482 1460 ad
1527 1408 1729 1463 similia
1767 1395 2034 1480 utrinque

448 1507 696 1560 membra
727 1504 1104 1564 conciderent.
1127 1509 1204 1561 Ac
1234 1523 1413 1578 neque
1446 1516 1573 1578 post
1600 1520 1831 1566 mortem
1866 1512 2034 1566 humo

444 1598 873 1666 mandabantur,
911 1601 1006 1656 sed
1045 1616 1171 1655 cum
1225 1601 1454 1671 reliquis
1505 1603 1683 1658 adhuc
1711 1605 2036 1677 corporibus

441 1691 558 1760 pari
583 1705 778 1746 acervo
810 1693 1163 1762 tenebantur,
1191 1692 1374 1748 donec
1404 1695 1664 1750 omnibus
1713 1697 2030 1763 trucidatis,

441 1796 508 1836 ac
545 1783 691 1837 velut
719 1781 1004 1846 fulciente,
1030 1783 1278 1838 omnium
1315 1785 1530 1842 scilicet
1563 1786 1850 1844 eliminata
1897 1790 2030 1858 vita,

444 1878 524 1933 uti
565 1884 746 1932 morte
778 1876 860 1932 sic
887 1885 944 1931 et
968 1891 1168 1934 cruore
1195 1878 1349 1935 socio
1374 1878 1770 1950 iungerentur.

513 2058 676 2130 5&5
711 2059 802 2112 41.
830 2057 944 2114 lloc
981 2058 1160 2130 ipsum
1193 2075 1327 2115 vero
1355 2068 1409 2115 ct
1457 2060 1512 2115 in
1558 2068 1714 2131 porta
1745 2077 1908 2134 quam
1937 2061 2032 2120 Li-

443 2160 603 2205 ta3am
648 2159 846 2205 vocant
877 2149 994 2205 ﬁeri
1029 2151 1288 2221 contigit.
1323 2149 1456 2205 Nam
1481 2152 1733 2217 Barbari,
1766 2155 1844 2209 uti
1887 2155 2032 2210 dixi-

442 2257 592 2306 mus,
621 2241 834 2311 priores
866 2242 1095 2311 reliquis
1126 2251 1537 2318 occupaverant
1565 2251 1773 2318 portas,
1815 2257 1935 2315 qua:
1963 2243 2030 2299 ad

441 2348 594 2385 mare
619 2331 846 2386 ducunt.
869 2330 1000 2397 Qua:
1020 2348 1149 2388 vero
1175 2333 1240 2386 ad
1274 2341 1480 2399 ortum,
1512 2349 1616 2390 nos
1658 2335 1760 2404 ipsi
1787 2347 1916 2390 ante
1933 2351 2028 2390 oc-

439 2422 808 2484 cluseramus,
862 2422 918 2476 in
985 2421 1054 2476 iis
1104 2437 1326 2495 quoque
1384 2409 1700 2493 suspectam
1765 2425 2032 2484 habentes

442 2517 780 2580 machinam,
813 2516 976 2585 cujus
1004 2517 1058 2571 in
1090 2519 1386 2573 exterioris
1422 2519 1565 2574 muri
1607 2519 1781 2591 portis
1834 2536 2029 2576 noxam

441 2609 731 2681 labemque
758 2626 1134 2669 senseramns.
1162 2609 1412 2682 llincque
1441 2614 1577 2669 adeo
1605 2615 1756 2668 omni
1785 2616 2031 2685 undique

439 2704 708 2771 praeclusa
752 2703 890 2775 fuga:
931 2705 1182 2760 ineundae
1241 2721 1361 2774 spe,
1422 2706 1661 2776 populus
1715 2707 1770 2762 in
1826 2709 2026 2777 plateis

444 2793 624 2845 solum
654 2792 1028 2858 volutabatur,
1068 2794 1234 2864 inque
1264 2795 1458 2850 mortis
1508 2810 1697 2852 casses
1727 2799 1878 2852 omni
1909 2797 2032 2854 loco

440 2881 783 2937 incursabat.
836 2883 932 2938 Vix
963 2885 1111 2938 enim
1163 2887 1349 2954 pauci,
1382 2886 1672 2956 valdeque,
1707 2898 1770 2942 ut
1795 2903 1897 2959 par
1922 2901 2027 2957 est,

441 2989 675 3029 numero
710 2976 915 3047 exigui,
972 2977 1026 3030 in
1061 2977 1391 3034 occidentali
1443 2994 1539 3034 ora
1582 2991 1773 3052 portus
1827 2997 1948 3039 sese
1999 2999 2031 3040 e

441 3068 619 3120 muris
660 3067 1013 3135 projicicntes
1075 3069 1382 3138 periculum
1413 3081 1735 3131 evaserunt.
1789 3071 2026 3140 Quidam

2129 669 2436 740 διήμαρτον
2499 667 2602 739 τῆς
2661 667 3098 740 ἐπιχειρήσεωςί
3137 669 3315 722 Μόνον
3345 668 3454 739 γὰρ
3511 670 3593 722 ὅτι
3625 669 3721 732 τὰς

2132 761 2310 823 πύλας
2325 759 2570 833 ἀλλήλων
2590 761 2775 831 διέστη
2784 777 2907 824 σαν,
2921 760 3019 814 καὶ
3033 760 3112 831 τῷ
3135 760 3249 831 ίδῖῳ
3269 761 3399 830 πιλή
3410 778 3540 830 ματι
3563 761 3730 814 πάλιν

2134 855 2193 908 ὲν
2224 854 2448 918 ἑαυταῖς
2481 853 2810 924 συνδραμεῖν
2838 854 2860 886 ⁸
2894 851 3062 916 αὐτὰς
3088 852 3520 920 κατηνάγκασαν
3541 869 3552 880 ·
3583 853 3729 905 οὕτω

2133 946 2192 1000 δὲ
2221 947 2447 1018 ἔχοντας
2468 947 2669 1011 αὐτοὺς
2708 945 3111 1010 καταλαϐόντες
3137 947 3186 998 οἱ
3229 946 3514 1016 δυσμενεῖς
3541 948 3729 1001 οὐκέτι

2133 1037 2258 1093 καθ’
2289 1038 2387 1093 ινα
2433 1041 2547 1105 τοῖς
2582 1038 2796 1108 ξίφεσιν
2833 1038 3097 1111 ἀνῄρουν,
3147 1037 3265 1091 ἀλλ’
3291 1039 3367 1101 ὡς
3426 1037 3568 1092 εἶδον
3598 1057 3726 1092 συν-

2134 1135 2502 1204 εσφιγμένους
2534 1131 2784 1202 ἀλλήλων
2810 1148 2870 1184 τε
2930 1131 3227 1201 ἐχομένους
3257 1131 3352 1185 καὶ
3381 1133 3728 1203 ἐκτραπῆναι

2139 1227 2214 1296 μὴ
2251 1224 2610 1295 δυναμένους,
2664 1223 2808 1277 κατὰ
2847 1223 3054 1295 κόρρης
3111 1224 3310 1288 αὐτοὺς
3346 1227 3459 1287 τοῖς
3514 1223 3728 1293 ξίφεσιν

2135 1317 2347 1382 ἔπαιον,
2376 1316 2450 1378 ὡς
2476 1316 2618 1386 μετὰ
2637 1315 2738 1385 τὴν
2763 1313 2978 1386 πληγὴν
3000 1315 3328 1385 διαιρεῖσθαι
3357 1314 3454 1368 τοῦ
3480 1332 3725 1387 προστυ-

2135 1410 2322 1480 χόντος
2348 1410 2449 1481 τὴν
2482 1408 2750 1479 κεφαλὴν,
2812 1406 2908 1461 καὶ
2939 1409 3049 1470 τοῖς
3077 1408 3289 1479 ὁμοίοις
3336 1407 3464 1479 τῇδε
3500 1410 3726 1462 κάκεῖσε

2135 1500 2206 1556 τὰ
2235 1503 2373 1573 μέρη
2410 1501 2771 1570 συμπίπτειν,
2811 1501 2904 1554 καὶ
2935 1499 3071 1570 μηδὲ
3120 1500 3262 1571 μετὰ
3293 1500 3521 1555 θάνατον
3551 1503 3616 1571 τῇ
3653 1502 3726 1572 γῇ

2134 1593 2397 1659 δίδοσθαι,
2416 1592 2531 1648 ἀλλ’
2552 1592 2633 1647 ἔτι
2658 1591 3137 1664 παρακρατεῖσθαι
3164 1596 3273 1656 τοῖς
3303 1593 3512 1654 λοιποῖς
3538 1593 3727 1662 σώμα-

2138 1702 2242 1752 σιν,
2274 1685 2381 1748 ἕως
2411 1687 2631 1739 πάντων
2675 1685 3100 1757 ἀναιρεθέντων,
3133 1687 3226 1739 καὶ
3252 1685 3442 1756 ὥσπερ
3473 1685 3568 1738 τοῦ
3591 1687 3726 1738 ὑπος-

2140 1778 2513 1850 στηρίζοντος,
2583 1779 2683 1850 τῆς
2723 1780 2982 1833 ἁπάντων
3036 1778 3181 1845 λέγω
3231 1777 3377 1848 ζωῆς
3407 1777 3724 1850 διαδράσης,

2139 1871 2374 1943 αἵματος
2405 1872 2653 1944 ἀλλήλων
2693 1871 2947 1942 καθάπερ
2980 1871 3074 1924 καὶ
3117 1873 3216 1943 τῆς
3249 1870 3507 1942 τελευτῆς
3535 1887 3727 1923 κοινω-

2138 1964 2407 2035 νήσαντα.

2208 2054 2321 2128 μα’.
2347 2056 2421 2110 Τὸ
2453 2055 2498 2110 δ’
2530 2055 2665 2110 αὐτὸ
2690 2053 2849 2108 τοῦτο
2884 2053 2981 2107 καὶ
3009 2055 3137 2126 περὶ
3169 2055 3273 2126 τὴν
3304 2054 3472 2125 ἄλλην
3527 2069 3727 2125 πυλην,

2135 2149 2201 2217 ἢν
2230 2145 2457 2202 καλοῦσι
2483 2148 2736 2212 Λιταίαν,
2773 2147 3088 2219 πραχθῆναι
3122 2147 3344 2216 συνέϐη.
3387 2146 3588 2211 Καθὼς
3618 2148 3728 2215 γὰρ

2134 2242 2370 2313 ἔφαμεν,
2393 2241 2500 2295 τῶν
2521 2241 2698 2296 ἄλλων
2722 2242 2818 2304 τὰς
2848 2240 2948 2311 μὲν
2973 2240 3111 2309 πρὸς
3141 2241 3422 2294 θάλασσαν
3443 2242 3465 2272 ⁹
3493 2238 3728 2305 ἐξαγού-

2135 2353 2234 2397 σας
2255 2335 2412 2390 αὐτοὶ
2435 2337 2803 2408 προκατεῖχον
2827 2336 2878 2389 οἱ
2898 2337 2942 2366 ¹⁶
2971 2334 3268 2408 Βάρϐαροι,
3298 2334 3393 2396 τὰς
3424 2333 3480 2386 δέ
3505 2350 3568 2402 γε
3593 2333 3730 2404 πρὸς

2133 2429 2400 2501 ἀνατολὴν
2453 2428 2750 2501 ἀφορὼσας
2787 2429 2947 2499 ἡμεῖς
2984 2427 3523 2499 προαποκλεξσαντες
3558 2421 3726 2496 ἦμεν,

2131 2521 2233 2594 τὴν
2266 2521 2362 2574 τοῦ
2390 2523 2560 2592 πυρδς
2595 2520 2871 2592 μηχανὴν,
2911 2521 2979 2592 ῆν
3015 2519 3158 2573 κατὰ
3179 2520 3290 2572 τῶν
3335 2519 3439 2584 ἔξω
3467 2518 3561 2572 τοῦ
3589 2534 3728 2589 προ-

2131 2599 2488 2686 τειχίσματος
2542 2615 2728 2668 πυλῶν
2778 2613 3264 2684 προπεπόνθαμεν,
3300 2616 3394 2665 καὶ⁵
3443 2614 3501 2665 ἐν
3533 2614 3728 2674 αὑταῖς

2133 2708 2505 2783 ὑφορώμενοι,
2540 2707 2614 2770 ὠς
2644 2706 2833 2761 λοιπὸν
2856 2708 2922 2760 ἐκ
2955 2703 3163 2760 τούτων
3187 2704 3532 2774 πανταχόθεν
3585 2705 3728 2756 ἀπο-

2136 2801 2334 2874 ροῦντα
2361 2804 2454 2855 τὸν
2499 2801 2671 2872 δῆμον
2702 2799 2839 2871 πρὸς
2860 2799 2960 2869 τὴν
2987 2799 3166 2870 φυγὴν
3196 2797 3326 2868 περὶ
3372 2799 3471 2859 τὰς
3525 2796 3726 2863 ἀγυιὰς

2136 2898 2298 2967 μόνον
2325 2893 2588 2949 είλεῖσθαι
2613 2894 2707 2947 καὶ
2763 2890 3081 2962 ἁπανταχοῦ
3116 2891 3156 2922 ⁸⁸
3189 2891 3266 2961 τῷ
3307 2889 3523 2960 θανάτῳ
3547 2904 3726 2959 προσο

2133 2989 2372 3043 πίπτειν.
2401 2987 2595 3058 Σχεδὸν
2636 2989 2744 3058 γὰρ
2782 2985 2973 3054 ὀλίγοι,
3015 2984 3110 3038 καὶ
3139 2983 3280 3046 λίαν,
3322 2982 3398 3045 ὡς
3439 2981 3607 3045 εἰκὸς,
3638 2982 3728 3033 εὑ-

2136 3081 2414 3154 ρίθμητοι,
2443 3080 2584 3133 κατὰ
2605 3081 2664 3133 τὸ
2688 3079 2909 3133 δυτικδν
2937 3078 3103 3150 μέρος
3127 3076 3222 3130 τοῦ
3263 3075 3478 3146 λιμένος
3501 3077 3729 3154 ἑαυτοὺς

441 3161 605 3213 etiam
639 3161 728 3213 alii
765 3175 795 3214 e
820 3170 978 3230 porta
996 3177 1117 3230 qua:
1140 3163 1206 3216 ad
1235 3163 1535 3234 acropolim
1565 3165 1768 3232 (arcem
1796 3166 2029 3237 scilicet)

2136 3173 2246 3228 τῶν
2292 3172 2490 3243 τειχῶν
2534 3171 2923 3232 ἀκοντίσαντες
2951 3169 3045 3222 τὸν
3095 3167 3336 3223 κίνδυνον
3363 3167 3726 3238 ὑπεξέφυγον·

441 3265 547 3316 est,
572 3267 696 3307 sese
727 3253 868 3307 clam
897 3253 1292 3320 subduccntes,
1325 3272 1450 3310 cum
1489 3257 1722 3312 necdum
1744 3259 2028 3316 calamitas

445 3343 792 3412 appetiisset,
861 3345 1027 3400 saluti
1086 3348 1510 3402 consuluerunt.
1577 3349 1642 3402 Et
1689 3350 1742 3405 bi
1804 3349 2030 3408 fuerunt

443 3433 837 3490 Selavenorum
890 3438 1081 3500 duces,
1119 3438 1368 3494 meditati
1406 3439 1585 3508 fugam
1639 3442 1814 3497 multo
1879 3454 2028 3512 ante,

442 3535 607 3596 atque
645 3535 926 3596 portarum
958 3530 1170 3596 illarum
1215 3531 1398 3587 claves
1425 3548 1544 3588 eam
1574 3535 1627 3587 in
1671 3550 1786 3589 rem
1816 3539 2026 3606 pridem

442 3619 718 3675 suﬂ‘urati.
758 3619 910 3697 Quos
938 3621 1190 3695 decebat,
1216 3625 1342 3685 mali
1386 3626 1529 3689 mole
1559 3627 1827 3698 inSpecta,
1849 3630 2028 3687 cuivis

441 3715 649 3767 exitum
683 3707 1002 3783 permittere
1029 3732 1043 3767 :
1071 3717 1150 3770 sic
1178 3731 1416 3786 namque
1439 3719 1592 3772 multi
1614 3720 1688 3773 ibi
1717 3723 2025 3786 constituti,

442 3816 736 3873 antequam
750 3805 814 3859 ad
826 3807 1400 3872 ventassentBarbari,
1415 3811 1616 3866 eadem
1636 3811 2026 3870 declinassent.

441 3893 508 3950 lli
546 3911 724 3950 tamen
783 3899 1215 3968 niiiilejusmodi
1259 3899 1315 3954 in
1347 3900 1591 3955 animum
1630 3904 1825 3957 saltem
1865 3904 2029 3959 indu-

441 4001 572 4041 cere
603 3989 990 4042 snslintterttnl
1026 4009 1038 4043 :
1076 3991 1169 4044 sed
1204 3991 1323 4044 suis
1357 4005 1575 4061 semper
1611 3993 1776 4049 rebus
1811 3998 2028 4067 prospi-

441 4085 676 4141 cientes,
704 4080 1039 4148 attentisque
1073 4081 1240 4132 animi
1267 4081 1578 4135 rationibus
1601 4086 1879 4152 quomodo
1901 4086 2030 4142 hinc

443 4184 667 4239 quoque
688 4173 996 4252 perieulum
1025 4190 1051 4226 a
1075 4190 1134 4229 se
1157 4177 1514 4253 depellerent,
1547 4181 1719 4247 portis
1743 4181 2027 4249 paululum

444 4261 958 4333 subapertis’seque
992 4275 1242 4335 prompte
1291 4267 1666 4323 subducentes
1717 4277 1883 4339 atque
1941 4269 2027 4324 tli-

443 4350 604 4421 lapsi,
641 4368 750 4407 uno
778 4356 1014 4424 quodam
1041 4358 1112 4410 ibi
1149 4359 1366 4420 relicto.
1401 4358 1565 4436 546
1586 4361 1680 4431 qui
1736 4369 1790 4415 et
1830 4377 2029 4418 rursus

441 4443 682 4512 egressis
737 4444 847 4498 illis
901 4457 1087 4514 portas
1146 4449 1446 4514 clauderet,
1499 4452 1552 4505 in
1616 4465 1741 4504 eum
1804 4450 2026 4506 modum

2140 3263 2235 3318 καί
2257 3280 2402 3327 τινες
2424 3262 2575 3317 ἄλλοι
2607 3262 2705 3332 τῆς
2739 3260 2823 3334 [Ρ.
2847 3259 2976 3333 559]
3007 3260 3148 3314 κατὰ
3169 3259 3269 3329 τὴν
3294 3257 3592 3328 ἀκρόπολιν
3623 3257 3729 3311 πύ-

2138 3357 2236 3428 λης
2265 3355 2440 3427 λάθρα
2500 3354 2949 3426 ὑπεκδραμόντες
3002 3353 3112 3423 πρὸ
3147 3351 3242 3407 τοῦ
3294 3354 3393 3419 τὴν
3438 3352 3728 3423 συμφορὰν

2138 3448 2438 3522 ὑφεστάναι
2458 3447 2788 3501 διεσώσαντο
2808 3447 2909 3518 τὴν
2940 3446 3107 3516 ζωήν.
3126 3438 3288 3510 Οὗτοι
3309 3444 3368 3498 δὲ
3385 3438 3524 3515 ἦσαν
3544 3446 3594 3496 οἰ
3618 3444 3727 3498 τῶν

2138 3542 2469 3613 Σκλαϐήνων
2492 3539 2808 3612 ἡγούμενοι,
2833 3539 3002 3605 ⁸πάλαι
3031 3539 3544 3609 προμελετήσαντες
3569 3537 3726 3590 τοῦτο

2138 3634 2234 3686 καὶ
2267 3632 2366 3695 τὰς
2399 3631 2617 3695 κλεῖδας
2661 3630 2769 3683 τῶν
2802 3628 2989 3683 πυλῶν
3019 3629 3243 3683 ἐκείνων
3267 3629 3722 3700 προῦφελόμενοι.

2139 3723 2248 3788 Οὓς
2269 3725 2363 3777 καὶ
2386 3723 2555 3794 ἐχρῆν
2579 3725 2640 3789 ⁸⁸,
2671 3723 2762 3776 καὶ
2790 3722 2977 3797 ᾁκμὴν
3005 3721 3102 3775 τοῦ
3126 3720 3300 3776 κακοῦ
3325 3722 3722 3790 θεασαμένους,

2138 3813 2306 3866 παντὶ
2349 3813 2429 3886 τῷ
2477 3811 2840 3894 προστυχόντι
2896 3798 3299 3884 παραχωρῆσαι
3350 3811 3451 3879 τὴν
3508 3811 3724 3877 ἔξοδον·

2137 3905 2282 3961 οὓτω
2313 3905 2424 3990 γὰρ
2478 3905 2660 3960 πολλοὶ
2697 3905 2807 3958 τῶν
2839 3906 2885 3937 ⁸⁸
2919 3905 3108 3959 αὐτόθι
3155 3903 3454 3974 λαχόντων,
3490 3906 3597 3973 πρὸ
3629 3903 3726 3959 τοῖν

2137 4000 2266 4062 τοὺς
2296 3997 2611 4070 βαρϐάρους
2635 3997 2883 4050 ἐπελθεῖν
2908 3999 2973 4062 ⁸⁸,
2999 3998 3091 4051 τὸν
3111 3996 3341 4051 θάνατον
3367 3996 3729 4063 ὑπεξέκλιναν

2139 4093 2225 4146 ἄν.
2261 4094 2325 4144 Oi
2378 4091 2436 4144 δὲ
2493 4091 2737 4155 τοιοῦτον
2795 4091 2893 4161 μὲν
2921 4091 3076 4145 οὐδὲν
3130 4091 3250 4144 οὐδὲ
3280 4091 3359 4154 είς
3389 4090 3513 4144 νοῦν
3538 4091 3728 4148 λαϐεῖν

2139 4184 2450 4256 ἠνέσχοντοο
2475 4185 2562 4238 ἀεὶ
2587 4185 2645 4238 δὲ
2669 4184 2730 4238 τὸ
2758 4185 2959 4251 οἰκεῖον
2989 4183 3426 4256 πφσορὼμενοι.
3453 4186 3547 4239 καὶ
3575 4185 3727 4247 ὅπως

2136 4281 2229 4331 τὸν
2253 4279 2496 4333 κίνδυνον
2515 4277 2741 4347 διακρού
2751 4294 2935 4332 σονται
2960 4279 3063 4332 κάν
3084 4265 3260 4348 τούτῳ
3276 4278 3723 4349 διασκεψάμενοι,

2137 4371 2236 4436 τὰς
2259 4371 2438 4436 πύλας
2464 4373 2661 4444 μικρὸν
2685 4372 3116 4442 παρανοίξαντες
3143 4374 3235 4426 καὶ
3256 4372 3353 4445 τὴν
3375 4373 3725 4448 ὑπεκδρομὴν

2136 4465 2322 4537 τομῶς
2349 4467 2735 4536 ποιησάμενοι,
2760 4465 2857 4519 ἕνα
2883 4467 3010 4521 τινὰ
3039 4466 3117 4537 τῷ
3142 4467 3292 4538 τόπῳ
3327 4449 3725 4533 καταλιπόντες

440 4537 689 4592 omnium
723 4539 891 4593 saluti
929 4540 1171 4594 insidiati
1198 4551 1348 4608 sunt,
1386 4553 1514 4598 tunc
1546 4559 1766 4616 quoque
1808 4544 1860 4599 id
1899 4542 2029 4600 dolo

2141 4560 2277 4631 πρὸς
2301 4561 2362 4611 τὸ
2389 4561 2530 4630 μετὰ
2555 4561 2656 4630 τὴν
2695 4561 2924 4614 ἐκείνων
2964 4559 3144 4626 ἔξοδον
3191 4537 3285 4614 καῖ
3313 4559 3469 4624 αὖθις
3518 4563 3724 4629 ταύτας

441 4634 764 4693 commenti,
793 4649 902 4687 non
934 4650 994 4690 se
1019 4633 1203 4703 fugam
1237 4635 1396 4702 inire,
1422 4639 1518 4694 sed
1547 4640 1730 4708 potius
1753 4637 1820 4691 ad
1845 4641 2028 4694 socios

443 4723 816 4796 Strymonius
866 4729 1253 4798 suscipiendos
1311 4731 1409 4801 (ita
1481 4734 1744 4792 nimirum
1796 4732 2029 4800 jubente

442 4819 696 4888 praetore)
729 4821 904 4875 exire.

512 5099 604 5153 £2.
635 5097 746 5155 Nec
769 5101 1003 5156 multum
1034 5105 1298 5175 temporis
1323 5106 1736 5172 intercesserat,
1763 5123 1888 5163 cum
1908 5107 2034 5163 Bar-

444 5194 596 5248 baris
623 5195 833 5251 strictis
865 5195 1064 5265 gladiis
1112 5197 1165 5250 in
1197 5206 1387 5267 partas
1439 5198 1830 5268 ingruentibus
1867 5217 2029 5258 nemo

447 5286 588 5338 ul.ra
624 5268 744 5339 tuto
773 5291 856 5340 vel
895 5288 1091 5342 saltem
1121 5287 1270 5342 foras
1294 5289 1612 5358 prospicere
1639 5299 1871 5360 poterat,
1909 5301 2030 5345 tan-

445 5387 560 5432 tum
613 5379 768 5434 abest
800 5388 861 5434 ut
891 5379 1194 5449 periculum
1233 5391 1422 5448 posset
1453 5382 1643 5437 vitare.
1679 5380 1815 5434 Nam
1849 5392 1903 5436 et
1929 5399 2030 5452 ego

447 5475 563 5543 ipse
585 5487 711 5528 cum
748 5485 903 5545 patre
931 5483 987 5529 et
1011 5474 1298 5538 fratribus,
1333 5489 1474 5545 quos
1502 5476 1644 5532 duos
1672 5485 1827 5531 aetate
1847 5477 2031 5546 junio-

2131 4650 2486 4734 συγκλεῖσαι.
2511 4652 2655 4706 οὕτω
2675 4653 2774 4722 τῆς
2802 4653 3024 4708 πάντων
3049 4653 3516 4708 ὲπεϐουλεύσαντο
3545 4672 3726 4727 σωτη-

2140 4751 2262 4820 ρίας
2285 4751 2382 4816 καὶ
2413 4749 2559 4816 τότε,
2596 4749 2867 4830 πρόφασίν
2891 4767 3011 4803 τινα
3049 4748 3226 4803 δολίαν
3251 4749 3612 4822 πλασάμενοι,
3646 4750 3722 4815 ὡς

2137 4840 2198 4894 οὐ
2227 4841 2366 4914 πρὸς
2405 4842 2585 4914 φυγὴν
2614 4840 2997 4916 ἐκτρέπονται,
3039 4841 3176 4910 πρὸς
3205 4841 3550 4914 ὑποδοχὴνδὲ
3580 4843 3719 4913 μᾶλα

2133 4931 2226 4984 λον
2285 4932 2396 4984 τῶν
2443 4917 2827 5004 Στρυμονιτῶν
2884 4933 3212 5004 συμμάχων,
3265 4933 3362 4988 τοῦ
3410 4935 3721 5006 στρατηγοῦ

2131 5022 2295 5092 δῆθεν
2332 5021 2494 5089 τοῦτο
2524 5024 2948 5095 προστάξαντος.

2211 5113 2324 5198 μ.βῖ
2366 5117 2442 5169 Οὐ
2471 5115 2608 5169 πολὺ
2635 5116 2694 5170 δὲ
2717 5118 2777 5170 τδ
2805 5117 2864 5170 ἐν
2896 5117 3071 5196 μέσῳ,
3103 5117 3197 5171 καὶ
3228 5116 3479 5201 ξιφήρεις
3503 5119 3554 5172 oi
3589 5119 3720 5201 βάρι

2137 5193 2297 5280 Βαροι
2329 5210 2449 5273 ταῖς
2475 5208 2672 5272 πύλαις
2701 5193 3033 5287 ἐπέστησαν,
3059 5211 3153 5264 καὶ
3182 5193 3369 5264 οὐκέτι
3401 5210 3626 5264 δυνατὸν
3650 5193 3719 5282 ἦν

2136 5301 2256 5355 οὐδὲ
2288 5301 2629 5373 προσϐλέψαι
2665 5303 2826 5372 μόνον
2868 5304 3027 5367 ἐκτὸς
3055 5304 3357 5367 ἀκινδύνως
3385 5305 3527 5367 τινὰ,
3559 5308 3716 5373 μήτοι

2138 5410 2202 5466 γε
2232 5391 2324 5446 τὸν
2353 5392 2599 5447 κίνδυνον
2631 5394 2923 5460 ὑπαλύξαι.
2980 5393 3153 5464 Κάγὼ
3183 5395 3292 5468 γὰρ
3319 5395 3483 5459 αὐτὸς
3512 5397 3611 5448 σὺν
3647 5397 3724 5467 τῷ

2140 5486 2310 5554 πατρὶ
2338 5485 2431 5538 καὶ
2465 5487 2576 5551 τοῖς
2598 5486 2848 5555 ἀδελφοῖς
2880 5487 2995 5557 (δύο
3022 5488 3079 5542 δέ
3113 5487 3205 5560 μοί
3241 5489 3381 5542 εἰσιν
3406 5481 3555 5543 οὗτοι
3586 5490 3718 5543 νεώ-

1747 5664 1978 5720 ΥΑΒΙᾹΞ
2020 5663 2432 5723 LECTIONES.

517 5780 539 5813 °
573 5779 897 5862 χρυσέαν

444 5851 489 5887 ω
522 5850 626 5904 τεν,
669 5867 781 5906 om,
813 5851 872 5912 Ρ,
941 5855 983 5884 ⁸⁸
1009 5850 1262 5910 ἀπελθεῖν
1292 5850 1397 5912 ΑΡ.

955 5782 980 5868 ἶ
1012 5781 1381 5868 συνέρρευσεν
1422 5780 1486 5843 Δ.
1548 5785 1570 5815 ⁸
1607 5783 1926 5855 συνδρομεῖν
1966 5783 2026 5849 Ρ,
2082 5783 2102 5814 ⁹
2134 5780 2362 5845 θάνατον
2388 5781 2451 5842 Α,
2497 5780 2537 5815 ⁸⁸
2567 5783 2615 5836 οί
2641 5799 2754 5845 om,
2782 5783 2844 5849 Ρ,
2878 5783 2955 5842 ιι·
2987 5786 3264 5859 πανταχοῦ
3287 5787 3358 5842 Ἀ.
3392 5785 3622 5868 ηὲχρῆν
3646 5788 3712 5856 Α.
