4140 6042
368 127 473 189 5m
582 112 583 115 ‘

1478 127 1573 188 DE
1610 124 1927 188 EXCIDIO
1962 122 2404 189 THESSALON
2418 130 2579 191 lC/E.

3539 131 3643 192 50$

366 241 464 294 τὸν
492 239 716 292 θάναιον
739 238 1094 310 διεφύγομεν.
1132 239 1196 293 οι
1226 238 1282 293 δὲ
1314 239 1491 296 πάντα
1522 244 1807 312 συντόμως
1861 239 1952 304 εξ.

2076 242 2279 309 [uiuam
2316 259 2584 308 essemus,
2610 261 2784 312 quave
2814 260 2874 299 er
2906 260 3073 299 causa
3105 255 3334 299 mortem
3362 246 3641 317 etiugissu.

366 332 547 393 εἶπον,
588 329 684 381 καὶ
712 328 821 382 τῶν
845 328 1033 384 νώτων
1060 332 1092 401 ἡ
1100 330 1219 402 μῶν
1246 330 1541 402 λαϐόμενοι
1584 335 1813 404 πρηνεῖς
1845 335 1957 397 τοῖς

368 420 534 475 ποσὶν
555 419 721 474 αὑτοῦ
744 419 823 490 τῷ
849 420 1041 491 ἐδάφει
1080 422 1487 495 προσέρρηξαν,
1525 423 1585 479 ‘0
1607 423 1662 477 δὲ
1690 425 1751 478 τδ
1784 422 1954 494 ξίφος,

367 522 511 590 ὅπερ
533 517 691 589 έτυχε
724 522 847 583 ταῖς
868 522 1026 593 χερσὶ
1045 520 1319 592 κατέχων,
1353 524 1557 595 ἑτέρως
1581 524 1614 596 ἢ
1642 524 1718 589 ώς
1746 524 1959 593 πέφυκε

369 613 597 683 τέμνειν
621 612 1096 683 ἀνθυποστρέψας,
1119 615 1359 682 ἐπάταξε
1386 618 1505 680 ταῖς
1519 617 1715 689 κάραις
1742 617 1961 687 ἐφάπαξ

373 701 498 759 καθ’
520 701 618 759 ἕνα
652 705 833 775 ἡμιῖιτ.
892 700 1025 761 Εἶτα
1075 705 1396 761 ἀνίστασθαι
1439 709 1535 762 καὶ
1569 709 1793 780 θαρρεῖν
1835 711 1957 763 ἐκέ-

370 795 558 860 λευσε,
598 798 713 865 καὶ,
770 797 972 863 Τοῦτο,
1012 800 1169 870 φησὶ,
1198 799 1312 868 τῆς
1359 799 1701 870 ἀσφαλείας
1742 802 1959 872 τεκμή-

364 905 507 957 ριον
564 886 817 958 ἔχοντας
874 889 1075 960 μηδὲν
1131 890 1242 946 τοῦ
1304 893 1525 947 ,ιοιποῦ
1557 892 1764 949 δεινὸν
1803 892 1961 963 ὑμᾶς

373 984 744 1038 ὑποπτεύειν
768 982 1105 1053 nuper-rm?)-
1143 986 1257 1049 τοῖς
1315 986 1630 1057 παρεστῶσι
1653 987 1710 1041 δὲ
1742 986 1961 1057 8196i-

377 1090 493 1143 ροες
522 1071 617 1127 τοῦ
654 1076 785 1129 ναοῦ
815 1075 915 1139 τάς
946 1074 1144 1142 πύλας,
1185 1078 1241 1132 αῖ
1281 1078 1416 1142 τέως
1464 1079 1713 1150 ὑπῆρχον
1746 1080 1961 1135 κεκλει-

374 1165 597 1234 σμέναι.
630 1166 939 1237 προστάξας
997 1164 1383 1239 ἀναῤῥιπίσαι,
1429 1169 1531 1239 τῆς
1576 1171 1845 1243 καθέδρας
1874 1174 1963 1241 ἐξ-

374 1258 617 1322 αναστὰς
657 1252 751 1312 καὶ
776 1259 871 1313 τόν
917 1261 1051 1328 ἐμὸν
1078 1261 1292 1332 πατέρα
1337 1264 1404 1334 τῇ
1440 1262 1568 1335 λαιᾷ
1590 1266 1713 1319 ταῖν
1736 1269 1961 1335 χειροῖν,

374 1352 442 1423 τῇ
496 1351 663 1424 ἀτέρα
699 1352 758 1406 δέ
810 1353 921 1405 τῶν
952 1350 1050 1406 ἀπ’
1078 1353 1216 1425 ἐμοῦ
1246 1354 1345 1423 δύο
1376 1354 1623 1425 ἀδελφῶν
1658 1357 1751 1410 τον
1790 1360 1836 1391 ⁸⁸
1868 1359 1964 1414 ἕνα

375 1444 645 1515 κατέχων,
700 1444 850 1500 ενδον
900 1442 1079 1519 εἰσῄει
1123 1446 1215 1502 τοῦ
1244 1447 1547 1519 σεϐασμίου
1575 1450 1771 1519 σηκοῦ.
1822 1451 1881 1505 ’0
1906 1453 1965 1507 δὲ

374 1533 445 1606 ἦν
470 1537 615 1603 ἅπας
645 1540 1082 1611 πεπληρωμένος
1113 1537 1364 1595 ἐλεεινῶν
1399 1539 1704 1611 ἀνθρώπων
1738 1546 1797 1598 ἐν
1816 1544 1956 1611 αῦτῷ

379 1631 948 1704 προκαθειρχθέντων,
1003 1632 1335 1704 τριακοσίων
1400 1635 1530 1705 περί
1584 1651 1688 1689 που
1724 1638 1816 1691 τὸν
1845 1639 1966 1708 ἀρι-

378 1720 539 1792 θμὺν,
560 1722 637 1785 ώς
666 1724 725 1776 έν
754 1723 971 1793 ὑστέρῳ
1000 1722 1510 1794 κατεμανθὼομεν.

451 1809 549 1882 νβ’,
585 1813 699 1866 Οὐκ
746 1813 929 1880 ὀλίγον
974 1813 1030 1867 δὲ
1092 1817 1187 1868 καὶ
1248 1817 1550 1885 μιαιφόνων
1581 1818 1624 1851 ⁸⁸
1659 1820 1860 1889 πλῆθος
1890 1823 1969 1891 τῷ

379 1906 638 1975 δυσμενεῖ
662 1906 1040 1976 συνεισῆλθεν.
1075 1907 1214 1961 Ἀλλ’
1243 1910 1453 1973 ἐκεῖνος
1496 1911 1659 1975 εὐθὺς
1705 1916 1971 1986 είσπηδὴ-

384 2012 487 2059 σας
520 1994 754 2067 ἀνῆλθεν
807 1999 997 2051 ἐπάνω
1055 1998 1146 2053 τοῦ
1177 2001 1627 2073 καθητιασμένου
1670 2003 1878 2077 βωμοῦ,
1913 2010 1972 2063 ἐν

382 2083 428 2155 ᾧ
461 2092 611 2160 παρά
640 2088 751 2144 τῶν
810 2091 1002 2161 ἱερέων
1051 2094 1083 2161 ἡ
1130 2095 1371 2164 μυστικὴ
1408 2095 1650 2150 τελεῖται
1707 2098 1967 2169 λατρεία·

384 2181 479 2233 καὶ
527 2183 656 2244 τοὺς
702 2180 869 2245 πόδας
925 2183 1275 2252 συμπλέτδην
1328 2187 1387 2237 ἐν
1436 2185 1691 2257 ἀλλήλοις
1733 2189 1971 2243 ἀνθυπο-

384 2272 648 2343 στρέψας,
668 2270 744 2334 ὡς
767 2271 885 2333 ἐθος
939 2274 1055 2325 ἐστὶ
1098 2276 1208 2337 τοῖς
1236 2274 1555 2345 βαρϐάροις,
1594 2278 1834 2348 ἐκάθητο
1879 2283 1971 2350 γέ-

386 2382 506 2432 μων
529 2362 706 2433 θυμοῦ
741 2367 832 2417 καὶ
865 2365 1151 2433 ἀπονοίας,
1199 2366 1293 2420 τόν
1341 2384 1400 2420 τε
1423 2366 1597 2438 δῆμον
1623 2372 1733 2424 τῶν
1764 2372 1974 2444 ἀνδρῶν

380 2455 612 2510 ἐκείνων
662 2458 1034 2528 περισκοπῶν,
1096 2460 1193 2513 καὶ
1226 2458 1373 2532 ἀπερ
1435 2460 1689 2517 ἐϐούλετο
1719 2464 1874 2538 δρᾷν,
1904 2470 1973 2538 τῇ

381 2550 778 2620 κακεντρεχείᾳ
801 2550 911 2603 τῶν
930 2549 1144 2619 φρενῶν
1174 2551 1547 2622 διοικούμενος
1575 2571 1588 2582 ·
1621 2555 1717 2609 τὸν
1761 2558 1783 2610 ἐ
1792 2559 1893 2628 μὸν
1918 2559 1975 2613 δέ

382 2640 604 2710 πατέρα
634 2642 731 2697 καὶ
762 2642 996 2713 ἀδελφὸν
1023 2645 1317 2715 ἑκατέραις
1342 2646 1614 2702 διαλαϐὼν
1651 2650 1772 2714 ταῖς
1795 2654 1974 2722 χερσί,

383 2734 480 2787 καὶ
504 2734 651 2804 ἡμᾶς
668 2734 833 2789 αὑτοῦ
859 2753 960 2791 που
981 2736 1116 2808 πρὸς
1137 2739 1202 2807 τῇ
1230 2738 1421 2811 εἰσόδῳ
1440 2737 1806 2809 φυλάττεσθαι
1826 2746 1978 2815 παρὰ

380 2822 494 2876 τῶν
542 2824 776 2879 έλόντων
824 2825 1311 2897 ἐγκελευσάμενος,
1345 2830 1579 2901 νεύματι
1616 2834 1730 2899 τοῖς
1765 2832 1978 2906 βαρϐά-

2062 348 2203 388 mus.
2243 332 2322 389 Illi
2354 337 2548 406 paucis
2578 341 2761 392 omnia
2809 350 3114 406 espormnt,
3146 348 3200 394 et
3247 354 3342 404 per
3385 341 3647 391 humerus

2062 439 2164 478 nos
2219 426 2552 495 accipientes
2606 425 2673 481 ad
2734 428 2855 497 ejus
2896 430 3059 496 pedes
3108 442 3311 497 pronos
3361 428 3414 480 in
3465 427 3643 481 solmu

2063 525 2444 584 prosternunt.
2475 520 2545 573 At
2577 515 2664 571 ille
2693 532 2849 581 ense,
2886 532 3049 587 quem
3080 517 3334 573 manibus
3374 515 3646 586 gestabat,

2063 622 2255 663 aversa
2293 610 2414 665 acie
2442 650 2458 670 .
2492 621 2551 665 ut
2584 625 2773 666 secare
2804 626 2912 665 non
2960 622 3165 681 posset,
3209 610 3647 678 uniuscujusque

2063 706 2314 754 nostrum
2357 710 2519 770 caput
2552 702 2743 756 leviter
2781 703 3054 772 percussit
3085 720 3100 770 ;
3136 710 3252 757 tum
3297 715 3523 772 surgere
3555 702 3646 753 bo-

2064 806 2246 860 noque
2278 794 2463 845 animo
2495 808 2621 848 esse
2647 795 2833 862 jussit.
2872 793 2937 847 Et
2962 795 3080 858 hoc,
3118 795 3312 864 inquit,
3347 792 3649 848 recuritatis

2062 880 2250 949 pignus
2280 883 2530 936 habent“
2549 924 2563 944 ,
2600 885 2851 952 praemio
2890 894 2948 936 ut
2975 884 3109 937 nihil
3139 885 3190 936 in
3221 893 3489 950 posterum
3523 885 3651 936 mali

2066 973 2320 1027 timentis.
2363 972 2502 1028 Tum
2550 978 2863 1031 astantibus
2913 975 3172 1033 Barbaris
3222 978 3406 1046 templi
3480 977 3649 1040 fores,

2065 1079 2186 1132 qua:
2240 1065 2442 1120 clausae
2492 1075 2701 1131 essent,
2758 1081 3003 1122 reserare
3052 1068 3207 1135 jubet
3239 1106 3251 1129 ,
3294 1068 3469 1136 deque
3524 1066 3653 1122 sede

2065 1153 2349 1219 easiliens,
2372 1169 2435 1209 ac
2461 1168 2669 1225 patrem
2705 1171 2885 1210 meum
2916 1156 3140 1211 sinistra
3172 1157 3455 1225 alteraque
3487 1171 3652 1209 unum

2069 1245 2297 1301 fratrum
2323 1262 2570 1303 meorum
2604 1260 2817 1314 tenens,
2857 1251 3222 1303 venerandam
3257 1263 3471 1304 sacram
3506 1249 3653 1302 illam

2065 1332 2236 1387 autem
2281 1333 2602 1404 ingreditur.
2640 1333 2769 1389 Erat
2809 1336 2899 1389 illa
2933 1336 3329 1391 miscrabilimn
3371 1335 3654 1389 hominum

2068 1432 2196 1477 ante
2241 1423 2297 1479 in
2347 1424 2521 1493 ipsam
2569 1424 2947 1494 coniectorum
2996 1425 3177 1492 plena,
3214 1424 3330 1493 qui,
3375 1430 3433 1476 ut
3471 1428 3653 1493 postea

2070 1509 2229 1563 nobis
2270 1511 2498 1565 relatum
2532 1520 2640 1577 est,
2673 1522 3036 1568 trecentorum
3071 1512 3182 1567 fere
3223 1526 3512 1567 numerum
3550 1513 3654 1564 iui-

1921 1564 1965 1660 ῳ
1999 1587 2042 1643 Β
2074 1603 2320 1660 olebant-

2141 1807 2231 1863 52.
2270 1807 2408 1861 Cum
2435 1808 2574 1861 truci
2601 1817 2783 1860 autem
2818 1808 2912 1861 illo
2945 1821 3050 1861 non
3085 1808 3276 1876 exigua
3309 1823 3526 1893 quoque
3559 1824 3623 1877 pa

2072 1901 2397 1955 tricitlarum
2435 1901 2595 1953 turba
2643 1901 2886 1955 intravit.
2926 1898 3126 1955 Verum
3168 1902 3256 1956 ille
3295 1905 3476 1957 statim
3513 1907 3654 1957 saltu

2072 1995 2128 2047 in
2164 2002 2579 2049 sacrosanctum
2610 1994 2805 2056 altare,
2837 1994 2890 2046 in
2916 2008 3027 2061 quo
3062 2010 3089 2043 a
3123 1992 3503 2048 sacerdotibus
3541 2010 3657 2063 my-

2074 2087 2273 2139 sticum
2306 2086 2638 2139 sacriﬁcium
2665 2084 2963 2153 divinaque
2988 2099 3076 2139 res
3108 2086 3412 2155 peragitur,
3439 2087 3656 2148 iusiliit,

2073 2187 2125 2232 et
2182 2178 2410 2245 pedibus
2460 2177 2602 2230 inter
2648 2193 2709 2231 se
2760 2177 3123 2246 complicatis,
3173 2184 3232 2229 ut
3300 2176 3657 2231 barbarorum

2078 2269 2249 2324 moris
2276 2277 2379 2334 est,
2414 2268 2579 2335 sedit,
2612 2269 2815 2325 littoris
2838 2269 3218 2341 dementisque
3250 2271 3520 2341 Superbia:
3542 2273 3658 2341 ple-

2078 2377 2227 2427 nus;
2267 2361 2661 2431 hominumque
2692 2362 2840 2416 illam
2876 2363 3283 2418 multitudinem
3324 2365 3655 2433 circumspi-

2078 2451 2251 2516 ciens,
2307 2465 2372 2505 ac
2419 2451 2561 2519 quod
2613 2452 2795 2506 animo
2849 2452 3261 2516 destinaverat,
3321 2462 3380 2505 ut
3435 2454 3658 2517 lat-cret,

2079 2554 2312 2599 versuta:
2356 2546 2558 2598 mentis
2616 2546 2836 2601 solertia
2886 2558 2950 2600 ac
2995 2546 3282 2600 dolositate
3334 2545 3658 2615 disponens,

2080 2648 2287 2707 patrem
2305 2653 2714 2709 quoquememn
2737 2648 2791 2693 et
2808 2639 3029 2692 fratrem
3055 2650 3287 2708 utraque
3315 2639 3478 2710 559
3497 2657 3544 2694 ιιι
3570 2658 3662 2695 inn

2082 2732 2428 2801 prehendens
2454 2772 2469 2793 .
2519 2746 2733 2800 nosque
2766 2733 2831 2786 ad
2862 2732 3088 2802 januam
3125 2748 3295 2801 prope
3342 2735 3411 2787 ab
3452 2734 3537 2787 bis
3568 2752 3660 2801 qui

2082 2834 2346 2894 ceperant
2376 2824 2827 2895 servarijubens,
2860 2840 3057 2879 omnes
3090 2825 3144 2878 iu
3176 2839 3239 2879 ea
3263 2833 3395 2879 nutu
3421 2826 3661 2894 jugulari

386 2929 505 2988 ροις
543 2919 757 2972 ἀνελεῖν
810 2918 1058 2985 ἐκείνους
1096 2922 1489 2992 προσέταττεν.
1521 2924 1587 2979 Οἱ
1622 2926 1689 2999 δὴ
1714 2926 1778 2981 τό
1810 2929 1973 2999 τάχος

2083 2918 2357 2988 pra-cepit.
2420 2916 2524 2984 Qui
2584 2926 2827 2971 actutum
2890 2917 3035 2971 velut
3092 2916 3301 2972 ederati
3360 2916 3492 2985 lupi,
3550 2916 3663 2985 jam

383 3009 643 3081 καθάπερ
671 3011 957 3067 ἀτίθασσοι
984 3012 1139 3067 λύκοι
1186 3013 1363 3087 θήρας
1392 3016 1766 3089 ἐπιτυχόντες,
1798 3020 1973 3086 οὕτως

2081 3009 2275 3080 prada:
2299 3019 2583 3079 compotes
2605 3009 2755 3073 facti,
2784 3008 3027 3064 incitatis
3050 3010 3247 3064 animis
3272 3018 3436 3078 atque
3459 3011 3663 3078 impetu

382 3104 740 3173 ⁴ίιπειγμένιιις
784 3109 880 3158 καὶ
929 3106 1174 3176 ἀνηλεῶς
1222 3109 1351 3172 τοὺς
1387 3107 1609 3173 ἀθλίους
1649 3113 1970 3183 κατέτεμον.

388 3191 511 3247 Ἐτι
532 3195 590 3248 δὲ
618 3194 699 3266 τῷ
727 3195 884 3266 θυμῷ
917 3195 1153 3262 ζέοντες,
1181 3197 1235 3251 τί
1264 3199 1513 3270 καὶπερὶ
1546 3200 1705 3270 ἡμῶν
1729 3201 1905 3257 ἐθέλοι
1928 3205 1975 3236 ⁸⁸

384 3288 583 3350 αὐτοὺς
644 3288 927 3359 πράττειν,
964 3289 1104 3361 πρὸς
1140 3290 1235 3343 τὸν
1277 3289 1457 3345 δεινὸν
1484 3289 1570 3365 [Ρ.
1610 3292 1740 3365 360]
1768 3295 1979 3349 ἐκεῖνον

384 3380 654 3451 δικαστὴν
700 3380 1074 3436 ἀπεσκόπουν.
1131 3382 1274 3437 Ἀλλ’
1311 3384 1519 3450 ἐκεῖνος
1563 3385 1665 3456 μέν
1694 3388 1795 3458 τῆς
1854 3389 1976 3443 καθ’

385 3474 548 3543 ἡμῶν
572 3470 775 3539 αύτοῦς
800 3474 942 3539 τέως
977 3476 1376 3547 ἐπιχειρήσεως
1414 3477 1766 3546 διεκώλυσεν,
1801 3482 1977 3538 ἐδόκει

382 3558 445 3619 δὲ
473 3568 569 3619 καὶ
620 3562 666 3598 ⁸³
722 3566 857 3637 ἡμῖν
890 3567 1082 3622 αὐτόθι
1113 3569 1539 3640 φυλαττομένοις
1559 3571 1733 3627 τόντε
1764 3576 1977 3646 πατέρα

386 3658 484 3709 καὶ
517 3656 610 3711 τὸν
643 3656 777 3725 ἐμὸν
805 3656 1037 3727 ἀδελφὸν
1063 3661 1179 3724 τοῖς
1218 3660 1495 3731 κειμένοις
1526 3664 1977 3736 ωναναιρεθῆναι

389 3748 488 3804 καὶ
524 3749 722 3819 μόνους
737 3750 889 3821 ἡμᾶς
938 3750 1158 3821 φειδοῦς
1195 3750 1522 3823 ἀξιωθῆναι.
1553 3753 1727 3809 Πάλιν
1745 3758 1977 3824 ἐκείνοις

390 3840 525 3911 περὶ
554 3839 714 3911 ἡμῶν
761 3841 895 3895 αὐτὸ
934 3841 1115 3905 τοῦτο,
1166 3842 1246 3914 τῷ
1302 3843 1475 3916 βωμῷ
1526 3847 1976 3919 φυλαττομένοις,

388 3931 705 4001 λογίζεσθαι
741 3935 1041 4006 ἐπήρχετο.
1063 3936 1209 4007 Πλὴν
1239 3938 1340 3992 οὐκ
1369 3940 1592 4009 εἴχομεν
1612 3932 1763 4010 ᾧτινι
1784 3947 1978 4016 πέρατι

390 4030 494 4096 τὴν
544 4025 677 4097 περὶ
721 4026 971 4097 ἀλλήλων
1043 4029 1238 4093 στῆσαι
1302 4030 1658 4102 ἀμφιϐολίαν.
1727 4037 1815 4101 Ὠς
1870 4040 1981 4111 γὰρ

390 4118 581 4190 ἔληξεν
602 4120 631 4173 ό
651 4121 773 4174 κατ’
801 4120 1045 4185 ἐκείνους
1084 4123 1210 4188 τοῦς
1242 4122 1526 4195 δυστυχεῖς
1565 4127 1747 4196 φόνος,
1773 4132 1982 4202 πεπλή-

397 4226 542 4284 ρωτο
570 4212 712 4267 δὲτὸ
765 4214 963 4283 ἔδαφος
1003 4216 1151 4269 ἅπαν
1203 4219 1629 4287 νενεκρωμένων
1684 4224 1977 4291 σωμάτων,

394 4304 562 4374 μέσον
585 4302 645 4358 δὲ
666 4303 873 4360 τούτων
902 4304 1196 4376 ὲλίμναζεν
1224 4308 1257 4378 ἠ
1282 4308 1592 4382 πλημμύρα
1606 4312 1702 4366 τοῦ
1724 4314 1977 4383 αἵματος,
2013 4299 2056 4353 Ῑ)

392 4399 495 4452 οὐκ
527 4399 667 4469 ἔχων
697 4400 846 4465 ὅπως
896 4403 927 4456 ό
987 4402 1273 4470 μιαιφόνος
1323 4404 1533 4468 ἐκεῖνος
1562 4405 1698 4475 πρὸς
1728 4407 1789 4458 τὸ
1822 4410 1977 4472 ἐκτὸς

391 4489 644 4559 γένηται,
668 4488 799 4544 ἄλλο
829 4494 953 4547 κατ’
986 4492 1117 4546 ἄλλο
1155 4494 1224 4545 τά
1255 4494 1531 4564 πτώματα
1560 4496 1669 4549 τῶν
1706 4499 1979 4568 κειμένων

390 4584 509 4647 τοῖς
564 4583 912 4656 ἑκατέρωθεν
944 4585 1038 4639 τοῦ
1081 4585 1215 4639 ναοῦ
1262 4588 1618 4658 περιδρόμοις
1659 4591 1978 4661 ἐπιτεθῆναι

391 4675 777 4732 διεκελεύσατο
817 4672 896 4734 Οῦ
921 4676 987 4750 δὴ
1017 4679 1115 4732 καὶ
1143 4679 1441 4749 γενομένου
1466 4678 1663 4733 θᾶττον
1690 4682 1855 4746 εὐθὺς
1888 4686 1985 4736 αύ-

392 4770 488 4823 τδν
515 4770 615 4824 τοῦ
646 4769 837 4842 βωμοῦ
857 4771 1343 4843 καταπηδήσαντα,
1371 4772 1470 4827 καί
1500 4773 1667 4827 πάλιν
1707 4776 1799 4828 τῖιν
1847 4777 1982 4845 ἐμὸν

392 4865 609 4937 πατέρα
662 4869 757 4920 καὶ
814 4866 1043 4935 ἀδελφόν
1068 4867 1361 4937 ἑκατέραις
1391 4869 1583 4939 χερσὶν
1617 4869 1981 4936 ἐναγκαλισά-

398 4971 563 5023 μενον
594 4955 847 5024 γενέσθαι
896 4957 1094 5027 μέχρις
1142 4955 1317 5026 ἡμῶν.
1349 4955 1603 5027 Τοσαύτη
1647 4958 1703 5011 δὲ
1732 4952 1801 5029 ἦν
1827 4961 1859 5028 ἡ
1891 4962 1979 5013 ἐκ·

394 5048 788 5117 δειματώσασα
817 5050 915 5113 τὰς
947 5050 1128 5120 ψυχὰς
1165 5048 1324 5119 ἡμῶν
1368 5049 1480 5101 τῶν
1513 5050 1805 5120 θεαμάτων
1834 5052 1980 5105 ὲκεί-

398 5156 506 5193 νων
542 5140 732 5211 ἀχλῦς.
758 5134 835 5195 ὧν
856 5158 915 5195 τε
934 5142 1168 5206 ἐκείνοις
1198 5141 1519 5212 κατείδομεν
1553 5142 1650 5195 καὶ
1673 5135 1749 5195 ὧν
1772 5144 1829 5196 ἐν
1848 5145 1983 5213 ἡμῖν

396 5232 586 5295 αὐτοῖς
642 5233 1017 5303 ἐππάσαμεν,
1070 5233 1147 5297 ώς
1194 5235 1253 5286 ἐν
1306 5233 1548 5306 τοσαύτῃ
1630 5233 1982 5304 πανωλεθρίῃ

402 5325 555 5395 μόνοι
583 5325 629 5357 ⁸⁸
656 5327 1016 5397 διαφυγόντες
1039 5326 1132 5380 τὸν
1164 5325 1397 5381 θάνατον
1446 5326 1615 5395 μηδὲν
1641 5342 1695 5379 τι
1732 5327 1827 5379 τοῦ
1850 5344 1974 5382 σκυ·

400 5420 625 5490 θρωποῦ
674 5420 1022 5489 καθυφεῖναι,
1088 5418 1229 5472 ἀλλά
1283 5417 1443 5489 μόνον
1498 5421 1610 5480 τοῖς
1667 5416 1983 5487 προσώποις

2078 3106 2351 3159 crudelem
2378 3106 2430 3156 in
2456 3104 2675 3157 modum
2698 3102 2932 3156 miseros
2958 3102 3353 3165 conciderunt;
3377 3101 3667 3171 adlmcque

2077 3199 2229 3253 rabie
2288 3195 2530 3251 furentes
2589 3211 2618 3248 a
2666 3195 2787 3249 diro
2843 3196 2938 3248 illo
2982 3210 3238 3264 saevoque
3284 3195 3469 3265 judice
3509 3196 3668 3265 signo

2078 3290 2294 3350 ostendi
2337 3290 2730 3359 exspectabant
2776 3288 2906 3359 quid
2950 3297 3005 3342 et
3047 3290 3205 3345 nubis
3247 3288 3451 3343 factum
3484 3291 3663 3346 vellet.

2079 3393 2348 3447 Caeterum
2383 3388 2474 3441 ille
2514 3401 2702 3440 eorum
2745 3387 3012 3438 hactenus
3058 3384 3112 3437 in
3151 3401 3251 3438 nos
3288 3386 3551 3454 impetum
3586 3389 3668 3440 in-

2082 3484 2279 3539 hibuit.
2313 3479 2486 3535 Porro
2516 3479 2803 3533 videbatur
2833 3477 3014 3543 nobis,
3045 3478 3140 3546 qui
3175 3477 3246 3533 ibi
3285 3478 3665 3544 servabamur,

2082 3587 2289 3650 patrem
2353 3589 2419 3629 ac
2472 3572 2695 3627 fratmm
2744 3571 2928 3641 gladio
2972 3570 3222 3626 sublatos
3264 3586 3387 3625 esse
3420 3588 3544 3624 cum
3583 3572 3667 3626 his

2080 3683 2313 3743 quorum
2345 3681 2487 3721 cmsa
2511 3665 3073 3733 cadaver-ajaeebaut,
3104 3665 3374 3733 nobisque
3400 3664 3667 3719 duntaxat

2081 3763 2342 3818 immitem
2381 3761 2533 3815 illum
2585 3759 2901 3829 pepercisse
2948 3776 2961 3811 :
3011 3774 3109 3812 nec
3156 3760 3315 3811 aliter
3380 3758 3539 3827 ipsis,
3572 3761 3666 3827 qui

2083 3872 2251 3927 prope
2310 3858 2481 3909 altare
2546 3853 2935 3913 servabantur,
2984 3853 3052 3905 de
3102 3850 3263 3905 nobis
3316 3852 3665 3921 cogitare-in

2080 3952 2324 4004 animum
2375 3947 2648 4003 veniebat.
2680 3945 2791 4000 Nec
2824 3960 2953 3999 vero
2998 3955 3116 3998 erat
3156 3959 3266 4012 quo
3298 3943 3519 3998 tandem
3562 3942 3670 3997 line

2081 4048 2270 4093 mutua
2305 4038 2397 4090 illa
2428 4039 2496 4091 de
2542 4036 2706 4090 nobis
2751 4035 3039 4090 sedaretur
3084 4035 3353 4088 anxietas.
3404 4032 3474 4087 Ut
3519 4036 3667 4088 enim

2084 4133 2414 4185 miserormn
2439 4138 2654 4197 perat-ta
2687 4126 2855 4191 crede,
2882 4127 3144 4196 omnique
3171 4127 3288 4180 solo
3315 4125 3664 4180 contrucida-

2083 4232 2260 4277 torum
2294 4223 2576 4274 hominum
2609 4220 2969 4274 cadaveribus
3002 4229 3285 4275 constrato
3304 4234 3367 4274 ac
3402 4220 3543 4274 inter
3576 4220 3667 4273 illa

2085 4313 2471 4381 stagnantibus
2519 4310 2814 4363 cruoribus
2851 4309 3102 4379 proluto,
3151 4308 3443 4379 parricida:
3487 4312 3669 4366 exitus

2087 4422 2196 4459 non
2234 4406 2472 4472 patebat,
2498 4416 2609 4470 quo
2649 4416 2709 4456 se
2736 4399 2886 4455 foras
2912 4400 3267 4466 subduceret,
3307 4403 3546 4469 jacentia
3578 4404 3669 4457 illa

2086 4513 2317 4566 corpora
2359 4498 2409 4549 in
2446 4495 2778 4547 ambulacris
2803 4496 3060 4562 utrinque
3090 4496 3354 4562 templum
3382 4495 3671 4549 ambienti-

2090 4594 2192 4646 bus
2228 4606 2395 4643 unum
2450 4604 2612 4657 supra
2656 4587 2801 4640 aliud
2853 4587 3077 4657 congeri
3126 4587 3315 4655 jussit.
3364 4586 3486 4654 Quo
3524 4586 3669 4641 facto

2083 4686 2267 4742 statim
2296 4682 2556 4736 exaltari
2590 4680 2848 4751 prosiliit,
2885 4687 3203 4747 patremque
3239 4695 3418 4734 meum
3453 4698 3514 4733 ac
3560 4681 3669 4733 fra-

2084 4788 2222 4833 trem
2279 4776 2545 4830 ambabus
2597 4789 2793 4828 rursus
2848 4774 3105 4827 manibus
3161 4775 3450 4844 amplexus
3479 4776 3544 4829 ad
3570 4792 3669 4831 nos

2086 4886 2261 4941 usque
2292 4869 2457 4924 venit.
2496 4867 2669 4922 Tanta
2703 4882 2832 4920 vero
2847 4877 2987 4933 erat,
3023 4883 3145 4933 quze
3192 4869 3406 4922 animos
3447 4882 3669 4924 nus'ros

2085 4960 2490 5026 perterritabat,
2508 4973 2700 5013 eorum
2718 4961 3176 5029 spectaculorum,
3194 4974 3319 5026 qua:
3343 4971 3455 5011 tum
3482 4960 3535 5011 in
3561 4960 3669 5014 illis

2086 5057 2320 5109 vidimus
2341 5061 2456 5107 tum
2481 5051 2637 5107 nobis
2656 5051 2921 5120 suspicati
2946 5067 3160 5112 sumus,
3179 5053 3355 5115 caligo
3373 5062 3425 5107 et
3450 5054 3566 5105 llOl‘l
3584 5070 3666 5111 or.

2093 5156 2149 5199 ut
2178 5142 2427 5211 quannis
2458 5144 2511 5195 in
2540 5151 2691 5195 tanta
2716 5141 3091 5197 internecione
3122 5144 3226 5197 soli
3250 5150 3482 5197 mortem
3507 5144 3668 5215 560

2082 5235 2443 5298 evaserintus,
2484 5234 2619 5288 nihil
2647 5236 2841 5288 minori
2880 5236 3141 5290 mmstitia
3167 5235 3350 5290 allecti
3381 5239 3664 5305 fuerimus,

2086 5332 2178 5386 sed
2210 5330 2589 5385 tantummodo
2628 5332 2775 5385 velut
2802 5331 3020 5385 attoniti
3064 5332 3155 5387 alii
3183 5334 3237 5388 in
3273 5335 3411 5388 alios
3442 5335 3665 5388 intentis

2088 5421 2329 5477 vultibus
2365 5435 2468 5476 ncc
2501 5436 2687 5476 vocem
2724 5422 2938 5478 mittere
2970 5425 3047 5477 rei
3078 5423 3417 5479 immanitate
3451 5427 3655 5479 sinere-

1690 5511 1922 5568 VARUE
1958 5514 2361 5572 LECTIONES.

473 5608 523 5643 ⁸⁵
556 5606 647 5662 τὸν
670 5622 779 5665 om.
810 5606 871 5663 Ρ.
950 5608 990 5641 ⁸³
1039 5608 1320 5677 μιαιφόνον
1358 5604 1419 5661 Ρ.
1496 5605 1540 5635 ⁸³
1568 5604 1807 5659 ἐθέλοιεν
1830 5604 1892 5677 Ρ,
1922 5609 2128 5665 ἐθέλειν
2156 5611 2218 5665 Α.
2301 5609 2345 5643 ⁸³
2376 5609 2471 5664 καὶ
2506 5624 2618 5666 om.
2655 5612 2717 5665 A.
2796 5609 2843 5640 “
2868 5609 3026 5679 μόνεν
3052 5612 3160 5663 ΛΡ.
