4140 6042
420 149 521 206 695

1487 152 1581 212 DE
1620 152 1932 215 EXCIDIO
1957 152 2242 226 THESSA
2257 161 2566 230 LUNICIE.

3588 180 3693 239 606

416 264 834 314 οδιεκταθεῖσαν
891 265 984 315 καὶ
1016 263 1112 315 τοῦ
1163 262 1355 332 καιροῦ
1385 264 1485 335 τὴν
1515 266 1787 329 ἐπίτασιν,
1820 266 1894 331 ὡς
1943 268 1978 319 it

2104 287 2168 326 ex
2202 283 2395 329 natura
2429 279 2638 336 devios.
2677 287 2728 333 et
2763 294 2888 333 cum
2944 282 3196 351 praesenti
3247 284 3515 338 malorum
3549 301 3684 341 aesar

413 355 569 426 ὀλίγῃ
599 356 739 423 ῥοπῇ
774 353 1177 424 πελιδνωθῆναι
1209 357 1308 420 τὰς
1338 357 1449 410 τῶν
1469 338 1790 430 ’ἀνθβὼπων
1841 359 1995 431 ὄψεις

413 445 667 516 καὶπρὸς
721 447 821 516 τὴν
883 450 1176 516 συμφορὰν
1227 446 1316 519 [P.
1364 447 1494 522 εει]
1542 451 1999 520 μεταϐάλλεσθαι,

417 539 627 603 πάντας
645 541 702 593 δὲ
729 541 937 610 ὁμοίιος
957 543 1210 610 ἐφίεσθαι
1240 544 1336 597 καὶ
1368 548 1599 617 ἀπορεῖν
1628 547 1841 617 ρανίδος
1867 549 1998 619 μιᾶς

416 629 607 694 ὕδατος
659 631 791 696 τούς
847 649 907 686 τε
961 635 1196 700 ἐντελεῖς
1231 635 1331 705 τὴν
1357 637 1576 705 ἠλικίαν
1618 638 1714 691 καὶ
1766 639 1890 701 τοὺς
1916 639 1998 691 ἔτι

417 724 612 795 κομιδῇ
654 724 831 789 νέους,
874 725 1028 780 οὐδὲν
1061 727 1251 796 ἕτερον
1284 728 1402 780 ἀλλ’
1442 729 1475 800 ἢ
1525 730 1688 799 μόνον
1727 730 1998 802 ἀναψῦξαι

418 818 613 891 μικρὸν
669 821 770 887 τὴν
827 824 1160 891 συνέχουσαν
1206 822 1369 892 δίψαν
1420 822 1852 896 ἐπιζητοῦντας,
1900 826 1998 880 καὶ

411 912 531 964 οὐδὲ
562 913 752 966 τούτου
795 916 1188 983 τυγχάνοντας.
1263 915 1402 970 Ἀλλ’
1457 918 1517 969 ἐν
1549 915 1759 982 τούτοις
1808 918 1872 970 τὸ
1899 919 1998 992 τῆς

412 1007 628 1076 ἡμέρας
674 1003 894 1077 ἐκείνης
947 1008 1207 1078 περιῆλθε
1240 1007 1538 1083 διάστημα,
1571 1011 1792 1064 πάντων
1821 1028 1994 1082 προσο

408 1095 562 1163 τάξει
592 1097 688 1150 τοῦ
717 1096 1041 1169 δυσωνύμου
1095 1099 1261 1170 θηρὸς
1294 1100 1438 1154 κατὰ
1469 1100 1766 1169 διαφόρους
1794 1101 1996 1163 τόπους

411 1190 654 1259 σωρηδὸν
699 1191 803 1243 ὑπὸ
834 1182 946 1244 τῶν
997 1190 1292 1261 βαρϐάρων
1325 1192 1756 1264 ἀφορισθέντων,
1793 1188 1876 1256 οἷς
1905 1195 1995 1246 καὶ

410 1278 656 1344 φύλακας
693 1280 1039 1348 ἐφήδρευσαν
1072 1280 1480 1333 ὑποϐλέπεσθαι
1507 1281 1734 1345 τούτους
1770 1283 1857 1336 διὰ
1888 1284 1996 1336 πά-

407 1383 509 1438 σηε
544 1369 762 1435 νυκτὸς,
803 1373 878 1440 μή
919 1372 1023 1425 πῡύ
1063 1390 1146 1434 τις
1198 1373 1262 1426 ὲκ
1301 1374 1472 1442 μέσου
1505 1374 1790 1442 διαδρᾶναι
1833 1374 1995 1446 δυνη-

405 1461 546 1529 θείη.
576 1459 687 1515 Καὶ
710 1465 846 1532 ἡμῖν
881 1463 940 1517 δι
981 1466 1166 1527 αὐτοῖς
1209 1467 1268 1517 ιν
1292 1465 1336 1496 ⁸⁷
1361 1459 1516 1535 ᾧπερ
1543 1463 1687 1535 ἦμεν
1723 1468 1995 1536 φυλαττό-

406 1571 561 1623 μενοι
609 1554 765 1623 τόπῳ
820 1558 1170 1625 συμμιγῆναι
1231 1557 1530 1626 προσέταξε
1590 1556 1700 1610 τῶν
1751 1557 1993 1611 ἁλόντων

402 1647 605 1714 ἄνδρας
648 1647 783 1700 ὡσεὶ
811 1650 1180 1718 πεντήκοντα,
1232 1642 1306 1702 ὧν
1337 1653 1388 1703 οἱ
1431 1651 1652 1712 πλείους
1685 1652 1779 1704 καὶ
1819 1668 1987 1721 τραυ-

403 1744 594 1808 ματίαι
625 1742 946 1810 ἐτύγχανον,
971 1743 1041 1796 τὰ
1077 1744 1200 1813 ίχνη
1226 1743 1324 1795 τοῦ
1354 1743 1588 1798 θανάτου
1620 1745 1733 1806 τοῖς
1768 1745 1985 1813 σώμασι

398 1836 792 1902 περιφέροντες
842 1836 938 1887 καὶ
990 1836 1125 1904 μηδὲ
1159 1839 1272 1898 τοῖς
1311 1837 1439 1904 ἑξῆς
1474 1837 1704 1906 θαρρεῖν
1745 1837 1981 1906 ἔχοντες·

397 1929 458 1977 ἐκ
499 1929 668 1993 μέσον
701 1927 810 1995 γὰρ
853 1926 1032 1980 αύτῶν
1087 1927 1250 1997 μέχρι
1286 1929 1419 1980 δέκα
1475 1929 1569 1981 τὸν
1611 1930 1847 2000 ἀριθμὸν
1885 1931 1981 1984 λα-

394 2019 585 2081 ϐόντες
619 2020 1029 2088 ὲναπέσφαξαν,
1082 2022 1179 2073 καὶ
1229 2021 1352 2076 οὐδὲ
1404 2023 1618 2085 τούτοις
1649 2021 1895 2094 ὑπῆρχον
1921 2024 1983 2077 ἓν

405 2114 682 2184 ἀσφαλείᾳ
713 2116 767 2166 at
799 2114 928 2184 περὶ
957 2114 1053 2166 τοῦ
1083 2116 1185 2184 ζῇν
1224 2117 1363 2177 τέως
1411 2116 1648 2181 ἐλπίδες,
1676 2118 1792 2170 ἀλλ’
1824 2116 1980 2171 ἐκλο-

394 2204 588 2257 νοῦντο
631 2205 723 2256 καὶ
764 2205 1153 2274 διεθρύπτοντο
1182 2207 1283 2278 τὴν
1323 2207 1519 2276 ὁμοίαν
1551 2209 1665 2272 τοῖς
1698 2211 1979 2275 κειμένοις

392 2297 673 2362 ἀπόφασιν
697 2298 1107 2366 περιμένοντες.
1146 2299 1288 2350 Ἀλλ’
1305 2299 1516 2368 ἐπειδὴ,
1540 2299 1674 2352 καθὸ
1702 2299 1976 2366 λέλεκται,

391 2390 458 2442 τά
493 2390 623 2458 περὶ
665 2389 874 2443 τούτων
931 2391 1064 2460 τέλη
1117 2393 1250 2461 παρ’
1284 2388 1498 2454 ἑαυτοῖς
1530 2390 1768 2459 ἔφθασεν
1821 2393 1976 2462 ἠνὺξ

392 2486 720 2555 διακόψασα,
757 2487 984 2540 ἐσόϐουν
1017 2489 1160 2550 τινὲς
1211 2486 1324 2541 τῶν
1365 2488 1660 2558 βαρϐάρων
1690 2493 1976 2561 περιερχό-

397 2595 553 2650 μενοι
582 2582 677 2635 καί
701 2597 811 2634 τισι
842 2581 1146 2650 κυμϐάλοις
1179 2581 1515 2643 κτυποῦντες
1547 2582 1642 2633 καὶ
1677 2582 1974 2644 ἀλαλάζον.-

393 2690 500 2738 τες,
531 2675 634 2736 ἕως
670 2675 832 2728 πάλιν
856 2673 1092 2742 ἔφθασεν
1137 2673 1365 2737 ἐπιστὰς
1394 2677 1422 2728 ὁ
1457 2675 1676 2743 ὄρθρος,
1706 2677 1973 2747 ὀδυνηρὰν

401 2766 725 2834 προσδοκίαν
754 2769 867 2829 τοῖς
893 2769 953 2818 ἐν
988 2767 1197 2838 ὑποψίᾳ
1226 2767 1460 2821 θανάτου
1497 2768 1618 2833 μεθ’
1655 2769 1853 2823 ἑαυτοῦ
1882 2788 1972 2822 κο-

398 2855 704 2926 μιζόμενος.
739 2858 882 2911 Ἀλλ’
910 2857 1065 2912 οὐδὲν
1110 2854 1270 2910 πλέον
1314 2857 1348 2927 ἢ
1382 2858 1469 2911 διὰ
1521 2858 1710 2926 ξίφους
1752 2860 1855 2929 ή⁸⁸
1883 2858 1968 2913 διὰ

2100 369 2364 435 temporis
2394 385 2609 440 quoque
2642 373 2720 424 sic
2747 384 2959 426 auctam
2984 376 3457 442 exaestuationem,
3480 385 3538 431 ut
3565 379 3686 433 bre-

2099 460 2148 511 vi
2208 470 2486 516 momento
2538 464 2824 520 hominum
2884 466 3050 523 facies
3082 469 3252 524 litore
3281 481 3571 526 contracto
3623 487 3687 525 ae

2099 554 2476 623 uigrescentes
2512 572 2578 614 ex
2639 558 2924 614 infortunii
2984 564 3196 618 ratione
3233 563 3394 618 aliam
3453 566 3682 620 formam

2096 645 2380 702 induerint
2410 667 2424 714 ;
2451 652 2749 728 cunctique
2776 654 2981 720 pariter
3002 654 3332 708 ardentibus
3361 656 3503 711 votis
3527 672 3684 727 aqua:

2095 749 2303 810 guttam
2330 743 2741 812 desiderabam,
2777 759 2840 800 ac
2877 761 2947 801 ne
2977 748 3097 817 ejus
3125 748 3348 818 quidem
3401 759 3683 820 compotes

2092 845 2267 888 erant.
2323 835 2570 892 Perfecta
2629 839 2728 894 virl
2775 849 2935 894 etate
2979 850 3143 909 atque
3200 842 3453 910 juvenes,
3508 858 3684 912 eaque

2094 924 2274 980 adhuc
2301 927 2610 982 minuscula
2644 945 2707 982 ac
2745 933 2920 999 pueri,
2957 932 3105 985 aliud
3133 930 3268 986 nihil
3308 934 3684 1003 exposcebant

2092 1033 2254 1087 quam
2297 1033 2354 1072 ut
2411 1023 2589 1075 solum
2625 1023 2910 1092 refrigerio
2972 1028 3158 1094 aliquo
3210 1027 3357 1079 sitim
3413 1036 3685 1096 tempera-

2092 1121 2230 1174 rent,
2274 1126 2336 1164 ac
2394 1127 2462 1167 ne
2494 1115 2544 1166 id
2611 1114 2831 1184 quidem
2884 1117 3230 1171 obtinebant.
3276 1119 3369 1172 Sic
3420 1119 3679 1174 nimirum

2093 1205 2274 1259 omnis
2308 1204 2400 1258 illa
2435 1216 2717 1260 transacta
2754 1207 2894 1273 dies,
2918 1210 3180 1264 omnibus
3209 1211 3445 1265 diversis
3491 1211 3546 1266 in
3599 1210 3681 1264 Io-

2092 1296 2174 1349 cis
2205 1295 2427 1349 infamis
2457 1298 2650 1351 bellum
2683 1300 2842 1366 jussu
2884 1303 3180 1356 acervatim
3209 1302 3536 1373 segregans,
3564 1302 3683 1372 qui-

2093 1387 2198 1441 bus
2228 1397 2281 1442 et
2307 1391 2568 1444 custodes
2610 1391 2847 1460 praefecti
2895 1393 2949 1447 in
2980 1410 3202 1448 omnem
3233 1405 3449 1450 noctem
3493 1394 3680 1465 dispe-

2093 1483 2258 1540 cturi,
2288 1494 2355 1534 ne
2401 1480 2527 1546 quis
2557 1499 2587 1535 e
2633 1482 2813 1536 medio
2847 1500 2906 1538 se
2944 1483 3254 1540 subducere
3305 1500 3370 1539 ac
3418 1483 3680 1553 ditIugere

2099 1580 2307 1638 posset.
2366 1571 2471 1626 Sed
2505 1582 2555 1627 et
2611 1575 2795 1638 nobis,
2869 1590 2979 1644 qtto
3018 1576 3137 1630 loco
3188 1575 3565 1642 servabamur,
3611 1589 3676 1627 ex

2095 1659 2442 1726 captivorum
2480 1663 2639 1714 turba
2668 1663 2769 1715 viri
2799 1664 3022 1718 circiter
3081 1666 3480 1735 quinquaginta
3522 1679 3678 1719 com-

2094 1752 2313 1804 misceri
2344 1753 2481 1820 jussi
2513 1771 2526 1817 ;
2569 1755 2663 1823 qui
2699 1765 2754 1808 et
2789 1755 3039 1825 plerique
3068 1760 3311 1828 acceptis
3347 1757 3672 1812 vulneribus

2095 1847 2287 1898 mortis
2314 1849 2540 1913 vestigia
2581 1851 2906 1917 corporibus
2935 1851 3202 1920 impressa
3233 1851 3674 1911 circumferrent.

2092 1954 2194 1993 nee
2231 1947 2286 1991 ut
2329 1941 2518 1994 mitius
2549 1943 2601 1994 in
2651 1953 2933 2011 posterum
2985 1945 3249 1998 baberent
3307 1946 3473 1998 ullam
3521 1960 3676 2015 spem

2091 2033 2374 2089 haberent.
2411 2034 2492 2088 Ad
2525 2037 2714 2090 decem
2746 2039 2891 2090 enim
2924 2055 2955 2093 e
2998 2039 3177 2094 medio
3204 2037 3424 2092 illorum
3484 2048 3674 2107 raptos

2088 2129 2232 2183 tristi
2282 2144 2414 2182 nece
2448 2130 2660 2199 gladius
2720 2132 2963 2185 sustulit.
2999 2130 3105 2183 Sed
3137 2147 3239 2185 nec
3285 2133 3511 2198 reliquis
3568 2132 3674 2182 ulla

2088 2227 2209 2280 vitm
2236 2224 2507 2279 securitas
2535 2231 2674 2284 crat,
2711 2223 2805 2274 sed
2839 2222 3187 2277 interturbati
3233 2232 3286 2277 et
3333 2230 3594 2278 nutantes
3614 2240 3677 2279 ac

2085 2318 2342 2371 dissoluti
2371 2314 2619 2369 eamdem
2658 2330 2719 2366 ac
2746 2312 3004 2381 jugulati,
3036 2322 3090 2366 et
3137 2327 3371 2382 quorum
3422 2313 3676 2377 jacebant

2085 2410 2378 2464 cadavera,
2425 2405 2756 2458 sententiain
2793 2403 3211 2470 exspectabant.
3237 2401 3373 2467 Quia
3403 2415 3557 2462 vero,
3609 2409 3664 2454 ut

2085 2499 2362 2556 dicebam.
2390 2497 2634 2563 ipsorum
2665 2496 2718 2545 in
2755 2494 2841 2546 his
2875 2494 3058 2546 studia
3086 2508 3189 2546 nox
3217 2492 3534 2560 interrupit,
3572 2507 3672 2546 nec

2081 2592 2218 2646 satis
2248 2606 2342 2658 per
2370 2603 2488 2642 eam
2528 2587 2745 2653 negotio
2788 2583 2948 2655 567
2975 2583 3136 2636 finem
3183 2584 3468 2653 imponere
3493 2582 3672 2646 licuit,

2081 2682 2450 2737 Barbarorum
2474 2678 2695 2747 quidam
2723 2678 3134 2730 circumeuntes
3159 2675 3534 2745 cymbalisque
3551 2676 3675 2744 qui-

2080 2775 2312 2831 busdam
2351 2778 2754 2841 perstrepentes
2777 2785 2841 2821 ac
2868 2769 3146 2823 ululantes
3175 2784 3300 2823 sese
3338 2766 3669 2824 inferebant.

2078 2867 2252 2923 donec
2276 2878 2467 2917 rursus
2483 2877 2641 2915 mane.
2659 2861 2959 2914 adveniens
2977 2862 3261 2915 molestam
3289 2861 3378 2922 iis,
3396 2861 3489 2929 qui
3508 2875 3567 2914 se
3584 2877 3675 2913 ne.-

391 2953 490 3019 τῆς
522 2951 680 3022 δίψης
727 2953 902 3022 φθορὰ
933 2953 1145 3016 πάντας
1175 2953 1494 3022 ἀνήλισκεν,
1600 2955 1693 3006 καὶ
1721 2954 1969 3023 σφοδρῶς

2082 2974 2140 3014 re
2161 2955 2457 3013 tradendus
2477 2958 2824 3013 verebantur,
2850 2956 3317 3020 exspectationem
3341 2969 3526 3007 secum
3544 2952 3675 3007 affe-

391 3047 707 3114 πιεζόμενοι
760 3045 1023 3115 ἐδεόμεθα
1070 3050 1183 3110 τοῖς
1239 3048 1460 3100 συνοῦσι
1515 3046 1619 3100 κᾶν
1674 3049 1786 3099 τῶν
1830 3049 1973 3119 διερ-

392 3141 642 3214 χομένων
673 3139 888 3192 ὑδάτων
911 3137 988 3206 τῷ
1014 3137 1166 3204 τόπῳ
1190 3138 1518 3205 μεταλαϐεῖν
1549 3139 1639 3192 καί
1665 3157 1808 3201 τινος
1839 3140 1972 3208 βρα-

390 3232 546 3304 χείας
570 3232 863 3304 μετασχεῖν
885 3232 1106 3300 ἀνοχῆς.
1132 3232 1193 3284 Ol
1216 3231 1272 3284 δὲ
1291 3232 1424 3300 πρὸς
1450 3232 1607 3284 τοῦτο
1636 3233 1886 3285 ἀνένευον
1902 3230 1969 3295 ⁸⁸,

388 3329 487 3397 οὐχ
509 3328 592 3381 ὅτι
621 3327 726 3378 τινὶ
757 3323 1074 3395 συμπαθείᾳ.
1107 3325 1235 3394 περὶ
1298 3327 1447 3394 ἡμᾶς
1491 3326 1793 3396 ἐκέχρηντο
1832 3327 1970 3396 (πῶς

392 3420 499 3487 γὰρ
527 3420 577 3471 οἱ
609 3419 727 3478 ταῖς
766 3418 1004 3484 σφαγαῖς
1033 3416 1410 3486 ἐντρυφῶντες
1442 3417 1536 3470 καὶ
1575 3415 1807 3472 θάνατον
1834 3421 1974 3471 απο-

388 3511 725 3576 πνέοντες),
762 3507 877 3562 ἀλλ’
915 3509 996 3561 ὅτι
1024 3509 1086 3560 τὸ
1140 3509 1282 3580 ῦδωρ
1312 3511 1488 3562 ἐκεῖνο
1520 3510 1620 3578 τῆς
1650 3511 1856 3574 πόλεως
1913 3512 1971 3563 ὃν

385 3603 608 3672 ἁπάσης
636 3601 749 3655 τῶν
773 3602 1016 3672 ὲφέδρων
1049 3603 1098 3632 ⁸⁸
1129 3601 1402 3675 ἀπόρροια
1436 3603 1620 3655 ἱκανὸν
1645 3596 1822 3674 ἦνκαὶ
1848 3604 1970 3673 δίχα

387 3696 571 3765 πάσης
597 3693 766 3763 ἄλλης
799 3693 1091 3764 ἐπιϐουλῆς
1147 3695 1273 3757 τοὺς
1303 3695 1635 3765 μετέχοντας
1680 3695 1962 3749 ἀπαλλάτ-

387 3803 524 3839 τειν.
561 3783 710 3854 Πλὴν
738 3784 814 3845 ὡς
864 3783 973 3836 ἀπὸ
1005 3785 1181 3854 χιόνος
1227 3783 1355 3851 ἄρτι
1389 3782 1642 3849 λυθείσης
1678 3783 1968 3853 εἱλικρινὲς

385 3877 483 3934 καὶ
533 3876 635 3947 ἡδὺ
694 3875 868 3945 πόμα,
898 3874 1042 3928 οὕτω
1077 3874 1200 3941 μεθ’
1235 3873 1431 3945 ἡδονῆς
1476 3873 1709 3937 ἕκαστος
1743 3873 1820 3943 τῷ
1849 3874 1970 3926 στό-

386 3985 518 4038 ματι
553 3968 651 4037 τὴν
682 3967 928 4036 σαπρίαν
959 3966 1176 4036 εκείνην
1207 3966 1539 4037 προσέφερε,
1592 3969 1688 4020 καὶ
1720 3966 1820 4038 τὴν
1875 3966 1970 4020 κύ-

381 4059 509 4114 λικα
560 4060 660 4128 τῆς
715 4059 980 4123 δυσωδίας
1043 4059 1261 4128 μέλιτος
1314 4056 1502 4131 πλήρη
1532 4061 1646 4123 τοῖς
1686 4059 1968 4128 λογισμοῖς

384 4150 794 4224 ὑπελάμϐανεν.

451 4415 550 4486 νη’.
571 4415 660 4471 Ἓν
687 4415 899 4482 τούτοις
935 4421 1096 4474 πάλιν
1114 4421 1387 4489 ἀπόφασις
1425 4419 1796 4493 ὶξ[εν]ήνεκτο
1814 4421 1966 4491 παρὰ

375 4512 473 4564 τοῦ
500 4515 791 4581 τυράννου,
822 4514 1156 4583 περιέχουσα
1182 4514 1358 4577 οὕτως
1386 4532 1397 4544 ι
1434 4534 1451 4567 ι
1489 4514 1553 4567 Et
1581 4532 1664 4578 τις
1695 4515 1808 4568 τῶν
1833 4515 1961 4568 συλ-

376 4606 693 4673 ληφθέντων
717 4608 978 4676 χρήματά
1004 4625 1104 4659 που
1133 4608 1569 4678 ταμιευσάμενος
1598 4607 1733 4677 ἔχει,
1757 4606 1964 4675 παρελ-

377 4701 488 4753 θὼν
521 4703 578 4752 ὲν
613 4701 760 4768 μέσῳ
793 4701 1004 4762 τούτοις
1061 4697 1367 4770 ὡνησάοθω
1411 4700 1510 4769 τὴν
1568 4699 1879 4770 σωτηρίαν·
1913 4698 1962 4752 εί

375 4791 434 4843 δέ
461 4808 544 4854 τις
584 4793 753 4860 μηδὲν
783 4791 920 4860 ἔχων
948 4792 1148 4861 λύτρον
1181 4793 1276 4858 τῆς
1311 4790 1444 4853 ίδίας
1468 4789 1614 4860 ζωῆς
1648 4789 1956 4860 φωραθείη,

373 4879 530 4946 οὗτος
559 4884 659 4952 τὴν
685 4883 931 4952 κεφαλὴν
959 4883 1192 4954 τμηθεὶς
1217 4883 1322 4936 τῶν
1343 4883 1562 4949 ζώντων
1579 4878 1904 4952 διαιρεθείη.
1937 4899 1956 4934 ι

378 4977 721 5046 "positam
754 4976 809 5030 δὲ
841 4976 1004 5030 τοῦτο
1051 4975 1200 5046 παρὰ
1239 4977 1347 5030 τῶν
1377 4976 1680 5044 Βαρϐάρων
1710 4974 1965 5043 ἀκηκοὼς

373 5067 449 5131 ὡς
491 5068 592 5122 οὐκ
615 5067 817 5128 ἅντινα
851 5068 935 5139 [Ρ.
962 5067 1089 5140 365]
1119 5068 1334 5139 φειδοῦς
1379 5068 1585 5139 ἠξίουν,
1606 5068 1694 5123 ὅτε
1723 5067 1842 5121 κατ’
1869 5069 1969 5141 ἀρ-

374 5161 474 5237 χὰς
502 5161 799 5230 είσή).ασαν
817 5164 874 5213 ὲν
894 5165 958 5230 τῇ
977 5161 1151 5225 πόλει,
1176 5164 1318 5232 είμή
1339 5177 1441 5216 που
1465 5163 1597 5232 παρ’
1621 5162 1800 5216 αὐτῶν
1827 5161 1970 5216 ἐκεί-

378 5272 483 5305 νων
518 5252 869 5306 ιϐεϐαιοὺντο
892 5251 1035 5324 ἔχειν
1061 5255 1260 5319 αὐτοὺς
1282 5259 1340 5309 ἐν
1359 5257 1696 5327 ἁποκρύφοις
1716 5257 1817 5328 χρή
1828 5257 1972 5325 ματα

375 5358 494 5402 τινα
521 5347 981 5415 πᾶσανδυνάμενα
1009 5337 1267 5417 ἔκιρυγεῑν
1288 5348 1760 5421 ’ίέρευναν.”υσοι
1783 5348 1846 5418 δὴ
1877 5344 1973 5403 οὖν

2083 3064 2211 3101 rens
2243 3046 2444 3100 illuxit.
2478 3043 2623 3098 Nihil
2651 3053 2831 3097 tamen
2865 3047 3049 3096 minus
3079 3059 3242 3112 quam
3283 3043 3498 3111 gladius
3538 3060 3671 3097 cutt-

2079 3151 2200 3195 ctos
2262 3139 2623 3193 consumebat
2684 3139 2775 3192 siti
2825 3145 3107 3192 contracta
3175 3138 3365 3204 labes;
3402 3153 3509 3206 qua
3567 3138 3670 3207 ipsi

2077 3233 2390 3287 immaniter
2426 3232 2637 3286 incensi
2682 3231 3018 3299 rogabamus
3060 3239 3284 3284 nostros
3324 3229 3587 3282 custodes
3615 3239 3675 3281 ut

2075 3329 2156 3381 vel
2188 3343 2250 3380 ex
2292 3327 2450 3394 aquis
2484 3324 2660 3377 locum
2695 3321 3210 3390 praeterlabentibus
3247 3319 3432 3376 bibere
3467 3321 3652 3375 liceret

2074 3431 2239 3487 atque
2281 3420 2413 3472 hinc
2457 3416 2560 3470 levi
2602 3418 2786 3484 aliquo
2833 3414 3033 3469 solatio
3084 3415 3234 3469 sitim
3296 3414 3498 3467 levare.
3555 3409 3662 3476 Qui

2073 3527 2337 3572 annuere,
2373 3524 2480 3563 non
2513 3509 2619 3561 ulla
2647 3525 2775 3576 erga
2816 3524 2916 3562 nos
2940 3508 3070 3561 moti
3096 3507 3476 3569 miseratione,
3506 3508 3670 3572 (quo-

2073 3604 2232 3658 modo
2289 3601 2436 3655 enim
2488 3604 2582 3670 qui
2637 3601 2878 3653 caedibus
2933 3599 3358 3652 oblectabantur
3410 3607 3463 3648 et
3504 3610 3669 3651 neces

2073 3697 2412 3766 spirabant?)
2430 3697 2523 3750 sed
2553 3695 2698 3764 quod
2730 3697 2849 3764 ipsa
2876 3696 2987 3747 haec
3011 3709 3172 3762 aqua,
3195 3708 3316 3762 quae
3343 3688 3666 3760 proﬂuvium

2069 3800 2216 3845 esset
2249 3789 2421 3842 totius
2451 3789 2607 3841 urbis
2644 3788 2979 3846 cloacarum,
3018 3800 3126 3838 una
3165 3800 3194 3837 a
3226 3800 3286 3838 se
3309 3784 3518 3853 absque
3555 3782 3668 3833 ullo

2071 3879 2179 3932 alio
2216 3878 2453 3931 adntisto
2501 3891 2710 3930 veneno
2753 3875 3072 3929 bibentibus
3137 3873 3422 3926 interitum
3470 3869 3667 3926 aﬂ'erre

2073 3984 2282 4044 posset.
2324 3969 2556 4024 Perinde
2594 3980 2775 4021 tamen
2819 3982 2883 4020 ac
2921 3968 2967 4021 si
3000 3983 3030 4021 e
3068 3967 3190 4020 nive
3233 3965 3347 4036 jam
3395 3963 3664 4020 dissoluta

2071 4081 2243 4132 purus
2279 4079 2342 4116 ae
2377 4062 2562 4115 dulcis
2596 4067 2760 4130 potus
2787 4066 2954 4123 esset,
2994 4059 3324 4113 suavissime
3369 4057 3664 4126 unusquis-

2069 4175 2177 4228 que
2217 4166 2472 4212 nostrum
2510 4168 2819 4207 martzoretn
2867 4153 3020 4205 illum
3048 4152 3131 4204 ori
3166 4151 3513 4214 admovebat,
3539 4166 3665 4216 gra-

2079 4251 2411 4318 veoleusque
2473 4245 2605 4298 illud
2665 4243 2920 4314 poculum
2983 4242 3144 4299 melle
3207 4243 3426 4312 plenum
3482 4241 3666 4294 animo

2077 4339 2413 4394 mSIitnabat.

2142 4431 2230 4487 58.
2266 4429 2489 4483 Interim
2523 4427 2806 4481 decretum
2847 4441 3043 4480 rursus
3071 4441 3099 4479 a
3131 4434 3365 4496 tyranno
3390 4425 3662 4497 profertur

2067 4523 2120 4576 in
2157 4523 2297 4575 hanc
2325 4519 2652 4576 sententiam
2687 4534 2701 4569 :
2744 4535 2761 4567 ι
2793 4515 3056 4585 Quisquis
3080 4533 3145 4572 ex
3191 4520 3370 4585 captis
3395 4518 3664 4586 pecunias

2067 4616 2342 4684 repositas
2401 4611 2649 4672 haberet,
2694 4602 2752 4663 in
2803 4611 3042 4665 medium
3089 4607 3392 4678 procedens
3427 4610 3662 4663 salutent

2066 4709 2174 4761 illis
2229 4706 2540 4760 redimeret.
2574 4702 2677 4768 Qui
2714 4715 2845 4756 vero
2894 4701 3103 4754 ttttllttm
3137 4701 3261 4755 vita!
3307 4716 3422 4755 suae
3448 4699 3660 4756 redem-

2065 4799 2270 4870 ptionis
2304 4796 2537 4867 pretium
2571 4791 2775 4848 habere
2800 4793 3179 4862 deprehensus
3210 4801 3381 4855 esset,
3410 4792 3495 4846 ltic
3518 4807 3660 4845 cmsu

2068 4892 2247 4960 capite
2304 4903 2334 4944 e
2364 4884 2663 4940 Viventium
2698 4883 2824 4937 albo
2864 4883 3140 4938 excideret
3173 4903 3181 4911 -
3241 4900 3258 4932 ι
3297 4882 3350 4935 ld
3396 4894 3528 4934 vero
3559 4882 3658 4934 int-

2068 4982 2316 5054 perabat,
2350 4992 2475 5033 cum
2509 4975 2753 5028 audisset
2781 4990 2809 5026 a
2851 4972 3110 5028 Barbaris
3147 4988 3228 5036 se,
3259 4987 3384 5026 cum
3419 4974 3660 5042 primum

2075 5077 2127 5128 in
2167 5073 2352 5125 urbem
2389 5069 2728 5138 iugruercut,
2761 5065 2966 5119 nemini
3015 5064 3350 5133 pepercisse,
3401 5063 3505 5115 nisi
3543 5061 3656 5115 illis

2077 5168 2343 5221 duntaxat
2399 5161 2490 5230 qui
2545 5161 2648 5228 ipsi
2699 5158 2897 5211 habere
2919 5154 3083 5228 568
3112 5172 3171 5212 se
3219 5154 3480 5226 pecunias
3529 5153 3654 5210 abs-

2080 5257 2367 5316 conditus,
2431 5251 2562 5305 nulli
2625 5249 2896 5304 obnoxias
2963 5249 3234 5319 indagini,
3304 5247 3650 5302 allirmasset.

2079 5349 2361 5418 Quotquot
2393 5344 2554 5415 igitur
2585 5344 2727 5396 inter
2757 5341 3003 5411 captivos
3031 5356 3220 5395 eorum
3266 5355 3386 5411 qua:
3415 5339 3649 5393 abscon-

1714 5467 1949 5524 VARIIE
1992 5461 2401 5523 LECTIONES.

447 5555 490 5636 ’ξ
532 5557 588 5608 ὲν
622 5570 735 5636 0m_.
767 5563 829 5636 ᾼ.
907 5563 953 5594 ⁸⁸
986 5563 1043 5634 ἡ]
1079 5565 1152 5628 ὡς
1189 5567 1309 5635 ἠΑ,
1340 5566 1548 5622 omisso
1588 5581 1708 5623 mox
1745 5565 1940 5636 φθορὰ.
2020 5565 2062 5596 ⁸⁵
2085 5559 2417 5616 κατένευονί
2469 5555 2613 5631 quod
2670 5561 2772 5617 est,
2818 5569 2871 5622 p.
2904 5550 3006 5607 579
3032 5549 3160 5605 ima.

381 5625 422 5655 "
464 5626 746 5695 διαφυγεῖν
783 5632 841 5681 Α.

3264 5551 3308 5582 ’θ
3353 5549 3605 5620 ἀφέδρων
3625 5549 3650 5602 ξ’
