4140 6042
445 283 546 348 617

1515 283 1611 344 DE
1655 283 1966 344 EXCIDIO
1996 284 2434 348 'I‘HESSALON
2447 287 2600 348 ICE.

3591 283 3696 347 618

514 397 622 463 ξςό
653 397 791 470 Ἤδη
821 397 879 451 δὲ
902 397 946 430 "
972 396 1066 451 τοῦ
1086 397 1261 462 πλοὸς
1292 368 1554 468 ἄρχεσθαι
1589 398 1840 468 μέλλουσι
1864 398 2018 470 στρέ-

2196 399 2360 472 578
2397 401 2487 457 66.
2519 401 2659 457 Dum
2690 414 2824 457 vero
2858 401 2970 472 jam
3027 399 3430 472 navigationem
3480 415 3695 473 parant,

445 489 577 550 δλας
610 489 762 552 τινὰς
789 487 875 561 [Ρ.
907 487 1033 561 57η
1065 492 1178 552 τοῖς
1205 490 1331 541 ποσὶ
1361 491 1526 542 πᾶσιν
1556 491 1688 559 ήμῖν
1740 489 2020 554 ἐπιθέντες

439 581 489 632 oi
517 578 814 650 Βάρσαροι,
840 578 1013 642 οὕτως
1047 581 1168 632 καθ’
1192 580 1286 632 ἕνα
1309 582 1427 642 ταῖς
1454 581 1642 633 ναυσὶν
1663 579 1851 652 ὥσπερ
1885 582 2022 650 ἄψυ-

440 671 534 739 χὸν
561 687 680 724 τινα
701 671 1078 725 διεποίόασαν
1111 671 1264 739 ὓλην,
1300 672 1375 742 μὴ
1410 672 1700 736 ἐνδιδόντες
1730 674 1833 727 κᾶν
1869 672 2019 726 ἐλεύσ-

441 762 600 831 θερον
627 764 886 818 ἀναπνεῖν
936 764 1028 816 τὸν
1059 764 1217 834 ἀέρα,
1276 763 1413 818 ἀλλὰ
1447 767 1548 818 καὶ·
1580 764 1769 818 τοῦτον
1797 769 1862 836 τῇ
1893 782 2020 818 συν-

441 858 596 926 εχείᾳ
623 855 717 909 τοῦ
748 856 990 926 πνιγμοῦ
1029 858 1510 928 συναπείργοντες.
1542 859 1698 912 Οὕτω
1728 861 1836 930 γὰρ
1871 861 2033 930 ἡμᾶς

440 947 500 998 ὲν
532 947 780 1018 ἀλλήλοις
812 948 1155 1017 ὲπισυνῆψαν
1183 948 1259 1012 ὡς
1289 949 1348 1002 ἒν
1393 949 1765 1002 ἀδιάσπαστον
1787 949 2019 1020 ὁρᾶσθαι

442 1035 601 1108 σῶμα
629 1039 726 1109 τὴν
756 1038 968 1108 πληθὺν
1007 1041 1249 1104 ἃπασαν,
1285 1041 1408 1111 μηδ’
1434 1041 1570 1104 ὅλως
1596 1043 1950 1112 διισταμένην
1981 1045 2015 1116 ἢ

437 1131 866 1203 ἁπερῥηγμένην
889 1132 988 1200 τῆς
1015 1131 1270 1202 συνεχοῦς
1303 1134 1523 1202 ἐκείνης
1546 1133 1840 1202 πιλήσεως.
1877 1134 2016 1186 Ἀλλ’

439 1223 624 1296 έπειδὴ
647 1225 788 1278 κατά
817 1224 968 1277 δύσιν
992 1227 1020 1277 ὁ
1045 1225 1196 1294 ἥλιος
1231 1220 1300 1295 ἦν
1333 1227 1430 1278 καὶ
1465 1225 1605 1295 πρὸς
1631 1226 1724 1278 τὸν
1767 1242 2017 1296 νυκτερι-

435 1315 525 1367 νὸν
555 1315 754 1384 γνόφον
786 1315 948 1386 ἔληγε
989 1312 1050 1368 τὸ
1099 1315 1216 1385 φῶς
1243 1315 1344 1382 τῆς
1392 1316 1631 1387 ἡμέρας,
1664 1315 1933 1368 ἐπινίκιόν
1961 1333 2016 1367 τι

436 1407 596 1478 μέλος
619 1410 734 1471 τοῖς
750 1424 808 1460 τε
841 1407 1139 1477 κυμϐάλοις
1163 1407 1255 1460 καὶ
1277 1409 1581 1478 τυμπάνοις
1602 1407 2018 1477 ἀποκρουσάμε-

433 1513 534 1563 νοι,
567 1499 662 1553 καὶ
694 1497 783 1552 τὸν
808 1499 952 1571 ὑπὲρ
982 1499 1225 1568 κεφαλὰς
1263 1500 1308 1531 ⁸⁸
1341 1501 1478 1568 άέρα
1509 1503 1632 1565 ταῖς
1676 1502 1766 1556 διὰ
1807 1501 1916 1555 τῶν
1939 1501 2016 1567 ξι-

432 1589 550 1660 φῶν
579 1590 821 1662 ῥιπίσεσι
853 1589 1385 1661 περιαστράψαντες,
1413 1589 1587 1653 οὕτως
1624 1592 1765 1660 μετὰ
1792 1590 2018 1658 βαθεῖαν

432 1684 673 1755 έσπέραν
722 1683 938 1754 ἄσημόν
968 1699 1091 1736 τινα
1144 1683 1239 1735 καὶ
1303 1684 1514 1753 τραχὺν
1557 1681 1874 1752 ἀλαλαγμὸν
1908 1683 2011 1735 έπ-

429 1777 663 1848 αφέντες
683 1778 779 1832 καὶ
793 1778 893 1841 τὰς
904 1776 1153 1848 ἀγκύρας
1175 1777 1286 1831 τῶν
1313 1775 1459 1846 νηῶν
1476 1776 1894 1840 ἀνασπάσαντες
1914 1776 2014 1847 τῆς

429 1871 533 1941 γῆς
564 1868 986 1941 ἀπεδίδρασκον.
1014 1867 1124 1926 Ἦν
1148 1870 1204 1924 δὲ
1230 1871 1450 1940 ᾂκούειν
1470 1870 1620 1934 ὅπως
1640 1870 1816 1941 ήσυχῆ
1850 1872 2014 1942 μόνον

427 1965 489 2018 τὺ
521 1961 727 2031 πλῆθος
756 1960 1225 2031 κατεστενάζομεν
1258 1961 1361 2033 τῆς
1409 1959 1687 2031 πατρίδος,
1725 1962 1822 2016 καί
1841 1961 1945 2015 πού
1969 1962 2013 1995 ιο

428 2071 549 2111 τινα
573 2055 713 2126 πρὸς
742 2053 833 2107 τδν
878 2053 1012 2108 Θεὸν
1040 2056 1098 2106 έν
1121 2053 1200 2124 τῷ
1219 2053 1420 2121 ἀφανεῖ
1451 2052 1550 2122 τῆς
1573 2052 1754 2124 ψυχῆς
1782 2053 2016 2117 ἕκαστος

433 2146 589 2218 ἡμῶν
617 2147 771 2216 ἡφίει
801 2147 1006 2218 φωνὴν,
1032 2148 1179 2210 ὅσοις
1226 2146 1292 2200 ἂν
1321 2143 1483 2208 αὐτὸς
1516 2144 1760 2214 βούλοιτο
1795 2146 2017 2199 παιδευ-

429 2243 600 2306 τικοῖς
627 2244 953 2312 πειρασμοῖς
981 2241 1353 2312 ὁμιλήσαντας
1376 2239 1470 2292 καὶ
1494 2237 1657 2292 πάλιν
1679 2236 2016 2308 ἀποδοθῆναι

431 2339 498 2407 τῇ
540 2333 890 2408 θρεψαμένῃ,
948 2335 1044 2388 καὶ
1091 2334 1168 2405 μὴ
1220 2334 1301 2396 εἰς
1350 2331 1505 2396 τέλος
1557 2330 2018 2400 ἐγκαταλειφθέν-

429 2442 524 2488 τας
552 2424 876 2480 ἀνέλπιστον
906 2423 1054 2496 ἔχειν
1106 2423 1207 2494 τήν
1239 2424 1304 2476 ὲκ
1348 2422 1457 2476 τῶν
1486 2420 1806 2475 λυπούντων
1835 2421 2015 2474 ἁπαλ-

433 2517 626 2587 λαγήν.

503 2606 600 2672 ξε.
643 2607 730 2670 Ὠς
758 2605 816 2659 δὲ
847 2603 941 2659 τοῦ
986 2604 1137 2658 πλεῖν
1169 2604 1273 2677 ήδη
1305 2603 1439 2673 πρὸς
1473 2602 1670 2674 ὄρθρον
1707 2601 1877 2672 οῦσης
1918 2601 2017 2672 τῆς

437 2700 624 2763 νυκτὸς
652 2698 1044 2770 ἁπηρξάμεθα,
1063 2691 1179 2769 εἶχε
1209 2698 1308 2768 μὲν
1329 2698 1476 2768 ἡμᾶς
1501 2697 1596 2751 καὶ
1619 2695 1796 2750 ἄλλων
1823 2695 2020 2766 δυσχε-

444 2792 545 2862 ρῶν
567 2793 782 2862 ἀνάγκη
812 2789 1049 2854 πολλῶν,
1078 2787 1176 2841 τοῦ
1203 2787 1386 2858 λιμοῦ,
1417 2787 1515 2857 τῆς
1544 2786 1726 2857 δίψης,
1753 2785 1851 2851 τῆς
1886 2799 2018 2836 συνα

439 2887 613 2959 εχείας
643 2887 673 2938 ό
701 2882 1077 2951 ύπωπιασμδς
1103 2882 1222 2953 (καὶ
1249 2880 1357 2954 γὰρ
1385 2879 1528 2933 κατὰ
1564 2880 1739 2951 μόνην
1759 2878 1859 2950 τὴν
1885 2877 2018 2933 ναῦν

435 2974 560 3029 ἕνθα
592 2970 738 3046 ἦμεν
792 2976 956 3045 ἡμεῖς
1008 2972 1349 3027 ὀκτακοσίων
1400 2969 1766 3040 αἰχμαλώτων
1830 2967 2019 3038 ψυχῶν

434 3067 667 3139 ἀριθμὸς
689 3061 780 3136 ἦν,
816 3066 940 3136 δίχα
961 3065 1072 3118 τῶν
1109 3067 1166 3117 ἐν
1198 3064 1336 3134 αὐτῇ
1373 3062 1696 3134 Βαρϐάρων,
1728 3061 2018 3114 διακοσίων

433 3158 529 3212 καὶ
556 3157 736 3212 αὐτῶν
760 3155 981 3224 ὄντων),
1035 3155 1174 3226 πρὸς
1205 3155 1414 3218 τούτοις
1445 3154 1504 3208 δὲ
1537 3156 1629 3207 καὶ
1676 3151 1786 3207 τῶν
1817 3155 2015 3224 κομιδῇ

431 3252 644 3321 νηπίων
689 3253 722 3322 ή
760 3250 970 3321 ἐλεεινὴ
1005 3249 1104 3320 βοή
1139 3248 1408 3319 μηδαμῶς
1461 3247 1777 3317 δυναμένων
1831 3248 2020 3319 φέρειν

430 3344 544 3399 τῶν
584 3343 876 3416 μοχθηρῶν
925 3343 1029 3416 τὴν
1066 3342 1340 3399 ἐπίτασιν.
1377 3340 1491 3394 ἄλλ’
1523 3341 1676 3395 οὐδὲν
1705 3342 1739 3412 ἢ
1770 3342 1818 3374 ’⁸
1847 3342 2019 3396 θάνα-

434 3455 527 3491 τον
553 3439 735 3500 αὐτοῖς
758 3436 1191 3490 ὲπισπεύδουσαν
1220 3436 1420 3505 ἄωρον.
1447 3433 1627 3488 Πλείω
1657 3434 1716 3488 δὲ
1739 3434 1958 3489 πάντων
1983 3434 2020 3502 ή

435 3531 579 3585 κατὰ
609 3531 710 3602 τήν
722 3530 765 3562 ⁸⁸
780 3529 1023 3598 γαστέρα
1053 3527 1236 3600 χρεία,
1264 3524 1332 3599 ἧς
1360 3529 1462 3582 οὐκ
1480 3524 1553 3596 ἦν
1577 3527 1852 3600 μηδεμίαν
1885 3525 2018 3597 μέθ-

428 3623 550 3677 οδον
577 3624 849 3694 έφευρεῖν,
878 3621 978 3689 τῆς
1007 3619 1243 3690 φυσικῆς
1298 3620 1545 3690 ἀνάγκης
1583 3620 2019 3689 κατεπειγούσης

432 3713 569 3785 πρὸς
616 3713 719 3784 τὴν
753 3712 1020 3776 διέξοδον·
1069 3711 1169 3783 τὴν
1199 3711 1309 3782 γὰρ
1342 3710 1478 3766 αίδὼ
1537 3709 1635 3764 τοῦ
1690 3712 2018 3782 πράγματος

433 3805 622 3858 πολλοὶ
653 3805 1031 3875 προτιμῶντες
1066 3804 1162 3857 καὶ
1184 3805 1474 3874 καρτερεῖν
1497 3803 1597 3874 τὴν
1631 3801 1752 3874 βίαν
1787 3803 1864 3874 μή
1890 3802 2017 3855 σθέ-

434 3913 616 3960 νοντες
650 3897 860 3968 συχνῶς
915 3896 1295 3951 ἐκινδύνευσαν
1327 3899 1394 3950 ’⁸.
1457 3895 1604 3966 Πλὴν
1656 3895 1755 3966 τῆς
1803 3897 2019 3966 ἡμέρας

434 3987 746 4059 ἀρχομένης
779 3987 872 4040 τὸν
897 3987 1121 4055 ἀγκῶνα
1165 3985 1659 4059 παραπλεύσαντες
1688 3984 1782 4038 τοῦ
1819 3985 2016 4056 ῥηθέν-

435 4095 525 4143 τος
559 4078 606 4110 ⁸³
653 4076 934 4141 Ἑκδόλου,
983 4076 1303 4148 ἀνήχθημεν
1333 4080 1460 4148 περὶ
1483 4077 1663 4149 δείλην
1691 4077 1914 4148 βαθεῖαν
1940 4078 2017 4140 εἷς

435 4187 556 4223 τινα
588 4169 754 4223 τόπον
793 4169 994 4222 Βολϐὸν
1049 4169 1408 4240 καλούμενον,
1448 4169 1577 4224 ἔνθα
1633 4172 1775 4234 τινὲς
1834 4173 2016 4235 ἱππεῖς

437 4263 715 4332 έφὰνησαν
744 4261 853 4314 ἀπὸ
883 4261 981 4331 τῆς
1012 4261 1117 4331 γῆς
1154 4261 1439 4332 ἐρχόμενοι
1470 4262 1608 4334 πρὸς
1638 4263 1807 4332 ἡμᾶς.
1856 4258 2018 4317 Οὗτοι

437 4349 657 4424 δὶῆσαν
688 4353 740 4407 οί
775 4353 872 4406 καὶ
903 4353 1096 4424 πρώην
1141 4354 1202 4406 ὲν
1243 4357 1312 4423 τῇ
1354 4353 1510 4407 πόλει
1554 4355 2013 4424 παραγενόμενοι,

2045 3108 2089 3166 C

2102 3451 2274 3521 .mors
2332 3437 2628 3492 immatura
2701 3433 2771 3488 iis

2126 493 2286 549 tortis
2313 493 2644 563 quibusdam
2675 509 2740 549 ac
2765 493 2957 548 cuneis
2980 501 3230 547 nostrum
3260 494 3506 548 omnium
3537 494 3693 565 pedi-

2124 587 2228 639 bus
2261 585 2553 655 impositis,
2582 587 2662 641 sic
2692 602 2860 641 unum
2891 593 3016 656 post
3063 585 3232 640 alium
3261 587 3412 642 velut
3457 588 3700 644 inanimo

2123 677 2396 747 quoddam
2426 678 2639 748 pondus
2687 677 2909 733 Barbari
2949 680 3183 734 navibus
3213 681 3548 750 constipant,
3597 696 3703 738 nec

2123 770 2208 826 vel
2259 770 2437 826 libero
2484 786 2610 826 aere
2653 773 2931 843 respirare
2975 771 3363 838 concedentes,
3398 773 3494 829 sed
3553 774 3701 828 hunc

2121 877 2343 932 quoque
2367 864 2630 918 continua
2669 862 3032 920 suﬂ'ocatione
3063 864 3372 921 trudentes.
3420 863 3510 922 Sic
3552 867 3698 922 enim

2121 955 2258 1008 alios
2291 956 2415 1009 aliis
2463 956 2863 1023 astrinxerunt,
2890 965 2952 1012 ut
2982 957 3166 1012 omnis
3201 957 3500 1012 multitudo
3530 974 3701 1013 unum

2121 1046 2457 1101 indivulsum
2489 1048 3062 1117 corpus-videremur,
3101 1050 3252 1105 nulla
3278 1065 3510 1120 prorsus
3540 1066 3700 1120 sepa-

2121 1141 2337 1192 ratione
2389 1137 2729 1207 disjunctum
2765 1151 2863 1195 aut
2891 1156 2922 1194 a
2969 1141 3230 1196 continua
3283 1140 3381 1194 illa
3427 1141 3704 1211 constipa.

2121 1230 2270 1284 tione
2307 1230 2622 1300 abruptum.
2659 1231 2798 1298 Quia
2845 1245 2980 1287 vero
3015 1231 3149 1286 solis
3173 1232 3286 1304 jam
3336 1246 3536 1286 occasu
3587 1230 3700 1286 diei

2119 1322 2214 1377 lux
2245 1324 2300 1376 in
2347 1323 2528 1378 noctis
2557 1324 2814 1380 tenebras
2857 1340 2921 1380 ac
2951 1324 3242 1395 caliginem
3283 1325 3419 1389 ibat,
3454 1324 3703 1379 victoria:

2119 1413 2292 1469 melos
2326 1414 2606 1485 quoddam
2630 1430 2759 1470 cum
2787 1416 3054 1486 cymbalis
3077 1424 3244 1485 atque
3272 1419 3548 1487 tympanis
3569 1417 3698 1488 pul~

2118 1515 2325 1572 sentes,
2379 1521 2678 1577 acremque
2725 1508 3002 1578 capitibus
3054 1508 3288 1563 aﬂ‘usum
3335 1509 3554 1566 ensium
3589 1509 3702 1566 cir-

2118 1597 2514 1654 cumductibus
2542 1599 2950 1669 collustrantes,
2979 1602 3064 1656 sic
3096 1601 3164 1656 ad
3194 1602 3422 1656 multam
3482 1611 3703 1658 noctem

2120 1689 2406 1747 incondito
2430 1691 2819 1763 horrendaque
2852 1694 3063 1749 ululatu
3101 1695 3370 1765 producto
3410 1704 3576 1766 atque
3600 1711 3698 1752 an-

2120 1781 2269 1837 coris
2296 1782 2535 1839 navibus
2562 1783 2771 1839 avulsis
2799 1799 2831 1840 e
2862 1793 3008 1839 terra
3035 1784 3420 1856 profugerunt.
3444 1788 3703 1844 Audisses

2120 1872 2539 1930 multitudinem
2570 1875 2772 1945 partim
2802 1875 2970 1931 tacite
3021 1876 3201 1936 solum
3226 1879 3463 1947 patriam
3495 1879 3701 1949 gemitu

2121 1965 2434 2036 deplorare,
2463 1968 2662 2036 partim
2693 1975 2946 2024 nostrum
2981 1967 3287 2040 quemlibet
3319 1971 3375 2031 in
3398 1972 3581 2026 cordis
3613 1986 3705 2028 oc-

2121 2057 2276 2112 culto
2312 2058 2478 2114 missa
2518 2057 2589 2113 ad
2625 2059 2801 2115 Deum
2831 2074 2969 2115 voce
3018 2060 3354 2131 supplicare,
3401 2070 3462 2116 ut
3495 2061 3701 2133 quibus

2123 2148 2228 2218 ipsi
2253 2149 2472 2215 liberet,
2486 2149 2648 2204 malis
2669 2150 2968 2205 salubriter
2987 2153 3285 2223 castigatos
3306 2152 3489 2210 denuo
3512 2153 3707 2222 patrias

2125 2240 2402 2306 redderet,
2435 2257 2616 2312 neque
2642 2242 2699 2296 in
2735 2241 2900 2298 linem
2938 2241 3204 2299 deserens
3247 2245 3398 2300 nulla
3427 2259 3526 2315 spe
3565 2245 3705 2301 libe—

2124 2331 2356 2388 rationis
2379 2332 2435 2388 in
2466 2333 2576 2389 illis
2600 2335 2809 2390 versari
2841 2335 2896 2389 in
2924 2345 3255 2410 perpetuum
3286 2337 3511 2393 sineret.

2194 2605 2281 2662 67.
2325 2605 2397 2662 Ut
2449 2607 2561 2679 jam
2616 2611 2802 2660 autem
2848 2602 3096 2658 diluculo
3142 2604 3500 2674 discussaque
3544 2615 3704 2660 nocte

2127 2701 2383 2772 navigare
2435 2698 2742 2771 coepimus,
2783 2707 2899 2754 tum
2961 2698 3065 2753 alia
3118 2712 3220 2754 nos
3277 2713 3498 2768 quoque
3543 2700 3705 2768 plura

2125 2792 2268 2855 mala
2323 2791 2715 2857 conﬁciebant,
2767 2789 2950 2856 famis.
3006 2789 3149 2854 sitis,
3204 2790 3322 2860 ipsa
3364 2793 3706 2860 compresslo

2125 2901 2303 2956 exque
2336 2901 2400 2941 ea
2431 2885 2712 2957 sugillatio
2752 2885 2834 2955 (in
2870 2899 2980 2940 una
3021 2883 3170 2937 enim
3212 2883 3302 2938 illa
3323 2886 3474 2948 navi,
3507 2883 3564 2938 in
3597 2900 3708 2956 qua

2125 2990 2228 3031 nos
2262 2975 2640 3039 vehebamur,
2678 2973 2842 3048 579
2895 2973 2962 3029 ad
3002 2974 3316 3046 octingenta
3362 2973 3706 3045 captivorum

2124 3068 2307 3138 capita
2339 3066 2734 3131 censebantur,
2756 3074 2960 3140 praeter
2977 3065 3272 3122 Barbaros.
3303 3065 3398 3140 qui
3430 3067 3533 3136 ipsi
3557 3067 3612 3120 in
3643 3083 3706 3122 ea

2122 3159 2350 3216 ducenti
2392 3160 2598 3233 erant),
2638 3170 2759 3215 tum
2809 3170 3076 3233 praeterea
3113 3157 3518 3214 infantulorum
3539 3174 3705 3215 voces

2121 3261 2288 3322 atque
2349 3250 2640 3318 clamores,
2695 3249 2845 3305 nulla
2890 3248 3106 3304 ratione
3143 3248 3253 3303 vim
3290 3255 3494 3303 tantam
3535 3249 3708 3303 malm

2123 3360 2248 3399 rum
2278 3342 2422 3400 ferre
2454 3342 2784 3408 valentium,
2833 3357 2896 3396 ac
2925 3341 3132 3412 quibus
3163 3339 3314 3395 aliud
3363 3339 3502 3395 nihil
3537 3357 3706 3412 quam

2837 3432 3210 3489 eelerabatur.
3279 3432 3390 3488 Sed
3452 3433 3704 3488 omnium

2123 3529 2360 3586 maxime
2404 3526 2675 3587 enecabat
2720 3525 2829 3580 alvi
2879 3523 3169 3590 resolutio,
3220 3524 3312 3583 cui
3361 3539 3498 3579 sane
3549 3525 3706 3580 nullo

2122 3622 2374 3681 remedio
2420 3621 2641 3677 occurri
2673 3627 2915 3691 poterat,
2966 3616 3206 3672 naturali
3256 3619 3585 3682 necessitate
3613 3635 3702 3674 re-

2122 3719 2405 3769 crementa
2445 3711 2594 3766 foras
2618 3709 2950 3780 expellente.
3003 3707 3167 3763 Multi
3206 3723 3446 3777 namque
3474 3708 3554 3764 rei
3585 3707 3706 3778 ipsa

2122 3805 2456 3864 necessitate
2484 3803 2751 3873 pudorem
2780 3801 2954 3872 pluris
2983 3799 3269 3864 facientes,
3297 3815 3402 3855 nec
3433 3801 3544 3856 vim
3574 3803 3705 3858 tole-

2123 3910 2247 3950 rare
2274 3895 2543 3956 valentes,
2574 3891 2720 3948 haud
2751 3904 2877 3946 raro
2912 3891 2968 3944 in
3008 3891 3305 3945 discrimen
3352 3889 3704 3948 adduceban-

2124 3995 2230 4041 tnr.
2293 3985 2562 4042 Caeterum
2612 3983 2760 4038 clara
2812 3984 2922 4053 jam
2976 3983 3098 4037 luce
3160 3982 3448 4036 memorati
3506 3982 3699 4037 Ecboli

2123 4081 2244 4135 sinu
2275 4078 2752 4150 prasternavigato,
2795 4085 2852 4130 et
2895 4076 2950 4129 in
2993 4089 3179 4130 serum
3210 4089 3499 4144 vesperum
3532 4074 3700 4130 decli-

2122 4182 2288 4227 nante
2333 4173 2445 4242 jam
2478 4170 2590 4235 die,
2623 4168 2854 4223 Boibum
2889 4182 3050 4236 quem
3083 4175 3282 4221 vocant
3307 4168 3699 4238 pervenimus;

2123 4279 2232 4334 quo
2272 4264 2397 4318 loco
2449 4259 2704 4315 nonnulli
2766 4261 2981 4329 equites
3054 4257 3121 4311 ad
3181 4272 3283 4312 nos
3345 4267 3705 4315 accesserunt

2122 4343 2301 4424 (erant
2342 4353 2400 4409 bi
2443 4360 2537 4423 qui
2568 4364 2624 4407 et
2662 4361 2824 4407 antea
2861 4353 2916 4404 in
2955 4351 3151 4404 urbem
3188 4351 3481 4417 venerant)
3521 4358 3704 4405 certas

439 4447 608 4517 ρητάς
657 4462 810 4506 τινας
841 4447 1106 4514 γυναῖκας
1153 4445 1470 4514 ὠνήσασθαι
1528 4445 1791 4512 θέλοντες,
1838 4445 1902 4510 ἃς
1949 4447 2014 4500 τὸ

2121 4446 2382 4518 quasdam
2414 4453 2693 4499 matronas
2723 4441 3061 4512 redempturi
3086 4459 3101 4502 ;
3138 4455 3275 4510 quas
3295 4439 3518 4495 Barbari
3546 4448 3697 4494 actu.

437 4539 602 4606 τάχος
628 4539 677 4590 oi
699 4537 978 4608 Βάρδαροι
1004 4538 1113 4590 τῶν
1156 4537 1303 4606 νηῶν
1332 4537 1706 4606 ἐξενεγκόντες
1737 4539 2016 4604 ἀπέδοντο,

440 4631 576 4684 πολῦ
609 4631 832 4700 χρυσίον
870 4631 1014 4702 ὑπὲρ
1047 4631 1094 4664 ’δ
1120 4629 1303 4685 αὐτῶν
1349 4625 1732 4701 κομισάμενοι.
1781 4631 2021 4685 Ἐκεῖθεν

437 4721 496 4776 δὲ
534 4722 702 4776 πάλιν
747 4722 1078 4792 ἀναχθέντες
1138 4722 1457 4793 κατήραμεν
1497 4724 1626 4792 περὶ
1662 4723 1734 4776 τὰ
1762 4723 1890 4792 τέλη
1919 4723 2022 4793 τῆς

440 4812 607 4882 νήσου
663 4812 764 4881 τῆς
815 4811 1163 4882 καλουμένης
1220 4811 1541 4883 Παλλήνης·
1580 4815 1675 4866 καί
1707 4829 1760 4864 τι
1821 4813 2020 4884 μικρὸν

440 4903 620 4957 tutos
671 4901 1179 4974 καθησυχάσαντες,
1233 4903 1329 4957 τοῦ
1361 4903 1673 4975 πνεύματος
1709 4904 2019 4974 ἐπιτηδείου

440 4993 780 5065 ὑπάρχοντος
805 4995 902 5048 καὶ
931 4989 1091 5058 αὖθις
1117 4995 1254 5065 πρὸς
1290 4996 1535 5065 ἑσπέραν
1563 4994 1922 5066 ἑσπάσθησαν
1952 4995 2025 5049 τὰ

445 5087 610 5152 ἱστία,
644 5086 682 5142 ἃ.
710 5087 804 5141 καὶ
829 5086 1242 5158 διαπρησθέντα
1277 5091 1344 5160 τῇ
1372 5087 1710 5160 σφοδροτάτῃ
1748 5088 1901 5160 ῥύμῃ
1925 5087 2021 5141 τοῦ

443 5179 752 5250 πνεύματος
779 5175 935 5251 ἦγον·
959 5181 1109 5250 ἡμᾶς
1139 5179 1480 5250 φερομένους
1517 5180 1606 5251 [Ρ.
1631 5179 1762 5252 372]
1801 5179 2017 5249 βιαίως,

2122 4548 2238 4592 tum
2292 4536 2532 4592 navibus
2581 4535 2834 4598 eductas,
2890 4533 3098 4603 ingenti
3129 4531 3251 4585 auri
3282 4532 3335 4584 vi
3373 4545 3476 4601 pro
3499 4530 3581 4585 eis
3603 4546 3693 4584 ac-

2119 4638 2298 4700 cepta,
2331 4627 2677 4684 dediderunt.
2734 4625 2866 4680 Inde
2898 4639 3030 4679 vero
3062 4639 3257 4678 rursus
3301 4613 3486 4678 educti
3523 4621 3700 4676 Palle-

2119 4738 2218 4777 nes
2249 4721 2441 4775 insulaa
2469 4720 2732 4774 extremis
2771 4718 3068 4778 hmsimus;
3101 4715 3344 4785 dumque
3387 4714 3464 4769 ibi
3507 4714 3703 4787 paulu.

2119 4811 2234 4865 lum
2261 4808 2639 4872 immoramur,
2676 4803 2924 4860 secundo
2951 4815 3117 4858 vento
3143 4798 3307 4858 ﬂante
3339 4801 3407 4858 ad
3433 4803 3697 4858 occiden-

2121 4910 2232 4959 tem
2280 4915 2477 4955 rursus
2529 4899 2653 4956 vela
2708 4898 2945 4967 impulsa
2996 4903 3152 4960 sunt;
3204 4911 3327 4964 qua:
3362 4893 3699 4948 validissimo

2118 4994 2273 5051 venti
2333 4993 2544 5063 impetu
2615 4989 2802 5044 inﬂata
2867 4987 3139 5043 violenter
3197 5000 3299 5040 nos
3352 4984 3697 5048 deferebant,

2120 5087 2298 5144 donec
2321 5083 2609 5155 sequentis
2628 5082 2740 5138 diei
2778 5081 2938 5137 initio
2973 5081 3156 5134 locum
3183 5095 3214 5133 a
3251 5079 3434 5133 nautis
3471 5077 3699 5132 Diadro-

2123 5193 2249 5234 mus
2277 5185 2654 5248 nuncupatum
2692 5173 2991 5244 attigimus.
3028 5173 3079 5225 is
3108 5170 3276 5225 habet
3298 5172 3437 5224 duas
3470 5169 3694 5230 insulas,

442 5269 547 5332 ῑως
581 5269 682 5340 τῆς
703 5269 900 5340 ἑφεξῆς
935 5271 979 5311 ³⁵
1005 5270 1126 5322 κατ’
1159 5270 1336 5339 ἀρχὰς
1364 5270 1574 5339 ἡμέρας
1605 5269 2018 5342 εὑρέθημενεῖς

2124 5271 2386 5339 utrinque
2400 5268 2568 5338 longo
2587 5264 2762 5318 limite
2790 5275 3065 5326 extensas,
3096 5261 3260 5333 580
3281 5260 3385 5316 sibi
3416 5257 3696 5322 adversas;

445 5376 571 5412 τινα
593 5360 757 5414 τόπον
783 5362 834 5394 ³⁵
863 5361 1201 5432 Διαδρόμους
1247 5361 1398 5433 παρὰ
1425 5362 1534 5415 τῶν
1579 5359 2018 5430 ναυτιλλομένων

2125 5362 2271 5415 inter
2290 5371 2434 5428 quas
2456 5354 2623 5410 veluti
2655 5353 2856 5409 ﬂuvius
2883 5367 3034 5406 mare
3072 5349 3452 5417 praeterﬂuens
3490 5349 3700 5403 insulas

445 5451 868 5522 ὀνομαζόμενον,
890 5451 983 5505 δύο
1018 5451 1116 5522 μὲν
1146 5451 1338 5522 έχοντα
1359 5453 1558 5522 νήσους
1587 5451 1932 5522 ἀμφιμήκεις
1958 5449 2016 5516 te

2125 5453 2294 5506 unius
2311 5449 2577 5504 duntaxat
2594 5443 2752 5501 stadii
2785 5444 2964 5515 spatio
2991 5442 3208 5498 dividit.
3241 5442 3346 5499 Ubi
3377 5442 3487 5496 huc
3508 5440 3693 5494 venis-

1774 5565 2008 5622 VARIAS
2050 5561 2455 5621 LECTlONES.

521 5659 562 5691 "
602 5657 658 5710 δι
693 5671 782 5712 om
809 5659 876 5711 Α.
951 5657 996 5690 ⁸⁸
1027 5657 1270 5726 κεφαλῆς
1296 5659 1362 5711 Δ.
1440 5658 1481 5688 “
1517 5675 1620 5711 που
1650 5673 1761 5712 om.
1789 5656 1851 5712 P.
1929 5658 1973 5689 ¹⁰
2003 5657 2119 5710 ἄλλ*
2141 5656 2296 5726 οὐδὲν
2315 5653 2374 5726 ἢ]
2408 5653 2546 5709 ἀλλὰ
2569 5655 2634 5726 A.
2709 5653 2752 5684 ¹¹
2783 5654 2881 5726 τήν
2906 5667 3020 5708 om.
3053 5651 3113 5706 P.
3189 5653 3234 5682 ”
3265 5651 3603 5708 ἐκινδύνευον
3627 5647 3688 5701 Α.

451 5729 499 5761 ³³
533 5728 899 5799 προρηθέντος
924 5727 990 5782 Α.
1067 5723 1118 5758 ⁸⁸
1148 5723 1310 5800 ὑπὲρ]
1333 5727 1426 5779 ὑπ’
1449 5727 1509 5784 Ρ.
1587 5729 1632 5763 ³⁸
1657 5730 1762 5793 ἕως
1785 5728 1983 5799 ἐφεξῆς
2011 5727 2110 5799 τῆς
2133 5725 2236 5782 AP.
2320 5723 2373 5759 ³⁷(
2385 5742 2538 5792 τινας
2570 5723 2752 5778 τόπων
2779 5723 2842 5776 Α.

809 5825 1078 5887 Ρετιιοι..
1124 5827 1240 5886 Gn.
1286 5825 1436 5888 CIX.

3263 5816 3336 5877 ΞΟ
