4140 6042
410 213 516 277 filii

1639 201 1974 267 JOANNES
2013 202 2451 264 CAMENIATA

3568 194 3673 257 620

409 338 618 389 scmus,
647 319 1044 377 infortunatam
1065 317 1122 373 in
1143 330 1340 371 navem
1370 312 1692 378 incidimus,
1716 312 1992 368 frumento

2113 308 2346 371 ιναντίας
2392 302 2640 378 ἀλλήλων
2660 344 2676 368 ,
2705 304 2871 376 μέσον
2916 302 2973 361 δὲ
3001 300 3206 357 τούτων
3237 302 3483 375 ποταμοῦ
3519 304 3673 374 δίκην

411 429 687 479 onustam,
730 414 920 482 sicque
971 418 1198 481 repente
1235 416 1297 463 ut
1336 422 1404 462 ex
1442 407 1734 462 subitanco
1756 413 1980 469 eventu,

410 510 510 580 qui
533 507 588 563 in
616 521 679 561 ea
708 503 1075 565 vehebantur,
1107 507 1284 553 nauta:
1302 496 1439 552 nihil
1466 496 1646 551 moliri
1683 496 1983 566 potuerint,

416 616 526 672 quo
557 613 670 654 suae
706 593 1040 652 consultum.
1067 590 1229 647 saluti
1264 597 1431 644 esset.
1490 587 1807 657 Quanquam
1837 586 1986 641 enim

413 686 745 743 videbantur
764 682 831 739 ad
850 680 1082 736 insulam
1107 679 1448 747 adiacentem
1481 691 1674 730 navem
1688 674 1987 730 detrusisse

416 786 480 827 ac
524 769 706 840 fugam
740 763 1122 837 capessivisse,
1161 761 1297 815 nihii
1335 760 1460 815 inde
1496 769 1674 814 tamen
1713 756 1986 813 commodi

414 861 703 925 retulere;
761 873 923 930 quam
971 856 1230 913 ocissime
1284 856 1431 909 enim
1494 852 1701 923 egressi
1762 851 1986 907 Barbari

414 942 849 1019 comprehensos
871 959 1084 1009 omnes,
1134 955 1248 997 uno
1280 941 1545 995 duntaxat
1566 948 1816 1009 excepto,
1861 954 1990 997 cono

418 1040 719 1098 trucidant.
776 1036 917 1093 Hinc
960 1034 1145 1091 denuo
1206 1033 1528 1103 navigantes
1590 1031 1729 1087 duos
1771 1031 1889 1085 dies
1928 1047 1994 1089 ac

418 1142 608 1189 noctes
657 1129 879 1188 Euhan
921 1143 1131 1200 magna:
1176 1126 1370 1181 insula:
1407 1139 1575 1180 ‘oram
1640 1125 1990 1197 legebamus;

417 1239 722 1295 versusque
753 1237 904 1279 mare
938 1220 1110 1293 magis
1139 1219 1361 1275 boreale
1390 1217 1619 1274 directis
1655 1218 1793 1273 velis
1824 1234 1994 1290 prope

420 1317 691 1381 Andrum,
730 1330 837 1371 non
868 1314 987 1369 sine
1024 1313 1247 1367 immani
1293 1321 1584 1368 ventorum
1641 1310 1822 1377 sibilo,
1871 1325 1996 1383 per-

419 1409 695 1465 venimus.
744 1406 934 1476 Neque
987 1407 1137 1461 enim
1193 1412 1341 1459 recta
1384 1403 1776 1475 navigabamus
1813 1415 1996 1473 neque

420 1510 569 1557 certa
603 1500 668 1554 ad
711 1500 853 1562 loca,
911 1498 1008 1554 scd
1042 1496 1149 1552 hac
1190 1505 1354 1566 atque
1384 1496 1538 1560 illac;
1585 1510 1685 1565 pro
1714 1510 1781 1550 eo
1808 1509 1873 1552 ac
1900 1510 1997 1550 na-

420 1595 641 1649 varcbis
689 1592 1019 1655 videbatur,
1076 1588 1228 1645 aliud
1286 1588 1396 1643 alio
1444 1587 1833 1658 obversimquc
1892 1589 1998 1643 iter

2091 400 2189 472 τὴν
2217 399 2494 453 θάλασσαν
2540 396 2922 469 παραθέουσαν
2951 398 3046 450 καὶ
3082 394 3181 461 τὰς
3214 396 3413 465 νήσους
3443 396 3519 458 ὼς
3568 396 3676 448 ἀπὸ

2095 492 2310 546 σταδίου
2343 491 2438 547 καὶ⁸
2463 490 2623 561 μόνον
2648 490 2705 559 ἑξ
2736 490 2984 561 ἀλλήλων
3013 488 3381 559 διείργουσαν.
3411 487 3580 541 Ἔνθα
3607 488 3673 555 δὴ

2096 583 2187 635 καὶ
2238 581 2520 652 γενόμενοι
2564 581 2689 650 νηός
2731 596 2876 643 τινος
2926 578 3226 649 δυστυχοῦς
3276 577 3424 631 σίτου
3470 594 3675 648 πεφορ”

2093 675 2356 745 τισμένης
2404 672 2825 744 περιετύχομεν,
2866 671 2959 725 καὶ
2984 669 3159 733 οὕτως
3182 668 3378 740 ἀθρόον
3408 669 3483 732 ὡς
3537 668 3676 739 μηδὲ

2094 766 2386 836 δυνηθῆναι
2419 764 2497 837 τῷ
2527 766 2776 836 αἰφνιδίῳ
2804 764 2899 835 τῆς
2948 760 3271 832 συμϐάσεως
3297 764 3419 825 τοὺς
3443 763 3498 813 ὲν
3527 762 3666 831 αὐτῇ
3694 794 3700 801 -

2099 858 2370 929 σωτηρίας
2414 857 2672 928 ἐχόμενόν
2726 876 2779 910 τι
2826 855 3208 927 προσεξευρεῖν
3236 855 3303 912 ⁸⁷.
3349 857 3409 908 Εἰ
3442 856 3547 925 γὰρ
3575 856 3672 907 καὶ

2097 950 2282 1018 ἔδοξαν
2311 950 2447 1021 πρὸς
2488 950 2586 1021 τὴν
2624 950 3040 1021 παρακειμένην
3097 950 3261 1019 νῆσον
3300 946 3397 1018 τὴν
3427 948 3555 1000 ναῦν
3584 951 3686 1000 ἑπ-

2099 1041 2312 1096 οκεῖλαι
2342 1042 2436 1094 καὶ
2468 1041 2607 1111 πρὸς
2641 1040 2820 1110 φυγὴν
2877 1037 3240 1111 ἐκτραπῆναι,
3275 1039 3391 1092 ἀλλ’
3429 1038 3578 1092 οὐδὲν
3618 1040 3683 1091 ἐκ

2096 1132 2292 1188 τούτου
2322 1135 2646 1191 ἀπῶναντοο
2678 1134 2874 1188 θᾶττον
2907 1132 3017 1203 γὰρ
3063 1134 3260 1196 αὐτοὺς
3290 1133 3597 1200 ἐξελθόντες
3631 1134 3683 1184 ot

2101 1224 2376 1297 Βάρὸαροι
2407 1224 2780 1290 συνελέξαντο,
2813 1226 2905 1278 καὶ
2923 1228 3095 1295 χωρὶς
3125 1225 3244 1287 ἑνὸς
3273 1226 3436 1294 μόνου
3477 1224 3684 1286 πάντας

2102 1316 2241 1389 πρὸς
2275 1316 2505 1374 θάνατον
2561 1318 2931 1389 ὑπηγάγοντο.
2978 1317 3220 1373 Ἐκεῖθεν
3257 1318 3316 1371 δὲ
3354 1318 3517 1372 πάλιν
3574 1320 3685 1371 ἀπ·

2102 1409 2335 1478 άραντες
2393 1411 2482 1463 ἐπὶ
2518 1410 2637 1465 δυσὶ
2663 1410 3028 1482 νυχοημέροις
3077 1410 3178 1481 τὴν
3230 1410 3476 1482 μεγάλην
3522 1408 3686 1477 νῆσον

2105 1502 2490 1573 παρεπλὶομεν
2516 1505 2615 1575 τῆς
2638 1503 2891 1569 Εὐϐοίας,
2924 1503 3017 1557 καὶ
3048 1502 3190 1556 κατά
3221 1502 3315 1556 τοῦ
3348 1501 3685 1573 βορειοτέρου

2105 1592 2309 1663 ταύτης
2347 1593 2621 1664 πελάγους
2651 1594 2928 1658 ίθύναντες
2946 1595 3015 1647 τὰ
3042 1594 3206 1660 ἱστία,
3241 1594 3306 1648 τά
3351 1593 3501 1664 παρά
3522 1593 3687 1656 πόδας

422 1686 793 1742 mutabamus.
828 1683 1120 1739 'l‘imcbant
1152 1681 1298 1736 enim
1338 1694 1409 1736 ne
1449 1694 1559 1751 quo
1592 1680 1715 1734 loco
1754 1678 2000 1734 Romana

2113 1683 2205 1753 τῆς
2231 1684 2458 1755 ’Ἄνδρου
2498 1686 2544 1718 ³⁸
2569 1686 2707 1756 μετά
2754 1700 2897 1751 τινος
2956 1685 3318 1756 σφοδροτάτου
3353 1684 3687 1756 ῥοιζήματος

423 1778 615 1834 classis
676 1777 1047 1841 consisteret,
1108 1771 1514 1841 adversumque
1560 1770 1812 1826 incautos
1860 1770 1998 1826 sini-

423 1880 598 1925 strum
627 1867 833 1939 aliquid
863 1865 1048 1922 molita
1072 1864 1331 1920 damnum
1362 1862 1607 1918 inferret.
1671 1862 1999 1931 Propterea-

423 1979 531 2035 que
561 1963 629 2019 ad
658 1963 794 2017 alias
823 1970 988 2031 atque
1017 1958 1152 2013 alias
1180 1956 1389 2013 insulas
1421 1954 1652 2027 perinde
1700 1963 1864 2026 atque
1912 1970 2001 2010 er-

424 2072 588 2111 roncs
618 2052 1170 2111 circumferebamur.

2106 1776 2498 1852 κατελάϐομεν.
2548 1780 2624 1833 Οὐ
2679 1779 2788 1851 γὰρ
2816 1777 3151 1848 ιποιούμεθα
3196 1782 3317 1832 κατ’
3347 1776 3563 1830 εὐθεῖαν
3596 1774 3687 1829 τὸν

2108 1868 2298 1936 πλοῦν,
2328 1870 2446 1924 οὐδὲ
2483 1871 2623 1925 κατά
2648 1889 2791 1937 τινος
2812 1872 3117 1943 ὡρισμένου
3151 1872 3341 1934 τόπου,
3377 1868 3494 1922 ἀλλ’
3529 1866 3690 1933 ῶςᾶν

2110 1960 2253 2029 ἔδοξε
2287 1967 2399 2027 τοῖς
2430 1964 2537 2018 τῶν
2565 1966 2710 2035 νηῶν
2734 1966 3019 2037 ἀρχηγοῖς,
3048 1965 3177 2036 τῇδε
3202 1964 3426 2017 κάκεῖσε
3455 1961 3554 2024 τάς
3586 1975 3688 2031 μι-

2108 2055 2367 2121 τασάσεις
2396 2057 2492 2111 καὶ
2522 2057 2884 2130 ἀπιστροφάς
2915 2056 3269 2128 ἐποιούμεθα.
3300 2056 3409 2109 Καὶ
3442 2055 3550 2125 γάρ
3579 2050 3692 2106 ιδι-

424 2150 609 2204 δίεσαν
635 2147 681 2179 ε’
708 2147 785 2217 μή
814 2160 916 2198 που
943 2142 1095 2213 τύχοι
1133 2140 1323 2212 παρὼν
1351 2143 1379 2193 ὁ
1407 2138 1517 2193 τῶν
1556 2141 1875 2212 Ῥωμαίων·
1909 2142 2115 2212 στόλος,
2172 2150 2265 2203 καὶ
2302 2149 2455 2205 λάθοι
2494 2150 2612 2205 κατ’
2678 2149 2860 2205 αὐτῶν
2927 2151 3170 2206 ιπῑνοιάν
3224 2167 3343 2204 τινα
3408 2148 3689 2223 μοχθηρὰν

426 2244 817 2311 ἐργασάμενος.
845 2236 941 2291 Διά
961 2235 1121 2290 τοῦτο
1158 2234 1346 2290 ἄλλοτε
1376 2233 1540 2297 άλλας
1563 2235 1761 2303 νήσους
1791 2234 2041 2308 καθάπερ
2077 2240 2218 2305 τινὲς
2253 2242 2521 2313 πλανῆται
2549 2260 2614 2295 πε
2625 2242 2984 2313 ριηρχόμεθα.

499 2339 587 2394 68.
653 2337 793 2391 Dum
827 2333 933 2390 hoc
962 2340 1126 2403 pacto
1146 2346 1427 2401 vagamur,
1460 2330 1518 2386 in
1568 2331 1818 2387 Palmum
1847 2331 2003 2387 insu-

429 2437 536 2489 lam
559 2427 922 2491 deﬂeximus;
953 2425 1009 2478 in
1040 2438 1147 2493 qua
1181 2437 1275 2478 sex
1300 2422 1421 2478 dies
1451 2424 1719 2478 malorum
1753 2426 2000 2479 omnium

2187 2339 2286 2411 ξη’.
2337 2339 2494 2394 Οὕτω
2539 2340 2596 2394 δὲ
2646 2340 2939 2412 φερόμενοι
2984 2342 3402 2411 κατηντήσαμεν
3448 2340 3528 2404 εἷς
3569 2358 3691 2395 τινα

2109 2434 2271 2502 νῆσον
2322 2434 2546 2502 Πάτμον
2575 2432 2946 2503 καλουμένην·
3001 2431 3129 2484 ἔνοα
3175 2431 3365 2502 δήκαὶ
3394 2435 3691 2503 προσεμεί-

428 2519 825 2592 experimentis
848 2515 1087 2572 divexati
1128 2516 1448 2570 mansimus.
1489 2513 1627 2571 Cum
1656 2515 1814 2586 581
1854 2517 2000 2572 enim

2113 2541 2272 2594 ναμεν
2307 2524 2364 2589 ἒξ
2408 2524 2649 2595 ἡμέρας,
2698 2523 2899 2587 παντὸς
2939 2522 3177 2593 χαλεποῦ
3222 2524 3416 2595 πεῖραν
3456 2525 3515 2577 ἐν
3550 2525 3687 2595 αὐτῇ

427 2618 582 2671 locus
611 2620 759 2669 esset
783 2611 1103 2679 iuaquosus,
1139 2608 1261 2663 sitis
1292 2606 1541 2677 captivos
1564 2609 1835 2662 vastabat.
1880 2608 2004 2665 Non

2113 2613 2599 2685 καθυπομένοντες.
2633 2613 2887 2685 Ἀνύόρου
2908 2616 3017 2685 γὰρ
3047 2614 3199 2677 ὄντος
3219 2612 3313 2667 τοῦ
3340 2614 3508 2669 τόπου
3535 2615 3683 2688 ὲληι-

430 2709 579 2764 cnim
615 2714 828 2759 tantum
857 2716 1010 2772 aqua:
1040 2700 1201 2755 nobis
1228 2699 1576 2770 praebebatur
1603 2710 1871 2770 quantum
1916 2711 2002 2756 sat

2113 2705 2235 2769 ζετο
2264 2708 2389 2772 τοὺς
2443 2707 2825 2777 αἰχμαλώτους
2849 2710 2882 2780 ἡ
2914 2708 3062 2778 δίψα.
3092 2708 3166 2762 Οὐ
3201 2710 3307 2780 γὰρ
3334 2708 3535 2763 ἐδίδοτο
3561 2711 3690 2781 ἡμῖν

430 2806 577 2854 esset
621 2796 687 2852 ad
736 2796 902 2849 vitam
957 2792 1412 2854 sustentandam,
1462 2792 1559 2849 sed
1618 2805 1883 2862 quantum
1937 2794 2003 2849 ad

2114 2795 2258 2867 ὕδωρ
2302 2796 2425 2851 ὅσον
2459 2799 2596 2869 πρὸς
2629 2796 2891 2852 σύστασιν
2938 2798 3039 2865 τῆς
3093 2795 3238 2869 ζωῆς
3273 2798 3526 2869 ἐπήρκει,
3572 2800 3685 2853 ἀλλ’

430 2900 687 2951 mortem,
740 2887 911 2958 ipsam
964 2886 1074 2957 jam
1113 2886 1485 2957 ingruentem,
1524 2888 1792 2956 tantisper
1823 2904 2005 2956 remo-

2113 2888 2233 2939 ὅσον
2258 2887 2618 2958 ἐμϐραδύνειν
2667 2889 2841 2943 ἐποίει
2884 2890 3088 2960 καίπερ
3119 2890 3365 2961 παρόντα
3398 2892 3489 2944 τὸν
3520 2890 3685 2946 θάνα-

433 2980 699 3046 randam;
749 2992 912 3048 quam
969 2976 1188 3041 bibens,
1246 2975 1356 3029 nisi
1414 2975 1470 3030 in
1528 2975 1643 3047 ipsa
1697 2980 2005 3049 gustatione

2113 2995 2202 3030 τον
2225 2995 2239 3009 ο
2267 2973 2438 3050 οὗπερ
2474 2981 2497 3031 ὁ
2530 2980 2791 3051 μετέχων,
2825 2981 2983 3052 εί.μὴ
3010 2982 3107 3052 τὴν
3137 2982 3404 3054 ὄσφρησιν
3430 2986 3571 3056 κατὰ
3592 2985 3692 3056 τὴν

435 3070 767 3144 compressis
811 3068 1060 3131 naribus,
1093 3082 1163 3122 ne
1205 3082 1233 3121 a
1272 3066 1548 3137 principio
1583 3070 2005 3139 graveolentiam

2113 3070 2303 3138 γεῦσιν
2336 3074 2555 3142 ἐπεῖχεν
2580 3074 2655 3137 ὡς
2686 3050 2772 3145 μὴ
2827 3074 2946 3127 κατ’
2974 3050 3172 3145 Ῠάρήχάς
3351 3050 3519 3131 αὑτοῦ
3570 3050 3692 3131 δυσ·-

434 3164 880 3236 persentiscerct,
902 3160 1050 3215 nullo
1070 3158 1231 3214 modo
1248 3159 1474 3215 haurire
1492 3169 1725 3230 poterat,
1748 3177 1869 3215 cum
1891 3171 2005 3218 ante

2119 3164 2280 3228 ωδίας
2309 3166 2758 3237 ὲπαισΟανΘῆναι,
2785 3166 2895 3220 οὐδ’
2929 3167 3063 3232 ὅλως
3098 3167 3288 3220 τούτου
3318 3172 3691 3241 παρεχωρεῖτο

436 3257 602 3312 etiam
630 3253 912 3326 potionem
942 3266 1083 3306 unus
1122 3251 1237 3321 ipse
1271 3258 1526 3320 aspectus
1563 3261 1812 3306 naturam
1838 3251 2011 3307 oﬂ‘en-

438 3351 593 3406 deret
624 3363 687 3404 ac
714 3346 1001 3403 molestius
1025 3344 1274 3400 haberet.
1304 3343 1475 3399 Porro
1501 3344 1657 3400 cibus
1686 3346 1839 3416 panis
1869 3345 2010 3401 dun-

436 3438 586 3499 taxat
618 3450 866 3497 crustum
920 3447 1060 3503 erat,
1114 3438 1280 3508 idque
1325 3437 1631 3508 putridum,
1663 3438 1829 3493 vitam
1857 3454 2014 3493 ever-

438 3547 560 3593 tens
587 3549 648 3591 ac
669 3532 1092 3589 iuternecinum.
1124 3529 1255 3599 Quae
1284 3533 1431 3586 enim
1462 3531 1649 3587 hostes
1680 3531 1732 3585 in
1761 3533 2012 3602 proprios

440 3643 572 3682 usus
610 3625 774 3681 domo
800 3631 1174 3694 exportarant,
1218 3637 1347 3677 cum
1394 3622 1463 3678 iis
1506 3622 1785 3693 superﬂua
1828 3633 2013 3679 essent

439 3721 776 3789 omninoque
839 3717 985 3775 carie
1037 3715 1269 3783 vitiata,
1324 3726 1516 3772 utnec
1565 3716 1672 3770 ulla
1723 3716 2011 3771 brutarum

439 3812 802 3868 animantium
858 3810 1051 3866 saltem
1109 3808 1298 3865 oculos
1332 3817 1517 3878 posset
1546 3807 1855 3872 advertere,
1898 3810 2015 3863 haec

440 3900 603 3958 nobis
653 3902 707 3957 in
762 3900 947 3956 cibum
1004 3898 1451 3969 apponebautur,
1498 3906 1701 3969 quanta
1760 3914 1861 3954 nec
1904 3898 2013 3954 dici

442 3994 636 4067 possit,
698 3990 1080 4063 graveolcntia:
1136 4005 1203 4045 ac
1252 3990 1599 4045 insuavitatis
1653 3990 1835 4061 plena,
1899 3992 2014 4061 ipsa

440 4090 723 4148 vermibus
755 4089 1020 4144 scatentia
1055 4088 1341 4158 multoque
1370 4101 1594 4144 mucore
1628 4102 1925 4158 conspersa
1959 4096 2017 4143 et

444 4184 509 4241 ad
547 4196 747 4254 corpus
790 4179 1176 4237 sustinendum
1220 4180 1404 4235 nullas
1432 4181 1595 4250 plane
1623 4179 1770 4234 vires
1805 4179 2014 4234 haben-

443 4276 545 4330 tia.
606 4273 739 4329 lnde
805 4275 953 4328 enim
1017 4272 1333 4343 conjectura
1384 4280 1504 4327 erat
1562 4270 1835 4327 inﬁnitam
1902 4271 2016 4327 fere

441 4365 855 4424 multitudinem
907 4364 1155 4437 qu0tidie
1213 4365 1269 4420 in
1321 4375 1551 4421 mortem
1597 4365 1717 4435 cogi
1751 4380 1849 4435 per
1896 4365 2018 4421 sitis

444 4462 716 4531 famisque
743 4460 1022 4531 iujuriam,
1059 4458 1528 4527 morientiumque
1560 4472 1789 4529 corpora
1822 4471 1853 4512 e
1892 4456 2017 4512 navi

2124 3258 2471 3327 μεταλαὸεῖν,
2524 3264 2622 3331 τῆς
2668 3261 2878 3329 φύσεως
2932 3260 3244 3331 ἀνιωμένης
3302 3262 3395 3313 καὶ
3435 3264 3483 3313 εί
3532 3262 3691 3333 μόνον

2118 3349 2331 3403 ἀπιδεῖν
2389 3350 2664 3423 ἠϐουλήθη
2720 3349 2899 3416 τοῦτο,
2939 3350 3032 3403 καὶ
3069 3351 3175 3421 πρὸ
3222 3352 3319 3423 τῆς
3367 3351 3561 3423 πείρας
3596 3356 3689 3423 τῆς

2118 3441 2493 3505 καταπόσεως.
2546 3442 2608 3494 'll
2656 3442 2832 3513 τροφὴ
2864 3440 2918 3493 δὲ
2955 3442 3112 3512 ημῶν
3156 3441 3324 3511 ἄρτου
3371 3443 3577 3512 τρύφος
3626 3440 3690 3514 ἦν

2122 3532 2303 3602 μόνον,
2361 3533 2450 3585 καὶ
2493 3530 2650 3586 τοῦτο
2679 3530 2982 3601 διεφθορὸς,
3043 3519 3342 3587 κατάλυσιν
3389 3534 3694 3604 ἐργαζόμε-

2120 3642 2230 3679 νον.
2276 3628 2340 3678 Ἃ
2394 3628 2500 3696 γὰρ
2552 3627 2742 3697 ἔτυχον
2795 3624 3054 3688 λαϐόντες
3100 3625 3314 3679 οἴκοθεν
3345 3626 3450 3696 πρὸ
3481 3625 3691 3681 πολλῶν

2122 3718 2341 3789 ἡμερῶν
2368 3720 2503 3785 πρὸς
2534 3718 2725 3789 χρείαν
2756 3717 2966 3773 ἑαυτῶν
3008 3718 3057 3772 οί
3089 3718 3361 3788 πολέμιοι,
3387 3717 3560 3771 ταῦτα⁵
3593 3734 3690 3771 πε-

2124 3811 2481 3882 ριττεύσαντα
2517 3813 2609 3863 καὶ
2642 3810 2777 3881 πρὸς
2806 3809 3020 3864 τελείαν
3052 3810 3320 3881 σηπεδόνα
3346 3812 3691 3881 χωρήσαντα,

2121 3904 2216 3958 καὶ
2242 3900 2321 3969 οἷς
2361 3904 2458 3958 οὐκ
2494 3904 2557 3958 ἄν
2585 3922 2637 3958 τι
2684 3905 2792 3958 τῶν
2823 3903 3032 3974 ἀλόγων
3062 3886 3294 3979 ἐδυνήθη
3324 3906 3428 3960 κᾶν
3459 3906 3693 3971 ἀπιδεῖν,

2122 3999 2201 4060 είς
2240 3998 2539 4069 μετάληψιν
2573 3999 2705 4069 ἡμῖν
2731 3998 3154 4069 προσεφέροντο,
3187 3998 3397 4067 ἀφάτου
3426 3998 3525 4068 μὲν
3557 3998 3692 4053 δυσ-

2122 4089 2284 4153 ωδίας
2322 4092 2415 4144 καὶ
2443 4090 2634 4157 ἀηδίας
2687 4090 2893 4161 πλήρη,
2932 4090 3134 4163 μεστὴν
3163 4090 3221 4144 δὲ
3258 4090 3560 4161 σκωλήκων
3597 4091 3694 4145 καὶ

2125 4183 2295 4255 πολλῇ
2331 4184 2534 4255 σαπρὶᾳ
2559 4182 3051 4254 συμπεφυρμένην,
3084 4184 3219 4254 πρός
3245 4200 3304 4237 τε
3335 4186 3434 4255 τὴν
3459 4182 3571 4249 ἕξιν
3601 4182 3691 4237 τοῦ

2128 4274 2372 4346 σώματος
2397 4276 2442 4308 ³ο
2491 4276 2771 4341 παντελῶς
2815 4278 3201 4349 ἀνενέργητον.
3238 4276 3349 4330 Καὶ
3378 4276 3485 4346 γὰρ
3512 4270 3580 4347 ἦν
3618 4278 3695 4329 είο

2125 4370 2291 4421 κάσαι
2343 4366 2544 4438 πλῆθος
2571 4369 2799 4441 ἄπειρον
2846 4370 2911 4423 ὲκ
2954 4369 3160 4423 τούτων
3201 4369 3285 4436 ἐφ’
3333 4367 3567 4437 ἑκάστης
3599 4368 3691 4434 τῆς

2126 4461 2335 4531 ἡμέρας
2368 4461 2449 4532 τῷ
2486 4460 2703 4533 Θανάτῳ
2733 4461 3214 4534 συνελαυνόμενον.
3266 4460 3542 4533 πάρεργον
3598 4460 3693 4531 τῆς

446 4555 504 4609 in
536 4570 683 4610 mare
707 4551 926 4625 iactari,
953 4562 1119 4621 atque
1154 4552 1208 4607 in
1241 4552 1474 4608 multum
1495 4560 1715 4622 tempus
1747 4552 1889 4605 inter
1912 4567 2005 4605 un-

2122 4553 2280 4625 δίψης
2338 4556 2431 4609 καὶ
2474 4552 2568 4607 τού
2598 4552 2760 4625 λιμοῦ
2794 4553 2881 4628 [Ρ.
2917 4554 3068 4627 575],
3120 4554 3188 4609 τά
3231 4570 3289 4607 τε
3326 4551 3558 4623 σώματα
3588 4552 3693 4605 τῶν

445 4650 544 4703 das
591 4646 961 4702 subsultantia
1014 4644 1169 4701 ferri.
1219 4644 1450 4715 Praeque
1493 4644 1723 4715 reliquis
1750 4644 2019 4701 infantum

447 4738 763 4808 miserabile
821 4753 1016 4810 genus,
1072 4737 1308 4793 necdum
1351 4738 1433 4795 eis
1480 4746 1769 4795 constante
1800 4746 2023 4800 natura,

446 4834 700 4905 pluribus
745 4831 1109 4888 incommodis
1156 4831 1426 4901 malisque
1460 4829 1859 4887 aﬂiciebautur.
1896 4830 2021 4885 Vivi

449 4938 645 4980 rursus
672 4922 820 4978 haud
850 4921 1086 4977 multum
1108 4936 1137 4975 a
1166 4920 1475 4976 demortuis
1506 4921 1804 4987 distabant,
1856 4930 2021 4991 atque

446 5032 638 5085 parem
707 5015 992 5071 interitum
1039 5029 1129 5069 res
1197 5014 1415 5069 illorum
1473 5015 1813 5084 spectabant.
1876 5014 2023 5070 inter

449 5124 587 5182 quos
647 5123 840 5163 omnes
900 5122 1025 5172 nos,
1072 5105 1235 5177 582
1280 5106 1373 5177 qui
1417 5106 1574 5162 tortis
1603 5104 2019 5176 colligabamur,

450 5205 632 5259 acrior
665 5201 946 5259 cruciatus
980 5199 1197 5259 urebat.
1245 5197 1634 5255 Folliculorum
1660 5197 1809 5253 enim
1841 5197 2022 5253 inani-

451 5305 725 5350 inatorum
750 5294 923 5350 instar
940 5307 1086 5348 unus
1109 5292 1262 5363 juxta
1288 5291 1457 5351 alium
1492 5290 1769 5356 sedentes,
1798 5289 2018 5348 cuneis-

453 5402 581 5458 quc,
626 5385 829 5456 quibus
874 5384 1101 5455 appensi
1153 5389 1397 5450 erambs,
1439 5380 1825 5439 convulnerstl
1855 5392 2020 5451 atque

2124 4644 2466 4715 Θνησκόντων
2518 4647 2913 4717 ἀκοντιζόμενα
2954 4647 3054 4716 τῆς
3094 4645 3220 4715 νηὸς
3252 4646 3348 4699 ἐπὶ
3397 4642 3691 4706 θάλασσαν,

2123 4736 2219 4790 καὶ
2256 4737 2415 4808 μέχρι
2447 4737 2645 4791 πολλοῦ
2678 4741 2791 4803 τοῖς
2817 4736 3058 4807 κύμασιν
3082 4736 3480 4806 ἔπισπαίροντα
3505 4736 3570 4798 ³¹,
3606 4736 3693 4789 καί

2125 4829 2328 4882 τούτων
2377 4828 2617 4899 μάλιστα
2663 4831 2732 4884 τά
2770 4829 2980 4883 δείλαια
3020 4826 3197 4899 βρέφη
3244 4828 3324 4897 τῷ
3368 4825 3550 4881 ἀτελεῖ
3597 4826 3695 4895 τῆς

2124 4921 2341 4990 φύσεως
2386 4922 2558 4977 πλείω
2589 4922 2700 4976 τῶν
2737 4920 2913 4976 ἄλλων
2962 4920 3070 4977 τῶν
3115 4918 3379 4987 ἀλγεινῶν
3432 4918 3697 4989 ὲμφορούο

2126 5030 2286 5083 μενα,
2311 5014 2437 5077 τοὺς
2466 5013 2674 5079 ζῶντας
2708 5014 2764 5069 δὲ
2813 5012 2973 5069 πάλιν
3004 5013 3064 5067 οὐ
3112 5012 3300 5083 πόρρω
3330 5010 3436 5065 τῶν
3471 5026 3696 5081 προκει-

2127 5106 2306 5175 μένων
2335 5106 2697 5176 ὑπάρχοντας,
2739 5107 2876 5161 ἀλλὰ
2924 5105 3061 5176 πρὸς
3092 5105 3151 5159 τὸ
3183 5108 3368 5173 ὅμοιον
3400 5101 3696 5173 βλέποντας

2123 5196 2316 5270 πέρας.
2370 5199 2459 5266 Ἐξ
2492 5190 2569 5253 ῶν
2616 5198 2876 5254 ἁπάντων
2919 5195 3120 5267 μᾶλλον
3181 5196 3364 5265 ἡμεῖς,
3414 5192 3526 5246 ὅσοι
3577 5192 3698 5254 ταῖς

2122 5288 2409 5362 στρέϐλαις
2430 5286 2573 5362 ἦμεν
2596 5290 2985 5362 πεπεδημένοι,
3012 5287 3229 5343 πλείοσι
3252 5286 3504 5355 βασάνοις
3531 5298 3697 5353 προσ-

2123 5382 2479 5455 επαλαίομεν.
2513 5385 2622 5442 Καὶ
2649 5386 2757 5455 γάρ
2788 5382 3038 5439 Θυλάκων
3069 5382 3291 5453 ἀψύχων
3319 5379 3474 5448 δίκην
3500 5378 3616 5451 ταῖς
3652 5378 3698 5408 ³³

1720 5495 1955 5554 νικΜί
1994 5498 2395 5560 ιεοτιομεδ.

528 5596 572 5628 ”
591 5596 940 5669 προεξευρεῖν
961 5595 1023 5650 Α.
1061 5593 1147 5669 ﬂ"
1168 5595 1400 5669 ’ᾼντρου
1420 5593 1541 5669 ΑΛΡ.

456 5663 845 5739 ιπιτπὲίροντὰ
872 5666 976 5722 ΑΡ.
1058 5665 1103 5699 ⁸⁹
1135 5663 1275 5737 ταῖς]
1293 5663 1383 5721 ἐπί
1417 5666 1439 5719 l

1650 5594 1695 5626 ”
1730 5592 2011 5665 ιδεδῖησαν
2040 5594 2149 5653 ΑΡ.

2254 5599 2297 5632 ³⁸
2329 5597 2435 5653 τῶν
2471 5614 2741 5671 σωματων
2768 5600 2833 5657 Α.
2935 5595 2979 5633 ⁸⁸
2999 5600 3208 5653 ιπισπα
3235 5609 3393 5665 ροντα
3439 5587 3633 5646 Comb.
