4140 6042
431 191 536 253 623

1642 180 1990 242 IOANNES
2028 182 2471 244 CAMENIATA

3592 192 3698 255 69A

428 300 689 352 maluere.
712 293 833 360 Quo
857 308 983 347 cum
1012 292 1314 354 venissan
1359 298 1736 356 cognoverunt
1774 287 1995 345 Creten

2123 304 2209 343 ναι
2254 290 2462 363 βλάϐην
2513 293 2639 357 τοὺς
2702 294 2760 345 ἐν
2822 292 2971 363 αὐτῷ
3020 293 3541 368 καθορμιςομένους,
3596 304 3697 371 την

426 401 514 442 ses
551 402 564 437 τ
616 399 645 438 a
675 383 813 438 mari
854 383 1001 437 enim
1031 381 1222 451 procul
1250 396 1352 434 nos
1377 378 1806 449 prospiciebant,
1850 388 2013 449 atque

426 474 799 530 Romanorum
837 471 1068 526 classem
1104 468 1363 523 invadere
1411 468 1647 523 insulam
1690 467 2013 538 deprehen-

422 565 571 621 disse
613 578 671 619 se
708 562 997 634 putabant.
1044 559 1166 627 Quo
1212 569 1268 614 et
1310 568 1462 616 metu
1507 559 1795 615 conterriti
1850 565 2010 625 sunt,

424 656 572 727 quod
599 655 668 710 ad
699 654 904 710 bellum
946 651 1201 723 imparati
1223 662 1399 707 erant.
1452 650 1811 707 Postmodum
1850 651 2012 706 nobis

424 745 1000 819 apprOpinquantibus
1038 784 1054 811 ,
1109 744 1281 816 signis
1326 745 1549 800 navium
1600 744 1801 816 agnitis
1835 784 1850 810 ,
1882 760 2009 801 cum

424 852 625 908 magno
656 837 859 909 gaudio
911 851 1042 893 suos
1094 836 1453 906 accipientes,
1506 850 1571 891 ac
1610 835 1760 891 velut
1792 850 2010 891 morum

421 928 759 986 commercio
788 927 1046 999 genuinae
1084 927 1234 982 inter
1265 941 1323 982 se
1356 926 1617 983 amicitia:
1669 942 1832 982 usum
1855 941 2006 983 com-

420 1028 818 1085 monstrantes,
844 1019 913 1075 ad
934 1020 1117 1074 locum
1151 1029 1541 1075 accesserunt:
1579 1032 1800 1089 semper
1832 1018 2005 1086 enim,

421 1123 486 1170 ut
507 1112 805 1186 proverbio
835 1112 1027 1178 fertur,
1078 1111 1257 1166 simile
1296 1110 1363 1165 ad
1392 1110 1500 1166 sibi
1528 1110 1708 1166 simile
1736 1110 2002 1167 accurrit.

423 1204 582 1260 Tunc
608 1204 796 1274 itaque
846 1205 1088 1274 primum
1144 1201 1371 1257 Barbari
1406 1217 1619 1266 omnes,
1643 1217 1911 1258 exscensu
1936 1218 2007 1260 ex

417 1296 659 1353 navibus
687 1296 741 1351 in
774 1296 931 1352 littus
968 1295 1152 1360 eﬂusi,
1189 1310 1293 1349 nos
1335 1309 1557 1365 quoque
1600 1310 1630 1349 a
1682 1305 1887 1350 mutua'
1914 1295 2006 1351 illa

422 1386 836 1456 compressione
886 1384 1171 1457 paululum
1207 1382 1437 1439 relaxari
1489 1382 1769 1446 siverunt.
1805 1399 2006 1455 suppe-

422 1480 593 1535 ditata
624 1494 847 1549 quoque
880 1490 1149 1547 aquarum
1194 1476 1375 1547 copia,
1403 1491 1525 1546 qua:
1566 1475 1751 1531 intrita:
1798 1474 2004 1533 ibidem

421 1572 647 1642 irrigua:
674 1572 729 1625 in
752 1569 925 1626 maris
952 1583 1011 1624 se
1036 1568 1215 1624 undas
1244 1566 1530 1623 aﬂuenter
1565 1575 1889 1622 exonerant.
1937 1565 2007 1622 Et

2118 380 2256 451 πρὸς
2282 382 2444 437 αὐτὸν
2472 384 2755 455 διατριϐὴν
2784 386 2879 440 τοῦ
2909 392 3260 461 ναυστάθμου
3280 393 3379 463 τῆς
3410 392 3623 457 πόλεως
3645 394 3695 447 οι

2115 474 2391 548 Βάρϐαροι
2415 479 2869 549 προκεκρίκασιν.
2901 478 2989 546 Ὠς
3009 482 3103 536 οὖν
3130 486 3502 557 κατήχθημεν,
3525 486 3702 557 ἔγνω*

2114 566 2162 619 οι
2188 567 2405 638 Κρῆτες
2440 564 2759 640 (προεώρων
2787 572 2897 643 γὰρ
2938 576 3087 643 ἡμᾶς
3137 577 3237 645 τῆς
3280 577 3554 651 θαλάσσης
3586 596 3695 649 μαι

2114 656 2355 729 κρόθεν),
2397 661 2489 715 καὶ
2534 662 2753 733 πρῶτον
2800 663 2908 719 τῶν
2969 667 3324 738 Ῥωμαίωνω
3359 669 3451 726 τὸν
3508 672 3693 726 στόλον

2113 750 2406 823 ἐφώρασαν
2435 754 2765 824 ἐπέρχεσθαι
2798 758 2865 829 τῇ
2897 759 3066 830 νήσῳ,
3111 760 3170 824 ἐξ
3207 755 3269 816 οὗ
3301 762 3394 815 καὶ
3422 763 3693 835 περιδεεῖς

2110 840 2361 909 δγίνοντο
2383 842 2473 897 διὰ
2503 844 2566 898 τὸ
2590 846 2667 919 μὴ
2691 852 3248 920 προπαρεπευάσθαι
3273 855 3408 925 πρὸς
3433 855 3689 927 πόλεμον.

2114 932 2347 988 Ἔπειτα
2377 937 2687 1007 γενομένων
2732 939 2892 1010 ἡμῶν
2921 942 3175 1009 ἐγγύθεν,
3211 946 3399 1016 ἐπειδὴ
3444 947 3691 1016 ἐπέγνων

2108 1023 2235 1079 τινά
2265 1027 2625 1100 γνωρίσματα
2671 1031 2783 1085 τῶν
2819 1033 2988 1104 νηῶν,
3025 1036 3343 1105 πεφθάκασι
3388 1038 3482 1093 τὸν
3524 1040 3691 1095 τόπον

2112 1116 2251 1186 μετά
2273 1116 2477 1189 πολλῆς
2502 1119 2767 1192 θυμηδίας
2791 1124 2917 1187 τοὺς
2938 1125 3076 1195 ἀμφ’
3105 1128 3303 1192 αὐτοὺς
3330 1129 3685 1202 δεξιούμενοι,

2110 1206 2204 1261 καὶ
2231 1205 2425 1282 ὥσπερ
2466 1213 2535 1284 τῇ
2570 1214 2829 1286 κοινωνίᾳ
2852 1215 2962 1271 τῶν
2996 1220 3215 1289 τρόπων
3245 1220 3307 1273 τὸ
3342 1222 3563 1294 γνήσιον
3586 1224 3689 1295 τῆς

2108 1300 2247 1388 πρὸς
2283 1299 2549 1371 ἀλλήλους
2587 1305 2826 1377 στοργῆς
2862 1307 3306 1380 ἐνδεικνύμενοι·
3334 1312 3422 1367 ἀεὶ
3454 1314 3585 1388 γὰρ,
3610 1315 3688 1382 ὡς

2107 1387 2285 1459 λόγος,
2310 1394 2372 1446 τὸ
2402 1396 2588 1465 ὅμοιον
2612 1397 2689 1469 τῷ
2713 1398 2882 1471 ὁμοίῳ
2911 1404 3256 1474 προστρέχει.
3281 1405 3416 1461 Τότε
3447 1406 3512 1480 δὴ
3538 1387 3689 1479 πρῶο

2107 1498 2200 1535 τον
2225 1483 2467 1550 ἅπαντες
2496 1486 2599 1541 τῶν
2629 1489 2775 1559 νηῶν
2814 1489 3041 1562 ἐξῆλθον
3069 1495 3119 1548 οί
3153 1495 3454 1568 Βάρϐαροι,
3483 1500 3579 1555 καί
3608 1518 3690 1555 τι-

2107 1589 2199 1638 νος
2222 1577 2369 1645 ἡμᾶς
2390 1576 2433 1608 ⁸⁸
2456 1581 2645 1650 τυχεῖν
2673 1581 2914 1648 ἀνέσεως
2943 1582 3043 1655 τῆς
3072 1588 3130 1639 ἐν
3151 1586 3408 1659 ἀλληλοις
3425 1607 3687 1663 στενοχω-

421 1665 504 1719 sic
538 1670 652 1716 tota
680 1676 745 1717 ea
767 1670 930 1716 nocte
959 1676 989 1716 a
1028 1660 1312 1717 continuis
1346 1657 1534 1714 refecti
1555 1657 1859 1723 laboribus,
1882 1660 1995 1714 exi-

2108 1667 2230 1737 ρίας
2261 1668 2526 1738 ἠξίωσαν,
2559 1671 2872 1741 μετέδωκαν
2903 1675 2959 1729 δὲ
2984 1679 3078 1731 καὶ
3105 1678 3213 1733 τῶν
3244 1657 3386 1737 κατά
3408 1682 3499 1737 τὸν
3520 1657 3687 1739 τόπον

420 1753 781 1809 stimabamus
810 1752 1065 1822 sequenti
1117 1751 1238 1807 luce
1283 1750 1566 1806 mitiorum
1606 1765 1705 1805 nos
1734 1749 2003 1821 tantisper

419 1846 716 1917 potituros,
740 1845 892 1916 quod
917 1844 1073 1901 dives
1094 1843 1267 1900 insula
1294 1845 1568 1912 rebusque
1595 1843 1663 1899 ad
1689 1843 1815 1899 vitae
1838 1858 1998 1901 usum

417 1937 747 1993 necessariis
774 1936 1178 1992 confertissima
1205 1943 1371 1992 esset.
1390 1935 1591 1991 Verum
1611 1935 1999 1992 nesciebamus

419 2028 702 2099 prioribus
732 2041 889 2098 teque
924 2026 1104 2091 malis,
1142 2040 1243 2083 seu
1273 2026 1440 2081 etiam
1471 2025 1870 2091 acerbioribus.
1913 2025 2001 2081 di-

419 2117 719 2184 vexandos,
759 2125 1165 2189 proptereaque
1200 2114 1310 2171 illis
1342 2115 1518 2187 accipi
1546 2124 1607 2171 ut
1633 2130 1733 2187 per
1755 2130 1820 2171 ea
1846 2123 1997 2172 atro-

418 2210 662 2265 cioribus
697 2210 818 2267 istis
840 2222 1324 2265 consert'aremur.

2105 1756 2313 1846 ύδάτων
2346 1760 2556 1816 πολλῶν
2581 1763 2753 1819 ὄντων
2796 1769 2890 1821 καὶ
2927 1769 3181 1839 ἀφθόνως
3207 1775 3320 1836 τοῖς
3351 1774 3559 1845 κύμασι
3585 1776 3685 1846 τῆς

2104 1844 2386 1919 θαλάσσης
2414 1851 2779 1924 ἐπιρρεόντων
2800 1857 2868 1910 δ’.
2902 1857 3011 1911 Καὶ
3046 1857 3193 1915 οὕτω
3230 1860 3328 1934 τὴν
3361 1844 3532 1919 νύκτα
3577 1844 3684 1921 πά-

2255 1938 2364 1993 τῶν
2418 1943 2660 2014 συνεχῶν
2712 1947 2998 2015 ἀνεθέντες
3053 1953 3236 2008 πόνων
3276 1955 3574 2027 ἐδοκοῦμεν
3616 1961 3684 2031 τῇ

2100 2029 2232 2100 ἑξῆς
2249 2036 2629 2123 χρηστοτέρων
2646 2038 2811 2094 τινῶν
2831 2047 3143 2113 μετασχεῖν,
3172 2046 3268 2121 ἀρε
3295 2029 3685 2123 πεπληθυσμέξ

2101 2138 2201 2191 νης
2251 2122 2298 2156 ⁸³
2350 2123 2520 2197 οὔσης
2563 2131 2665 2200 τῆς
2709 2131 2875 2202 νήσου
2929 2135 3025 2189 καὶ
3063 2136 3267 2209 πολλὴν
3312 2139 3544 2211 ἐχούσης
3572 2122 3684 2194 τῶν

2103 2213 2303 2304 χρειῶν
2341 2216 2645 2289 δαψίλειαν.
2679 2223 2797 2277 Οὐκ
2836 2224 3060 2296 ᾔδειμεν
3087 2229 3147 2283 δέ
3183 2230 3587 2304 παραπλησίοις
3622 2234 3681 2286 ἐν

418 2302 555 2373 αὐτῇ
606 2301 715 2354 τῶν
768 2301 960 2383 πρώην
989 2300 1197 2373 ὁμιλεῖν
1236 2300 1527 2392 χαλεποῖς,
1560 2303 1594 2370 ἡ
1640 2300 1734 2357 καὶ
1763 2300 1996 2373 χείροσι,
2032 2303 2129 2358 καὶ
2154 2308 2247 2363 διὰ
2277 2309 2454 2365 ταῦτά
2482 2328 2546 2380 γε
2589 2314 2794 2385 μᾶλλον
2831 2318 3015 2373 ἐκεῖνα
3056 2300 3304 2392 πάσχειν,
3370 2300 3448 2389 ὡς
3510 2325 3576 2379 ἀν
3614 2319 3682 2379 δι’

417 2396 645 2449 ἐκείνων
667 2394 713 2427 ⁸⁸
737 2394 947 2456 τούτοις
977 2391 1429 2464 συντηρηθῶμεν.

487 2491 577 2546 71.
618 2489 737 2546 Jam
763 2489 911 2546 enim
941 2488 1222 2559 dissipatis
1271 2488 1451 2544 noctis
1478 2487 1741 2555 tenebris,
1775 2503 1840 2544 ac
1870 2504 1995 2544 cum

416 2584 557 2639 lucis
586 2582 893 2653 fulgoribus
909 2580 1071 2653 585
1092 2588 1345 2638 exortum
1371 2596 1532 2635 mane
1558 2580 1991 2651 splendesceret,

415 2674 701 2732 Duminiea
737 2674 951 2730 scilicet
996 2673 1350 2729 illucescente
1376 2714 1390 2739 ,
1446 2674 1687 2729 ululatus
1715 2674 1771 2729 in
1799 2675 1993 2743 quavis

415 2766 545 2821 navi
579 2763 782 2831 audiri,
806 2763 1062 2819 Barbaris
1092 2764 1241 2819 velut
1265 2772 1473 2835 gratam
1495 2764 1789 2833 quamdam
1814 2779 1877 2819 ac
1898 2764 1990 2822 lae-

418 2864 531 2912 tam
556 2869 748 2910 vocem
785 2852 903 2923 pari
934 2851 1343 2922 conspiratione
1378 2851 1673 2907 edentibus
1694 2850 1984 2923 cymbalis-

419 2963 527 3017 que
551 2943 1049 3017 perstrepentibus,
1096 2952 1155 3000 ut
1196 2943 1355 2999 locus
1378 2944 1470 2998 ille
1501 2952 1649 2998 totus
1687 2945 1907 2999 concuti
1937 2951 1995 2999 et

419 3038 675 3094 clamoris
700 3036 915 3107 fragore
952 3033 1162 3089 turbari
1212 3035 1513 3091 videretur.
1549 3033 1689 3089 Tum
1728 3045 1854 3106 post
1907 3036 1993 3092 in-

2174 2488 2274 2543 οα’.
2300 2491 2452 2572 ’Ἤδη
2483 2492 2593 2565 γὰρ
2641 2494 2741 2565 τῆς
2793 2502 3114 2573 νυκτερινῆς
3161 2506 3319 2569 σκιᾶς
3365 2506 3683 2563 σκεδασθεί-

2105 2596 2223 2651 σης,
2248 2582 2341 2634 τοῦ
2376 2582 2433 2635 δὲ
2464 2589 2643 2653 φωτὸς
2669 2588 2975 2660 ἀρχομένου
3015 2593 3107 2647 τὸν
3147 2596 3343 2668 ὄρθρον
3377 2600 3678 2656 ἐπανατέλ-

2100 2673 2236 2765 λειν,
2272 2675 2559 2749 Κυριακῆς
2609 2681 2836 2753 ἡμερῶν
2873 2685 3315 2759 ἐπιφωσκούσης,
3362 2690 3680 2765 ἀλαλαγμὸς

2100 2764 2185 2835 ἐφ’
2227 2766 2465 2838 ἑκάστης
2487 2769 2615 2839 νηὸς
2644 2772 2901 2842 ἠκούετο,
2936 2775 3127 2851 ὥσπερ
3157 2780 3281 2854 τινά
3313 2779 3533 2854 θυμήρη

2095 2856 2194 2929 νὴν
2215 2857 2325 2911 τῶν
2351 2858 2654 2932 Βαρϐάρων
2672 2867 3123 2936 συνεπηχούντων
3145 2853 3359 2935 καὶτοῖς
3375 2853 3676 2944 κυμϐάλοις

2100 2950 2476 3013 κτυπούντων,
2530 2954 2606 3017 ὡς
2651 2956 2828 3009 πάντα
2857 2958 3036 3014 δοκεῖν
3076 2960 3346 3019 δονεῖσθαι
3395 2967 3485 3020 τὸν
3511 2968 3676 3023 τόπον

2100 3040 2184 3113 [Ρ.
2218 3041 2346 3116 575]
2380 3046 2626 3117 καὶπρὸς
2658 3049 2754 3122 τὴν
2788 3053 3037 3129 κραυγὴν
3058 3056 3511 3127 ἐκταράττεσθαι,
3542 3058 3673 3117 Εἶτα

419 3128 703 3185 conditum
736 3126 1315 3197 terribilissimumque
1345 3127 1585 3183 sonitum
1618 3129 1837 3182 navium
1856 3144 1995 3183 onus

2102 3137 2238 3205 μετά
2286 3140 2385 3208 τὴν
2423 3138 2640 3209 άσημον
2698 3128 2916 3214 ἐκείνην
2954 3146 3041 3200 καὶ
3091 3148 3479 3223 φοϐερωτάτην
3535 3156 3675 3226 ἠχὴν

419 3230 582 3291 atque
615 3229 898 3274 vecturam
941 3219 998 3272 in
1044 3228 1247 3273 terram
1288 3220 1489 3291 ejicere
1521 3229 1830 3290 cmperunt,
1866 3237 1992 3276 cum

418 3313 726 3383 subjectum
757 3312 940 3367 locum
973 3326 1074 3381 pro
1102 3326 1334 3365 numero
1357 3311 1580 3365 navium
1610 3312 1779 3367 certis
1802 3313 1995 3381 spatiis

418 3404 753 3469 divisissent,
786 3418 895 3475 quo
920 3402 1073 3458 navis
1101 3404 1367 3474 cujusque
1395 3418 1556 3469 onus,
1580 3403 1739 3473 quale
1773 3403 1993 3459 tandem

417 3497 551 3552 illud
579 3506 747 3559 esset,
775 3496 1035 3551 distincte
1076 3510 1140 3550 ac
1167 3510 1413 3551 seorsum
1450 3496 1519 3550 ab
1550 3495 1674 3550 aliis
1702 3494 1991 3563 inferrent,

416 3600 479 3644 ut
505 3590 939 3662 uniuscujusque
968 3603 1101 3659 opes
1128 3603 1193 3643 ac
1224 3588 1531 3644 substantia
1576 3588 1717 3642 nihil
1764 3603 1996 3658 prorsus

415 3684 537 3737 aliis
566 3681 851 3736 commista
894 3686 1197 3734 exstarent.
1241 3679 1440 3734 Totum
1468 3680 1634 3751 igitur
1657 3678 1803 3735 diem
1836 3681 1990 3734 illum

415 3775 781 3832 exonerandis
816 3775 1048 3830 navibus
1080 3775 1515 3845 insumpserunt.
1571 3772 1833 3843 Sequenti
1860 3788 1993 3828 vero

414 3870 699 3935 navarcbi,
733 3868 837 3939 ipsi
859 3884 1077 3939 quoque
1106 3868 1335 3939 egressi,
1369 3867 1489 3922 aliis
1516 3882 1711 3923 rursus
1740 3866 1991 3938 partibus

417 3973 531 4020 tum
563 3964 909 4033 captivorum
944 3960 1350 4015 multitudinem
1370 3959 1626 4023 divisere,
1648 3967 1761 4012 tum
1786 3959 1988 4029 spolio-

416 4071 539 4110 rum
573 4054 855 4124 cupiosam
888 4055 1234 4122 amplamque
1278 4067 1537 4117 messem,
1564 4052 1720 4122 cujus
1746 4051 1988 4107 admira-

414 4147 562 4200 tione
615 4146 975 4214 obstupentes
1018 4143 1347 4205 Cretenses,
1393 4142 1481 4197 cui
1532 4142 1785 4211 exemplo
1836 4157 1988 4197 com-

411 4246 611 4310 parent
637 4252 759 4306 qure
780 4237 851 4291 ob
882 4235 1069 4291 oculos
1116 4234 1292 4304 posita
1325 4241 1506 4299 erant,
1567 4234 1780 4288 nullum
1819 4234 1987 4290 habe-

410 4331 562 4385 bant.
618 4331 757 4397 Quia
787 4344 917 4386 vero
953 4329 1009 4385 id
1054 4332 1293 4400 primum
1326 4328 1585 4384 Barbarie
1628 4330 1986 4388 constitutum

407 4433 549 4486 erat,
593 4431 652 4477 ut
683 4422 1021 4477 infortunato
1055 4422 1150 4480 illo
1177 4420 1381 4492 populo
1411 4422 1721 4489 commisto,
1751 4424 1847 4491 qui
1872 4422 1986 4479 ullo

408 4513 690 4569 allluitatis
717 4514 843 4583 jure
870 4512 1261 4582 sanguinisque
1302 4511 1709 4567 necessitudine
1742 4512 1981 4568 devincti
2008 4536 2062 4597 Β

407 4616 615 4669 essent,
650 4606 740 4660 alii
792 4606 929 4659 alios
968 4604 1152 4658 denuo
1193 4614 1577 4673 agnoscerent,
1628 4614 1759 4659 tunc
1789 4604 1979 4674 utique

408 4699 697 4755 horribilis
744 4698 1108 4767 turbatusque
1152 4696 1332 4751 audiri
1389 4698 1666 4768 ejulatus,
1726 4698 1984 4754 omnibus

404 4793 560 4848 velut
592 4807 699 4847 uno
730 4807 798 4847 ex
821 4790 972 4845 fonte
998 4790 1361 4862 lacrymarum
1389 4792 1536 4846 rivos
1566 4790 1715 4861 large
1743 4790 1980 4847 {unden-

405 4883 577 4947 tibus,
610 4884 1027 4955 identidemque
1059 4882 1499 4947 susurrantibus,
1544 4898 1676 4937 num
1710 4898 1824 4953 quo
1858 4884 1981 4940 loco

405 4972 576 5029 ullius
628 4972 1084 5029 charissimorum
1138 4980 1425 5042 compotes
1475 4971 1699 5034 forent,
1746 4988 1851 5029 nec
1872 4972 1981 5029 illis

404 5072 613 5119 temere
643 5066 1002 5121 constitutum
1044 5073 1264 5132 tempus
1296 5060 1612 5132 inquirendi
1640 5077 1771 5119 suos
1800 5064 1982 5120 elabe-

401 5169 577 5221 retur.
612 5159 923 5230 incertique
942 5163 1230 5213 manerent
1262 5172 1369 5225 qua
1405 5172 1463 5211 se
1508 5171 1603 5225 spe
1649 5157 1980 5213 recreandos

403 5252 569 5324 586
612 5252 720 5307 illis
772 5251 1149 5322 amplexandis
1203 5249 1562 5319 fruendisque
1604 5265 1701 5319 per
1730 5264 1850 5305 eam
1887 5250 1972 5305 in—

402 5342 739 5413 dulgentiam
770 5342 1196 5399 existimassem.
1250 5340 1574 5394 Circuibant
1608 5340 1825 5397 misera:
1856 5357 1978 5397 mu-

2097 3231 2417 3303 ἐπεχείρουν
2452 3234 2589 3306 πρὸς
2632 3235 2732 3307 τὴν
2770 3237 2878 3309 γῆν
2908 3242 3301 3313 άποφορτίζειν
3341 3247 3433 3301 τὸν
3481 3249 3671 3318 γόμον.

2095 3319 2357 3387 διελόντες
2403 3324 2483 3385 εἰς
2525 3324 2755 3397 μερίδας
2788 3330 2931 3382 κατὰ
2977 3330 3069 3383 τὸν
3113 3332 3349 3405 ἀριθμὸν
3380 3334 3487 3388 τῶν
3529 3336 3674 3404 νηῶν

2095 3412 2186 3465 τὸν
2218 3415 2624 3486 παρακείμενον
2652 3418 2836 3485 τόπον,
2869 3421 3002 3474 ὅπου
3036 3426 3166 3491 μιᾶς
3192 3425 3429 3498 ἑκάστης
3451 3428 3673 3498 φόρτον,

2094 3505 2241 3568 ὅστις
2269 3505 2400 3559 ποτὲ
2428 3503 2518 3577 ἦν,
2547 3506 2890 3580 διῃρημένως
2919 3513 3013 3566 καὶ
3035 3517 3489 3589 ἀποκεκριμένως
3518 3520 3675 3593 ἀλλή-

2095 3595 2202 3647 λων
2233 3596 2635 3667 ἐξεκομίζοντο,
2674 3600 2753 3664 ὡς
2789 3601 2855 3654 ἂν
2888 3602 3062 3673 ἀμιγῆ
3096 3607 3381 3676 τηρεῖσθαι
3411 3609 3509 3680 τὴν
3542 3612 3674 3665 ἐκά-

2097 3702 2229 3757 στης
2272 3689 2590 3758 περιουσίαν
2635 3691 2729 3747 καὶ
2783 3694 2892 3747 τῶν
2947 3697 3260 3765 προσόντων
3310 3703 3430 3764 ταῖς
3480 3702 3669 3766 ἄλλαις

2092 3776 2372 3842 παντελῶς
2412 3780 2791 3850 ἀνεπίμικτον.
2810 3784 2999 3840 Πᾶσαν
3026 3782 3119 3841 οὖν
3142 3788 3360 3857 ἐκείνην
3379 3791 3666 3849 ἀνάλωσαν

2094 3869 2173 3930 είς
2198 3870 2297 3939 τὴν
2323 3869 2636 3944 ἀποσκευὴν
2671 3875 2775 3944 τὴν
2810 3876 3043 3947 ἡμέραν.
3089 3877 3167 3950 Τῇ
3197 3879 3252 3933 δὲ
3282 3882 3407 3953 ἐξῆς
3444 3884 3667 3953 ἐξῆλθον

2091 3962 2189 4029 τῆς
2222 3960 2497 4031 θαλάσσης
2529 3965 2574 4017 el
2597 3964 2706 4017 τῶν
2730 3966 2876 4035 νηῶν
2906 3970 3139 4040 ἀρχηγοὶ
3174 3972 3365 4025 διελεῖν
3396 3974 3556 4026 πάλιν
3587 3978 3666 4041 εἰς

2092 4050 2256 4116 ἄλλας
2285 4054 2507 4124 μερίδας
2531 4055 2591 4109 τό
2619 4074 2679 4111 τε
2698 4058 2900 4130 πλῆθος
2928 4061 3038 4113 τῶν
3061 4062 3420 4133 αἰχμαλώτων
3449 4068 3542 4121 καὶ
3568 4068 3665 4138 τὴν

2094 4146 2292 4216 πολλὴν
2331 4148 2440 4202 τῶν
2473 4150 2685 4204 σκύλων
2722 4152 2874 4223 ὓλην,
2911 4149 2978 4227 ἧς
3009 4154 3288 4219 ἐξίσταντο
3326 4158 3423 4230 τὴν
3458 4162 3666 4231 πληθὺν

2089 4238 2137 4291 οἱ
2173 4240 2410 4310 Κρῆτες,
2444 4242 2620 4295 οὐδενὶ
2665 4244 3074 4315 παραδείγματι
3102 4250 3417 4320 συγκρίνειν
3449 4250 3664 4322 ἔχοντες

2089 4330 2156 4383 τά
2192 4330 2521 4404 βλεπόμενα.
2569 4334 2787 4406 Ἐπειδὴ
2839 4337 2895 4391 δὲ
2924 4338 3082 4393 τοῦτο
3118 4342 3334 4413 πρῶτον
3374 4344 3521 4409 ἔδοξε
3553 4348 3663 4411 τοῖς

2089 4422 2421 4493 Βαρϐἁροις,
2452 4425 2823 4497 ἀναμιχθῆναι
2883 4429 2992 4484 τῶν
3024 4430 3301 4503 δυστυχῶν
3331 4435 3425 4487 τὸν
3469 4436 3661 4505 δῆμον,

2088 4515 2236 4577 ὅπως
2261 4517 2305 4549 ⁸³
2338 4518 2433 4569 τὸν
2464 4518 2881 4590 άναγνωρισμδν
2916 4521 3012 4575 καὶ
3057 4523 3215 4589 αὖθις
3264 4525 3313 4582 οἱ
3347 4529 3664 4596 συγγενείας

2087 4606 2235 4669 τινὸς
2274 4607 2593 4677 μετέχοντες
2628 4612 2685 4664 ἐν
2734 4610 2982 4682 ἀλλήλοις
3036 4618 3375 4685 ποιήσονται,
3427 4618 3549 4673 τότε
3602 4620 3664 4688 δὴ

2089 4698 2320 4768 φοϐερός
2346 4717 2431 4765 τις
2459 4700 2688 4773 ἠκούετο
2736 4707 2830 4758 καὶ
2857 4705 3179 4777 ταραχώδης
3210 4708 3405 4780 θρῆνος
3447 4713 3662 4768 πάντων

2087 4792 2163 4854 ὡς
2210 4791 2319 4846 άπὸ
2350 4795 2483 4864 μιᾶς
2510 4795 2695 4867 πηγῆς
2742 4797 3012 4867 ἀφιέντων
3058 4801 3185 4864 τοὺς
3238 4805 3503 4873 κρουνοὺς
3554 4805 3661 4859 τῶν

2085 4881 2355 4956 δακρύων,
2409 4890 2505 4942 καὶ
2562 4888 2977 4959 θρυλουμένων,
3032 4892 3087 4945 εί
3148 4894 3252 4946 πού
3301 4910 3447 4960 τινος
3502 4895 3661 4949 εἰτο-

2087 4980 2308 5049 χήσοιεν
2329 4980 2375 5012 ⁸⁸
2400 4981 2508 5035 τῶν
2534 4982 2826 5051 φιλτάτων,
2860 4985 2952 5038 καὶ
2979 4985 3056 5056 μὴ
3082 4984 3220 5059 λάθῃ
3251 4986 3593 5056 παρελθοῦσα
3622 4991 3656 5057 ἡ

2092 5072 2399 5145 προθεσμία
2423 5074 2527 5146 τῆς
2554 5077 2895 5148 ἀνευρέσεως
2925 5078 3018 5131 καὶ
3043 5078 3270 5148 μείωσιν
3292 5078 3335 5111 ⁸⁷
3366 5079 3452 5132 ἐπ’
3476 5081 3657 5136 οὐδενὶ

2088 5164 2291 5235 βεϐαίῳ
2334 5165 2430 5237 τὴν
2482 5168 2610 5238 περὶ
2660 5168 2858 5233 αὐτοὺς
2906 5170 3270 5241 ψυχαγωγίαν
3311 5171 3656 5235 ἐλπίσαντες.

2090 5257 2457 5329 Περιήρχοντο
2508 5258 2668 5313 οῦν⁸⁸
2704 5261 2849 5315 ei“
2900 5262 3181 5334 δυστυχεῖς
3228 5266 3503 5334 γυναῖκες,
3556 5266 3655 5329 τὰς

2088 5350 2261 5417 κόμας
2292 5350 2510 5419 ἔχουσαι
2542 5351 2861 5421 λελυμένος,
2905 5357 3180 5426 πανταχοῦ
3223 5358 3655 5427 περισκοποῦσαι

1714 5455 1947 5513 νΑκιιΕ
1981 5459 2385 5522 LECTIONES.

471 5549 525 5629 δὴ
544 5550 944 5629 τὸνιῬωμαῙρν
1121 5551 1161 5629 ξι
1194 5551 1324 5620 ἡμῖν
1482 5551 1535 5629 ff
1568 5551 1971 5629 περιρρεόντων
1996 5556 2058 5612 Α.

411 5622 445 5653 ’⁸
478 5618 822 5690 εὐτυχήσειεν
861 5621 918 5673 Ρ,
1000 5622 1043 5652 ⁸⁷
1078 5618 1312 5691 μένωσιν
1342 5618 1404 5674 Ρ.
1481 5620 1525 5654 ⁵⁸
1550 5618 1678 5685 γοῦθ
1700 5618 1771 5673 λ.

2160 5556 2206 5632 ξ’
2237 5558 2626 5632 «animum;
2648 5560 2707 5614 P.
2805 5563 2848 5594 ιδ
2867 5565 2933 5617 δι’
2960 5569 3140 5620 ἐκεῖνα
3170 5564 3228 5618 Ρ.
3309 5567 3355 5602 δ’
3383 5564 3553 5629 οὕτως
3576 5564 3644 5621 Α.

1848 5623 1893 5654 δ’
1919 5628 1975 5678 αι
2007 5640 2116 5681 om.
2157 5627 2215 5682 Ρ.
