4140 6042
389 134 492 198 631

1580 121 1922 184 ΙΟΑΝΝΕΒ
1944 120 2386 182 CAMENIATA

3533 114 3639 178 632

387 247 482 299 ris.
549 242 766 297 Etenim
822 241 864 295 si
924 240 1140 308 singuia
1207 249 1497 290 recensere
1557 234 1786 288 voluero
1844 247 1968 303 qua:

2103 249 2163 284 ον
2185 232 2262 297 ";
2290 230 2352 285 Εί
2375 230 2484 302 γὰρ
2514 228 2896 301 ἀπαριθμῆσαι
2920 228 3131 299 θελήσω
3148 229 3267 282 καθ’
3297 230 3353 284 ἐν
3375 231 3476 284 ὅσα
3501 223 3645 281 κατά

386 352 487 408 per
515 336 636 405 eius
671 331 1036 404 navigationis
1066 329 1335 385 circulum
1369 327 1753 389 sustinuimus,
1790 339 1968 393 quan-

385 429 568 499 tisque
631 427 688 482 in
744 424 1014 498 angustiis
1050 422 1271 479 vversati
1330 422 1535 487 simus,
1579 420 1792 475 fabulas
1842 434 1968 472 nar-

387 537 514 579 rare
558 521 839 592 plerisque
872 518 1104 574 videbor
1143 527 1200 572 et
1242 516 1404 586 longe
1449 530 1480 569 a
1531 515 1759 570 veritate
1803 512 1969 566 aber-

388 627 546 676 rare,
599 625 710 682 qua
755 612 982 681 auspice
1021 612 1210 667 omnia
1265 624 1354 665 me
1413 608 1749 678 scripturum
1810 604 1971 676 polli-

387 707 533 759 citus
553 718 678 759 sum
709 702 765 759 in
790 701 1059 758 orationis
1079 700 1328 757 exordio.
1363 699 1670 770 EaprOpter
1696 705 1973 767 gestarum

391 809 581 850 rerum
635 804 845 864 partem
900 795 1199 866 plurimam
1246 800 1444 862 sponte
1497 790 1850 862 praeteriens,
1906 789 1976 846 iis

393 888 451 940 in
513 887 717 957 quibus
779 887 916 941 mihi
969 888 1120 941 vires
1182 885 1430 941 sufficere
1487 884 1808 939 viderentur
1864 885 1975 939 huc

393 993 570 1050 usque
614 978 961 1039 immoralus,
1003 987 1065 1032 ut
1107 976 1397 1033 credibilia
1443 990 1544 1046 per
1591 975 1775 1030 omnia
1829 973 1974 1030 dice-

392 1085 548 1136 rem,
603 1084 639 1125 o
690 1068 945 1142 Gregori,
989 1070 1275 1123 hominum
1339 1065 1746 1135 sapientissime
1811 1074 1980 1135 atque

392 1162 821 1225 studiosissime,
848 1161 1043 1218 eodem
1073 1160 1241 1216 modo
1272 1169 1331 1214 et
1375 1161 1590 1231 reliqua
1632 1173 1977 1229 percurram,

393 1267 517 1322 quae
549 1253 687 1322 ipsa,
721 1260 783 1306 ut
816 1267 962 1316 reor,
991 1251 1243 1322 quamvis
1269 1249 1599 1304 durum-cor
1626 1261 1685 1305 et
1724 1248 1984 1318 implaca-

396 1345 509 1402 bile
557 1345 813 1402 emollire
859 1342 1170 1410 sufficiant;
1215 1358 1285 1398 ne
1318 1354 1473 1398 tuum
1506 1341 1724 1407 dicam,
1780 1341 1836 1396 in
1869 1356 1984 1412 quo

401 1436 547 1489 inter
603 1435 710 1490 alia
763 1434 1000 1489 maxime
1052 1434 1315 1504 proprius
1374 1435 1551 1490 enitet
1597 1433 1766 1488 animi
1819 1435 1986 1488 mise-

397 1536 591 1582 rantus
636 1527 895 1594 affectus,
955 1544 1023 1583 ex
1064 1529 1223 1599 cujus
1269 1535 1407 1582 nutu
1465 1534 1631 1596 atque
1679 1525 1867 1583 indole
1914 1526 1984 1581 ad

404 1617 522 1672 luce
580 1619 870 1674 scribenda
927 1619 1255 1673 adhortatus
1312 1633 1375 1673 es
1435 1632 1665 1688 remque
1736 1623 1982 1684 tantam,

402 1709 510 1765 etsi
543 1709 758 1765 viribus
789 1711 949 1781 longe
978 1710 1265 1781 imparem,
1291 1709 1514 1781 aggredi
1540 1710 1879 1781 compulisti.

471 1889 561 1944 75.
601 1887 875 1946 Caeterum
915 1888 1048 1944 dum
1089 1889 1170 1945 sic
1197 1889 1341 1944 inter
1374 1889 1524 1944 varia
1557 1889 1988 1947 infortuniorum

402 1997 607 2053 genera
661 1985 1050 2047 colluctamur,
1106 1983 1300 2053 ingens
1343 1983 1596 2054 quaedam
1634 1993 1825 2038 exorta
1863 1999 1992 2054 pro-

405 2078 568 2141 cella,
605 2080 740 2133 mari
782 2086 1110 2148 tempestate
1151 2078 1392 2143 turbato,
1421 2080 1479 2134 in
1513 2079 1642 2136 vitae
1687 2095 1790 2134 nos
1826 2096 1992 2151 grave

407 2169 718 2239 periculum
758 2170 999 2225 induxit.
1064 2171 1204 2225 Hinc
1253 2167 1423 2227 n’aves
1461 2187 1656 2228 omnes
1691 2173 1992 2228 vehemen-

408 2259 550 2314 tiore
609 2259 739 2315 ﬂatu
794 2276 823 2314 a
875 2275 937 2314 sc
995 2261 1229 2316 invicem
1285 2270 1510 2331 totaque
1571 2264 1745 2318 classe
1802 2264 1995 2334 procul

410 2351 672 2420 dispersa:
715 2361 880 2421 atque
917 2351 1128 2417 divisa},
1173 2369 1279 2408 nec
1313 2362 1460 2409 recta
1501 2369 1724 2429 cursum
1751 2357 1997 2413 valentes

413 2443 721 2500 intendere.
779 2443 976 2497 Nescio
1031 2459 1164 2500 vero
1224 2459 1463 2515 quonam
1519 2446 1666 2500 malo
1710 2446 1994 2514 daimone,

409 2535 695 2603 proximus
737 2536 901 2594 nobis
934 2535 1096 2608 593
1134 2539 1202 2592 ad
1248 2538 1437 2592 laevam
1485 2538 1713 2594 infausti
1754 2539 1997 2594 nominis

414 2627 554 2694 Leo,
605 2644 718 2684 suae
768 2630 925 2684 navis
967 2631 1136 2700 puppi
1192 2632 1443 2686 assidens
1502 2641 1560 2688 et
1600 2634 1998 2705 gubernatores

412 2717 707 2786 navigandi
757 2717 956 2786 peritia
1014 2718 1316 2784 instruens,
1351 2719 1681 2775 vehebatur.
1728 2722 1868 2776 Eum
1903 2736 2000 2775 na-

417 2808 499 2863 vis
551 2809 694 2872 alia,
747 2810 842 2863 sed
900 2810 1076 2864 multo
1137 2811 1492 2877 imbecillior,
1545 2812 1600 2865 vi
1657 2811 1998 2881 tempestatis

2073 326 2172 398 τὴν
2203 325 2454 397 περίοδον
2493 325 2712 394 εκείνην
2739 324 2831 378 τοῦ
2864 324 3024 387 πλοὸς
3055 324 3370 392 ὑπέστημεν
3396 322 3490 376 καὶ
3522 318 3642 392 μεθ’

2074 423 2204 489 ὅσης
2239 418 2623 488 στενοχωρίας,
2651 415 2854 487 μύθους
2885 415 3020 482 δόξω
3056 418 3170 480 τοῖς
3199 415 3412 480 πολλοῖς
3440 412 3649 483 ἐξηγεί-

2079 508 2201 561 σθαι
2231 510 2323 561 καὶ
2360 507 2460 577 τῆς
2485 506 2741 578 ἀληθείας
2767 507 3152 577 ἐκτρέπεσθαι,
3181 507 3302 560 καθ’
3330 507 3396 576 ἦν
3425 508 3484 558 ὲν
3507 503 3649 573 ἀρχῇ

2076 601 2172 656 τοῦ
2212 601 2374 670 λόγου
2416 600 2594 654 πάντα
2617 601 2803 673 γραφῇ
2836 597 3172 670 παραδοῦναι
3202 596 3649 668 καθυπεσχόμην.

2076 694 2178 748 Διά
2217 711 2299 748 τοι
2337 692 2496 748 τοῦτο
2543 693 2612 747 τὰ
2655 693 2883 746 πλεῖστα
2913 691 3020 747 τῶν
3056 693 3462 763 πεπραγμένων
3514 686 3656 742 ἑκὼν

2081 785 2479 858 παραδραμὼν,
2524 781 2605 850 οἷς
2637 786 2704 840 ἂν
2741 785 2958 839 ἐδόκουν
2979 785 3212 856 μάλιστα
3251 786 3347 856 τὴν
3386 781 3656 853 ἡμετέραν

2079 885 2334 954 ἐξαρκεῖν
2361 882 2601 937 διάνοιαν
2624 885 2784 953 μέχρι
2804 880 2899 934 τοῦ
2921 881 3018 934 νῦν
3037 877 3574 950 προσδιατρίψας,ὼς
3602 876 3656 928 ὲν

2083 978 2259 1031 ἅπασι
2284 976 2345 1028 τὸ
2383 975 2579 1027 πιστόν
2609 990 2691 1027 σοι
2729 971 3057 1042 παρασχεῖν,
3075 964 3120 1023 ὦ
3144 968 3423 1037 σοφώτατε
3450 963 3661 1036 ἀνδρῶν

2084 1071 2180 1122 καί
2204 1065 2638 1137 φιλομαθέστατε
2664 1064 2958 1136 Γρηγόριε,
2989 1062 3133 1115 κατὰ
3153 1060 3243 1114 τὸν
3267 1059 3432 1112 αὐτὸν
3457 1057 3663 1126 τρόπον

2086 1160 2250 1215 πάλιν
2276 1159 2372 1212 καί
2393 1159 2524 1229 περὶ
2539 1157 2648 1210 τῶν
2671 1155 2875 1209 λοιπῶν
2902 1152 3105 1220 διεξίω,
3122 1151 3325 1206 ἱκανῶν
3361 1150 3458 1201 καὶ
3481 1146 3666 1201 ὡσαύ-

2085 1271 2192 1318 τως
2214 1254 2385 1306 ὄντων
2403 1252 2498 1305 καὶ
2520 1248 2840 1320 ἀμείλικτον
2860 1245 3152 1318 διαθρύψαι
3178 1242 3424 1314 καρδίαν.
3454 1241 3584 1311 μήτι
3600 1255 3666 1305 γε

2085 1343 2185 1414 τὴν
2215 1342 2336 1415 σὴν,
2367 1338 2435 1414 ἧς
2461 1341 2623 1395 τοῦτο
2654 1339 2856 1409 μᾶλλον
2879 1338 2990 1393 τῶν
3009 1336 3184 1392 ἄλλων
3203 1335 3350 1388 ἐστὶν
3378 1334 3668 1387 ἰδιαίτατον

2088 1437 2124 1505 ἡ
2162 1432 2498 1503 συμπάθεια,
2601 1430 2920 1500 πειθαρχῶν
2955 1431 3037 1491 είς
3075 1427 3278 1498 ταύτην
3312 1425 3460 1496 ἡμᾶς
3493 1421 3669 1475 ἐλθεῖν

2089 1528 2190 1599 τὴν
2220 1525 2549 1597 συγγραφὴν
2575 1525 2902 1594 προετρέψω
2937 1523 3034 1575 καὶ
3056 1521 3383 1592 πράγματος
3414 1515 3668 1570 τοσούτου

2089 1620 2509 1692 κατατολμῆσαι
2543 1617 2886 1693 παρεϐιάσω,
2924 1617 3028 1690 τὴν
3054 1616 3176 1670 καθ’
3217 1614 3366 1686 ἡμᾶς
3408 1608 3670 1682 ὑπερϐαί-

2088 1731 2274 1780 νοντος
2295 1712 2549 1788 δύναμιν.

2162 1893 2255 1948 οε’.
2284 1892 2436 1964 Πλὴν
2463 1890 2581 1946 ἀλλ’
2616 1887 2762 1944 οὕτω
2800 1890 2930 1961 περὶ
2970 1888 3172 1952 πολλὰς
3204 1886 3501 1958 συμφορῶν
3532 1886 3674 1948 ίδέας

2092 1986 2585 2060 προσπαλαιόντων
2633 1983 2784 2055 ἡμῶν
2835 1983 3073 2052 ἔφθασεν
3103 1985 3378 2037 ἐπιστᾶσα
3421 1981 3516 2034 καὶ
3559 1995 3677 2049 τρι-

2094 2079 2272 2152 κυμία
2300 2097 2406 2145 τις,
2447 2077 2740 2133 θαλάσσιον
2758 2077 3102 2148 διεγείρουσα
3127 2075 3394 2139 κλύδωνα,
3423 2073 3516 2127 τδν
3551 2069 3681 2138 περὶ⁵

2093 2172 2274 2244 ψυχῆς
2326 2171 2656 2229 ἀπειλοῦντα
2704 2171 2981 2226 κίνδυνον
3026 2170 3087 2235 ἐξ
3119 2162 3179 2224 οὗ
3227 2171 3323 2224 καὶ
3369 2170 3542 2223 πᾶσαι
3597 2168 3681 2222 δι-

2097 2265 2543 2338 εσκορπίσθησαν
2587 2265 2645 2319 ai
2677 2265 2824 2334 νῆες,
2853 2263 2934 2334 τῷ
2966 2263 3130 2336 ῥοίζῳ
3161 2261 3253 2316 τοῦ
3283 2261 3597 2330 πνεύματος
3620 2260 3683 2325 ἑξ

2098 2355 2346 2426 ἀλλήλων
2371 2358 2592 2426 μακρὰν
2613 2354 3037 2409 διασπασθεῖσαι
3069 2356 3166 2408 καὶ
3184 2353 3277 2407 τοῦ
3310 2353 3432 2407 κατ’
3459 2352 3680 2405 εὐθεῖαν

2097 2448 2258 2518 ἥκειν
2321 2447 2662 2501 ὲκκλίνασαι.
2699 2447 2814 2501 Οὐκ
2873 2442 2991 2500 οἶδα
3040 2446 3085 2500 δ’
3132 2447 3197 2500 ἐκ
3249 2445 3394 2509 τίνος
3441 2441 3681 2513 πονηροῦ

2099 2539 2354 2611 δαίμονος
2387 2541 2549 2608 ἔτυχε
2589 2539 2926 2610 παραπλέων
2954 2539 3091 2609 ἡμῖν
3135 2536 3369 2605 ἐγγύθεν
3396 2536 3458 2602 ἐξ
3487 2535 3685 2590 εὐωνύο

2105 2651 2210 2704 μου
2253 2636 2282 2687 ὁ
2315 2633 2631 2702 δυσώνυμος
2663 2633 2837 2696 Λέων,
2885 2632 3026 2686 κατὰ
3083 2631 3340 2702 πρύμναν
3391 2629 3494 2698 τῆς
3543 2627 3685 2693 ἰδίας

2101 2725 2233 2796 νηὸς
2265 2724 2582 2794 καθήμενος
2629 2723 2726 2778 καὶ
2763 2725 2874 2787 τοῖς
2901 2721 3266 2795 κυϐερνήταις
3298 2720 3398 2794 τὴν
3440 2719 3686 2792 περὶτοῦ

2103 2818 2260 2872 πλεῖν
2289 2817 2590 2889 ἐμπειρίαν
2618 2816 2940 2871 διατάττων.
2966 2814 3104 2870 Μεθ’
3133 2810 3211 2869 ὧν
3240 2815 3286 2845 ⁸⁸
3319 2814 3414 2869 καί
3449 2830 3535 2878 τις
3566 2813 3687 2867 ὄπι-

415 2899 830 2968 (navigantium
883 2910 1037 2956 certo
1081 2900 1504 2972 indubitatoque
1554 2902 1840 2972 periculo)
1879 2917 1998 2958 me-

2104 2910 2234 2964 σθεν
2267 2910 2401 2973 ναῦς
2447 2911 2613 2980 ἑτέρα
2659 2904 2810 2963 εἷλκε
2859 2910 2970 2963 τῶν
3018 2908 3195 2963 ἄλλων
3221 2909 3266 2941 ⁸⁷
3297 2905 3684 2977 ὑποδεεστέρα.

415 2993 503 3046 dia
541 2991 792 3050 diﬂracta
832 2993 1186 3061 sequebatur.
1237 2993 1320 3048 Ex
1362 3009 1428 3048 ea
1467 2995 1728 3060 clamare,
1769 2993 1864 3064 qui
1903 2995 1997 3051 illa

417 3081 764 3140 vehebantur
789 3080 1012 3137 Barbari
1048 3101 1061 3135 :
1096 3082 1261 3149 Serua
1295 3093 1388 3138 tua
1421 3087 1723 3153 praesentia,
1762 3103 1792 3140 ο
1821 3088 1999 3158 copia—

418 3187 539 3226 rum
563 3171 690 3237 dum,
722 3189 816 3226 nec
845 3181 1055 3227 tantum
1076 3174 1444 3243 Agarenorum
1463 3176 1852 3233 multitudinem
1873 3195 1997 3251 per-

416 3264 496 3316 ire
543 3265 710 3326 sinas,
743 3282 873 3335 quos
913 3266 1180 3338 hucusque
1209 3266 1275 3322 ab
1300 3271 1447 3322 omni
1483 3272 1740 3326 immunes
1769 3273 2000 3344 periculo

423 3357 765 3410 conservasti.
833 3355 975 3416 Tum
1025 3358 1153 3422 ille,
1205 3367 1455 3415 actutum
1519 3360 1575 3416 in
1639 3377 1737 3419 eos
1789 3363 2001 3420 directa

421 3446 570 3510 navi,
624 3447 833 3502 certius
885 3449 1260 3519 perquirebat.
1328 3450 1411 3505 Illi
1464 3467 1573 3506 una
1626 3469 1760 3510 voce
1809 3430 2003 3512 omnes

422 3539 682 3603 clamare,
728 3548 784 3594 et
823 3555 1019 3597 navem
1064 3541 1294 3597 fractam
1335 3555 1833 3602 commonstrantes
1874 3563 2004 3618 snp-

420 3632 640 3701 pliciter
676 3649 869 3704 rogare
897 3642 956 3691 ut
985 3633 1149 3689 nobis
1195 3635 1478 3704 omnibus,
1523 3639 1620 3708 qui
1650 3640 1823 3696 vincti
1848 3656 2003 3697 esse-

422 3739 567 3790 mus,
619 3725 673 3778 in
719 3740 870 3780 mare
926 3727 1210 3796 projeetis,
1260 3729 1362 3799 ipsi
1409 3730 1466 3784 in
1520 3747 1716 3787 navem
1761 3744 2003 3790 nostram

423 3826 878 3872 convasarentur.
912 3818 1184 3874 Nimirum
1220 3821 1552 3896 probrosum
1593 3839 1716 3881 esse
1749 3825 1804 3880 in
1853 3835 2006 3884 tanto

425 3910 673 3983 periculo
729 3910 893 3970 nobis
949 3913 1185 3967 servatis
1244 3913 1369 3974 illos
1420 3917 1587 3970 maris
1637 3917 1820 3987 perire
1871 3936 2008 3975 nau-

327 4023 332 4026 ·
425 4005 630 4074 i‘ragio,
684 4003 794 4059 nec
840 4005 1060 4060 illorum
1109 4009 1276 4062 vitam
1324 4016 1530 4066 nostra:
1576 4011 1860 4067 anteferri.
1923 4014 2006 4069 Ad

426 4098 574 4166 quod
623 4099 714 4153 ille
761 4100 1019 4156 ocissime
1056 4101 1282 4164 annuit,
1342 4101 1686 4173 imperatque
1740 4105 1860 4161 sisti
1910 4101 2008 4162 n'a—

429 4208 574 4256 vem,
622 4209 799 4262 exque
853 4194 943 4248 illa
991 4211 1091 4248 nos
1131 4195 1186 4248 in
1245 4210 1396 4254 mare
1443 4198 1658 4268 projici,
1711 4199 1837 4256 illos
1875 4215 2008 4257 vero

429 4287 483 4341 in
545 4285 716 4354 ipsam
769 4285 1075 4340 transferri.
1131 4285 1268 4343 Cum
1329 4287 1444 4343 hac
1494 4301 1823 4360 agerentur,
1879 4308 2006 4348 sen—
2040 4281 2085 4336 Ῑ)

429 4377 532 4428 sim
588 4376 807 4447 longius
856 4377 1176 4435 eiabiniur:
1221 4379 1538 4436 ferebamur
1579 4384 1730 4438 enim
1771 4386 2013 4442 violento

431 4485 493 4522 ac
543 4468 746 4522 furenti
795 4469 1036 4538 impetu,
1103 4473 1544 4541 propellentibus
1593 4476 1888 4544 fluctibus,
1953 4489 2016 4537 ut

429 4573 540 4612 non
575 4564 788 4612 tantum
833 4560 1062 4624 clamor,
1087 4562 1182 4616 sed
1228 4575 1296 4616 ne
1335 4565 1542 4618 tonitru
1583 4569 1804 4635 quidem
1847 4587 2017 4626 etalt.

431 4648 539 4704 diri
590 4659 797 4720 posset,
845 4667 954 4721 quo
1001 4670 1066 4707 ex
1113 4654 1233 4709 loco
1269 4655 1340 4709 ab
1388 4658 1469 4710 eis
1519 4659 1781 4730 disjuncti
1830 4662 2013 4720 fuera-

433 4758 573 4798 mus.
642 4741 712 4799 Ut
770 4758 901 4797 vero
967 4744 1131 4817 594
1195 4762 1296 4800 nos
1351 4763 1379 4800 a
1445 4764 1503 4802 se
1562 4751 1721 4822 longe
1790 4753 2016 4811 dissitos

431 4846 857 4905 conspexerunt,
909 4847 1042 4892 nutu
1099 4841 1219 4893 solo
1272 4841 1542 4896 Barbaros
1588 4846 1681 4914 qui
1726 4848 2012 4904 nobiseum

431 4937 591 4982 erant
641 4941 962 4999 exspectare
1009 4932 1298 5002 jnbebant.
1359 4934 1462 5001 Qui
1515 4937 1629 4992 sive
1680 4955 1790 4994 non
1850 4941 2012 4998 intel-

434 5022 665 5089 ligentes
714 5022 847 5091 quid
895 5023 971 5078 illi
1024 5027 1245 5091 vellent,
1299 5029 1414 5083 sive
1454 5031 1618 5084 etiam
1667 5045 1862 5101 sponte
1902 5053 2012 5092 non

436 5123 715 5177 curantes,
759 5131 884 5171 eum
924 5118 1069 5187 quod
1117 5120 1195 5177 illi
1240 5131 1487 5190 agerent,
1534 5125 1819 5181 attendere
1861 5130 2012 5184 nullo

437 5209 600 5263 modo
641 5210 980 5273 viderentur,
1017 5212 1155 5267 forte
1193 5230 1324 5268 vero
1359 5214 1377 5276 ί
1388 5215 1535 5282 quod
1561 5225 1619 5270 et
1661 5219 2014 5276 verisimilius

437 5304 555 5364 est)
603 5302 904 5359 ineﬂ’abilis
939 5318 1065 5376 erga
1106 5322 1207 5361 nos
1231 5307 1328 5361 Dei
1367 5307 1730 5375 providentiae
1766 5312 2035 5380 instincti.

440 5394 730 5462 mloctique
796 5397 1056 5461 numine,
1126 5398 1456 5470 navigationi
1524 5402 1783 5457 continue
1844 5404 2013 5462 insta-

2105 3004 2228 3074 ἥτις
2259 2997 2330 3074 ἦν
2363 3001 2410 3035 ⁸⁸
2441 3005 2509 3072 τῇ
2546 3000 2638 3073 βίᾳ
2665 3002 2763 3072 τῆς
2793 3002 2963 3071 ζάλης
3003 3001 3168 3072 μέσον
3198 3000 3561 3071 διαρῤαγεῐσα
3593 2999 3688 3052 καὶ

2105 3093 2410 3150 ἀπειλοῦσα
2452 3095 2565 3158 τοῖς
2610 3094 2668 3146 ἐν
2709 3095 2848 3165 αὐτῇ
2881 3093 3258 3165 ἢδηπὰρὸντα
3303 3091 3397 3145 τὸν
3428 3093 3488 3145 ὲν
3533 3088 3689 3143 ὕδασι

2109 3189 2368 3244 θάνατον’
2397 3189 2459 3255 te
2487 3183 2556 3261 ἧς
2589 3187 2895 3260 ἀνέκραγον
2936 3190 2985 3242 οἱ
3016 3189 3136 3241 κατ’
3165 3187 3342 3258 αὐτὴν
3371 3184 3650 3256 Βάρϐαροι
3671 3200 3687 3214 ο

2109 3279 2322 3336 Σῶσον
2348 3279 2628 3348 ἐπιστὰς,
2657 3276 2704 3336 ὦ
2736 3280 3089 3350 καθηγεμὼν
3126 3279 3234 3335 τοῦ
3269 3277 3553 3346 στρατοῦ,
3590 3276 3692 3332 καὶ

2102 3374 2192 3445 μὴ
2216 3353 2407 3444 Mirm
2428 3373 2628 3443 δῆμον
2647 3373 2944 3430 τοσοῦτον
2985 3372 3316 3443 Ἀγαρηνῶν
3335 3372 3692 3437 ἀπολέσθαι,

2111 3466 2219 3533 οὓς
2263 3466 2444 3538 μέχρι
2487 3467 2665 3522 τοῦδε
2716 3465 2968 3522 πολλῶν
3001 3467 3301 3520 κινδύνων
3334 3463 3690 3533 ἀπειράτους

2109 3559 2436 3627 ἐτήρησας,
2494 3558 2805 3624 ὲξειπόντες
2851 3560 2911 3612 ἐν
2941 3558 3109 3630 ὀλίγῳ
3143 3559 3239 3613 καὶ
3271 3560 3335 3611 τὸ
3358 3557 3593 3629 συμϐάν.
3637 3557 3694 3611 '0

2111 3651 2168 3704 δὲ
2203 3651 2486 3723 παρευθὺς
2514 3651 2638 3706 κατ’
2679 3651 2877 3714 αὐτοὺς
2913 3651 3013 3723 τὴν
3046 3650 3178 3705 ναῦν
3207 3651 3386 3705 ίθῦναι
3418 3651 3533 3714 τοῖς
3563 3651 3691 3721 περὶ

2112 3741 2274 3795 αὐτὸν
2326 3742 2642 3813 προστάξας
2682 3743 3077 3814 ἀκριϐέστερον
3119 3743 3379 3814 ἀνηρώτα
3411 3741 3480 3801 ⁸⁸.
3529 3742 3594 3796 οἱ
3637 3739 3694 3795 δὲ

2113 3833 2284 3886 πάλιν
2334 3833 2679 3904 ὁμοθυμαδὸν
2727 3834 2920 3901 ἐϐόων,
2965 3835 3159 3889 καὶτὸ
3193 3835 3365 3900 πάθος
3421 3835 3520 3906 τῆς
3567 3835 3693 3904 νηὸς

2114 3924 2503 3991 ὐποδείξαντες
2543 3925 2947 3996 ἐπρεσϐεύοντο
2989 3928 3208 3982 πάντων
3254 3926 3412 3999 ἡμῶν
3459 3929 3569 3982 τῶν
3612 3928 3688 3981 δε·

2116 4020 2296 4088 σμίων
2326 4023 2393 4090 τῇ
2448 4017 2694 4089 θαλάσσῃ
2733 4021 3002 4090 ῥιφέντων
3047 4021 3246 4084 αὐτοὺς
3299 4022 3381 4084 είς
3427 4021 3528 4092 τὴν
3573 4023 3693 4076 καθ’

2115 4112 2265 4180 ἡμᾶς
2297 4108 2429 4164 ναῦν
2485 4109 3022 4180 μετασκευασθῆναι.
3065 4110 3393 4182 ὲφύϐριστον
3435 4106 3577 4164 εἶναι
3611 4111 3694 4163 λέ.

2116 4219 2309 4271 γοντες
2345 4204 2404 4256 ὲν
2437 4202 2681 4274 τοσούτῳ
2722 4204 2879 4273 κακῷ
2913 4201 3236 4274 σωζομένων
3263 4202 3422 4274 ἡμῶν
3455 4205 3693 4268 exet-mu;

2117 4297 2210 4350 τοῦ
2246 4297 2388 4350 κατὰ
2431 4294 2708 4351 θάλασσαν
2735 4298 2989 4365 γενέσθαι.
3024 4299 3275 4352 κινδύνου
3309 4300 3406 4352 καὶ
3437 4299 3512 4376 μὴ
3565 4315 3682 4369 προ-

2117 4388 2421 4461 τιμηθῆναι
2460 4390 2561 4459 τῆς
2600 4391 2875 4460 ἡμετέρας
2904 4389 3067 4460 ζωῆς.
3102 4391 3245 4462 “pb;
3276 4391 3304 4444 ὃ
3344 4391 3409 4461 δὴ
3440 4393 3534 4446 καὶ
3566 4409 3690 4444 κατ-

2118 4482 2308 4536 ένευσε
2371 4482 2752 4552 παραχρῆμα,
2806 4482 3106 4553 ἐπιτρέψας
3161 4485 3360 4536 στᾶσαν
3419 4483 3518 4553 τὴν
3568 4484 3689 4537 vain

2117 4577 2268 4645 ἡμᾶς
2301 4574 2401 4645 μὲν
2433 4578 2499 4645 τῇ
2546 4575 2789 4647 θαλάσσῃ
2830 4576 3076 4646 ῥιφῆναι,
3109 4577 3349 4639 ἐκείνους
3393 4577 3532 4641 δὲιὲν
3562 4578 3696 4646 αὐτῇ

2122 4667 2622 4740 μετακομισθῆναι.
2663 4669 2752 4720 Ἑν
2782 4669 2892 4738 ὅσῳ
2921 4667 2978 4720 δὲ
3012 4667 3187 4722 ταῦτα
3221 4671 3543 4740 ἐπράττετο,
3577 4669 3698 4721 ἑλά-

2123 4761 2291 4830 θομεν
2321 4763 2424 4815 οὐκ
2452 4761 2634 4829 ὀλίγον
2661 4762 3001 4825 ἀποστάντες
3025 4763 3185 4833 ἡμεῖς
3205 4779 3218 4791 ·
3255 4761 3564 4831 ἐφερόμεθα
3594 4763 3702 4832 γὰρ

2121 4849 2286 4923 βιαίῳ
2331 4852 2441 4904 τινί
2488 4852 2582 4903 καὶ
2604 4849 2825 4920 χαλεπῷ
2869 4849 2947 4920 τῷ
2994 4850 3275 4920 ὁρμήματι
3303 4846 3541 4920 [Ρ.580]
3591 4851 3701 4911 τοῖς

2123 4944 2365 5013 κύμασιν
2388 4941 2850 5011 ὲλαυνόμενοι,ὠς
2879 4942 2940 4993 ού
2969 4940 3130 5010 μόνον
3153 4937 3554 5010 κραυγῆς,ὰλλ’
3579 4937 3702 4991 οὐδὲ

2123 5036 2356 5107 βροντῆς
2409 5035 2642 5101 ἐκεῖθεν,
2676 5033 2736 5100 ἐξ
2772 5024 2834 5086 οὗ
2883 5032 3252 5102 κατελίπομεν
3289 5031 3506 5093 αὐτοὺς,
3535 5027 3704 5082 ’δυνά-

2128 5146 2278 5201 μενοι
2306 5129 2608 5193 ἔξακούεινέ
2655 5126 2743 5192 Ὧς
2784 5122 2878 5182 οὖν
2909 5122 3050 5180 εἶδον
3079 5124 3298 5198 μακρὰν
3331 5122 3699 5187 ἀποστάντας,

2123 5215 2353 5292 νεύμᾶτι
2385 5222 2547 5292 μὸνον
2577 5221 2905 5293 προσμένειν
2936 5219 3063 5282 τοὺς
3091 5218 3187 5273 σὺν
3219 5219 3353 5290 ἡμῖν
3385 5214 3702 5286 Βαρϐάρους

2127 5318 2450 5386 ἐπέτρεπον.
2485 5317 2549 5369 Οἱ
2580 5317 2660 5382 δὲ,
2697 5313 2808 5368 εἴτε
2845 5315 2919 5386 μὴ
2969 5313 3242 5376 συνιέντες
3285 5311 3420 5382 πρὸς
3467 5309 3496 5362 ὃ
3525 5307 3701 5362 ταῦτα

2125 5409 2365 5472 ἐποίουν,
2392 5409 2502 5462 εἴτε
2552 5409 2647 5461 καὶ
2698 5406 2914 5470 ἑκόντες
2953 5407 3150 5470 αὐτοὺς
3201 5401 3697 5476 παραλογισάμενοι

1745 5493 1976 5551 VARI/1".
2010 5500 2407 5557 LECTIONES.

512 5581 557 5614 ³⁵
595 5583 958 5655 πορευόμενον
993 5586 1054 5637 Α.
1132 5588 1174 5618 ⁸⁸
1202 5589 1295 5642 ὃ·ιῖ
1378 5592 1417 5623 ⁵⁷
1448 5595 1562 5657 ταῖς
1597 5593 1781 5656 ilhc;
1816 5592 1875 5647 Ρ.

1957 5598 1997 5628 ⁸⁸
2028 5592 2117 5667 ἦν]
2149 5597 2243 5654 καὶ
2278 5596 2337 5650 l‘.

2415 5596 2457 5627 ⁸³
2494 5593 2744 5664 ὶνηρώτα
2782 5591 2841 5648 1⁵⁵.
