4140 6042
400 265 507 328 633
1479 266 1581 327 DE
1620 265 1932 329 EXCIDIO
1957 267 2572 330 THESSALONIC‘E.
3559 274 3668 339 634

398 376 475 447 τῷ
511 375 633 448 μηδ’
683 374 822 438 ὅλως
873 373 1164 447 φαίνεσθαι
1197 374 1488 445 προσέχειν
1520 377 1634 439 τοῖς
1673 376 1765 429 ὑπ’
1800 376 1972 431 αὐτῶν

2084 377 2239 437 bant.
2286 377 2434 432 nulla
2482 391 2675 433 eorum
2722 377 2818 448 qui
2873 387 3025 435 retro
3066 391 3255 439 essent
3305 383 3522 439 ratione
3572 385 3670 440 ba~

400 465 899 537 προσταττομένοις
936 466 1004 532 τ’,
1044 464 1185 535 τάχα
1219 464 1278 518 δὲ
1322 463 1484 519 τοῦτο
1529 464 1694 518 πλέον
1724 465 1828 520 ὑπὸ
1875 466 1972 537 τῆς

2082 468 2234 537 bita,
2289 468 2385 525 sed
2433 478 2495 524 ut
2537 467 2692 526 omni
2741 468 3024 542 diligentia
3078 483 3245 546 atque
3293 490 3460 546 opera
3512 491 3670 532 suam

401 557 612 626 ἀφάτου
641 558 770 628 περί
788 559 937 629 ἡμᾶς
967 557 1293 630 κηδεμονίας
1318 556 1412 612 τοῦ
1439 557 1575 612 Θεοῦ
1609 557 1972 629 διδαχθέντες,

2081 563 2289 634 pariter
2331 571 2708 634 nostramque.
2745 565 2802 620 in
2837 574 2948 621 tam
2985 565 3109 622 dira
3158 565 3493 638 lmmanique
3539 583 3670 640 pro-

400 651 612 724 είχσντο
631 649 728 705 τοῦ
752 649 936 716 πλοὸς,
969 651 1174 721 μηδένα
1201 650 1360 720 λόγον
1389 649 1500 706 τῶν
1525 651 1760 705 κατόπιν
1792 651 1972 707 notati-

2082 653 2246 716 cella,
2275 663 2581 712 statuerent
2609 655 2868 713 salutem.

307 772 310 774 η
403 761 576 816 μενοι.
605 745 747 803 ἀλλά
794 747 945 820 πάσῃ
988 745 1190 819 σπουδῇ
1239 747 1340 818 τὴν
1366 745 1550 802 αὐτῶν
1618 761 1680 802 τε
1749 749 1843 802 καί
1885 747 2047 820 ἡμῶν
2102 751 2380 824 σωτηρίαν
2429 753 2490 807 tv
2540 749 2684 807 οὕτω
2745 753 3039 825 βιαιοτάτῳ
3098 753 3485 826 μηχανώμενοι
3537 755 3672 811 κλύ-

276 1584 279 1585 ⁷
397 1583 474 1654 μὴ
505 1582 1087 1656 συγχωροῦντος,ἀλλά
1115 1582 1216 1654 τὴν
1241 1581 1463 1636 πάντων
1500 1581 1814 1650 ἀπόγνωσιν
1840 1582 1966 1637 ἑπι-

396 840 558 900 dum.

467 932 575 1000 og'.
619 933 707 998 Ὠς
736 930 793 986 δὲ
821 928 1042 1004 μακρὰν
1061 932 1411 996 ἀποστάντας
1441 930 1582 989 είδον
1599 935 1748 1006 ἡμᾶς
1775 936 1972 990 ἐκείνοι

2151 935 2241 994 76.
2293 936 2397 996 Ubi
2431 951 2600 1009 porro
2631 954 2736 995 nos
2770 938 2934 1012 longe
2977 938 3246 996 distantes
3290 941 3664 1011 conspiciunt.

396 1031 493 1086 καί
527 1030 608 1093 εἰς
636 1028 791 1084 οὐδὲν
813 1029 914 1100 τὴν
943 1027 1144 1101 σκῆψιν
1164 1030 1208 1062 ’⁸
1242 1029 1548 1100 χωροῦσαν,
1585 1030 1893 1104 συνείχοντο
1917 1030 1972 1085 δὲ

2081 1044 2291 1101 suaque
2335 1029 2572 1102 cogitata
2612 1030 2671 1085 in
2715 1030 2953 1086 nihilum
2993 1026 3193 1087 cedere
3231 1028 3548 1095 advertunt,
3578 1041 3666 1089 at-

395 1120 798 1184 κινδυνεύοντες
851 1120 968 1184 τοῖς
1001 1117 1160 1174 ὕδασι
1211 1118 1312 1190 τῆς
1363 1119 1490 1189 νηὸς
1538 1117 1971 1192 καταδυομένης,

2079 1136 2188 1196 que
2229 1122 2358 1178 navi
2398 1137 2571 1195 prope
2610 1122 2910 1195 mergenda
2952 1123 3008 1179 in
3059 1128 3498 1194 praesentaneum
3540 1123 3667 1180 vitae

392 1211 562 1284 ἄλλην
582 1212 707 1266 τινὰ
741 1210 928 1280 δέησιν
949 1210 1028 1284 τῷ
1050 1211 1304 1284 τυράννῳ
1332 1209 1633 1283 προσῆγον,
1651 1211 1839 1265 λαϐεῖν
1875 1212 1972 1283 μιν

2080 1213 2382 1270 discrimen
2429 1227 2489 1269 se
2532 1212 2803 1269 adductos
2847 1222 3120 1279 cernunt;
3179 1211 3330 1269 aliud
3380 1211 3664 1284 quidpiam

392 1305 592 1368 αὐτοὺς
613 1307 693 1368 είς
723 1304 825 1375 τὴν
858 1303 998 1359 ἰδίαν
1021 1304 1175 1371 ναῦν,
1199 1306 1360 1359 ἐάσαι
1383 1303 1441 1358 δὲ
1464 1306 1593 1370 τοὺς
1625 1307 1745 1377 μετ’
1769 1306 1972 1373 αὐτῶν,

2077 1321 2110 1361 a
2167 1313 2400 1376 tyranno
2459 1303 2791 1376 eﬂlagitant,
2853 1313 2918 1360 ut
2979 1304 3190 1360 scilicet
3262 1304 3318 1359 in
3381 1305 3662 1375 prapriam

397 1397 520 1468 μεθ’
539 1390 615 1452 ὧν
641 1396 976 1469 ἐπεφέροντο
1005 1397 1240 1466 σκύλων,
1269 1399 1336 1469 τῇ
1365 1396 1612 1471 θαλάσσῃ
1639 1397 1883 1469 δοθῆναι.
1911 1397 1971 1454 '0

2076 1397 2262 1453 navim
2308 1398 2445 1469 ipsis
2495 1396 2769 1468 receptis,
2813 1411 2911 1453 eos
2957 1397 3052 1467 qui
3114 1411 3240 1452 cum
3286 1396 3422 1467 ipsis
3468 1404 3660 1464 erant,

393 1487 451 1543 δὲ
479 1487 617 1558 πρὸς
637 1485 796 1541 τοῦτο
824 1486 988 1543 πάλιν
1012 1482 1084 1558 ῆν
1111 1486 1396 1559 εὐπειθὴς,
1420 1485 1626 1558 καίπερ
1653 1485 1749 1540 τοῦ
1771 1484 1969 1558 καιροῦ

2075 1489 2430 1562 praedamque
2477 1490 2790 1546 universam
2835 1488 2973 1545 mari
3023 1488 3405 1545 concrederet.
3448 1487 3665 1556 Quibus

2073 1584 2165 1643 ille
2207 1601 2402 1643 rursus
2444 1587 2691 1642 animum
2727 1582 2905 1640 facilis
2951 1582 3200 1648 adhibet,
3246 1579 3378 1640 licet
3422 1581 3479 1639 id
3524 1592 3662 1641 tem-

395 1674 690 1738 τείνοντος,
740 1675 833 1728 καί
879 1673 988 1729 τῶν
1018 1675 1322 1745 ἀγωγίμων
1360 1673 1454 1728 τοῦ
1515 1672 1708 1746 πρώην
1767 1673 1968 1746 φόρτου

2075 1696 2177 1754 pus
2227 1695 2337 1736 non
2395 1679 2770 1751 permitteret,
2833 1676 2931 1733 sed
2992 1675 3241 1733 omnium
3304 1676 3478 1749 magis
3539 1691 3661 1732 ma-

396 1765 646 1836 αὐτάρκη
672 1765 774 1833 τῆς
796 1765 923 1832 νηὸς
943 1763 1112 1819 αὐτοῦ
1135 1763 1236 1835 τὴν
1260 1766 1451 1838 χρείαν
1479 1764 1966 1837 ἀποπληροῦντων.

395 1858 544 1932 Πλὴν
563 1859 666 1913 οὐκ
691 1854 838 1922 εδοξε
866 1857 1024 1912 τοῦτο
1045 1859 1324 1928 συμφέρον
1347 1855 1510 1924 εἰναι,
1535 1858 1645 1914 τῶν
1667 1857 1968 1931 Βαρϐάρων

396 1951 815 2025 περισωθέντων
845 1952 971 2016 τοὺς
999 1949 1382 2021 αἰχμαλώτους
1417 1950 1740 2007 καταλιπεξν
1766 1951 1845 2024 τῷ
1873 1951 1967 2006 θα-

394 2045 604 2117 λασσίῳ
637 2045 805 2118 βυθῷ,
848 2045 985 2100 ἀλλά
1013 2059 1066 2099 τι
1108 2044 1270 2116 δῆθεν
1314 2046 1498 2110 ἐλέους
1543 2046 1802 2117 ἐχόμενον
1843 2046 1970 2101 καθ’

397 2134 592 2192 ἑαυτὸν
624 2133 1078 2207 βουλευσάμενος,
1105 2135 1250 2207 τάχα
1298 2138 1368 2207 τῇ
1404 2136 1574 2210 μανίᾳ
1610 2137 1713 2209 τῆς
1770 2137 1970 2214 φιλαρ-

393 2227 596 2300 γυρίας
621 2229 703 2292 εἰς
729 2225 891 2282 τοῦτο
919 2227 1256 2294 ωνελαθείς,
1283 2227 1407 2300 οὒχί
1438 2228 1495 2283 δὲ
1526 2229 1841 2304 συμπαθείᾳ
1859 2231 1969 2287 τινί

398 2322 528 2392 περὶ
558 2320 658 2393 τῆς
691 2320 872 2377 αὐτῶν
904 2319 1182 2385 ἀπωλείας
1215 2321 1556 2393 δυσωπηθείς
1587 2322 1730 2392 (πῶς
1759 2322 1869 2396 γάρ
1907 2323 1969 2389 δς

395 2413 652 2484 ἐφαίνετο
681 2414 876 2488 πρώην
903 2418 1017 2480 τοῖς
1038 2415 1244 2479 ἀδίκοις
1263 2415 1450 2484 φόνοις
1505 2416 1780 2489 τρυφῶνς)
1817 2417 1970 2489 ὅμως

398 2505 492 2557 καὶ
510 2505 708 2568 αὐτοὺς
731 2505 1058 2578 μετενέγκαι
1079 2507 1177 2560 σὺν
1191 2506 1304 2571 τοίς
1325 2505 1632 2580 Βαρϐἀροις
1649 2507 1966 2574 ἐπέταττεν,

398 2595 465 2645 ἶν’
499 2594 610 2665 ἔχοι
641 2595 747 2651 κάν
773 2596 986 2662 τούτοις
1001 2597 1292 2670 ἁδρότερον
1310 2598 1535 2670 ποιῆσαι
1561 2598 1623 2654 τὸ
1641 2599 1744 2672 τῆς
1768 2600 1966 2656 πλεον-

404 2685 548 2751 εξίας
610 2686 896 2760 βαλάντιον
974 2690 1071 2745 καὶ
1123 2690 1223 2761 τὴν
1281 2691 1609 2764 φιλόχρυσον
1657 2694 1968 2766 ἀναπλῆσαι

406 2780 622 2849 λύσσαν,
647 2783 754 2836 κᾶν
783 2783 923 2854 τάχα
947 2783 1205 2855 φορτικὸν
1236 2779 1306 2855 ἦν
1335 2785 1430 2839 καὶ
1454 2785 1664 2857 τόλμης
1689 2786 1885 2855 ἀλόγου
1908 2787 1970 2842 τὸ

404 2875 724 2945 ἐγχείρημα.
753 2874 979 2930 Πάντων
1006 2875 1062 2930 δὲ
1083 2875 1224 2931 κατά
1244 2876 1344 2949 τὴν
1372 2877 1540 2932 αὐτοῦ
1562 2877 1697 2933 ναῦν
1721 2877 1783 2932 τὸ
1806 2879 1968 2952 τάχος

404 2966 856 3036 μετενεχθέντων,
888 2966 977 3020 ἔδυ
999 2968 1182 3039 ἐκείνη
1208 2971 1322 3034 τοῖς
1344 2969 1499 3024 ῦδισι
1521 2969 1827 3041 βλεπόντων
1857 2974 1968 3030 τῶν

401 3056 701 3131 Βιρὸάρων
729 3061 824 3114 καὶ
847 3059 1028 3115 αὐτῶν
1052 3060 1109 3115 δὲ
1145 3061 1255 3116 τῶν
1285 3066 1611 3134 στρατηγῶν
1640 3069 1699 3120 ὲν
1733 3069 1868 3140 αὐτῇ
1902 3074 1970 3142 τῇ

402 3149 489 3219 νηί
519 3150 614 3204 τοῦ
653 3153 920 3223 τυράννου
950 3152 1372 3226 φυλαττομένων
1399 3158 1587 3223 αὐτοῖς
1606 3176 1620 3191 ·
1651 3161 1849 3227 οἵτινες
1880 3165 1974 3216 καί⁵

400 3245 536 3310 ἡμῖν
555 3245 613 3296 ἰν
638 3245 851 3316 ὑστέρῳ
869 3245 1044 3299 ταῦτα
1065 3246 1419 3318 διηγήσαντο,
1443 3250 1505 3302 τὸ
1530 3252 1972 3308 παντεπίσκοπον

403 3336 496 3386 καὶ
525 3333 905 3406 φιλάνθρωπον
960 3337 1400 3410 ἐκπληττόμενοι
1444 3341 1545 3411 τῆς
1601 3342 1790 3414 θεῖκῆς
1838 3362 1973 3418 προ.

402 3426 787 3524 νρὶας.-Πολ).ᾦ
819 3428 926 3499 γάρ
971 3429 1141 3484 πλείω
1168 3429 1278 3485 τῶν
1304 3431 1350 3463 ⁷³
1379 3430 1568 3502 χιλίων
1612 3433 1801 3504 ψυχῶν
1844 3434 1974 3505 ἔφα-

405 3514 531 3572 σῖιον
559 3514 697 3575 εἶναι
729 3522 872 3575 κατά
891 3523 991 3594 τὴν
1016 3522 1148 3578 ναῦν
1179 3523 1415 3596 εκείνην,
1441 3524 1507 3579 ἐκ
1534 3543 1592 3579 τε
1621 3527 1731 3581 τῶν
1757 3527 1974 3598 Βαρϐά-

404 3627 513 3678 ρων
534 3612 628 3667 καὶ
658 3614 769 3666 τῶν
791 3615 1155 3684 αἰχμαλώτων
1182 3616 1290 3672 τῶν
1319 3620 1377 3674 ὲν
1404 3622 1470 3691 τῇ
1497 3621 1688 3694 Κρήτη
1726 3621 1846 3675 κατ’
1871 3622 1973 3676 αύο

401 3702 499 3771 τὴν
543 3704 962 3776 εἰσενεχθέντων
991 3709 1088 3762 1ιαί¹
1115 3710 1228 3762 τῶν
1271 3709 1338 3764 ἐκ
1373 3711 1474 3781 τῆς
1504 3710 1762 3783 ῥηθείσης
1808 3729 1977 3781 προσ-

401 3793 662 3847 τεθέντων
706 3798 910 3863 αἰτῐας,
937 3799 1018 3863 ὼς
1050 3799 1307 3855 τοσοῦτον
1349 3801 1578 3872 ἀπέχειν
1612 3801 1976 3874 βαπτισθῆναι

401 3883 497 3953 τὴν
529 3883 732 3942 ὁλκάδα
787 3888 913 3942 ὅσον
945 3892 1072 3960 μιᾶς
1108 3891 1409 3964 παλαιστῆς
1450 3895 1514 3948 τὸ
1553 3887 1778 3966 μέτρον
1807 3897 1973 3952 ἐστίν.

403 3976 478 4029 Οὐ
512 3981 861 4050 συνεχώρησε
889 3981 944 4034 δὲ
973 3983 1134 4037 τοῦτο
1158 3986 1188 4038 ό
1224 3985 1336 4040 τῶν
1362 3985 1585 4057 ἀφανῶν
1615 3987 1861 4058 γνὼστης
1882 3988 1977 4042 καί

401 4066 509 4130 τῶν
553 4070 801 4140 κρυφίων
852 4073 1145 4148 ἐξεταστὴς
1185 4077 1412 4148 Κύριος,
1444 4077 1530 4152 [Ρ.
1573 4078 1704 4152 581]
1733 4078 1849 4134 ἀλλ’
1899 4080 1979 4147 ὡς

402 4155 506 4214 εἶδε
535 4161 633 4226 τάς
672 4165 900 4234 καρδίας
928 4168 1182 4223 ἁπάντων
1210 4171 1393 4241 πάσης
1425 4173 1523 4242 μὶν
1543 4172 1786 4243 χρηστῆς
1819 4173 1978 4226 ἀπει-

403 4249 610 4316 πούσας
639 4253 875 4320 ἐλπίδος.
899 4259 1049 4329 αὐτῷ
1069 4261 1128 4314 δὲ
1156 4262 1302 4334 μόνῳ
1327 4265 1428 4334 τὴν
1457 4265 1771 4335 ἀμηχανίαν
1795 4268 1978 4336 ἐμφα-

2073 1779 2266 1852 gisque
2314 1775 2755 1848 desperationem
2808 1781 3062 1844 augeret,
3103 1772 3390 1843 priorique
3433 1781 3661 1830 vectura

2073 1884 2140 1927 ac
2205 1883 2381 1925 onere
2433 1868 2556 1938 ejus
2616 1865 2837 1922 abunde
2895 1862 3052 1919 navis
3115 1865 3426 1934 constipata
3487 1873 3656 1920 esset.

2073 1961 2233 2020 Haud
2283 1963 2570 2018 enimvero
2619 1970 2652 2014 e
2706 1972 2767 2013 re
2817 1956 2954 2012 satis
2998 1954 3078 2011 illi
3116 1954 3297 2010 visum
3346 1963 3409 2010 ut
3452 1952 3658 2011 Barba-

2074 2057 2153 2112 ris
2192 2053 2425 2110 servatis
2461 2052 2708 2124 captivos
2754 2049 2926 2108 maris
2962 2048 3163 2122 gurgiti
3215 2042 3526 2104 sorbendos
3560 2045 3658 2102 de-

2073 2156 2307 2206 sereret.
2367 2145 2509 2214 Quin
2560 2144 2676 2200 imo
2716 2148 2905 2200 secum
2949 2143 3066 2213 ipse
3105 2135 3483 2197 misericordia
3528 2154 3660 2210 pro-

2073 2256 2206 2296 num
2256 2237 2549 2294 consilium
2592 2235 2837 2307 agitans,
2879 2238 2936 2290 et
3000 2231 3141 2288 forte
3189 2229 3436 2286 avaritiae
3469 2227 3658 2285 furore

2072 2330 2346 2395 concitus,
2384 2342 2497 2384 non
2537 2326 2647 2382 ulla
2687 2333 3000 2380 nostrorum
3032 2321 3291 2378 interitus
3331 2328 3513 2378 tactus
3549 2319 3654 2376 mi—

2072 2416 2712 2491 seratione,(quomodo
2747 2417 2928 2481 enim,
2969 2414 3061 2486 qui
3102 2428 3280 2485 nuper
3321 2412 3403 2467 sic
3436 2407 3660 2483 iniustis

2073 2515 2317 2573 caedibus
2367 2512 2695 2585 gaudentem
2725 2508 2886 2580 595
2923 2503 3314 2578 prodiderat?)
3361 2501 3483 2560 illos
3513 2517 3656 2572 quo-

2072 2625 2182 2683 que
2236 2605 2596 2663 nihilominus
2643 2619 2768 2660 cum
2813 2599 3071 2658 Barbarls
3121 2597 3309 2655 invehi
3354 2595 3544 2664 iubet,
3594 2600 3658 2650 ut

2073 2702 2203 2758 hinc
2248 2711 2467 2771 quoque
2509 2703 2851 2752 nummatum
2889 2689 3229 2760 marsupium
3277 2685 3496 2744 auctius
3525 2683 3645 2740 red-

2074 2795 2232 2851 deret
2285 2791 2516 2860 aurique
2556 2785 2772 2843 avidam
2821 2783 3031 2839 rabiem
3071 2779 3388 2841 exsatiaret,
3430 2774 3654 2834 tametsi

2076 2885 2310 2941 fortasse
2369 2880 2424 2937 id
2484 2893 2648 2952 grave
2703 2875 3087 2943 dementisque
3142 2868 3386 2927 audaciae
3444 2867 3658 2923 facinus

2073 2984 2237 3031 esset.
2299 2971 2572 3029 Omnibus
2617 2975 2798 3024 autem
2853 2966 2908 3021 in
2961 2967 3084 3036 ejus
3135 2961 3318 3018 navim
3370 2958 3658 3016 celerrime

2074 3069 2325 3134 invectis,
2353 3067 2459 3124 alia
2491 3065 2559 3121 ab
2593 3063 2751 3135 aquis
2778 3061 2936 3117 navis
2964 3059 3220 3129 absorpta
3255 3066 3360 3121 est,
3393 3052 3654 3110 Barbaris

2071 3159 2444 3221 intuentibus,
2504 3156 2745 3227 ipsisque
2801 3149 3093 3208 navarchis
3143 3149 3201 3203 in
3257 3147 3376 3218 ipsa
3429 3143 3647 3216 tyranni

2070 3258 2198 3313 navi
2253 3255 2508 3320 servatis,
2551 3253 2648 3324 qui
2693 3260 2750 3307 et
2799 3257 3011 3321 postea,
3049 3246 3249 3301 divina:
3290 3240 3655 3314 providentiae

2072 3351 2183 3403 vim
2212 3349 2460 3404 omnium
2501 3343 2887 3415 inspectricem
2918 3351 2975 3397 et
3012 3338 3410 3396 humanitatem
3456 3350 3523 3389 ac
3541 3335 3659 3388 cle-

2071 3437 2335 3493 mentiam
2392 3443 2713 3506 stupentes,
2769 3431 2888 3487 haec
2943 3430 3059 3500 ipsa
3118 3426 3280 3487 nobis
3332 3437 3655 3479 narravere.

2074 3529 2217 3585 Mille
2256 3528 2406 3584 enim
2461 3526 2700 3597 amplius
2749 3524 2961 3578 animas
3011 3520 3271 3577 dicebant
3325 3519 3381 3574 in
3434 3532 3500 3572 ea
3552 3531 3660 3570 nu-

2074 3621 2273 3677 merari
2325 3636 2497 3686 nave,
2553 3629 2669 3675 tum
2723 3616 3093 3670 Barbarorum
3149 3622 3266 3668 tum
3316 3609 3658 3680 captivorum

2075 3714 2217 3787 apud
2251 3713 2470 3770 Cretam
2509 3711 2567 3766 in
2597 3726 2718 3765 eam
2751 3708 3120 3764 inveclorum.
3162 3719 3227 3758 ac
3258 3711 3539 3772 postremo
3568 3714 3664 3755 er.-

2077 3820 2201 3860 rum
2246 3804 2342 3874 qui
2393 3816 2493 3872 per
2529 3813 2652 3854 eam
2702 3812 2923 3853 causam
2977 3795 3054 3850 illi
3092 3803 3342 3848 vectores
3394 3789 3661 3846 accessis-

2075 3906 2234 3961 sent,
2293 3901 2354 3948 ut
2396 3892 2562 3946 unius
2619 3888 2888 3945 duntaxat
2939 3885 3108 3956 palmi
3165 3898 3423 3939 mensura
3476 3890 3660 3936 exsta-

2075 3995 2191 4050 ret,
2248 3998 2314 4038 ac
2361 3997 2432 4037 ne
2479 3980 2639 4050 aquis
2675 3985 3017 4048 mergeretur
3073 3975 3309 4030 abesset.
3369 3971 3526 4038 Quod
3574 3979 3660 4024 ta-

2077 4093 2204 4132 men
2249 4090 2360 4130 non
2399 4071 2652 4143 permisit
2693 4069 3039 4125 occultorum
3077 4065 3329 4137 cognitor
3371 4061 3659 4128 Dominus,

2077 4176 2135 4224 et
2195 4168 2292 4239 qui
2346 4163 2668 4222 abscondita
2724 4169 3026 4219 scrutatur.
3088 4158 3197 4214 Sed
3250 4157 3344 4213 ubi
3414 4155 3662 4211 omnium

2077 4253 2246 4315 corda
2297 4257 2470 4321 vidit,
2519 4254 2670 4310 omni
2720 4253 2834 4324 iam
2879 4250 3147 4307 felicioris
3195 4249 3379 4305 exitus
3425 4261 3521 4317 spe
3569 4245 3666 4302 de-

403 4342 654 4407 νιζούσας
685 4345 765 4418 τῷ
807 4347 984 4403 πάντα
1028 4351 1314 4425 δυναμένῳ
1365 4355 1516 4426 μόνῳ
1553 4355 1634 4428 τῷ
1665 4356 1972 4427 βούλεσθαι,

2080 4349 2278 4420 posita,
2315 4346 2421 4419 ipsi
2463 4346 2582 4410 uni,
2629 4345 2689 4400 in
2732 4358 2844 4413 quo
2879 4341 3260 4402 versabantur,
3312 4337 3665 4393 manifestare

402 4435 701 4507 ἐπέϐλεψεν
753 4440 841 4494 ἐπ’
887 4443 1103 4508 αὐτοὺς,
1144 4447 1240 4501 καί
1294 4451 1376 4513 εἰς
1425 4451 1612 4518 πράαν
1652 4451 1753 4521 μὲν
1797 4449 1974 4521 αὔραν

400 4528 501 4596 τὴν
549 4530 868 4597 καταιγίδα,
921 4532 1002 4595 τίς
1031 4537 1274 4611 γαλήνην
1325 4540 1386 4593 δὲ
1415 4541 1514 4612 τὴν
1559 4542 1670 4598 τῶν
1714 4544 1976 4614 κυμάτων

403 4621 815 4693 καταστορέσας
847 4622 1196 4698 τραχύτητα,
1237 4630 1442 4685 ἔσωσεν
1483 4633 1686 4698 αὐτοὺς
1731 4637 1797 4687 ὲκ
1844 4650 1975 4687 τοσ-

402 4711 560 4764 ούτου
585 4711 855 4780 κινδύνου,
879 4718 1048 4768 πᾶσιν
1073 4723 1374 4792 ἐμφαίνων,
1391 4725 1484 4778 καὶ
1513 4725 1670 4795 μόνον
1693 4727 1812 4796 οὐχὶ
1844 4726 1976 4797 βοᾷν

401 4802 666 4858 δεικνύων
685 4805 754 4859 τά
781 4807 1106 4879 πράγματα,
1135 4816 1286 4875 ὅπως
1314 4814 1540 4884 ῥύεσθαι
1567 4817 1790 4874 δύναται
1807 4818 1838 4871 ό
1867 4819 1976 4872 τῶν

405 4896 725 4964 θαυμασίων
767 4896 900 4961 Θεὸς
930 4899 1059 4962 τοὺς
1115 4906 1174 4957 ὲν
1224 4904 1454 4976 ἀληθείᾳ
1510 4907 1608 4961 καὶ
1665 4908 1818 4981 φόὸῳ
1856 4913 1977 4966 ἑπι-

405 4993 769 5064 καλουμένους
799 4988 995 5046 αὐτόν.

471 5175 567 5240 οζν.
604 5173 750 5242 ’Ἤδη
777 5168 841 5222 δὲ
906 5167 1046 5236 μετά
1094 5170 1354 5244 πέμπτην
1411 5172 1508 5228 τοῦ
1556 5177 1716 5241 πλοὸς
1759 5180 1977 5250 ἡμέραν

408 5267 728 5337 κατήραμεν
773 5261 835 5311 ἐν
853 5259 927 5342 ’τῇ
956 5262 1106 5332 νήσῳ
1135 5263 1235 5333 τῆς
1261 5265 1488 5337 Κύπρου
1515 5271 1657 5323 κατὰ
1692 5276 1783 5324 τδν
1808 5272 1979 5342 ὅρμον

405 5357 505 5427 τῆς
530 5357 751 5422 Πάφου,
778 5350 837 5408 εν
866 5341 911 5416 ᾧ
939 5351 1035 5404 καὶ
1078 5353 1359 5418 ἀνεθέντες
1404 5357 1601 5427 μικρὸν
1633 5360 1708 5423 ὡς
1737 5341 1976 5425 ἐξελθεῖν

407 5451 531 5512 τοὺς
552 5445 873 5516 Βαρϐάρους
905 5443 1000 5494 καὶ
1029 5446 1138 5507 τοῖς
1166 5450 1593 5519 παρακειμένοις
1647 5443 1802 5506 ὕδασι
1851 5453 1977 5506 λού-

413 5539 634 5600 σασθαι,
681 5539 844 5592 πάλιν
894 5535 1103 5591 ἐκεῖθεν
1157 5539 1482 5609 ἀναχθέντες
1532 5544 1673 5611 μετά
1711 5561 1774 5612 γε
1814 5547 1975 5616 νυχο-

2078 4437 2296 4512 consilii
2341 4435 2606 4506 inopiam,
2657 4431 3042 4504 qui-videlicet
3087 4429 3202 4486 sola
3234 4429 3516 4484 voluntate
3557 4425 3667 4483 sal-

2079 4548 2174 4588 vas
2229 4540 2411 4602 potest
2457 4536 2754 4599 praestare,
2816 4527 2874 4581 in
2931 4525 3055 4580 illos
3109 4525 3300 4580 oculos
3351 4520 3662 4585 convertit,

2080 4638 2145 4679 ac
2194 4623 2493 4693 procellam
2550 4619 2775 4691 quidem
2833 4619 2888 4673 in
2949 4631 3140 4673 auram
3185 4617 3404 4680 lenem,
3462 4612 3666 4668 ﬂuctus

2082 4729 2213 4770 vero
2261 4722 2612 4784 exasperatos
2664 4713 2721 4766 in
2776 4710 3136 4780 tranquillum
3185 4722 3337 4763 mare
3384 4715 3662 4767 sternens,

2083 4819 2115 4859 a
2175 4813 2326 4860 tanto
2385 4805 2509 4859 illos
2558 4803 2810 4874 periculo
2871 4799 3159 4863 liberavit,
3221 4797 3437 4854 cunctis
3494 4793 3663 4849 nimi-

2083 4911 2204 4950 rum
2248 4896 2521 4966 prodens,
2553 4896 2757 4966 vixque
2790 4909 2880 4951 res
2913 4906 3028 4949 non
3056 4892 3294 4947 clamare
3332 4887 3663 4950 ostendens,

2083 5000 2241 5055 posse
2273 4985 2438 5058 596
2473 4986 2810 5042 mirabilium
2856 4985 3028 5041 Deum
3067 4984 3308 5039 liberare
3347 4995 3444 5037 eos
3475 4979 3570 5050 qui
3606 4978 3662 5032 in

2083 5076 2316 5130 veritate
2343 5085 2508 5146 atque
2538 5077 2734 5131 timore
2763 5078 2943 5158 ipsum
2971 5076 3252 5130 invocant.

2152 5185 2243 5241 77.
2272 5186 2402 5242 Post
2441 5188 2700 5258 quintum
2751 5185 3124 5259 navigationis
3170 5183 3318 5239 diem
3376 5181 3434 5236 in
3482 5179 3664 5234 insula

2083 5277 2265 5350 Cypro
2319 5279 2492 5349 Paphi
2552 5289 2780 5352 portum
2847 5279 3214 5339 intravimus;
3265 5272 3664 5348 paululumque

2085 5383 2419 5434 recreamur,
2449 5369 2579 5424 dum
2610 5370 2841 5426 Barbari
2889 5369 3129 5425 navibus
3159 5363 3426 5423 exeuntes
3455 5356 3522 5418 ad
3577 5362 3662 5415 vi-

2085 5462 2239 5517 cinas
2264 5477 2438 5531 aquas
2466 5463 2705 5518 lavatum
2733 5471 2891 5518 eunt.
2921 5460 3063 5517 Tum
3088 5460 3216 5516 inde
3234 5458 3510 5516 solventes
3528 5464 3657 5526 post

2081 5553 2228 5607 diem
2264 5569 2431 5607 unum
2463 5569 2527 5609 ac
2552 5563 2770 5609 noctem
2809 5553 3076 5623 Tripolim
3127 5550 3519 5613 concessimus,
3563 5560 3656 5601 eo-

1631 5639 1714 5692 VA
1726 5640 1860 5696 RL'E
1913 5644 2318 5703 LECTIONES.

514 5727 536 5760 ⁸
572 5722 1057 5798 προσταττομένοις
1085 5725 1445 5784 Combelisius
1482 5748 1493 5783 :
1539 5733 1660 5788 libri
1694 5739 2111 5806 πραττομένοις.
2188 5741 2230 5770 ⁷⁸
2261 5739 2496 5807 σκένζιινί

2567 5743 2612 5772 ’⁸
2646 5741 2753 5793 τῶν
2789 5753 2898 5794 om.
2938 5739 3003 5792 Δ.
