4140 6042
411 157 519 220 635

1071 161 1411 223 JOANNES
1461 159 1896 221 CAMENIATA
1943 153 2039 217 DE
2073 143 3029 214 EXCIDIOTHESSALONICE.

3506 180 3507 183 η
3579 139 3680 199 636

415 267 538 323 dem
579 266 698 337 ipso
727 267 820 323 die
841 281 955 340 quo
987 270 1227 326 salutare
1251 273 1436 328 crucis
1457 272 1668 343 lignum
1702 270 1996 333 exaltatur,

2114 264 2211 334 ημε
2222 280 2313 334 ρον
2346 259 2475 318 ἄλλο
2501 260 2602 330 τὴν
2623 257 2887 330 Τρίπολιν
2917 254 3315 326 κατελάϐομεν,
3341 252 3480 343 κατέ
3513 252 3684 322 αὑτὴν

415 359 645 428 quando
673 368 731 414 et
765 373 867 416 nos
896 361 1012 432 jam
1044 361 1284 432 primum
1317 380 1346 418 a
1383 363 1550 419 maris
1584 361 1853 434 periculis
1885 375 2003 415 ma-

415 449 594 520 lisque
620 461 843 509 eramus
878 453 1173 511 liberandi.
1226 455 1364 510 Cum
1424 471 1594 525 prope
1635 469 1856 508 murum
1909 464 2006 506 ve-

414 545 714 610 nissemus,
746 544 1154 615 oppidanorum
1185 546 1421 602 barbara
1473 547 1655 602 omnis
1685 545 2002 610 multitudo,

415 649 548 691 suos
576 634 862 706 excipiens
888 645 1223 708 nostrosque
1245 639 1550 702 admirans,
1585 638 1650 694 ad
1691 639 1873 707 ipsum
1903 651 2003 692 na-

415 723 535 780 vale
575 723 987 781 effundebatur.
1023 725 1150 782 Mox
1171 728 1321 783 enim
1361 743 1425 783 ac
1449 727 1606 782 urbis
1622 742 1792 782 naves
1813 741 2008 782 omnes

417 816 583 871 simul
613 825 835 871 coactas
863 817 920 872 in
959 827 1186 889 portum
1231 820 1438 876 deferri
1494 819 1748 889 contigit,
1811 828 1929 874 tum
1973 833 2008 874 e

417 907 653 977 singulis
683 917 742 962 et
758 909 1124 978 pecuniarum
1155 910 1313 981 capia
1338 917 1394 966 et
1426 911 1638 980 reliqua
1669 908 2006 981 spolia,vel-

417 1006 480 1052 ut
512 1015 581 1053 ex
607 1009 774 1054 vastae
805 1000 1132 1072 capacitatis
1173 1001 1433 1065 urbibus,
1459 1000 1620 1056 educi
1648 1001 1781 1056 etin
1811 1001 2008 1056 domos

422 1088 488 1141 ad
524 1087 579 1142 id
625 1097 788 1144 antea
821 1099 1049 1159 paratas
1094 1092 1356 1159 convehi,
1391 1102 1451 1146 ut
1509 1093 1668 1148 brevi
1718 1093 2009 1150 intervallo

423 1180 512 1234 bis
545 1181 602 1234 in
622 1195 743 1235 eam
773 1183 1008 1238 invectis
1032 1184 1167 1245 urbs
1195 1183 1544 1254 impleretur.
1568 1184 1713 1251 Quin
1742 1199 1847 1241 nos
1868 1200 2009 1256 quo—

421 1286 533 1342 que
573 1270 843 1328 ducentes
866 1273 1198 1340 eﬂ'erebant,
1235 1288 1293 1332 et
1322 1278 1482 1346 quasi
1529 1277 1781 1332 victoria:
1827 1276 2007 1348 quod.

421 1363 548 1418 dam
576 1373 864 1433 tropaeum,
891 1365 949 1420 in
983 1367 1231 1421 omnium
1270 1369 1449 1422 oculis
1491 1368 1870 1436 traducentes,
1903 1370 2009 1424 mi-

424 1458 627 1525 seriam
682 1468 928 1512 nostram
975 1473 1040 1514 ac
1093 1459 1467 1515 calamitatem
1525 1460 1680 1516 velut
1741 1461 1800 1517 in
1853 1461 2007 1519 orbis

424 1550 643 1606 theatro
673 1549 1079 1620 producebant.
1111 1549 1286 1618 Quam
1322 1553 1516 1608 multis
1543 1554 1692 1609 enim
1737 1554 2009 1612 vocifera-

425 1641 674 1697 tionibus
711 1643 794 1697 usi
824 1650 951 1698 sunt
980 1643 1324 1714 saltibusque
1363 1645 1705 1701 insultarunt
1755 1647 1812 1702 in
1853 1648 2011 1703 urbis

427 1737 706 1806 ingressu,
760 1751 885 1791 cum
935 1737 1002 1792 ad
1040 1753 1161 1792 eam
1214 1738 1568 1805 accessimus,
1619 1738 1752 1793 dum
1807 1741 2011 1810 probra

425 1834 614 1883 nostra
650 1841 716 1882 ac
757 1826 990 1897 iniurias
1032 1843 1243 1898 magna:
1289 1828 1393 1883 sibi
1445 1829 1816 1902 jucunditatis
1846 1848 2011 1901 argu-

426 1929 671 1976 mentum
707 1921 868 1992 597
892 1923 1150 1976 sumunt!
1207 1922 1351 1992 quod
1403 1930 1459 1978 et
1493 1923 1724 1992 reliquis
1747 1925 2011 1995 majorem

425 2011 590 2069 nobis
619 2013 870 2069 dolorem
906 2013 1160 2078 incussit,
1197 2030 1322 2069 cum
1374 2015 1514 2070 mala
1571 2014 1661 2070 illa
1706 2026 1764 2072 et
1815 2016 2011 2073 iterata

428 2106 726 2176 opprobria
744 2107 1092 2179 maximaque
1111 2108 1386 2164 dedecora
1403 2107 1548 2162 ferre
1569 2124 1680 2163 non
1699 2123 2008 2179 possemus.

430 2198 529 2254 Ubi
555 2199 839 2274 enimvero
869 2211 991 2268 post
1020 2215 1148 2257 eum
1179 2200 1460 2271 expletum
1495 2201 1842 2270 triumphum
1873 2201 2012 2258 assi—

427 2299 606 2359 gnatae
640 2287 802 2345 nobis
832 2288 1149 2354 suntaedes,
1186 2289 1241 2343 in
1280 2289 1484 2361 quibus
1516 2290 1619 2346 sub
1642 2291 2011 2348 Barbarorum

429 2383 681 2438 cusmdia
710 2383 915 2440 addicti
977 2383 1304 2440 tenebamur
1361 2399 1534 2455 usque
1584 2384 1715 2440 dum
1776 2385 2012 2444 Tarsum

428 2476 936 2546 proficisceremur,
967 2486 1099 2533 tunc
1136 2478 1398 2532 nimirum
1426 2493 1456 2532 a
1495 2478 1680 2534 multis
1727 2478 2013 2537 laboribus

427 2570 615 2633 levati,
651 2569 883 2640 ﬁxisque
914 2570 970 2624 in
1000 2577 1203 2625 terram
1235 2570 1534 2641 capitibus,
1559 2587 1670 2627 non
1694 2576 1814 2627 sine
1838 2574 2013 2646 lacry-

429 2665 536 2739 niis
561 2663 736 2717 Deum
760 2663 1125 2733 precabamur
1159 2671 1218 2717 ut
1253 2663 1472 2719 tandem
1503 2664 1801 2736 aliquando
1853 2668 2015 2723 malis

429 2757 634 2811 nostris
660 2756 823 2811 ﬁnem
855 2757 1167 2826 imponens,
1214 2757 1360 2811 haud
1405 2758 1548 2814 ultra
1598 2768 1682 2813 tot
1728 2760 2013 2816 molestia-

433 2863 556 2902 rum
594 2847 847 2904 turbines
880 2850 935 2902 in
981 2863 1084 2903 nos
1124 2847 1460 2910 intenderet,
1493 2865 1729 2918 quorum
1779 2851 1864 2906 vel
1897 2852 2012 2907 solo

2105 356 2207 426 τὴν
2237 352 2608 427 ὴμέραϊκαθ
2629 354 2697 425 ἢν
2738 349 2970 420 ὑψοῦται
3014 348 3075 402 τὸ
3111 346 3380 418 σωτήριον
3400 342 3494 397 τοῦ
3526 359 3688 396 σταυ-

2110 448 2203 520 ροῦ
2236 448 2412 513 ξύλον,
2442 447 2530 500 ὅτι
2562 444 2660 500 καὶ
2711 443 2876 515 ἡμεῖς
2917 441 3029 495 τῶν
3065 438 3208 494 κατὰ
3260 435 3538 489 θάλασσαν
3565 432 3687 502 ἄρτι

2108 542 2327 613 πρῶτον
2356 539 2660 610 ἐμέλλομεν
2691 533 3025 607 πειρασμῶν
3051 530 3346 602 ἀφεθῆναι.
3372 525 3689 595 Γενομένων

2105 629 2202 688 οὖν
2236 630 2394 704 ἡμῶν
2413 629 2647 700 πλησίον
2680 627 2774 683 τοῦ
2803 627 3041 696 τείχους,
3072 622 3252 694 ἐχεῖτο
3293 617 3424 689 περὶ
3451 618 3547 671 τὸν
3570 615 3690 670 varie

2111 726 2351 794 σταθμον
2405 725 2665 778 ἁπάντων
2718 717 3004 790 ιγχωρίων
3042 713 3347 786 Βαρϐάρων
3372 710 3436 764 τὸ
3466 707 3690 777 πλῆθος.

2107 820 2237 884 τοὺς
2263 817 2364 889 μὲν
2394 815 2632 880 οίκείους
2659 807 3240 885 προσλαμϐανόμενον,
3261 797 3387 868 τοὺς
3405 802 3526 858 καθ’
3547 800 3694 872 ἡμᾶς

2111 905 2168 961 δὲ
2207 905 2616 977 θαμϐούμενον.
2652 903 2807 976 Ἅμα
2855 901 2968 971 γὰρ
3015 897 3217 968 συνέϐη
3265 897 3447 959 πάσας
3468 891 3569 955 τὰς
3597 893 3696 961 τῆς

2110 999 2322 1062 πόλεως
2354 991 2633 1051 συνελθεῖν
2659 995 2797 1064 νῆας
2827 994 2921 1048 καὶ⁵
2951 990 3089 1064 πρὸς
3106 989 3200 1044 τὸν
3216 991 3390 1066 ὅρμον
3415 995 3695 1064 γενέσθαι,

2112 1085 2230 1143 εἷτα
2259 1086 2612 1160 ἐξεκομίζετο
2635 1087 2729 1158 ἀφ’
2761 1085 2997 1152 ἑκάστης
3029 1080 3088 1137 αἱ
3105 1078 3211 1142 τῶν
3242 1085 3353 1142 τῶν
3383 1103 3443 1141 τε
3483 1089 3696 1160 χρημάο

2109 1197 2219 1236 των
2246 1181 2308 1234 τὸ
2347 1179 2554 1251 πλῆθος
2583 1181 2681 1236 καὶ
2733 1181 2844 1235 τῶν
2887 1177 3092 1234 λοιπῶν
3123 1178 3336 1235 σκύλων
3363 1177 3559 1250 ὥσπερ
3590 1180 3704 1234 ἀπό

2111 1289 2277 1326 τινων
2333 1269 2569 1335 πόλεων.
2623 1271 2718 1327 καὶ
2764 1271 3034 1344 μετήγετο
3076 1271 3159 1337 είς
3187 1289 3343 1340 τινας
3387 1293 3695 1350 προηυτρσ-

2114 1361 2387 1431 πισμόνας
2408 1362 2613 1427 οἰκίας,
2644 1361 2724 1427 ὡς
2751 1363 2811 1418 ὲν
2837 1362 3007 1437 ὀλίγῳ
3033 1364 3392 1436 πληρωθῆναι
3413 1369 3514 1437 τὴν
3543 1369 3699 1423 πόλιν

2109 1455 2213 1524 τῆς
2225 1454 2430 1508 τούτων
2459 1454 2748 1527 ὑποδοχῆς.
2767 1455 3080 1528 Προέφιρον
3112 1456 3169 1512 δὲ
3194 1458 3291 1514 καὶ
3310 1459 3456 1531 ἡμᾶς
3475 1459 3699 1529 ἄγοντες

2114 1545 2370 1616 καθάπερ
2403 1563 2458 1600 τι
2479 1545 2743 1624 τρόπαιον
2772 1545 2949 1618 νίκης,
2976 1547 3072 1601 ἐπὶ
3125 1549 3296 1604 πᾶσιν
3319 1546 3469 1620 ημᾶς
3496 1551 3700 1624 θριαμ-

2115 1615 2370 1701 Εεύοντες
2395 1640 2490 1692 καὶ
2515 1615 2746 1706 θέατρον
2772 1615 3091 1710 ποιούμενοι
3107 1640 3209 1711 τὴν
3236 1615 3700 1715 καθῖημᾱςρυμ-

2117 1729 2310 1802 φοράν.
2361 1727 2486 1784 οἷον
2531 1731 2640 1801 γὰρ
2701 1730 3008 1801 ἀνέκραγον
3076 1733 3170 1786 καὶ
3227 1734 3343 1797 τοῖς
3398 1734 3701 1806 ιξάλμασιν

2116 1822 2544 1894 ὲπεσκίρτησαν,
2579 1819 2667 1876 ὅτε
2699 1819 2837 1892 πρὸς
2892 1821 3034 1892 αὐτῇ
3081 1823 3127 1856 ⁷³
3160 1824 3468 1896 γεγόναμεν
3496 1828 3563 1898 τῇ
3590 1830 3698 1881 stc-

2115 1915 2219 1988 όδῳ
2247 1914 2350 1984 τῆς
2376 1913 2605 1980 πόλεως,
2637 1915 2894 1985 ἀφορμὴν
2950 1913 3222 1986 θυμηδίας
3263 1915 3362 1989 τὴν
3385 1919 3508 1973 καθ’
3539 1920 3700 1990 ἡμῶν

2119 2007 2277 2082 ὓϐριν
2298 2007 2643 2078 δεικνύμενοι
2672 2008 2686 2062 ί
2720 2006 2749 2062 ὃ
2774 2008 2838 2078 δὴ
2861 2007 2958 2062 καὶ
2988 2008 3161 2065 πλείω
3215 2010 3325 2065 τῶν
3352 2011 3531 2070 ἄλλων
3563 2013 3702 2070 6:813-

2114 2118 2278 2171 νησεν
2299 2099 2344 2134 ⁷⁸
2370 2101 2543 2172 ἡμᾶς,
2577 2100 2762 2155 οὐκέτι
2809 2101 3077 2173 φέροντας
3120 2101 3230 2157 τῶν
3257 2103 3449 2159 δεινῶν
3475 2105 3701 2170 ἐκείνων

2115 2195 2212 2248 καὶ
2265 2195 2363 2264 τῆς
2409 2192 2863 2264 ὑπερϐαλλούσης
2912 2194 3180 2267 αίσχύνης
3226 2196 3326 2267 τὴν
3356 2192 3701 2267 ιπαλληλίαν

2116 2287 2464 2357 ὐςίστασθαι.
2511 2286 2652 2340 Ἀλλ’
2680 2288 2770 2340 ὅτε
2796 2286 2861 2358 δὴ
2884 2286 2981 2341 καὶ
3002 2287 3144 2355 μετὰ
3167 2287 3465 2344 τοῦτοντδν
3500 2290 3700 2363 θρίαμ-

2117 2381 2209 2434 ϐον
2241 2379 2532 2451 ἐκληρώθη
2555 2397 2640 2444 τις
2672 2374 2821 2444 οἶκος
2851 2383 2910 2434 ὲν
2957 2373 3002 2450 ᾧ
3049 2382 3406 2455 φρουρεῖσθαι
3437 2389 3699 2457 κατεκρί-

2116 2474 2181 2544 οη
2192 2491 2291 2544 μεν
2319 2472 2758 2545 τηρηθησόμενοι
2781 2475 2880 2544 τῆς
2912 2472 3048 2543 πρὸς
3073 2476 3172 2545 τὴν
3194 2475 3410 2547 Ταρσὸν
3436 2478 3696 2546 ἀφίξεως,

2115 2566 2240 2620 τότε
2269 2566 2334 2637 δὴ
2368 2565 2475 2619 τῶν
2510 2564 2719 2619 πολλῶν
2746 2566 3036 2631 ἀνεθέντες
3074 2567 3260 2621 πόνων
3289 2569 3382 2623 καὶ
3408 2571 3476 2641 τῇ
3509 2575 3578 2640 γῇ
3602 2573 3701 2633 τὰς

2115 2659 2356 2728 κεφαλὰς
2415 2659 2870 2731 προσερείσαντες
2928 2659 3189 2732 ἐδεόμεθα
3239 2659 3337 2715 τοῦ
3391 2661 3530 2716 Θεοῦ
3561 2664 3701 2733 μετὰ

2113 2752 2364 2822 δακρύων
2392 2751 2584 2824 στῆναι
2614 2754 2746 2824 ἡμῖν
2767 2771 2894 2807 ποτε
2925 2752 2995 2807 τὰ
3011 2752 3158 2807 κακὰ
3176 2754 3271 2808 καὶ
3299 2755 3495 2826 μηκέτι
3515 2754 3699 2833 χώραν

2114 2845 2302 2902 λαϐεῖν
2329 2847 2448 2900 καθ’
2476 2845 2634 2917 ἡμῶν
2682 2847 2942 2900 τοιούτων
3003 2845 3255 2918 ὀχληρῶν
3305 2847 3578 2911 ἐπίτασιν,
3621 2841 3699 2902 ῶν

429 2938 621 2995 auditu
643 2941 861 2995 animus
884 2939 1159 3007 horreret,
1184 2941 1388 3011 quippe
1413 2957 1537 2996 cum
1559 2952 1620 2997 et
1637 2943 1742 2998 illa:
1759 2943 1868 2998 vim
1892 2962 2007 3000 om-

2118 2939 2213 2992 καὶ
2245 2941 2277 3010 ἡ
2309 2939 2446 3011 ἀκοὴ
2476 2940 2612 3010 μόνη
2645 2941 2918 3011 μετήγετο
2941 2937 3029 2992 διὰ
3054 2937 3248 3011 πείρας
3278 2937 3471 2994 ἐλθεῖν·
3499 2942 3699 3004 παντὸς

431 3048 555 3086 nem
590 3032 798 3086 doloris
829 3031 1181 3087 excederent.

500 3125 588 3182 78.
621 3125 820 3181 Verum
851 3125 967 3179 haec
995 3127 1243 3195 quidem,
1275 3129 1422 3198 quod
1455 3129 1520 3184 ad
1547 3145 1646 3183 nos
1676 3131 1893 3194 attinet,
1920 3135 2014 3202 qui

430 3217 883 3272 commutationis
914 3221 1038 3288 jure
1070 3233 1236 3272 manu
1266 3221 1521 3276 mittendi
1548 3222 1925 3284 servabantur.
1961 3231 2016 3278 et

430 3309 632 3379 quibus
661 3309 935 3380 obtigerat
969 3311 1202 3379 captivis
1231 3312 1460 3381 reliquis
1493 3323 1554 3366 ut
1581 3313 1790 3385 Tripoli
1827 3317 2014 3370 nobis-

430 3417 557 3456 cum
585 3410 965 3456 versarentur.
1005 3403 1105 3469 Qui
1131 3414 1312 3460 autem
1339 3415 1587 3460 nostrum
1612 3407 1788 3462 Creta:
1814 3409 1866 3462 in
1891 3409 2016 3464 aliis

429 3493 664 3548 navibus
691 3493 851 3547 divisi
878 3493 1113 3559 fuerant,
1145 3512 1243 3564 per
1272 3513 1489 3553 omnem
1520 3499 1688 3572 Syrize
1722 3516 1874 3555 oram
1897 3519 2016 3557 ma-

434 3587 674 3642 ritimam
700 3585 938 3656 dispersi
967 3598 1131 3654 sunt;
1182 3605 1323 3659 quos
1355 3602 1691 3647 mercatores
1737 3609 2013 3650 commer-

430 3678 561 3744 cati,
596 3694 788 3735 rursus
813 3680 936 3734 aliis
968 3682 1020 3750 iu
1046 3681 1183 3734 locis
1217 3682 1599 3750 divcndentes,
1646 3684 1785 3740 inter
1843 3702 1902 3741 se
1944 3687 2013 3743 ad

433 3768 538 3824 hoc
567 3771 668 3826 aevi
727 3771 808 3827 sic
859 3784 1204 3827 commutant
1254 3787 1313 3828 ut
1370 3791 1436 3828 ex
1487 3777 1595 3829 illis
1653 3779 1901 3833 nonnulli
1960 3781 2015 3835 iu

426 3864 763 3935 [Ethiopian]
793 3876 1206 3936 extremamque
1239 3869 1414 3922 austri
1442 3871 1655 3941 plagam
1685 3873 1833 3928 inter
1879 3874 2011 3929 Bar‘

430 3959 594 4014 baros
629 3959 1019 4030 immigrarint.
1050 3960 1280 4026 Horum,
1327 3964 1570 4031 inquam,
1617 3964 1663 4018 si
1693 3967 1820 4035 quis
1872 3968 2012 4022 mala

433 4061 597 4120 atque
624 4067 900 4107 erumnas
923 4053 1130 4122 scripto
1161 4055 1482 4124 consignurc
1512 4061 1827 4123 tentavcrit,
1854 4060 2009 4114 sitni-

431 4145 501 4201 lis
530 4145 608 4200 illi
634 4144 914 4200 videbitur
947 4146 1041 4215 qui
1085 4161 1142 4201 se
1176 4149 1347 4202 maris
1385 4163 1582 4204 arenas
1619 4151 1671 4204 in
1723 4163 2013 4208 numerato

2116 3037 2224 3105 γὰρ
2241 3035 2491 3103 ἀλγεινοῦ
2512 3034 2674 3105 φύσιν
2701 3035 3023 3104 ἐκϐέϐηκεν.

2189 3127 2273 3200 [Ρ.
2328 3127 2455 3200 382}
2509 3127 2612 3200 οη’.
2685 3128 2845 3182 Ἀλλὰ
2897 3128 3070 3184 ταῦτα
3119 3130 3279 3201 ἡμεῖς
3330 3131 3378 3182 oi
3424 3127 3557 3198 πρδς
3602 3128 3698 3197 τὴν

2116 3220 2466 3291 καταλλαγὴν
2512 3218 2845 3293 τηρούμενοι
2879 3222 2972 3275 καὶ
3004 3225 3052 3277 οἱ
3100 3223 3219 3292 μεθ’
3249 3220 3403 3293 ἡμῶν
3446 3219 3698 3291 λαχόντες

2113 3314 2224 3368 τῶν
2258 3312 2461 3367 λοιπῶν
2513 3312 2880 3383 αίχμαλώτων
2924 3314 3067 3368 κατὰ
3109 3315 3207 3383 τὴν
3237 3313 3518 3383 Τρίπολιν.
3549 3315 3611 3367 οι
3640 3313 3698 3391 ὃς

2115 3411 2167 3476 γ’
2206 3412 2264 3462 ἐν
2297 3409 2492 3480 Κρήτῃ
2542 3408 2600 3472 εξ
2661 3407 2819 3476 ἡμῶν
2869 3405 3233 3477 διαιρεθέντες
3276 3410 3334 3461 ὲν
3361 3409 3478 3470 ταῖς
3512 3406 3697 3468 ἄλλαις

2116 3504 2273 3556 ναυσὶ
2301 3505 2423 3565 ταῖς
2453 3502 2545 3570 ἀφ’
2577 3503 2623 3534 τ⁵
2660 3501 2896 3554 ἑκάστου
2919 3558 2924 3564 _
2945 3500 3109 3552 τόπου
3164 3500 3538 3570 διεσπάρησαν
3577 3485 3695 3552 κᾶθ’

2113 3589 2240 3662 ὅλης
2280 3593 2378 3660 τῆς
2404 3591 2682 3662 παραλίας
2710 3590 2912 3660 Συρίας
2939 3607 2952 3620 θ
2988 3591 3086 3654 οὓς
3111 3593 3204 3646 καὶ
3233 3590 3532 3662 ὠνούμενοι
3568 3591 3697 3642 πολ-

2114 3683 2195 3736 λοὶ
2215 3683 2601 3753 τῶνὲμπόρων
2635 3684 2730 3736 καὶ
2759 3682 2924 3735 πάλιν
2969 3685 3517 3753 μεταπιπράσκοντες
3554 3688 3698 3740 κατᾶ

2114 3779 2404 3850 διαφόρους
2429 3778 2625 3840 τόπους
2658 3777 2716 3829 ιν
2741 3775 2993 3844 ἀλλήλοις
3029 3775 3191 3845 μέχρι
3227 3775 3321 3828 καὶ
3355 3775 3452 3827 νῦν
3499 3778 3696 3840 αὐτοὺς

2115 3871 2559 3943 ἀνταμεξδουσιν,
2589 3869 2666 3934 ὡς
2691 3869 2787 3923 καὶ
2825 3869 2996 3938 αὐτὴν
3043 3867 3247 3937 φθάσαι
3278 3871 3378 3939 τὴν
3408 3870 3697 3923 Αἰθιοπίαν

2114 3965 2263 4028 τινὰς
2297 3963 2354 4030 ἐξ
2387 3963 2564 4017 αὐτῶν
2593 3963 2687 4016 καὶ
2716 3962 2845 4023 τοὺς
2873 3958 2972 4030 τὴν
3018 3960 3325 4030 ἀκροτάτην
3352 3959 3696 4032 μεσημϐρίαν

2114 4033 2503 4117 κατοικοῦντας
2566 4051 2904 4123 Βαρὸἀρους.
2971 4046 3071 4103 ⁷ον
3125 4051 3174 4103 εἰ
3229 4049 3445 4121 θελησοι
3473 4068 3558 4114 τις
3597 4057 3695 4113 τὰς

2117 4151 2400 4222 συμφορὰς
2437 4144 2871 4216 ἀναγράφεσθαι,
2901 4145 3090 4212 ὅμοιος
3125 4137 3263 4197 εἶναι
3322 4142 3461 4208 δόξει
3483 4143 3561 4214 τῷ
3596 4145 3695 4214 τὴν

437 4239 642 4294 habere
672 4240 838 4295 stulte
883 4241 1177 4308 putaverit.
1232 4240 1469 4295 Omnino
1501 4243 1646 4296 enim
1682 4244 1845 4317 598
1871 4256 1927 4301 et
1953 4258 2010 4302 tu

2118 4243 2386 4314 παραλίαν
2428 4240 2655 4310 ψάμμον
2732 4238 3022 4307 ἑκμετρεῖν
3086 4235 3308 4298 εἰκαίως
3368 4238 3689 4291 τοπάσαντι.

437 4333 574 4402 ipse,
603 4331 852 4385 virorum
888 4332 1318 4400 studioSissime,
1348 4336 1393 4387 si
1450 4351 1592 4404 quos
1632 4338 1853 4392 illorum
1901 4337 2008 4394 Da--

2118 4311 2342 4396 Παντως
2376 4335 2486 4403 γὰρ
2508 4332 2600 4385 καὶ
2628 4328 2812 4391 αὐτὸς.
2836 4327 3267 4396 φιλομαθέστατε
3291 4325 3522 4397 ἀνδρῶν,
3538 4329 3692 4398 εἴπερ

433 4423 602 4478 tuasci
650 4422 798 4478 etin
843 4421 1370 4492 circumiacentibus
1420 4427 1656 4482 urbibus
1704 4428 2009 4484 offendisti.

2120 4426 2368 4496 ἐνέτυχες
2414 4440 2556 4477 τισιν
2610 4424 2669 4487 ἔξ
2723 4418 2928 4482 αὐτῶν,
2980 4417 3035 4470 ιν
3064 4433 3124 4470 τε
3176 4417 3242 4486 τῇ
3285 4415 3565 4485 Δαμασκῷ
3599 4417 3695 4470 καὶ

433 4513 740 4570 Oﬂ'endisse
766 4515 914 4567 enim
948 4513 1060 4569 illic
1085 4530 1196 4568 non
1229 4531 1432 4583 paucos
1473 4518 1608 4585 scio,
1639 4520 1787 4588 quod
1820 4535 2011 4576 omnes

2119 4523 2235 4582 ταῖς
2272 4517 2398 4586 περὶ
2424 4513 2595 4584 αὐτὴν
2633 4510 2853 4564 πόλεσιν
2873 4525 2887 4541 ο
2951 4509 3200 4573 ὶνὲτνχες
3223 4505 3356 4576 γὰρ,
3385 4501 3521 4570 οἶδα,
3565 4507 3690 4560 πολ⁸

431 4622 598 4664 naves
622 4605 798 4679 Tyria:
828 4611 1074 4674 captivos
1095 4620 1226 4661 suos
1254 4607 1310 4660 in
1365 4608 1484 4663 illas
1539 4621 1722 4681 partes
1767 4623 2011 4682 asporta-

2119 4610 2230 4672 λοῖς
2268 4608 2471 4670 ἐκεῖσε,
2490 4605 2578 4658 διὰ
2602 4604 2662 4658 τὸ
2709 4601 2889 4663 πάσας
2928 4599 3025 4662 τὰς
3056 4596 3260 4666 Τυρίας
3287 4596 3423 4666 νῆας
3444 4598 3557 4660 τοῖς
3599 4598 3693 4668 μέ-

430 4708 581 4754 runt.
610 4700 760 4754 Mitto
781 4699 929 4754 enim
951 4713 1018 4752 ex
1046 4706 1232 4753 nostra
1282 4715 1502 4772 quoque
1533 4702 1740 4772 Tripoli
1769 4719 2011 4760 commo-

2125 4717 2272 4771 ρεσιν
2333 4697 2567 4762 ἐκείνοις
2624 4695 2751 4756 τοὺς
2778 4689 3155 4762 αίχμαλώτουῑ
3189 4686 3441 4744 αὐτῶν...
3469 4687 3544 4743 ἐῶ
3569 4691 3693 4758 ,γὰρ

431 4790 667 4854 ratione,
694 4805 819 4843 cum
847 4803 944 4856 per
975 4787 1065 4842 illa
1090 4789 1209 4844 loca
1241 4789 1340 4844 tibi
1364 4799 1478 4844 tum
1505 4791 1686 4860 primo
1702 4795 2011 4849 transeunti

2120 4795 2301 4862 λέγειν
2329 4793 2412 4845 ὃτι
2439 4791 2533 4846 καὶ
2557 4787 2719 4859 ἡμῶν
2768 4787 2803 4856 ἡ
2850 4785 2980 4854 περὶ
3002 4783 3103 4852 τὴν
3129 4778 3389 4848 Τρίπολιν
3427 4777 3693 4854 διαγωγὴ.

433 4892 729 4953 parumper
762 4883 1132 4947 innotuimus,
1162 4897 1430 4952 perquam
1461 4885 1682 4942 abunde
1726 4895 1780 4942 te
1811 4888 1878 4942 de
1930 4890 2011 4943 his

2117 4890 2280 4942 ὁπότε
2328 4882 2665 4955 διερχομένῳ
2727 4897 2810 4934 σοι
2864 4877 3072 4930 ἐκεῖθεν
3116 4884 3243 4936 κατ’
3291 4878 3467 4954 ἀργὴς
3518 4889 3707 4959 μικρδι

434 4973 694 5029 didicisse
718 4991 728 5036 ;
769 4989 890 5043 qua:
919 4983 973 5028 et
995 4973 1156 5029 nobis
1184 4976 1501 5030 tacentibus
1524 4989 1613 5031 res
1633 4988 2011 5048 repraesentet,

2118 4979 2631 5050 ἀνεγνωρίσθημεν,
2669 4971 2873 5034 ἱκανῶς
2906 4987 2962 5026 σε
3010 4979 3139 5049 περὶ
3193 4977 3404 5032 τούτων
3441 4981 3711 5049 πεπληρο,

434 5065 859 5135 animorumque
894 5065 1149 5121 dolorrtn.
1174 5084 1235 5121 ac
1267 5069 1574 5123 cruciatum
1603 5085 1671 5124 ex
1699 5072 1812 5140 ipsa
1840 5072 2011 5127 vultus

2121 5073 2355 5146 φόρηκε,
2405 5070 2503 5124 καὶ
2557 5072 2902 5124 σιωπώντων
2928 5069 3088 5140 ημῶν
3123 5069 3190 5121 τὰ
3233 5073 3376 5140 πράγ
3392 5092 3546 5140 μρτα
3581 5091 3711 5142 παρ.

435 5158 619 5228 specie
649 5169 802 5213 certo
841 5159 1066 5220 indicet.
1111 5163 1458 5233 Quapropter
1518 5172 1632 5216 tum
1691 5173 1747 5217 tu
1798 5179 2011 5236 quoque

2123 5168 2329 5220 ιστῶσα
2357 5166 2448 5218 καὶ
2468 5165 2568 5234 τὴν
2611 5163 2806 5231 ὀδύνην
2831 5162 2941 5214 τῶν
2967 5161 3155 5230 ψυχῶν
3183 5161 3306 5224 ταῖς
3353 5179 3422 5230 μο
3443 5169 3598 5232 οτιαίς
3633 5165 3690 5229 εξ

438 5251 881 5320 commiseratus,
912 5265 969 5312 et
1000 5257 1350 5310 fortunarum
1384 5264 1699 5309 nostrarum
1741 5255 2021 5328 particeps

439 5343 733 5422 sociUSQUc
756 5350 1008 5413 ciicctus,
1048 5365 1109 5402 ea
1143 5347 1360 5400 ratione
1387 5346 1533 5413 quod
1560 5344 1757 5400 borum
1802 5362 2022 5404 omnes—3

442 5448 641 5503 seriem
667 5444 853 5499 doceri
902 5440 1126 5516 plurimi
1163 5440 1380 5505 feceris,
1420 5438 1553 5492 satis
1608 5437 1892 5495 manifeste
1947 5445 2021 5495 si-

2125 5255 2557 5328 ελέγχουσα.Ἔξ
2595 5245 2656 5307 οὗ
2702 5253 2769 5326 δὴ
2825 5254 2921 5306 καὶ
2959 5253 3119 5317 αὐτὸς
3162 5267 3537 5335 συμπαθήσας
3575 5263 3716 5321 τότε.

2123 5352 2218 5404 καὶ
2271 5353 2326 5404 ἐν
2357 5349 2533 5418 τούτῳ
2573 5347 2913 5416 κοινωνήσας
2970 5347 3103 5415 ημῖν
3131 5345 3227 5397 τοῦ
3268 5356 3470 5420 πάθ(.ι)ς
3530 5373 3598 5408 εν
3646 5353 3719 5420 τῷ

2127 5444 2250 5513 περὶ
2280 5439 2476 5494 πολλοῦ
2540 5439 2866 5511 ποιήσασθαι
2921 5438 3112 5506 μαθεῖν
3163 5438 3269 5507 τὴιν
3321 5449 3445 5519 περὶ
3503 5467 3591 5504 τον
3614 5462 3720 5498 των

1767 5533 1992 5591 κἈΡιίΞ
2032 5535 2430 5594 LECTIOL‘iES.

540 5636 583 5668 "
614 5635 775 5706 αὕτη.
814 5636 918 5691 ΛΡ.
997 5636 1040 5662 ⁷*
1071 5633 1327 5701 ὠδίνηστν
1363 5630 1464 5686 ΛΡ.
1549 5631 1591 5663 ⁷⁸
1630 5631 1712 5684 ἀν’
1738 5629 1800 5683 Ρ.
