4140 6042
382 123 490 185 639
1634 127 2011 190 DEMETRII
2049 131 2361 192 CYDONII
3525 137 3629 201 640

384 249 716 295 antecessum
767 239 1019 309 funestius
1084 244 1235 297 aliud
1281 244 1363 298 hic
1419 242 1533 314 ejus
1599 254 1982 316 reprazsentare
2037 247 2321 313 excidium,
2369 264 2472 318 quo
2503 264 2606 301 non
2657 246 2886 302 hostium
2923 251 3276 320 grassatione,
3319 251 3410 305 sed
3445 253 3633 305 civium

385 328 614 382 tumultu
643 328 877 382 immane
897 336 1156 398 quantum
1181 331 1379 399 fmdata
1408 332 1594 386 civitas
1625 341 1700 386 est
1722 340 1774 386 et
1798 332 2057 400 desolata,
2105 334 2308 404 sibique
2341 337 2454 405 ipsa
2495 337 2630 390 vires
2664 336 2883 401 ademit,
2925 345 2975 390 et
3004 345 3064 390 ut
3106 336 3261 406 facile
3304 339 3632 408 postmodum

388 415 568 470 Turcis
615 416 797 487 praeda
831 418 1056 483 cederet,
1110 428 1432 474 momentum
1487 420 1649 486 dedit,
1696 420 1915 489 urbique
1944 421 2193 492 Augusta
2227 439 2289 476 ac
2318 422 2596 494 Byzantio,
2644 440 2738 494 per
2763 439 2853 479 eas
2876 426 3016 493 ipsas
3045 425 3216 478 civiles
3258 426 3545 478 discordias
3574 441 3636 478 ac

390 505 668 574 factiones,
698 520 756 558 eo
784 505 896 573 fato
923 509 1160 575 praeiret.
1195 507 1392 562 Auctor
1437 509 1565 562 mihi
1611 510 1693 562 hic
1715 507 2011 563 Demetrius
2055 509 2321 581 Cydonius
2345 512 2453 582 ipse
2476 511 2977 576 Thessalonicensis,
3021 515 3158 566 inter
3186 528 3305 566 suos
3345 512 3633 582 plurimum

385 591 767 657 schismaticos,
807 609 900 646 nec
933 592 1127 648 levibus
1158 596 1422 649 erroribus
1454 595 1853 650 Palamitarum
1898 597 2030 651 nube
2080 597 2364 664 involutos,
2404 600 2532 670 ipsis
2558 599 2873 653 dementatis
2905 600 3263 654 Ecclesiarum
3293 600 3637 669 principibus,

389 678 619 750 aulaque
644 680 753 748 fere
783 682 837 734 in
861 697 1043 735 eorum
1071 682 1300 737 adducta
1327 684 1667 749 sententiam,
1694 683 2148 740 Catholiciisimus
2176 686 2486 758 Latinisque
2515 688 2930 753 addictissimus,
2961 704 3054 742 nec
3079 688 3250 741 minus
3273 689 3382 742 suis
3400 688 3636 753 devotus,

385 769 709 836 stridensque
740 765 959 822 Gracia:
977 769 1099 838 jam
1128 769 1364 840 dejectio,
1397 787 1505 842 qua
1542 772 1629 827 via
1663 771 1863 836 liceret,
1898 775 2207 827 revocandis
2231 773 2416 839 rebus;
2441 776 2579 845 quod
2611 775 2704 828 hoc
2730 791 2835 828 uno
2865 777 3109 845 prmstari
3139 790 3286 844 posse
3322 791 3384 827 ac
3407 784 3636 843 sperari,

389 854 503 905 acri
522 867 652 907 sane
681 856 761 907 vir
776 855 979 924 judicio
1005 858 1346 921 existimavit,
1383 861 1431 911 si
1463 860 1631 929 sOpito
1667 861 1925 931 sequioris
1959 861 2054 915 arvi
2084 860 2322 926 dissidio,
2381 863 2708 933 pristinaque
2735 865 2954 915 reducta
2989 859 3410 917 Christianitatis
3441 878 3502 915 ac
3533 861 3637 915 Ec-

390 941 563 995 clesiae
587 942 741 1011 facie,
777 944 938 998 Noble
961 944 1144 999 Romae
1177 963 1295 1000 cum
1315 944 1549 1012 Seniori,
1595 948 1726 1016 ﬁlia!
1746 967 1864 1003 cum
1912 957 2102 1015 matre,
2153 957 2203 1002 et
2234 966 2268 1003 a
2299 965 2405 1019 qua
2431 948 2562 1016 ﬁlia:
2602 951 2772 1002 omnis
2827 951 3085 1018 dignitas,
3137 950 3452 1002 conveniret.
3507 947 3639 1012 Ejus

391 1032 486 1082 hoc
531 1042 845 1100 argumento
894 1031 1202 1087 Orationem
1245 1035 1665 1101 deliberativam,
1705 1038 1769 1090 de
1810 1037 2123 1091 Latinorum
2155 1036 2482 1105 corrogando
2533 1037 2757 1097 auxilio,
2801 1035 3132 1105 alteramque
3167 1037 3230 1088 de
3252 1052 3354 1088 non
3374 1034 3641 1088 reddenda

393 1115 675 1186 Gallipoli,
697 1121 762 1172 ab
790 1135 929 1173 anno
945 1124 1064 1190 jam
1088 1121 1225 1176 1648
1254 1123 1391 1192 typis
1430 1123 1686 1192 vulgasse_
1711 1125 1944 1188 memini,
1959 1127 2146 1194 quibus
2174 1126 2382 1194 prmiret
2424 1122 2676 1176 Theodori
2717 1124 2958 1193 Despolia
2997 1123 3381 1192 Pala’olagi'in
3400 1139 3640 1192 purpura

394 1205 509 1257 nati
558 1206 894 1273 Ἐπιτάφιος,
935 1223 1097 1261 aureo
1131 1209 1430 1280 mellitoque
1449 1209 1710 1265 Manuelis
1742 1213 1869 1265 item
1901 1211 2196 1279 Palazologi
2221 1212 2563 1280 imperatoris
2587 1213 2753 1279 ipsius
2786 1212 2993 1279 fratris,
3028 1227 3139 1276 ore,
3170 1210 3251 1264 illi
3286 1213 3340 1264 in
3377 1209 3640 1281 Pelopon-

392 1306 516 1345 neso
549 1292 740 1355 dictus,
770 1293 856 1346 ubi
879 1295 921 1347 is
945 1309 1062 1348 cum
1096 1296 1316 1365 imperio
1351 1298 1440 1350 diu
1469 1299 1779 1368 prarfuerat,
1811 1299 2052 1369 diemque
2077 1299 2317 1361 obierat;
2345 1299 2608 1364 triumque
2636 1296 2943 1366 fasciculum
2975 1297 3120 1350 haud
3141 1297 3514 1367 spernendum,
3552 1313 3644 1350 nec

392 1381 550 1448 regiis
592 1382 806 1435 auribus
843 1397 905 1436 ac
933 1384 1389 1439 animadversione
1414 1389 1971 1458 prorsus'indignum,
2027 1386 2482 1442 Christianissimo
2547 1383 2878 1438 Francorum
2935 1385 3195 1439 Ludovico
3242 1383 3379 1448 XIV,
3441 1400 3646 1454 semper

392 1467 650 1538 Augusto,
671 1473 827 1525 annis
854 1472 1067 1536 minori,
1100 1475 1190 1526 sed
1213 1481 1322 1527 tota
1356 1477 1467 1540 iam
1503 1473 1679 1528 indole
1707 1493 1768 1529 ac
1789 1477 2060 1545 spiritibus
2091 1475 2312 1544 Magno,
2335 1490 2440 1526 non
2471 1475 2743 1542 ingratum
2776 1491 2969 1528 munus
2997 1473 3266 1526 obtulisse.
3309 1472 3371 1526 In
3393 1488 3497 1540 quo
3523 1474 3648 1527 mihi

392 1556 505 1624 ipse
531 1554 734 1625 placeo,
785 1573 880 1610 nec
913 1566 1023 1611 tam
1053 1561 1201 1623 mihi.
1235 1576 1394 1628 quam
1422 1564 1613 1631 patriae
1642 1578 1703 1615 ac
1734 1560 1928 1618 Callias
1960 1562 2173 1630 orbique
2209 1561 2309 1632 ipsi
2336 1559 2660 1624 Christiano,
2687 1558 2953 1630 gratulor,
2981 1562 3119 1630 quod
3141 1569 3252 1614 tam
3282 1575 3435 1612 verus
3486 1574 3648 1628 quam

394 1643 556 1696 bonus
596 1652 740 1698 vates
797 1647 902 1713 fui;
956 1654 1004 1699 et
1052 1659 1212 1716 quam
1248 1649 1304 1700 in
1348 1645 1661 1719 Palaaologis
1688 1649 2068 1719 φιλαδελφίαν,
2125 1648 2265 1718 quod
2292 1647 2572 1701 laudatum
2593 1665 2693 1718 par
2724 1648 2955 1718 fratrum
2981 1657 3031 1701 et
3061 1649 3379 1711 amicorum,
3410 1649 3646 1716 suspexi,

395 1732 596 1796 amavi,
635 1733 793 1799 colui,
831 1734 945 1787 orbi
977 1735 1206 1800 exhibui,
1246 1738 1301 1789 in
1333 1735 1789 1792 Christianissimo
1823 1739 2083 1806 principe,
2117 1738 2388 1807 fratreque
2418 1739 2592 1800 unico,
2635 1749 2788 1807 gente
2817 1737 3110 1803 Borbonia,
3141 1738 3476 1792 invictissimi
3503 1751 3650 1806 teque

395 1835 460 1872 ac
482 1821 766 1888 justissimi
815 1823 1136 1892 piissimique
1184 1823 1429 1878 Ludovici
1478 1824 1613 1879 XIII
1679 1826 1879 1895 inclyta
1902 1825 2097 1891 sobole,
2137 1824 2358 1893 feliciori
2389 1827 2563 1877 omine
2589 1825 2718 1878 mihi
2757 1827 2864 1896 ipse
2884 1828 3003 1896 jam
3036 1833 3149 1880 tum
3184 1837 3481 1897 auguratus
3509 1839 3649 1886 sum.

393 1910 632 1978 imisque
668 1912 877 1979 expetii.
903 1909 972 1963 Et
1002 1927 1120 1963 vero
1159 1913 1395 1977 donavit,
1428 1913 1682 1981 fraterna:
1706 1913 1849 1966 illius
1880 1912 2158 1966 charitatis
2187 1921 2390 1977 auctora,
2423 1929 2486 1965 ac
2511 1912 2805 1966 concordia:
2841 1911 3039 1966 arbiter
3064 1911 3325 1977 Christus,
3356 1928 3450 1983 per
3489 1927 3652 1982 quam

401 2008 474 2054 tot
506 2001 660 2054 annis
689 1999 969 2056 Gallorum
1012 2009 1238 2071 gentem,
1283 2005 1551 2066 sociosque
1595 2020 1775 2057 omnes
1815 2003 2004 2065 beavit,
2045 2017 2108 2054 ac
2128 2002 2186 2051 in
2217 2015 2385 2053 wvum
2427 2000 2773 2068 longinquum
2800 1999 2949 2063 beet;
2975 2001 3251 2069 hostesque
3274 1998 3436 2068 (quod
3454 1998 3653 2051 dudum

399 2089 548 2157 facit)
590 2105 862 2157 nunquam
902 2105 1004 2142 non
1039 2089 1256 2158 dejiciat
1286 2107 1348 2143 ac
1369 2090 1650 2159 percellat,
1683 2098 1776 2144 aut
1809 2091 1969 2144 etiam
1997 2092 2252 2142 virtutum
2292 2087 2542 2140 illecebra
2577 2088 2824 2156 omnique
2871 2086 3173 2151 clementia,
3213 2086 3410 2154 majori
3437 2085 3654 2140 victoria

400 2192 620 2236 amoris.
659 2177 798 2246 ipsos
827 2192 1030 2245 quoque
1056 2180 1191 2243 vero:
1207 2175 1320 2230 Soli
1348 2178 1565 2242 mundo,
1590 2179 1754 2231 socios
1781 2177 2079 2246 amicosque
2111 2174 2358 2237 deliniat,
2390 2177 2594 2233 trahat.
2617 2175 2880 2244 subjiciat,
2927 2174 3195 2229 Tabellam
3222 2177 3340 2228 huic
3361 2175 3657 2243 appositam

400 2264 601 2318 exhibet
648 2263 900 2318 Demetrii
934 2263 1160 2334 Cydonii
1188 2265 1296 2318 haec
1331 2266 1601 2334 Μονῳδία.
1635 2266 1893 2336 Graphicc
1919 2267 1973 2317 in
1996 2281 2058 2318 ea
2089 2265 2352 2332 descripta
2383 2264 2576 2316 civium.
2619 2263 2896 2317 discordias
2940 2264 3122 2319 mala:
3168 2264 3293 2334 quid
3335 2264 3433 2317 sibi
3454 2263 3653 2333 pariat,

400 2351 521 2420 ipsa
550 2350 645 2403 sibi
669 2365 976 2403 mucronem
1007 2352 1224 2419 adigens
1246 2352 1448 2416 civitas,
1481 2368 1542 2404 ac
1567 2353 1621 2404 in
1653 2367 1707 2407 se
1727 2367 1879 2405 versa
1910 2350 2207 2419 respublica
2233 2352 2611 2419 ﬂammamque
2642 2351 2740 2403 sibi
2777 2353 3079 2420 subjiciens,
3099 2369 3163 2405 ne
3197 2352 3278 2405 cui
3303 2349 3517 2403 tandem
3549 2347 3658 2402 ullo

404 2462 643 2515 unquam
666 2437 836 2500 colore
862 2438 1008 2498 furor
1024 2446 1202 2492 tantus
1241 2439 1480 2510 obrepat,
1501 2441 1784 2510 invidoque
1806 2440 2032 2494 dacmoni
2059 2455 2122 2493 ea
2157 2438 2429 2492 molitione
2456 2437 2725 2506 funestum
2751 2438 2912 2508 plane
2949 2455 3210 2509 organum
3233 2447 3443 2508 pareat,
3476 2453 3538 2491 ac
3577 2436 3657 2490 vel

405 2534 609 2603 fumum
647 2537 838 2603 patrita
865 2528 1159 2596 civibusque
1200 2536 1470 2596 aspergat,
1523 2545 1589 2583 ne
1630 2535 1781 2583 tanta
1821 2528 1995 2582 dicam
2032 2528 2214 2596 hisque
2250 2523 2819 2591 Thessalonicensibus,
2874 2525 3054 2595 omnia
3094 2526 3354 2596 pariaque
3389 2525 3653 2578 incendia,

405 2618 632 2689 Reliqua
674 2622 742 2674 ad
784 2621 994 2690 imperil
1043 2615 1323 2691 Byzantini
1354 2617 1649 2680 interitum,
1694 2616 1909 2686 ejusque
1954 2616 2126 2679 ipsam
2165 2620 2491 2684 postremam
2529 2610 2703 2666 labem
2736 2629 2799 2666 ac
2848 2629 3088 2666 occasum
3115 2612 3519 2675 ministrabant,
3546 2614 3660 2680 ipsa

406 2707 654 2778 Cydonii,
690 2707 1017 2778 aliorumque
1047 2709 1160 2775 ejus
1197 2709 1405 2761 circiter
1428 2705 1542 2769 aeui,
1574 2703 1835 2773 pauloque
1865 2702 2176 2773 supparium
2215 2715 2241 2751 e
2273 2697 2438 2766 Regia
2461 2699 2600 2769 ipsa,
2635 2698 2862 2766 aliisque
2896 2697 3189 2754 Christiani
3215 2699 3353 2752 orbis
3383 2697 3656 2751 bibliothe-

408 2797 505 2858 cis,
541 2795 774 2865 epistola:
806 2811 868 2848 ac
896 2795 1173 2866 apuscula,
1211 2805 1327 2865 post
1371 2796 1560 2850 Leonis
1589 2791 1809 2846 Diaconi
1847 2802 1900 2844 et
1928 2786 2200 2846 Michaelis
2241 2785 2406 2840 Pselli
2449 2787 2640 2856 (altero
2676 2788 2756 2839 hic
2785 2789 2967 2840 statim
2993 2787 3276 2857 volumine)
3304 2786 3661 2840 Historiarum

409 2882 648 2938 illustria
694 2901 726 2935 a
764 2899 845 2936 me
887 2883 1015 2936 data
1049 2884 1405 2951 σηντάγματα
1502 2887 1604 2939 siv'
1640 2881 1769 2933 mihi
1815 2881 1916 2950 ipsi
1952 2883 2063 2933 vita
2094 2892 2264 2929 comes
2301 2878 2480 2945 fuerit,
2525 2877 2632 2928 sive
2665 2876 2749 2928 cui
2788 2891 2880 2944 per
2913 2874 3304 2927 Providentiam
3340 2873 3661 2926 destinatum

411 2969 531 3028 erit.
567 2968 813 3038 lampade
836 2970 1055 3022 tradita.
1090 2968 1596 3024 Thessalonicensem
1627 2970 1756 3021 hunc
1790 2968 2076 3021 tumultum
2095 2965 2404 3036 perstrinxit
2434 2963 2831 3017 Cantacuzenus
2861 2965 2897 3015 l.
2922 2963 3046 3028 '5,c.
3065 2961 3166 3026 94;
3201 2978 3272 3016 an
3300 2960 3506 3015 sincera
3532 2962 3662 3015 satis

413 3057 646 3111 historici
664 3056 788 3124 ﬁde,
819 3072 911 3110 nec
935 3071 1045 3110 sua
1076 3058 1185 3127 ipse
1219 3074 1391 3111 causa:
1423 3059 1626 3127 favens,
1658 3054 1885 3108 aliorum
1912 3055 2174 3124 judicium
2208 3066 2332 3106 esto.

1394 3383 2046 3474 ΔΗΜΗΤΡΙοΥ
2110 3383 2696 3472 ΚΥΔΟΝΙΟΥ

1884 3553 2191 3623 ΜοΝᾳΔιΑ

1281 3703 1414 3756 EH!
1484 3703 1646 3756 ΤΟΙΣ
1714 3700 1815 3753 ΕΝ
1881 3697 2403 3765 ΒΕΣΣΑΛΟΝΙΚῌ
2461 3693 2812 3749 ΠΕΣΟΥΣΙ.

1447 3947 2035 4039 DEMETRII
2115 3943 2622 4039 CYDONII

1102 4141 1596 4208 OCCISORUM
1679 4141 2345 4206 ΤΗΕεεΑιοΝιοΑς
2429 4144 2737 4208 MONOD.

1360 4141 1596 4206 ORUM
1679 4141 2345 4206 ΤΗΕεεΑιοΝιοΑς
2429 4144 2820 4208 MONODIA
2889 4141 2995 4226 (1).

1873 4270 2038 4328 (Anno
2071 4268 2235 4319 lSlGJ

511 4563 534 4616 i
603 4557 744 4624 Viri,
796 4564 1068 4627 quotquot
1122 4557 1554 4625 prOanquorum
1599 4570 1664 4610 ac
1720 4553 2006 4624 gentilium
2037 4562 2084 4617 Α

2051 4562 2084 4617 Α
2184 4554 2272 4626 [Ρ.
2301 4555 2586 4628 584οὸ851.
2614 4557 2684 4612 α’.
2712 4551 2959 4625 Ἄνδρες,
2992 4554 3106 4607 ὅσοι
3136 4554 3234 4618 τὰς
3259 4554 3370 4606 τῶν
3403 4553 3686 4622 συγγενῶν

439 4659 751 4707 vestrorum
780 4645 1052 4717 eﬂ'ugistis
1080 4659 1294 4710 manus,
1329 4659 1542 4700 mecum
1580 4644 1696 4713 ipse
1729 4642 2008 4711 undequa-

2112 4646 2519 4716 διαπεφεύγατε
2550 4649 2761 4718 χεῖρας,
2804 4643 2918 4714 ἐγὼ
2945 4644 3046 4716 μὲν
3080 4643 3192 4696 οὐδ’
3212 4642 3310 4696 ὅτι
3344 4641 3452 4714 χρὴ
3495 4643 3679 4699 καλεῖν

441 4759 548 4813 que
572 4733 952 4804 considerans,
1001 4753 1111 4809 quo
1138 4739 1363 4792 nomine
1400 4737 1643 4791 vocanda
1677 4735 1747 4789 sit
1791 4733 2009 4797 civitas,
2046 4800 2050 4804 ν

2046 4800 2050 4804 ν
2114 4743 2214 4811 τὴν
2245 4740 2421 4806 πόλιν,
2449 4743 2506 4794 ὲν
2590 4739 2764 4793 ταῦτα
2790 4736 3159 4808 πεπόνθαμεν,
3180 4734 3414 4801 δύναμαι
3442 4734 3681 4788 σκοπού-

446 4832 499 4884 iu
555 4843 663 4899 qua
694 4827 856 4884 nobis
897 4826 1037 4883 mala
1083 4826 1200 4881 haec
1243 4833 1574 4890 evenerunt,
1624 4824 1872 4880 invenire
1902 4839 2010 4876 non

2120 4851 2279 4904 μενος
2309 4833 2647 4904 πανταχόθεν
2673 4834 2874 4903 εὑρεῖν.
2905 4832 2964 4886 '0
2989 4833 3086 4904 μὲν
3116 4830 3225 4900 γὰρ
3250 4825 3561 4898 περεὸολος,
3581 4827 3681 4879 τό·

445 4936 693 4994 possum.
745 4921 890 4977 Sane
921 4919 1148 4991 quidem
1192 4918 1435 4972 civitatis
1478 4917 1744 4986 urbisque
1774 4916 2014 4970 ambitus

2117 4928 2255 4988 λεως
2275 4943 2288 4957 ’
2316 4926 2379 4979 τὸ
2407 4926 2451 4979 δ’
2487 4926 2545 4978 ὲν
2574 4924 2712 4995 αὐτῇ
2750 4925 2947 4993 στῆσαι
2982 4923 3245 4994 τρόπαιον
3295 4920 3405 4973 ἀπὸ
3438 4917 3547 4971 τῶν
3580 4933 3679 4970 πο-

448 5022 564 5080 est;
605 5013 659 5068 in
690 5027 756 5068 ea
786 5021 966 5068 autem
999 5011 1094 5082 qui
1134 5012 1298 5066 sedes
1321 5013 1558 5064 habeant
1579 5009 1646 5062 de
1669 5008 1883 5062 civibus
1907 5017 1990 5061 tro

2124 5018 2285 5073 λιτῶν
2311 5021 2438 5081 τοὺς
2475 5017 2788 5087 οἰκήτορας,
2819 5015 2915 5068 καὶ
2942 5011 3277 5069 κεκενῶσθαι
3318 5010 3588 5080 σωμάτων
3627 5007 3686 5059 τὺ

450 5118 627 5174 patum
661 5102 924 5167 erexisse,
968 5108 1025 5157 et
1057 5101 1385 5171 corporibus
1412 5099 1771 5168 municipium
1813 5111 2012 5150 vacua-

2126 5114 2280 5176 ἇττυ,
2312 5113 2408 5163 καὶ
2433 5110 2632 5178 Στυγὸς
2658 5109 2751 5162 καὶ
2782 5107 3043 5162 Κωκυτοῦ
3072 5107 3167 5160 καί
3193 5102 3493 5174 Βαρϐάρων
3527 5099 3691 5172 χείρω

454 5209 570 5253 tum
595 5212 736 5256 esse.
769 5211 885 5255 eos,
917 5195 1010 5264 qui
1043 5208 1290 5258 evasere,
1316 5192 1480 5262 Styge
1498 5190 1706 5260 pariter
1725 5197 1781 5244 et
1811 5187 2017 5256 Cocyto

1811 5187 2017 5256 ί)οοῖίο
2127 5206 2251 5266 τοὺς
2287 5202 2628 5272 ἐκφυγόντας
2661 5198 2962 5268 ἀναγκάζει
2999 5197 3203 5268 ταύτην
3235 5194 3438 5249 καλεῖν.

455 5295 618 5356 atque
644 5284 897 5340 Barbarie
927 5282 1256 5339 deteriorem
1302 5281 1473 5351 ipsam
1504 5291 1822 5347 nuncupare
1852 5277 2015 5345 cogit.

527 5347 578 5430 ᾖ.
636 5373 680 5432 0
712 5386 929 5448 tempus
969 5375 1023 5430 in
1073 5375 1251 5428 lucem
1303 5347 1524 5426 trahens
1576 5369 1793 5426 omnia,
1859 5375 2020 5435 atque

2203 5363 2265 5432 β’.
2295 5366 2357 5416 Ὢ
2378 5364 2553 5417 πάντα
2593 5363 2688 5432 μὲν
2724 5359 2949 5429 φαίνων,
2985 5357 3161 5411 πάντα
3193 5355 3251 5408 δὲ
3282 5351 3535 5423 κρύπτων
3565 5347 3692 5418 χρόα

1959 5475 2190 5534 NOTAE.

543 5599 614 5667 ελ)
660 5596 884 5667 Tragica
913 5591 1296 5667 comploratio,
1329 5583 1690 5642 Lamentatiu.
2019 5592 2025 5598 ο
