4140 6042
388 242 489 309 stt
599 227 603 232 ’

1300 237 1650 302 ΜΟΝΟΒΙΑ
1688 235 2114 300 OCCISORUM
2160 237 2764 305 THESSALONIC/E,

3553 247 3662 309 64?

388 358 507 422 vo;l
544 354 611 410 Ὢ
657 357 840 411 πᾶσαν
873 355 972 427 μὲν
1028 353 1378 425 συγγραφὴν,
1410 355 1594 408 πᾶσαν
1641 351 1701 405 δὲ
1749 351 1970 422 ποίησιν

2073 352 2259 408 omnia
2300 358 2527 423 tegens!
2581 352 2948 421 Ocalamitas,
2977 359 3248 431 quidquid
3299 375 3533 430 usquam
3569 359 3660 416 bi-

389 448 759 520 ἀποκρύψασα
785 447 1075 518 συμφοράί
1105 447 1169 500 Ὦ
1191 447 1400 508 πάντας
1430 447 1531 515 μὲν
1555 442 1970 515 διηγουμένους,

393 537 600 601 πάντας
630 535 692 590 δι
721 536 1093 606 μονῳδοῦντας
1111 536 1326 606 σιωπᾷν
1353 531 1744 602 ἀναγκάζουσα
1771 534 1844 603 φή
1854 547 1931 604 μη
1953 533 1968 583 l

391 630 627 702 Πότερον
651 629 969 700 ἑπαινῶμεν
989 628 1117 692 τοὺς
1142 629 1314 682 οίκεῖν
1339 612 1606 696 λαχόντας
1628 625 1727 697 τὴν
1753 623 1972 696 χώραν;

403 722 548 778 Ἀλλ’
565 721 733 776 αὐτοῦ
764 723 861 776 καὶ
877 721 1005 786 τοὺς
1035 723 1236 790 φονέας
1260 721 1499 792 ὁρῶμεν,
1531 719 1628 774 καὶ
1656 720 1791 790 οίτῇ
1815 719 1975 787 φύσει

391 812 609 884 πικρῶς
635 811 875 883 ἔχοντες,
907 811 1144 866 ινταῦθα
1166 812 1260 865 τὸν
1279 810 1418 880 πρὸς
1451 809 1626 883 αὐτὴν
1655 809 1975 880 πεπολεμή-

390 921 523 961 κασι
545 905 805 974 πόλεμον.
837 904 1002 958 Ἀλλὰ
1023 903 1400 975 καταρώμεθα
1429 904 1526 958 καὶ
1558 903 1764 975 μιαρὰν
1792 902 1976 956 καλῶ-

393 1012 498 1066 μεν
528 996 630 1067 τὴν
653 996 840 1060 πόλιν;
876 995 1019 1050 ’Δλλ’
1047 998 1082 1066 η
1112 995 1226 1049 τῶν
1259 995 1536 1049 πεσόντων
1566 995 1758 1067 ἀρετὴ,
1793 995 1977 1067 πάσης

389 1088 599 1160 ἀρετῆς
621 1105 680 1141 τε
707 1088 804 1142 καὶ
830 1089 996 1159 εὐχῆς
1023 1088 1184 1156 ἀξίαν
1213 1088 1386 1160 αὐτὴν
1413 1086 1727 1158 ἀποφαίνει.
1748 1087 1844 1151 Τίς
1868 1087 1977 1158 ἄρα

388 1183 461 1253 τῇ
482 1180 588 1252 τῆς
621 1180 833 1245 πόλεως
859 1181 1130 1250 ἐϐάσκηνε
1151 1177 1313 1253 δόξης
1342 1179 1440 1245 Τίς
1463 1180 1672 1252 ταύτην
1695 1180 1833 1251 αὐτῇ
1869 1197 1976 1250 φυ-

387 1271 683 1328 λάττεσθαι
723 1273 876 1344 παρὰ
909 1274 1133 1328 πάντων
1161 1274 1225 1326 οὑ
1258 1272 1607 1344 συνεχώρησε
1628 1271 1719 1327 διά
1743 1271 1928 1336 τέλους
1955 1289 1972 1340 ;

389 1363 490 1428 Τίς
517 1362 596 1436 μὴ
626 1362 765 1436 πρὸς
802 1365 872 1435 τῇ
909 1363 1097 1436 σοφίᾳ,
1126 1365 1223 1420 καὶ
1252 1367 1323 1436 τῇ
1355 1363 1741 1438 φιλανθρωπίᾳ
1769 1366 1973 1433 ταύτην

390 1454 578 1526 ἀφῆκε
610 1455 1016 1528 φιλοτιμεῖσθαι
1038 1475 1054 1525 ;
1075 1458 1173 1524 Τίς
1205 1460 1319 1523 τοῖς
1356 1459 1609 1530 ὑστέροις
1651 1457 1874 1531 συνέχεε
1906 1458 1977 1514 τά

391 1549 671 1622 πρότερα;
706 1550 791 1605 Τὰ
851 1552 954 1622 μὲν
1001 1552 1112 1626 γὰρ
1168 1553 1277 1624 πρὸ
1305 1553 1416 1606 τῶν
1453 1551 1821 1625 τολμημάτων
1851 1553 1976 1608 τού-

384 1657 501 1697 των
537 1645 635 1698 καὶ
658 1644 758 1716 τῆς
785 1643 1040 1717 σχετλίας
1065 1647 1307 1719 ἡμέρας,
1339 1646 1424 1711 τίς
1450 1646 1596 1701 οὔτω
1623 1647 1802 1716 λόγοις
1834 1646 1975 1701 πάν-

2081 441 2376 500 storiarum
2406 448 2781 503 monumentis
2802 448 3079 519 proditum
3095 461 3203 516 est,
3235 451 3505 523 quidquid
3530 468 3664 523 poe-

2081 540 2262 587 tarum
2310 533 2514 591 fabulis
2557 537 2902 594 celebratum
2930 581 2946 604 ,
2997 541 3239 598 obscuro
3260 542 3562 600 damnans!
3612 545 3661 604 0

2080 635 2288 686 rumor,
2343 637 2376 678 ο
2427 623 2592 689 fama,
2647 629 2897 682 omnium
2943 631 3040 701 qui
3070 633 3446 692 narrationem
3496 634 3660 691 insti-

2079 723 2259 781 tuant,
2281 716 2642 790 omniumque
2664 719 2914 777 funestos
2942 737 3104 779 casus
3141 725 3346 794 tragice
3369 725 3662 797 deploran-

2080 806 2222 862 tium
2247 821 2346 862 ora
2373 809 2539 866 silere
2583 814 2904 868 necessario
2938 817 3237 884 pmstansl
3272 816 3660 875 Laudemusne

2080 898 2321 970 regionis
2352 901 2596 957 incolas?
2643 903 2714 958 At
2771 904 2825 959 in
2866 920 2934 961 ea
3000 917 3056 964 et
3090 909 3323 965 sicarios
3367 909 3656 978 videmus:

2078 992 2538 1064 amarulentoque
2574 994 2830 1053 homines
2859 998 3046 1054 animo
3073 1015 3138 1056 ac
3157 1001 3400 1074 ingenio,
3451 1003 3541 1060 hic
3559 1004 3659 1061 ad-

2076 1099 2274 1143 versus
2307 1101 2429 1142 eam
2484 1102 2724 1160 pugnam
2773 1092 3191 1149 commiserunt.
3237 1095 3453 1152 Dirisne
3486 1095 3658 1152 devo-

2078 1191 2344 1244 veamus,
2398 1180 2704 1251 urbemque
2764 1182 3038 1254 impuram
3088 1201 3155 1241 ac
3209 1189 3658 1245 scelestiusimam

2078 1272 2360 1328 dicamus?
2387 1272 2707 1340 Enimvero,
2753 1289 2946 1332 eorum
2976 1276 3071 1348 qui
3104 1279 3428 1335 ceciderunt
3455 1281 3654 1348 virtus,

2077 1366 2229 1421 omni
2267 1380 2389 1420 eam
2430 1366 2637 1422 virtute
2668 1407 2684 1432 ,
2731 1367 3035 1440 faustisque
3083 1370 3303 1442 dignam
3353 1371 3656 1439 ominibus,

2076 1457 2342 1518 ostendit.
2399 1457 2664 1526 Quisnam
2716 1461 2886 1532 igitur
2933 1461 3090 1517 nrbis
3133 1463 3370 1519 claritati
3424 1465 3690 1522 invidit?‘

2075 1551 2212 1618 Quis
2237 1567 2360 1607 eam
2388 1568 2448 1607 se
2477 1551 2582 1608 sibi
2627 1553 2682 1607 in
2715 1553 2879 1609 ﬁnem
2912 1570 3088 1625 usque
3129 1555 3198 1611 ab
3227 1557 3489 1614 omnibus
3537 1573 3659 1614 ser-

2076 1661 2208 1702 vare
2240 1661 2349 1702 non
2380 1646 2550 1702 sivit?
2576 1645 2711 1713 Quis
2741 1655 2942 1717 praeter
2973 1649 3324 1719 sapientiam,
3359 1651 3526 1707 etiam
3553 1650 3661 1707 bu-

390 1750 496 1800 τις
543 1734 735 1799 νικῶν,
769 1736 921 1801 ὅστις
967 1737 1035 1793 ἂν
1088 1733 1202 1801 οἷός
1245 1739 1296 1792 τ’
1344 1738 1566 1807 Ξγὲνετο
1615 1737 1971 1810 διηγούμενος

2078 1737 2360 1793 manitatis
2391 1738 2554 1794 laude
2598 1754 2718 1793 eam
2751 1739 3044 1810 splendere
3081 1755 3192 1795 non
3235 1741 3491 1797 dimisit?
3521 1740 3659 1810 Quis

385 1827 680 1897 ιφικὲσθαι
709 1829 942 1900 μέγεθος
977 1829 1100 1902 μὲν,
1134 1829 1264 1884 ὥστ’
1294 1829 1500 1899 ἐξεῖναι
1525 1834 1646 1892 ταῖς
1683 1831 1971 1902 μεγίσταις

386 1921 563 1994 αὐτὴν
589 1921 967 1995 παραϐάλλειν
982 1939 997 1953 ο
1036 1921 1189 1978 θέσιν
1208 1921 1268 1978 δὲ
1292 1921 1390 1995 τὴν
1412 1923 1708 1995 καλλίστην
1737 1921 1854 1994 ἅμα
1875 1923 1972 1977 καὶ

386 2013 803 2088 ὑγιεινοτάτηνο
837 2015 1074 2089 καρπῶν
1102 2033 1164 2070 τε
1195 2017 1394 2088 φορὰν,
1428 2017 1638 2071 καὶτὸν
1668 2019 1771 2086 τῆς
1799 2016 1972 2084 Αίγύ-

385 2121 526 2162 ςτου
575 2107 736 2162 τόκον
774 2107 1058 2174 νικῶσαν;
1091 2106 1218 2161 Νεὼ
1245 2109 1302 2162 δὲ
1329 2107 1427 2162 καὶ
1464 2106 1611 2178 ιερὰ,
1650 2107 1760 2161 τῶν
1792 2108 1969 2161 ἁπαν-

385 2199 555 2271 ταχοῦ
586 2199 852 2257 κάλλιστά
884 2217 945 2257 τε
999 2199 1099 2262 καὶ
1131 2198 1445 2270 ἁγιώτατα,
1487 2198 1728 2255 τοσαῦτα
1774 2201 1870 2254 καὶ
1911 2199 1973 2254 τὸ

300 2318 302 2320 τ
392 2295 624 2364 μέγεθος
655 2295 750 2349 καὶ
777 2295 841 2348 τδ
870 2292 1098 2364 πλῆθος,
1118 2293 1249 2348 ὥστ’
1271 2296 1374 2348 ούκ
1391 2289 1532 2349 εἶναι
1557 2292 1764 2347 τούτων
1785 2292 1971 2348 ἄλλοθι

388 2370 686 2453 τοσούτοις,
740 2384 866 2440 οὗτε
919 2387 1166 2458 μείζοσιν
1211 2384 1341 2440 οὗτε
1403 2384 1648 2439 πλείοσιν
1702 2387 1966 2456 ἐντυχεῖν·

388 2481 564 2551 ἀγορά
600 2497 660 2534 τε
701 2480 831 2544 τοὺς
885 2479 944 2546 ἐξ
985 2479 1205 2547 ἁπάσης
1267 2478 1375 2549 γῆς
1428 2475 1818 2548 ὑποδεχομένη,
1873 2478 1971 2532 καὶ

389 2576 516 2639 τοὺς
558 2574 862 2639 συνιόντας,
885 2566 949 2625 οὗ
989 2575 1092 2644 γῆς
1127 2566 1238 2626 είεν
1278 2573 1509 2642 ἀπορεῖν
1551 2570 1966 2638 ἀναγκάζουσα·

395 2663 479 2736 [Ρ.
504 2666 630 2736 386]
666 2664 811 2719 οὕτω
833 2665 1030 2718 ταυτὸν
1069 2659 1139 2736 ἦν
1174 2664 1391 2733 ἐκείνην
1428 2680 1486 2717 τε
1523 2664 1713 2727 οίκεῖν,
1743 2667 1835 2718 καὶ
1865 2664 1974 2718 πά-

401 2776 516 2821 σαις
547 2760 659 2830 ἅμα
693 2761 974 2829 παρεῖναι.
1005 2757 1250 2828 Λιμένας
1273 2755 1333 2810 δὲ
1349 2756 1538 2812 πολλοὶ
1557 2757 1658 2826 μὲν
1679 2758 1967 2826 ἐπῄνεσαν·

398 2849 494 2904 ὁδ’
556 2850 791 2905 ἐνταῦθα
848 2853 1068 2906 πάντων
1121 2849 1189 2904 ἂν
1242 2849 1470 2912 δικαίως
1509 2849 1758 2919 ἐνίκησεν
1823 2844 1968 2902 εἶναι

396 2945 764 3016 παράδειγμα,
785 2947 814 2998 ό
843 2944 1006 3007 αὐτὸς
1065 2945 1188 2998 ἀντὶ
1235 2942 1445 3006 πόλεώς
1475 2960 1534 2996 τε
1572 2941 1650 2996 ὢν
1700 2943 1794 2996 καὶ
1821 2943 1976 3012 λιμέ-

394 3053 500 3102 νος,
561 3037 658 3091 καὶ
692 3038 794 3108 τὴν
821 3035 978 3091 πόλιν
1002 3037 1104 3089 οὐκ
1130 3037 1209 3098 είς
1249 3034 1348 3107 τὴν
1377 3035 1650 3090 θάλατταν
1697 3034 1974 3105 λήγουσαν

392 3130 788 3201 παρεχόμενος,
823 3128 937 3184 ἀλλ’
968 3130 1049 3193 είς
1078 3128 1233 3182 πόλιν
1257 3127 1473 3200 ἑτέραν.
1524 3126 1684 3182 οὕτω
1725 3127 1977 3197 σεμνότε-

389 3240 482 3295 ρον
512 3226 608 3278 καὶ
634 3223 746 3278 τῶν
775 3222 1096 3288 Βαϐυλῶνος
1138 3223 1467 3296 ἐτετείχιστο
1509 3221 1833 3293 περιϐόλων.
1861 3222 1977 3276 Μέ-

2075 1829 2166 1894 iis,
2201 1843 2326 1899 quae
2366 1840 2554 1887 secuta
2588 1840 2740 1896 sunt,
2786 1832 2973 1902 priora
3007 1831 3304 1888 confudit?
3347 1831 3482 1902 Qua
3508 1835 3658 1890 enim

2072 1923 2492 1980 scelestissimos
2515 1940 2684 1980 ausus
2704 1923 2809 1983 bos
2837 1933 2892 1980 et
2920 1925 3291 1985 miserabilem
3321 1927 3469 1983 diem
3501 1939 3660 1984 ante-

2073 2031 2314 2082 cessere,
2370 2017 2496 2088 quis
2540 2026 2690 2073 tanta
2723 2018 3056 2088 eloquentiae
3085 2019 3150 2073 'vi
3177 2021 3397 2076 cunctis
3424 2022 3656 2086 eminet,

2075 2119 2135 2168 ut
2159 2112 2379 2182 assequi
2406 2111 2594 2167 verbis
2622 2109 2898 2167 suiﬁciat?
2930 2110 3248 2183 Magnitudo
3283 2120 3454 2178 tanta,
3498 2121 3560 2168 ut
3590 2128 3657 2169 ea

2072 2220 2198 2260 cum
2225 2204 2480 2259 maximis
2507 2203 2740 2259 urbibus
2781 2204 3041 2275 componi
3065 2205 3265 2260 merito
3285 2206 3480 2275 possit.
3524 2205 3656 2262 Loci

2074 2296 2215 2351 situs
2265 2296 2679 2366 pulcherrimus
2719 2295 2887 2350 simul
2939 2307 2996 2350 et
3040 2295 3482 2363 saluberrimus;
3536 2297 3658 2351 fru-

2073 2398 2263 2444 ctuum
2296 2397 2618 2458 proventus,
2634 2389 2730 2458 qui
2754 2397 2811 2444 et
2836 2387 3052 2459 Egypti
3076 2389 3420 2446 feracitatem
3449 2389 3659 2446 vincat.

2075 2481 2302 2553 Templa
2353 2498 2420 2537 ac
2453 2498 2624 2538 sacra:
2654 2482 2821 2546 aedes,
2875 2489 3025 2537 tanta
3061 2481 3442 2552 magnitudine
3468 2482 3662 2553 sicque

2074 2591 2421 2639 numerosae,
2481 2583 2542 2630 ut
2601 2574 2758 2629 nullo
2795 2589 3027 2645 usquam
3077 2574 3199 2628 loco
3232 2576 3288 2628 in
3357 2582 3538 2628 tantas
3564 2581 3663 2628 aut

2074 2669 2311 2738 majores
2357 2668 2613 2736 pluresve
2642 2666 2915 2722 \incidere
2950 2666 3137 2722 liceat.
3186 2665 3389 2721 Forum
3416 2663 3568 2720 omni
3584 2679 3656 2721 ex

2077 2768 2224 2813 terra
2249 2758 2540 2813 venientes
2566 2759 2897 2828 suscipiens,
2937 2773 3000 2813 ac
3025 2758 3120 2828 qui
3146 2757 3534 2812 convenissent
3564 2756 3658 2812 ubi

2075 2860 2349 2905 terrarum
2394 2860 2582 2905 essent
2630 2851 2912 2922 ambigere
2967 2867 3206 2921 cogens:
3240 2851 3323 2906 sic
3359 2850 3506 2905 idem
3539 2860 3660 2906 erat

2075 2943 2132 2998 in
2164 2957 2228 2996 ea
2263 2943 2500 3011 degere,
2546 2957 2610 2999 ac
2656 2944 2876 2998 cunctis
2928 2944 3095 2998 simul
3147 2942 3310 2998 terris
3366 2943 3660 3013 praesentia

2079 3036 2298 3094 adesse.
2353 3037 2509 3093 Multi
2545 3045 2676 3092 sunt
2713 3037 2807 3106 qui
2840 3046 3033 3106 portus
3065 3037 3662 3100 laudavere;Thessa-

2003 3106 2048 3165 (ἶ
2081 3129 2447 3184 lonicensium
2477 3139 2665 3184 autem
2688 3129 2936 3183 omnium
2959 3129 3157 3182 merito
3185 3128 3469 3199 exemplar
3493 3128 3663 3184 evicit

2081 3237 2226 3288 esse,
2257 3222 2403 3278 idem
2437 3222 2554 3292 ipse
2591 3230 2647 3277 et
2694 3220 2871 3286 urbis,
2924 3230 2979 3276 et
3024 3230 3215 3290 portus
3235 3222 3411 3277 vicem
3441 3236 3661 3292 gerens,

385 3337 572 3388 γιστος
605 3320 660 3374 δὲ
686 3321 764 3373 ὢν
787 3313 864 3375 ὧν
895 3323 1056 3391 ίσμεν
1082 3319 1341 3391 λιμένων,
1381 3318 1646 3390 μεγίστην
1670 3318 1971 3389 παρέχεται

2079 3316 2237 3386 cujus
2276 3329 2507 3370 munere
2553 3315 2688 3369 urbs
2739 3328 2850 3368 non
2893 3312 2961 3368 ad
2998 3329 3149 3370 mare
3199 3314 3438 3377 desinat,
3468 3313 3564 3368 sed
3588 3311 3660 3367 ad

384 3413 486 3484 τὴν
524 3413 849 3482 ἀσφάλειαν,
892 3413 989 3467 καὶ
1037 3414 1137 3485 τὴν
1168 3413 1324 3467 πόλιν
1349 3407 1463 3466 οἷον
1491 3412 1551 3465 ὲν
1574 3410 1846 3480 ἀγκάλαις
1868 3426 1969 3463 πε·

2079 3407 2273 3463 urbem
2303 3408 2558 3461 alteram.
2612 3407 2704 3462 Sic
2728 3417 2785 3460 et
2810 3422 2920 3472 pra:
2945 3405 3220 3477 Babylone
3245 3406 3533 3477 augustior
3563 3420 3654 3461 se-

389 3506 758 3579 ριλαμϐάνων,
809 3506 1087 3578 συμφῦναι
1121 3506 1273 3561 δοκεῖ
1320 3505 1576 3561 σπεύδειν
1623 3507 1787 3575 αὐτῇ.
1810 3505 1884 3557 Τὸ
1909 3504 1969 3557 δὲ

2075 3507 2234 3567 plus:
2270 3512 2506 3564 cumque
2540 3497 2809 3562 omnium,
2841 3511 2983 3565 quos
3006 3498 3346 3559 noverimus,
3373 3504 3566 3565 portus
3589 3494 3660 3548 sit

383 3600 507 3656 ὅλον
532 3599 722 3670 σχῆμα
781 3599 883 3668 τῆς
934 3599 1145 3664 πόλεως
1180 3599 1326 3662 τίνος
1358 3599 1461 3671 μὲν
1483 3598 1586 3652 οὐκ
1622 3598 1692 3652 ἂν
1721 3595 1971 3668 ὲκοίμισε

2075 3589 2365 3650 maximus,
2396 3587 2686 3644 maximam
2720 3588 3077 3643 securitatem
3098 3589 3326 3657 prabet,
3350 3586 3659 3656 urbemque

382 3695 601 3766 λύπηνς
633 3695 770 3750 Τίνα
793 3695 852 3748 δὲ
884 3693 986 3748 οὐκ
1012 3692 1079 3748 ἂν
1106 3693 1369 3749 νοσοῦντα
1407 3690 1701 3763 ἀνώρθωσε
1721 3688 1884 3757 ςΤίνα
1913 3688 1971 3742 δὲ

2077 3683 2236 3752 quasi
2289 3681 2534 3736 brachiis
2590 3682 2941 3752 astringcns,
3021 3682 3277 3751 ulnisque
3321 3680 3552 3744 fovens,
3606 3678 3658 3731 ei

381 3787 490 3840 οὐκ
512 3787 580 3840 ἂν
624 3785 770 3850 ξένον
793 3784 978 3838 ἔπεισε
1005 3785 1101 3839 καὶ
1121 3785 1220 3853 τῆς
1239 3780 1495 3855 οίκῙε]ίας
1527 3780 1882 3837 ἐπιλαθέσθαι
1901 3798 1916 3847 ;

2078 3777 2231 3832 velut
2250 3775 2562 3830 coalescere
2585 3774 2719 3830 eniti
2751 3773 2989 3828 videtur.
3036 3773 3202 3828 Urbis
3233 3772 3415 3826 omnis
3447 3769 3662 3841 speciut

383 3881 546 3952 cujus
571 3894 680 3933 non
711 3877 879 3934 animi
909 3876 1158 3932 dolorem
1191 3875 1439 3933 sedarit?
1471 3874 1646 3942 Quem
1665 3888 1812 3945 aegro
1844 3883 2076 3944 corpore
2137 3882 2248 3922 non
2303 3881 2498 3920 sanum
2545 3864 2896 3920 reddiderit?
2968 3863 3071 3919 Cui
3104 3874 3369 3920 extraneo
3430 3876 3542 3916 non
3604 3864 3662 3914 (οι

385 3971 582 4042 patriae
605 3969 914 4037 domusque
937 3966 1273 4023 oblivionem
1303 3964 1536 4020 iecerit?

461 4070 534 4133 γ’.
580 4061 743 4115 Ἀλλὰ
766 4067 874 4133 μὴν
897 4062 998 4129 τήν
1053 4076 1117 4127 γε
1145 4060 1244 4129 τῆς
1273 4057 1484 4121 πόλεως
1528 4055 1833 4121 εὐσέϐειαν,
1870 4053 1967 4108 καὶ

2143 4047 2342 4118 600a
2359 4046 2414 4100 5.
2438 4043 2659 4100 Atenim
2691 4042 2849 4098 urbis
2879 4042 3162 4112 pietatem,
3210 4056 3275 4098 ac
3317 4059 3447 4115 erga
3479 4045 3652 4100 Deum

382 4156 488 4227 τὴν
513 4156 642 4224 περὶ
672 4154 765 4208 τὸν
795 4152 930 4207 Θεὸν
953 4152 1270 4224 θεραπείαν,
1312 4149 1521 4221 βέλτιον
1552 4149 1620 4204 ἄν
1643 4165 1725 4212 τις
1747 4146 1968 4202 σιωπῶν

2073 4148 2308 4207 cultum,
2327 4143 2527 4199 melius
2549 4143 2824 4213 quispiam
2854 4140 3099 4207 silentio,
3132 4155 3296 4209 qnam
3317 4154 3572 4195 sermone
3591 4156 3658 4197 ac

384 4250 422 4320 ἢ
462 4247 836 4319 φθεγγόμενος
869 4245 1164 4311 ινδείξαιτο
1189 4247 1302 4308 τοῖς
1341 4242 1654 4299 ἁκούουσιν.
1689 4240 1836 4293 Ἐκεῖ
1858 4237 1969 4308 γὰρ

2073 4239 2294 4309 eloquio
2317 4236 2668 4293 auditoribus
2687 4234 3070 4288 insinuaverit.
3089 4231 3248 4287 Nulla
3271 4232 3348 4286 ibi
3366 4242 3504 4287 stata
3522 4243 3660 4287 tem-

383 4340 582 4395 τακτοὶ
617 4338 718 4408 μὲν
737 4337 839 4391 ούκ
877 4338 984 4390 elei.
1031 4336 1217 4406 καιροὶ
1263 4336 1376 4398 τοῖς
1419 4332 1676 4397 εὔξασθαι
1708 4330 1968 4402 βουλομέ-

2074 4329 2317 4401 pora,iis
2347 4328 2443 4398 qui
2478 4327 2644 4383 velint
2669 4326 2986 4396 precatione
3014 4325 3260 4396 defungi,
3285 4325 3380 4380 sed
3413 4334 3468 4380 ct
3489 4336 3658 4382 noctu

382 4446 521 4495 νοις,
546 4427 684 4482 ἀλλὰ
712 4426 825 4483 τῶν
884 4426 1045 4499 ίερῶν
1094 4428 1190 4481 καὶ
1242 4425 1464 4498 νύκτωρ
1505 4424 1603 4480 καὶ
1646 4424 1968 4495 μεθημέραν

2073 4433 2236 4493 atque
2264 4422 2508 4477 interdiu
2544 4420 2804 4476 reseratis
2833 4419 3007 4473 sacris
3054 4419 3289 4485 aedibus,
3340 4418 3660 4488 prccesim—

382 4520 753 4592 ἀνεῳγμένων
783 4558 800 4585 ,
853 4496 1033 4586 ἔξεστι
1085 4518 1328 4591 πληροῦν
1378 4496 1477 4583 τὰς
1519 4519 1687 4588 εὐχὰς
1716 4519 1812 4572 καὶ
1836 4517 1970 4590 θαρ-

2073 4517 2226 4587 plere
2271 4515 2421 4578 licet,
2490 4529 2553 4570 ac
2602 4514 2881 4568 conlidere
2911 4513 2979 4568 de
3007 4513 3212 4584 quibus
3246 4514 3373 4583 quis
3399 4525 3659 4569 oraturus

385 4616 504 4688 ῥεῖν
561 4614 691 4686 περὶ
747 4605 827 4670 ὧν
879 4630 964 4678 τις
1018 4612 1347 4685 δεησόμενος
1397 4607 1556 4682 ἧκεν.
1594 4611 1670 4666 Ἥ
1698 4627 1758 4664 τε
1809 4610 1971 4682 λοιπὴ

2073 4608 2242 4663 venit.
2287 4607 2519 4678 Reliqua
2554 4607 2683 4662 item
2715 4606 2771 4660 in
2814 4605 3088 4677 ejusmodi
3125 4605 3532 4676 magniﬁcentia
3573 4615 3658 4661 at-

385 4706 523 4777 περί
550 4703 619 4757 τὰ
646 4701 878 4759 τοιαῦτα
907 4703 1191 4775 φιλοτιμία
1209 4719 1271 4756 τε
1306 4702 1403 4756 καὶ
1426 4698 1654 4770 σπουδὴ,
1687 4699 1973 4772 ἀναθημά-

2068 4720 2177 4775 que
2201 4718 2386 4774 opera,
2412 4701 2644 4772 pulchra
2667 4699 2916 4764 donaria,
2939 4707 3306 4769 proventuum
3336 4699 3656 4764 multitudo,

381 4813 500 4851 των
533 4793 712 4866 κάλλη
741 4794 837 4848 καὶ
873 4793 1077 4864 πλῆθος
1125 4793 1426 4864 προσόδων,
1485 4789 1582 4848 καὶ
1629 4791 1971 4860 παννυχίδων

2073 4800 2222 4870 iuges
2263 4805 2430 4852 noctu
2481 4794 2702 4866 vigiliae.
2762 4806 3052 4850 cantorum
3104 4791 3409 4854 illecebrz.
3462 4807 3527 4848 ac
3557 4808 3659 4862 per

386 4889 668 4958 συνέχεια,
698 4888 794 4943 καὶ
818 4889 874 4943 al
901 4886 1012 4941 τῶν
1042 4887 1280 4960 ᾀδόντων
1307 4887 1517 4955 ῖυγγες,
1543 4883 1641 4940 καὶ
1665 4887 1700 4956 ἠ
1724 4883 1814 4937 διὰ
1835 4883 1973 4937 πάν-

382 4999 498 5036 των
534 4981 727 5052 ὥσπερ
765 4981 826 5035 ὲν
855 4982 1092 5052 μουσικῇ
1141 4977 1402 5050 ὁμολογία
1433 4979 1529 5032 καὶ
1586 4976 1759 5044 τάξις,
1805 4974 1966 5029 ταυτὶ

381 5077 441 5130 δὲ
473 5074 686 5146 βέλτιον
733 5075 979 5147 παρόντα
1024 5073 1159 5146 όρᾷν
1187 5074 1284 5129 καὶ
1330 5071 1630 5145 πειρᾶσθαι
1679 5085 1972 5139 καταμαν-

383 5165 573 5221 θάνειν
604 5165 885 5236 γινόμενα.
920 5165 1031 5219 Καὶ
1064 5164 1173 5238 μὴν
1227 5166 1323 5220 καὶ
1368 5163 1563 5235 μισθὸν
1594 5163 1777 5226 αὐτοῖς
1818 5158 1966 5214 οὗτοι

383 5256 592 5328 φαῦλον
620 5257 720 5329 τῆς
771 5256 1057 5320 εὐσεϐείας
1084 5257 1303 5329 ὁρῶμεν
1323 5274 1337 5287 ⁸
1362 5256 1478 5312 ἀλλ’
1512 5256 1575 5310 ὃν
1608 5254 1675 5309 ἂν
1705 5271 1792 5317 τις
1817 5251 1969 5321 αύτῷ

385 5367 451 5419 γε
478 5349 512 5421 ἢ
537 5350 713 5421 φίλοις
777 5348 1124 5417 συνεύεαιτοσ
1165 5348 1495 5420 πολιορκιῶν
1523 5363 1584 5401 τε
1630 5347 1834 5412 λύσεις,
1875 5345 1970 5398 καὶ

381 5442 564 5514 λιμῶν
596 5441 872 5514 βοηθείας,
907 5445 1002 5496 καὶ
1030 5443 1354 5512 νοσημάτων
1403 5441 1470 5511 δὴ
1501 5440 1799 5512 θεραπείας
1839 5439 1963 5492 επι-

2069 4890 2256 4945 omnia
2288 4888 2439 4944 velut
2485 4887 2543 4941 in
2591 4886 2799 4941 musica
2845 4893 3148 4940 concentus
3177 4884 3462 4955 ordoque;
3511 4883 3654 4943 hac.

2075 4979 2322 5050 inquam,
2351 4985 2593 5047 praestat,
2617 4976 2712 5048 qui
2745 4977 2817 5030 sit
2839 4991 3101 5046 praesens,
3127 4975 3340 5039 videre,
3373 4991 3438 5031 ac
3462 4973 3655 5030 conari

2074 5087 2260 5130 rerum
2288 5073 2408 5141 ipsa
2441 5068 2782 5125 exhibitione
2810 5067 3151 5124 condiscere.
3180 5068 3346 5138 Atqui
3370 5084 3475 5124 nec
3495 5083 3654 5138 sper-

2072 5163 2310 5221 nendam
2336 5162 2558 5233 pietatis
2595 5161 2908 5218 mercedem
2941 5160 3149 5218 civitati
3192 5160 3446 5216 videmus
3462 5174 3653 5215 acces-

2070 5256 2233 5320 sisse,
2260 5269 2326 5310 ac
2356 5267 2520 5323 quam
2551 5252 2654 5308 sibi
2686 5253 2812 5322 quis
2832 5251 3029 5308 merito
3058 5249 3652 5318 comprecetur,iisque

2070 5362 2210 5418 quos
2268 5345 2611 5404 necessarios
2687 5343 2966 5409 habebat;
3039 5342 3251 5399 solutas
3313 5340 3651 5402 obsidiones,

2072 5439 2232 5496 lamis
2271 5439 2489 5505 solatia,
2525 5436 2942 5493 adventantium
2995 5434 3256 5504 depulsos
3289 5433 3512 5490 morbos
3547 5433 3651 5503 (2),

1897 5525 2106 5587 NOTAE
2117 5571 2131 5583 .

460 5633 540 5706 (2)
586 5631 715 5691 Hac
741 5635 1020 5705 pmipuc
1057 5633 1113 5689 in
1138 5632 1260 5688 Vita
1290 5630 1556 5706 Demetrii
1580 5628 1699 5706 inse
1722 5629 1966 5706 digesta;

385 5700 609 5771 cu'c’et
674 5700 1001 5762 ornamento
1070 5714 1257 5760 essent
1314 5701 1383 5756 ad
1439 5701 1677 5756 Mauritii
1732 5700 1957 5754 circiter

2073 5638 2360 5752 ttempora,
2389 5595 2470 5684 “ac
2506 5625 2706 5697 Illyrici
2745 5625 2926 5692 bella;
2977 5637 3306 5695 possemque
3347 5634 3651 5690 represen-

2095 5714 2207 5752 arc.
3236 5738 3241 5743 .

2095 5714 2207 5754 arc.
3236 5738 3241 5743 .
