4140 6042
485 246 592 310 643

1755 245 2001 309 DEME'I
2024 245 2135 305 ΗΠ
2170 242 2480 307 CYDONII

3652 243 3754 307 CH

482 370 675 427 regum
703 368 871 411 neces
898 357 1189 412 instructis
1218 354 1393 428 ecpiis
1428 352 1839 420 adorientium;
1886 355 1941 408 in
1984 351 2068 407 fu-

2184 354 2508 424 ςημούντων,
2546 359 2760 426 σφαγάς
2788 373 2848 412 τε
2879 356 3142 428 βασιλέων
3197 357 3383 418 αὐτοῖς
3413 355 3754 427 στρατεύμα-

480 460 667 504 turum
694 450 941 514 oracula,
987 448 1159 505 Unam
1184 450 1317 519 fore,
1355 466 1474 520 qua!
1517 451 1572 503 in
1609 449 1876 502 communi
1910 446 2066 499 clade

482 559 544 598 ac
569 544 817 597 vastitate
853 543 1129 596 incolumis
1151 553 1408 597 servetur.
1452 538 1681 597 Confert
1712 554 1844 595 vero
1873 538 2068 593 istius-

480 632 630 690 modi
660 649 881 704 quoque
905 633 1119 698 usibus,
1140 636 1237 703 qui
1257 641 1313 688 et
1344 633 1665 688 universum
1688 630 1881 685 orbem
1906 629 2067 683 habi—

485 725 711 786 tabilem
792 725 1229 794 universumque
1317 721 1737 778 inhabitabilem
1799 717 2069 773 miraculo

486 823 657 879 tenet,
688 813 747 867 in
785 814 963 867 media
992 812 1128 867 urbe
1149 813 1307 877 situs,
1340 821 1504 881 atque
1527 812 1596 865 ad
1622 825 1680 865 se
1702 808 2071 878 undequaque

484 918 730 963 extrema
752 920 977 974 cogens,
1025 914 1141 959 tum
1175 905 1293 973 ipse
1321 904 1443 959 urbi
1466 912 1736 966 servator,
1783 911 1898 955 tum
1930 900 2070 956 civi-

486 999 591 1055 bus
623 997 950 1053 conciliator
974 1007 1139 1067 atque
1169 997 1235 1051 ad
1268 997 1444 1052 Deum
1482 996 1840 1051 intercessor.
1881 994 2072 1065 Neque

488 1091 544 1145 id
567 1091 769 1154 solum,
812 1090 908 1145 sed
957 1098 1017 1145 et
1056 1090 1153 1160 qui
1188 1090 1553 1159 imperatores
1585 1087 1832 1158 placidos
1855 1083 2070 1142 civitati

489 1184 707 1248 reddat,
759 1197 885 1238 cum
933 1183 988 1236 in
1019 1183 1271 1252 reliquis,
1306 1192 1421 1238 tum
1450 1190 1513 1236 ut
1540 1181 1832 1251 oppidanis
1881 1179 2073 1235 remit-

491 1286 611 1331 tant
642 1277 888 1342 tributa;
925 1277 1090 1346 inque
1128 1276 1378 1331 externis
1413 1290 1478 1330 ac
1516 1274 1882 1329 Barbarorum
1913 1272 2075 1329 hellis

492 1372 608 1442 ipse
637 1372 834 1427 ducem
868 1380 1014 1441 agat,
1069 1372 1529 1440 tremendumque
1576 1367 1883 1439 majoribus
1910 1366 2073 1437 longe

446 1483 458 1501 ο
488 1464 666 1533 ecpiis
690 1474 753 1519 ut
777 1465 1047 1519 adversus
1070 1462 1351 1517 civitatem
1376 1475 1527 1515 arma
1554 1467 1833 1525 moveant,
1851 1456 2075 1514 efﬁciat.

492 1554 585 1611 Sic
648 1556 909 1609 nimirum
963 1562 1182 1609 exstare
1248 1552 1447 1607 urbem
1510 1564 1805 1606 commune
1856 1547 2077 1619 pietatis

491 1650 771 1718 exemplar
804 1648 932 1717 quis
968 1646 1190 1703 dixerit.

2177 461 2263 499 σιν
2295 448 2581 513 ἐπιόντων,
2629 454 2725 504 καὶ
2760 451 3044 522 χρησμοὺς
3098 451 3175 513 εις
3203 450 3266 503 τὸ
3302 448 3514 520 μέλλον,
3552 448 3761 510 Μάνην

2173 538 2491 593 ἀνάλωτον
2509 541 2580 594 ἐν
2604 540 2680 609 τῇ
2710 540 2884 611 κοινῇ
2905 542 3431 611 περισωθήσεσθαι
3457 536 3759 610 συμφορᾷ.

2176 633 2440 705 Συνεργεϊ
2465 634 2523 688 δὶ
2550 636 2686 706 πρὸς
2735 635 2840 699 τὰς
2894 634 3153 699 τοιαύτας
3178 635 3370 705 χρείας
3420 635 3581 705 αὐτῇ,
3614 635 3712 687 καὶ
3748 640 3774 686 δ

2175 729 2361 781 πᾶσαν
2388 727 2612 799 μὲντὴν
2657 728 3010 798 οἰκουμένην,
3059 728 3244 781 πᾶσαν
3276 725 3331 780 δὲ
3370 726 3469 796 τὴν
3508 726 3774 796 ἀοίκητον

2177 818 2255 889 τῷ
2284 817 2525 891 θαύματι
2558 819 2873 890 κατασχὼν,
2911 819 2968 884 ὃς
3000 820 3059 873 ὲν
3103 819 3243 890 μέσῃ
3280 821 3345 889 τῇ
3392 819 3543 872 πόλει
3573 814 3742 887 κείμε

2178 930 2289 979 νος,
2327 912 2583 986 καὶπρὸς
2618 914 2786 967 αὐτὸν
2812 913 2883 967 τά
2937 912 3275 985 πανταχόθεν
3304 914 3449 985 ἀκρα
3498 909 3771 978 συνάγων.

2177 1008 2246 1077 τῇ
2274 1020 2333 1059 τε
2368 1006 2522 1060 πόλει
2563 1007 2747 1077 σωτὴρ
2776 1005 3107 1078 διαλλακτὴς
3134 1022 3194 1059 τε
3231 1007 3344 1069 τοῖς
3393 1002 3643 1065 πολίταις
3675 1000 3769 1053 καὶ

2180 1096 2527 1169 πρεσϐευτὴς
2554 1097 2627 1151 τά
2662 1095 2799 1169 πρὸς
2828 1095 2987 1151 Θεόν.
3019 1097 3098 1153 Οὐ
3127 1095 3289 1149 τοῦτο
3327 1094 3384 1149 δέ
3416 1096 3598 1166 μόνον,
3634 1090 3769 1145 ἀλλὰ

2181 1189 2276 1243 καὶ
2303 1184 2560 1260 βασιλέας
2609 1189 2710 1259 μὲν
2763 1189 3007 1259 ἡμέρως
3050 1190 3121 1259 τῇ
3169 1187 3415 1259 πολιτείᾳ
3448 1185 3768 1256 καθίστησι,

2179 1281 2250 1334 τά
2284 1295 2345 1334 τε
2372 1280 2511 1335 ἀλλα
2550 1278 2649 1334 καὶ
2675 1278 2745 1332 τά
2786 1276 2896 1335 τῶν
2926 1280 3112 1351 φόρων
3132 1279 3383 1341 ἀνιέντας
3407 1279 3473 1349 τῇ
3505 1276 3682 1344 πόλει,
3710 1274 3773 1330 έν

2179 1389 2242 1426 τε
2269 1373 2383 1436 τοῖς
2410 1373 2547 1444 προς
2578 1371 2707 1436 τοὺς
2735 1371 2843 1438 ἔξω
2885 1372 3152 1444 πολέμοις
3208 1371 3372 1435 αὐτὸς
3418 1368 3765 1442 στρατηγῶν,

2183 1466 2281 1519 καὶ
2308 1464 2544 1539 φοϐερὸν
2595 1468 2714 1531 τοῖς
2743 1466 3097 1531 πλεονάζουσι
3132 1464 3395 1527 καθιστὰς
3424 1465 3594 1518 κινεῖν
3624 1463 3767 1517 δπ).α

2182 1556 2325 1610 κατά
2344 1557 2446 1627 τῆς
2471 1556 2698 1623 πόλεως.
2728 1556 2918 1621 Οὕτως
2930 1556 3151 1613 animi.
3182 1573 3266 1621 τις
3288 1554 3539 1611 ἵστασθαι
3585 1556 3765 1609 κοινὸν

2182 1648 2284 1719 τὴν
2318 1650 2477 1704 πόλιν
2501 1649 2787 1713 εὐσεϐείας
2810 1645 3185 1722 παράδειγμα.

563 1742 616 1794 ι.
642 1740 937 1796 Oratorum
964 1752 1136 1809 porro
1153 1747 1210 1794 et
1233 1736 1712 1809 philosophorum,
1735 1734 2079 1804 aliorumque

2252 1738 2315 1799 δ’.
2352 1740 2633 1812 Ῥητόρων
2676 1741 2735 1795 δὲ
2781 1741 2876 1795 καὶ
2924 1740 3251 1813 φιλοσόφων.
3301 1742 3397 1796 καὶ
3437 1740 3549 1796 τῶν
3588 1740 3767 1796 ἄλλων

491 1835 887 1897 litteratorum,
922 1832 1018 1887 ubi
1058 1832 1182 1902 quis
1215 1841 1313 1885 aut
1354 1831 1563 1901 plures,
1607 1838 1704 1882 aut
1736 1826 2080 1898 praestantio-

494 1944 583 1983 res
624 1928 826 1982 choros
874 1925 1211 1997 perspiciat?
1238 1922 1381 1992 Quin
1425 1925 1587 1994 plane
1622 1923 1711 1977 hic
1735 1935 1926 1976 omnes
1962 1919 2077 1990 pri-

494 2037 612 2075 mas
655 2021 788 2077 dant
826 2020 1058 2083 civitati,
1103 2034 1168 2074 ac
1211 2033 1506 2073 commune
1553 2015 1899 2088 gymnasium
1931 2013 2081 2068 voci-

497 2124 613 2169 tant
643 2130 708 2169 ac
730 2113 1001 2179 scholam,
1038 2112 1255 2169 cunctis
1284 2113 1350 2165 ad
1378 2125 1563 2165 musas
1589 2111 1644 2165 in
1667 2124 1730 2165 ea
1759 2109 1917 2163 enixe
1944 2122 2079 2163 con-

496 2204 871 2260 tendentibus.
893 2204 1191 2258 Enimvero
1246 2202 1381 2257 illud
1400 2212 1549 2257 certe
1575 2217 1746 2256 unum
1780 2200 1927 2255 haud
1948 2200 2078 2255 licet

494 2297 680 2350 dicere
708 2312 721 2349 :
754 2296 809 2349 id
839 2308 987 2349 nunc
1010 2294 1236 2365 quidem
1263 2293 1388 2347 urbi
1416 2293 1738 2362 contigisse,
1773 2300 1833 2345 ut
1870 2291 2080 2345 littera-

498 2404 620 2440 rum
660 2404 724 2442 ac
750 2388 1090 2443 eruditionis
1120 2385 1421 2457 primatum
1464 2392 1706 2448 teneret,
1738 2383 1911 2438 fuisse
1942 2397 2078 2437 vero

495 2496 623 2536 cum
677 2480 734 2534 in
786 2494 984 2535 eorum
1031 2480 1127 2548 qui
1179 2478 1487 2548 ignorantia
1520 2477 1773 2532 laborant
1792 2477 1967 2530 classe
1992 2476 2073 2531 lo-

494 2572 671 2625 eanda
728 2580 914 2626 esset:
968 2582 1130 2624 secus
1187 2569 1381 2637 plane,
1436 2569 1653 2623 nullum
1698 2583 1809 2621 non
1860 2577 2079 2637 tempus

496 2663 621 2728 fuit,
654 2663 709 2717 in
727 2677 838 2733 quo
859 2677 971 2717 non
1006 2669 1155 2719 esset
1188 2661 1467 2732 Elieorum
1494 2661 1650 2725 urbs,
1685 2673 2078 2729 musarumque

496 2752 587 2811 hic
618 2755 671 2808 in
703 2769 882 2809 avum
911 2753 1094 2810 studia
1131 2754 1279 2809 clara
1310 2755 1561 2825 vigerent
1611 2753 1867 2818 victoria,
1904 2752 2077 2807 veluti

496 2849 699 2919 pubem
723 2849 917 2905 dicunt
942 2858 1138 2919 poetae.
1166 2847 1258 2905 Sic
1282 2848 1516 2904 Athenis
1540 2848 1813 2918 quispiam
1852 2846 2078 2913 dixerit,

498 2958 624 2996 cum
677 2941 1045 2998 Demosthene
1094 2956 1161 2998 ac
1216 2941 1448 2997 Platone
1484 2940 1726 3008 versari,
1775 2939 2079 3012 ludumque

499 3045 704 3099 terere,
729 3035 823 3090 cui
852 3034 947 3090 hic
974 3036 1189 3091 versari
1209 3032 1529 3107 contigerit.

572 3129 626 3185 5.
666 3129 964 3185 Enimvero
1006 3138 1206 3184 cuncta
1250 3128 1365 3184 hec
1399 3128 1518 3183 dies
1541 3143 1648 3183 una
1676 3126 1947 3193 confudit,
1995 3135 2083 3183 at-

501 3236 609 3292 que
654 3221 776 3276 urbi
818 3234 1080 3276 coronam
1121 3218 1397 3287 detraxit;
1450 3233 1514 3275 ac
1546 3235 1713 3290 quam
1759 3220 2083 3290 deperirent

494 3328 713 3379 omnes,
750 3312 897 3368 haud
933 3327 1095 3369 secus
1119 3328 1185 3367 ae
1214 3312 1475 3383 scopulos
1517 3311 1622 3367 sub
1655 3314 1814 3383 squis
1850 3315 2083 3369 latentes

472 3394 748 3464 omnium
791 3408 991 3463 animis
1026 3415 1341 3479 suspectam
1376 3405 1635 3463 reddidit.
1688 3404 1734 3462 Ο
1772 3406 1917 3461 unde
1946 3419 2081 3461 con-

503 3502 678 3557 tentio
710 3512 878 3571 atque
906 3501 974 3556 lis
1019 3501 1076 3555 in
1101 3499 1371 3555 mundum
1420 3500 1730 3569 ingressum
1754 3492 1950 3554 habuit
1970 3499 1995 3551 ἲ
2036 3497 2084 3555 0

500 3594 650 3648 unde
688 3594 890 3649 seditio
929 3593 1171 3648 miscens
1202 3591 1389 3647 omnia
1413 3591 1763 3661 impudenter
1799 3591 2084 3662 obrepsit?

500 3686 659 3742 Unde
694 3700 828 3740 vero
851 3694 913 3739 ut
933 3700 1041 3741 una
1069 3683 1124 3739 in
1156 3699 1221 3740 ea
1255 3684 1401 3740 nacti
1430 3684 1611 3749 sedes,
1649 3700 1760 3741 non
1792 3694 1850 3742 et
1890 3686 2083 3741 eadem

501 3779 559 3834 in
584 3795 700 3835 rem
734 3789 928 3835 mutuo
961 3780 1065 3834 rati
1094 3778 1423 3845 conducere,
1464 3777 1558 3832 alii
1585 3779 1823 3834 aliorum
1850 3787 2083 3833 conten-

501 3873 670 3928 tionis
721 3874 919 3928 ardore
962 3872 1305 3944 degustarint
1349 3887 1576 3939 carnes,
1635 3871 1987 3943 amniumque
2020 3886 2085 3927 ac

500 3970 937 4040 prOpinquorum
966 3966 1262 4022 cruoribus
1298 3967 1535 4037 patriam
1580 3964 1864 4029 fmdarint,
1916 3977 2083 4034 quam

502 4071 560 4117 et
597 4061 815 4130 potiore
859 4060 1185 4131 parentibus
1228 4060 1349 4114 loco
1395 4059 1466 4114 iis
1514 4058 1631 4113 fore
1690 4073 1789 4127 par
1836 4066 1975 4120 erat,
2037 4057 2085 4113 si

504 4169 651 4209 sanae
702 4154 909 4208 mentis
954 4152 1251 4208 scintillam
1280 4153 1448 4207 ullam
1487 4152 1831 4206 retinerent?
1880 4152 1923 4206 li
1950 4166 2086 4207 vero

503 4244 667 4301 furiis
710 4246 926 4315 agitari,
987 4258 1256 4316 regesque
1302 4243 1535 4299 adorare
1581 4258 1646 4299 ac
1701 4247 2083 4315 imperatores,

503 4340 599 4408 qui
642 4338 879 4409 publicis
918 4338 1055 4394 nihil
1103 4339 1352 4410 tyrannis
1374 4340 1633 4395 meliores
1653 4349 1860 4394 essent.
1915 4338 2087 4395 Terra

2104 3086 2151 3150 C

2180 1832 2291 1887 τῶν
2349 1836 2443 1887 hri
2487 1836 2600 1897 τοῖς
2651 1834 2855 1901 λόγοις,
2920 1832 3028 1887 ποῦ
3092 1850 3177 1899 τις
3229 1832 3297 1889 ἃν
3362 1835 3398 1908 ἢ
3449 1833 3673 1897 πλείους
3728 1832 3762 1900 ἢ

2178 1926 2437 1991 καλλίους
2537 1927 2638 1982 ἴδοι
2707 1928 2949 2000 χορούςς
3012 1926 3154 1981 Ἀλλ’
3237 1926 3475 1982 δνταῦθα
3562 1928 3767 1991 πάντες

2180 2016 2266 2089 μ’.
2308 2016 2439 2092 337]
2469 2020 2815 2091 συγχωροῦσι
2880 2020 2950 2092 τῇ
2992 2019 3168 2084 πόλει⁴
3209 2021 3303 2074 καὶ
3332 2016 3617 2092 διατριδὴν
3650 2036 3766 2074 κα·-

2180 2111 2333 2165 λοῦσι
2374 2114 2585 2183 κοινὴν,
2639 2114 2862 2168 πάντων
2906 2113 3061 2185 παρά
3113 2115 3214 2178 τάς
3259 2113 3497 2168 ενταῦθα
3554 2113 3761 2185 μούσας

2180 2204 2577 2275 έπειγομένων.
2619 2204 2784 2259 Ἀλλά
2817 2204 2926 2275 μὴν
2948 2204 3110 2259 τοῦτό
3142 2223 3206 2274 γε
3240 2206 3403 2277 μόνον
3446 2205 3547 2261 οὐκ
3588 2205 3762 2260 ἔνεστ’

2180 2302 2379 2362 εἰπεῖν,
2404 2302 2483 2363 ὼς
2509 2302 2603 2354 νῦν
2642 2304 2740 2370 μιν
2773 2301 2911 2372 αὐτῇ
2946 2300 3264 2373 συμϐέϐηκε
3296 2300 3605 2371 προστῆναι
3649 2300 3761 2354 τῶν

2180 2391 2379 2461 λόγων,
2409 2388 2478 2465 ἢν
2535 2393 2581 2447 δ’
2605 2394 2693 2447 δτε
2732 2396 2874 2464 μετά
2925 2393 3035 2447 τῶν
3069 2393 3414 2462 ἀγνοούντων
3468 2394 3760 2448 ἐτέτακτοο

2180 2485 2319 2539 ἀλλά
2343 2486 2437 2540 τὸν
2465 2486 2683 2540 ἅπαντα
2707 2486 2771 2557 δὴ
2804 2487 3000 2556 χρόνον
3036 2484 3267 2540 Ἐλικῶν
3297 2480 3367 2557 ἦν
3390 2488 3424 2558 ἡ
3459 2484 3633 2553 πόλις,
3670 2486 3764 2540 καὶ

2183 2580 2469 2650 νενίκηκεν
2489 2578 2731 2633 ἐνταῦθα
2762 2579 2832 2631 τὰ
2865 2578 2977 2632 τῶν
3004 2579 3227 2651 μουσῶν
3256 2579 3327 2633 δι’
3354 2579 3548 2643 αἰῶνος
3581 2580 3734 2649 ἀκμά

2180 2669 2319 2738 ζειν,
2340 2666 2677 2743 ὣσπερφάσὶ
2696 2671 2797 2742 τὴν
2816 2670 3001 2741 Ἥϐην
3034 2672 3083 2724 oi
3117 2672 3357 2739 ποιηταί.
3387 2670 3575 2733 Οὕτως
3600 2670 3767 2741 Ἀθήο

2180 2782 2339 2838 νῃσιν
2371 2766 2436 2820 ἀν
2462 2783 2548 2829 τις
2579 2766 2726 2818 είποι
2762 2764 2903 2836 μετά
2933 2764 3317 2835 Δημοσθένους
3354 2766 3449 2819 καὶ
3479 2764 3764 2826 Πλάτωνος

2178 2859 2500 2932 διατρίϐειν,
2528 2858 2716 2913 αὐτόθι
2742 2858 3059 2929 γενόμενος.

2253 3126 2320 3184 ε’.
2352 3126 2497 3181 Ἀλλ’
2532 3125 2753 3184 ἅπαντα
2802 3127 2978 3184 ταῦτα
3016 3130 3202 3202 ἡμέρα
3268 3130 3335 3202 δὴ
3374 3131 3474 3204 μία
3517 3132 3767 3203 συνέχεε,

2182 3220 2385 3276 καὶτὸν
2412 3219 2516 3292 τῆς
2544 3222 2751 3286 πόλεως
2774 3222 3026 3292 ἀφείλετο
3052 3224 3316 3293 στέφανον
3333 3240 3349 3257 ο
3368 3226 3464 3279 καὶ
3486 3226 3588 3295 τὴν
3612 3229 3763 3297 κοινῇ

2182 3314 2494 3386 έρωμένην,
2532 3315 2722 3387 ὥσπερ
2771 3318 2871 3380 τάς
2906 3318 3143 3386 ὑφάλους
3186 3319 3517 3374 ὑποπτεύειν
3546 3320 3767 3375 Ιπεισεν

2184 3406 2452 3473 ἅπαντας.
2485 3410 2552 3464 ’Ὠ
2582 3410 2746 3463 πόθεν
2779 3400 2983 3481 μὲνέίς
3015 3411 3106 3466 τδν
3128 3412 3335 3482 κόσμον
3357 3412 3473 3486 ιρις
3497 3416 3712 3486 εἰσῆλθε
3746 3434 3762 3482 ;

2186 3502 2359 3557 Πόθεν
2384 3504 2445 3559 δι
2483 3505 2827 3575 είσεκώμασε
2871 3508 3086 3574 στάσιςς
3120 3506 3292 3562 Πόθεν
3318 3507 3374 3561 δέ
3400 3508 3560 3580 cum
3593 3510 3767 3580 αὐτὴν

2187 3596 2609 3663 κατοικοῦντες,
2633 3600 2696 3651 οὐ
2744 3599 2841 3651 καὶ
2866 3600 3042 3653 ταυτά
3091 3601 3465 3670 λυσιτελήσειν
3514 3603 3767 3672 ἀλλήλοις

2185 3690 2528 3760 νομίζοντες,
2568 3690 2827 3758 γεύονται
2880 3692 2979 3761 μιν
3017 3693 3450 3762 φιλονεικοῦντες
3498 3694 3766 3765 ἀλλήλων,

2186 3786 2383 3856 αἵματι
2419 3784 2478 3838 δὲ
2510 3783 2796 3854 συγγενῶν
2817 3785 2917 3855 τὴν
2943 3786 3181 3855 πατρίδα
3219 3788 3543 3855 μιαίνουσιν,
3567 3789 3634 3860 ἦν
3661 3788 3768 3842 εδει

2188 3879 2289 3933 καὶ
2318 3879 2428 3951 πρὸ
2450 3878 2562 3934 τῶν
2585 3880 2791 3946 γονέων
2821 3879 3031 3945 αὐτοῖς,
3056 3880 3109 3932 εί
3136 3881 3187 3946 γ’
3214 3880 3558 3951 ἐσωφρόνουν
3592 3882 3767 3956 ὑπάρ-

2186 3990 2343 4043 χειν;
2376 3973 2439 4027 Οί
2471 3972 2572 4043 μὲν
2602 3971 2912 4042 έμαίνοντο,
2961 3974 3055 4025 καὶ
3083 3971 3343 4043 βασιλέας
3374 3974 3767 4044 προσεκύνουν,

2186 4062 2340 4116 οὐδέν
2376 4062 2485 4116 τῶν
2508 4061 2745 4134 δημοσίᾳ
2773 4062 3186 4132 τυραννούντων
3214 4061 3494 4132 ἀμείνους.
3529 4065 3640 4118 Καὶ
3694 4064 3769 4132 γῆ

2187 4156 2473 4226 ἐνομίζετο
2530 4156 2630 4226 μέν
2689 4156 2961 4226 ἡμετέρα,
3017 4155 3124 4209 ύπὺ
3173 4154 3230 4208 δὲ
3298 4154 3407 4209 τῶν
3454 4157 3769 4226 δυναμένων

2188 4245 2539 4316 ἑγεωργείτο.
2587 4244 2937 4299 Ἐκέκλειστο
2961 4245 3018 4299 δὲ
3051 4248 3083 4314 ἡ
3124 4244 3391 4308 θάλα’σσα,
3425 4249 3545 4310 ταῖς
3578 4249 3633 4301 δὲ
3667 4250 3770 4301 πό-

2187 4337 2336 4391 λεσιν
2361 4338 2507 4391 οὕτω
2542 4337 2721 4408 μόνως
2757 4338 2887 4406 ἐνῆν
2917 4338 3277 4403 ἀναπνεῦσαι,
3314 4341 3362 4391 εί
3406 4341 3507 4408 τῆς
3553 4341 3773 4395 ile-)0:-

504 4444 672 4501 porro
715 4446 781 4486 ac
817 4433 969 4503 regio
1008 4442 1196 4487 nostra
1220 4431 1550 4497 habebatur,
1574 4431 1671 4487 sed
1713 4430 2079 4502 potentiorum

2193 4432 2315 4502 ρίας
2367 4431 2719 4485 παντάπασιν
2747 4431 3127 4485 -έπιλάθοιντο,
3166 4430 3273 4495 Οὓς
3309 4433 3364 4484 δὲ
3394 4432 3774 4504 δυσχεραίνειν

506 4524 593 4579 vis
644 4538 709 4580 ac
747 4523 947 4596 injuria
994 4539 1060 4578 ea
1103 4524 1410 4580 fruebatur.
1458 4525 1602 4579 Mare
1625 4526 1908 4579 occlusum
1938 4535 2081 4589 erat,

506 4616 849 4687 "urbibusque
881 4616 957 4673 ita
979 4617 1158 4673 solum
1186 4618 1457 4685 respirare
1475 4618 1693 4683 licebat,
1731 4617 1777 4673 si
1813 4617 2084 4671 libertatis

507 4724 736 4781 prorsus
766 4710 954 4765 oblita.-
984 4717 1193 4765 essent.
1240 4709 1391 4777 Quos
1423 4724 1556 4764 vero
1584 4723 1683 4781 par
1713 4718 1835 4765 erat
1860 4706 2084 4779 indigne

502 4806 673 4868 ferre,
709 4814 770 4859 ut
798 4803 1003 4874 quibus
1038 4814 1329 4875 putaretur
1366 4804 1681 4873 imperium,
1723 4803 1759 4857 ii
1818 4818 1933 4857 rem
1969 4803 2085 4857 risu

502 4896 876 4967 excipiebant,
899 4911 962 4952 ae
987 4896 1034 4952 si
1094 4896 1263 4951 rebus
1285 4896 1415 4952 hinc
1444 4898 1687 4952 accessio
1717 4898 1879 4951 foret.
1918 4894 2083 4950 Isio-

505 5007 629 5046 rum
656 5005 823 5062 porro
859 4991 1161 5045 remedium
1186 5001 1307 5046 erat
1344 4990 1414 5044 iis
1435 4988 1614 5044 solum
1654 4990 1912 5043 nuntiare
1938 4987 2081 5053 dira,

502 5086 597 5153 qui
643 5086 764 5155 ipso
808 5100 1000 5138 eorum
1037 5092 1264 5145 eventu,
1315 5082 1568 5138 victimas
1596 5080 1886 5137 iaciebant.
1913 5080 2085 5149 Quot-

506 5183 643 5247 quot
686 5186 873 5231 autem
911 5190 980 5231 ex
1024 5176 1412 5244 pratentibus,
1443 5188 1556 5244 quo
1586 5175 1804 5228 tandem
1832 5188 1922 5229 res
1945 5174 2081 5228 civi-

506 5271 714 5327 tatibus
741 5284 989 5326 evasum
1028 5280 1239 5337 essent,
1288 5269 1725 5339 augurabantur,
1763 5264 2087 5334 querebant

507 5364 597 5419 cui
648 5365 1000 5432 pereuntium
1048 5378 1196 5418 cura
1236 5369 1401 5417 esset.
1452 5360 1529 5416 Ac
1578 5359 1945 5421 occurrebat,
1988 5357 2085 5426 qui

507 5457 746 5512 Hercule
778 5456 991 5520 fortior,
1029 5455 1192 5510 Peleo
1226 5454 1451 5518 castior,
1487 5453 1680 5523 majori
1715 5449 2085 5504 Themistocle

509 5553 558 5606 vi
603 5552 809 5622 ingenii
850 5560 1030 5614 esset;
1082 5564 1143 5603 ac
1189 5550 1283 5618 qui
1334 5550 1450 5615 ipse
1494 5560 1621 5616 erga
1663 5544 1911 5598 subditos
1958 5540 2085 5612 Cyri

507 5648 749 5701 animum
781 5646 1131 5714 indolemque
1168 5643 1419 5698 referret.
1472 5642 1560 5705 At,
1587 5640 1723 5696 dura
1749 5655 1839 5693 res
1866 5638 2083 5708 legisla-

511 5749 595 5792 tor
622 5736 821 5792 animis
854 5736 1095 5801 quietem
1118 5750 1279 5801 agere
1312 5734 1545 5796 nesciis;
1588 5735 1814 5801 eiusque
1858 5730 2085 5785 moleste

2194 4524 2323 4591 εδει,
2350 4523 2428 4587 ὡς
2463 4523 2615 4593 σφίσι
2656 4523 2755 4592 τῆς
2792 4522 2969 4595 ἀρχῆς
3016 4525 3509 4595 περικοπτομένης,
3546 4524 3770 4594 ἐγέλων,

2192 4619 2384 4692 ὥσπερ
2415 4618 2804 4689 προστιθέντες
2832 4620 2947 4682 τοῖς
2978 4617 3121 4673 οὖσι.
3154 4617 3303 4670 Τδδὲ
3340 4618 3635 4689 φάρμακον
3663 4617 3773 4670 τῶν

2191 4711 2669 4783 κακῶν,-μηνύσαι
2706 4711 2868 4783 μόνον
2888 4711 2960 4764 τὰ
3005 4710 3154 4781 πάθη
3184 4711 3299 4774 τοῖς
3336 4711 3421 4763 δτι
3462 4708 3619 4764 ταῦτ’
3654 4709 3771 4776 ἐγέ-

2192 4821 2319 4860 νετο
2344 4804 2556 4859 θύουσι.
2578 4803 2738 4859 Ὀσοι
2762 4802 2809 4858 δ⁹
2837 4806 2902 4858 έκ
2921 4801 3032 4856 τῶν
3053 4802 3357 4872 παρόντων,
3380 4797 3435 4855 oi
3458 4802 3769 4871 τελευτήσει

2194 4896 2263 4947 τά
2297 4895 2446 4950 κακά
2480 4896 2601 4959 ταῐς
2641 4894 2863 4950 πόλεσιν
2892 4891 3275 4965 έμαντεύοντο,
3303 4892 3533 4965 έζήτσυν
3572 4886 3617 4961 ᾧ
3661 4893 3773 4947 τῶν

2194 4984 2589 5059 ἀπολλυμένων
2626 4979 2888 5059 μελήσει·
2943 4989 3039 5043 καὶ
3094 4978 3255 5056 εὖρον
3291 4985 3623 5057 Ἡρακλέους
3674 4986 3774 5056 μέν

2193 5080 2593 5155 ἀνδρειότερον,
2645 5078 3092 5150 σωφρονέστερον
3120 5076 3181 5129 δέ
3220 5076 3466 5145 Πηλέως,
3508 5075 3776 5145 Θεμιστο-

2195 5174 2389 5234 κλέους
2416 5172 2471 5225 δέ
2505 5172 2903 5241 συνετώτερον
2932 5171 3004 5224 τά
3027 5170 3213 5240 Κύρου
3232 5169 3291 5223 δδ
3318 5169 3413 5223 καὶ
3438 5166 3602 5222 αὐτὸν
3635 5172 3774 5240 πρὸς

2195 5266 2321 5330 τοὺς
2343 5266 2679 5335 ἀρχομένους
2697 5284 2763 5337 με
2773 5266 2850 5337 uti
2863 5261 3150 5338 μη]μένον.
3166 5262 3328 5317 Ἀλλά
3342 5263 3541 5333 πικρὸν
3551 5263 3775 5334 νομοθέ-

2192 5373 2313 5427 της,
2327 5360 2440 5419 τοίς
2451 5357 2747 5427 ἡσυχάζειν
2758 5358 2857 5411 οὐκ
2868 5357 3160 5424 έγνωκόσι,
3185 5359 3281 5410 καὶ
3300 5356 3400 5427 τὴν
3414 5354 3590 5427 ἀρχὴν
3608 5357 3766 5409 έδυσ-

2196 5453 2447 5521 χέραινον
2497 5449 2597 5521 τὴν
2643 5448 2875 5515 ἑκείνου,
2903 5449 2953 5504 οι
2973 5451 3155 5518 σφίσιν
3168 5448 3351 5513 αὐτοῖς
3365 5464 3499 5517 novi:
3509 5449 3580 5519 ρά
3595 5465 3776 5502 συνει-

2192 5543 2341 5605 δότες
2364 5558 2377 5571 ο
2409 5543 2504 5594 καὶ
2535 5539 2626 5596 διὰ
2646 5540 2822 5595 ταῦτα
2838 5540 3141 5610 ἀκρόπολίς
3162 5556 3221 5593 τε
3247 5538 3314 5610 δὴ
3338 5539 3489 5611 παρά
3515 5540 3623 5593 τῶν
3645 5540 3774 5592 νοῦν

2194 5636 2429 5705 ἐχόντων
2486 5634 2971 5705 κατελαμϐάνετο,
3026 5634 3105 5699 ὡς
3157 5631 3248 5705 βίᾳ
3291 5631 3385 5687 τδν
3438 5632 3771 5712 εξεστηκότα

2194 5726 2367 5793 δῆμον
2394 5724 2866 5788 θεραπευσόντων.
2900 5722 3012 5781 Καὶ
3039 5725 3189 5796 παρὰ
3214 5724 3305 5780 τὸν
3338 5724 3500 5781 παῖδα
3543 5722 3637 5779 τοῦ
3675 5722 3772 5790 βα-
