  <div class='ocr_page' id='page_1' title='image "/cluster/home/n/w/nwhite01/storage/ocr_20150623/109/mdp.39015032333737/328.png"; bbox 0 0 4140 6042; ppageno 0'>
   <div class='ocr_carea' id='block_1_1' title="bbox 439 213 546 278">
    <p class='ocr_par' dir='ltr' id='par_1_1' title="bbox 439 213 546 278">
     <span class='ocr_line' id='line_1_1' title="bbox 439 213 546 278; baseline 0 0"><span class='ocrx_word' id='word_1_1' title='bbox 439 213 546 278; x_wconf 64' lang='grc'><strong>645</strong></span> 
     </span>
    </p>
   </div>
   <div class='ocr_carea' id='block_1_2' title="bbox 1335 208 2804 274">
    <p class='ocr_par' dir='ltr' id='par_1_2' title="bbox 1335 208 2804 274">
     <span class='ocr_line' id='line_1_2' title="bbox 1335 208 2804 274; baseline -0.005 0"><span class='ocrx_word' id='word_1_2' title='bbox 1335 209 1690 274; x_wconf 76' lang='grc' dir='ltr'><strong>ΜΟΝΟΒΙᾹ</strong></span> <span class='ocrx_word' id='word_1_3' title='bbox 1721 210 2162 273; x_wconf 79' lang='lat' dir='ltr'><strong>OCCISORUM</strong></span> <span class='ocrx_word' id='word_1_4' title='bbox 2197 208 2804 272; x_wconf 71' lang='lat' dir='ltr'><strong>THESSALONIC/E.</strong></span> 
     </span>
    </p>
   </div>
   <div class='ocr_carea' id='block_1_3' title="bbox 3601 212 3704 271">
    <p class='ocr_par' dir='ltr' id='par_1_3' title="bbox 3601 212 3704 271">
     <span class='ocr_line' id='line_1_3' title="bbox 3601 212 3704 271; baseline 0 -1"><span class='ocrx_word' id='word_1_5' title='bbox 3601 212 3704 271; x_wconf 65' lang='lat' dir='ltr'><strong>ﬁlii</strong></span> 
     </span>
    </p>
   </div>
   <div class='ocr_carea' id='block_1_4' title="bbox 440 319 2010 399">
    <p class='ocr_par' dir='ltr' id='par_1_4' title="bbox 440 322 2010 399">
     <span class='ocr_line' id='line_1_4' title="bbox 440 322 2010 399; baseline -0.004 -16"><span class='ocrx_word' id='word_1_6' title='bbox 440 322 632 392; x_wconf 68' lang='grc' dir='ltr'><strong>σιλιοες</strong></span> <span class='ocrx_word' id='word_1_7' title='bbox 657 327 753 382; x_wconf 84' lang='grc' dir='ltr'><strong>τδν</strong></span> <span class='ocrx_word' id='word_1_8' title='bbox 784 326 1044 399; x_wconf 82' lang='grc' dir='ltr'><strong>σώφρονα</strong></span> <span class='ocrx_word' id='word_1_9' title='bbox 1080 325 1178 383; x_wconf 67' lang='grc' dir='ltr'><strong>καὶ</strong></span> <span class='ocrx_word' id='word_1_10' title='bbox 1212 326 1390 399; x_wconf 74' lang='grc' dir='ltr'><strong>πρᾶον</strong></span> <span class='ocrx_word' id='word_1_11' title='bbox 1421 327 1519 381; x_wconf 77' lang='grc' dir='ltr'><strong>καὶ</strong></span> <span class='ocrx_word' id='word_1_12' title='bbox 1565 326 1834 397; x_wconf 75' lang='grc' dir='ltr'><strong>φρόνιμον</strong></span> <span class='ocrx_word' id='word_1_13' title='bbox 1882 325 2010 394; x_wconf 79' lang='grc' dir='ltr'><strong>πρέ-</strong></span> 
     </span>
    </p>
   </div>
   <div class='ocr_carea' id='block_1_5' title="bbox 2113 319 3705 399">
    <p class='ocr_par' dir='ltr' id='par_1_5' title="bbox 2127 319 3705 395">
     <span class='ocr_line' id='line_1_5' title="bbox 2127 319 3705 395; baseline 0.004 -20"><span class='ocrx_word' id='word_1_14' title='bbox 2127 319 2377 380; x_wconf 79' lang='lat' dir='ltr'><strong>ferebant</strong></span> <span class='ocrx_word' id='word_1_15' title='bbox 2403 323 2724 393; x_wconf 85' lang='lat' dir='ltr'><strong>imperium,</strong></span> <span class='ocrx_word' id='word_1_16' title='bbox 2766 323 2862 395; x_wconf 85' lang='lat' dir='ltr'><strong>qui</strong></span> <span class='ocrx_word' id='word_1_17' title='bbox 2907 323 3013 395; x_wconf 84' lang='lat' dir='ltr'><strong>ipsi</strong></span> <span class='ocrx_word' id='word_1_18' title='bbox 3053 324 3158 381; x_wconf 85' lang='lat' dir='ltr'><strong>sibi</strong></span> <span class='ocrx_word' id='word_1_19' title='bbox 3195 325 3466 380; x_wconf 88' lang='lat' dir='ltr'><strong>malorum</strong></span> <span class='ocrx_word' id='word_1_20' title='bbox 3495 329 3705 382; x_wconf 82' lang='lat' dir='ltr'><strong>conscii</strong></span> 
     </span>
    </p>
   </div>
   <div class='ocr_carea' id='block_1_6' title="bbox 438 415 2018 493">
    <p class='ocr_par' dir='ltr' id='par_1_6' title="bbox 438 415 2018 493">
     <span class='ocr_line' id='line_1_6' title="bbox 438 415 2018 493; baseline -0.003 -18"><span class='ocrx_word' id='word_1_21' title='bbox 438 419 590 484; x_wconf 81' lang='grc' dir='ltr'><strong>σϐεις</strong></span> <span class='ocrx_word' id='word_1_22' title='bbox 616 415 774 493; x_wconf 77' lang='grc' dir='ltr'><strong>ἧκον,</strong></span> <span class='ocrx_word' id='word_1_23' title='bbox 794 419 1075 486; x_wconf 76' lang='grc' dir='ltr'><strong>ἀξιοῦντες</strong></span> <span class='ocrx_word' id='word_1_24' title='bbox 1097 419 1414 490; x_wconf 84' lang='grc' dir='ltr'><strong>στράτευμα</strong></span> <span class='ocrx_word' id='word_1_25' title='bbox 1441 417 1780 489; x_wconf 85' lang='grc' dir='ltr'><strong>πέμπεσθαι,</strong></span> <span class='ocrx_word' id='word_1_26' title='bbox 1803 415 1901 471; x_wconf 74' lang='grc' dir='ltr'><strong>καὶ</strong></span> <span class='ocrx_word' id='word_1_27' title='bbox 1915 416 2018 488; x_wconf 81' lang='grc' dir='ltr'><strong>τὴν</strong></span> 
     </span>
    </p>
   </div>
   <div class='ocr_carea' id='block_1_7' title="bbox 439 510 2015 587">
    <p class='ocr_par' dir='ltr' id='par_1_7' title="bbox 439 510 2015 587">
     <span class='ocr_line' id='line_1_7' title="bbox 439 510 2015 587; baseline -0.002 -20"><span class='ocrx_word' id='word_1_28' title='bbox 439 514 542 585; x_wconf 66' lang='grc' dir='ltr'><strong>μιν</strong></span> <span class='ocrx_word' id='word_1_29' title='bbox 562 515 720 570; x_wconf 81' lang='grc' dir='ltr'><strong>πόλιν</strong></span> <span class='ocrx_word' id='word_1_30' title='bbox 747 514 998 585; x_wconf 80' lang='grc' dir='ltr'><strong>ἐπισχεῖν</strong></span> <span class='ocrx_word' id='word_1_31' title='bbox 1020 511 1103 587; x_wconf 81' lang='grc' dir='ltr'><strong>[Ρ.</strong></span> <span class='ocrx_word' id='word_1_32' title='bbox 1125 511 1253 585; x_wconf 78' lang='grc'><strong>588]</strong></span> <span class='ocrx_word' id='word_1_33' title='bbox 1278 510 1403 568; x_wconf 87' lang='grc' dir='ltr'><strong>καθ’</strong></span> <span class='ocrx_word' id='word_1_34' title='bbox 1425 513 1626 583; x_wconf 72' lang='grc' dir='ltr'><strong>ἑαυτῆς</strong></span> <span class='ocrx_word' id='word_1_35' title='bbox 1652 510 2015 583; x_wconf 79' lang='grc' dir='ltr'><strong>μαινομένην,</strong></span> 
     </span>
    </p>
   </div>
   <div class='ocr_carea' id='block_1_8' title="bbox 433 594 2012 677">
    <p class='ocr_par' dir='ltr' id='par_1_8' title="bbox 433 594 2012 677">
     <span class='ocr_line' id='line_1_8' title="bbox 433 594 2012 677; baseline -0.001 -18"><span class='ocrx_word' id='word_1_36' title='bbox 433 594 669 675; x_wconf 73' lang='grc' dir='ltr'><strong>φυλάξαι</strong></span> <span class='ocrx_word' id='word_1_37' title='bbox 697 606 754 661; x_wconf 76' lang='grc' dir='ltr'><strong>δέ</strong></span> <span class='ocrx_word' id='word_1_38' title='bbox 771 604 839 662; x_wconf 81' lang='grc' dir='ltr'><strong>τά</strong></span> <span class='ocrx_word' id='word_1_39' title='bbox 866 607 1193 677; x_wconf 86' lang='grc' dir='ltr'><strong>πράγματα,</strong></span> <span class='ocrx_word' id='word_1_40' title='bbox 1217 604 1296 676; x_wconf 83' lang='grc' dir='ltr'><strong>τῷ</strong></span> <span class='ocrx_word' id='word_1_41' title='bbox 1313 603 1510 670; x_wconf 77' lang='grc' dir='ltr'><strong>σώζειν</strong></span> <span class='ocrx_word' id='word_1_42' title='bbox 1543 603 1684 659; x_wconf 84' lang='grc' dir='ltr'><strong>αὑτά</strong></span> <span class='ocrx_word' id='word_1_43' title='bbox 1704 601 2012 674; x_wconf 75' lang='grc' dir='ltr'><strong>δυναμόνῳ.</strong></span> 
     </span>
    </p>
   </div>
   <div class='ocr_carea' id='block_1_9' title="bbox 438 693 2017 772">
    <p class='ocr_par' dir='ltr' id='par_1_9' title="bbox 438 693 2017 772">
     <span class='ocr_line' id='line_1_9' title="bbox 438 693 2017 772; baseline -0.002 -20"><span class='ocrx_word' id='word_1_44' title='bbox 438 698 590 752; x_wconf 81' lang='grc' dir='ltr'><strong>Ἔδει</strong></span> <span class='ocrx_word' id='word_1_45' title='bbox 614 699 738 754; x_wconf 85' lang='grc' dir='ltr'><strong>τότε</strong></span> <span class='ocrx_word' id='word_1_46' title='bbox 765 699 961 772; x_wconf 77' lang='grc' dir='ltr'><strong>μικρὸν</strong></span> <span class='ocrx_word' id='word_1_47' title='bbox 986 698 1264 770; x_wconf 72' lang='grc' dir='ltr'><strong>ἡσυχάσαι</strong></span> <span class='ocrx_word' id='word_1_48' title='bbox 1285 696 1389 770; x_wconf 77' lang='grc' dir='ltr'><strong>τὴν</strong></span> <span class='ocrx_word' id='word_1_49' title='bbox 1404 698 1598 769; x_wconf 83' lang='grc' dir='ltr'><strong>τύχην,</strong></span> <span class='ocrx_word' id='word_1_50' title='bbox 1625 697 1720 751; x_wconf 71' lang='grc' dir='ltr'><strong>καὶ</strong></span> <span class='ocrx_word' id='word_1_51' title='bbox 1745 693 2017 768; x_wconf 76' lang='grc' dir='ltr'><strong>στρατιώ-</strong></span> 
     </span>
    </p>
   </div>
   <div class='ocr_carea' id='block_1_10' title="bbox 433 785 2014 861">
    <p class='ocr_par' dir='ltr' id='par_1_10' title="bbox 433 785 2014 861">
     <span class='ocr_line' id='line_1_10' title="bbox 433 785 2014 861; baseline -0.003 -15"><span class='ocrx_word' id='word_1_52' title='bbox 433 807 533 854; x_wconf 84' lang='grc' dir='ltr'><strong>τας</strong></span> <span class='ocrx_word' id='word_1_53' title='bbox 585 789 902 861; x_wconf 80' lang='grc' dir='ltr'><strong>ἐλευθερίαν</strong></span> <span class='ocrx_word' id='word_1_54' title='bbox 954 788 1288 859; x_wconf 77' lang='grc' dir='ltr'><strong>κομίζοντας</strong></span> <span class='ocrx_word' id='word_1_55' title='bbox 1339 789 1416 861; x_wconf 81' lang='grc' dir='ltr'><strong>μὴ</strong></span> <span class='ocrx_word' id='word_1_56' title='bbox 1470 786 1739 843; x_wconf 85' lang='grc' dir='ltr'><strong>κωλῦσαι.</strong></span> <span class='ocrx_word' id='word_1_57' title='bbox 1783 787 1899 843; x_wconf 89' lang='grc' dir='ltr'><strong>Νῦν</strong></span> <span class='ocrx_word' id='word_1_58' title='bbox 1923 785 2014 855; x_wconf 77' lang='grc' dir='ltr'><strong>ἀν,</strong></span> 
     </span>
    </p>
   </div>
   <div class='ocr_carea' id='block_1_11' title="bbox 433 875 2015 953">
    <p class='ocr_par' dir='ltr' id='par_1_11' title="bbox 433 875 2015 953">
     <span class='ocr_line' id='line_1_11' title="bbox 433 875 2015 953; baseline -0.003 -16"><span class='ocrx_word' id='word_1_59' title='bbox 433 883 557 938; x_wconf 83' lang='grc' dir='ltr'><strong>ἀντὶ</strong></span> <span class='ocrx_word' id='word_1_60' title='bbox 579 882 676 936; x_wconf 88' lang='grc' dir='ltr'><strong>τοῦ</strong></span> <span class='ocrx_word' id='word_1_61' title='bbox 708 880 1010 950; x_wconf 76' lang='grc' dir='ltr'><strong>στενάζειν,</strong></span> <span class='ocrx_word' id='word_1_62' title='bbox 1039 885 1099 935; x_wconf 87' lang='grc' dir='ltr'><strong>ἐν</strong></span> <span class='ocrx_word' id='word_1_63' title='bbox 1130 882 1350 953; x_wconf 79' lang='grc' dir='ltr'><strong>ἐορταίς</strong></span> <span class='ocrx_word' id='word_1_64' title='bbox 1373 882 1508 951; x_wconf 70' lang='grc' dir='ltr'><strong>ἡμῖν</strong></span> <span class='ocrx_word' id='word_1_65' title='bbox 1537 876 1664 952; x_wconf 77' lang='grc' dir='ltr'><strong>ἦνή</strong></span> <span class='ocrx_word' id='word_1_66' title='bbox 1694 879 1866 944; x_wconf 86' lang='grc' dir='ltr'><strong>πόλις.</strong></span> <span class='ocrx_word' id='word_1_67' title='bbox 1897 875 2015 933; x_wconf 88' lang='grc' dir='ltr'><strong>Νῦν</strong></span> 
     </span>
    </p>
   </div>
   <div class='ocr_carea' id='block_1_12' title="bbox 433 972 2014 1047">
    <p class='ocr_par' dir='ltr' id='par_1_12' title="bbox 433 972 2014 1047">
     <span class='ocr_line' id='line_1_12' title="bbox 433 972 2014 1047; baseline -0.001 -19"><span class='ocrx_word' id='word_1_68' title='bbox 433 974 501 1029; x_wconf 79' lang='grc' dir='ltr'><strong>ἂν</strong></span> <span class='ocrx_word' id='word_1_69' title='bbox 530 974 791 1047; x_wconf 77' lang='grc' dir='ltr'><strong>ἐχόρευον</strong></span> <span class='ocrx_word' id='word_1_70' title='bbox 839 974 940 1044; x_wconf 85' lang='grc' dir='ltr'><strong>μέν</strong></span> <span class='ocrx_word' id='word_1_71' title='bbox 973 973 1133 1046; x_wconf 76' lang='grc' dir='ltr'><strong>ημῶν</strong></span> <span class='ocrx_word' id='word_1_72' title='bbox 1153 974 1205 1027; x_wconf 82' lang='lat' dir='ltr'><strong>ot</strong></span> <span class='ocrx_word' id='word_1_73' title='bbox 1259 972 1499 1037; x_wconf 82' lang='grc' dir='ltr'><strong>πολῖται,</strong></span> <span class='ocrx_word' id='word_1_74' title='bbox 1539 974 1590 1026; x_wconf 86' lang='grc' dir='ltr'><strong>οί</strong></span> <span class='ocrx_word' id='word_1_75' title='bbox 1613 973 1658 1027; x_wconf 81' lang='grc' dir='ltr'><strong>δ’</strong></span> <span class='ocrx_word' id='word_1_76' title='bbox 1691 972 1879 1044; x_wconf 75' lang='grc' dir='ltr'><strong>ἐχθροὶ</strong></span> <span class='ocrx_word' id='word_1_77' title='bbox 1914 972 2014 1045; x_wconf 71' lang='grc' dir='ltr'><strong>τὴν</strong></span> 
     </span>
    </p>
   </div>
   <div class='ocr_carea' id='block_1_13' title="bbox 433 1064 2015 1139">
    <p class='ocr_par' dir='ltr' id='par_1_13' title="bbox 433 1064 2015 1139">
     <span class='ocr_line' id='line_1_13' title="bbox 433 1064 2015 1139; baseline 0 -17"><span class='ocrx_word' id='word_1_78' title='bbox 433 1067 718 1138; x_wconf 84' lang='grc' dir='ltr'><strong>παροῦσαν</strong></span> <span class='ocrx_word' id='word_1_79' title='bbox 769 1065 1181 1139; x_wconf 87' lang='grc' dir='ltr'><strong>μετελάμϐανον</strong></span> <span class='ocrx_word' id='word_1_80' title='bbox 1210 1067 1406 1138; x_wconf 73' lang='grc' dir='ltr'><strong>τύχην.</strong></span> <span class='ocrx_word' id='word_1_81' title='bbox 1459 1067 1596 1138; x_wconf 88' lang='grc' dir='ltr'><strong>Δίκη</strong></span> <span class='ocrx_word' id='word_1_82' title='bbox 1624 1064 1671 1121; x_wconf 75' lang='grc' dir='ltr'><strong>δ’</strong></span> <span class='ocrx_word' id='word_1_83' title='bbox 1708 1065 1777 1121; x_wconf 78' lang='grc' dir='ltr'><strong>ἃν</strong></span> <span class='ocrx_word' id='word_1_84' title='bbox 1804 1065 2015 1136; x_wconf 85' lang='grc' dir='ltr'><strong>ἐγίνετο</strong></span> 
     </span>
    </p>
   </div>
   <div class='ocr_carea' id='block_1_14' title="bbox 434 1159 2013 1233">
    <p class='ocr_par' dir='ltr' id='par_1_14' title="bbox 434 1159 2013 1233">
     <span class='ocr_line' id='line_1_14' title="bbox 434 1159 2013 1233; baseline 0.001 -19"><span class='ocrx_word' id='word_1_85' title='bbox 434 1162 556 1230; x_wconf 81' lang='grc' dir='ltr'><strong>μετ’</strong></span> <span class='ocrx_word' id='word_1_86' title='bbox 587 1159 917 1233; x_wconf 85' lang='grc' dir='ltr'><strong>ἀνθρώπων,</strong></span> <span class='ocrx_word' id='word_1_87' title='bbox 953 1159 1138 1215; x_wconf 82' lang='grc' dir='ltr'><strong>καὶτὰ</strong></span> <span class='ocrx_word' id='word_1_88' title='bbox 1187 1159 1282 1225; x_wconf 85' lang='grc' dir='ltr'><strong>τοῦ</strong></span> <span class='ocrx_word' id='word_1_89' title='bbox 1311 1159 1520 1232; x_wconf 81' lang='grc' dir='ltr'><strong>χρυσοῦ</strong></span> <span class='ocrx_word' id='word_1_90' title='bbox 1561 1160 1753 1228; x_wconf 78' lang='grc' dir='ltr'><strong>γένους</strong></span> <span class='ocrx_word' id='word_1_91' title='bbox 1787 1160 1856 1215; x_wconf 79' lang='grc' dir='ltr'><strong>ἃν</strong></span> <span class='ocrx_word' id='word_1_92' title='bbox 1878 1161 2013 1232; x_wconf 75' lang='grc' dir='ltr'><strong>ἡμῖν</strong></span> 
     </span>
    </p>
   </div>
   <div class='ocr_carea' id='block_1_15' title="bbox 432 1249 2012 1324">
    <p class='ocr_par' dir='ltr' id='par_1_15' title="bbox 432 1249 2012 1324">
     <span class='ocr_line' id='line_1_15' title="bbox 432 1249 2012 1324; baseline 0 -19"><span class='ocrx_word' id='word_1_93' title='bbox 432 1251 689 1324; x_wconf 77' lang='grc' dir='ltr'><strong>περιῆκε.</strong></span> <span class='ocrx_word' id='word_1_94' title='bbox 713 1249 831 1306; x_wconf 89' lang='grc' dir='ltr'><strong>Νῦν</strong></span> <span class='ocrx_word' id='word_1_95' title='bbox 865 1250 911 1304; x_wconf 85' lang='grc' dir='ltr'><strong>δ’</strong></span> <span class='ocrx_word' id='word_1_96' title='bbox 944 1250 1012 1322; x_wconf 79' lang='grc' dir='ltr'><strong>(ὣ</strong></span> <span class='ocrx_word' id='word_1_97' title='bbox 1043 1250 1162 1315; x_wconf 85' lang='grc' dir='ltr'><strong>πῶς</strong></span> <span class='ocrx_word' id='word_1_98' title='bbox 1183 1251 1254 1306; x_wconf 82' lang='grc' dir='ltr'><strong>τά</strong></span> <span class='ocrx_word' id='word_1_99' title='bbox 1299 1251 1479 1315; x_wconf 84' lang='grc' dir='ltr'><strong>καλῶς</strong></span> <span class='ocrx_word' id='word_1_100' title='bbox 1524 1249 1925 1324; x_wconf 69' lang='grc' dir='ltr'><strong>βεϐουλευμένα</strong></span> <span class='ocrx_word' id='word_1_101' title='bbox 1977 1253 2012 1324; x_wconf 69' lang='grc' dir='ltr'><strong>ἠ</strong></span> 
     </span>
    </p>
   </div>
   <div class='ocr_carea' id='block_1_16' title="bbox 430 1342 2012 1418">
    <p class='ocr_par' dir='ltr' id='par_1_16' title="bbox 430 1342 2012 1418">
     <span class='ocr_line' id='line_1_16' title="bbox 430 1342 2012 1418; baseline 0.002 -23"><span class='ocrx_word' id='word_1_102' title='bbox 430 1344 571 1415; x_wconf 81' lang='grc' dir='ltr'><strong>τύχη</strong></span> <span class='ocrx_word' id='word_1_103' title='bbox 600 1344 878 1409; x_wconf 75' lang='grc' dir='ltr'><strong>παίζουσα</strong></span> <span class='ocrx_word' id='word_1_104' title='bbox 934 1344 1256 1418; x_wconf 66' lang='grc' dir='ltr'><strong>περιτρέπει</strong></span> <span class='ocrx_word' id='word_1_105' title='bbox 1276 1345 1318 1415; x_wconf 87' lang='lat' dir='ltr'><strong>l)</strong></span> <span class='ocrx_word' id='word_1_106' title='bbox 1352 1345 1404 1398; x_wconf 83' lang='lat' dir='ltr'><strong>oi</strong></span> <span class='ocrx_word' id='word_1_107' title='bbox 1457 1342 1560 1415; x_wconf 76' lang='grc' dir='ltr'><strong>μὲν</strong></span> <span class='ocrx_word' id='word_1_108' title='bbox 1603 1343 1895 1414; x_wconf 74' lang='grc' dir='ltr'><strong>ἠπείγοντο</strong></span> <span class='ocrx_word' id='word_1_109' title='bbox 1919 1362 1933 1377; x_wconf 80' lang='grc' dir='ltr'><strong>ο</strong></span> <span class='ocrx_word' id='word_1_110' title='bbox 1959 1344 2012 1398; x_wconf 83' lang='lat' dir='ltr'><strong>oi</strong></span> 
     </span>
    </p>
   </div>
   <div class='ocr_carea' id='block_1_17' title="bbox 429 1431 2012 1510">
    <p class='ocr_par' dir='ltr' id='par_1_17' title="bbox 429 1431 2012 1510">
     <span class='ocr_line' id='line_1_17' title="bbox 429 1431 2012 1510; baseline 0.003 -20"><span class='ocrx_word' id='word_1_111' title='bbox 429 1436 477 1490; x_wconf 66' lang='grc' dir='ltr'><strong>δ’</strong></span> <span class='ocrx_word' id='word_1_112' title='bbox 501 1431 644 1510; x_wconf 72' lang='grc' dir='ltr'><strong>ἦσαν</strong></span> <span class='ocrx_word' id='word_1_113' title='bbox 677 1439 944 1510; x_wconf 71' lang='grc' dir='ltr'><strong>μετέωροι</strong></span> <span class='ocrx_word' id='word_1_114' title='bbox 964 1455 981 1471; x_wconf 79' lang='grc' dir='ltr'><strong>ο</strong></span> <span class='ocrx_word' id='word_1_115' title='bbox 1015 1438 1114 1493; x_wconf 74' lang='grc' dir='ltr'><strong>καὶ</strong></span> <span class='ocrx_word' id='word_1_116' title='bbox 1151 1437 1263 1496; x_wconf 82' lang='grc' dir='ltr'><strong>τῶν</strong></span> <span class='ocrx_word' id='word_1_117' title='bbox 1298 1438 1551 1509; x_wconf 79' lang='grc' dir='ltr'><strong>σημείων</strong></span> <span class='ocrx_word' id='word_1_118' title='bbox 1587 1436 1688 1510; x_wconf 68' lang='grc' dir='ltr'><strong>ἢδη</strong></span> <span class='ocrx_word' id='word_1_119' title='bbox 1751 1438 1859 1507; x_wconf 75' lang='grc' dir='ltr'><strong>πρὸ</strong></span> <span class='ocrx_word' id='word_1_120' title='bbox 1902 1437 2012 1494; x_wconf 87' lang='grc' dir='ltr'><strong>τῶν</strong></span> 
     </span>
    </p>
   </div>
   <div class='ocr_carea' id='block_1_18' title="bbox 432 1529 2012 1604">
    <p class='ocr_par' dir='ltr' id='par_1_18' title="bbox 432 1529 2012 1604">
     <span class='ocr_line' id='line_1_18' title="bbox 432 1529 2012 1604; baseline 0 -20"><span class='ocrx_word' id='word_1_121' title='bbox 432 1529 620 1586; x_wconf 86' lang='grc' dir='ltr'><strong>πυλῶν</strong></span> <span class='ocrx_word' id='word_1_122' title='bbox 640 1530 1006 1601; x_wconf 71' lang='grc' dir='ltr'><strong>φαινομένων,</strong></span> <span class='ocrx_word' id='word_1_123' title='bbox 1028 1531 1240 1603; x_wconf 84' lang='grc' dir='ltr'><strong>δαίμων</strong></span> <span class='ocrx_word' id='word_1_124' title='bbox 1265 1548 1351 1597; x_wconf 89' lang='grc' dir='ltr'><strong>τις</strong></span> <span class='ocrx_word' id='word_1_125' title='bbox 1386 1530 1650 1604; x_wconf 80' lang='grc' dir='ltr'><strong>φθονερὸς</strong></span> <span class='ocrx_word' id='word_1_126' title='bbox 1679 1534 1844 1604; x_wconf 73' lang='grc' dir='ltr'><strong>ὑπῄει</strong></span> <span class='ocrx_word' id='word_1_127' title='bbox 1884 1531 2012 1596; x_wconf 78' lang='grc' dir='ltr'><strong>τοὺς</strong></span> 
     </span>
    </p>
   </div>
   <div class='ocr_carea' id='block_1_19' title="bbox 430 1622 2011 1698">
    <p class='ocr_par' dir='ltr' id='par_1_19' title="bbox 430 1622 2011 1698">
     <span class='ocr_line' id='line_1_19' title="bbox 430 1622 2011 1698; baseline -0.001 -18"><span class='ocrx_word' id='word_1_128' title='bbox 430 1624 639 1689; x_wconf 79' lang='grc' dir='ltr'><strong>πάντας</strong></span> <span class='ocrx_word' id='word_1_129' title='bbox 668 1624 918 1689; x_wconf 91' lang='grc' dir='ltr'><strong>ἐοικότας</strong></span> <span class='ocrx_word' id='word_1_130' title='bbox 931 1622 1085 1694; x_wconf 82' lang='grc' dir='ltr'><strong>αὐτῷ</strong></span> <span class='ocrx_word' id='word_1_131' title='bbox 1106 1639 1121 1654; x_wconf 76' lang='grc' dir='ltr'><strong>ο</strong></span> <span class='ocrx_word' id='word_1_132' title='bbox 1158 1624 1254 1677; x_wconf 76' lang='grc' dir='ltr'><strong>καὶ</strong></span> <span class='ocrx_word' id='word_1_133' title='bbox 1275 1623 1371 1677; x_wconf 88' lang='grc' dir='ltr'><strong>τδν</strong></span> <span class='ocrx_word' id='word_1_134' title='bbox 1395 1624 1569 1695; x_wconf 84' lang='grc' dir='ltr'><strong>δῆμον</strong></span> <span class='ocrx_word' id='word_1_135' title='bbox 1592 1624 1822 1698; x_wconf 73' lang='grc' dir='ltr'><strong>αἵματος</strong></span> <span class='ocrx_word' id='word_1_136' title='bbox 1840 1624 2011 1680; x_wconf 86' lang='grc' dir='ltr'><strong>πάλαι</strong></span> 
     </span>
    </p>
   </div>
   <div class='ocr_carea' id='block_1_20' title="bbox 2121 415 3705 475">
    <p class='ocr_par' dir='ltr' id='par_1_20' title="bbox 2121 415 3705 475">
     <span class='ocr_line' id='line_1_20' title="bbox 2121 415 3705 475; baseline 0.001 -5"><span class='ocrx_word' id='word_1_137' title='bbox 2121 423 2332 471; x_wconf 86' lang='lat' dir='ltr'><strong>essent.</strong></span> <span class='ocrx_word' id='word_1_138' title='bbox 2360 415 2436 470; x_wconf 82' lang='lat' dir='ltr'><strong>Ea</strong></span> <span class='ocrx_word' id='word_1_139' title='bbox 2463 429 2626 472; x_wconf 87' lang='lat' dir='ltr'><strong>causa</strong></span> <span class='ocrx_word' id='word_1_140' title='bbox 2649 415 2757 471; x_wconf 78' lang='lat' dir='ltr'><strong>fuit</strong></span> <span class='ocrx_word' id='word_1_141' title='bbox 2786 431 2889 471; x_wconf 88' lang='lat' dir='ltr'><strong>cur</strong></span> <span class='ocrx_word' id='word_1_142' title='bbox 2925 416 3030 472; x_wconf 89' lang='lat' dir='ltr'><strong>viri</strong></span> <span class='ocrx_word' id='word_1_143' title='bbox 3057 417 3162 474; x_wconf 92' lang='lat' dir='ltr'><strong>cati</strong></span> <span class='ocrx_word' id='word_1_144' title='bbox 3187 433 3251 473; x_wconf 90' lang='lat' dir='ltr'><strong>ac</strong></span> <span class='ocrx_word' id='word_1_145' title='bbox 3271 418 3483 474; x_wconf 88' lang='lat' dir='ltr'><strong>cordati</strong></span> <span class='ocrx_word' id='word_1_146' title='bbox 3521 433 3705 475; x_wconf 84' lang='lat' dir='ltr'><strong>arcem</strong></span> 
     </span>
    </p>
   </div>
   <div class='ocr_carea' id='block_1_21' title="bbox 2121 508 3707 579">
    <p class='ocr_par' dir='ltr' id='par_1_21' title="bbox 2121 508 3707 579">
     <span class='ocr_line' id='line_1_21' title="bbox 2121 508 3707 579; baseline 0.003 -17"><span class='ocrx_word' id='word_1_147' title='bbox 2121 508 2471 578; x_wconf 75' lang='lat' dir='ltr'><strong>occuparint,</strong></span> <span class='ocrx_word' id='word_1_148' title='bbox 2509 509 2667 579; x_wconf 88' lang='lat' dir='ltr'><strong>quasi</strong></span> <span class='ocrx_word' id='word_1_149' title='bbox 2685 509 2754 565; x_wconf 80' lang='lat' dir='ltr'><strong>ad</strong></span> <span class='ocrx_word' id='word_1_150' title='bbox 2775 511 3054 565; x_wconf 85' lang='lat' dir='ltr'><strong>saniorem</strong></span> <span class='ocrx_word' id='word_1_151' title='bbox 3077 522 3342 576; x_wconf 86' lang='lat' dir='ltr'><strong>mentem,</strong></span> <span class='ocrx_word' id='word_1_152' title='bbox 3372 526 3439 568; x_wconf 87' lang='lat' dir='ltr'><strong>ea</strong></span> <span class='ocrx_word' id='word_1_153' title='bbox 3466 522 3707 567; x_wconf 87' lang='lat' dir='ltr'><strong>emotam</strong></span> 
     </span>
    </p>
   </div>
   <div class='ocr_carea' id='block_1_22' title="bbox 2120 597 3711 674">
    <p class='ocr_par' dir='ltr' id='par_1_22' title="bbox 2120 597 3711 674">
     <span class='ocr_line' id='line_1_22' title="bbox 2120 597 3711 674; baseline 0.004 -21"><span class='ocrx_word' id='word_1_154' title='bbox 2120 597 2340 670; x_wconf 85' lang='lat' dir='ltr'><strong>plebem</strong></span> <span class='ocrx_word' id='word_1_155' title='bbox 2363 600 2417 656; x_wconf 92' lang='lat' dir='ltr'><strong>vi</strong></span> <span class='ocrx_word' id='word_1_156' title='bbox 2451 601 2729 657; x_wconf 87' lang='lat' dir='ltr'><strong>redacturi</strong></span> <span class='ocrx_word' id='word_1_157' title='bbox 2762 611 2970 658; x_wconf 87' lang='lat' dir='ltr'><strong>essent.</strong></span> <span class='ocrx_word' id='word_1_158' title='bbox 2999 603 3218 658; x_wconf 78' lang='lat' dir='ltr'><strong>Adsunt</strong></span> <span class='ocrx_word' id='word_1_159' title='bbox 3235 604 3401 674; x_wconf 82' lang='lat' dir='ltr'><strong>legati</strong></span> <span class='ocrx_word' id='word_1_160' title='bbox 3429 603 3497 658; x_wconf 90' lang='lat' dir='ltr'><strong>ad</strong></span> <span class='ocrx_word' id='word_1_161' title='bbox 3536 603 3711 674; x_wconf 89' lang='lat' dir='ltr'><strong>impe-</strong></span> 
     </span>
    </p>
   </div>
   <div class='ocr_carea' id='block_1_23' title="bbox 2122 693 3704 766">
    <p class='ocr_par' dir='ltr' id='par_1_23' title="bbox 2122 693 3704 766">
     <span class='ocr_line' id='line_1_23' title="bbox 2122 693 3704 766; baseline 0.002 -20"><span class='ocrx_word' id='word_1_162' title='bbox 2122 694 2321 748; x_wconf 87' lang='lat' dir='ltr'><strong>ratoris</strong></span> <span class='ocrx_word' id='word_1_163' title='bbox 2346 693 2538 760; x_wconf 81' lang='lat' dir='ltr'><strong>ﬁlium,</strong></span> <span class='ocrx_word' id='word_1_164' title='bbox 2557 693 2739 748; x_wconf 87' lang='lat' dir='ltr'><strong>virum</strong></span> <span class='ocrx_word' id='word_1_165' title='bbox 2767 693 3099 761; x_wconf 85' lang='lat' dir='ltr'><strong>modestum,</strong></span> <span class='ocrx_word' id='word_1_166' title='bbox 3125 695 3704 766; x_wconf 84' lang='lat' dir='ltr'><strong>mitem,prudentem,</strong></span> 
     </span>
    </p>
   </div>
   <div class='ocr_carea' id='block_1_24' title="bbox 2123 785 3707 858">
    <p class='ocr_par' dir='ltr' id='par_1_24' title="bbox 2123 785 3707 858">
     <span class='ocr_line' id='line_1_24' title="bbox 2123 785 3707 858; baseline 0.003 -21"><span class='ocrx_word' id='word_1_167' title='bbox 2123 794 2380 854; x_wconf 76' lang='lat' dir='ltr'><strong>rogantes</strong></span> <span class='ocrx_word' id='word_1_168' title='bbox 2424 786 2568 841; x_wconf 92' lang='lat' dir='ltr'><strong>mitti</strong></span> <span class='ocrx_word' id='word_1_169' title='bbox 2613 786 2815 842; x_wconf 90' lang='lat' dir='ltr'><strong>milites</strong></span> <span class='ocrx_word' id='word_1_170' title='bbox 2871 785 2965 858; x_wconf 87' lang='lat' dir='ltr'><strong>qui</strong></span> <span class='ocrx_word' id='word_1_171' title='bbox 3007 789 3203 843; x_wconf 88' lang='lat' dir='ltr'><strong>urbem</strong></span> <span class='ocrx_word' id='word_1_172' title='bbox 3247 799 3604 858; x_wconf 72' lang='lat' dir='ltr'><strong>compescant</strong></span> <span class='ocrx_word' id='word_1_173' title='bbox 3651 790 3707 842; x_wconf 90' lang='lat' dir='ltr'><strong>in</strong></span> 
     </span>
    </p>
   </div>
   <div class='ocr_carea' id='block_1_25' title="bbox 2119 877 3705 951">
    <p class='ocr_par' dir='ltr' id='par_1_25' title="bbox 2119 877 3705 951">
     <span class='ocr_line' id='line_1_25' title="bbox 2119 877 3705 951; baseline 0.003 -20"><span class='ocrx_word' id='word_1_174' title='bbox 2119 890 2242 933; x_wconf 88' lang='lat' dir='ltr'><strong>sese</strong></span> <span class='ocrx_word' id='word_1_175' title='bbox 2290 877 2587 944; x_wconf 77' lang='lat' dir='ltr'><strong>furentem,</strong></span> <span class='ocrx_word' id='word_1_176' title='bbox 2616 881 2780 948; x_wconf 80' lang='lat' dir='ltr'><strong>eique</strong></span> <span class='ocrx_word' id='word_1_177' title='bbox 2811 880 3019 935; x_wconf 86' lang='lat' dir='ltr'><strong>servari</strong></span> <span class='ocrx_word' id='word_1_178' title='bbox 3072 894 3181 943; x_wconf 87' lang='lat' dir='ltr'><strong>res,</strong></span> <span class='ocrx_word' id='word_1_179' title='bbox 3212 881 3308 950; x_wconf 88' lang='lat' dir='ltr'><strong>qui</strong></span> <span class='ocrx_word' id='word_1_180' title='bbox 3336 881 3455 951; x_wconf 88' lang='lat' dir='ltr'><strong>ipse</strong></span> <span class='ocrx_word' id='word_1_181' title='bbox 3487 880 3705 936; x_wconf 76' lang='lat' dir='ltr'><strong>incolu-</strong></span> 
     </span>
    </p>
   </div>
   <div class='ocr_carea' id='block_1_26' title="bbox 2120 970 3707 1042">
    <p class='ocr_par' dir='ltr' id='par_1_26' title="bbox 2120 970 3707 1042">
     <span class='ocr_line' id='line_1_26' title="bbox 2120 970 3707 1042; baseline 0.005 -22"><span class='ocrx_word' id='word_1_182' title='bbox 2120 981 2239 1023; x_wconf 88' lang='lat' dir='ltr'><strong>mes</strong></span> <span class='ocrx_word' id='word_1_183' title='bbox 2283 979 2544 1040; x_wconf 70' lang='lat' dir='ltr'><strong>praestare</strong></span> <span class='ocrx_word' id='word_1_184' title='bbox 2595 979 2800 1041; x_wconf 90' lang='lat' dir='ltr'><strong>posset.</strong></span> <span class='ocrx_word' id='word_1_185' title='bbox 2827 970 2963 1026; x_wconf 83' lang='lat' dir='ltr'><strong>Erat</strong></span> <span class='ocrx_word' id='word_1_186' title='bbox 2995 981 3129 1027; x_wconf 90' lang='lat' dir='ltr'><strong>tunc</strong></span> <span class='ocrx_word' id='word_1_187' title='bbox 3155 972 3428 1042; x_wconf 80' lang='lat' dir='ltr'><strong>tantisper</strong></span> <span class='ocrx_word' id='word_1_188' title='bbox 3457 971 3707 1037; x_wconf 43' lang='lat' dir='ltr'><strong>.fortuna:</strong></span> 
     </span>
    </p>
   </div>
   <div class='ocr_carea' id='block_1_27' title="bbox 2120 1059 3705 1136">
    <p class='ocr_par' dir='ltr' id='par_1_27' title="bbox 2120 1059 3705 1136">
     <span class='ocr_line' id='line_1_27' title="bbox 2120 1059 3705 1136; baseline 0.004 -21"><span class='ocrx_word' id='word_1_189' title='bbox 2120 1059 2538 1130; x_wconf 85' lang='lat' dir='ltr'><strong>quiescendum,</strong></span> <span class='ocrx_word' id='word_1_190' title='bbox 2571 1079 2673 1118; x_wconf 88' lang='lat' dir='ltr'><strong>nec</strong></span> <span class='ocrx_word' id='word_1_191' title='bbox 2698 1063 2982 1119; x_wconf 87' lang='lat' dir='ltr'><strong>inhibendi</strong></span> <span class='ocrx_word' id='word_1_192' title='bbox 3007 1064 3233 1129; x_wconf 84' lang='lat' dir='ltr'><strong>milites,</strong></span> <span class='ocrx_word' id='word_1_193' title='bbox 3265 1065 3360 1136; x_wconf 91' lang='lat' dir='ltr'><strong>qui</strong></span> <span class='ocrx_word' id='word_1_194' title='bbox 3390 1065 3705 1121; x_wconf 90' lang='lat' dir='ltr'><strong>libertatem</strong></span> 
     </span>
    </p>
   </div>
   <div class='ocr_carea' id='block_1_28' title="bbox 2119 1152 3704 1230">
    <p class='ocr_par' dir='ltr' id='par_1_28' title="bbox 2119 1152 3704 1230">
     <span class='ocr_line' id='line_1_28' title="bbox 2119 1152 3704 1230; baseline 0.004 -24"><span class='ocrx_word' id='word_1_195' title='bbox 2119 1152 2341 1207; x_wconf 81' lang='lat' dir='ltr'><strong>allaturi</strong></span> <span class='ocrx_word' id='word_1_196' title='bbox 2376 1165 2585 1209; x_wconf 81' lang='lat' dir='ltr'><strong>essent.</strong></span> <span class='ocrx_word' id='word_1_197' title='bbox 2626 1156 2784 1211; x_wconf 88' lang='lat' dir='ltr'><strong>Nunc</strong></span> <span class='ocrx_word' id='word_1_198' title='bbox 2809 1171 2942 1212; x_wconf 90' lang='lat' dir='ltr'><strong>sane</strong></span> <span class='ocrx_word' id='word_1_199' title='bbox 2976 1171 3076 1226; x_wconf 84' lang='lat' dir='ltr'><strong>pro</strong></span> <span class='ocrx_word' id='word_1_200' title='bbox 3106 1157 3256 1212; x_wconf 86' lang='lat' dir='ltr'><strong>luctu</strong></span> <span class='ocrx_word' id='word_1_201' title='bbox 3291 1172 3357 1213; x_wconf 89' lang='lat' dir='ltr'><strong>ac</strong></span> <span class='ocrx_word' id='word_1_202' title='bbox 3383 1158 3612 1230; x_wconf 87' lang='lat' dir='ltr'><strong>gemitu,</strong></span> <span class='ocrx_word' id='word_1_203' title='bbox 3646 1160 3704 1213; x_wconf 87' lang='lat' dir='ltr'><strong>in</strong></span> 
     </span>
    </p>
   </div>
   <div class='ocr_carea' id='block_1_29' title="bbox 2119 1247 3704 1319">
    <p class='ocr_par' dir='ltr' id='par_1_29' title="bbox 2119 1247 3704 1319">
     <span class='ocr_line' id='line_1_29' title="bbox 2119 1247 3704 1319; baseline 0.006 -21"><span class='ocrx_word' id='word_1_204' title='bbox 2119 1247 2363 1315; x_wconf 87' lang='lat' dir='ltr'><strong>tripudio</strong></span> <span class='ocrx_word' id='word_1_205' title='bbox 2409 1256 2576 1318; x_wconf 88' lang='lat' dir='ltr'><strong>atque</strong></span> <span class='ocrx_word' id='word_1_206' title='bbox 2610 1250 2791 1319; x_wconf 86' lang='lat' dir='ltr'><strong>epulis</strong></span> <span class='ocrx_word' id='word_1_207' title='bbox 2851 1250 3012 1305; x_wconf 90' lang='lat' dir='ltr'><strong>nobis</strong></span> <span class='ocrx_word' id='word_1_208' title='bbox 3071 1250 3267 1307; x_wconf 78' lang='lat' dir='ltr'><strong>civitas</strong></span> <span class='ocrx_word' id='word_1_209' title='bbox 3323 1261 3490 1307; x_wconf 84' lang='lat' dir='ltr'><strong>esset.</strong></span> <span class='ocrx_word' id='word_1_210' title='bbox 3545 1252 3704 1308; x_wconf 80' lang='lat' dir='ltr'><strong>Nunc</strong></span> 
     </span>
    </p>
   </div>
   <div class='ocr_carea' id='block_1_30' title="bbox 2118 1338 3702 1415">
    <p class='ocr_par' dir='ltr' id='par_1_30' title="bbox 2118 1338 3702 1415">
     <span class='ocr_line' id='line_1_30' title="bbox 2118 1338 3702 1415; baseline 0.004 -23"><span class='ocrx_word' id='word_1_211' title='bbox 2118 1338 2278 1409; x_wconf 82' lang='lat' dir='ltr'><strong>plane</strong></span> <span class='ocrx_word' id='word_1_212' title='bbox 2306 1342 2458 1396; x_wconf 80' lang='lat' dir='ltr'><strong>cives</strong></span> <span class='ocrx_word' id='word_1_213' title='bbox 2489 1346 2660 1396; x_wconf 86' lang='lat' dir='ltr'><strong>nostri</strong></span> <span class='ocrx_word' id='word_1_214' title='bbox 2685 1343 2889 1397; x_wconf 83' lang='lat' dir='ltr'><strong>choros</strong></span> <span class='ocrx_word' id='word_1_215' title='bbox 2909 1343 3197 1409; x_wconf 87' lang='lat' dir='ltr'><strong>ducerent,</strong></span> <span class='ocrx_word' id='word_1_216' title='bbox 3229 1358 3295 1398; x_wconf 88' lang='lat' dir='ltr'><strong>ac</strong></span> <span class='ocrx_word' id='word_1_217' title='bbox 3323 1343 3534 1399; x_wconf 88' lang='lat' dir='ltr'><strong>inimici</strong></span> <span class='ocrx_word' id='word_1_218' title='bbox 3562 1359 3702 1415; x_wconf 66' lang='lat' dir='ltr'><strong>prae-</strong></span> 
     </span>
    </p>
   </div>
   <div class='ocr_carea' id='block_1_31' title="bbox 2117 1433 3705 1507">
    <p class='ocr_par' dir='ltr' id='par_1_31' title="bbox 2117 1433 3705 1507">
     <span class='ocr_line' id='line_1_31' title="bbox 2117 1433 3705 1507; baseline 0.006 -22"><span class='ocrx_word' id='word_1_219' title='bbox 2117 1433 2292 1486; x_wconf 84' lang='lat' dir='ltr'><strong>sentis</strong></span> <span class='ocrx_word' id='word_1_220' title='bbox 2345 1444 2550 1489; x_wconf 70' lang='lat' dir='ltr'><strong>nostra:</strong></span> <span class='ocrx_word' id='word_1_221' title='bbox 2603 1436 2840 1492; x_wconf 78' lang='lat' dir='ltr'><strong>fortunae</strong></span> <span class='ocrx_word' id='word_1_222' title='bbox 2893 1435 3191 1506; x_wconf 77' lang='lat' dir='ltr'><strong>participes</strong></span> <span class='ocrx_word' id='word_1_223' title='bbox 3242 1446 3448 1492; x_wconf 81' lang='lat' dir='ltr'><strong>essent.</strong></span> <span class='ocrx_word' id='word_1_224' title='bbox 3478 1437 3705 1507; x_wconf 75' lang='lat' dir='ltr'><strong>Vigeret</strong></span> 
     </span>
    </p>
   </div>
   <div class='ocr_carea' id='block_1_32' title="bbox 2112 1523 3701 1600">
    <p class='ocr_par' dir='ltr' id='par_1_32' title="bbox 2112 1523 3701 1600">
     <span class='ocr_line' id='line_1_32' title="bbox 2112 1523 3701 1600; baseline 0.006 -23"><span class='ocrx_word' id='word_1_225' title='bbox 2112 1523 2325 1594; x_wconf 87' lang='lat' dir='ltr'><strong>justitia</strong></span> <span class='ocrx_word' id='word_1_226' title='bbox 2354 1524 2501 1582; x_wconf 84' lang='lat' dir='ltr'><strong>inter</strong></span> <span class='ocrx_word' id='word_1_227' title='bbox 2543 1526 2818 1594; x_wconf 83' lang='lat' dir='ltr'><strong>homines,</strong></span> <span class='ocrx_word' id='word_1_228' title='bbox 2843 1545 3186 1600; x_wconf 87' lang='lat' dir='ltr'><strong>aureumque</strong></span> <span class='ocrx_word' id='word_1_229' title='bbox 3216 1544 3393 1600; x_wconf 73' lang='lat' dir='ltr'><strong>genus</strong></span> <span class='ocrx_word' id='word_1_230' title='bbox 3437 1529 3493 1583; x_wconf 89' lang='lat' dir='ltr'><strong>in</strong></span> <span class='ocrx_word' id='word_1_231' title='bbox 3537 1529 3701 1587; x_wconf 78' lang='lat' dir='ltr'><strong>nobis</strong></span> 
     </span>
    </p>
   </div>
   <div class='ocr_carea' id='block_1_33' title="bbox 2119 1620 3702 1693">
    <p class='ocr_par' dir='ltr' id='par_1_33' title="bbox 2119 1620 3702 1693">
     <span class='ocr_line' id='line_1_33' title="bbox 2119 1620 3702 1693; baseline 0.006 -24"><span class='ocrx_word' id='word_1_232' title='bbox 2119 1626 2401 1686; x_wconf 85' lang='lat' dir='ltr'><strong>superstes</strong></span> <span class='ocrx_word' id='word_1_233' title='bbox 2439 1627 2606 1675; x_wconf 88' lang='lat' dir='ltr'><strong>esset.</strong></span> <span class='ocrx_word' id='word_1_234' title='bbox 2639 1620 2796 1675; x_wconf 85' lang='lat' dir='ltr'><strong>Nunc</strong></span> <span class='ocrx_word' id='word_1_235' title='bbox 2842 1637 2994 1688; x_wconf 90' lang='lat' dir='ltr'><strong>vero,</strong></span> <span class='ocrx_word' id='word_1_236' title='bbox 3022 1639 3055 1677; x_wconf 92' lang='grc' dir='ltr'><strong>ο</strong></span> <span class='ocrx_word' id='word_1_237' title='bbox 3079 1621 3356 1693; x_wconf 88' lang='lat' dir='ltr'><strong>quomodo</strong></span> <span class='ocrx_word' id='word_1_238' title='bbox 3380 1636 3503 1692; x_wconf 62' lang='lat' dir='ltr'><strong>qua!</strong></span> <span class='ocrx_word' id='word_1_239' title='bbox 3550 1632 3702 1678; x_wconf 88' lang='lat' dir='ltr'><strong>recte</strong></span> 
     </span>
    </p>
   </div>
   <div class='ocr_carea' id='block_1_34' title="bbox 425 1693 2010 1791">
    <p class='ocr_par' dir='ltr' id='par_1_34' title="bbox 425 1693 2010 1791">
     <span class='ocr_line' id='line_1_34' title="bbox 425 1693 2010 1791; baseline 0 -20"><span class='ocrx_word' id='word_1_240' title='bbox 425 1716 689 1788; x_wconf 75' lang='grc' dir='ltr'><strong>διιιιῶντα,</strong></span> <span class='ocrx_word' id='word_1_241' title='bbox 701 1716 798 1770; x_wconf 76' lang='grc' dir='ltr'><strong>ἐπὶ</strong></span> <span class='ocrx_word' id='word_1_242' title='bbox 809 1716 971 1787; x_wconf 83' lang='grc' dir='ltr'><strong>κόρον</strong></span> <span class='ocrx_word' id='word_1_243' title='bbox 982 1693 1104 1780; x_wconf 63' lang='lat' dir='ltr'><strong>cii;</strong></span> <span class='ocrx_word' id='word_1_244' title='bbox 1118 1719 1386 1787; x_wconf 75' lang='grc' dir='ltr'><strong>πονηραῖς</strong></span> <span class='ocrx_word' id='word_1_245' title='bbox 1409 1693 1751 1788; x_wconf 72' lang='grc' dir='ltr'><strong>παρεκάλουν</strong></span> <span class='ocrx_word' id='word_1_246' title='bbox 1762 1720 1791 1774; x_wconf 89' lang='grc' dir='ltr'><strong>δ</strong></span> <span class='ocrx_word' id='word_1_247' title='bbox 1800 1740 1826 1790; x_wconf 84' lang='grc' dir='ltr'><strong>η</strong></span> <span class='ocrx_word' id='word_1_248' title='bbox 1835 1738 1910 1791; x_wconf 88' lang='grc' dir='ltr'><strong>μη</strong></span> <span class='ocrx_word' id='word_1_249' title='bbox 1917 1737 2010 1787; x_wconf 87' lang='grc' dir='ltr'><strong>γο-</strong></span> 
     </span>
    </p>
   </div>
   <div class='ocr_carea' id='block_1_35' title="bbox 2113 1693 3699 1791">
    <p class='ocr_par' dir='ltr' id='par_1_35' title="bbox 2116 1711 3699 1780">
     <span class='ocr_line' id='line_1_35' title="bbox 2116 1711 3699 1780; baseline 0.003 -16"><span class='ocrx_word' id='word_1_250' title='bbox 2116 1711 2366 1768; x_wconf 85' lang='lat' dir='ltr'><strong>consiliis</strong></span> <span class='ocrx_word' id='word_1_251' title='bbox 2400 1713 2556 1768; x_wconf 87' lang='lat' dir='ltr'><strong>initis</strong></span> <span class='ocrx_word' id='word_1_252' title='bbox 2611 1713 2918 1768; x_wconf 85' lang='lat' dir='ltr'><strong>deliberata</strong></span> <span class='ocrx_word' id='word_1_253' title='bbox 2968 1723 3178 1780; x_wconf 88' lang='lat' dir='ltr'><strong>essent,</strong></span> <span class='ocrx_word' id='word_1_254' title='bbox 3238 1712 3438 1769; x_wconf 84' lang='lat' dir='ltr'><strong>ludens</strong></span> <span class='ocrx_word' id='word_1_255' title='bbox 3475 1711 3699 1768; x_wconf 71' lang='lat' dir='ltr'><strong>fortuna</strong></span> 
     </span>
    </p>
   </div>
   <div class='ocr_carea' id='block_1_36' title="bbox 429 1803 2012 1882">
    <p class='ocr_par' dir='ltr' id='par_1_36' title="bbox 429 1803 2012 1882">
     <span class='ocr_line' id='line_1_36' title="bbox 429 1803 2012 1882; baseline 0.003 -20"><span class='ocrx_word' id='word_1_256' title='bbox 429 1810 596 1881; x_wconf 86' lang='grc' dir='ltr'><strong>ρίαις.</strong></span> <span class='ocrx_word' id='word_1_257' title='bbox 619 1808 735 1863; x_wconf 71' lang='grc' dir='ltr'><strong>οἶδ’</strong></span> <span class='ocrx_word' id='word_1_258' title='bbox 747 1807 1044 1876; x_wconf 86' lang='grc' dir='ltr'><strong>ἐκινοῦντο,</strong></span> <span class='ocrx_word' id='word_1_259' title='bbox 1063 1803 1176 1862; x_wconf 78' lang='grc' dir='ltr'><strong>οἷον</strong></span> <span class='ocrx_word' id='word_1_260' title='bbox 1196 1809 1444 1882; x_wconf 85' lang='grc' dir='ltr'><strong>Ὅμηρος</strong></span> <span class='ocrx_word' id='word_1_261' title='bbox 1468 1809 1573 1882; x_wconf 70' lang='grc' dir='ltr'><strong>ἔφη</strong></span> <span class='ocrx_word' id='word_1_262' title='bbox 1605 1811 1708 1882; x_wconf 79' lang='grc' dir='ltr'><strong>την</strong></span> <span class='ocrx_word' id='word_1_263' title='bbox 1738 1812 2012 1866; x_wconf 88' lang='grc' dir='ltr'><strong>θάλατταν</strong></span> 
     </span>
    </p>
   </div>
   <div class='ocr_carea' id='block_1_37' title="bbox 429 1899 2012 1973">
    <p class='ocr_par' dir='ltr' id='par_1_37' title="bbox 429 1899 2012 1973">
     <span class='ocr_line' id='line_1_37' title="bbox 429 1899 2012 1973; baseline 0.003 -19"><span class='ocrx_word' id='word_1_264' title='bbox 429 1902 525 1956; x_wconf 81' lang='grc' dir='ltr'><strong>ὑπ’</strong></span> <span class='ocrx_word' id='word_1_265' title='bbox 553 1901 816 1957; x_wconf 83' lang='grc' dir='ltr'><strong>ἐναντίων</strong></span> <span class='ocrx_word' id='word_1_266' title='bbox 873 1899 1205 1972; x_wconf 79' lang='grc' dir='ltr'><strong>πνευμάτων</strong></span> <span class='ocrx_word' id='word_1_267' title='bbox 1259 1901 1644 1973; x_wconf 79' lang='grc' dir='ltr'><strong>ἐλαυνομένην.</strong></span> <span class='ocrx_word' id='word_1_268' title='bbox 1693 1903 1804 1958; x_wconf 75' lang='grc' dir='ltr'><strong>Καὶ</strong></span> <span class='ocrx_word' id='word_1_269' title='bbox 1826 1903 2012 1959; x_wconf 84' lang='grc' dir='ltr'><strong>λοιπὸν</strong></span> 
     </span>
    </p>
   </div>
   <div class='ocr_carea' id='block_1_38' title="bbox 425 1988 2006 2066">
    <p class='ocr_par' dir='ltr' id='par_1_38' title="bbox 425 1988 2006 2066">
     <span class='ocr_line' id='line_1_38' title="bbox 425 1988 2006 2066; baseline 0.002 -19"><span class='ocrx_word' id='word_1_270' title='bbox 425 1993 581 2049; x_wconf 70' lang='grc' dir='ltr'><strong>οὐδὲν</strong></span> <span class='ocrx_word' id='word_1_271' title='bbox 613 1988 684 2066; x_wconf 80' lang='grc' dir='ltr'><strong>ἦν</strong></span> <span class='ocrx_word' id='word_1_272' title='bbox 719 1995 819 2050; x_wconf 79' lang='grc' dir='ltr'><strong>σὺν</strong></span> <span class='ocrx_word' id='word_1_273' title='bbox 849 1994 1025 2066; x_wconf 85' lang='grc' dir='ltr'><strong>νόμῳ,</strong></span> <span class='ocrx_word' id='word_1_274' title='bbox 1075 1995 1192 2050; x_wconf 81' lang='grc' dir='ltr'><strong>ἀλλ’</strong></span> <span class='ocrx_word' id='word_1_275' title='bbox 1217 1993 1415 2048; x_wconf 79' lang='grc' dir='ltr'><strong>ἐπιπτε</strong></span> <span class='ocrx_word' id='word_1_276' title='bbox 1454 1993 1557 2066; x_wconf 84' lang='grc' dir='ltr'><strong>μέν</strong></span> <span class='ocrx_word' id='word_1_277' title='bbox 1584 1996 1614 2049; x_wconf 87' lang='grc' dir='ltr'><strong>ό</strong></span> <span class='ocrx_word' id='word_1_278' title='bbox 1648 1997 1969 2066; x_wconf 78' lang='grc' dir='ltr'><strong>προστυχὼν</strong></span> <span class='ocrx_word' id='word_1_279' title='bbox 1994 2015 2006 2029; x_wconf 89' lang='grc'>·</span> 
     </span>
    </p>
   </div>
   <div class='ocr_carea' id='block_1_39' title="bbox 426 2083 2011 2159">
    <p class='ocr_par' dir='ltr' id='par_1_39' title="bbox 426 2083 2011 2159">
     <span class='ocr_line' id='line_1_39' title="bbox 426 2083 2011 2159; baseline 0.003 -21"><span class='ocrx_word' id='word_1_280' title='bbox 426 2083 518 2138; x_wconf 75' lang='grc' dir='ltr'><strong>διὰ</strong></span> <span class='ocrx_word' id='word_1_281' title='bbox 542 2083 600 2137; x_wconf 78' lang='grc' dir='ltr'><strong>δέ</strong></span> <span class='ocrx_word' id='word_1_282' title='bbox 626 2083 738 2138; x_wconf 85' lang='grc' dir='ltr'><strong>τῶν</strong></span> <span class='ocrx_word' id='word_1_283' title='bbox 763 2083 975 2156; x_wconf 81' lang='grc' dir='ltr'><strong>νεκρῶν</strong></span> <span class='ocrx_word' id='word_1_284' title='bbox 1008 2086 1104 2140; x_wconf 80' lang='grc' dir='ltr'><strong>ἐπὶ</strong></span> <span class='ocrx_word' id='word_1_285' title='bbox 1153 2086 1282 2150; x_wconf 83' lang='grc' dir='ltr'><strong>τοὺς</strong></span> <span class='ocrx_word' id='word_1_286' title='bbox 1321 2085 1592 2157; x_wconf 77' lang='grc' dir='ltr'><strong>ἄρχοντας</strong></span> <span class='ocrx_word' id='word_1_287' title='bbox 1621 2087 1811 2159; x_wconf 68' lang='grc' dir='ltr'><strong>ᾔεσαν.</strong></span> <span class='ocrx_word' id='word_1_288' title='bbox 1845 2091 1908 2142; x_wconf 83' lang='lat' dir='ltr'><strong>Ol</strong></span> <span class='ocrx_word' id='word_1_289' title='bbox 1954 2088 2011 2143; x_wconf 74' lang='grc' dir='ltr'><strong>δέ</strong></span> 
     </span>
    </p>
   </div>
   <div class='ocr_carea' id='block_1_40' title="bbox 423 2173 2012 2248">
    <p class='ocr_par' dir='ltr' id='par_1_40' title="bbox 423 2173 2012 2248">
     <span class='ocr_line' id='line_1_40' title="bbox 423 2173 2012 2248; baseline 0.003 -20"><span class='ocrx_word' id='word_1_290' title='bbox 423 2173 936 2245; x_wconf 80' lang='grc' dir='ltr'><strong>διασκεδασάμενοι,</strong></span> <span class='ocrx_word' id='word_1_291' title='bbox 983 2175 1237 2248; x_wconf 73' lang='grc' dir='ltr'><strong>δέχεσθαι</strong></span> <span class='ocrx_word' id='word_1_292' title='bbox 1285 2177 1386 2247; x_wconf 73' lang='grc' dir='ltr'><strong>μὲν</strong></span> <span class='ocrx_word' id='word_1_293' title='bbox 1425 2178 1553 2242; x_wconf 74' lang='grc' dir='ltr'><strong>τοὺς</strong></span> <span class='ocrx_word' id='word_1_294' title='bbox 1606 2178 1881 2242; x_wconf 74' lang='grc' dir='ltr'><strong>ἐπιόντας,</strong></span> <span class='ocrx_word' id='word_1_295' title='bbox 1918 2180 2012 2234; x_wconf 60' lang='grc' dir='ltr'><strong>καὶ⁹</strong></span> 
     </span>
    </p>
   </div>
   <div class='ocr_carea' id='block_1_41' title="bbox 428 2266 2012 2343">
    <p class='ocr_par' dir='ltr' id='par_1_41' title="bbox 428 2266 2012 2343">
     <span class='ocr_line' id='line_1_41' title="bbox 428 2266 2012 2343; baseline 0.002 -22"><span class='ocrx_word' id='word_1_296' title='bbox 428 2266 612 2336; x_wconf 77' lang='grc' dir='ltr'><strong>σφίσιν</strong></span> <span class='ocrx_word' id='word_1_297' title='bbox 641 2268 827 2333; x_wconf 76' lang='grc' dir='ltr'><strong>αὐτοῖς</strong></span> <span class='ocrx_word' id='word_1_298' title='bbox 859 2269 1089 2340; x_wconf 86' lang='grc' dir='ltr'><strong>ἀμύνειν</strong></span> <span class='ocrx_word' id='word_1_299' title='bbox 1114 2269 1406 2326; x_wconf 74' lang='grc' dir='ltr'><strong>ἐϐούλοντο</strong></span> <span class='ocrx_word' id='word_1_300' title='bbox 1424 2290 1437 2305; x_wconf 87' lang='grc'><strong>·</strong></span> <span class='ocrx_word' id='word_1_301' title='bbox 1475 2272 1662 2342; x_wconf 76' lang='grc' dir='ltr'><strong>ἔτερος</strong></span> <span class='ocrx_word' id='word_1_302' title='bbox 1686 2271 1742 2325; x_wconf 77' lang='grc' dir='ltr'><strong>δὲ</strong></span> <span class='ocrx_word' id='word_1_303' title='bbox 1774 2270 2012 2343; x_wconf 78' lang='grc' dir='ltr'><strong>πόλεμος</strong></span> 
     </span>
    </p>
   </div>
   <div class='ocr_carea' id='block_1_42' title="bbox 426 2354 2010 2430">
    <p class='ocr_par' dir='ltr' id='par_1_42' title="bbox 426 2354 2010 2430">
     <span class='ocr_line' id='line_1_42' title="bbox 426 2354 2010 2430; baseline 0.004 -22"><span class='ocrx_word' id='word_1_304' title='bbox 426 2354 640 2410; x_wconf 76' lang='grc' dir='ltr'><strong>ινδοθεν</strong></span> <span class='ocrx_word' id='word_1_305' title='bbox 665 2356 995 2422; x_wconf 67' lang='grc' dir='ltr'><strong>κατὰνῶτον</strong></span> <span class='ocrx_word' id='word_1_306' title='bbox 1027 2359 1248 2430; x_wconf 79' lang='grc' dir='ltr'><strong>ἀπήντα</strong></span> <span class='ocrx_word' id='word_1_307' title='bbox 1277 2375 1293 2390; x_wconf 78' lang='grc' dir='ltr'><strong>ο</strong></span> <span class='ocrx_word' id='word_1_308' title='bbox 1325 2359 1456 2414; x_wconf 83' lang='grc' dir='ltr'><strong>ὥστ’</strong></span> <span class='ocrx_word' id='word_1_309' title='bbox 1482 2360 1587 2414; x_wconf 79' lang='grc' dir='ltr'><strong>οὐκ</strong></span> <span class='ocrx_word' id='word_1_310' title='bbox 1633 2354 1782 2430; x_wconf 74' lang='grc' dir='ltr'><strong>εἶχον</strong></span> <span class='ocrx_word' id='word_1_311' title='bbox 1823 2361 2010 2414; x_wconf 72' lang='grc' dir='ltr'><strong>λοιπὸν</strong></span> 
     </span>
    </p>
   </div>
   <div class='ocr_carea' id='block_1_43' title="bbox 338 2445 2008 2523">
    <p class='ocr_par' dir='ltr' id='par_1_43' title="bbox 338 2445 2008 2523">
     <span class='ocr_line' id='line_1_43' title="bbox 338 2445 2008 2523; baseline 0.004 -24"><span class='ocrx_word' id='word_1_312' title='bbox 338 2518 339 2521; x_wconf 14' lang='grc' dir='ltr'><strong>η</strong></span> <span class='ocrx_word' id='word_1_313' title='bbox 423 2445 547 2500; x_wconf 81' lang='grc' dir='ltr'><strong>δποι</strong></span> <span class='ocrx_word' id='word_1_314' title='bbox 575 2447 646 2500; x_wconf 80' lang='grc' dir='ltr'><strong>τὰ</strong></span> <span class='ocrx_word' id='word_1_315' title='bbox 681 2448 952 2518; x_wconf 65' lang='grc' dir='ltr'><strong>πρόσωπα</strong></span> <span class='ocrx_word' id='word_1_316' title='bbox 1004 2449 1283 2519; x_wconf 78' lang='grc' dir='ltr'><strong>τρέψειαν.</strong></span> <span class='ocrx_word' id='word_1_317' title='bbox 1327 2450 1462 2505; x_wconf 85' lang='grc' dir='ltr'><strong>Τότε</strong></span> <span class='ocrx_word' id='word_1_318' title='bbox 1491 2451 1557 2523; x_wconf 74' lang='grc' dir='ltr'><strong>δὴ</strong></span> <span class='ocrx_word' id='word_1_319' title='bbox 1607 2452 1722 2523; x_wconf 85' lang='grc' dir='ltr'><strong>πῦρ</strong></span> <span class='ocrx_word' id='word_1_320' title='bbox 1766 2453 1866 2522; x_wconf 80' lang='grc' dir='ltr'><strong>μὲν</strong></span> <span class='ocrx_word' id='word_1_321' title='bbox 1889 2455 2008 2517; x_wconf 81' lang='grc' dir='ltr'><strong>ταῖς</strong></span> 
     </span>
    </p>
   </div>
   <div class='ocr_carea' id='block_1_44' title="bbox 424 2538 2010 2613">
    <p class='ocr_par' dir='ltr' id='par_1_44' title="bbox 424 2538 2010 2613">
     <span class='ocr_line' id='line_1_44' title="bbox 424 2538 2010 2613; baseline 0.004 -21"><span class='ocrx_word' id='word_1_322' title='bbox 424 2538 624 2602; x_wconf 83' lang='grc' dir='ltr'><strong>πύλαις</strong></span> <span class='ocrx_word' id='word_1_323' title='bbox 654 2542 985 2611; x_wconf 78' lang='grc' dir='ltr'><strong>προσήγετο,</strong></span> <span class='ocrx_word' id='word_1_324' title='bbox 1038 2543 1134 2594; x_wconf 78' lang='grc' dir='ltr'><strong>καὶ</strong></span> <span class='ocrx_word' id='word_1_325' title='bbox 1184 2544 1212 2596; x_wconf 83' lang='grc' dir='ltr'><strong>ὁ</strong></span> <span class='ocrx_word' id='word_1_326' title='bbox 1267 2543 1476 2606; x_wconf 79' lang='grc' dir='ltr'><strong>καπνὸς</strong></span> <span class='ocrx_word' id='word_1_327' title='bbox 1529 2544 1657 2609; x_wconf 80' lang='grc' dir='ltr'><strong>τοὺς</strong></span> <span class='ocrx_word' id='word_1_328' title='bbox 1691 2543 1790 2613; x_wconf 70' lang='grc' dir='ltr'><strong>μιν</strong></span> <span class='ocrx_word' id='word_1_329' title='bbox 1811 2543 2010 2611; x_wconf 72' lang='grc' dir='ltr'><strong>ἔξωθεν</strong></span> 
     </span>
    </p>
   </div>
   <div class='ocr_carea' id='block_1_45' title="bbox 427 2626 2010 2700">
    <p class='ocr_par' dir='ltr' id='par_1_45' title="bbox 427 2626 2010 2700">
     <span class='ocr_line' id='line_1_45' title="bbox 427 2626 2010 2700; baseline 0.004 -18"><span class='ocrx_word' id='word_1_330' title='bbox 427 2629 816 2700; x_wconf 78' lang='grc' dir='ltr'><strong>ἐπειγομένους</strong></span> <span class='ocrx_word' id='word_1_331' title='bbox 868 2626 1022 2700; x_wconf 79' lang='grc' dir='ltr'><strong>εἶργε</strong></span> <span class='ocrx_word' id='word_1_332' title='bbox 1051 2631 1147 2685; x_wconf 87' lang='grc' dir='ltr'><strong>τοῦ</strong></span> <span class='ocrx_word' id='word_1_333' title='bbox 1179 2633 1370 2700; x_wconf 86' lang='grc' dir='ltr'><strong>πρόσω</strong></span> <span class='ocrx_word' id='word_1_334' title='bbox 1392 2649 1407 2664; x_wconf 82' lang='lat'><strong>&#39;</strong></span> <span class='ocrx_word' id='word_1_335' title='bbox 1430 2634 1506 2697; x_wconf 84' lang='grc' dir='ltr'><strong>ὡς</strong></span> <span class='ocrx_word' id='word_1_336' title='bbox 1529 2634 1594 2687; x_wconf 69' lang='grc' dir='ltr'><strong>ἂν</strong></span> <span class='ocrx_word' id='word_1_337' title='bbox 1615 2629 1697 2698; x_wconf 79' lang='grc' dir='ltr'><strong>οἷς</strong></span> <span class='ocrx_word' id='word_1_338' title='bbox 1726 2635 2010 2689; x_wconf 83' lang='grc' dir='ltr'><strong>ἐϐούλοντο</strong></span> 
     </span>
    </p>
   </div>
   <div class='ocr_carea' id='block_1_46' title="bbox 432 2719 2006 2794">
    <p class='ocr_par' dir='ltr' id='par_1_46' title="bbox 432 2719 2006 2794">
     <span class='ocr_line' id='line_1_46' title="bbox 432 2719 2006 2794; baseline 0.004 -23"><span class='ocrx_word' id='word_1_339' title='bbox 432 2719 660 2788; x_wconf 76' lang='grc' dir='ltr'><strong>βοηθεῖν,</strong></span> <span class='ocrx_word' id='word_1_340' title='bbox 693 2720 1063 2792; x_wconf 71' lang='grc' dir='ltr'><strong>εἰλημμένων.</strong></span> <span class='ocrx_word' id='word_1_341' title='bbox 1098 2725 1160 2776; x_wconf 83' lang='lat' dir='ltr'><strong>Ol</strong></span> <span class='ocrx_word' id='word_1_342' title='bbox 1181 2721 1226 2776; x_wconf 79' lang='grc' dir='ltr'><strong>δ’</strong></span> <span class='ocrx_word' id='word_1_343' title='bbox 1244 2723 1455 2777; x_wconf 72' lang='grc' dir='ltr'><strong>ἔνδοθεν</strong></span> <span class='ocrx_word' id='word_1_344' title='bbox 1470 2724 1684 2794; x_wconf 82' lang='grc' dir='ltr'><strong>ήνοιγον</strong></span> <span class='ocrx_word' id='word_1_345' title='bbox 1700 2724 1798 2789; x_wconf 83' lang='grc' dir='ltr'><strong>τὰς</strong></span> <span class='ocrx_word' id='word_1_346' title='bbox 1832 2725 2006 2790; x_wconf 83' lang='grc' dir='ltr'><strong>πύλας</strong></span> 
     </span>
    </p>
   </div>
   <div class='ocr_carea' id='block_1_47' title="bbox 431 2811 2008 2884">
    <p class='ocr_par' dir='ltr' id='par_1_47' title="bbox 431 2811 2008 2884">
     <span class='ocr_line' id='line_1_47' title="bbox 431 2811 2008 2884; baseline 0.005 -20"><span class='ocrx_word' id='word_1_347' title='bbox 431 2812 541 2873; x_wconf 81' lang='grc' dir='ltr'><strong>τοῖς</strong></span> <span class='ocrx_word' id='word_1_348' title='bbox 564 2811 941 2883; x_wconf 80' lang='grc' dir='ltr'><strong>ἀνδροφόνοις·</strong></span> <span class='ocrx_word' id='word_1_349' title='bbox 983 2814 1033 2866; x_wconf 84' lang='lat' dir='ltr'><strong>oi</strong></span> <span class='ocrx_word' id='word_1_350' title='bbox 1069 2811 1118 2865; x_wconf 87' lang='grc' dir='ltr'><strong>δ’</strong></span> <span class='ocrx_word' id='word_1_351' title='bbox 1154 2814 1522 2884; x_wconf 73' lang='grc' dir='ltr'><strong>εἰσχυθέντες,</strong></span> <span class='ocrx_word' id='word_1_352' title='bbox 1558 2817 1741 2871; x_wconf 74' lang='grc' dir='ltr'><strong>πᾶσαν</strong></span> <span class='ocrx_word' id='word_1_353' title='bbox 1767 2818 2008 2875; x_wconf 80' lang='grc' dir='ltr'><strong>ἀνάστα-</strong></span> 
     </span>
    </p>
   </div>
   <div class='ocr_carea' id='block_1_48' title="bbox 433 2897 2008 2979">
    <p class='ocr_par' dir='ltr' id='par_1_48' title="bbox 433 2897 2008 2979">
     <span class='ocr_line' id='line_1_48' title="bbox 433 2897 2008 2979; baseline 0.007 -26"><span class='ocrx_word' id='word_1_354' title='bbox 433 2918 516 2954; x_wconf 91' lang='grc' dir='ltr'><strong>σιν</strong></span> <span class='ocrx_word' id='word_1_355' title='bbox 535 2903 743 2966; x_wconf 82' lang='grc' dir='ltr'><strong>πόλεως</strong></span> <span class='ocrx_word' id='word_1_356' title='bbox 771 2897 854 2968; x_wconf 73' lang='grc' dir='ltr'><strong>οἷς</strong></span> <span class='ocrx_word' id='word_1_357' title='bbox 890 2902 1152 2974; x_wconf 71' lang='grc' dir='ltr'><strong>ἔδρασαν,</strong></span> <span class='ocrx_word' id='word_1_358' title='bbox 1191 2905 1501 2976; x_wconf 80' lang='grc' dir='ltr'><strong>ἀπέφηναν.</strong></span> <span class='ocrx_word' id='word_1_359' title='bbox 1548 2907 1884 2979; x_wconf 82' lang='grc' dir='ltr'><strong>Ἐγυμνοῦτο</strong></span> <span class='ocrx_word' id='word_1_360' title='bbox 1908 2909 2008 2979; x_wconf 79' lang='grc' dir='ltr'><strong>μὲν</strong></span> 
     </span>
    </p>
   </div>
   <div class='ocr_carea' id='block_1_49' title="bbox 425 2993 2009 3072">
    <p class='ocr_par' dir='ltr' id='par_1_49' title="bbox 425 2993 2009 3072">
     <span class='ocr_line' id='line_1_49' title="bbox 425 2993 2009 3072; baseline 0.004 -25"><span class='ocrx_word' id='word_1_361' title='bbox 425 2993 537 3049; x_wconf 86' lang='grc' dir='ltr'><strong>τῶν</strong></span> <span class='ocrx_word' id='word_1_362' title='bbox 563 2995 746 3049; x_wconf 81' lang='grc' dir='ltr'><strong>ὅπλων</strong></span> <span class='ocrx_word' id='word_1_363' title='bbox 769 2995 800 3048; x_wconf 80' lang='grc' dir='ltr'><strong>ὸ</strong></span> <span class='ocrx_word' id='word_1_364' title='bbox 831 2996 1175 3065; x_wconf 82' lang='grc' dir='ltr'><strong>στρατιώτης</strong></span> <span class='ocrx_word' id='word_1_365' title='bbox 1197 3013 1212 3029; x_wconf 79' lang='grc' dir='ltr'><strong><em>ο</em></strong></span> <span class='ocrx_word' id='word_1_366' title='bbox 1243 2997 1456 3052; x_wconf 79' lang='grc' dir='ltr'><strong>εἵλκετο</strong></span> <span class='ocrx_word' id='word_1_367' title='bbox 1472 2998 1526 3052; x_wconf 82' lang='grc' dir='ltr'><strong>δὲ</strong></span> <span class='ocrx_word' id='word_1_368' title='bbox 1550 2999 1654 3052; x_wconf 78' lang='grc' dir='ltr'><strong>ὑπὸ</strong></span> <span class='ocrx_word' id='word_1_369' title='bbox 1678 3000 1790 3054; x_wconf 85' lang='grc' dir='ltr'><strong>τῶν</strong></span> <span class='ocrx_word' id='word_1_370' title='bbox 1818 3002 2009 3072; x_wconf 82' lang='grc' dir='ltr'><strong>τυχόνο</strong></span> 
     </span>
    </p>
   </div>
   <div class='ocr_carea' id='block_1_50' title="bbox 424 3085 2009 3158">
    <p class='ocr_par' dir='ltr' id='par_1_50' title="bbox 424 3085 2009 3158">
     <span class='ocr_line' id='line_1_50' title="bbox 424 3085 2009 3158; baseline 0.007 -20"><span class='ocrx_word' id='word_1_371' title='bbox 424 3102 533 3140; x_wconf 84' lang='grc' dir='ltr'><strong>των</strong></span> <span class='ocrx_word' id='word_1_372' title='bbox 579 3088 608 3140; x_wconf 85' lang='grc' dir='ltr'><strong>ό</strong></span> <span class='ocrx_word' id='word_1_373' title='bbox 640 3085 813 3141; x_wconf 75' lang='grc' dir='ltr'><strong>πολλὰ</strong></span> <span class='ocrx_word' id='word_1_374' title='bbox 837 3087 903 3158; x_wconf 83' lang='grc' dir='ltr'><strong>δὴ</strong></span> <span class='ocrx_word' id='word_1_375' title='bbox 950 3089 1164 3154; x_wconf 73' lang='grc' dir='ltr'><strong>πολλοῖς</strong></span> <span class='ocrx_word' id='word_1_376' title='bbox 1194 3089 1402 3156; x_wconf 86' lang='grc' dir='ltr'><strong>είωθὼς</strong></span> <span class='ocrx_word' id='word_1_377' title='bbox 1448 3091 1779 3148; x_wconf 81' lang='grc' dir='ltr'><strong>ἐπιτάττειν.</strong></span> <span class='ocrx_word' id='word_1_378' title='bbox 1811 3093 2009 3158; x_wconf 83' lang='grc' dir='ltr'><strong>Δοῦλος</strong></span> 
     </span>
    </p>
   </div>
   <div class='ocr_carea' id='block_1_51' title="bbox 423 3178 2013 3259">
    <p class='ocr_par' dir='ltr' id='par_1_51' title="bbox 423 3178 2013 3259">
     <span class='ocr_line' id='line_1_51' title="bbox 423 3178 2013 3259; baseline 0.007 -27"><span class='ocrx_word' id='word_1_379' title='bbox 423 3179 480 3232; x_wconf 63' lang='grc' dir='ltr'><strong>δὲ</strong></span> <span class='ocrx_word' id='word_1_380' title='bbox 511 3180 603 3233; x_wconf 81' lang='grc' dir='ltr'><strong>τὸν</strong></span> <span class='ocrx_word' id='word_1_381' title='bbox 634 3179 902 3252; x_wconf 78' lang='grc' dir='ltr'><strong>δεσπότην</strong></span> <span class='ocrx_word' id='word_1_382' title='bbox 931 3183 1140 3252; x_wconf 73' lang='grc' dir='ltr'><strong>ἠγνόει,</strong></span> <span class='ocrx_word' id='word_1_383' title='bbox 1166 3185 1262 3239; x_wconf 69' lang='grc' dir='ltr'><strong>καὶ</strong></span> <span class='ocrx_word' id='word_1_384' title='bbox 1289 3178 1365 3240; x_wconf 82' lang='grc' dir='ltr'><strong>ὧν</strong></span> <span class='ocrx_word' id='word_1_385' title='bbox 1403 3185 1674 3259; x_wconf 80' lang='grc' dir='ltr'><strong>πρότερον</strong></span> <span class='ocrx_word' id='word_1_386' title='bbox 1708 3187 2013 3259; x_wconf 77' lang='grc' dir='ltr'><strong>ἐπετιμᾶτο</strong></span> 
     </span>
    </p>
   </div>
   <div class='ocr_carea' id='block_1_52' title="bbox 421 3271 2012 3350">
    <p class='ocr_par' dir='ltr' id='par_1_52' title="bbox 421 3271 2012 3350">
     <span class='ocr_line' id='line_1_52' title="bbox 421 3271 2012 3350; baseline 0.004 -23"><span class='ocrx_word' id='word_1_387' title='bbox 421 3271 646 3338; x_wconf 83' lang='grc' dir='ltr'><strong>δικαίως</strong></span> <span class='ocrx_word' id='word_1_388' title='bbox 668 3275 788 3327; x_wconf 87' lang='grc' dir='ltr'><strong>τότε</strong></span> <span class='ocrx_word' id='word_1_389' title='bbox 823 3274 979 3346; x_wconf 86' lang='grc' dir='ltr'><strong>δίκην</strong></span> <span class='ocrx_word' id='word_1_390' title='bbox 1006 3275 1159 3345; x_wconf 71' lang='grc' dir='ltr'><strong>ἠξίου</strong></span> <span class='ocrx_word' id='word_1_391' title='bbox 1198 3274 1519 3346; x_wconf 83' lang='grc' dir='ltr'><strong>λαμϐάνειν.</strong></span> <span class='ocrx_word' id='word_1_392' title='bbox 1556 3276 1779 3331; x_wconf 87' lang='grc' dir='ltr'><strong>Ὃπλων</strong></span> <span class='ocrx_word' id='word_1_393' title='bbox 1805 3277 1871 3350; x_wconf 79' lang='grc' dir='ltr'><strong>δὴ</strong></span> <span class='ocrx_word' id='word_1_394' title='bbox 1916 3280 2012 3334; x_wconf 79' lang='grc' dir='ltr'><strong>καὶ</strong></span> 
     </span>
    </p>
   </div>
   <div class='ocr_carea' id='block_1_53' title="bbox 421 3368 2008 3441">
    <p class='ocr_par' dir='ltr' id='par_1_53' title="bbox 421 3368 2008 3441">
     <span class='ocr_line' id='line_1_53' title="bbox 421 3368 2008 3441; baseline 0.003 -19"><span class='ocrx_word' id='word_1_395' title='bbox 421 3370 724 3440; x_wconf 82' lang='grc' dir='ltr'><strong>χρημάτων</strong></span> <span class='ocrx_word' id='word_1_396' title='bbox 754 3369 804 3422; x_wconf 79' lang='lat' dir='ltr'><strong>oi</strong></span> <span class='ocrx_word' id='word_1_397' title='bbox 851 3368 1027 3424; x_wconf 79' lang='grc' dir='ltr'><strong>δοῦλοι</strong></span> <span class='ocrx_word' id='word_1_398' title='bbox 1056 3369 1153 3423; x_wconf 78' lang='grc' dir='ltr'><strong>καὶ</strong></span> <span class='ocrx_word' id='word_1_399' title='bbox 1175 3369 1406 3440; x_wconf 80' lang='grc' dir='ltr'><strong>πένητες</strong></span> <span class='ocrx_word' id='word_1_400' title='bbox 1422 3370 1601 3441; x_wconf 74' lang='grc' dir='ltr'><strong>κύριοι</strong></span> <span class='ocrx_word' id='word_1_401' title='bbox 1621 3371 2008 3441; x_wconf 82' lang='grc' dir='ltr'><strong>καταστάντες,</strong></span> 
     </span>
    </p>
   </div>
   <div class='ocr_carea' id='block_1_54' title="bbox 423 3463 2010 3538">
    <p class='ocr_par' dir='ltr' id='par_1_54' title="bbox 423 3463 2010 3538">
     <span class='ocr_line' id='line_1_54' title="bbox 423 3463 2010 3538; baseline 0.003 -21"><span class='ocrx_word' id='word_1_402' title='bbox 423 3467 539 3529; x_wconf 71' lang='grc' dir='ltr'><strong>τοῖς</strong></span> <span class='ocrx_word' id='word_1_403' title='bbox 569 3465 702 3535; x_wconf 74' lang='grc' dir='ltr'><strong>πρὶν</strong></span> <span class='ocrx_word' id='word_1_404' title='bbox 753 3464 894 3520; x_wconf 79' lang='grc' dir='ltr'><strong>αὐτὰ</strong></span> <span class='ocrx_word' id='word_1_405' title='bbox 942 3463 1325 3535; x_wconf 75' lang='grc' dir='ltr'><strong>κεκτημένοις,</strong></span> <span class='ocrx_word' id='word_1_406' title='bbox 1353 3465 1452 3537; x_wconf 85' lang='grc' dir='ltr'><strong>τὴν</strong></span> <span class='ocrx_word' id='word_1_407' title='bbox 1507 3465 1616 3520; x_wconf 84' lang='grc' dir='ltr'><strong>τῶν</strong></span> <span class='ocrx_word' id='word_1_408' title='bbox 1657 3467 2010 3538; x_wconf 73' lang='grc' dir='ltr'><strong>ἀνδραπόδων</strong></span> 
     </span>
    </p>
   </div>
   <div class='ocr_carea' id='block_1_55' title="bbox 317 3553 2010 3633">
    <p class='ocr_par' dir='ltr' id='par_1_55' title="bbox 317 3553 2010 3633">
     <span class='ocr_line' id='line_1_55' title="bbox 317 3553 2010 3633; baseline 0.004 -25"><span class='ocrx_word' id='word_1_409' title='bbox 317 3570 319 3573; x_wconf 79' lang='lat'>‘</span> <span class='ocrx_word' id='word_1_410' title='bbox 424 3559 729 3627; x_wconf 80' lang='grc' dir='ltr'><strong>προσήκειν</strong></span> <span class='ocrx_word' id='word_1_411' title='bbox 753 3557 1005 3628; x_wconf 76' lang='grc' dir='ltr'><strong>ἐνόμιζον</strong></span> <span class='ocrx_word' id='word_1_412' title='bbox 1029 3556 1222 3628; x_wconf 83' lang='grc' dir='ltr'><strong>τύχην,</strong></span> <span class='ocrx_word' id='word_1_413' title='bbox 1254 3559 1348 3612; x_wconf 74' lang='grc' dir='ltr'><strong>καὶ</strong></span> <span class='ocrx_word' id='word_1_414' title='bbox 1371 3558 1634 3630; x_wconf 80' lang='grc' dir='ltr'><strong>δήσαντες</strong></span> <span class='ocrx_word' id='word_1_415' title='bbox 1663 3553 1869 3631; x_wconf 74' lang='grc' dir='ltr'><strong>εἶργον,</strong></span> <span class='ocrx_word' id='word_1_416' title='bbox 1901 3579 2010 3633; x_wconf 85' lang='grc' dir='ltr'><strong>μη-</strong></span> 
     </span>
    </p>
   </div>
   <div class='ocr_carea' id='block_1_56' title="bbox 421 3648 2006 3722">
    <p class='ocr_par' dir='ltr' id='par_1_56' title="bbox 421 3648 2006 3722">
     <span class='ocr_line' id='line_1_56' title="bbox 421 3648 2006 3722; baseline 0.001 -20"><span class='ocrx_word' id='word_1_417' title='bbox 421 3649 480 3702; x_wconf 82' lang='grc' dir='ltr'><strong>δέ</strong></span> <span class='ocrx_word' id='word_1_418' title='bbox 520 3650 632 3703; x_wconf 85' lang='grc' dir='ltr'><strong>τῶν</strong></span> <span class='ocrx_word' id='word_1_419' title='bbox 679 3648 921 3704; x_wconf 81' lang='grc' dir='ltr'><strong>ἀκτίνων</strong></span> <span class='ocrx_word' id='word_1_420' title='bbox 983 3650 1282 3706; x_wconf 77' lang='grc' dir='ltr'><strong>ἀπολαύειν</strong></span> <span class='ocrx_word' id='word_1_421' title='bbox 1326 3649 1526 3714; x_wconf 82' lang='grc' dir='ltr'><strong>αὐτοὺς</strong></span> <span class='ocrx_word' id='word_1_422' title='bbox 1573 3651 2006 3722; x_wconf 85' lang='grc' dir='ltr'><strong>συγχωροῦντες.</strong></span> 
     </span>
    </p>
   </div>
   <div class='ocr_carea' id='block_1_57' title="bbox 425 3741 2009 3816">
    <p class='ocr_par' dir='ltr' id='par_1_57' title="bbox 425 3741 2009 3816">
     <span class='ocr_line' id='line_1_57' title="bbox 425 3741 2009 3816; baseline 0.001 -20"><span class='ocrx_word' id='word_1_423' title='bbox 425 3742 642 3812; x_wconf 86' lang='grc' dir='ltr'><strong>Δρόμος</strong></span> <span class='ocrx_word' id='word_1_424' title='bbox 675 3741 772 3796; x_wconf 79' lang='grc' dir='ltr'><strong>ἐπὶ</strong></span> <span class='ocrx_word' id='word_1_425' title='bbox 794 3741 896 3806; x_wconf 87' lang='grc' dir='ltr'><strong>τάς</strong></span> <span class='ocrx_word' id='word_1_426' title='bbox 939 3743 1140 3809; x_wconf 78' lang='grc' dir='ltr'><strong>οίκίας,</strong></span> <span class='ocrx_word' id='word_1_427' title='bbox 1178 3745 1274 3798; x_wconf 85' lang='grc' dir='ltr'><strong>καὶ</strong></span> <span class='ocrx_word' id='word_1_428' title='bbox 1314 3743 1499 3808; x_wconf 87' lang='grc' dir='ltr'><strong>πάσας</strong></span> <span class='ocrx_word' id='word_1_429' title='bbox 1542 3743 1734 3815; x_wconf 85' lang='grc' dir='ltr'><strong>ὥσπερ</strong></span> <span class='ocrx_word' id='word_1_430' title='bbox 1770 3743 2009 3816; x_wconf 86' lang='grc' dir='ltr'><strong>ἐρημίας</strong></span> 
     </span>
    </p>
   </div>
   <div class='ocr_carea' id='block_1_58' title="bbox 421 3835 2008 3909">
    <p class='ocr_par' dir='ltr' id='par_1_58' title="bbox 421 3835 2008 3909">
     <span class='ocr_line' id='line_1_58' title="bbox 421 3835 2008 3909; baseline 0.004 -21"><span class='ocrx_word' id='word_1_431' title='bbox 421 3836 723 3906; x_wconf 80' lang='grc' dir='ltr'><strong>διέσκαψαν</strong></span> <span class='ocrx_word' id='word_1_432' title='bbox 752 3835 961 3899; x_wconf 82' lang='grc' dir='ltr'><strong>πόλεις.</strong></span> <span class='ocrx_word' id='word_1_433' title='bbox 997 3835 1059 3891; x_wconf 88' lang='lat'><strong>&#39;0</strong></span> <span class='ocrx_word' id='word_1_434' title='bbox 1081 3837 1138 3891; x_wconf 77' lang='grc' dir='ltr'><strong>δὲ</strong></span> <span class='ocrx_word' id='word_1_435' title='bbox 1163 3836 1465 3909; x_wconf 85' lang='grc' dir='ltr'><strong>δακρύσας,</strong></span> <span class='ocrx_word' id='word_1_436' title='bbox 1512 3837 1679 3892; x_wconf 84' lang='grc' dir='ltr'><strong>αὑτοῦ</strong></span> <span class='ocrx_word' id='word_1_437' title='bbox 1725 3838 1880 3909; x_wconf 80' lang='grc' dir='ltr'><strong>παρὰ</strong></span> <span class='ocrx_word' id='word_1_438' title='bbox 1901 3837 2008 3895; x_wconf 84' lang='grc' dir='ltr'><strong>τῶν</strong></span> 
     </span>
    </p>
   </div>
   <div class='ocr_carea' id='block_1_59' title="bbox 423 3928 2005 4000">
    <p class='ocr_par' dir='ltr' id='par_1_59' title="bbox 423 3928 2005 4000">
     <span class='ocr_line' id='line_1_59' title="bbox 423 3928 2005 4000; baseline 0.002 -18"><span class='ocrx_word' id='word_1_439' title='bbox 423 3928 642 3983; x_wconf 81' lang='grc' dir='ltr'><strong>ἀσεϐῶν</strong></span> <span class='ocrx_word' id='word_1_440' title='bbox 672 3929 1077 3999; x_wconf 77' lang='grc' dir='ltr'><strong>ἀπεσφάττετο.</strong></span> <span class='ocrx_word' id='word_1_441' title='bbox 1100 3929 1164 3984; x_wconf 77' lang='grc' dir='ltr'><strong><em>Ὦ</em></strong></span> <span class='ocrx_word' id='word_1_442' title='bbox 1192 3930 1423 3997; x_wconf 84' lang='grc' dir='ltr'><strong>πόλεως,</strong></span> <span class='ocrx_word' id='word_1_443' title='bbox 1445 3929 1567 3984; x_wconf 75' lang='grc' dir='ltr'><strong>ἀντὶ</strong></span> <span class='ocrx_word' id='word_1_444' title='bbox 1591 3931 1740 4000; x_wconf 77' lang='grc' dir='ltr'><strong>μιᾶς,</strong></span> <span class='ocrx_word' id='word_1_445' title='bbox 1771 3929 2005 3995; x_wconf 87' lang='grc' dir='ltr'><strong>πολλῶν,</strong></span> 
     </span>
    </p>
   </div>
   <div class='ocr_carea' id='block_1_60' title="bbox 423 4021 2005 4095">
    <p class='ocr_par' dir='ltr' id='par_1_60' title="bbox 423 4021 2005 4095">
     <span class='ocr_line' id='line_1_60' title="bbox 423 4021 2005 4095; baseline 0.002 -21"><span class='ocrx_word' id='word_1_446' title='bbox 423 4021 518 4076; x_wconf 79' lang='grc' dir='ltr'><strong>καὶ</strong></span> <span class='ocrx_word' id='word_1_447' title='bbox 548 4021 756 4076; x_wconf 85' lang='grc' dir='ltr'><strong>τούτων</strong></span> <span class='ocrx_word' id='word_1_448' title='bbox 775 4021 1186 4077; x_wconf 85' lang='grc' dir='ltr'><strong>ἐναντιωτάτων</strong></span> <span class='ocrx_word' id='word_1_449' title='bbox 1202 4022 1600 4095; x_wconf 73' lang='grc' dir='ltr'><strong>γεγενημένηςί</strong></span> <span class='ocrx_word' id='word_1_450' title='bbox 1627 4023 1690 4078; x_wconf 84' lang='grc' dir='ltr'><strong>’Ὠ</strong></span> <span class='ocrx_word' id='word_1_451' title='bbox 1708 4022 2005 4089; x_wconf 85' lang='grc' dir='ltr'><strong>πολιτείας,</strong></span> 
     </span>
    </p>
   </div>
   <div class='ocr_carea' id='block_1_61' title="bbox 425 4114 2039 4187">
    <p class='ocr_par' dir='ltr' id='par_1_61' title="bbox 425 4114 2039 4187">
     <span class='ocr_line' id='line_1_61' title="bbox 425 4114 2039 4187; baseline 0.004 -21"><span class='ocrx_word' id='word_1_452' title='bbox 425 4116 697 4186; x_wconf 82' lang='grc' dir='ltr'><strong>Θαλάττης</strong></span> <span class='ocrx_word' id='word_1_453' title='bbox 726 4116 912 4187; x_wconf 80' lang='grc' dir='ltr'><strong>πάσης</strong></span> <span class='ocrx_word' id='word_1_454' title='bbox 938 4115 1305 4186; x_wconf 78' lang='grc' dir='ltr'><strong>ἀπιστοτέρας</strong></span> <span class='ocrx_word' id='word_1_455' title='bbox 1329 4118 1342 4170; x_wconf 82' lang='lat' dir='ltr'><strong>l</strong></span> <span class='ocrx_word' id='word_1_456' title='bbox 1381 4116 1446 4169; x_wconf 83' lang='grc' dir='ltr'><strong><em>Ὢ</em></strong></span> <span class='ocrx_word' id='word_1_457' title='bbox 1480 4114 1740 4183; x_wconf 84' lang='grc' dir='ltr'><strong>πολιτῶν,</strong></span> <span class='ocrx_word' id='word_1_458' title='bbox 1773 4115 1926 4172; x_wconf 74' lang='grc' dir='ltr'><strong>οὐδέν</strong></span> <span class='ocrx_word' id='word_1_459' title='bbox 1952 4136 2008 4173; x_wconf 87' lang='grc' dir='ltr'><strong>τι</strong></span> <span class='ocrx_word' id='word_1_460' title='bbox 2035 4120 2039 4125; x_wconf 88' lang='grc'><em>’</em></span> 
     </span>
    </p>
   </div>
   <div class='ocr_carea' id='block_1_62' title="bbox 421 4205 2007 4280">
    <p class='ocr_par' dir='ltr' id='par_1_62' title="bbox 421 4205 2007 4280">
     <span class='ocr_line' id='line_1_62' title="bbox 421 4205 2007 4280; baseline 0.004 -20"><span class='ocrx_word' id='word_1_461' title='bbox 421 4208 532 4261; x_wconf 81' lang='grc' dir='ltr'><strong>τῶν</strong></span> <span class='ocrx_word' id='word_1_462' title='bbox 567 4205 730 4277; x_wconf 72' lang='grc' dir='ltr'><strong>φύσει</strong></span> <span class='ocrx_word' id='word_1_463' title='bbox 783 4206 1078 4280; x_wconf 83' lang='grc' dir='ltr'><strong>βαρϐάρων</strong></span> <span class='ocrx_word' id='word_1_464' title='bbox 1124 4209 1533 4279; x_wconf 76' lang='grc' dir='ltr'><strong>άπιστοτέρωνί</strong></span> <span class='ocrx_word' id='word_1_465' title='bbox 1561 4211 2007 4267; x_wconf 80' lang='grc' dir='ltr'><strong>Καταποντισταί</strong></span> 
     </span>
    </p>
   </div>
   <div class='ocr_carea' id='block_1_63' title="bbox 422 4299 2006 4375">
    <p class='ocr_par' dir='ltr' id='par_1_63' title="bbox 422 4299 2006 4375">
     <span class='ocr_line' id='line_1_63' title="bbox 422 4299 2006 4375; baseline 0.004 -24"><span class='ocrx_word' id='word_1_466' title='bbox 422 4317 566 4365; x_wconf 87' lang='grc' dir='ltr'><strong>τινες</strong></span> <span class='ocrx_word' id='word_1_467' title='bbox 596 4299 856 4371; x_wconf 75' lang='grc' dir='ltr'><strong>ἄντικρυς</strong></span> <span class='ocrx_word' id='word_1_468' title='bbox 887 4301 946 4354; x_wconf 89' lang='grc' dir='ltr'><strong>ἐν</strong></span> <span class='ocrx_word' id='word_1_469' title='bbox 965 4301 1180 4373; x_wconf 70' lang='grc' dir='ltr'><strong>ἠπείρῳ</strong></span> <span class='ocrx_word' id='word_1_470' title='bbox 1199 4319 1214 4334; x_wconf 80' lang='grc' dir='ltr'><strong>ο</strong></span> <span class='ocrx_word' id='word_1_471' title='bbox 1250 4301 1452 4375; x_wconf 78' lang='grc' dir='ltr'><strong>μᾶλλον</strong></span> <span class='ocrx_word' id='word_1_472' title='bbox 1474 4303 1531 4356; x_wconf 80' lang='grc' dir='ltr'><strong>δέ</strong></span> <span class='ocrx_word' id='word_1_473' title='bbox 1559 4302 1630 4357; x_wconf 86' lang='grc' dir='ltr'><strong>τά</strong></span> <span class='ocrx_word' id='word_1_474' title='bbox 1655 4303 1884 4371; x_wconf 88' lang='grc' dir='ltr'><strong>τούτων,</strong></span> <span class='ocrx_word' id='word_1_475' title='bbox 1908 4304 2006 4360; x_wconf 73' lang='grc' dir='ltr'><strong>καὶ</strong></span> 
     </span>
    </p>
   </div>
   <div class='ocr_carea' id='block_1_64' title="bbox 2113 1805 3694 1878">
    <p class='ocr_par' dir='ltr' id='par_1_64' title="bbox 2113 1805 3694 1878">
     <span class='ocr_line' id='line_1_64' title="bbox 2113 1805 3694 1878; baseline 0.001 -20"><span class='ocrx_word' id='word_1_476' title='bbox 2113 1805 2352 1858; x_wconf 80' lang='lat' dir='ltr'><strong>evertit!</strong></span> <span class='ocrx_word' id='word_1_477' title='bbox 2386 1805 2449 1860; x_wconf 78' lang='lat' dir='ltr'><strong>lli</strong></span> <span class='ocrx_word' id='word_1_478' title='bbox 2484 1821 2683 1877; x_wconf 87' lang='lat' dir='ltr'><strong>nempe</strong></span> <span class='ocrx_word' id='word_1_479' title='bbox 2711 1807 3002 1878; x_wconf 80' lang='lat' dir='ltr'><strong>urgebant,</strong></span> <span class='ocrx_word' id='word_1_480' title='bbox 3029 1807 3109 1862; x_wconf 90' lang='lat' dir='ltr'><strong>illi</strong></span> <span class='ocrx_word' id='word_1_481' title='bbox 3139 1822 3170 1862; x_wconf 90' lang='lat' dir='ltr'><strong>e</strong></span> <span class='ocrx_word' id='word_1_482' title='bbox 3200 1807 3422 1862; x_wconf 88' lang='lat' dir='ltr'><strong>sublimi</strong></span> <span class='ocrx_word' id='word_1_483' title='bbox 3454 1807 3694 1862; x_wconf 85' lang='lat' dir='ltr'><strong>stabant:</strong></span> 
     </span>
    </p>
   </div>
   <div class='ocr_carea' id='block_1_65' title="bbox 2107 1894 3700 1970">
    <p class='ocr_par' dir='ltr' id='par_1_65' title="bbox 2107 1894 3700 1970">
     <span class='ocr_line' id='line_1_65' title="bbox 2107 1894 3700 1970; baseline 0.004 -22"><span class='ocrx_word' id='word_1_484' title='bbox 2107 1894 2335 1965; x_wconf 85' lang='lat' dir='ltr'><strong>jamque</strong></span> <span class='ocrx_word' id='word_1_485' title='bbox 2363 1898 2561 1953; x_wconf 79' lang='lat' dir='ltr'><strong>vexilla</strong></span> <span class='ocrx_word' id='word_1_486' title='bbox 2586 1909 2715 1954; x_wconf 85' lang='lat' dir='ltr'><strong>ante</strong></span> <span class='ocrx_word' id='word_1_487' title='bbox 2745 1909 2932 1968; x_wconf 89' lang='lat' dir='ltr'><strong>portas</strong></span> <span class='ocrx_word' id='word_1_488' title='bbox 2954 1899 3224 1970; x_wconf 73' lang='lat' dir='ltr'><strong>explicata</strong></span> <span class='ocrx_word' id='word_1_489' title='bbox 3255 1907 3436 1964; x_wconf 87' lang='lat' dir='ltr'><strong>erant,</strong></span> <span class='ocrx_word' id='word_1_490' title='bbox 3464 1914 3589 1955; x_wconf 92' lang='lat' dir='ltr'><strong>cum</strong></span> <span class='ocrx_word' id='word_1_491' title='bbox 3617 1899 3700 1954; x_wconf 81' lang='lat' dir='ltr'><strong>in-</strong></span> 
     </span>
    </p>
   </div>
   <div class='ocr_carea' id='block_1_66' title="bbox 2111 1989 3698 2065">
    <p class='ocr_par' dir='ltr' id='par_1_66' title="bbox 2111 1989 3698 2065">
     <span class='ocr_line' id='line_1_66' title="bbox 2111 1989 3698 2065; baseline 0.003 -21"><span class='ocrx_word' id='word_1_492' title='bbox 2111 1989 2274 2048; x_wconf 84' lang='lat' dir='ltr'><strong>vidus</strong></span> <span class='ocrx_word' id='word_1_493' title='bbox 2323 1991 2548 2062; x_wconf 84' lang='lat' dir='ltr'><strong>quidam</strong></span> <span class='ocrx_word' id='word_1_494' title='bbox 2586 1993 2802 2047; x_wconf 83' lang='lat' dir='ltr'><strong>daemon</strong></span> <span class='ocrx_word' id='word_1_495' title='bbox 2851 2009 3043 2048; x_wconf 89' lang='lat' dir='ltr'><strong>omnes</strong></span> <span class='ocrx_word' id='word_1_496' title='bbox 3091 1992 3282 2058; x_wconf 87' lang='lat' dir='ltr'><strong>subiit,</strong></span> <span class='ocrx_word' id='word_1_497' title='bbox 3321 1994 3416 2065; x_wconf 92' lang='lat' dir='ltr'><strong>qui</strong></span> <span class='ocrx_word' id='word_1_498' title='bbox 3446 1993 3569 2064; x_wconf 89' lang='lat' dir='ltr'><strong>pari</strong></span> <span class='ocrx_word' id='word_1_499' title='bbox 3615 1992 3698 2048; x_wconf 88' lang='lat' dir='ltr'><strong>illi</strong></span> 
     </span>
    </p>
   </div>
   <div class='ocr_carea' id='block_1_67' title="bbox 2111 2079 3701 2159">
    <p class='ocr_par' dir='ltr' id='par_1_67' title="bbox 2111 2079 3701 2159">
     <span class='ocr_line' id='line_1_67' title="bbox 2111 2079 3701 2159; baseline 0.004 -26"><span class='ocrx_word' id='word_1_500' title='bbox 2111 2079 2337 2152; x_wconf 84' lang='lat' dir='ltr'><strong>ingenio</strong></span> <span class='ocrx_word' id='word_1_501' title='bbox 2381 2093 2610 2152; x_wconf 83' lang='lat' dir='ltr'><strong>essent;</strong></span> <span class='ocrx_word' id='word_1_502' title='bbox 2645 2086 2851 2154; x_wconf 88' lang='lat' dir='ltr'><strong>quique</strong></span> <span class='ocrx_word' id='word_1_503' title='bbox 2901 2085 3119 2156; x_wconf 85' lang='lat' dir='ltr'><strong>plebem</strong></span> <span class='ocrx_word' id='word_1_504' title='bbox 3169 2085 3381 2156; x_wconf 90' lang='lat' dir='ltr'><strong>pridem</strong></span> <span class='ocrx_word' id='word_1_505' title='bbox 3417 2085 3701 2159; x_wconf 75' lang='lat' dir='ltr'><strong>sanguinis</strong></span> 
     </span>
    </p>
   </div>
   <div class='ocr_carea' id='block_1_68' title="bbox 2112 2175 3694 2244">
    <p class='ocr_par' dir='ltr' id='par_1_68' title="bbox 2112 2175 3694 2244">
     <span class='ocr_line' id='line_1_68' title="bbox 2112 2175 3694 2244; baseline 0.004 -16"><span class='ocrx_word' id='word_1_506' title='bbox 2112 2175 2473 2244; x_wconf 86' lang='lat' dir='ltr'><strong>sitibnndam,</strong></span> <span class='ocrx_word' id='word_1_507' title='bbox 2502 2190 2565 2234; x_wconf 88' lang='lat' dir='ltr'><strong>nt</strong></span> <span class='ocrx_word' id='word_1_508' title='bbox 2589 2193 2657 2235; x_wconf 93' lang='lat' dir='ltr'><strong>eo</strong></span> <span class='ocrx_word' id='word_1_509' title='bbox 2707 2180 3076 2235; x_wconf 76' lang='lat' dir='ltr'><strong>exsatiaretur</strong></span> <span class='ocrx_word' id='word_1_510' title='bbox 3121 2179 3530 2236; x_wconf 82' lang='lat' dir='ltr'><strong>scelestissimis</strong></span> <span class='ocrx_word' id='word_1_511' title='bbox 3558 2195 3694 2235; x_wconf 88' lang='lat' dir='ltr'><strong>con-</strong></span> 
     </span>
    </p>
   </div>
   <div class='ocr_carea' id='block_1_69' title="bbox 2111 2268 3698 2343">
    <p class='ocr_par' dir='ltr' id='par_1_69' title="bbox 2111 2268 3698 2343">
     <span class='ocr_line' id='line_1_69' title="bbox 2111 2268 3698 2343; baseline 0.003 -19"><span class='ocrx_word' id='word_1_512' title='bbox 2111 2268 2368 2324; x_wconf 89' lang='lat' dir='ltr'><strong>cionibus</strong></span> <span class='ocrx_word' id='word_1_513' title='bbox 2417 2271 2745 2327; x_wconf 86' lang='lat' dir='ltr'><strong>incitabant.</strong></span> <span class='ocrx_word' id='word_1_514' title='bbox 2785 2273 2861 2327; x_wconf 86' lang='lat' dir='ltr'><strong>Ea</strong></span> <span class='ocrx_word' id='word_1_515' title='bbox 2892 2289 3059 2343; x_wconf 85' lang='lat' dir='ltr'><strong>porro</strong></span> <span class='ocrx_word' id='word_1_516' title='bbox 3098 2273 3180 2328; x_wconf 89' lang='lat' dir='ltr'><strong>sic</strong></span> <span class='ocrx_word' id='word_1_517' title='bbox 3215 2273 3563 2339; x_wconf 84' lang='lat' dir='ltr'><strong>movebatur,</strong></span> <span class='ocrx_word' id='word_1_518' title='bbox 3615 2273 3698 2328; x_wconf 86' lang='lat' dir='ltr'><strong>uti</strong></span> 
     </span>
    </p>
   </div>
   <div class='ocr_carea' id='block_1_70' title="bbox 2111 2361 3696 2437">
    <p class='ocr_par' dir='ltr' id='par_1_70' title="bbox 2111 2361 3696 2437">
     <span class='ocr_line' id='line_1_70' title="bbox 2111 2361 3696 2437; baseline 0.004 -24"><span class='ocrx_word' id='word_1_519' title='bbox 2111 2375 2265 2416; x_wconf 88' lang='lat' dir='ltr'><strong>mare</strong></span> <span class='ocrx_word' id='word_1_520' title='bbox 2291 2361 2435 2416; x_wconf 76' lang='lat' dir='ltr'><strong>dixit</strong></span> <span class='ocrx_word' id='word_1_521' title='bbox 2464 2361 2763 2429; x_wconf 81' lang='lat' dir='ltr'><strong>Homerus,</strong></span> <span class='ocrx_word' id='word_1_522' title='bbox 2799 2381 2926 2420; x_wconf 91' lang='lat' dir='ltr'><strong>cum</strong></span> <span class='ocrx_word' id='word_1_523' title='bbox 2962 2365 3262 2423; x_wconf 85' lang='lat' dir='ltr'><strong>contrariis</strong></span> <span class='ocrx_word' id='word_1_524' title='bbox 3290 2368 3472 2421; x_wconf 76' lang='lat' dir='ltr'><strong>ventis</strong></span> <span class='ocrx_word' id='word_1_525' title='bbox 3508 2365 3696 2437; x_wconf 84' lang='lat' dir='ltr'><strong>quati-</strong></span> 
     </span>
    </p>
   </div>
   <div class='ocr_carea' id='block_1_71' title="bbox 2113 2453 3696 2530">
    <p class='ocr_par' dir='ltr' id='par_1_71' title="bbox 2113 2453 3696 2530">
     <span class='ocr_line' id='line_1_71' title="bbox 2113 2453 3696 2530; baseline 0.005 -25"><span class='ocrx_word' id='word_1_526' title='bbox 2113 2463 2221 2506; x_wconf 88' lang='lat' dir='ltr'><strong>tur.</strong></span> <span class='ocrx_word' id='word_1_527' title='bbox 2253 2453 2444 2525; x_wconf 85' lang='lat' dir='ltr'><strong>Neque</strong></span> <span class='ocrx_word' id='word_1_528' title='bbox 2489 2457 2602 2529; x_wconf 86' lang='lat' dir='ltr'><strong>jam</strong></span> <span class='ocrx_word' id='word_1_529' title='bbox 2641 2457 2844 2512; x_wconf 85' lang='lat' dir='ltr'><strong>rationi</strong></span> <span class='ocrx_word' id='word_1_530' title='bbox 2895 2457 3105 2528; x_wconf 83' lang='lat' dir='ltr'><strong>aliquid</strong></span> <span class='ocrx_word' id='word_1_531' title='bbox 3163 2459 3519 2530; x_wconf 76' lang='lat' dir='ltr'><strong>coniunctum</strong></span> <span class='ocrx_word' id='word_1_532' title='bbox 3555 2468 3696 2524; x_wconf 84' lang='lat' dir='ltr'><strong>erat,</strong></span> 
     </span>
    </p>
   </div>
   <div class='ocr_carea' id='block_1_72' title="bbox 2110 2547 3698 2620">
    <p class='ocr_par' dir='ltr' id='par_1_72' title="bbox 2110 2547 3698 2620">
     <span class='ocr_line' id='line_1_72' title="bbox 2110 2547 3698 2620; baseline 0.004 -20"><span class='ocrx_word' id='word_1_533' title='bbox 2110 2547 2206 2601; x_wconf 87' lang='lat' dir='ltr'><strong>sed</strong></span> <span class='ocrx_word' id='word_1_534' title='bbox 2237 2549 2475 2620; x_wconf 87' lang='lat' dir='ltr'><strong>quisque</strong></span> <span class='ocrx_word' id='word_1_535' title='bbox 2506 2548 2707 2604; x_wconf 87' lang='lat' dir='ltr'><strong>obvius</strong></span> <span class='ocrx_word' id='word_1_536' title='bbox 2729 2549 2980 2605; x_wconf 82' lang='lat' dir='ltr'><strong>cadebat.</strong></span> <span class='ocrx_word' id='word_1_537' title='bbox 2997 2550 3102 2606; x_wconf 86' lang='lat' dir='ltr'><strong>Per</strong></span> <span class='ocrx_word' id='word_1_538' title='bbox 3127 2551 3408 2610; x_wconf 76' lang='lat' dir='ltr'><strong>substrata</strong></span> <span class='ocrx_word' id='word_1_539' title='bbox 3430 2549 3698 2607; x_wconf 76' lang='lat' dir='ltr'><strong>cadavera</strong></span> 
     </span>
    </p>
   </div>
   <div class='ocr_carea' id='block_1_73' title="bbox 2111 2640 3694 2716">
    <p class='ocr_par' dir='ltr' id='par_1_73' title="bbox 2111 2640 3694 2716">
     <span class='ocr_line' id='line_1_73' title="bbox 2111 2640 3694 2716; baseline 0.006 -23"><span class='ocrx_word' id='word_1_540' title='bbox 2111 2640 2249 2694; x_wconf 88' lang='lat' dir='ltr'><strong>itum</strong></span> <span class='ocrx_word' id='word_1_541' title='bbox 2280 2642 2348 2697; x_wconf 89' lang='lat' dir='ltr'><strong>ad</strong></span> <span class='ocrx_word' id='word_1_542' title='bbox 2379 2645 2756 2715; x_wconf 72' lang='lat' dir='ltr'><strong>magistratus.</strong></span> <span class='ocrx_word' id='word_1_543' title='bbox 2789 2644 2869 2698; x_wconf 88' lang='lat' dir='ltr'><strong>llli</strong></span> <span class='ocrx_word' id='word_1_544' title='bbox 2904 2645 3179 2716; x_wconf 83' lang='lat' dir='ltr'><strong>dissipati,</strong></span> <span class='ocrx_word' id='word_1_545' title='bbox 3211 2645 3534 2715; x_wconf 82' lang='lat' dir='ltr'><strong>ingruentes</strong></span> <span class='ocrx_word' id='word_1_546' title='bbox 3561 2645 3694 2716; x_wconf 54' lang='lat' dir='ltr'><strong>qui.</strong></span> 
     </span>
    </p>
   </div>
   <div class='ocr_carea' id='block_1_74' title="bbox 2110 2734 3698 2810">
    <p class='ocr_par' dir='ltr' id='par_1_74' title="bbox 2110 2734 3698 2810">
     <span class='ocr_line' id='line_1_74' title="bbox 2110 2734 3698 2810; baseline 0.003 -22"><span class='ocrx_word' id='word_1_547' title='bbox 2110 2734 2234 2788; x_wconf 84' lang='lat' dir='ltr'><strong>dem</strong></span> <span class='ocrx_word' id='word_1_548' title='bbox 2266 2737 2546 2805; x_wconf 77' lang='lat' dir='ltr'><strong>excipere,</strong></span> <span class='ocrx_word' id='word_1_549' title='bbox 2587 2752 2758 2806; x_wconf 88' lang='lat' dir='ltr'><strong>seque</strong></span> <span class='ocrx_word' id='word_1_550' title='bbox 2793 2738 2934 2792; x_wconf 91' lang='lat' dir='ltr'><strong>tueri</strong></span> <span class='ocrx_word' id='word_1_551' title='bbox 2965 2738 3266 2810; x_wconf 81' lang='lat' dir='ltr'><strong>optabant;</strong></span> <span class='ocrx_word' id='word_1_552' title='bbox 3296 2738 3384 2793; x_wconf 87' lang='lat' dir='ltr'><strong>bis</strong></span> <span class='ocrx_word' id='word_1_553' title='bbox 3408 2739 3698 2794; x_wconf 88' lang='lat' dir='ltr'><strong>enimvero</strong></span> 
     </span>
    </p>
   </div>
   <div class='ocr_carea' id='block_1_75' title="bbox 2111 2826 3700 2903">
    <p class='ocr_par' dir='ltr' id='par_1_75' title="bbox 2111 2826 3700 2903">
     <span class='ocr_line' id='line_1_75' title="bbox 2111 2826 3700 2903; baseline 0.005 -25"><span class='ocrx_word' id='word_1_554' title='bbox 2111 2826 2446 2883; x_wconf 89' lang='lat' dir='ltr'><strong>intrinsecus</strong></span> <span class='ocrx_word' id='word_1_555' title='bbox 2472 2845 2501 2882; x_wconf 89' lang='lat' dir='ltr'><strong>a</strong></span> <span class='ocrx_word' id='word_1_556' title='bbox 2533 2838 2686 2900; x_wconf 88' lang='lat' dir='ltr'><strong>tergo</strong></span> <span class='ocrx_word' id='word_1_557' title='bbox 2712 2846 2892 2903; x_wconf 90' lang='lat' dir='ltr'><strong>pugna</strong></span> <span class='ocrx_word' id='word_1_558' title='bbox 2913 2831 3086 2887; x_wconf 86' lang='lat' dir='ltr'><strong>altera</strong></span> <span class='ocrx_word' id='word_1_559' title='bbox 3113 2829 3465 2886; x_wconf 88' lang='lat' dir='ltr'><strong>occurrebat.</strong></span> <span class='ocrx_word' id='word_1_560' title='bbox 3492 2830 3700 2896; x_wconf 84' lang='lat' dir='ltr'><strong>Quam-</strong></span> 
     </span>
    </p>
   </div>
   <div class='ocr_carea' id='block_1_76' title="bbox 2109 2917 3700 2992">
    <p class='ocr_par' dir='ltr' id='par_1_76' title="bbox 2109 2917 3700 2992">
     <span class='ocr_line' id='line_1_76' title="bbox 2109 2917 3700 2992; baseline 0.004 -22"><span class='ocrx_word' id='word_1_561' title='bbox 2109 2917 2300 2972; x_wconf 81' lang='lat' dir='ltr'><strong>obrem</strong></span> <span class='ocrx_word' id='word_1_562' title='bbox 2341 2935 2451 2973; x_wconf 88' lang='lat' dir='ltr'><strong>non</strong></span> <span class='ocrx_word' id='word_1_563' title='bbox 2501 2921 2612 2992; x_wconf 86' lang='lat' dir='ltr'><strong>jam</strong></span> <span class='ocrx_word' id='word_1_564' title='bbox 2653 2932 2772 2974; x_wconf 87' lang='lat' dir='ltr'><strong>erat</strong></span> <span class='ocrx_word' id='word_1_565' title='bbox 2820 2937 2932 2992; x_wconf 89' lang='lat' dir='ltr'><strong>quo</strong></span> <span class='ocrx_word' id='word_1_566' title='bbox 2974 2921 3144 2977; x_wconf 73' lang='lat' dir='ltr'><strong>facies</strong></span> <span class='ocrx_word' id='word_1_567' title='bbox 3204 2929 3510 2977; x_wconf 84' lang='lat' dir='ltr'><strong>verterent.</strong></span> <span class='ocrx_word' id='word_1_568' title='bbox 3541 2920 3700 2977; x_wconf 86' lang='lat' dir='ltr'><strong>Tunc</strong></span> 
     </span>
    </p>
   </div>
   <div class='ocr_carea' id='block_1_77' title="bbox 2109 3010 3701 3085">
    <p class='ocr_par' dir='ltr' id='par_1_77' title="bbox 2109 3010 3701 3085">
     <span class='ocr_line' id='line_1_77' title="bbox 2109 3010 3701 3085; baseline 0.005 -22"><span class='ocrx_word' id='word_1_569' title='bbox 2109 3010 2372 3065; x_wconf 86' lang='lat' dir='ltr'><strong>nimirum</strong></span> <span class='ocrx_word' id='word_1_570' title='bbox 2405 3013 2529 3084; x_wconf 86' lang='lat' dir='ltr'><strong>igne</strong></span> <span class='ocrx_word' id='word_1_571' title='bbox 2560 3014 2736 3082; x_wconf 87' lang='lat' dir='ltr'><strong>portis</strong></span> <span class='ocrx_word' id='word_1_572' title='bbox 2787 3013 3032 3078; x_wconf 88' lang='lat' dir='ltr'><strong>admoto,</strong></span> <span class='ocrx_word' id='word_1_573' title='bbox 3091 3014 3294 3073; x_wconf 79' lang='lat' dir='ltr'><strong>fumus.</strong></span> <span class='ocrx_word' id='word_1_574' title='bbox 3324 3029 3420 3070; x_wconf 82' lang='lat' dir='ltr'><strong>eos</strong></span> <span class='ocrx_word' id='word_1_575' title='bbox 3461 3013 3558 3085; x_wconf 84' lang='lat' dir='ltr'><strong>qui</strong></span> <span class='ocrx_word' id='word_1_576' title='bbox 3601 3030 3701 3071; x_wconf 80' lang='lat' dir='ltr'><strong>ex-</strong></span> 
     </span>
    </p>
   </div>
   <div class='ocr_carea' id='block_1_78' title="bbox 2115 3099 3699 3175">
    <p class='ocr_par' dir='ltr' id='par_1_78' title="bbox 2115 3099 3699 3175">
     <span class='ocr_line' id='line_1_78' title="bbox 2115 3099 3699 3175; baseline 0.004 -22"><span class='ocrx_word' id='word_1_577' title='bbox 2115 3099 2390 3155; x_wconf 89' lang='lat' dir='ltr'><strong>trinsecus</strong></span> <span class='ocrx_word' id='word_1_578' title='bbox 2441 3115 2724 3172; x_wconf 84' lang='lat' dir='ltr'><strong>urgerent,</strong></span> <span class='ocrx_word' id='word_1_579' title='bbox 2763 3105 3019 3175; x_wconf 76' lang='lat' dir='ltr'><strong>progredi</strong></span> <span class='ocrx_word' id='word_1_580' title='bbox 3070 3103 3384 3170; x_wconf 86' lang='lat' dir='ltr'><strong>inhibebat,</strong></span> <span class='ocrx_word' id='word_1_581' title='bbox 3416 3103 3574 3173; x_wconf 87' lang='lat' dir='ltr'><strong>quasi</strong></span> <span class='ocrx_word' id='word_1_582' title='bbox 3629 3103 3699 3160; x_wconf 87' lang='lat' dir='ltr'><strong>iis</strong></span> 
     </span>
    </p>
   </div>
   <div class='ocr_carea' id='block_1_79' title="bbox 2113 3193 3699 3268">
    <p class='ocr_par' dir='ltr' id='par_1_79' title="bbox 2113 3193 3699 3268">
     <span class='ocr_line' id='line_1_79' title="bbox 2113 3193 3699 3268; baseline 0.001 -20"><span class='ocrx_word' id='word_1_583' title='bbox 2113 3193 2552 3263; x_wconf 84' lang='lat' dir='ltr'><strong>comprehensis,</strong></span> <span class='ocrx_word' id='word_1_584' title='bbox 2585 3197 2790 3266; x_wconf 88' lang='lat' dir='ltr'><strong>quibus</strong></span> <span class='ocrx_word' id='word_1_585' title='bbox 2816 3199 2919 3267; x_wconf 85' lang='lat' dir='ltr'><strong>ipsi</strong></span> <span class='ocrx_word' id='word_1_586' title='bbox 2953 3199 3236 3268; x_wconf 82' lang='lat' dir='ltr'><strong>suppetias</strong></span> <span class='ocrx_word' id='word_1_587' title='bbox 3264 3197 3436 3252; x_wconf 87' lang='lat' dir='ltr'><strong>ibant.</strong></span> <span class='ocrx_word' id='word_1_588' title='bbox 3468 3197 3574 3264; x_wconf 86' lang='lat' dir='ltr'><strong>Qui</strong></span> <span class='ocrx_word' id='word_1_589' title='bbox 3613 3199 3699 3251; x_wconf 88' lang='lat' dir='ltr'><strong>in-</strong></span> 
     </span>
    </p>
   </div>
   <div class='ocr_carea' id='block_1_80' title="bbox 2114 3289 3700 3360">
    <p class='ocr_par' dir='ltr' id='par_1_80' title="bbox 2114 3289 3700 3360">
     <span class='ocr_line' id='line_1_80' title="bbox 2114 3289 3700 3360; baseline 0.004 -20"><span class='ocrx_word' id='word_1_590' title='bbox 2114 3292 2204 3342; x_wconf 88' lang='lat' dir='ltr'><strong>tus</strong></span> <span class='ocrx_word' id='word_1_591' title='bbox 2229 3296 2409 3352; x_wconf 87' lang='lat' dir='ltr'><strong>erant,</strong></span> <span class='ocrx_word' id='word_1_592' title='bbox 2441 3289 2658 3345; x_wconf 87' lang='lat' dir='ltr'><strong>sicariis</strong></span> <span class='ocrx_word' id='word_1_593' title='bbox 2687 3305 2752 3343; x_wconf 85' lang='lat' dir='ltr'><strong>ac</strong></span> <span class='ocrx_word' id='word_1_594' title='bbox 2781 3290 3045 3345; x_wconf 79' lang='lat' dir='ltr'><strong>maleﬁcis</strong></span> <span class='ocrx_word' id='word_1_595' title='bbox 3072 3301 3260 3360; x_wconf 89' lang='lat' dir='ltr'><strong>portas</strong></span> <span class='ocrx_word' id='word_1_596' title='bbox 3291 3291 3567 3359; x_wconf 88' lang='lat' dir='ltr'><strong>aperiunt.</strong></span> <span class='ocrx_word' id='word_1_597' title='bbox 3615 3289 3700 3346; x_wconf 83' lang='lat' dir='ltr'><strong>Illi</strong></span> 
     </span>
    </p>
   </div>
   <div class='ocr_carea' id='block_1_81' title="bbox 2112 3379 3696 3456">
    <p class='ocr_par' dir='ltr' id='par_1_81' title="bbox 2112 3379 3696 3456">
     <span class='ocr_line' id='line_1_81' title="bbox 2112 3379 3696 3456; baseline 0.003 -22"><span class='ocrx_word' id='word_1_598' title='bbox 2112 3379 2170 3434; x_wconf 91' lang='lat' dir='ltr'><strong>in</strong></span> <span class='ocrx_word' id='word_1_599' title='bbox 2204 3380 2399 3435; x_wconf 88' lang='lat' dir='ltr'><strong>urbem</strong></span> <span class='ocrx_word' id='word_1_600' title='bbox 2460 3381 2645 3446; x_wconf 84' lang='lat' dir='ltr'><strong>eﬂ&#39;usi,</strong></span> <span class='ocrx_word' id='word_1_601' title='bbox 2681 3383 2887 3453; x_wconf 88' lang='lat' dir='ltr'><strong>quibus</strong></span> <span class='ocrx_word' id='word_1_602' title='bbox 2943 3392 3257 3456; x_wconf 88' lang='lat' dir='ltr'><strong>gesserunt,</strong></span> <span class='ocrx_word' id='word_1_603' title='bbox 3311 3398 3532 3439; x_wconf 90' lang='lat' dir='ltr'><strong>omnem</strong></span> <span class='ocrx_word' id='word_1_604' title='bbox 3589 3383 3696 3454; x_wconf 84' lang='lat' dir='ltr'><strong>ipsi</strong></span> 
     </span>
    </p>
   </div>
   <div class='ocr_carea' id='block_1_82' title="bbox 2113 3471 3700 3543">
    <p class='ocr_par' dir='ltr' id='par_1_82' title="bbox 2113 3471 3700 3543">
     <span class='ocr_line' id='line_1_82' title="bbox 2113 3471 3700 3543; baseline 0.003 -17"><span class='ocrx_word' id='word_1_605' title='bbox 2113 3474 2428 3529; x_wconf 83' lang='lat' dir='ltr'><strong>vastitatem</strong></span> <span class='ocrx_word' id='word_1_606' title='bbox 2463 3475 2755 3532; x_wconf 89' lang='lat' dir='ltr'><strong>inducunt.</strong></span> <span class='ocrx_word' id='word_1_607' title='bbox 2784 3476 2940 3532; x_wconf 78' lang='lat' dir='ltr'><strong>Miles</strong></span> <span class='ocrx_word' id='word_1_608' title='bbox 2997 3478 3170 3532; x_wconf 81' lang='lat' dir='ltr'><strong>armis</strong></span> <span class='ocrx_word' id='word_1_609' title='bbox 3199 3476 3553 3543; x_wconf 84' lang='lat' dir='ltr'><strong>nudabatur;</strong></span> <span class='ocrx_word' id='word_1_610' title='bbox 3579 3471 3700 3531; x_wconf 77' lang='lat' dir='ltr'><strong>tra-</strong></span> 
     </span>
    </p>
   </div>
   <div class='ocr_carea' id='block_1_83' title="bbox 2111 3561 3696 3640">
    <p class='ocr_par' dir='ltr' id='par_1_83' title="bbox 2111 3561 3696 3640">
     <span class='ocr_line' id='line_1_83' title="bbox 2111 3561 3696 3640; baseline 0.001 -19"><span class='ocrx_word' id='word_1_611' title='bbox 2111 3565 2347 3621; x_wconf 83' lang='lat' dir='ltr'><strong>bcbatur</strong></span> <span class='ocrx_word' id='word_1_612' title='bbox 2378 3584 2409 3623; x_wconf 87' lang='lat' dir='ltr'><strong>a</strong></span> <span class='ocrx_word' id='word_1_613' title='bbox 2446 3567 2543 3622; x_wconf 89' lang='lat' dir='ltr'><strong>vili</strong></span> <span class='ocrx_word' id='word_1_614' title='bbox 2570 3569 2755 3640; x_wconf 87' lang='lat' dir='ltr'><strong>vulgo,</strong></span> <span class='ocrx_word' id='word_1_615' title='bbox 2791 3569 2883 3640; x_wconf 87' lang='lat' dir='ltr'><strong>qui</strong></span> <span class='ocrx_word' id='word_1_616' title='bbox 2925 3572 3096 3624; x_wconf 87' lang='lat' dir='ltr'><strong>multa</strong></span> <span class='ocrx_word' id='word_1_617' title='bbox 3149 3561 3339 3623; x_wconf 82' lang='lat' dir='ltr'><strong>multis</strong></span> <span class='ocrx_word' id='word_1_618' title='bbox 3395 3568 3696 3640; x_wconf 68' lang='lat' dir='ltr'><strong>praecipere</strong></span> 
     </span>
    </p>
   </div>
   <div class='ocr_carea' id='block_1_84' title="bbox 2110 3657 3699 3729">
    <p class='ocr_par' dir='ltr' id='par_1_84' title="bbox 2110 3657 3699 3729">
     <span class='ocr_line' id='line_1_84' title="bbox 2110 3657 3699 3729; baseline 0.002 -18"><span class='ocrx_word' id='word_1_619' title='bbox 2110 3657 2309 3712; x_wconf 89' lang='lat' dir='ltr'><strong>solitus</strong></span> <span class='ocrx_word' id='word_1_620' title='bbox 2332 3667 2472 3713; x_wconf 88' lang='lat' dir='ltr'><strong>erat.</strong></span> <span class='ocrx_word' id='word_1_621' title='bbox 2507 3658 2716 3715; x_wconf 84' lang='lat' dir='ltr'><strong>Servus</strong></span> <span class='ocrx_word' id='word_1_622' title='bbox 2748 3659 2945 3715; x_wconf 86' lang='lat' dir='ltr'><strong>herum</strong></span> <span class='ocrx_word' id='word_1_623' title='bbox 2980 3660 3302 3716; x_wconf 86' lang='lat' dir='ltr'><strong>nesciebat:</strong></span> <span class='ocrx_word' id='word_1_624' title='bbox 3330 3675 3394 3714; x_wconf 88' lang='lat' dir='ltr'><strong>ac</strong></span> <span class='ocrx_word' id='word_1_625' title='bbox 3447 3673 3613 3729; x_wconf 84' lang='lat' dir='ltr'><strong>quem</strong></span> <span class='ocrx_word' id='word_1_626' title='bbox 3649 3659 3699 3714; x_wconf 91' lang='lat' dir='ltr'><strong>is</strong></span> 
     </span>
    </p>
   </div>
   <div class='ocr_carea' id='block_1_85' title="bbox 2113 3747 3695 3821">
    <p class='ocr_par' dir='ltr' id='par_1_85' title="bbox 2113 3747 3695 3821">
     <span class='ocr_line' id='line_1_85' title="bbox 2113 3747 3695 3821; baseline 0.004 -20"><span class='ocrx_word' id='word_1_627' title='bbox 2113 3747 2268 3816; x_wconf 87' lang='lat' dir='ltr'><strong>prius</strong></span> <span class='ocrx_word' id='word_1_628' title='bbox 2289 3751 2418 3821; x_wconf 83' lang='lat' dir='ltr'><strong>jure</strong></span> <span class='ocrx_word' id='word_1_629' title='bbox 2468 3749 2812 3820; x_wconf 87' lang='lat' dir='ltr'><strong>increpabat,</strong></span> <span class='ocrx_word' id='word_1_630' title='bbox 2841 3760 2973 3806; x_wconf 90' lang='lat' dir='ltr'><strong>tunc</strong></span> <span class='ocrx_word' id='word_1_631' title='bbox 3006 3752 3109 3806; x_wconf 86' lang='lat' dir='ltr'><strong>sibi</strong></span> <span class='ocrx_word' id='word_1_632' title='bbox 3163 3765 3354 3820; x_wconf 84' lang='lat' dir='ltr'><strong>pcenas</strong></span> <span class='ocrx_word' id='word_1_633' title='bbox 3399 3765 3526 3804; x_wconf 92' lang='lat' dir='ltr'><strong>eum</strong></span> <span class='ocrx_word' id='word_1_634' title='bbox 3559 3749 3695 3807; x_wconf 85' lang='lat' dir='ltr'><strong>dare</strong></span> 
     </span>
    </p>
   </div>
   <div class='ocr_carea' id='block_1_86' title="bbox 2113 3841 3698 3915">
    <p class='ocr_par' dir='ltr' id='par_1_86' title="bbox 2113 3841 3698 3915">
     <span class='ocr_line' id='line_1_86' title="bbox 2113 3841 3698 3915; baseline 0.003 -20"><span class='ocrx_word' id='word_1_635' title='bbox 2113 3841 2394 3912; x_wconf 77' lang='lat' dir='ltr'><strong>poscebat.</strong></span> <span class='ocrx_word' id='word_1_636' title='bbox 2423 3842 2721 3900; x_wconf 84' lang='lat' dir='ltr'><strong>Armorum</strong></span> <span class='ocrx_word' id='word_1_637' title='bbox 2761 3860 3040 3915; x_wconf 89' lang='lat' dir='ltr'><strong>opumque</strong></span> <span class='ocrx_word' id='word_1_638' title='bbox 3069 3845 3214 3898; x_wconf 82' lang='lat' dir='ltr'><strong>servi</strong></span> <span class='ocrx_word' id='word_1_639' title='bbox 3243 3858 3308 3899; x_wconf 89' lang='lat' dir='ltr'><strong>ac</strong></span> <span class='ocrx_word' id='word_1_640' title='bbox 3341 3843 3536 3913; x_wconf 85' lang='lat' dir='ltr'><strong>inopes</strong></span> <span class='ocrx_word' id='word_1_641' title='bbox 3562 3841 3698 3900; x_wconf 78' lang='lat' dir='ltr'><strong>facti</strong></span> 
     </span>
    </p>
   </div>
   <div class='ocr_carea' id='block_1_87' title="bbox 2111 3934 3696 4009">
    <p class='ocr_par' dir='ltr' id='par_1_87' title="bbox 2111 3934 3696 4009">
     <span class='ocr_line' id='line_1_87' title="bbox 2111 3934 3696 4009; baseline -0.002 -17"><span class='ocrx_word' id='word_1_642' title='bbox 2111 3945 2414 4006; x_wconf 82' lang='lat' dir='ltr'><strong>compotes,</strong></span> <span class='ocrx_word' id='word_1_643' title='bbox 2448 3938 2653 4008; x_wconf 88' lang='lat' dir='ltr'><strong>quibus</strong></span> <span class='ocrx_word' id='word_1_644' title='bbox 2689 3937 2780 3992; x_wconf 87' lang='lat' dir='ltr'><strong>illa</strong></span> <span class='ocrx_word' id='word_1_645' title='bbox 2811 3941 2966 4009; x_wconf 87' lang='lat' dir='ltr'><strong>prius</strong></span> <span class='ocrx_word' id='word_1_646' title='bbox 3020 3937 3427 4005; x_wconf 85' lang='lat' dir='ltr'><strong>competebant,</strong></span> <span class='ocrx_word' id='word_1_647' title='bbox 3480 3934 3696 3990; x_wconf 87' lang='lat' dir='ltr'><strong>manci-</strong></span> 
     </span>
    </p>
   </div>
   <div class='ocr_carea' id='block_1_88' title="bbox 2109 4028 3696 4100">
    <p class='ocr_par' dir='ltr' id='par_1_88' title="bbox 2109 4028 3696 4100">
     <span class='ocr_line' id='line_1_88' title="bbox 2109 4028 3696 4100; baseline 0.001 -17"><span class='ocrx_word' id='word_1_648' title='bbox 2109 4029 2329 4099; x_wconf 92' lang='lat' dir='ltr'><strong>piorum</strong></span> <span class='ocrx_word' id='word_1_649' title='bbox 2359 4028 2502 4085; x_wconf 85' lang='lat' dir='ltr'><strong>l&#39;orte</strong></span> <span class='ocrx_word' id='word_1_650' title='bbox 2540 4045 2604 4085; x_wconf 89' lang='lat' dir='ltr'><strong>ac</strong></span> <span class='ocrx_word' id='word_1_651' title='bbox 2649 4028 2875 4086; x_wconf 72' lang='lat' dir='ltr'><strong>fortuna</strong></span> <span class='ocrx_word' id='word_1_652' title='bbox 2934 4029 3236 4092; x_wconf 87' lang='lat' dir='ltr'><strong>habebant,</strong></span> <span class='ocrx_word' id='word_1_653' title='bbox 3263 4036 3696 4100; x_wconf 84' lang='lat' dir='ltr'><strong>compactosque</strong></span> 
     </span>
    </p>
   </div>
   <div class='ocr_carea' id='block_1_89' title="bbox 2112 4119 3697 4191">
    <p class='ocr_par' dir='ltr' id='par_1_89' title="bbox 2112 4119 3697 4191">
     <span class='ocr_line' id='line_1_89' title="bbox 2112 4119 3697 4191; baseline -0.001 -16"><span class='ocrx_word' id='word_1_654' title='bbox 2112 4119 2169 4176; x_wconf 86' lang='lat' dir='ltr'><strong>in</strong></span> <span class='ocrx_word' id='word_1_655' title='bbox 2219 4136 2520 4186; x_wconf 85' lang='lat' dir='ltr'><strong>carcerem,</strong></span> <span class='ocrx_word' id='word_1_656' title='bbox 2580 4136 2683 4177; x_wconf 91' lang='lat' dir='ltr'><strong>nec</strong></span> <span class='ocrx_word' id='word_1_657' title='bbox 2741 4121 2884 4191; x_wconf 79' lang='lat' dir='ltr'><strong>lucis</strong></span> <span class='ocrx_word' id='word_1_658' title='bbox 2932 4122 3101 4176; x_wconf 83' lang='lat' dir='ltr'><strong>radiis</strong></span> <span class='ocrx_word' id='word_1_659' title='bbox 3155 4121 3263 4175; x_wconf 81' lang='lat' dir='ltr'><strong>lrui</strong></span> <span class='ocrx_word' id='word_1_660' title='bbox 3324 4120 3598 4176; x_wconf 88' lang='lat' dir='ltr'><strong>sinebant.</strong></span> <span class='ocrx_word' id='word_1_661' title='bbox 3635 4119 3697 4174; x_wconf 88' lang='lat' dir='ltr'><strong>ln</strong></span> 
     </span>
    </p>
   </div>
   <div class='ocr_carea' id='block_1_90' title="bbox 2109 4209 3697 4282">
    <p class='ocr_par' dir='ltr' id='par_1_90' title="bbox 2109 4209 3697 4282">
     <span class='ocr_line' id='line_1_90' title="bbox 2109 4209 3697 4282; baseline 0.001 -16"><span class='ocrx_word' id='word_1_662' title='bbox 2109 4211 2258 4267; x_wconf 76' lang='lat' dir='ltr'><strong>:edes</strong></span> <span class='ocrx_word' id='word_1_663' title='bbox 2283 4211 2656 4277; x_wconf 88' lang='lat' dir='ltr'><strong>concitabant,</strong></span> <span class='ocrx_word' id='word_1_664' title='bbox 2699 4224 3002 4282; x_wconf 87' lang='lat' dir='ltr'><strong>omnesque</strong></span> <span class='ocrx_word' id='word_1_665' title='bbox 3057 4212 3314 4265; x_wconf 85' lang='lat' dir='ltr'><strong>civitates</strong></span> <span class='ocrx_word' id='word_1_666' title='bbox 3345 4209 3697 4267; x_wconf 86' lang='lat' dir='ltr'><strong>desertorum</strong></span> 
     </span>
    </p>
   </div>
   <div class='ocr_carea' id='block_1_91' title="bbox 2111 4296 3695 4376">
    <p class='ocr_par' dir='ltr' id='par_1_91' title="bbox 2111 4296 3695 4376">
     <span class='ocr_line' id='line_1_91' title="bbox 2111 4296 3695 4376; baseline 0.001 -19"><span class='ocrx_word' id='word_1_667' title='bbox 2111 4319 2263 4360; x_wconf 88' lang='lat' dir='ltr'><strong>more</strong></span> <span class='ocrx_word' id='word_1_668' title='bbox 2287 4305 2578 4360; x_wconf 88' lang='lat' dir='ltr'><strong>eruebant.</strong></span> <span class='ocrx_word' id='word_1_669' title='bbox 2603 4303 2706 4360; x_wconf 85' lang='lat' dir='ltr'><strong>Cui</strong></span> <span class='ocrx_word' id='word_1_670' title='bbox 2735 4307 2990 4376; x_wconf 75' lang='lat' dir='ltr'><strong>lacrymte</strong></span> <span class='ocrx_word' id='word_1_671' title='bbox 3015 4303 3225 4358; x_wconf 66' lang='lat' dir='ltr'><strong>oborta!</strong></span> <span class='ocrx_word' id='word_1_672' title='bbox 3245 4296 3454 4366; x_wconf 76' lang='lat' dir='ltr'><strong>eSsent,</strong></span> <span class='ocrx_word' id='word_1_673' title='bbox 3487 4303 3695 4373; x_wconf 83' lang='lat' dir='ltr'><strong>impio—</strong></span> 
     </span>
    </p>
   </div>
   <div class='ocr_carea' id='block_1_92' title="bbox 420 4391 2010 4468">
    <p class='ocr_par' dir='ltr' id='par_1_92' title="bbox 420 4391 2008 4466">
     <span class='ocr_line' id='line_1_92' title="bbox 420 4391 2008 4466; baseline 0.004 -21"><span class='ocrx_word' id='word_1_674' title='bbox 420 4391 608 4466; x_wconf 78' lang='grc' dir='ltr'><strong>χείρω.</strong></span> <span class='ocrx_word' id='word_1_675' title='bbox 635 4392 703 4448; x_wconf 88' lang='grc' dir='ltr'><strong>οι</strong></span> <span class='ocrx_word' id='word_1_676' title='bbox 734 4392 836 4464; x_wconf 77' lang='grc' dir='ltr'><strong>μέν</strong></span> <span class='ocrx_word' id='word_1_677' title='bbox 861 4409 924 4462; x_wconf 88' lang='grc' dir='ltr'><strong>γε</strong></span> <span class='ocrx_word' id='word_1_678' title='bbox 956 4393 1066 4446; x_wconf 84' lang='grc' dir='ltr'><strong>τῶν</strong></span> <span class='ocrx_word' id='word_1_679' title='bbox 1087 4393 1256 4449; x_wconf 76' lang='grc' dir='ltr'><strong>όντων</strong></span> <span class='ocrx_word' id='word_1_680' title='bbox 1294 4393 1707 4465; x_wconf 83' lang='grc' dir='ltr'><strong>γυμνώσαντες,</strong></span> <span class='ocrx_word' id='word_1_681' title='bbox 1739 4397 1801 4450; x_wconf 80' lang='grc' dir='ltr'><strong>οὺ</strong></span> <span class='ocrx_word' id='word_1_682' title='bbox 1821 4398 1914 4451; x_wconf 81' lang='grc' dir='ltr'><strong>καὶ</strong></span> <span class='ocrx_word' id='word_1_683' title='bbox 1945 4397 2008 4452; x_wconf 73' lang='grc' dir='ltr'><strong>τὸ</strong></span> 
     </span>
    </p>
   </div>
   <div class='ocr_carea' id='block_1_93' title="bbox 2113 4391 3696 4468">
    <p class='ocr_par' dir='ltr' id='par_1_93' title="bbox 2113 4393 3696 4468">
     <span class='ocr_line' id='line_1_93' title="bbox 2113 4393 3696 4468; baseline 0 -20"><span class='ocrx_word' id='word_1_684' title='bbox 2113 4410 2236 4450; x_wconf 90' lang='lat' dir='ltr'><strong>rum</strong></span> <span class='ocrx_word' id='word_1_685' title='bbox 2267 4395 2563 4451; x_wconf 78' lang='lat' dir='ltr'><strong>confestim</strong></span> <span class='ocrx_word' id='word_1_686' title='bbox 2614 4395 2814 4468; x_wconf 85' lang='lat' dir='ltr'><strong>gladiis</strong></span> <span class='ocrx_word' id='word_1_687' title='bbox 2859 4395 3370 4451; x_wconf 87' lang='lat' dir='ltr'><strong>contrucidabatur.</strong></span> <span class='ocrx_word' id='word_1_688' title='bbox 3404 4393 3451 4452; x_wconf 89' lang='lat'><strong>0</strong></span> <span class='ocrx_word' id='word_1_689' title='bbox 3500 4394 3696 4449; x_wconf 83' lang='lat' dir='ltr'><strong>civita-</strong></span> 
     </span>
    </p>
   </div>
   <div class='ocr_carea' id='block_1_94' title="bbox 425 4482 2009 4561">
    <p class='ocr_par' dir='ltr' id='par_1_94' title="bbox 425 4482 2009 4561">
     <span class='ocr_line' id='line_1_94' title="bbox 425 4482 2009 4561; baseline 0 -22"><span class='ocrx_word' id='word_1_690' title='bbox 425 4485 522 4557; x_wconf 72' lang='grc' dir='ltr'><strong>ζῇν</strong></span> <span class='ocrx_word' id='word_1_691' title='bbox 553 4485 1017 4558; x_wconf 80' lang='grc' dir='ltr'><strong>προσαφείλοντο·</strong></span> <span class='ocrx_word' id='word_1_692' title='bbox 1059 4482 1207 4542; x_wconf 79' lang='grc' dir='ltr'><strong>οὗτοι</strong></span> <span class='ocrx_word' id='word_1_693' title='bbox 1233 4487 1312 4550; x_wconf 79' lang='grc' dir='ltr'><strong>δέ,</strong></span> <span class='ocrx_word' id='word_1_694' title='bbox 1342 4488 1434 4542; x_wconf 83' lang='grc' dir='ltr'><strong>τὸν</strong></span> <span class='ocrx_word' id='word_1_695' title='bbox 1470 4489 1574 4558; x_wconf 83' lang='grc' dir='ltr'><strong>μέν</strong></span> <span class='ocrx_word' id='word_1_696' title='bbox 1597 4488 1813 4543; x_wconf 75' lang='grc' dir='ltr'><strong>οἴκοθεν</strong></span> <span class='ocrx_word' id='word_1_697' title='bbox 1844 4490 2009 4561; x_wconf 81' lang='grc' dir='ltr'><strong>στρά-</strong></span> 
     </span>
    </p>
   </div>
   <div class='ocr_carea' id='block_1_95' title="bbox 420 4578 2009 4653">
    <p class='ocr_par' dir='ltr' id='par_1_95' title="bbox 420 4578 2009 4653">
     <span class='ocr_line' id='line_1_95' title="bbox 420 4578 2009 4653; baseline 0 -19"><span class='ocrx_word' id='word_1_698' title='bbox 420 4597 597 4652; x_wconf 87' lang='grc' dir='ltr'><strong>τευμα</strong></span> <span class='ocrx_word' id='word_1_699' title='bbox 619 4579 844 4652; x_wconf 65' lang='grc' dir='ltr'><strong>τρέφειν</strong></span> <span class='ocrx_word' id='word_1_700' title='bbox 878 4578 1203 4651; x_wconf 79' lang='grc' dir='ltr'><strong>δυνάμενον,</strong></span> <span class='ocrx_word' id='word_1_701' title='bbox 1232 4578 1318 4653; x_wconf 79' lang='grc' dir='ltr'><strong>[Ρ.</strong></span> <span class='ocrx_word' id='word_1_702' title='bbox 1367 4578 1497 4650; x_wconf 78' lang='lat'><strong>389]</strong></span> <span class='ocrx_word' id='word_1_703' title='bbox 1531 4579 1793 4650; x_wconf 79' lang='grc' dir='ltr'><strong>ἐξαίφνης</strong></span> <span class='ocrx_word' id='word_1_704' title='bbox 1821 4579 2009 4651; x_wconf 80' lang='grc' dir='ltr'><strong>ὥσπερ</strong></span> 
     </span>
    </p>
   </div>
   <div class='ocr_carea' id='block_1_96' title="bbox 421 4673 2006 4747">
    <p class='ocr_par' dir='ltr' id='par_1_96' title="bbox 421 4673 2006 4747">
     <span class='ocr_line' id='line_1_96' title="bbox 421 4673 2006 4747; baseline -0.011 -13"><span class='ocrx_word' id='word_1_705' title='bbox 421 4673 670 4747; x_wconf 77' lang='grc' dir='ltr'><strong>σκηπτοῦ</strong></span> <span class='ocrx_word' id='word_1_706' title='bbox 727 4675 1182 4745; x_wconf 78' lang='grc' dir='ltr'><strong>κατενεχθέντος,</strong></span> <span class='ocrx_word' id='word_1_707' title='bbox 1244 4675 1640 4743; x_wconf 83' lang='grc' dir='ltr'><strong>ἀποπέμπουσι</strong></span> <span class='ocrx_word' id='word_1_708' title='bbox 1704 4676 2006 4745; x_wconf 59' lang='grc' dir='ltr'><strong>προσαιτῇ-</strong></span> 
     </span>
    </p>
   </div>
   <div class='ocr_carea' id='block_1_97' title="bbox 423 4768 2011 4840">
    <p class='ocr_par' dir='ltr' id='par_1_97' title="bbox 423 4768 2011 4840">
     <span class='ocr_line' id='line_1_97' title="bbox 423 4768 2011 4840; baseline -0.001 -16"><span class='ocrx_word' id='word_1_709' title='bbox 423 4786 608 4824; x_wconf 83' lang='grc' dir='ltr'><strong>σοντα.</strong></span> <span class='ocrx_word' id='word_1_710' title='bbox 647 4769 714 4824; x_wconf 81' lang='grc'><strong>’11</strong></span> <span class='ocrx_word' id='word_1_711' title='bbox 762 4768 809 4823; x_wconf 80' lang='grc' dir='ltr'><strong>δ’</strong></span> <span class='ocrx_word' id='word_1_712' title='bbox 870 4768 1171 4840; x_wconf 77' lang='grc' dir='ltr'><strong>ὑπερϐολὴ,</strong></span> <span class='ocrx_word' id='word_1_713' title='bbox 1219 4769 1298 4823; x_wconf 82' lang='grc' dir='ltr'><strong>ὅτι</strong></span> <span class='ocrx_word' id='word_1_714' title='bbox 1342 4771 1435 4822; x_wconf 78' lang='grc' dir='ltr'><strong>καὶ</strong></span> <span class='ocrx_word' id='word_1_715' title='bbox 1484 4771 1592 4822; x_wconf 85' lang='grc' dir='ltr'><strong>τῶν</strong></span> <span class='ocrx_word' id='word_1_716' title='bbox 1619 4768 1790 4822; x_wconf 83' lang='grc' dir='ltr'><strong>δντων</strong></span> <span class='ocrx_word' id='word_1_717' title='bbox 1814 4768 2011 4823; x_wconf 74' lang='grc' dir='ltr'><strong>ἐκϐάλο</strong></span> 
     </span>
    </p>
   </div>
   <div class='ocr_carea' id='block_1_98' title="bbox 417 4859 2006 4934">
    <p class='ocr_par' dir='ltr' id='par_1_98' title="bbox 417 4859 2006 4934">
     <span class='ocr_line' id='line_1_98' title="bbox 417 4859 2006 4934; baseline -0.004 -16"><span class='ocrx_word' id='word_1_718' title='bbox 417 4862 608 4927; x_wconf 84' lang='grc' dir='ltr'><strong>λοντες</strong></span> <span class='ocrx_word' id='word_1_719' title='bbox 625 4862 1055 4934; x_wconf 74' lang='grc' dir='ltr'><strong>ἀγανακτοῦσιν,</strong></span> <span class='ocrx_word' id='word_1_720' title='bbox 1087 4864 1136 4915; x_wconf 83' lang='grc' dir='ltr'><strong>εἰ</strong></span> <span class='ocrx_word' id='word_1_721' title='bbox 1183 4861 1348 4926; x_wconf 81' lang='grc' dir='ltr'><strong>ζῶντι</strong></span> <span class='ocrx_word' id='word_1_722' title='bbox 1387 4861 1526 4931; x_wconf 75' lang='grc' dir='ltr'><strong>μετὰ</strong></span> <span class='ocrx_word' id='word_1_723' title='bbox 1562 4861 1670 4914; x_wconf 82' lang='grc' dir='ltr'><strong>τῶν</strong></span> <span class='ocrx_word' id='word_1_724' title='bbox 1702 4859 1878 4914; x_wconf 81' lang='grc' dir='ltr'><strong>ἀλλων</strong></span> <span class='ocrx_word' id='word_1_725' title='bbox 1918 4859 2006 4924; x_wconf 77' lang='grc' dir='ltr'><strong>ἑξ-</strong></span> 
     </span>
    </p>
   </div>
   <div class='ocr_carea' id='block_1_99' title="bbox 420 4955 1392 5029">
    <p class='ocr_par' dir='ltr' id='par_1_99' title="bbox 420 4955 1392 5029">
     <span class='ocr_line' id='line_1_99' title="bbox 420 4955 1392 5029; baseline -0.004 -17"><span class='ocrx_word' id='word_1_726' title='bbox 420 4956 577 5019; x_wconf 74' lang='grc' dir='ltr'><strong>ισται</strong></span> <span class='ocrx_word' id='word_1_727' title='bbox 609 4955 924 5029; x_wconf 78' lang='grc' dir='ltr'><strong>μεμνῆσθαι</strong></span> <span class='ocrx_word' id='word_1_728' title='bbox 947 4957 1048 5025; x_wconf 77' lang='grc' dir='ltr'><strong>τῆς</strong></span> <span class='ocrx_word' id='word_1_729' title='bbox 1085 4957 1392 5025; x_wconf 79' lang='grc' dir='ltr'><strong>συμφορᾶς.</strong></span> 
     </span>
    </p>
   </div>
   <div class='ocr_carea' id='block_1_100' title="bbox 2107 4487 3700 4559">
    <p class='ocr_par' dir='ltr' id='par_1_100' title="bbox 2107 4487 3700 4559">
     <span class='ocr_line' id='line_1_100' title="bbox 2107 4487 3700 4559; baseline 0.001 -16"><span class='ocrx_word' id='word_1_730' title='bbox 2107 4498 2241 4555; x_wconf 89' lang='lat' dir='ltr'><strong>tem,</strong></span> <span class='ocrx_word' id='word_1_731' title='bbox 2259 4505 2386 4559; x_wconf 83' lang='lat' dir='ltr'><strong>qua:</strong></span> <span class='ocrx_word' id='word_1_732' title='bbox 2409 4504 2478 4545; x_wconf 80' lang='lat' dir='ltr'><strong>ex</strong></span> <span class='ocrx_word' id='word_1_733' title='bbox 2505 4504 2637 4556; x_wconf 90' lang='lat' dir='ltr'><strong>una,</strong></span> <span class='ocrx_word' id='word_1_734' title='bbox 2665 4490 2874 4555; x_wconf 65' lang='lat' dir='ltr'><strong>multa,</strong></span> <span class='ocrx_word' id='word_1_735' title='bbox 2908 4488 3477 4559; x_wconf 84' lang='lat' dir='ltr'><strong>contrariissirnisque</strong></span> <span class='ocrx_word' id='word_1_736' title='bbox 3497 4487 3700 4544; x_wconf 83' lang='lat' dir='ltr'><strong>studiis</strong></span> 
     </span>
    </p>
   </div>
   <div class='ocr_carea' id='block_1_101' title="bbox 2107 4580 3672 4653">
    <p class='ocr_par' dir='ltr' id='par_1_101' title="bbox 2107 4580 3672 4653">
     <span class='ocr_line' id='line_1_101' title="bbox 2107 4580 3672 4653; baseline -0.003 -15"><span class='ocrx_word' id='word_1_737' title='bbox 2107 4591 2274 4653; x_wconf 89' lang='lat' dir='ltr'><strong>atque</strong></span> <span class='ocrx_word' id='word_1_738' title='bbox 2300 4582 2501 4638; x_wconf 83' lang='lat' dir='ltr'><strong>animis</strong></span> <span class='ocrx_word' id='word_1_739' title='bbox 2551 4581 2908 4641; x_wconf 85' lang='lat' dir='ltr'><strong>evaserile</strong></span> <span class='ocrx_word' id='word_1_740' title='bbox 2941 4583 3340 4652; x_wconf 86' lang='lat' dir='ltr'><strong>rempublicam</strong></span> <span class='ocrx_word' id='word_1_741' title='bbox 3375 4580 3574 4652; x_wconf 85' lang='lat' dir='ltr'><strong>quovis</strong></span> <span class='ocrx_word' id='word_1_742' title='bbox 3603 4595 3672 4652; x_wconf 80' lang='lat' dir='ltr'><strong>pe</strong></span> 
     </span>
    </p>
   </div>
   <div class='ocr_carea' id='block_1_102' title="bbox 2109 4674 3698 4749">
    <p class='ocr_par' dir='ltr' id='par_1_102' title="bbox 2109 4674 3698 4749">
     <span class='ocr_line' id='line_1_102' title="bbox 2109 4674 3698 4749; baseline -0.004 -17"><span class='ocrx_word' id='word_1_743' title='bbox 2109 4677 2234 4748; x_wconf 61' lang='lat' dir='ltr'><strong>lngo</strong></span> <span class='ocrx_word' id='word_1_744' title='bbox 2282 4674 2515 4732; x_wconf 77' lang='lat' dir='ltr'><strong>inﬁdam</strong></span> <span class='ocrx_word' id='word_1_745' title='bbox 2567 4678 2781 4749; x_wconf 81' lang='lat' dir='ltr'><strong>magis!</strong></span> <span class='ocrx_word' id='word_1_746' title='bbox 2813 4676 2860 4733; x_wconf 87' lang='lat'><strong>0</strong></span> <span class='ocrx_word' id='word_1_747' title='bbox 2913 4677 3064 4733; x_wconf 82' lang='lat' dir='ltr'><strong>cives</strong></span> <span class='ocrx_word' id='word_1_748' title='bbox 3111 4675 3253 4730; x_wconf 81' lang='lat' dir='ltr'><strong>nihil</strong></span> <span class='ocrx_word' id='word_1_749' title='bbox 3311 4674 3505 4749; x_wconf 72' lang='lat' dir='ltr'><strong>majori</strong></span> <span class='ocrx_word' id='word_1_750' title='bbox 3565 4674 3698 4741; x_wconf 75' lang='lat' dir='ltr'><strong>ﬁde,</strong></span> 
     </span>
    </p>
   </div>
   <div class='ocr_carea' id='block_1_103' title="bbox 2109 4767 3696 4842">
    <p class='ocr_par' dir='ltr' id='par_1_103' title="bbox 2109 4767 3696 4842">
     <span class='ocr_line' id='line_1_103' title="bbox 2109 4767 3696 4842; baseline -0.002 -19"><span class='ocrx_word' id='word_1_751' title='bbox 2109 4783 2276 4840; x_wconf 90' lang='lat' dir='ltr'><strong>quam</strong></span> <span class='ocrx_word' id='word_1_752' title='bbox 2307 4771 2404 4840; x_wconf 91' lang='lat' dir='ltr'><strong>qui</strong></span> <span class='ocrx_word' id='word_1_753' title='bbox 2429 4782 2627 4825; x_wconf 86' lang='lat' dir='ltr'><strong>natura</strong></span> <span class='ocrx_word' id='word_1_754' title='bbox 2666 4769 2886 4826; x_wconf 86' lang='lat' dir='ltr'><strong>barbari</strong></span> <span class='ocrx_word' id='word_1_755' title='bbox 2918 4772 3182 4842; x_wconf 88' lang='lat' dir='ltr'><strong>omnique</strong></span> <span class='ocrx_word' id='word_1_756' title='bbox 3243 4768 3428 4825; x_wconf 88' lang='lat' dir='ltr'><strong>indole</strong></span> <span class='ocrx_word' id='word_1_757' title='bbox 3453 4769 3467 4823; x_wconf 92' lang='lat' dir='ltr'><strong>l</strong></span> <span class='ocrx_word' id='word_1_758' title='bbox 3497 4767 3696 4829; x_wconf 66' lang='lat' dir='ltr'><strong>Marini</strong></span> 
     </span>
    </p>
   </div>
   <div class='ocr_carea' id='block_1_104' title="bbox 2115 4859 3698 4934">
    <p class='ocr_par' dir='ltr' id='par_1_104' title="bbox 2115 4859 3698 4934">
     <span class='ocr_line' id='line_1_104' title="bbox 2115 4859 3698 4934; baseline -0.001 -17"><span class='ocrx_word' id='word_1_759' title='bbox 2115 4863 2341 4933; x_wconf 86' lang='lat' dir='ltr'><strong>quidam</strong></span> <span class='ocrx_word' id='word_1_760' title='bbox 2387 4862 2549 4934; x_wconf 84' lang='lat' dir='ltr'><strong>plane</strong></span> <span class='ocrx_word' id='word_1_761' title='bbox 2604 4863 2891 4934; x_wconf 65' lang='lat' dir='ltr'><strong>pradones</strong></span> <span class='ocrx_word' id='word_1_762' title='bbox 2938 4864 2993 4919; x_wconf 91' lang='lat' dir='ltr'><strong>in</strong></span> <span class='ocrx_word' id='word_1_763' title='bbox 3024 4864 3384 4931; x_wconf 84' lang='lat' dir='ltr'><strong>continente;</strong></span> <span class='ocrx_word' id='word_1_764' title='bbox 3417 4859 3552 4932; x_wconf 80' lang='lat' dir='ltr'><strong>quin</strong></span> <span class='ocrx_word' id='word_1_765' title='bbox 3612 4859 3698 4915; x_wconf 87' lang='lat' dir='ltr'><strong>bis</strong></span> 
     </span>
    </p>
   </div>
   <div class='ocr_carea' id='block_1_105' title="bbox 2114 4952 3698 5027">
    <p class='ocr_par' dir='ltr' id='par_1_105' title="bbox 2114 4952 3698 5027">
     <span class='ocr_line' id='line_1_105' title="bbox 2114 4952 3698 5027; baseline -0.002 -17"><span class='ocrx_word' id='word_1_766' title='bbox 2114 4969 2336 5027; x_wconf 88' lang='lat' dir='ltr'><strong>quoque</strong></span> <span class='ocrx_word' id='word_1_767' title='bbox 2364 4955 2564 5012; x_wconf 87' lang='lat' dir='ltr'><strong>studiis</strong></span> <span class='ocrx_word' id='word_1_768' title='bbox 2593 4956 2918 5013; x_wconf 85' lang='lat' dir='ltr'><strong>deteriores.</strong></span> <span class='ocrx_word' id='word_1_769' title='bbox 2957 4956 3042 5018; x_wconf 81' lang='lat' dir='ltr'><strong>Illi</strong></span> <span class='ocrx_word' id='word_1_770' title='bbox 3072 4970 3312 5025; x_wconf 84' lang='lat' dir='ltr'><strong>namque</strong></span> <span class='ocrx_word' id='word_1_771' title='bbox 3364 4967 3505 5024; x_wconf 81' lang='lat' dir='ltr'><strong>quos</strong></span> <span class='ocrx_word' id='word_1_772' title='bbox 3535 4952 3698 5009; x_wconf 83' lang='lat' dir='ltr'><strong>bonis</strong></span> 
     </span>
    </p>
   </div>
   <div class='ocr_carea' id='block_1_106' title="bbox 418 5039 3697 5130">
    <p class='ocr_par' dir='ltr' id='par_1_106' title="bbox 418 5039 3697 5130">
     <span class='ocr_line' id='line_1_106' title="bbox 418 5039 3697 5130; baseline -0.001 -27"><span class='ocrx_word' id='word_1_773' title='bbox 418 5047 731 5121; x_wconf 86' lang='lat' dir='ltr'><strong>spoliarint,</strong></span> <span class='ocrx_word' id='word_1_774' title='bbox 767 5046 916 5103; x_wconf 88' lang='lat' dir='ltr'><strong>baud</strong></span> <span class='ocrx_word' id='word_1_775' title='bbox 939 5039 1110 5104; x_wconf 79' lang='lat' dir='ltr'><strong>etiam</strong></span> <span class='ocrx_word' id='word_1_776' title='bbox 1131 5048 1299 5103; x_wconf 81' lang='lat' dir='ltr'><strong>vitam</strong></span> <span class='ocrx_word' id='word_1_777' title='bbox 1325 5063 1548 5118; x_wconf 78' lang='lat' dir='ltr'><strong>quoque</strong></span> <span class='ocrx_word' id='word_1_778' title='bbox 1567 5046 1652 5102; x_wconf 91' lang='lat' dir='ltr'><strong>eis</strong></span> <span class='ocrx_word' id='word_1_779' title='bbox 1673 5044 2010 5130; x_wconf 86' lang='lat' dir='ltr'><strong>ademerint;</strong></span> <span class='ocrx_word' id='word_1_780' title='bbox 2046 5046 2106 5102; x_wconf 89' lang='lat' dir='ltr'><strong>bi</strong></span> <span class='ocrx_word' id='word_1_781' title='bbox 2137 5062 2271 5103; x_wconf 89' lang='lat' dir='ltr'><strong>vero</strong></span> <span class='ocrx_word' id='word_1_782' title='bbox 2294 5049 2453 5120; x_wconf 91' lang='lat' dir='ltr'><strong>queis</strong></span> <span class='ocrx_word' id='word_1_783' title='bbox 2483 5047 2630 5105; x_wconf 85' lang='lat' dir='ltr'><strong>domi</strong></span> <span class='ocrx_word' id='word_1_784' title='bbox 2661 5050 2965 5120; x_wconf 85' lang='lat' dir='ltr'><strong>repositum</strong></span> <span class='ocrx_word' id='word_1_785' title='bbox 3021 5057 3082 5103; x_wconf 92' lang='lat' dir='ltr'><strong>ut</strong></span> <span class='ocrx_word' id='word_1_786' title='bbox 3130 5046 3388 5120; x_wconf 63' lang='lat' dir='ltr'><strong>praesidio</strong></span> <span class='ocrx_word' id='word_1_787' title='bbox 3421 5047 3697 5117; x_wconf 81' lang='lat' dir='ltr'><strong>militique</strong></span> 
     </span>
    </p>
   </div>
   <div class='ocr_carea' id='block_1_107' title="bbox 417 5141 3697 5214">
    <p class='ocr_par' dir='ltr' id='par_1_107' title="bbox 417 5141 3697 5214">
     <span class='ocr_line' id='line_1_107' title="bbox 417 5141 3697 5214; baseline -0.002 -16"><span class='ocrx_word' id='word_1_788' title='bbox 417 5143 522 5199; x_wconf 77' lang='lat' dir='ltr'><strong>llos</strong></span> <span class='ocrx_word' id='word_1_789' title='bbox 545 5151 773 5214; x_wconf 88' lang='lat' dir='ltr'><strong>repente</strong></span> <span class='ocrx_word' id='word_1_790' title='bbox 801 5142 954 5198; x_wconf 78' lang='lat' dir='ltr'><strong>velut</strong></span> <span class='ocrx_word' id='word_1_791' title='bbox 987 5143 1234 5200; x_wconf 80' lang='lat' dir='ltr'><strong>immisso</strong></span> <span class='ocrx_word' id='word_1_792' title='bbox 1263 5143 1512 5205; x_wconf 79' lang='lat' dir='ltr'><strong>fulmine,</strong></span> <span class='ocrx_word' id='word_1_793' title='bbox 1541 5141 1611 5196; x_wconf 88' lang='lat' dir='ltr'><strong>ad</strong></span> <span class='ocrx_word' id='word_1_794' title='bbox 1637 5141 2099 5196; x_wconf 86' lang='lat' dir='ltr'><strong>emendicandum</strong></span> <span class='ocrx_word' id='word_1_795' title='bbox 2129 5158 2156 5196; x_wconf 90' lang='lat' dir='ltr'><strong>a</strong></span> <span class='ocrx_word' id='word_1_796' title='bbox 2182 5157 2241 5198; x_wconf 83' lang='lat' dir='ltr'><strong>se</strong></span> <span class='ocrx_word' id='word_1_797' title='bbox 2268 5142 2587 5199; x_wconf 83' lang='lat' dir='ltr'><strong>amandant.</strong></span> <span class='ocrx_word' id='word_1_798' title='bbox 2644 5143 2914 5212; x_wconf 69' lang='lat' dir='ltr'><strong>Quodque</strong></span> <span class='ocrx_word' id='word_1_799' title='bbox 2975 5143 3115 5197; x_wconf 85' lang='lat' dir='ltr'><strong>adeo</strong></span> <span class='ocrx_word' id='word_1_800' title='bbox 3178 5155 3400 5198; x_wconf 86' lang='lat' dir='ltr'><strong>omnem</strong></span> <span class='ocrx_word' id='word_1_801' title='bbox 3469 5142 3697 5197; x_wconf 73' lang='lat' dir='ltr'><strong>sceleris</strong></span> 
     </span>
    </p>
   </div>
   <div class='ocr_carea' id='block_1_108' title="bbox 421 5233 3701 5306">
    <p class='ocr_par' dir='ltr' id='par_1_108' title="bbox 421 5233 3701 5306">
     <span class='ocr_line' id='line_1_108' title="bbox 421 5233 3701 5306; baseline -0.002 -13"><span class='ocrx_word' id='word_1_802' title='bbox 421 5236 817 5293; x_wconf 64' lang='lat' dir='ltr'><strong>immanitatem</strong></span> <span class='ocrx_word' id='word_1_803' title='bbox 851 5237 1044 5302; x_wconf 85' lang='lat' dir='ltr'><strong>vincit,</strong></span> <span class='ocrx_word' id='word_1_804' title='bbox 1081 5252 1112 5291; x_wconf 85' lang='lat' dir='ltr'><strong>a</strong></span> <span class='ocrx_word' id='word_1_805' title='bbox 1158 5237 1276 5291; x_wconf 91' lang='lat' dir='ltr'><strong>suis</strong></span> <span class='ocrx_word' id='word_1_806' title='bbox 1308 5249 1530 5306; x_wconf 87' lang='lat' dir='ltr'><strong>quoque</strong></span> <span class='ocrx_word' id='word_1_807' title='bbox 1573 5234 1882 5304; x_wconf 81' lang='lat' dir='ltr'><strong>ejicicntes,</strong></span> <span class='ocrx_word' id='word_1_808' title='bbox 1913 5233 2136 5305; x_wconf 87' lang='lat' dir='ltr'><strong>indigne</strong></span> <span class='ocrx_word' id='word_1_809' title='bbox 2167 5236 2394 5303; x_wconf 77' lang='lat' dir='ltr'><strong>ierunt;</strong></span> <span class='ocrx_word' id='word_1_810' title='bbox 2466 5236 2514 5292; x_wconf 88' lang='lat' dir='ltr'><strong>si</strong></span> <span class='ocrx_word' id='word_1_811' title='bbox 2546 5235 2633 5293; x_wconf 82' lang='lat' dir='ltr'><strong>cui</strong></span> <span class='ocrx_word' id='word_1_812' title='bbox 2661 5236 2776 5290; x_wconf 84' lang='lat' dir='ltr'><strong>vita</strong></span> <span class='ocrx_word' id='word_1_813' title='bbox 2811 5234 3034 5290; x_wconf 88' lang='lat' dir='ltr'><strong>residua</strong></span> <span class='ocrx_word' id='word_1_814' title='bbox 3099 5236 3194 5299; x_wconf 85' lang='lat' dir='ltr'><strong>sit,</strong></span> <span class='ocrx_word' id='word_1_815' title='bbox 3272 5249 3397 5288; x_wconf 89' lang='lat' dir='ltr'><strong>cum</strong></span> <span class='ocrx_word' id='word_1_816' title='bbox 3469 5234 3701 5303; x_wconf 81' lang='lat' dir='ltr'><strong>reliquis</strong></span> 
     </span>
    </p>
   </div>
   <div class='ocr_carea' id='block_1_109' title="bbox 397 5327 1593 5387">
    <p class='ocr_par' dir='ltr' id='par_1_109' title="bbox 397 5327 1593 5387">
     <span class='ocr_line' id='line_1_109' title="bbox 397 5327 1593 5387; baseline -0.003 0"><span class='ocrx_word' id='word_1_817' title='bbox 397 5329 740 5387; x_wconf 63' lang='lat' dir='ltr'><strong>meminisse</strong></span> <span class='ocrx_word' id='word_1_818' title='bbox 766 5327 962 5385; x_wconf 79' lang='lat' dir='ltr'><strong>saltem</strong></span> <span class='ocrx_word' id='word_1_819' title='bbox 991 5328 1318 5384; x_wconf 84' lang='lat' dir='ltr'><strong>calamitatis</strong></span> <span class='ocrx_word' id='word_1_820' title='bbox 1348 5330 1593 5384; x_wconf 83' lang='lat' dir='ltr'><strong>licuerit.</strong></span> 
     </span>
    </p>
   </div>
   <div class='ocr_carea' id='block_1_110' title="bbox 465 5414 2004 5494">
    <p class='ocr_par' dir='ltr' id='par_1_110' title="bbox 465 5414 2004 5494">
     <span class='ocr_line' id='line_1_110' title="bbox 465 5414 2004 5494; baseline -0.012 -7"><span class='ocrx_word' id='word_1_821' title='bbox 465 5423 568 5486; x_wconf 55' lang='grc' dir='ltr'><strong>’τε</strong></span> <span class='ocrx_word' id='word_1_822' title='bbox 599 5421 670 5475; x_wconf 75' lang='grc' dir='ltr'><strong>Ὦ</strong></span> <span class='ocrx_word' id='word_1_823' title='bbox 713 5418 980 5494; x_wconf 71' lang='grc' dir='ltr'><strong>λογισμοῦ</strong></span> <span class='ocrx_word' id='word_1_824' title='bbox 1021 5420 1490 5493; x_wconf 77' lang='grc' dir='ltr'><strong>περιυϐρισμένου</strong></span> <span class='ocrx_word' id='word_1_825' title='bbox 1519 5421 1530 5471; x_wconf 77' lang='lat' dir='ltr'><strong>l</strong></span> <span class='ocrx_word' id='word_1_826' title='bbox 1563 5418 1630 5471; x_wconf 83' lang='grc' dir='ltr'><strong>Ὢ</strong></span> <span class='ocrx_word' id='word_1_827' title='bbox 1662 5414 1844 5473; x_wconf 82' lang='grc' dir='ltr'><strong>πάντα</strong></span> <span class='ocrx_word' id='word_1_828' title='bbox 1881 5415 2004 5473; x_wconf 78' lang='grc' dir='ltr'><strong>ἀλο-</strong></span> 
     </span>
    </p>
   </div>
   <div class='ocr_carea' id='block_1_111' title="bbox 419 5511 1999 5586">
    <p class='ocr_par' dir='ltr' id='par_1_111' title="bbox 419 5511 1999 5586">
     <span class='ocr_line' id='line_1_111' title="bbox 419 5511 1999 5586; baseline -0.003 -18"><span class='ocrx_word' id='word_1_829' title='bbox 419 5513 548 5586; x_wconf 81' lang='grc' dir='ltr'><strong>γίας</strong></span> <span class='ocrx_word' id='word_1_830' title='bbox 571 5512 814 5585; x_wconf 75' lang='grc' dir='ltr'><strong>ἀγούσης</strong></span> <span class='ocrx_word' id='word_1_831' title='bbox 837 5515 853 5566; x_wconf 87' lang='lat' dir='ltr'><strong>l</strong></span> <span class='ocrx_word' id='word_1_832' title='bbox 883 5513 948 5568; x_wconf 88' lang='grc' dir='ltr'><strong>οι</strong></span> <span class='ocrx_word' id='word_1_833' title='bbox 972 5511 1092 5584; x_wconf 68' lang='grc' dir='ltr'><strong>μιν,</strong></span> <span class='ocrx_word' id='word_1_834' title='bbox 1119 5513 1215 5566; x_wconf 74' lang='grc' dir='ltr'><strong>ἐπὶ</strong></span> <span class='ocrx_word' id='word_1_835' title='bbox 1239 5514 1364 5574; x_wconf 83' lang='grc' dir='ltr'><strong>τοὺς</strong></span> <span class='ocrx_word' id='word_1_836' title='bbox 1397 5513 1506 5566; x_wconf 80' lang='grc' dir='ltr'><strong>τῶν</strong></span> <span class='ocrx_word' id='word_1_837' title='bbox 1534 5511 1761 5566; x_wconf 84' lang='grc' dir='ltr'><strong>δικαίων</strong></span> <span class='ocrx_word' id='word_1_838' title='bbox 1787 5513 1999 5576; x_wconf 77' lang='grc' dir='ltr'><strong>πόνους,</strong></span> 
     </span>
    </p>
   </div>
   <div class='ocr_carea' id='block_1_112' title="bbox 420 5598 2005 5677">
    <p class='ocr_par' dir='ltr' id='par_1_112' title="bbox 420 5598 2005 5677">
     <span class='ocr_line' id='line_1_112' title="bbox 420 5598 2005 5677; baseline -0.003 -17"><span class='ocrx_word' id='word_1_839' title='bbox 420 5607 518 5662; x_wconf 76' lang='grc' dir='ltr'><strong>καὶ</strong></span> <span class='ocrx_word' id='word_1_840' title='bbox 542 5605 640 5665; x_wconf 77' lang='grc' dir='ltr'><strong>τοῦ</strong></span> <span class='ocrx_word' id='word_1_841' title='bbox 687 5606 857 5677; x_wconf 76' lang='grc' dir='ltr'><strong>πυρὸς</strong></span> <span class='ocrx_word' id='word_1_842' title='bbox 887 5604 1144 5675; x_wconf 74' lang='grc' dir='ltr'><strong>ὀξύτερον</strong></span> <span class='ocrx_word' id='word_1_843' title='bbox 1173 5605 1473 5660; x_wconf 67' lang='grc' dir='ltr'><strong>ἐκινούντω</strong></span> <span class='ocrx_word' id='word_1_844' title='bbox 1504 5603 1730 5675; x_wconf 72' lang='grc' dir='ltr'><strong>θαρρεῖν</strong></span> <span class='ocrx_word' id='word_1_845' title='bbox 1757 5604 1816 5656; x_wconf 77' lang='grc' dir='ltr'><strong>δε</strong></span> <span class='ocrx_word' id='word_1_846' title='bbox 1857 5598 2005 5674; x_wconf 76' lang='grc' dir='ltr'><strong>εἶχεν</strong></span> 
     </span>
    </p>
   </div>
   <div class='ocr_carea' id='block_1_113' title="bbox 417 5694 2006 5771">
    <p class='ocr_par' dir='ltr' id='par_1_113' title="bbox 417 5694 2006 5771">
     <span class='ocr_line' id='line_1_113' title="bbox 417 5694 2006 5771; baseline -0.002 -17"><span class='ocrx_word' id='word_1_847' title='bbox 417 5698 620 5768; x_wconf 70' lang='grc' dir='ltr'><strong>οθδεὶς,</strong></span> <span class='ocrx_word' id='word_1_848' title='bbox 639 5699 704 5757; x_wconf 80' lang='grc' dir='ltr'><strong>ού</strong></span> <span class='ocrx_word' id='word_1_849' title='bbox 726 5699 872 5769; x_wconf 80' lang='grc' dir='ltr'><strong>γίνει</strong></span> <span class='ocrx_word' id='word_1_850' title='bbox 893 5698 1290 5771; x_wconf 81' lang='grc' dir='ltr'><strong>κοσμούμενος,</strong></span> <span class='ocrx_word' id='word_1_851' title='bbox 1306 5698 1370 5754; x_wconf 79' lang='grc' dir='ltr'><strong>οὐ</strong></span> <span class='ocrx_word' id='word_1_852' title='bbox 1397 5695 1609 5767; x_wconf 83' lang='grc' dir='ltr'><strong>μεγάλα</strong></span> <span class='ocrx_word' id='word_1_853' title='bbox 1630 5694 1695 5768; x_wconf 76' lang='grc' dir='ltr'><strong>δὴ</strong></span> <span class='ocrx_word' id='word_1_854' title='bbox 1716 5697 1810 5751; x_wconf 70' lang='grc' dir='ltr'><strong>καὶ</strong></span> <span class='ocrx_word' id='word_1_855' title='bbox 1834 5695 2006 5751; x_wconf 76' lang='grc' dir='ltr'><strong>πολλὰ</strong></span> 
     </span>
    </p>
   </div>
   <div class='ocr_carea' id='block_1_114' title="bbox 2177 5411 3694 5492">
    <p class='ocr_par' dir='ltr' id='par_1_114' title="bbox 2177 5411 3694 5492">
     <span class='ocr_line' id='line_1_114' title="bbox 2177 5411 3694 5492; baseline -0.005 -19"><span class='ocrx_word' id='word_1_856' title='bbox 2177 5417 2374 5492; x_wconf 74' lang='grc' dir='ltr'><strong>θοοὸ</strong></span> <span class='ocrx_word' id='word_1_857' title='bbox 2387 5414 2440 5472; x_wconf 83' lang='lat'><strong>6.</strong></span> <span class='ocrx_word' id='word_1_858' title='bbox 2460 5415 2508 5471; x_wconf 87' lang='grc'>0</span> <span class='ocrx_word' id='word_1_859' title='bbox 2527 5415 2694 5471; x_wconf 86' lang='lat' dir='ltr'><strong>animi</strong></span> <span class='ocrx_word' id='word_1_860' title='bbox 2714 5413 3210 5471; x_wconf 82' lang='lat' dir='ltr'><strong>rationcsludibrio</strong></span> <span class='ocrx_word' id='word_1_861' title='bbox 3220 5412 3458 5469; x_wconf 75' lang='lat' dir='ltr'><strong>habitas!</strong></span> <span class='ocrx_word' id='word_1_862' title='bbox 3481 5411 3525 5470; x_wconf 89' lang='grc' dir='ltr'>Ο</span> <span class='ocrx_word' id='word_1_863' title='bbox 3541 5428 3694 5470; x_wconf 85' lang='lat' dir='ltr'><strong>men-</strong></span> 
     </span>
    </p>
   </div>
   <div class='ocr_carea' id='block_1_115' title="bbox 2109 5505 3652 5579">
    <p class='ocr_par' dir='ltr' id='par_1_115' title="bbox 2109 5505 3652 5579">
     <span class='ocr_line' id='line_1_115' title="bbox 2109 5505 3652 5579; baseline -0.003 -15"><span class='ocrx_word' id='word_1_864' title='bbox 2109 5509 2180 5565; x_wconf 87' lang='lat' dir='ltr'><strong>tis</strong></span> <span class='ocrx_word' id='word_1_865' title='bbox 2199 5507 2676 5564; x_wconf 86' lang='lat' dir='ltr'><strong>insaniam&#39;cuncta</strong></span> <span class='ocrx_word' id='word_1_866' title='bbox 2696 5515 2969 5579; x_wconf 83' lang='lat' dir='ltr'><strong>agentem,</strong></span> <span class='ocrx_word' id='word_1_867' title='bbox 2993 5508 3332 5574; x_wconf 84' lang='lat' dir='ltr'><strong>rationisque</strong></span> <span class='ocrx_word' id='word_1_868' title='bbox 3350 5505 3652 5561; x_wconf 85' lang='lat' dir='ltr'><strong>absentiam</strong></span> 
     </span>
    </p>
   </div>
   <div class='ocr_carea' id='block_1_116' title="bbox 2107 5598 3690 5672">
    <p class='ocr_par' dir='ltr' id='par_1_116' title="bbox 2107 5598 3690 5672">
     <span class='ocr_line' id='line_1_116' title="bbox 2107 5598 3690 5672; baseline -0.004 -17"><span class='ocrx_word' id='word_1_869' title='bbox 2107 5601 2214 5665; x_wconf 82' lang='lat' dir='ltr'><strong>illi,</strong></span> <span class='ocrx_word' id='word_1_870' title='bbox 2243 5601 2299 5655; x_wconf 87' lang='lat' dir='ltr'><strong>in</strong></span> <span class='ocrx_word' id='word_1_871' title='bbox 2324 5600 2597 5672; x_wconf 63' lang='lat' dir='ltr'><strong>iustorum</strong></span> <span class='ocrx_word' id='word_1_872' title='bbox 2635 5599 2872 5661; x_wconf 83' lang='lat' dir='ltr'><strong>labores,</strong></span> <span class='ocrx_word' id='word_1_873' title='bbox 2905 5600 3026 5668; x_wconf 88' lang='lat' dir='ltr'><strong>ipso</strong></span> <span class='ocrx_word' id='word_1_874' title='bbox 3051 5601 3172 5670; x_wconf 78' lang='lat' dir='ltr'><strong>igne</strong></span> <span class='ocrx_word' id='word_1_875' title='bbox 3199 5599 3433 5654; x_wconf 81' lang='lat' dir='ltr'><strong>celerius</strong></span> <span class='ocrx_word' id='word_1_876' title='bbox 3468 5598 3690 5652; x_wconf 64' lang='lat' dir='ltr'><strong>invade-</strong></span> 
     </span>
    </p>
   </div>
   <div class='ocr_carea' id='block_1_117' title="bbox 2111 5690 3688 5763">
    <p class='ocr_par' dir='ltr' id='par_1_117' title="bbox 2111 5690 3688 5763">
     <span class='ocr_line' id='line_1_117' title="bbox 2111 5690 3688 5763; baseline -0.003 -14"><span class='ocrx_word' id='word_1_877' title='bbox 2111 5695 2264 5750; x_wconf 81' lang='lat' dir='ltr'><strong>bant.</strong></span> <span class='ocrx_word' id='word_1_878' title='bbox 2316 5692 2489 5749; x_wconf 71' lang='lat' dir='ltr'><strong>Nemo</strong></span> <span class='ocrx_word' id='word_1_879' title='bbox 2527 5708 2700 5763; x_wconf 85' lang='lat' dir='ltr'><strong>usque</strong></span> <span class='ocrx_word' id='word_1_880' title='bbox 2742 5690 3022 5748; x_wconf 83' lang='lat' dir='ltr'><strong>conlidere</strong></span> <span class='ocrx_word' id='word_1_881' title='bbox 3055 5703 3304 5762; x_wconf 61' lang='lat' dir='ltr'><strong>poterat,</strong></span> <span class='ocrx_word' id='word_1_882' title='bbox 3357 5707 3464 5746; x_wconf 92' lang='lat' dir='ltr'><strong>non</strong></span> <span class='ocrx_word' id='word_1_883' title='bbox 3523 5707 3688 5757; x_wconf 73' lang='lat' dir='ltr'><strong>quem</strong></span> 
     </span>
    </p>
   </div>
  </div>
