4140 6042
480 211 582 278 647

1725 214 2105 277 DEMETRII
2139 216 2448 277 CYDONII

3636 218 3739 286 648

482 321 705 393 generis
735 321 921 378 infulae
971 328 1252 386 ornarent,
1302 335 1413 375 non
1450 319 1544 391 qui
1570 336 1762 391 magna
1794 336 1857 376 ac
1886 323 2053 388 clara,

2166 323 2627 396 λελειτουργηκώς
2681 329 2742 381 οὐ
2771 331 2936 383 πᾶσιν
2968 330 3165 393 ἑαυτὸν
3196 332 3539 404 εὐάρμοστον
3562 353 3743 409 παρα-

476 432 578 471 nec
607 429 779 485 pauca
838 429 1068 472 munera
1115 413 1401 477 edidisset,
1434 429 1543 468 non
1572 413 1668 482 qui
1702 429 1760 474 se
1802 414 2065 479 omnibus

476 508 837 565 concinnum.
876 506 1214 581 placidisque
1256 505 1506 563 moribus
1552 505 1933 571 exhibuisset;
1966 506 2061 569 sed

478 601 628 654 velut
665 600 927 663 omnibus
947 600 1152 659 indicta
1183 608 1379 661 morte,
1423 599 1503 653 sic
1530 598 1863 662 irruentium
1895 590 2098 653 furia-'

476 705 598 744 rum
631 690 847 743 illarum
885 690 1085 743 obtutu
1117 690 1449 744 tremebant.
1483 688 1716 755 Quidam
1748 705 1852 745 nec
1885 692 2063 746 solum

475 796 758 853 aspectum
783 782 1070 849 ferebant;
1100 781 1350 837 nonnulli
1384 783 1490 837 sub
1513 784 1819 837 vicinorum
1843 779 2066 837 lectulis

476 877 582 933 sibi
609 875 851 929 latebras
877 874 1237 943 quaerebant;
1284 884 1482 944 puteos
1511 876 1605 932 alii
1633 875 1927 939 subibant;
1972 874 2065 929 alii

480 966 847 1037 apprehensis
892 965 1027 1025 aris.
1085 980 1190 1019 nec
1239 966 1343 1019 loci
1404 966 1667 1037 religione
1700 981 1729 1020 a
1761 982 1821 1021 se
1855 976 2065 1022 metum

477 1055 849 1127 depellebaut.
883 1055 996 1108 Nec
1015 1054 1217 1109 desunt
1246 1054 1342 1122 qui
1372 1055 1595 1126 indigne
1621 1054 1883 1119 ferentes,
1916 1055 2064 1126 quOd

476 1160 588 1199 non
615 1145 828 1213 pridem
859 1144 970 1198 vita
994 1142 1171 1198 functi
1188 1154 1396 1210 essent,
1421 1144 1659 1215 diruptis
1681 1146 1877 1200 loculis
1899 1156 2065 1216 atque

479 1237 730 1300 tumulis,
750 1251 817 1291 ac
845 1236 1111 1291 cadavera
1135 1236 1438 1290 subeuntes
1458 1235 1640 1290 adhuc
1660 1236 1790 1293 tabo
1812 1236 2064 1304 ﬂuentia,

477 1346 583 1390 nec
610 1330 656 1385 si
691 1331 816 1401 quis
872 1330 1105 1399 propius
1132 1330 1424 1385 accederet
1457 1330 1545 1384 vel
1568 1329 1825 1400 spiritum
1859 1329 2065 1386 ducere

478 1423 754 1487 sinentia,
808 1436 914 1476 nec
966 1422 1049 1478 sic
1082 1423 1308 1493 quidem
1346 1424 1729 1494 sepulcrorum
1770 1423 2065 1480 en‘ossores

479 1514 606 1569 illos
630 1515 807 1569 vitare
844 1513 1148 1585 potuerint.
1194 1513 1299 1569 Per
1325 1514 1521 1570 domos
1554 1514 1764 1570 clamor
1798 1514 2067 1570 audieba-

479 1617 595 1667 tur,
638 1622 704 1660 ac
731 1606 827 1676 qui
877 1605 999 1659 beri
1050 1606 1320 1661 conducta
1377 1606 1543 1662 obolo
1589 1621 1756 1677 opera
1794 1606 2063 1673 fodiebat,

2167 419 2449 487 σχόμενος.
2485 421 2628 472 Ἀλλ’
2664 420 2856 492 ὥσπερ
2889 422 3125 477 θανάτου
3168 426 3312 480 κατὰ
3348 429 3565 492 πάντων
3612 447 3736 499 προ⁸

2166 510 2486 578 ειρημένου,
2512 510 2656 566 οὕτω
2686 512 2916 583 ἔτρεμον
2947 515 3048 579 τάς
3085 517 3330 588 Ἐριννῦς
3374 519 3588 582 ὲκείνας
3628 522 3748 573 ἐπι-

2164 601 2324 656 όντας
2378 599 2635 670 ὁρῶντες.
2691 605 2753 655 Οί
2812 604 2911 672 μὲν
2973 607 3067 659 καὶ
3117 607 3286 677 μόνην
3320 608 3417 678 τὴν
3478 610 3603 676 ὖψιν
3648 612 3748 665 οὐκ

2165 691 2517 759 ἐνεγκόντεςο
2550 694 2600 746 οἱ
2647 694 2705 747 δὲ
2748 698 2889 761 σφᾶς
2938 697 3136 759 αὐτοὺς
3198 699 3304 753 ὑπὸ
3344 700 3443 762 τὰς
3484 701 3591 754 τῶν
3635 716 3747 765 γειι

2165 784 2337 840 τόνων
2380 780 2652 853 ἔκρυπτον
2703 784 2914 846 κλίνας.
2951 788 3013 840 Οί
3045 788 3091 839 δ’
3134 788 3381 859 ύπῄεσαν
3424 793 3669 861 φρέατα·
3700 792 3749 844 οί

2165 872 2243 940 δὲ,
2306 874 2416 928 τῶν
2486 874 2686 946 βωμῶν
2760 878 3033 948 ἐχόμενοι,
3082 879 3205 933 οὐδὲ
3254 882 3346 934 τὸν
3398 882 3561 936 τόπον
3599 883 3751 952 εὕρι-

2168 980 2298 1018 σκον
2353 967 2691 1036 άφαιροῦντά
2722 988 2777 1023 τι
2809 970 2905 1023 τοῦ
2948 970 3123 1036 δέους.
3176 973 3300 1026 Είσὶ
3331 973 3378 1027 δ’
3452 977 3503 1028 οἱ
3555 975 3752 1045 δυσχε-

2166 1056 2447 1126 ραίνοντες
2477 1056 2556 1126 τῷ
2590 1058 2668 1129 μὴ
2702 1058 2877 1113 πάλαι
2905 1060 3182 1125 τεθνάναι,
3233 1063 3333 1127 τὰς
3369 1063 3540 1133 θήκας
3580 1066 3749 1138 ἀναῤ-

2168 1147 2490 1217 ῥηγνύντις.
2518 1153 2614 1203 καὶ
2660 1150 2790 1213 τοὺς
2831 1153 3062 1222 νεκροὺς
3115 1153 3393 1221 ὑπιόντες,
3446 1155 3526 1208 ἔτι
3572 1171 3745 1225 σηπο-

2167 1238 2385 1311 μένους,
2449 1240 2547 1296 καὶ
2598 1241 2721 1312 μηδ’
2773 1242 2829 1295 el.’
2883 1261 2964 1306 τις
3019 1247 3435 1316 προσεγγίσειεν
3486 1250 3747 1303 ἀναπνεῖν

2166 1328 2605 1403 συγχωροῦντας,
2620 1333 2728 1389 οὐδ’
2751 1335 2917 1389 αὑτοῦ
2934 1338 3062 1399 τοὺς
3085 1339 3481 1410 τυμδωρύχους
3504 1341 3748 1405 ἐκείνους

2166 1415 2272 1475 οἷοί
2302 1440 2363 1477 τε
2412 1424 2665 1494 ἐγένοντο
2703 1426 3014 1497 διαδρᾶναι.
3046 1430 3154 1500 Βοὴ
3189 1430 3235 1483 δ’
3265 1432 3358 1486 ἐπὶ
3406 1435 3505 1497 τὰς
3546 1434 3746 1500 οἰκίας,

2165 1515 2262 1568 καὶ
2293 1516 2323 1568 ὁ
2352 1516 2612 1573 σκάπτων
2646 1518 2777 1589 χθὲς
2816 1520 3029 1588 ὀδολοῦ,
3069 1524 3310 1594 σήμερον
3342 1528 3748 1585 κατασκάπτων

2164 1604 2263 1677 τὴν
2316 1607 2478 1663 πόλιν
2521 1610 2806 1666 ἑπλούτειο
2864 1616 2958 1668 καὶ
3002 1616 3296 1682 πολυτελὲς
3335 1617 3397 1671 τὸ
3439 1620 3678 1687 δεῖπνον,
3702 1613 3750 1687 ᾧ

479 1698 647 1753 hodie
683 1668 1034 1753 subodiendo
1088 1697 1371 1752 civitatem
1413 1668 1648 1768 eamque
1676 1714 1881 1755 eruens
1908 1699 2065 1756 dives

2168 1668 2434 1769 θεραπεία
2474 1700 2569 1755 τοῦ
2615 1701 2805 1773 δίψους
2870 1706 2926 1759 αἱ

477 1798 620 1843 erat.
679 1789 961 1857 Cinnaque
1007 1788 1087 1842 illi
1148 1789 1399 1858 opipara,
1452 1789 1543 1843 cui
1608 1790 1758 1845 sitim
1808 1788 2068 1848 levabant

477 1879 659 1935 fontes
681 1895 747 1935 ac
776 1879 997 1949 frigida.
1050 1879 1255 1948 Fragor
1281 1894 1448 1949 porro
1471 1895 1534 1935 ac
1557 1882 1760 1951 pulvis,
1796 1897 2067 1938 corruen-

482 1974 619 2027 tium
668 1972 860 2042 procul
896 1986 1181 2025 murorum
1211 1972 1421 2027 indicio
1442 1982 1621 2037 erant,
1660 1975 1961 2045 morisque
2002 1986 2069 2031 ac

482 2062 785 2116 liberorum
810 2060 914 2114 sub
946 2060 1014 2114 iis
1036 2060 1213 2115 ruinis
1245 2060 1597 2117 obrutorum.
1652 2062 1726 2119 lis
1744 2075 1932 2120 autem
1969 2064 2066 2136 qui

479 2152 807 2221 superstites
856 2158 1081 2215 essent,
1136 2151 1506 2206 mrumnosius
1538 2162 1660 2209 erat
1694 2155 1842 2225 quod
1873 2170 2062 2212 evase-

478 2252 623 2305 rant,
653 2256 794 2309 quos
829 2256 940 2295 non
979 2240 1179 2297 lateret
1200 2242 1436 2297 salutem
1460 2242 1608 2299 haud
1638 2245 1745 2301 sibi
1774 2247 1892 2302 lore
1916 2248 2061 2318 peri-

479 2336 607 2391 culo
641 2342 813 2389 tutam
839 2351 852 2386 :
886 2334 954 2388 ad
980 2334 1116 2389 alias
1145 2336 1293 2390 enim
1322 2336 1670 2393 ducebantur
1698 2340 2002 2410 angustias,
2029 2350 2062 2396 a

477 2428 681 2499 quibus
711 2425 886 2481 Croesi
915 2426 1163 2481 thesauri
1186 2427 1563 2498 exigerentur.
1599 2429 1713 2486 Nec
1736 2430 1937 2499 defuit,
1967 2430 2065 2487 ubi

475 2530 532 2577 et
563 2520 767 2589 puella,
799 2533 920 2587 qua:
955 2519 1009 2572 in
1041 2533 1206 2575 omne
1237 2529 1459 2591 tempus
1501 2522 1748 2580 virorum
1783 2523 2065 2595 inaspecta

475 2612 654 2667 oculis
678 2611 928 2665 instituta
956 2619 1125 2677 esset,
1164 2610 1221 2665 in
1254 2612 1389 2683 ipsis
1417 2614 1747 2669 verberibus
1779 2615 2077 2673 denudata-

478 2704 763 2759 occiderit.
812 2701 856 2757 Ο
912 2702 1210 2769 insaniam,
1269 2721 1392 2774 quae
1429 2721 1534 2762 nec
1563 2707 1817 2763 homines
1856 2709 2067 2779 liquido

2169 1792 2473 1863 κονιορτὸς,
2494 1795 2911 1851 καταπίπτοντα
2942 1799 3228 1872 πόρρωθεν
3255 1802 3449 1874 ἐδήλου
3474 1802 3543 1856 τά
3566 1782 3746 1874 τείχη,

2169 1885 2266 1939 καὶ
2311 1888 2572 1955 γυναικὸς
2622 1892 2720 1945 καὶ
2757 1891 2967 1947 παίδων
3004 1892 3169 1949 αὐτοῦ
3221 1898 3746 1969 καταχωννυμένων.

2169 1978 2295 2042 Τοῖς
2322 1978 2382 2033 δὲ
2427 1984 2867 2053 περιγινομένοις
2905 1986 3285 2059 ἀλγεινότερον
3334 1991 3398 2043 τὺ
3441 1985 3746 2063 διαφὶιγεῐν,

2169 2071 2368 2127 εἰδόσιν
2395 2075 2498 2128 οὐκ
2519 2075 2805 2131 ἀκίνδυνον
2824 2078 3007 2144 αὐτοῖς
3037 2081 3304 2153 ἐσομένην
3329 2082 3427 2155 τὴν
3450 2086 3744 2156 σωτηρίαν·

2170 2165 2371 2235 ἧγοντο
2406 2166 2514 2238 γάρ
2546 2168 2685 2239 πρὸς
2737 2170 2994 2242 δευτέρας
3028 2172 3295 2242 ἀνάγκας,
3331 2178 3461 2240 τοὺς
3511 2178 3748 2248 Κροίσου

2171 2255 2486 2327 θησαυροὺς
2525 2259 2942 2332 ἀπαιτούμενοι.
2985 2265 3095 2319 Καί
3133 2282 3239 2319 που
3285 2267 3383 2320 καὶ
3429 2268 3600 2339 κόρη,
3654 2270 3748 2323 τὸν

2170 2348 2391 2402 ᾶπαντα
2437 2349 2501 2420 δὴ
2534 2352 2726 2421 χρόνον
2762 2353 3076 2425 ὀφθαλμοὺς
3116 2357 3327 2428 ἀνδρῶν
3371 2359 3654 2431 διαδρᾶσα,
3689 2363 3748 2413 ὲν

2168 2441 2364 2504 αὑταῖς
2423 2444 2545 2506 ταῖς
2599 2444 2853 2513 μάστιξιν
2909 2447 3231 2519 ἐτελεύτησε
3275 2451 3651 2519 γυμνωθεῖσα.
3683 2453 3751 2508 Ὦ

2174 2533 2395 2601 μανίας,
2430 2533 2555 2607 μηδ’
2576 2535 2903 2607 ἀνθρώπους
2933 2540 3193 2611 καθαρῶς
3219 2545 3614 2616 συγχωρούσης
3644 2563 3745 2599 κα-

2170 2622 2381 2680 λεῖσθαι
2409 2628 2537 2691 τοὺς
2576 2628 2752 2683 ταῦτα
2780 2633 3225 2704 τετολμηκόταςί
3257 2636 3323 2689 Ὦ
3349 2636 3438 2691 οῐα
3474 2639 3571 2708 μὲν
3592 2639 3749 2710 ἑδρα-

2174 2732 2298 2782 σαν,
2328 2713 2417 2772 οἶα
2444 2719 2502 2773 δὲ
2532 2720 2833 2793 ὲπέθηκανῐ

480 2797 705 2853 vocitari
743 2796 909 2862 sinat,
939 2796 1142 2866 quibus
1164 2800 1306 2854 tanti
1327 2799 1445 2856 haec
1472 2801 1702 2858 sceleris
1726 2814 2059 2874 praesumpta
2096 2806 2245 2864 sint!
2309 2810 2355 2868 0
2388 2813 2574 2883 qualia
2604 2816 2714 2873 illis
2751 2816 3035 2889 designata
3063 2819 3332 2884 facinora.
3394 2823 3599 2893 quibus
3657 2841 3749 2881 su-

480 2903 669 2963 perata
697 2893 970 2947 cumulis!

550 2989 604 3041 7.
647 2988 869 3043 Illorum
906 2991 1092 3059 itaque
1122 2999 1241 3045 erat
1284 2992 1637 3061 superiorum
1675 2995 1944 3050 malorum
1966 3012 2065 3053 cu-

2240 2999 2307 3068 C’.
2350 2999 2610 3057 Ἐκείνων
2634 3003 2722 3075 ἄρ’
2760 3000 2850 3074 ἦν,
2884 3006 3000 3071 τοῖς
3030 3006 3271 3078 φθάσασι
3296 3013 3489 3075 κακοῖς
3519 3010 3747 3066 τοιαῦτα

481 3078 653 3140 mulo,
689 3085 853 3132 tantas
880 3093 968 3132 res
1005 3079 1306 3148 impietatis
1351 3079 1695 3145 adinvenire,
1723 3085 2060 3155 secutisque,

478 3182 671 3222 eorum
716 3182 837 3237 quae
887 3168 1005 3221 dira
1050 3170 1397 3239 praeivissent
1447 3172 1844 3228 immanitatem
1911 3175 2067 3230 obte-

477 3276 631 3332 gere.
693 3261 865 3327 Quam
916 3263 1042 3331 quis
1092 3279 1123 3317 a
1175 3263 1312 3318 viris
1354 3266 1744 3333 praestantibus
1800 3270 2063 3337 majorem
2122 3259 2136 3276 ⁹

481 3353 836 3424 quuisiisset
885 3370 1127 3424 poenam,
1180 3372 1342 3427 quam
1376 3369 1436 3413 ut
1472 3373 1692 3416 carcere
1719 3368 2061 3429 tenerentur,

482 3444 766 3516 virgisque
799 3446 1320 3513 dehonestarentur,
1348 3464 1412 3505 ac
1446 3450 1641 3518 vincti,
1684 3452 2064 3509 maleﬁcorum

483 3551 639 3592 more
692 3537 984 3592 sederent?
1033 3537 1168 3605 Quis
1221 3540 1425 3596 talibus
1466 3544 1806 3615 mancipatus
1846 3546 2060 3613 videns,

484 3645 596 3684 non
634 3628 845 3685 fractus
873 3631 1059 3687 animo
1087 3647 1155 3688 ac
1187 3634 1492 3702 emollitus,
1528 3635 1871 3710 fortunaque
1895 3641 2061 3696 vicis-

490 3720 767 3775 situdines
805 3723 1111 3791 reveritus,
1165 3724 1253 3779 his
1303 3710 1480 3801 ptume
1524 3727 1688 3785 linem
1748 3732 2065 3787 statuisset?

482 3809 640 3866 Haud
694 3811 981 3868 enimvero
1040 3814 1259 3884 impura
1317 3819 1822 3892 scelestissimaque
1882 3823 2064 3891 capita

484 3902 601 3956 hate
639 3903 771 3957 satis
796 3904 1077 3972 habuere,
1116 3909 1209 3962 sed
1254 3909 1361 3964 nisi
1402 3910 1629 3967 immani
1675 3912 1911 3983 quadam
1949 3923 2062 3970 tra-

485 3993 667 4063 goedia
699 3994 921 4066 flagitiis
972 3998 1181 4065 addita,
1214 4000 1354 4062 nihil
1382 4001 1489 4057 sibi
1516 4003 1652 4058 satis
1703 4021 1824 4060 esse
1890 4005 2061 4062 duce-

485 4086 639 4155 bant.
663 4086 873 4157 Nempe
915 4088 1097 4145 nudos
1134 4090 1187 4144 in
1214 4091 1450 4148 indusiis
1502 4096 1835 4161 educebant,
1868 4114 1932 4154 ac
1962 4100 2059 4170 qui

484 4174 686 4244 saepius
723 4192 823 4246 pro
853 4178 1075 4233 illorum
1102 4194 1168 4235 ac
1202 4182 1444 4239 civitatis
1475 4185 1734 4243 libertate
1783 4190 2062 4259 perfuncti

484 4272 790 4323 certamine
816 4281 991 4335 erant,
1015 4270 1240 4335 funibus
1265 4291 1297 4330 a
1323 4277 1637 4334 cervicibus
1658 4281 2061 4351 mancipiorum

2168 3094 2560 3164 προσεξευρεῖν
2601 3096 3029 3167 δυσσεόήματα”
3061 3102 3158 3153 καὶ
3195 3103 3311 3165 τοῖς
3357 3103 3606 3172 ὑστέροις
3650 3106 3747 3168 τὰς

2164 3184 2275 3238 τῶν
2306 3184 2588 3256 προτέρων
2636 3186 2827 3241 δεινῶν
2879 3189 3186 3260 ὑπερϐολὰς
3237 3193 3573 3263 ἀποκρύψαι.
3612 3195 3746 3248 Τίνα

2164 3274 2337 3339 άντις
2374 3276 2496 3329 κατ’
2519 3275 2731 3347 ἀνδρῶν
2777 3278 2921 3332 οὔτω
2972 3281 3225 3351 μεγάλων
3272 3283 3445 3353 μείζω
3476 3286 3748 3356 τιμωρίαν

2165 3360 2454 3436 ἐζήτησεν,
2483 3367 2714 3438 εἱρκτῆς
2748 3370 2847 3423 καὶ
2880 3369 3129 3441 πληγῶν,
3158 3372 3256 3426 καὶ
3301 3373 3396 3428 τοῦ
3425 3376 3747 3446 δεδεμένους

2166 3456 2356 3531 ὥσπερ
2376 3458 2503 3524 τοὺς
2533 3460 2893 3533 κακούργους,
2928 3463 3199 3535 καθῆσθαι
3225 3482 3240 3531 ;
3272 3466 3369 3530 Τίς
3391 3467 3617 3520 τοιαῦτα
3651 3485 3747 3521 πε-

2166 3550 2437 3615 πονθότας
2466 3552 2711 3615 ὲκείνους
2749 3553 2917 3624 ὁρῶν,
2949 3556 3050 3611 οὐκ
3078 3557 3145 3612 ἀν
3189 3556 3291 3629 τὴν
3337 3558 3517 3629 ψυχὴν
3542 3559 3747 3630 ἐδαμάο

2168 3639 2293 3714 σθη,
2321 3643 2418 3695 καὶ
2448 3641 2713 3715 λογισμὸν
2746 3643 2896 3716 ἔσχε,
2931 3649 3029 3701 καὶ
3058 3648 3160 3713 τὰς
3186 3652 3399 3721 τροπὰς
3438 3653 3540 3722 τῆς
3575 3653 3748 3724 τύχης

2165 3732 2511 3801 εὐλαϐηθεὶς,
2536 3732 2621 3806 [Ρ.
2646 3734 2776 3810 390]
2808 3737 3019 3801 τούτοις
3044 3742 3143 3809 τὴν
3176 3745 3447 3814 τιμωρίαν
3473 3746 3743 3815 ὼρίσατος

2176 3823 2317 3878 Ἀλλ’
2346 3825 2409 3878 οὐ
2439 3826 2532 3884 καὶ
2554 3828 2665 3889 τοῖς
2691 3831 2909 3899 μιαροῖς
2933 3830 3164 3897 ἐκείνοις
3192 3835 3364 3890 ταῦτα
3393 3838 3707 3909 ἀπέχρησεν
3729 3856 3741 3869 ·

2163 3917 2279 3970 ἀλλ’
2302 3918 2351 3970 εί
2383 3918 2460 3988 μή
2490 3935 2615 3987 τινα
2638 3924 2764 3986 ταῖς
2791 3924 3083 3994 πονηρίαις
3120 3927 3409 3999 προσθεῖεν
3440 3933 3745 4003 τραγῳδίαν

2162 4008 2556 4080 ἀπάνθρωπον,
2595 4012 2750 4069 οὐδὲν
2796 4016 3044 4087 ὶνόμιζον
3073 4018 3346 4089 ἐξαρκεῖν.
3384 4022 3609 4093 Ἐξῆγον
3647 4027 3744 4095 μιν

2164 4100 2228 4171 δὴ
2266 4104 2508 4171 γυμνοὺς
2538 4104 2597 4157 ὲν
2638 4108 2754 4170 τοίς
2792 4109 3158 4179 χιτωνίσκοις,
3194 4113 3288 4166 καὶ
3319 4115 3449 4181 τοὺς
3478 4117 3617 4185 ὑπὲρ
3647 4118 3743 4184 τῆς

2165 4193 2481 4266 ἐλευθερίας
2509 4197 2693 4257 αὐτῶν
2722 4217 2782 4252 τε
2804 4201 2898 4257 καὶ
2928 4202 3028 4270 τῆς
3066 4204 3276 4268 πόλεως
3302 4208 3563 4271 πολλάκις
3600 4213 3743 4278 ἠγω-

2163 4287 2475 4355 νισμένους,
2502 4285 2686 4345 εἷλκον
2709 4290 2819 4348 ἀπὸ
2849 4292 2958 4347 τῶν
2992 4295 3259 4366 αὐχένων,
3313 4295 3402 4355 οἷα
3421 4306 3488 4354 τά
3510 4303 3618 4355 τῶν
3650 4308 3743 4358 ἀν·-

486 4374 638 4414 more
671 4360 981 4416 trahebant.
1013 4362 1117 4417 llic
1146 4382 1338 4423 servus
1361 4369 1558 4426 herum
1584 4372 1839 4429 trudebat
1864 4390 1879 4440 ;
1908 4390 2060 4430 man—

2166 4376 2463 4450 δραπόδων,
2496 4382 2773 4453 σχοινίοις.
2820 4360 3097 4441 Ἐνταῦθα,
3128 4390 3318 4456 δοῦλος
3380 4395 3481 4462 μὲν
3517 4396 3610 4449 τὸν
3655 4398 3743 4452 δε⁸

484 4450 716 4522 eipium,
758 4468 790 4507 a
840 4471 950 4525 quo
1006 4460 1186 4527 pretio
1243 4462 1563 4534 redemptus
1606 4474 1761 4521 erat:
1796 4470 2060 4535 rusticus,

487 4544 776 4601 ductorem
815 4550 1134 4617 exercitus;
1164 4553 1419 4621 militem,
1446 4556 1611 4611 homo
1657 4558 1933 4630 agricola;
1962 4575 2062 4615 cu-

482 4637 572 4705 ius
592 4637 791 4706 opibus
823 4641 982 4693 inulti
1008 4643 1239 4709 patriam
1267 4645 1511 4715 adjutam
1540 4657 1832 4715 noverant,
1858 4665 2065 4722 egenus

485 4729 707 4797 otioque
745 4730 1050 4797 maleﬁcus,
1084 4733 1493 4808 ducebautque,
1520 4755 1632 4809 quo
1663 4756 1761 4797 eos
1808 4741 1934 4798 loco
1962 4758 2063 4797 ne-

483 4834 579 4875 ces
604 4823 920 4898 manebant.

554 4994 607 5048 8.
640 4994 684 5051 Ο
715 4996 1017 5063 civitatem,
1071 5000 1129 5055 in
1161 5018 1272 5071 qua
1300 5004 1508 5062 invidis
1555 5006 1897 5069 daemonibus
1925 5015 2063 5071 tales

485 5095 617 5141 sunt
662 5089 827 5143 editae
856 5091 1107 5147 clioreazl
1164 5093 1209 5149 Ο
1273 5112 1481 5162 muros,
1538 5101 1729 5168 quales
1766 5105 2065 5162 exstinctas

485 5179 813 5247 suscepistis
849 5190 1067 5237 turres!
1118 5183 1164 5239 0
1199 5189 1342 5241 muri
1378 5190 1668 5258 ambitum,
1711 5205 2058 5268 septumque,

482 5284 554 5323 ex
576 5286 687 5339 quo
715 5272 794 5324 illi
829 5274 1032 5343 sapius
1053 5274 1254 5346 fugatis
1284 5281 1558 5348 hostibus,
1584 5286 1870 5343 acerbiora
1898 5305 2064 5359 quam

485 5376 587 5430 pro
615 5364 888 5418 victorum
921 5369 1132 5424 ratione
1182 5373 1498 5429 sustinuere
1546 5379 1685 5432 mala
1713 5381 1725 5428 l
1768 5380 1973 5453 Nempe
2005 5384 2060 5437 iu

488 5469 696 5510 muros.
729 5457 932 5512 vinctis
957 5460 1231 5527 manibus,
1269 5464 1646 5523 maleﬁcorum
1679 5487 1853 5538 more,
1902 5474 2062 5529 nefa-

489 5546 560 5599 rii
590 5545 867 5603 ducebant
890 5565 905 5615 ;
928 5561 1161 5607 mortem
1188 5558 1304 5623 jam
1334 5571 1366 5611 e
1399 5560 1581 5615 vicino
1614 5565 1921 5620 venientem
1945 5583 2063 5622 cer-

490 5644 685 5694 nentes
732 5641 943 5705 miseri,
980 5645 1180 5702 animis
1221 5646 1565 5720 fugitabant;
1600 5670 1663 5710 ac
1711 5658 1789 5712 illi
1837 5660 2060 5731 quidem

2166 4468 2371 4539 σπότην
2392 4469 2524 4522 ὤθει
2554 4486 2568 4503 ο
2605 4471 2699 4527 τὸν
2724 4474 2781 4528 δὲ
2802 4476 3127 4548 πριάμενον,
3154 4481 3217 4533 τὸ
3261 4484 3594 4555 ἀνδράποδον
3613 4502 3627 4517 ⁸
3653 4489 3744 4541 τδν

2162 4560 2223 4614 δὲ
2248 4563 2575 4651 στρατηγόν,
2639 4565 2669 4618 ὀ
2723 4565 2982 4637 ἀγροῖκος
3007 4584 3024 4600 ο
3054 4574 3147 4625 καὶ
3184 4574 3279 4631 τὸν
3317 4580 3654 4651 στρατιώτην
3674 4624 3689 4645 ,
3716 4584 3744 4634 ὁ

2164 4652 2411 4743 γεωργός
2435 4669 2449 4685 ·
2479 4647 2524 4722 ᾧ
2550 4655 2597 4709 δ’
2623 4658 2689 4711 ὲκ
2716 4659 2831 4713 τῶν
2879 4660 3051 4717 ὄντων
3091 4665 3277 4721 πολλοὶ
3304 4647 3622 4740 συνῄδεσαν⁷
3647 4676 3743 4743 τὴν

2163 4742 2398 4814 πατρίδα
2423 4745 2758 4820 ὠφεληκότι,
2812 4754 2843 4806 δ
2889 4753 3094 4828 ἄπορος
3131 4761 3228 4812 καὶ
3275 4765 3604 4833 κακουργῶν
3657 4742 3742 4819 διὰ

2164 4836 2491 4910 τῆςάργίας,
2524 4840 2618 4895 καὶ
2654 4844 2894 4914 ἀπῆγον,
2920 4843 2985 4903 οὗ
3015 4853 3338 4921 γενομένους
3362 4855 3469 4909 ἔδει
3488 4857 3740 4925 δέξασθαι

2160 4930 2264 4999 τὴν
2290 4933 2525 5004 σφαγήνο
3560 4982 3563 4985 »

2233 5018 2305 5095 η’.
2355 5023 2420 5077 Ὠ
2444 5026 2677 5095 πόλεως,
2711 5030 2770 5083 ἑν
2799 5024 2834 5106 ᾗ
2862 5032 3081 5104 δαίμοσι
3099 5036 3379 5107 φθονεροις
3412 5057 3481 5094 τα
3514 5060 3739 5099 τοιαυτα

2165 5110 2483 5182 ὲχόρευσανί
2524 5119 2586 5170 Ὢ
2608 5121 2986 5194 τειχῶν,οῖους
3016 5127 3459 5199 ἀποθνήσκοντας
3486 5135 3738 5203 ἐδέξασθε

2165 5203 2432 5274 πύργουςί
2466 5209 2529 5261 ’⁵ο
2557 5213 2870 5281 περιϐόλου,
2902 5217 2995 5288 ἀφ’
3016 5211 3078 5273 οῦ
3112 5219 3373 5288 πολλάκις
3398 5226 3595 5281 ἐκεῖνοι
3616 5246 3731 5299 τρε-

2162 5298 2397 5370 ψάμενοι
2423 5320 2550 5371 τους
2584 5308 2836 5380 ιχθροὺς,
2875 5314 3016 5383 μετά
3036 5315 3139 5378 τὰς
3186 5318 3340 5383 νίκας
3386 5319 3589 5374 ἔπαθον
3630 5298 3739 5378 τῶν

2165 5396 2484 5488 ἡττημένων
2515 5406 2818 5477 πικρότερα
2844 5409 2859 5461 l
2887 5410 2950 5468 Ol
2984 5410 3083 5479 μὲν
3110 5413 3317 5484 ἀνῆγον
3345 5417 3437 5469 ἐπὶ
3465 5420 3532 5472 τὰ
3555 5420 3734 5488 τείχη,

2295 5490 2406 5545 τῶν
2472 5496 2799 5567 κακούργων
2847 5501 3069 5574 τρόπον,
3099 5505 3415 5578 δεδεμένους
3438 5508 3515 5563 τὼ
3543 5487 3695 5582 χεῖρε
3719 5528 3737 5544 ο

2163 5579 2278 5632 οίδ²
2307 5586 2701 5654 ἀνεστρέφοντο
2749 5591 2848 5654 τὰς
2894 5590 3090 5663 ψυχὰς,
3145 5598 3243 5669 τὴν
3272 5579 3647 5672 τελευτὴν
3674 5606 3737 5675 δὴ

2166 5676 2502 5741 προσιοῦσαν
2529 5679 2767 5750 ὁρῶντες
2788 5700 2799 5713 ·
2850 5688 2941 5739 καὶ
2988 5688 3038 5741 οί
3077 5691 3196 5761 μὲν,
3228 5693 3453 5763 ήτεειγον
3480 5696 3602 5759 τοὺς
3632 5696 3740 5751 ὑπὸ
