  <div class='ocr_page' id='page_1' title='image "/cluster/home/n/w/nwhite01/storage/ocr_20150623/109/mdp.39015032333737/349.png"; bbox 0 0 4140 6042; ppageno 0'>
   <div class='ocr_carea' id='block_1_1' title="bbox 496 270 607 337">
    <p class='ocr_par' dir='ltr' id='par_1_1' title="bbox 496 270 607 337">
     <span class='ocr_line' id='line_1_1' title="bbox 496 270 607 337; baseline -0.018 0"><span class='ocrx_word' id='word_1_1' title='bbox 496 270 607 337; x_wconf 77' lang='lat'><strong>687</strong></span> 
     </span>
    </p>
   </div>
   <div class='ocr_carea' id='block_1_2' title="bbox 1750 268 2544 330">
    <p class='ocr_par' dir='ltr' id='par_1_2' title="bbox 1750 268 2544 330">
     <span class='ocr_line' id='line_1_2' title="bbox 1750 268 2544 330; baseline 0 -2"><span class='ocrx_word' id='word_1_2' title='bbox 1750 268 2127 330; x_wconf 69' lang='lat' dir='ltr'><strong>SYMEON&#39;IS</strong></span> <span class='ocrx_word' id='word_1_3' title='bbox 2168 268 2544 329; x_wconf 77' lang='lat' dir='ltr'><strong>MAGISTRI</strong></span> 
     </span>
    </p>
   </div>
   <div class='ocr_carea' id='block_1_3' title="bbox 3659 267 3776 333">
    <p class='ocr_par' dir='ltr' id='par_1_3' title="bbox 3659 267 3776 333">
     <span class='ocr_line' id='line_1_3' title="bbox 3659 267 3776 333; baseline 0.009 -1"><span class='ocrx_word' id='word_1_4' title='bbox 3659 267 3776 333; x_wconf 83' lang='lat'><strong>688</strong></span> 
     </span>
    </p>
   </div>
   <div class='ocr_carea' id='block_1_4' title="bbox 496 375 2111 453">
    <p class='ocr_par' dir='ltr' id='par_1_4' title="bbox 496 375 2082 453">
     <span class='ocr_line' id='line_1_4' title="bbox 496 375 2082 453; baseline -0.003 -16"><span class='ocrx_word' id='word_1_5' title='bbox 496 382 681 438; x_wconf 86' lang='lat' dir='ltr'><strong>fuerat</strong></span> <span class='ocrx_word' id='word_1_6' title='bbox 731 378 912 453; x_wconf 82' lang='lat' dir='ltr'><strong>gladio</strong></span> <span class='ocrx_word' id='word_1_7' title='bbox 960 377 1276 434; x_wconf 88' lang='lat' dir='ltr'><strong>discissum.</strong></span> <span class='ocrx_word' id='word_1_8' title='bbox 1323 375 1577 434; x_wconf 76' lang='lat' dir='ltr'><strong>Ostendit</strong></span> <span class='ocrx_word' id='word_1_9' title='bbox 1626 376 1972 447; x_wconf 81' lang='lat' dir='ltr'><strong>TheOphilus</strong></span> <span class='ocrx_word' id='word_1_10' title='bbox 2028 379 2082 432; x_wconf 90' lang='lat' dir='ltr'><strong>in</strong></span> 
     </span>
    </p>
   </div>
   <div class='ocr_carea' id='block_1_5' title="bbox 2212 375 3777 453">
    <p class='ocr_par' dir='ltr' id='par_1_5' title="bbox 2212 380 3777 453">
     <span class='ocr_line' id='line_1_5' title="bbox 2212 380 3777 453; baseline 0 -20"><span class='ocrx_word' id='word_1_11' title='bbox 2212 382 2308 444; x_wconf 63' lang='grc' dir='ltr'>τεν,</span> <span class='ocrx_word' id='word_1_12' title='bbox 2341 381 2436 435; x_wconf 73' lang='grc' dir='ltr'>καὶ</span> <span class='ocrx_word' id='word_1_13' title='bbox 2464 380 2846 435; x_wconf 77' lang='grc' dir='ltr'><strong>ὑποδείκνυσιν</strong></span> <span class='ocrx_word' id='word_1_14' title='bbox 2875 380 3006 435; x_wconf 75' lang='grc' dir='ltr'>αὐτὸ</span> <span class='ocrx_word' id='word_1_15' title='bbox 3031 381 3180 453; x_wconf 72' lang='grc' dir='ltr'><strong>πάσῃ</strong></span> <span class='ocrx_word' id='word_1_16' title='bbox 3202 383 3268 453; x_wconf 80' lang='grc' dir='ltr'>τῇ</span> <span class='ocrx_word' id='word_1_17' title='bbox 3303 382 3595 453; x_wconf 73' lang='grc' dir='ltr'><strong>συγκλήτῳ</strong></span> <span class='ocrx_word' id='word_1_18' title='bbox 3618 383 3676 435; x_wconf 70' lang='grc' dir='ltr'><strong>έν</strong></span> <span class='ocrx_word' id='word_1_19' title='bbox 3697 382 3777 451; x_wconf 80' lang='grc' dir='ltr'>τῷ</span> 
     </span>
    </p>
   </div>
   <div class='ocr_carea' id='block_1_6' title="bbox 500 467 2081 538">
    <p class='ocr_par' dir='ltr' id='par_1_6' title="bbox 500 467 2081 538">
     <span class='ocr_line' id='line_1_6' title="bbox 500 467 2081 538; baseline -0.004 -11"><span class='ocrx_word' id='word_1_20' title='bbox 500 473 695 529; x_wconf 77' lang='lat' dir='ltr'><strong>sedilis</strong></span> <span class='ocrx_word' id='word_1_21' title='bbox 742 473 867 526; x_wconf 84' lang='lat' dir='ltr'><strong>loco</strong></span> <span class='ocrx_word' id='word_1_22' title='bbox 928 471 1190 525; x_wconf 89' lang='lat' dir='ltr'><strong>universo</strong></span> <span class='ocrx_word' id='word_1_23' title='bbox 1254 470 1502 532; x_wconf 90' lang='lat' dir='ltr'><strong>senatui,</strong></span> <span class='ocrx_word' id='word_1_24' title='bbox 1559 483 1623 522; x_wconf 92' lang='lat' dir='ltr'><strong>ac</strong></span> <span class='ocrx_word' id='word_1_25' title='bbox 1674 467 1825 523; x_wconf 87' lang='lat' dir='ltr'><strong>velut</strong></span> <span class='ocrx_word' id='word_1_26' title='bbox 1878 470 1973 538; x_wconf 87' lang='lat' dir='ltr'><strong>qui</strong></span> <span class='ocrx_word' id='word_1_27' title='bbox 2027 469 2081 522; x_wconf 91' lang='lat' dir='ltr'><strong>in</strong></span> 
     </span>
    </p>
   </div>
   <div class='ocr_carea' id='block_1_7' title="bbox 2191 471 3777 545">
    <p class='ocr_par' dir='ltr' id='par_1_7' title="bbox 2191 471 3777 545">
     <span class='ocr_line' id='line_1_7' title="bbox 2191 471 3777 545; baseline 0.003 -19"><span class='ocrx_word' id='word_1_28' title='bbox 2191 471 2511 543; x_wconf 85' lang='grc' dir='ltr'>καθίσματι,</span> <span class='ocrx_word' id='word_1_29' title='bbox 2536 474 2630 526; x_wconf 89' lang='grc' dir='ltr'><strong>καί</strong></span> <span class='ocrx_word' id='word_1_30' title='bbox 2659 491 2822 545; x_wconf 82' lang='grc' dir='ltr'>φησιν</span> <span class='ocrx_word' id='word_1_31' title='bbox 2848 473 2921 538; x_wconf 80' lang='grc' dir='ltr'>ὡς</span> <span class='ocrx_word' id='word_1_32' title='bbox 2953 476 3033 539; x_wconf 80' lang='grc' dir='ltr'><strong>είς</strong></span> <span class='ocrx_word' id='word_1_33' title='bbox 3056 474 3184 528; x_wconf 81' lang='grc' dir='ltr'>ναὸν</span> <span class='ocrx_word' id='word_1_34' title='bbox 3204 474 3414 545; x_wconf 80' lang='grc' dir='ltr'>Κυρίου</span> <span class='ocrx_word' id='word_1_35' title='bbox 3445 474 3777 545; x_wconf 74' lang='grc' dir='ltr'>τετολμηκό-</span> 
     </span>
    </p>
   </div>
   <div class='ocr_carea' id='block_1_8' title="bbox 497 560 2111 641">
    <p class='ocr_par' dir='ltr' id='par_1_8' title="bbox 497 560 2083 635">
     <span class='ocr_line' id='line_1_8' title="bbox 497 560 2083 635; baseline -0.002 -16"><span class='ocrx_word' id='word_1_36' title='bbox 497 565 701 635; x_wconf 88' lang='lat' dir='ltr'><strong>templo</strong></span> <span class='ocrx_word' id='word_1_37' title='bbox 742 563 958 619; x_wconf 86' lang='lat' dir='ltr'><strong>Domini</strong></span> <span class='ocrx_word' id='word_1_38' title='bbox 1001 564 1205 617; x_wconf 75' lang='lat' dir='ltr'><strong>caedem</strong></span> <span class='ocrx_word' id='word_1_39' title='bbox 1239 570 1676 633; x_wconf 89' lang='lat' dir='ltr'><strong>perpetrassent,</strong></span> <span class='ocrx_word' id='word_1_40' title='bbox 1710 560 1767 615; x_wconf 89' lang='lat' dir='ltr'><strong>in</strong></span> <span class='ocrx_word' id='word_1_41' title='bbox 1803 576 1900 616; x_wconf 86' lang='lat' dir='ltr'><strong>eos</strong></span> <span class='ocrx_word' id='word_1_42' title='bbox 1924 560 2083 632; x_wconf 94' lang='lat' dir='ltr'><strong>jubet</strong></span> 
     </span>
    </p>
   </div>
   <div class='ocr_carea' id='block_1_9' title="bbox 2212 560 3775 641">
    <p class='ocr_par' dir='ltr' id='par_1_9' title="bbox 2212 564 3775 641">
     <span class='ocr_line' id='line_1_9' title="bbox 2212 564 3775 641; baseline 0.003 -24"><span class='ocrx_word' id='word_1_43' title='bbox 2212 584 2285 633; x_wconf 71' lang='grc' dir='ltr'>ξας</span> <span class='ocrx_word' id='word_1_44' title='bbox 2323 564 2659 636; x_wconf 84' lang='grc' dir='ltr'>ποιήσασθαι</span> <span class='ocrx_word' id='word_1_45' title='bbox 2696 569 2797 640; x_wconf 78' lang='grc' dir='ltr'>τὴν</span> <span class='ocrx_word' id='word_1_46' title='bbox 2827 567 3133 639; x_wconf 83' lang='grc' dir='ltr'>ἀναίρεσιν,</span> <span class='ocrx_word' id='word_1_47' title='bbox 3162 570 3228 641; x_wconf 74' lang='grc' dir='ltr'>τῇ</span> <span class='ocrx_word' id='word_1_48' title='bbox 3246 567 3293 626; x_wconf 79' lang='grc' dir='ltr'>δ’</span> <span class='ocrx_word' id='word_1_49' title='bbox 3320 567 3553 639; x_wconf 78' lang='grc' dir='ltr'>ἀληθείᾳ</span> <span class='ocrx_word' id='word_1_50' title='bbox 3575 566 3650 632; x_wconf 74' lang='lat' dir='ltr'><strong>t&#39;o;</strong></span> <span class='ocrx_word' id='word_1_51' title='bbox 3681 568 3775 622; x_wconf 74' lang='grc' dir='ltr'>τὸν</span> 
     </span>
    </p>
   </div>
   <div class='ocr_carea' id='block_1_10' title="bbox 499 651 2079 724">
    <p class='ocr_par' dir='ltr' id='par_1_10' title="bbox 499 651 2079 724">
     <span class='ocr_line' id='line_1_10' title="bbox 499 651 2079 724; baseline -0.004 -13"><span class='ocrx_word' id='word_1_52' title='bbox 499 656 908 720; x_wconf 78' lang='lat' dir='ltr'><strong>animadverti,</strong></span> <span class='ocrx_word' id='word_1_53' title='bbox 968 669 1163 709; x_wconf 82' lang='lat' dir='ltr'><strong>revera</strong></span> <span class='ocrx_word' id='word_1_54' title='bbox 1216 664 1400 709; x_wconf 87' lang='lat' dir='ltr'><strong>autem</strong></span> <span class='ocrx_word' id='word_1_55' title='bbox 1455 654 1608 707; x_wconf 83' lang='lat' dir='ltr'><strong>velut</strong></span> <span class='ocrx_word' id='word_1_56' title='bbox 1657 653 1749 721; x_wconf 91' lang='lat' dir='ltr'><strong>qui</strong></span> <span class='ocrx_word' id='word_1_57' title='bbox 1826 651 2079 724; x_wconf 80' lang='lat' dir='ltr'><strong>ejusdem</strong></span> 
     </span>
    </p>
   </div>
   <div class='ocr_carea' id='block_1_11' title="bbox 499 744 2085 817">
    <p class='ocr_par' dir='ltr' id='par_1_11' title="bbox 499 744 2085 817">
     <span class='ocr_line' id='line_1_11' title="bbox 499 744 2085 817; baseline -0.004 -12"><span class='ocrx_word' id='word_1_58' title='bbox 499 763 686 805; x_wconf 84' lang='lat' dir='ltr'><strong>secum</strong></span> <span class='ocrx_word' id='word_1_59' title='bbox 722 748 948 802; x_wconf 65' lang='lat' dir='ltr'><strong>haeresis</strong></span> <span class='ocrx_word' id='word_1_60' title='bbox 978 747 1189 802; x_wconf 89' lang='lat' dir='ltr'><strong>socium</strong></span> <span class='ocrx_word' id='word_1_61' title='bbox 1226 746 1457 817; x_wconf 90' lang='lat' dir='ltr'><strong>parique</strong></span> <span class='ocrx_word' id='word_1_62' title='bbox 1492 745 1836 804; x_wconf 87' lang='lat' dir='ltr'><strong>laborantem</strong></span> <span class='ocrx_word' id='word_1_63' title='bbox 1888 744 2085 814; x_wconf 87' lang='lat' dir='ltr'><strong>impie-</strong></span> 
     </span>
    </p>
   </div>
   <div class='ocr_carea' id='block_1_12' title="bbox 502 836 2089 895">
    <p class='ocr_par' dir='ltr' id='par_1_12' title="bbox 502 836 2089 895">
     <span class='ocr_line' id='line_1_12' title="bbox 502 836 2089 895; baseline -0.004 0"><span class='ocrx_word' id='word_1_64' title='bbox 502 850 613 895; x_wconf 83' lang='lat' dir='ltr'><strong>tate</strong></span> <span class='ocrx_word' id='word_1_65' title='bbox 637 840 1013 895; x_wconf 85' lang='lat' dir='ltr'><strong>sustulissent.</strong></span> <span class='ocrx_word' id='word_1_66' title='bbox 1044 837 1377 893; x_wconf 74' lang='lat' dir='ltr'><strong>Adhaercbat</strong></span> <span class='ocrx_word' id='word_1_67' title='bbox 1400 836 1548 891; x_wconf 89' lang='lat' dir='ltr'><strong>enim</strong></span> <span class='ocrx_word' id='word_1_68' title='bbox 1578 836 1747 891; x_wconf 87' lang='lat' dir='ltr'><strong>miser</strong></span> <span class='ocrx_word' id='word_1_69' title='bbox 1773 836 1886 890; x_wconf 81' lang='lat' dir='ltr'><strong>Deo</strong></span> <span class='ocrx_word' id='word_1_70' title='bbox 1909 849 2089 890; x_wconf 54' lang='lat' dir='ltr'><strong>exon</strong></span> 
     </span>
    </p>
   </div>
   <div class='ocr_carea' id='block_1_13' title="bbox 504 926 2093 1000">
    <p class='ocr_par' dir='ltr' id='par_1_13' title="bbox 504 926 2093 1000">
     <span class='ocr_line' id='line_1_13' title="bbox 504 926 2093 1000; baseline -0.003 -15"><span class='ocrx_word' id='word_1_71' title='bbox 504 933 655 987; x_wconf 90' lang='lat' dir='ltr'><strong>illius</strong></span> <span class='ocrx_word' id='word_1_72' title='bbox 686 930 878 985; x_wconf 74' lang='lat' dir='ltr'><strong>hzeresi</strong></span> <span class='ocrx_word' id='word_1_73' title='bbox 902 948 916 995; x_wconf 90' lang='lat'><strong>;</strong></span> <span class='ocrx_word' id='word_1_74' title='bbox 944 930 1040 1000; x_wconf 86' lang='lat' dir='ltr'><strong>qui</strong></span> <span class='ocrx_word' id='word_1_75' title='bbox 1072 938 1391 984; x_wconf 88' lang='lat' dir='ltr'><strong>sanctorum</strong></span> <span class='ocrx_word' id='word_1_76' title='bbox 1429 929 1697 999; x_wconf 79' lang='lat' dir='ltr'><strong>imagines</strong></span> <span class='ocrx_word' id='word_1_77' title='bbox 1730 927 1869 982; x_wconf 89' lang='lat' dir='ltr'><strong>alias</strong></span> <span class='ocrx_word' id='word_1_78' title='bbox 1899 926 2093 982; x_wconf 75' lang='lat' dir='ltr'><strong>detra-</strong></span> 
     </span>
    </p>
   </div>
   <div class='ocr_carea' id='block_1_14' title="bbox 504 1000 2091 1092">
    <p class='ocr_par' dir='ltr' id='par_1_14' title="bbox 504 1000 2091 1092">
     <span class='ocr_line' id='line_1_14' title="bbox 504 1000 2091 1092; baseline -0.003 -14"><span class='ocrx_word' id='word_1_79' title='bbox 504 1023 700 1085; x_wconf 88' lang='lat' dir='ltr'><strong>heret.</strong></span> <span class='ocrx_word' id='word_1_80' title='bbox 761 1024 899 1077; x_wconf 89' lang='lat' dir='ltr'><strong>alias</strong></span> <span class='ocrx_word' id='word_1_81' title='bbox 951 1022 1249 1086; x_wconf 68' lang='lat' dir='ltr'><strong>effoderet,</strong></span> <span class='ocrx_word' id='word_1_82' title='bbox 1311 1030 1477 1092; x_wconf 89' lang='lat' dir='ltr'><strong>atque</strong></span> <span class='ocrx_word' id='word_1_83' title='bbox 1533 1000 1833 1074; x_wconf 65' lang='lat' dir='ltr'><strong>monachos</strong></span> <span class='ocrx_word' id='word_1_84' title='bbox 1884 1020 2091 1090; x_wconf 85' lang='lat' dir='ltr'><strong>pietate</strong></span> 
     </span>
    </p>
   </div>
   <div class='ocr_carea' id='block_1_15' title="bbox 509 1112 2091 1184">
    <p class='ocr_par' dir='ltr' id='par_1_15' title="bbox 509 1112 2091 1184">
     <span class='ocr_line' id='line_1_15' title="bbox 509 1112 2091 1184; baseline -0.003 -14"><span class='ocrx_word' id='word_1_85' title='bbox 509 1115 756 1170; x_wconf 83' lang='lat' dir='ltr'><strong>illustres</strong></span> <span class='ocrx_word' id='word_1_86' title='bbox 801 1114 999 1169; x_wconf 78' lang='lat' dir='ltr'><strong>exsilio</strong></span> <span class='ocrx_word' id='word_1_87' title='bbox 1045 1115 1311 1170; x_wconf 89' lang='lat' dir='ltr'><strong>multaret</strong></span> <span class='ocrx_word' id='word_1_88' title='bbox 1363 1129 1429 1169; x_wconf 92' lang='lat' dir='ltr'><strong>ac</strong></span> <span class='ocrx_word' id='word_1_89' title='bbox 1476 1112 1807 1170; x_wconf 77' lang='lat' dir='ltr'><strong>verberibus</strong></span> <span class='ocrx_word' id='word_1_90' title='bbox 1856 1112 2091 1184; x_wconf 80' lang='lat' dir='ltr'><strong>aliisque</strong></span> 
     </span>
    </p>
   </div>
   <div class='ocr_carea' id='block_1_16' title="bbox 510 1208 1362 1265">
    <p class='ocr_par' dir='ltr' id='par_1_16' title="bbox 510 1208 1362 1265">
     <span class='ocr_line' id='line_1_16' title="bbox 510 1208 1362 1265; baseline -0.001 -1"><span class='ocrx_word' id='word_1_91' title='bbox 510 1209 906 1265; x_wconf 89' lang='lat' dir='ltr'><strong>cruciamentis</strong></span> <span class='ocrx_word' id='word_1_92' title='bbox 944 1208 1362 1263; x_wconf 87' lang='lat' dir='ltr'><strong>dehonestaret.</strong></span> 
     </span>
    </p>
   </div>
   <div class='ocr_carea' id='block_1_17' title="bbox 579 1339 2095 1411">
    <p class='ocr_par' dir='ltr' id='par_1_17' title="bbox 579 1339 2095 1411">
     <span class='ocr_line' id='line_1_17' title="bbox 579 1339 2095 1411; baseline 0 -14"><span class='ocrx_word' id='word_1_93' title='bbox 579 1342 635 1397; x_wconf 78' lang='lat'><strong>3.</strong></span> <span class='ocrx_word' id='word_1_94' title='bbox 677 1341 969 1411; x_wconf 79' lang='lat' dir='ltr'><strong>Theophili</strong></span> <span class='ocrx_word' id='word_1_95' title='bbox 1009 1356 1157 1394; x_wconf 74' lang='lat' dir='ltr'><strong>anno</strong></span> <span class='ocrx_word' id='word_1_96' title='bbox 1198 1339 1448 1395; x_wconf 85' lang='lat' dir='ltr'><strong>secundo</strong></span> <span class='ocrx_word' id='word_1_97' title='bbox 1498 1339 1876 1411; x_wconf 75' lang='lat' dir='ltr'><strong>TheOphobus</strong></span> <span class='ocrx_word' id='word_1_98' title='bbox 1927 1341 2095 1397; x_wconf 85' lang='lat' dir='ltr'><strong>Persa</strong></span> 
     </span>
    </p>
   </div>
   <div class='ocr_carea' id='block_1_18' title="bbox 514 1429 2097 1501">
    <p class='ocr_par' dir='ltr' id='par_1_18' title="bbox 514 1429 2097 1501">
     <span class='ocr_line' id='line_1_18' title="bbox 514 1429 2097 1501; baseline -0.002 -13"><span class='ocrx_word' id='word_1_99' title='bbox 514 1447 624 1488; x_wconf 86' lang='lat' dir='ltr'><strong>una</strong></span> <span class='ocrx_word' id='word_1_100' title='bbox 653 1446 781 1486; x_wconf 85' lang='lat' dir='ltr'><strong>eum</strong></span> <span class='ocrx_word' id='word_1_101' title='bbox 807 1440 962 1501; x_wconf 84' lang='lat' dir='ltr'><strong>patre</strong></span> <span class='ocrx_word' id='word_1_102' title='bbox 985 1445 1048 1485; x_wconf 91' lang='lat' dir='ltr'><strong>ac</strong></span> <span class='ocrx_word' id='word_1_103' title='bbox 1076 1430 1368 1487; x_wconf 83' lang='lat' dir='ltr'><strong>Persarum</strong></span> <span class='ocrx_word' id='word_1_104' title='bbox 1398 1430 1820 1499; x_wconf 89' lang='lat' dir='ltr'><strong>quatuordecim</strong></span> <span class='ocrx_word' id='word_1_105' title='bbox 1852 1429 2097 1485; x_wconf 80' lang='lat' dir='ltr'><strong>millibus</strong></span> 
     </span>
    </p>
   </div>
   <div class='ocr_carea' id='block_1_19' title="bbox 514 1521 2100 1596">
    <p class='ocr_par' dir='ltr' id='par_1_19' title="bbox 514 1521 2100 1596">
     <span class='ocr_line' id='line_1_19' title="bbox 514 1521 2100 1596; baseline 0.001 -17"><span class='ocrx_word' id='word_1_106' title='bbox 514 1524 583 1581; x_wconf 90' lang='lat' dir='ltr'><strong>ad</strong></span> <span class='ocrx_word' id='word_1_107' title='bbox 629 1525 910 1580; x_wconf 86' lang='lat' dir='ltr'><strong>Romanos</strong></span> <span class='ocrx_word' id='word_1_108' title='bbox 952 1521 1280 1593; x_wconf 80' lang='lat' dir='ltr'><strong>transfugit;</strong></span> <span class='ocrx_word' id='word_1_109' title='bbox 1332 1523 1537 1593; x_wconf 87' lang='lat' dir='ltr'><strong>quibus</strong></span> <span class='ocrx_word' id='word_1_110' title='bbox 1567 1539 1666 1595; x_wconf 90' lang='lat' dir='ltr'><strong>per</strong></span> <span class='ocrx_word' id='word_1_111' title='bbox 1698 1533 1909 1579; x_wconf 87' lang='lat' dir='ltr'><strong>turmas</strong></span> <span class='ocrx_word' id='word_1_112' title='bbox 1934 1525 2100 1596; x_wconf 78' lang='lat'><strong>626</strong></span> 
     </span>
    </p>
   </div>
   <div class='ocr_carea' id='block_1_20' title="bbox 514 1616 2097 1689">
    <p class='ocr_par' dir='ltr' id='par_1_20' title="bbox 514 1616 2097 1689">
     <span class='ocr_line' id='line_1_20' title="bbox 514 1616 2097 1689; baseline 0.001 -17"><span class='ocrx_word' id='word_1_113' title='bbox 514 1617 709 1672; x_wconf 87' lang='lat' dir='ltr'><strong>divisis</strong></span> <span class='ocrx_word' id='word_1_114' title='bbox 732 1618 791 1672; x_wconf 87' lang='lat' dir='ltr'><strong>in</strong></span> <span class='ocrx_word' id='word_1_115' title='bbox 809 1616 1149 1671; x_wconf 86' lang='lat' dir='ltr'><strong>thematihus</strong></span> <span class='ocrx_word' id='word_1_116' title='bbox 1167 1616 1540 1673; x_wconf 82' lang='lat' dir='ltr'><strong>habitationes</strong></span> <span class='ocrx_word' id='word_1_117' title='bbox 1561 1617 1858 1689; x_wconf 77' lang='lat' dir='ltr'><strong>assignavit</strong></span> <span class='ocrx_word' id='word_1_118' title='bbox 1883 1637 1894 1670; x_wconf 91' lang='lat'><strong>:</strong></span> <span class='ocrx_word' id='word_1_119' title='bbox 1917 1618 2097 1687; x_wconf 89' lang='lat' dir='ltr'><strong>ipsum</strong></span> 
     </span>
    </p>
   </div>
   <div class='ocr_carea' id='block_1_21' title="bbox 2191 659 3773 731">
    <p class='ocr_par' dir='ltr' id='par_1_21' title="bbox 2191 659 3773 731">
     <span class='ocr_line' id='line_1_21' title="bbox 2191 659 3773 731; baseline 0.001 -19"><span class='ocrx_word' id='word_1_120' title='bbox 2191 660 2620 731; x_wconf 81' lang='grc' dir='ltr'>συναιρεσιώτην</span> <span class='ocrx_word' id='word_1_121' title='bbox 2647 659 2812 714; x_wconf 76' lang='grc' dir='ltr'>αὑτοῦ</span> <span class='ocrx_word' id='word_1_122' title='bbox 2847 660 2943 715; x_wconf 80' lang='grc' dir='ltr'><strong>καὶ</strong></span> <span class='ocrx_word' id='word_1_123' title='bbox 2961 660 3239 731; x_wconf 74' lang='grc' dir='ltr'><strong>ὁμόφρονα</strong></span> <span class='ocrx_word' id='word_1_124' title='bbox 3260 661 3341 723; x_wconf 80' lang='grc' dir='ltr'><strong>εις</strong></span> <span class='ocrx_word' id='word_1_125' title='bbox 3362 659 3619 715; x_wconf 76' lang='grc' dir='ltr'>ἀσέϐειαν</span> <span class='ocrx_word' id='word_1_126' title='bbox 3639 662 3773 714; x_wconf 76' lang='grc' dir='ltr'>ἀποο</span> 
     </span>
    </p>
   </div>
   <div class='ocr_carea' id='block_1_22' title="bbox 2192 752 3775 825">
    <p class='ocr_par' dir='ltr' id='par_1_22' title="bbox 2192 752 3775 825">
     <span class='ocr_line' id='line_1_22' title="bbox 2192 752 3775 825; baseline 0.001 -19"><span class='ocrx_word' id='word_1_127' title='bbox 2192 752 2527 815; x_wconf 87' lang='grc' dir='ltr'>κτείναντας.</span> <span class='ocrx_word' id='word_1_128' title='bbox 2563 754 2755 824; x_wconf 72' lang='grc' dir='ltr'><strong>Εἴχετο</strong></span> <span class='ocrx_word' id='word_1_129' title='bbox 2784 754 2894 824; x_wconf 89' lang='grc' dir='ltr'><strong>γάρ</strong></span> <span class='ocrx_word' id='word_1_130' title='bbox 2922 756 2949 807; x_wconf 85' lang='grc' dir='ltr'><strong>ό</strong></span> <span class='ocrx_word' id='word_1_131' title='bbox 2969 753 3255 825; x_wconf 81' lang='grc' dir='ltr'>ἀλιτήριος</span> <span class='ocrx_word' id='word_1_132' title='bbox 3289 754 3387 825; x_wconf 79' lang='grc' dir='ltr'>τῆς</span> <span class='ocrx_word' id='word_1_133' title='bbox 3416 754 3630 809; x_wconf 64' lang='grc' dir='ltr'>ἑκείνου</span> <span class='ocrx_word' id='word_1_134' title='bbox 3657 754 3775 809; x_wconf 84' lang='grc' dir='ltr'>θεο-</span> 
     </span>
    </p>
   </div>
   <div class='ocr_carea' id='block_1_23' title="bbox 2191 842 3777 919">
    <p class='ocr_par' dir='ltr' id='par_1_23' title="bbox 2191 842 3777 919">
     <span class='ocr_line' id='line_1_23' title="bbox 2191 842 3777 919; baseline 0.001 -22"><span class='ocrx_word' id='word_1_135' title='bbox 2191 842 2425 914; x_wconf 72' lang='grc' dir='ltr'>πυγοῦς</span> <span class='ocrx_word' id='word_1_136' title='bbox 2462 846 2749 917; x_wconf 79' lang='grc' dir='ltr'>αίρέσεως.</span> <span class='ocrx_word' id='word_1_137' title='bbox 2801 845 2912 900; x_wconf 83' lang='grc' dir='ltr'>τῶν</span> <span class='ocrx_word' id='word_1_138' title='bbox 2942 863 3004 899; x_wconf 85' lang='grc' dir='ltr'><strong>τε</strong></span> <span class='ocrx_word' id='word_1_139' title='bbox 3037 846 3208 916; x_wconf 85' lang='grc' dir='ltr'>ἀγίων</span> <span class='ocrx_word' id='word_1_140' title='bbox 3253 846 3481 900; x_wconf 87' lang='grc' dir='ltr'>είκόνων</span> <span class='ocrx_word' id='word_1_141' title='bbox 3531 846 3634 911; x_wconf 86' lang='grc' dir='ltr'><strong>τάς</strong></span> <span class='ocrx_word' id='word_1_142' title='bbox 3673 846 3777 919; x_wconf 72' lang='grc' dir='ltr'><strong>μιν</strong></span> 
     </span>
    </p>
   </div>
   <div class='ocr_carea' id='block_1_24' title="bbox 2192 937 3805 1011">
    <p class='ocr_par' dir='ltr' id='par_1_24' title="bbox 2192 937 3805 1011">
     <span class='ocr_line' id='line_1_24' title="bbox 2192 937 3805 1011; baseline 0.001 -20"><span class='ocrx_word' id='word_1_143' title='bbox 2192 937 2521 1005; x_wconf 84' lang='grc' dir='ltr'>κατασπῶν,</span> <span class='ocrx_word' id='word_1_144' title='bbox 2553 939 2652 1003; x_wconf 80' lang='grc' dir='ltr'>τὰς</span> <span class='ocrx_word' id='word_1_145' title='bbox 2680 938 2739 992; x_wconf 75' lang='grc' dir='ltr'>δὲ</span> <span class='ocrx_word' id='word_1_146' title='bbox 2769 937 3104 1008; x_wconf 78' lang='grc' dir='ltr'>ἀνορύττων,</span> <span class='ocrx_word' id='word_1_147' title='bbox 3131 939 3226 993; x_wconf 79' lang='grc' dir='ltr'><strong>καὶ</strong></span> <span class='ocrx_word' id='word_1_148' title='bbox 3251 941 3378 1005; x_wconf 80' lang='grc' dir='ltr'>τοὺς</span> <span class='ocrx_word' id='word_1_149' title='bbox 3407 940 3496 998; x_wconf 70' lang='grc' dir='ltr'><strong>ἐπ’</strong></span> <span class='ocrx_word' id='word_1_150' title='bbox 3523 939 3805 1011; x_wconf 69' lang='grc' dir='ltr'>εὐλαῦεία-</span> 
     </span>
    </p>
   </div>
   <div class='ocr_carea' id='block_1_25' title="bbox 2198 1030 3268 1102">
    <p class='ocr_par' dir='ltr' id='par_1_25' title="bbox 2198 1030 3268 1102">
     <span class='ocr_line' id='line_1_25' title="bbox 2198 1030 3268 1102; baseline 0.001 -19"><span class='ocrx_word' id='word_1_151' title='bbox 2198 1032 2468 1102; x_wconf 73' lang='grc' dir='ltr'>μοναχοίις</span> <span class='ocrx_word' id='word_1_152' title='bbox 2489 1030 2749 1102; x_wconf 75' lang='grc' dir='ltr'><strong>ὲξορίζων</strong></span> <span class='ocrx_word' id='word_1_153' title='bbox 2779 1031 2872 1084; x_wconf 74' lang='grc' dir='ltr'><strong>καὶ</strong></span> <span class='ocrx_word' id='word_1_154' title='bbox 2892 1031 3268 1101; x_wconf 77' lang='grc' dir='ltr'>αἰκιζόμενος,</span> 
     </span>
    </p>
   </div>
   <div class='ocr_carea' id='block_1_26' title="bbox 2268 1343 3784 1420">
    <p class='ocr_par' dir='ltr' id='par_1_26' title="bbox 2268 1343 3784 1420">
     <span class='ocr_line' id='line_1_26' title="bbox 2268 1343 3784 1420; baseline 0.001 -20"><span class='ocrx_word' id='word_1_155' title='bbox 2268 1352 2340 1415; x_wconf 74' lang='grc' dir='ltr'>γ’.</span> <span class='ocrx_word' id='word_1_156' title='bbox 2373 1344 2466 1415; x_wconf 83' lang='grc' dir='ltr'><strong>Τῷ</strong></span> <span class='ocrx_word' id='word_1_157' title='bbox 2496 1344 2540 1415; x_wconf 84' lang='grc' dir='ltr'>β’</span> <span class='ocrx_word' id='word_1_158' title='bbox 2562 1343 2754 1399; x_wconf 87' lang='grc' dir='ltr'>τούτου</span> <span class='ocrx_word' id='word_1_159' title='bbox 2783 1345 2896 1398; x_wconf 69' lang='grc' dir='ltr'>ἔτει</span> <span class='ocrx_word' id='word_1_160' title='bbox 2930 1345 3243 1415; x_wconf 77' lang='grc' dir='ltr'>προσέφυγε</span> <span class='ocrx_word' id='word_1_161' title='bbox 3277 1344 3551 1413; x_wconf 72' lang='grc' dir='ltr'>Θεόφοόος</span> <span class='ocrx_word' id='word_1_162' title='bbox 3575 1346 3605 1399; x_wconf 82' lang='grc'>6</span> <span class='ocrx_word' id='word_1_163' title='bbox 3635 1345 3784 1420; x_wconf 58' lang='lat' dir='ltr'><strong>“(po</strong></span> 
     </span>
    </p>
   </div>
   <div class='ocr_carea' id='block_1_27' title="bbox 2200 1434 3786 1514">
    <p class='ocr_par' dir='ltr' id='par_1_27' title="bbox 2200 1434 3786 1514">
     <span class='ocr_line' id='line_1_27' title="bbox 2200 1434 3786 1514; baseline 0.026 -7"><span class='ocrx_word' id='word_1_164' title='bbox 2200 1454 2301 1508; x_wconf 88' lang='grc' dir='ltr'><strong>σης</strong></span> <span class='ocrx_word' id='word_1_165' title='bbox 2338 1435 2657 1507; x_wconf 78' lang='grc' dir='ltr'>Ῥωμαίοις.</span> <span class='ocrx_word' id='word_1_166' title='bbox 2692 1434 2811 1506; x_wconf 66' lang='grc' dir='ltr'>ἅμα</span> <span class='ocrx_word' id='word_1_167' title='bbox 2864 1436 2944 1509; x_wconf 71' lang='grc' dir='ltr'><strong>τῷ</strong></span> <span class='ocrx_word' id='word_1_168' title='bbox 2980 1438 3151 1508; x_wconf 62' lang='grc' dir='ltr'><strong>πατρὶ</strong></span> <span class='ocrx_word' id='word_1_169' title='bbox 3178 1438 3346 1493; x_wconf 64' lang='grc' dir='ltr'>αῠτθδ</span> <span class='ocrx_word' id='word_1_170' title='bbox 3384 1441 3524 1511; x_wconf 63' lang='grc' dir='ltr'><strong>μετὰ</strong></span> <span class='ocrx_word' id='word_1_171' title='bbox 3554 1441 3786 1514; x_wconf 51' lang='grc' dir='ltr'><strong>Πῳών</strong></span> 
     </span>
    </p>
   </div>
   <div class='ocr_carea' id='block_1_28' title="bbox 2200 1524 3787 1600">
    <p class='ocr_par' dir='ltr' id='par_1_28' title="bbox 2200 1524 3787 1600">
     <span class='ocr_line' id='line_1_28' title="bbox 2200 1524 3787 1600; baseline 0.003 -19"><span class='ocrx_word' id='word_1_172' title='bbox 2200 1527 2442 1600; x_wconf 73' lang='grc' dir='ltr'>χιλιάδας</span> <span class='ocrx_word' id='word_1_173' title='bbox 2467 1524 2550 1592; x_wconf 83' lang='grc' dir='ltr'>ιδ’,</span> <span class='ocrx_word' id='word_1_174' title='bbox 2576 1526 2672 1591; x_wconf 73' lang='grc' dir='ltr'>οὓς</span> <span class='ocrx_word' id='word_1_175' title='bbox 2710 1529 2807 1582; x_wconf 75' lang='grc' dir='ltr'><strong>καὶ</strong></span> <span class='ocrx_word' id='word_1_176' title='bbox 2850 1528 3120 1600; x_wconf 77' lang='grc' dir='ltr'><strong>διένειμεν</strong></span> <span class='ocrx_word' id='word_1_177' title='bbox 3152 1529 3212 1583; x_wconf 74' lang='grc' dir='ltr'><strong>ιν</strong></span> <span class='ocrx_word' id='word_1_178' title='bbox 3233 1532 3346 1592; x_wconf 79' lang='grc' dir='ltr'>τοῖς</span> <span class='ocrx_word' id='word_1_179' title='bbox 3380 1530 3584 1600; x_wconf 81' lang='grc' dir='ltr'>θέμασι</span> <span class='ocrx_word' id='word_1_180' title='bbox 3611 1550 3787 1588; x_wconf 85' lang='grc' dir='ltr'>κατα-</span> 
     </span>
    </p>
   </div>
   <div class='ocr_carea' id='block_1_29' title="bbox 2203 1622 3787 1695">
    <p class='ocr_par' dir='ltr' id='par_1_29' title="bbox 2203 1622 3787 1695">
     <span class='ocr_line' id='line_1_29' title="bbox 2203 1622 3787 1695; baseline 0.004 -20"><span class='ocrx_word' id='word_1_181' title='bbox 2203 1622 2492 1693; x_wconf 83' lang='grc' dir='ltr'>σκηνὼσας</span> <span class='ocrx_word' id='word_1_182' title='bbox 2522 1622 2617 1676; x_wconf 79' lang='grc' dir='ltr'><strong>καὶ</strong></span> <span class='ocrx_word' id='word_1_183' title='bbox 2641 1622 2887 1692; x_wconf 88' lang='grc' dir='ltr'>τούρμας</span> <span class='ocrx_word' id='word_1_184' title='bbox 2914 1623 3397 1695; x_wconf 75' lang='grc' dir='ltr'><strong>ἀποκαταστήσας.</strong></span> <span class='ocrx_word' id='word_1_185' title='bbox 3415 1626 3587 1681; x_wconf 79' lang='grc' dir='ltr'>Αύτδν</span> <span class='ocrx_word' id='word_1_186' title='bbox 3609 1627 3666 1681; x_wconf 66' lang='grc' dir='ltr'>δὲ</span> <span class='ocrx_word' id='word_1_187' title='bbox 3693 1628 3787 1681; x_wconf 74' lang='grc' dir='ltr'>τὸν</span> 
     </span>
    </p>
   </div>
   <div class='ocr_carea' id='block_1_30' title="bbox 514 1708 2111 1790">
    <p class='ocr_par' dir='ltr' id='par_1_30' title="bbox 514 1708 2099 1780">
     <span class='ocr_line' id='line_1_30' title="bbox 514 1708 2099 1780; baseline 0.001 -16"><span class='ocrx_word' id='word_1_188' title='bbox 514 1726 650 1767; x_wconf 82' lang='lat' dir='ltr'><strong>vero</strong></span> <span class='ocrx_word' id='word_1_189' title='bbox 682 1708 1084 1779; x_wconf 86' lang='lat' dir='ltr'><strong>Theophobum</strong></span> <span class='ocrx_word' id='word_1_190' title='bbox 1116 1708 1427 1764; x_wconf 61' lang='lat' dir='ltr'><strong>Theodore</strong></span> <span class='ocrx_word' id='word_1_191' title='bbox 1461 1709 1719 1780; x_wconf 65' lang='lat' dir='ltr'><strong>Auguste</strong></span> <span class='ocrx_word' id='word_1_192' title='bbox 1768 1710 1950 1765; x_wconf 88' lang='lat' dir='ltr'><strong>sorori</strong></span> <span class='ocrx_word' id='word_1_193' title='bbox 1991 1725 2099 1765; x_wconf 82' lang='lat' dir='ltr'><strong>nu-</strong></span> 
     </span>
    </p>
   </div>
   <div class='ocr_carea' id='block_1_31' title="bbox 2212 1708 3789 1790">
    <p class='ocr_par' dir='ltr' id='par_1_31' title="bbox 2212 1714 3789 1790">
     <span class='ocr_line' id='line_1_31' title="bbox 2212 1714 3789 1790; baseline 0.003 -22"><span class='ocrx_word' id='word_1_194' title='bbox 2212 1714 2471 1784; x_wconf 77' lang='grc' dir='ltr'>Βεόφοόον</span> <span class='ocrx_word' id='word_1_195' title='bbox 2505 1715 2585 1779; x_wconf 86' lang='grc' dir='ltr'><strong>είς</strong></span> <span class='ocrx_word' id='word_1_196' title='bbox 2615 1714 2852 1786; x_wconf 76' lang='grc' dir='ltr'>ἀδελφὴν</span> <span class='ocrx_word' id='word_1_197' title='bbox 2882 1714 3165 1785; x_wconf 81' lang='grc' dir='ltr'>Θεοδὼρας</span> <span class='ocrx_word' id='word_1_198' title='bbox 3187 1717 3504 1787; x_wconf 76' lang='grc' dir='ltr'>Αὐγούστης</span> <span class='ocrx_word' id='word_1_199' title='bbox 3536 1719 3789 1790; x_wconf 68' lang='grc' dir='ltr'><strong>γαμϐρ),ν</strong></span> 
     </span>
    </p>
   </div>
   <div class='ocr_carea' id='block_1_32' title="bbox 516 1799 2105 1876">
    <p class='ocr_par' dir='ltr' id='par_1_32' title="bbox 516 1799 2105 1876">
     <span class='ocr_line' id='line_1_32' title="bbox 516 1799 2105 1876; baseline -0.003 -17"><span class='ocrx_word' id='word_1_200' title='bbox 516 1805 652 1876; x_wconf 86' lang='lat' dir='ltr'><strong>ptiis</strong></span> <span class='ocrx_word' id='word_1_201' title='bbox 675 1803 966 1872; x_wconf 74' lang='lat' dir='ltr'><strong>copulatis,</strong></span> <span class='ocrx_word' id='word_1_202' title='bbox 998 1816 1060 1855; x_wconf 85' lang='lat' dir='ltr'><strong>ea</strong></span> <span class='ocrx_word' id='word_1_203' title='bbox 1096 1801 1203 1855; x_wconf 88' lang='lat' dir='ltr'><strong>sibi</strong></span> <span class='ocrx_word' id='word_1_204' title='bbox 1246 1800 1464 1856; x_wconf 86' lang='lat' dir='ltr'><strong>ratione</strong></span> <span class='ocrx_word' id='word_1_205' title='bbox 1509 1800 1747 1857; x_wconf 86' lang='lat' dir='ltr'><strong>levirum</strong></span> <span class='ocrx_word' id='word_1_206' title='bbox 1791 1799 1945 1856; x_wconf 86' lang='lat' dir='ltr'><strong>fecit.</strong></span> <span class='ocrx_word' id='word_1_207' title='bbox 1979 1801 2105 1857; x_wconf 81' lang='lat' dir='ltr'><strong>Per-</strong></span> 
     </span>
    </p>
   </div>
   <div class='ocr_carea' id='block_1_33' title="bbox 516 1892 2104 1965">
    <p class='ocr_par' dir='ltr' id='par_1_33' title="bbox 516 1892 2104 1965">
     <span class='ocr_line' id='line_1_33' title="bbox 516 1892 2104 1965; baseline -0.003 -13"><span class='ocrx_word' id='word_1_208' title='bbox 516 1910 705 1953; x_wconf 87' lang='lat' dir='ltr'><strong>sarum</strong></span> <span class='ocrx_word' id='word_1_209' title='bbox 741 1895 990 1948; x_wconf 89' lang='lat' dir='ltr'><strong>moribus</strong></span> <span class='ocrx_word' id='word_1_210' title='bbox 1015 1908 1080 1947; x_wconf 88' lang='lat' dir='ltr'><strong>ea</strong></span> <span class='ocrx_word' id='word_1_211' title='bbox 1108 1895 1195 1949; x_wconf 83' lang='lat' dir='ltr'><strong>lex</strong></span> <span class='ocrx_word' id='word_1_212' title='bbox 1230 1892 1520 1948; x_wconf 84' lang='lat' dir='ltr'><strong>obtinebat</strong></span> <span class='ocrx_word' id='word_1_213' title='bbox 1550 1901 1611 1947; x_wconf 92' lang='lat' dir='ltr'><strong>ut</strong></span> <span class='ocrx_word' id='word_1_214' title='bbox 1638 1910 1706 1948; x_wconf 79' lang='lat' dir='ltr'><strong>es</strong></span> <span class='ocrx_word' id='word_1_215' title='bbox 1739 1894 1914 1964; x_wconf 86' lang='lat' dir='ltr'><strong>stirpe</strong></span> <span class='ocrx_word' id='word_1_216' title='bbox 1949 1892 2104 1965; x_wconf 81' lang='lat' dir='ltr'><strong>regia</strong></span> 
     </span>
    </p>
   </div>
   <div class='ocr_carea' id='block_1_34' title="bbox 515 1985 2104 2061">
    <p class='ocr_par' dir='ltr' id='par_1_34' title="bbox 515 1985 2104 2061">
     <span class='ocr_line' id='line_1_34' title="bbox 515 1985 2104 2061; baseline -0.002 -16"><span class='ocrx_word' id='word_1_217' title='bbox 515 1989 873 2061; x_wconf 79' lang='lat' dir='ltr'><strong>designarent</strong></span> <span class='ocrx_word' id='word_1_218' title='bbox 917 1985 1013 2056; x_wconf 91' lang='lat' dir='ltr'><strong>qui</strong></span> <span class='ocrx_word' id='word_1_219' title='bbox 1053 1986 1198 2056; x_wconf 90' lang='lat' dir='ltr'><strong>apud</strong></span> <span class='ocrx_word' id='word_1_220' title='bbox 1231 1986 1357 2042; x_wconf 91' lang='lat' dir='ltr'><strong>illos</strong></span> <span class='ocrx_word' id='word_1_221' title='bbox 1389 2002 1576 2042; x_wconf 88' lang='lat' dir='ltr'><strong>rerum</strong></span> <span class='ocrx_word' id='word_1_222' title='bbox 1623 1994 1809 2041; x_wconf 78' lang='lat' dir='ltr'><strong>essent</strong></span> <span class='ocrx_word' id='word_1_223' title='bbox 1849 1986 2104 2057; x_wconf 80' lang='lat' dir='ltr'><strong>petituri.</strong></span> 
     </span>
    </p>
   </div>
   <div class='ocr_carea' id='block_1_35' title="bbox 516 2075 2105 2149">
    <p class='ocr_par' dir='ltr' id='par_1_35' title="bbox 516 2075 2105 2149">
     <span class='ocr_line' id='line_1_35' title="bbox 516 2075 2105 2149; baseline -0.002 -13"><span class='ocrx_word' id='word_1_224' title='bbox 516 2078 654 2138; x_wconf 90' lang='lat' dir='ltr'><strong>Cum</strong></span> <span class='ocrx_word' id='word_1_225' title='bbox 687 2083 874 2149; x_wconf 87' lang='lat' dir='ltr'><strong>itaque</strong></span> <span class='ocrx_word' id='word_1_226' title='bbox 897 2077 1184 2133; x_wconf 89' lang='lat' dir='ltr'><strong>continuis</strong></span> <span class='ocrx_word' id='word_1_227' title='bbox 1217 2076 1383 2132; x_wconf 87' lang='lat' dir='ltr'><strong>bellis</strong></span> <span class='ocrx_word' id='word_1_228' title='bbox 1403 2075 1590 2132; x_wconf 77' lang='lat' dir='ltr'><strong>excisa</strong></span> <span class='ocrx_word' id='word_1_229' title='bbox 1618 2075 1914 2131; x_wconf 82' lang='lat' dir='ltr'><strong>defecisset</strong></span> <span class='ocrx_word' id='word_1_230' title='bbox 1938 2077 2105 2148; x_wconf 82' lang='lat' dir='ltr'><strong>stirps</strong></span> 
     </span>
    </p>
   </div>
   <div class='ocr_carea' id='block_1_36' title="bbox 520 2166 2105 2243">
    <p class='ocr_par' dir='ltr' id='par_1_36' title="bbox 520 2166 2105 2243">
     <span class='ocr_line' id='line_1_36' title="bbox 520 2166 2105 2243; baseline -0.003 -16"><span class='ocrx_word' id='word_1_231' title='bbox 520 2170 670 2243; x_wconf 83' lang='lat' dir='ltr'><strong>regia</strong></span> <span class='ocrx_word' id='word_1_232' title='bbox 718 2170 887 2240; x_wconf 87' lang='lat' dir='ltr'><strong>inque</strong></span> <span class='ocrx_word' id='word_1_233' title='bbox 936 2168 1027 2225; x_wconf 83' lang='lat' dir='ltr'><strong>bis</strong></span> <span class='ocrx_word' id='word_1_234' title='bbox 1074 2168 1347 2238; x_wconf 80' lang='lat' dir='ltr'><strong>angustiis</strong></span> <span class='ocrx_word' id='word_1_235' title='bbox 1381 2167 1562 2223; x_wconf 67' lang='lat' dir='ltr'><strong>Persa:</strong></span> <span class='ocrx_word' id='word_1_236' title='bbox 1607 2175 1988 2230; x_wconf 85' lang='lat' dir='ltr'><strong>versarentur.</strong></span> <span class='ocrx_word' id='word_1_237' title='bbox 2049 2166 2105 2223; x_wconf 90' lang='lat' dir='ltr'><strong>in</strong></span> 
     </span>
    </p>
   </div>
   <div class='ocr_carea' id='block_1_37' title="bbox 521 2258 2105 2331">
    <p class='ocr_par' dir='ltr' id='par_1_37' title="bbox 521 2258 2105 2331">
     <span class='ocr_line' id='line_1_37' title="bbox 521 2258 2105 2331; baseline 0 -13"><span class='ocrx_word' id='word_1_238' title='bbox 521 2274 765 2318; x_wconf 86' lang='lat' dir='ltr'><strong>mentem</strong></span> <span class='ocrx_word' id='word_1_239' title='bbox 790 2260 944 2316; x_wconf 86' lang='lat' dir='ltr'><strong>venit</strong></span> <span class='ocrx_word' id='word_1_240' title='bbox 970 2259 1239 2331; x_wconf 89' lang='lat' dir='ltr'><strong>quosdam</strong></span> <span class='ocrx_word' id='word_1_241' title='bbox 1272 2258 1407 2329; x_wconf 86' lang='lat' dir='ltr'><strong>regii</strong></span> <span class='ocrx_word' id='word_1_242' title='bbox 1445 2260 1727 2331; x_wconf 71' lang='lat' dir='ltr'><strong>sanguinis</strong></span> <span class='ocrx_word' id='word_1_243' title='bbox 1756 2258 1823 2318; x_wconf 79' lang='lat' dir='ltr'><strong>ad</strong></span> <span class='ocrx_word' id='word_1_244' title='bbox 1866 2259 2105 2329; x_wconf 79' lang='lat' dir='ltr'><strong>impera-</strong></span> 
     </span>
    </p>
   </div>
   <div class='ocr_carea' id='block_1_38' title="bbox 523 2349 2108 2421">
    <p class='ocr_par' dir='ltr' id='par_1_38' title="bbox 523 2349 2108 2421">
     <span class='ocr_line' id='line_1_38' title="bbox 523 2349 2108 2421; baseline -0.001 -13"><span class='ocrx_word' id='word_1_245' title='bbox 523 2364 707 2409; x_wconf 87' lang='lat' dir='ltr'><strong>torem</strong></span> <span class='ocrx_word' id='word_1_246' title='bbox 759 2354 1070 2408; x_wconf 81' lang='lat' dir='ltr'><strong>Romanum</strong></span> <span class='ocrx_word' id='word_1_247' title='bbox 1114 2350 1491 2421; x_wconf 75' lang='lat' dir='ltr'><strong>transfugisse.</strong></span> <span class='ocrx_word' id='word_1_248' title='bbox 1547 2349 1820 2417; x_wconf 82' lang='lat' dir='ltr'><strong>Quocirca</strong></span> <span class='ocrx_word' id='word_1_249' title='bbox 1877 2365 2108 2407; x_wconf 65' lang='lat' dir='ltr'><strong>nemsse</strong></span> 
     </span>
    </p>
   </div>
   <div class='ocr_carea' id='block_1_39' title="bbox 523 2441 2110 2517">
    <p class='ocr_par' dir='ltr' id='par_1_39' title="bbox 523 2441 2110 2517">
     <span class='ocr_line' id='line_1_39' title="bbox 523 2441 2110 2517; baseline -0.001 -16"><span class='ocrx_word' id='word_1_250' title='bbox 523 2453 882 2517; x_wconf 89' lang='lat' dir='ltr'><strong>putaverunt,</strong></span> <span class='ocrx_word' id='word_1_251' title='bbox 910 2444 1102 2499; x_wconf 76' lang='lat' dir='ltr'><strong>relicta</strong></span> <span class='ocrx_word' id='word_1_252' title='bbox 1142 2442 1343 2515; x_wconf 88' lang='lat' dir='ltr'><strong>patria,</strong></span> <span class='ocrx_word' id='word_1_253' title='bbox 1390 2452 1464 2499; x_wconf 78' lang='lat' dir='ltr'><strong>ut,</strong></span> <span class='ocrx_word' id='word_1_254' title='bbox 1489 2441 1557 2499; x_wconf 89' lang='lat' dir='ltr'><strong>ad</strong></span> <span class='ocrx_word' id='word_1_255' title='bbox 1589 2441 1851 2498; x_wconf 73' lang='lat' dir='ltr'><strong>Romana:</strong></span> <span class='ocrx_word' id='word_1_256' title='bbox 1880 2442 2110 2499; x_wconf 76' lang='lat' dir='ltr'><strong>ditionis</strong></span> 
     </span>
    </p>
   </div>
   <div class='ocr_carea' id='block_1_40' title="bbox 524 2532 2109 2608">
    <p class='ocr_par' dir='ltr' id='par_1_40' title="bbox 524 2532 2109 2608">
     <span class='ocr_line' id='line_1_40' title="bbox 524 2532 2109 2608; baseline -0.001 -17"><span class='ocrx_word' id='word_1_257' title='bbox 524 2537 647 2593; x_wconf 90' lang='lat' dir='ltr'><strong>loca</strong></span> <span class='ocrx_word' id='word_1_258' title='bbox 687 2536 1192 2608; x_wconf 84' lang='lat' dir='ltr'><strong>proficiscerentur,</strong></span> <span class='ocrx_word' id='word_1_259' title='bbox 1252 2532 1582 2602; x_wconf 82' lang='lat' dir='ltr'><strong>TheOphobi</strong></span> <span class='ocrx_word' id='word_1_260' title='bbox 1627 2548 1815 2598; x_wconf 88' lang='lat' dir='ltr'><strong>causa,</strong></span> <span class='ocrx_word' id='word_1_261' title='bbox 1876 2548 1989 2604; x_wconf 90' lang='lat' dir='ltr'><strong>quo</strong></span> <span class='ocrx_word' id='word_1_262' title='bbox 2040 2548 2109 2589; x_wconf 78' lang='lat' dir='ltr'><strong>ex</strong></span> 
     </span>
    </p>
   </div>
   <div class='ocr_carea' id='block_1_41' title="bbox 525 2624 2109 2706">
    <p class='ocr_par' dir='ltr' id='par_1_41' title="bbox 525 2624 2109 2706">
     <span class='ocr_line' id='line_1_41' title="bbox 525 2624 2109 2706; baseline -0.006 -17"><span class='ocrx_word' id='word_1_263' title='bbox 525 2643 689 2706; x_wconf 81' lang='lat' dir='ltr'><strong>gente</strong></span> <span class='ocrx_word' id='word_1_264' title='bbox 745 2647 845 2689; x_wconf 91' lang='lat' dir='ltr'><strong>sua</strong></span> <span class='ocrx_word' id='word_1_265' title='bbox 910 2632 1107 2686; x_wconf 86' lang='lat' dir='ltr'><strong>ducem</strong></span> <span class='ocrx_word' id='word_1_266' title='bbox 1165 2630 1252 2683; x_wconf 89' lang='lat' dir='ltr'><strong>eis</strong></span> <span class='ocrx_word' id='word_1_267' title='bbox 1319 2627 1567 2683; x_wconf 88' lang='lat' dir='ltr'><strong>nancisci</strong></span> <span class='ocrx_word' id='word_1_268' title='bbox 1623 2627 1841 2685; x_wconf 87' lang='lat' dir='ltr'><strong>liceret.</strong></span> <span class='ocrx_word' id='word_1_269' title='bbox 1899 2625 1979 2683; x_wconf 77' lang='lat' dir='ltr'><strong>Ac</strong></span> <span class='ocrx_word' id='word_1_270' title='bbox 2023 2624 2109 2681; x_wconf 88' lang='lat' dir='ltr'><strong>vel</strong></span> 
     </span>
    </p>
   </div>
   <div class='ocr_carea' id='block_1_42' title="bbox 528 2717 2113 2791">
    <p class='ocr_par' dir='ltr' id='par_1_42' title="bbox 528 2717 2113 2791">
     <span class='ocr_line' id='line_1_42' title="bbox 528 2717 2113 2791; baseline -0.006 -14"><span class='ocrx_word' id='word_1_271' title='bbox 528 2726 784 2789; x_wconf 83' lang='lat' dir='ltr'><strong>maxime,</strong></span> <span class='ocrx_word' id='word_1_272' title='bbox 815 2721 962 2791; x_wconf 88' lang='lat' dir='ltr'><strong>quod</strong></span> <span class='ocrx_word' id='word_1_273' title='bbox 988 2728 1045 2775; x_wconf 91' lang='lat' dir='ltr'><strong>et</strong></span> <span class='ocrx_word' id='word_1_274' title='bbox 1074 2719 1367 2775; x_wconf 86' lang='lat' dir='ltr'><strong>Persarum</strong></span> <span class='ocrx_word' id='word_1_275' title='bbox 1410 2717 1521 2774; x_wconf 82' lang='lat' dir='ltr'><strong>dux</strong></span> <span class='ocrx_word' id='word_1_276' title='bbox 1555 2718 1754 2783; x_wconf 87' lang='lat' dir='ltr'><strong>Babec,</strong></span> <span class='ocrx_word' id='word_1_277' title='bbox 1782 2731 1906 2771; x_wconf 89' lang='lat' dir='ltr'><strong>cum</strong></span> <span class='ocrx_word' id='word_1_278' title='bbox 1937 2728 2113 2769; x_wconf 85' lang='lat' dir='ltr'><strong>annos</strong></span> 
     </span>
    </p>
   </div>
   <div class='ocr_carea' id='block_1_43' title="bbox 526 2811 2110 2886">
    <p class='ocr_par' dir='ltr' id='par_1_43' title="bbox 526 2811 2110 2886">
     <span class='ocr_line' id='line_1_43' title="bbox 526 2811 2110 2886; baseline -0.006 -16"><span class='ocrx_word' id='word_1_279' title='bbox 526 2818 771 2886; x_wconf 85' lang='lat' dir='ltr'><strong>quinque</strong></span> <span class='ocrx_word' id='word_1_280' title='bbox 802 2813 1112 2867; x_wconf 86' lang='lat' dir='ltr'><strong>defectione</strong></span> <span class='ocrx_word' id='word_1_281' title='bbox 1144 2811 1212 2866; x_wconf 89' lang='lat' dir='ltr'><strong>ab</strong></span> <span class='ocrx_word' id='word_1_282' title='bbox 1238 2814 1587 2865; x_wconf 88' lang='lat' dir='ltr'><strong>Amermume</strong></span> <span class='ocrx_word' id='word_1_283' title='bbox 1628 2811 1901 2865; x_wconf 77' lang='lat' dir='ltr'><strong>exaltatus</strong></span> <span class='ocrx_word' id='word_1_284' title='bbox 1941 2815 2110 2873; x_wconf 86' lang='lat' dir='ltr'><strong>esset,</strong></span> 
     </span>
    </p>
   </div>
   <div class='ocr_carea' id='block_1_44' title="bbox 528 2903 2109 2975">
    <p class='ocr_par' dir='ltr' id='par_1_44' title="bbox 528 2903 2109 2975">
     <span class='ocr_line' id='line_1_44' title="bbox 528 2903 2109 2975; baseline -0.006 -12"><span class='ocrx_word' id='word_1_285' title='bbox 528 2907 800 2963; x_wconf 87' lang='lat' dir='ltr'><strong>bellorum</strong></span> <span class='ocrx_word' id='word_1_286' title='bbox 829 2905 1051 2960; x_wconf 90' lang='lat' dir='ltr'><strong>interim</strong></span> <span class='ocrx_word' id='word_1_287' title='bbox 1088 2904 1519 2975; x_wconf 74' lang='lat' dir='ltr'><strong>prmliorumque</strong></span> <span class='ocrx_word' id='word_1_288' title='bbox 1548 2903 1761 2956; x_wconf 87' lang='lat' dir='ltr'><strong>incerto</strong></span> <span class='ocrx_word' id='word_1_289' title='bbox 1794 2910 2109 2971; x_wconf 80' lang='lat' dir='ltr'><strong>superatus.</strong></span> 
     </span>
    </p>
   </div>
   <div class='ocr_carea' id='block_1_45' title="bbox 2206 1807 3789 1883">
    <p class='ocr_par' dir='ltr' id='par_1_45' title="bbox 2206 1807 3789 1883">
     <span class='ocr_line' id='line_1_45' title="bbox 2206 1807 3789 1883; baseline 0.001 -20"><span class='ocrx_word' id='word_1_290' title='bbox 2206 1810 2504 1879; x_wconf 65' lang='grc' dir='ltr'>ἐποιήσατο</span> <span class='ocrx_word' id='word_1_291' title='bbox 2546 1814 2735 1880; x_wconf 63' lang='grc' dir='ltr'>τρόπῳ</span> <span class='ocrx_word' id='word_1_292' title='bbox 2769 1807 3003 1880; x_wconf 83' lang='grc' dir='ltr'>ποιῷδε·</span> <span class='ocrx_word' id='word_1_293' title='bbox 3037 1809 3163 1874; x_wconf 82' lang='grc' dir='ltr'><strong>Τοῖς</strong></span> <span class='ocrx_word' id='word_1_294' title='bbox 3195 1810 3435 1882; x_wconf 77' lang='grc' dir='ltr'><strong>Πέρσαις</strong></span> <span class='ocrx_word' id='word_1_295' title='bbox 3476 1812 3598 1877; x_wconf 80' lang='grc' dir='ltr'>εθος</span> <span class='ocrx_word' id='word_1_296' title='bbox 3625 1809 3693 1883; x_wconf 73' lang='grc' dir='ltr'>ἦν</span> <span class='ocrx_word' id='word_1_297' title='bbox 3720 1813 3789 1865; x_wconf 73' lang='grc' dir='ltr'>ιιι</span> 
     </span>
    </p>
   </div>
   <div class='ocr_carea' id='block_1_46' title="bbox 2207 1901 3788 1973">
    <p class='ocr_par' dir='ltr' id='par_1_46' title="bbox 2207 1901 3788 1973">
     <span class='ocr_line' id='line_1_46' title="bbox 2207 1901 3788 1973; baseline 0 -18"><span class='ocrx_word' id='word_1_298' title='bbox 2207 1902 2395 1973; x_wconf 67' lang='grc' dir='ltr'>σειρᾶς</span> <span class='ocrx_word' id='word_1_299' title='bbox 2424 1901 2713 1971; x_wconf 79' lang='grc' dir='ltr'><strong>βασιλικῆς</strong></span> <span class='ocrx_word' id='word_1_300' title='bbox 2734 1901 2959 1973; x_wconf 77' lang='grc' dir='ltr'><strong>ὑπέχειν</strong></span> <span class='ocrx_word' id='word_1_301' title='bbox 2986 1902 3292 1973; x_wconf 66' lang='grc' dir='ltr'>ἀνάρρησιν</span> <span class='ocrx_word' id='word_1_302' title='bbox 3310 1918 3326 1936; x_wconf 76' lang='grc' dir='ltr'><strong>ο</strong></span> <span class='ocrx_word' id='word_1_303' title='bbox 3357 1902 3480 1956; x_wconf 79' lang='grc' dir='ltr'>ὅθεν</span> <span class='ocrx_word' id='word_1_304' title='bbox 3513 1905 3629 1968; x_wconf 81' lang='grc' dir='ltr'>τοῖς</span> <span class='ocrx_word' id='word_1_305' title='bbox 3656 1902 3788 1957; x_wconf 80' lang='grc' dir='ltr'>ἀλλο</span> 
     </span>
    </p>
   </div>
   <div class='ocr_carea' id='block_1_47' title="bbox 2206 1992 3790 2065">
    <p class='ocr_par' dir='ltr' id='par_1_47' title="bbox 2206 1992 3790 2065">
     <span class='ocr_line' id='line_1_47' title="bbox 2206 1992 3790 2065; baseline 0.002 -18"><span class='ocrx_word' id='word_1_306' title='bbox 2206 1992 2531 2063; x_wconf 76' lang='grc' dir='ltr'>επαλλήλοις</span> <span class='ocrx_word' id='word_1_307' title='bbox 2558 1994 2819 2065; x_wconf 83' lang='grc' dir='ltr'><strong>πολέμοις</strong></span> <span class='ocrx_word' id='word_1_308' title='bbox 2869 1994 2973 2064; x_wconf 83' lang='grc' dir='ltr'>τῆς</span> <span class='ocrx_word' id='word_1_309' title='bbox 3003 1993 3290 2065; x_wconf 78' lang='grc' dir='ltr'><strong>βασιλικῆς</strong></span> <span class='ocrx_word' id='word_1_310' title='bbox 3310 1996 3501 2065; x_wconf 78' lang='grc' dir='ltr'>σειρᾶς</span> <span class='ocrx_word' id='word_1_311' title='bbox 3531 1996 3790 2050; x_wconf 79' lang='grc' dir='ltr'>ἐκλιπού-</span> 
     </span>
    </p>
   </div>
   <div class='ocr_carea' id='block_1_48' title="bbox 2209 2087 3788 2159">
    <p class='ocr_par' dir='ltr' id='par_1_48' title="bbox 2209 2087 3788 2159">
     <span class='ocr_line' id='line_1_48' title="bbox 2209 2087 3788 2159; baseline 0.003 -20"><span class='ocrx_word' id='word_1_312' title='bbox 2209 2102 2331 2157; x_wconf 80' lang='grc' dir='ltr'>σης,</span> <span class='ocrx_word' id='word_1_313' title='bbox 2363 2087 2460 2140; x_wconf 83' lang='grc' dir='ltr'>καὶ</span> <span class='ocrx_word' id='word_1_314' title='bbox 2485 2088 2543 2140; x_wconf 69' lang='grc' dir='ltr'><strong>ἐν</strong></span> <span class='ocrx_word' id='word_1_315' title='bbox 2569 2087 2853 2159; x_wconf 66' lang='grc' dir='ltr'>ἀμηχανία</span> <span class='ocrx_word' id='word_1_316' title='bbox 2874 2088 3184 2155; x_wconf 77' lang='grc' dir='ltr'><strong>γεγονότες,</strong></span> <span class='ocrx_word' id='word_1_317' title='bbox 3208 2087 3458 2156; x_wconf 70' lang='grc' dir='ltr'>ἔγνωσαν</span> <span class='ocrx_word' id='word_1_318' title='bbox 3485 2087 3561 2151; x_wconf 79' lang='grc' dir='ltr'>ὡς</span> <span class='ocrx_word' id='word_1_319' title='bbox 3595 2090 3659 2143; x_wconf 72' lang='lat' dir='ltr'><strong>tat</strong></span> <span class='ocrx_word' id='word_1_320' title='bbox 3686 2088 3788 2159; x_wconf 82' lang='grc' dir='ltr'>τῆς</span> 
     </span>
    </p>
   </div>
   <div class='ocr_carea' id='block_1_49' title="bbox 2209 2178 3791 2251">
    <p class='ocr_par' dir='ltr' id='par_1_49' title="bbox 2209 2178 3791 2251">
     <span class='ocr_line' id='line_1_49' title="bbox 2209 2178 3791 2251; baseline 0.001 -17"><span class='ocrx_word' id='word_1_321' title='bbox 2209 2178 2501 2251; x_wconf 77' lang='grc' dir='ltr'>βασιλικῆς</span> <span class='ocrx_word' id='word_1_322' title='bbox 2556 2182 2880 2250; x_wconf 77' lang='grc' dir='ltr'><strong>συγγενείας</strong></span> <span class='ocrx_word' id='word_1_323' title='bbox 2927 2180 3004 2251; x_wconf 82' lang='grc' dir='ltr'>τῷ</span> <span class='ocrx_word' id='word_1_324' title='bbox 3039 2179 3252 2249; x_wconf 77' lang='grc' dir='ltr'>βασιλεῖ</span> <span class='ocrx_word' id='word_1_325' title='bbox 3302 2181 3593 2250; x_wconf 86' lang='grc' dir='ltr'>Ῥωμαίων</span> <span class='ocrx_word' id='word_1_326' title='bbox 3646 2181 3791 2245; x_wconf 59' lang='grc' dir='ltr'>τινες</span> 
     </span>
    </p>
   </div>
   <div class='ocr_carea' id='block_1_50' title="bbox 2210 2272 3794 2346">
    <p class='ocr_par' dir='ltr' id='par_1_50' title="bbox 2210 2272 3794 2346">
     <span class='ocr_line' id='line_1_50' title="bbox 2210 2272 3794 2346; baseline -0.001 -19"><span class='ocrx_word' id='word_1_327' title='bbox 2210 2273 2657 2346; x_wconf 60' lang='grc' dir='ltr'>πῳσερρύησαν,</span> <span class='ocrx_word' id='word_1_328' title='bbox 2686 2273 2785 2328; x_wconf 77' lang='grc' dir='ltr'><strong>καὶ</strong></span> <span class='ocrx_word' id='word_1_329' title='bbox 2826 2272 2921 2325; x_wconf 70' lang='grc' dir='ltr'><strong>ἐπὶ</strong></span> <span class='ocrx_word' id='word_1_330' title='bbox 2962 2272 3140 2344; x_wconf 83' lang='grc' dir='ltr'>τούτῳ</span> <span class='ocrx_word' id='word_1_331' title='bbox 3175 2272 3456 2327; x_wconf 82' lang='grc' dir='ltr'>ἀσπαστὸν</span> <span class='ocrx_word' id='word_1_332' title='bbox 3480 2273 3794 2343; x_wconf 72' lang='grc' dir='ltr'>ἑλογίσαντο</span> 
     </span>
    </p>
   </div>
   <div class='ocr_carea' id='block_1_51' title="bbox 2206 2365 3792 2439">
    <p class='ocr_par' dir='ltr' id='par_1_51' title="bbox 2206 2365 3792 2439">
     <span class='ocr_line' id='line_1_51' title="bbox 2206 2365 3792 2439; baseline 0.001 -19"><span class='ocrx_word' id='word_1_333' title='bbox 2206 2365 2310 2437; x_wconf 79' lang='grc' dir='ltr'>τῆς</span> <span class='ocrx_word' id='word_1_334' title='bbox 2340 2366 2549 2430; x_wconf 86' lang='grc' dir='ltr'>οίκείας</span> <span class='ocrx_word' id='word_1_335' title='bbox 2578 2367 2765 2435; x_wconf 78' lang='grc' dir='ltr'>χώρας</span> <span class='ocrx_word' id='word_1_336' title='bbox 2810 2365 3228 2420; x_wconf 81' lang='grc' dir='ltr'>ἀπαναστεῦσαι</span> <span class='ocrx_word' id='word_1_337' title='bbox 3278 2366 3372 2419; x_wconf 78' lang='grc' dir='ltr'><strong>καὶ</strong></span> <span class='ocrx_word' id='word_1_338' title='bbox 3398 2367 3792 2439; x_wconf 80' lang='grc' dir='ltr'>προσχωρῆσαι</span> 
     </span>
    </p>
   </div>
   <div class='ocr_carea' id='block_1_52' title="bbox 2207 2455 3791 2530">
    <p class='ocr_par' dir='ltr' id='par_1_52' title="bbox 2207 2455 3791 2530">
     <span class='ocr_line' id='line_1_52' title="bbox 2207 2455 3791 2530; baseline 0.001 -20"><span class='ocrx_word' id='word_1_339' title='bbox 2207 2459 2275 2530; x_wconf 66' lang='grc' dir='ltr'>τῇ</span> <span class='ocrx_word' id='word_1_340' title='bbox 2316 2456 2583 2526; x_wconf 76' lang='grc' dir='ltr'>Ῥωμαῖδι</span> <span class='ocrx_word' id='word_1_341' title='bbox 2607 2456 2698 2510; x_wconf 68' lang='grc' dir='ltr'>διὰ</span> <span class='ocrx_word' id='word_1_342' title='bbox 2746 2456 2838 2510; x_wconf 77' lang='grc' dir='ltr'>τὸν</span> <span class='ocrx_word' id='word_1_343' title='bbox 2887 2456 3182 2527; x_wconf 77' lang='grc' dir='ltr'>Θεόφοδον,</span> <span class='ocrx_word' id='word_1_344' title='bbox 3210 2455 3299 2528; x_wconf 86' lang='grc' dir='ltr'><strong>[Ρ.</strong></span> <span class='ocrx_word' id='word_1_345' title='bbox 3334 2456 3467 2529; x_wconf 73' lang='grc'><strong>416]</strong></span> <span class='ocrx_word' id='word_1_346' title='bbox 3506 2458 3659 2522; x_wconf 81' lang='grc' dir='ltr'>ὅπως</span> <span class='ocrx_word' id='word_1_347' title='bbox 3691 2458 3791 2512; x_wconf 80' lang='grc' dir='ltr'>τοῦ</span> 
     </span>
    </p>
   </div>
   <div class='ocr_carea' id='block_1_53' title="bbox 2210 2548 3796 2623">
    <p class='ocr_par' dir='ltr' id='par_1_53' title="bbox 2210 2548 3796 2623">
     <span class='ocr_line' id='line_1_53' title="bbox 2210 2548 3796 2623; baseline 0.002 -19"><span class='ocrx_word' id='word_1_348' title='bbox 2210 2549 2350 2605; x_wconf 82' lang='grc' dir='ltr'><strong>κατά</strong></span> <span class='ocrx_word' id='word_1_349' title='bbox 2397 2550 2587 2617; x_wconf 85' lang='grc' dir='ltr'>γένους</span> <span class='ocrx_word' id='word_1_350' title='bbox 2617 2550 2663 2582; x_wconf 82' lang='grc'><strong>⁸⁸</strong></span> <span class='ocrx_word' id='word_1_351' title='bbox 2694 2548 2940 2621; x_wconf 76' lang='grc' dir='ltr'><strong>ἀρχηγοῦ</strong></span> <span class='ocrx_word' id='word_1_352' title='bbox 2984 2550 3373 2618; x_wconf 72' lang='grc' dir='ltr'>έπιτεύξοιντο,</span> <span class='ocrx_word' id='word_1_353' title='bbox 3410 2551 3509 2605; x_wconf 81' lang='grc' dir='ltr'><strong>καὶ</strong></span> <span class='ocrx_word' id='word_1_354' title='bbox 3556 2551 3796 2623; x_wconf 75' lang='grc' dir='ltr'>μάλιστα</span> 
     </span>
    </p>
   </div>
   <div class='ocr_carea' id='block_1_54' title="bbox 2208 2640 3791 2716">
    <p class='ocr_par' dir='ltr' id='par_1_54' title="bbox 2208 2640 3791 2716">
     <span class='ocr_line' id='line_1_54' title="bbox 2208 2640 3791 2716; baseline 0.001 -20"><span class='ocrx_word' id='word_1_355' title='bbox 2208 2643 2292 2697; x_wconf 82' lang='grc' dir='ltr'>ὅτι</span> <span class='ocrx_word' id='word_1_356' title='bbox 2324 2641 2421 2697; x_wconf 81' lang='grc' dir='ltr'>καὶ</span> <span class='ocrx_word' id='word_1_357' title='bbox 2445 2642 2473 2695; x_wconf 87' lang='grc' dir='ltr'><strong>ό</strong></span> <span class='ocrx_word' id='word_1_358' title='bbox 2505 2640 2733 2713; x_wconf 83' lang='grc' dir='ltr'>Περσῶν</span> <span class='ocrx_word' id='word_1_359' title='bbox 2754 2641 2997 2713; x_wconf 74' lang='grc' dir='ltr'>ἀρχηγὸς</span> <span class='ocrx_word' id='word_1_360' title='bbox 3017 2641 3197 2698; x_wconf 74' lang='grc' dir='ltr'><strong>Βαῦὲκ</strong></span> <span class='ocrx_word' id='word_1_361' title='bbox 3220 2643 3523 2698; x_wconf 76' lang='grc' dir='ltr'>ἀποστάσει</span> <span class='ocrx_word' id='word_1_362' title='bbox 3554 2647 3619 2716; x_wconf 73' lang='grc' dir='ltr'>τῇ</span> <span class='ocrx_word' id='word_1_363' title='bbox 3654 2645 3791 2715; x_wconf 72' lang='grc' dir='ltr'>πρὸς</span> 
     </span>
    </p>
   </div>
   <div class='ocr_carea' id='block_1_55' title="bbox 2210 2732 3795 2808">
    <p class='ocr_par' dir='ltr' id='par_1_55' title="bbox 2210 2732 3795 2808">
     <span class='ocr_line' id='line_1_55' title="bbox 2210 2732 3795 2808; baseline 0.001 -20"><span class='ocrx_word' id='word_1_364' title='bbox 2210 2734 2303 2788; x_wconf 77' lang='grc' dir='ltr'><strong>τὸν</strong></span> <span class='ocrx_word' id='word_1_365' title='bbox 2327 2735 2724 2806; x_wconf 77' lang='grc' dir='ltr'><strong>’Δμερμουμῆν</strong></span> <span class='ocrx_word' id='word_1_366' title='bbox 2753 2736 2846 2789; x_wconf 78' lang='grc' dir='ltr'><strong>ἐπὶ</strong></span> <span class='ocrx_word' id='word_1_367' title='bbox 2876 2736 3036 2791; x_wconf 81' lang='grc' dir='ltr'>πέντε</span> <span class='ocrx_word' id='word_1_368' title='bbox 3071 2736 3247 2790; x_wconf 82' lang='grc' dir='ltr'>ετεσιν</span> <span class='ocrx_word' id='word_1_369' title='bbox 3270 2737 3673 2808; x_wconf 73' lang='grc' dir='ltr'>ἐκεκορύφωτο.</span> <span class='ocrx_word' id='word_1_370' title='bbox 3692 2732 3795 2794; x_wconf 70' lang='grc' dir='ltr'>⁷ον</span> 
     </span>
    </p>
   </div>
   <div class='ocr_carea' id='block_1_56' title="bbox 2211 2828 3797 2902">
    <p class='ocr_par' dir='ltr' id='par_1_56' title="bbox 2211 2828 3797 2902">
     <span class='ocr_line' id='line_1_56' title="bbox 2211 2828 3797 2902; baseline 0.003 -20"><span class='ocrx_word' id='word_1_371' title='bbox 2211 2828 2521 2897; x_wconf 79' lang='grc' dir='ltr'>ἀναμεταξὺ</span> <span class='ocrx_word' id='word_1_372' title='bbox 2561 2829 2788 2900; x_wconf 84' lang='grc' dir='ltr'>πόλεμοι</span> <span class='ocrx_word' id='word_1_373' title='bbox 2811 2829 3241 2900; x_wconf 76' lang='grc' dir='ltr'>συμϐεϐηκότες,</span> <span class='ocrx_word' id='word_1_374' title='bbox 3277 2832 3531 2902; x_wconf 73' lang='grc' dir='ltr'>ἡττηθεὶς</span> <span class='ocrx_word' id='word_1_375' title='bbox 3556 2834 3585 2885; x_wconf 88' lang='grc' dir='ltr'>ὁ</span> <span class='ocrx_word' id='word_1_376' title='bbox 3617 2831 3797 2886; x_wconf 75' lang='grc' dir='ltr'>Βαϐὲκ</span> 
     </span>
    </p>
   </div>
   <div class='ocr_carea' id='block_1_57' title="bbox 2214 2920 3797 2998">
    <p class='ocr_par' dir='ltr' id='par_1_57' title="bbox 2214 2920 3797 2998">
     <span class='ocr_line' id='line_1_57' title="bbox 2214 2920 3797 2998; baseline 0.003 -23"><span class='ocrx_word' id='word_1_377' title='bbox 2214 2921 2389 2993; x_wconf 76' lang='grc' dir='ltr'>είσῄει</span> <span class='ocrx_word' id='word_1_378' title='bbox 2424 2923 2525 2975; x_wconf 76' lang='grc' dir='ltr'>σὺν</span> <span class='ocrx_word' id='word_1_379' title='bbox 2554 2920 2792 2994; x_wconf 80' lang='grc' dir='ltr'>χιλιάσιν</span> <span class='ocrx_word' id='word_1_380' title='bbox 2818 2920 2864 2988; x_wconf 70' lang='grc' dir='ltr'><strong>ζ’</strong></span> <span class='ocrx_word' id='word_1_381' title='bbox 2893 2923 3031 2995; x_wconf 82' lang='grc' dir='ltr'>πρὸς</span> <span class='ocrx_word' id='word_1_382' title='bbox 3063 2924 3163 2991; x_wconf 83' lang='grc' dir='ltr'><strong>τὴν</strong></span> <span class='ocrx_word' id='word_1_383' title='bbox 3206 2924 3527 2995; x_wconf 80' lang='grc' dir='ltr'><strong>Ῥωμαϊκὴν</strong></span> <span class='ocrx_word' id='word_1_384' title='bbox 3556 2925 3797 2998; x_wconf 80' lang='grc' dir='ltr'>ὲπικρά·</span> 
     </span>
    </p>
   </div>
   <div class='ocr_carea' id='block_1_58' title="bbox 530 2995 2111 3091">
    <p class='ocr_par' dir='ltr' id='par_1_58' title="bbox 530 2995 2111 3069">
     <span class='ocr_line' id='line_1_58' title="bbox 530 2995 2111 3069; baseline -0.004 -15"><span class='ocrx_word' id='word_1_385' title='bbox 530 2998 855 3069; x_wconf 88' lang='lat' dir='ltr'><strong>Theophobi</strong></span> <span class='ocrx_word' id='word_1_386' title='bbox 900 3006 1114 3069; x_wconf 90' lang='lat' dir='ltr'><strong>patrem</strong></span> <span class='ocrx_word' id='word_1_387' title='bbox 1169 2995 1372 3065; x_wconf 89' lang='lat' dir='ltr'><strong>Sinope</strong></span> <span class='ocrx_word' id='word_1_388' title='bbox 1428 2996 1786 3065; x_wconf 65' lang='lat' dir='ltr'><strong>quaesiturus.</strong></span> <span class='ocrx_word' id='word_1_389' title='bbox 1842 3008 1969 3047; x_wconf 91' lang='lat' dir='ltr'><strong>cum</strong></span> <span class='ocrx_word' id='word_1_390' title='bbox 2026 3007 2111 3047; x_wconf 85' lang='lat' dir='ltr'><strong>se-</strong></span> 
     </span>
    </p>
   </div>
   <div class='ocr_carea' id='block_1_59' title="bbox 2212 2995 3795 3091">
    <p class='ocr_par' dir='ltr' id='par_1_59' title="bbox 2215 2995 3795 3091">
     <span class='ocr_line' id='line_1_59' title="bbox 2215 2995 3795 3091; baseline 0 -22"><span class='ocrx_word' id='word_1_391' title='bbox 2215 3031 2387 3081; x_wconf 84' lang='grc' dir='ltr'>τειαν,</span> <span class='ocrx_word' id='word_1_392' title='bbox 2413 3015 2506 3069; x_wconf 63' lang='grc' dir='ltr'>τὸν</span> <span class='ocrx_word' id='word_1_393' title='bbox 2518 3016 2790 3085; x_wconf 62' lang='grc' dir='ltr'>Θεοφόϐου</span> <span class='ocrx_word' id='word_1_394' title='bbox 2820 3017 3036 3087; x_wconf 79' lang='grc' dir='ltr'><strong>πατέρα</strong></span> <span class='ocrx_word' id='word_1_395' title='bbox 3064 3018 3205 3073; x_wconf 76' lang='grc' dir='ltr'>κατὰ</span> <span class='ocrx_word' id='word_1_396' title='bbox 3221 3019 3321 3088; x_wconf 80' lang='grc' dir='ltr'>τὴν</span> <span class='ocrx_word' id='word_1_397' title='bbox 3348 3017 3504 3072; x_wconf 87' lang='grc' dir='ltr'>πόλιν</span> <span class='ocrx_word' id='word_1_398' title='bbox 3516 2995 3795 3091; x_wconf 50' lang='grc' dir='ltr'><strong>Σινώπξβ⁸</strong></span> 
     </span>
    </p>
   </div>
   <div class='ocr_carea' id='block_1_60' title="bbox 533 3086 2111 3184">
    <p class='ocr_par' dir='ltr' id='par_1_60' title="bbox 533 3087 2110 3162">
     <span class='ocr_line' id='line_1_60' title="bbox 533 3087 2110 3162; baseline -0.004 -15"><span class='ocrx_word' id='word_1_399' title='bbox 533 3103 679 3162; x_wconf 82' lang='lat' dir='ltr'><strong>ptem</strong></span> <span class='ocrx_word' id='word_1_400' title='bbox 732 3092 967 3145; x_wconf 89' lang='lat' dir='ltr'><strong>millium</strong></span> <span class='ocrx_word' id='word_1_401' title='bbox 1018 3089 1250 3143; x_wconf 90' lang='lat' dir='ltr'><strong>cohorte</strong></span> <span class='ocrx_word' id='word_1_402' title='bbox 1320 3087 1388 3142; x_wconf 89' lang='lat' dir='ltr'><strong>ad</strong></span> <span class='ocrx_word' id='word_1_403' title='bbox 1442 3088 1722 3142; x_wconf 80' lang='lat' dir='ltr'><strong>Romanos</strong></span> <span class='ocrx_word' id='word_1_404' title='bbox 1781 3093 2110 3140; x_wconf 85' lang='lat' dir='ltr'><strong>accesserat.</strong></span> 
     </span>
    </p>
   </div>
   <div class='ocr_carea' id='block_1_61' title="bbox 2212 3086 3797 3184">
    <p class='ocr_par' dir='ltr' id='par_1_61' title="bbox 2218 3086 3797 3184">
     <span class='ocr_line' id='line_1_61' title="bbox 2218 3086 3797 3184; baseline 0.003 -23"><span class='ocrx_word' id='word_1_405' title='bbox 2218 3108 2525 3179; x_wconf 84' lang='grc' dir='ltr'>ἀνερευνῶν</span> <span class='ocrx_word' id='word_1_406' title='bbox 2542 3128 2556 3141; x_wconf 75' lang='grc' dir='ltr'><strong>ο</strong></span> <span class='ocrx_word' id='word_1_407' title='bbox 2583 3110 2689 3165; x_wconf 83' lang='grc' dir='ltr'>ὃνό</span> <span class='ocrx_word' id='word_1_408' title='bbox 2720 3111 2902 3167; x_wconf 76' lang='grc' dir='ltr'><strong>Βαὸὲκ</strong></span> <span class='ocrx_word' id='word_1_409' title='bbox 2929 3086 3298 3182; x_wconf 50' lang='grc' dir='ltr'>κατειληφὼςς</span> <span class='ocrx_word' id='word_1_410' title='bbox 3329 3112 3534 3183; x_wconf 72' lang='grc' dir='ltr'>ἐγγύας</span> <span class='ocrx_word' id='word_1_411' title='bbox 3555 3130 3614 3167; x_wconf 85' lang='grc' dir='ltr'><strong>τε</strong></span> <span class='ocrx_word' id='word_1_412' title='bbox 3646 3086 3797 3184; x_wconf 70' lang='grc' dir='ltr'>παρὰ</span> 
     </span>
    </p>
   </div>
   <div class='ocr_carea' id='block_1_62' title="bbox 532 3177 2117 3248">
    <p class='ocr_par' dir='ltr' id='par_1_62' title="bbox 532 3177 2117 3248">
     <span class='ocr_line' id='line_1_62' title="bbox 532 3177 2117 3248; baseline -0.003 -11"><span class='ocrx_word' id='word_1_413' title='bbox 532 3183 691 3241; x_wconf 84' lang='lat' dir='ltr'><strong>llunc</strong></span> <span class='ocrx_word' id='word_1_414' title='bbox 719 3182 899 3237; x_wconf 86' lang='lat' dir='ltr'><strong>Babec</strong></span> <span class='ocrx_word' id='word_1_415' title='bbox 925 3196 1050 3236; x_wconf 89' lang='lat' dir='ltr'><strong>cum</strong></span> <span class='ocrx_word' id='word_1_416' title='bbox 1098 3178 1422 3244; x_wconf 84' lang='lat' dir='ltr'><strong>invenisset,</strong></span> <span class='ocrx_word' id='word_1_417' title='bbox 1470 3188 1635 3248; x_wconf 85' lang='lat' dir='ltr'><strong>atque</strong></span> <span class='ocrx_word' id='word_1_418' title='bbox 1671 3177 1740 3230; x_wconf 89' lang='lat' dir='ltr'><strong>ab</strong></span> <span class='ocrx_word' id='word_1_419' title='bbox 1782 3177 2117 3246; x_wconf 85' lang='lat' dir='ltr'><strong>imperatore</strong></span> 
     </span>
    </p>
   </div>
   <div class='ocr_carea' id='block_1_63' title="bbox 534 3270 2118 3341">
    <p class='ocr_par' dir='ltr' id='par_1_63' title="bbox 534 3270 2118 3341">
     <span class='ocr_line' id='line_1_63' title="bbox 534 3270 2118 3341; baseline -0.003 -13"><span class='ocrx_word' id='word_1_420' title='bbox 534 3275 850 3329; x_wconf 86' lang='lat' dir='ltr'><strong>securitatis</strong></span> <span class='ocrx_word' id='word_1_421' title='bbox 902 3272 1068 3328; x_wconf 84' lang='lat' dir='ltr'><strong>ﬁdem</strong></span> <span class='ocrx_word' id='word_1_422' title='bbox 1131 3272 1480 3341; x_wconf 85' lang='lat' dir='ltr'><strong>accepisset,</strong></span> <span class='ocrx_word' id='word_1_423' title='bbox 1554 3285 1679 3323; x_wconf 91' lang='lat' dir='ltr'><strong>eam</strong></span> <span class='ocrx_word' id='word_1_424' title='bbox 1741 3270 1833 3325; x_wconf 91' lang='lat' dir='ltr'><strong>cui</strong></span> <span class='ocrx_word' id='word_1_425' title='bbox 1882 3278 2118 3339; x_wconf 61' lang='lat' dir='ltr'><strong>praeerat</strong></span> 
     </span>
    </p>
   </div>
   <div class='ocr_carea' id='block_1_64' title="bbox 534 3362 2114 3435">
    <p class='ocr_par' dir='ltr' id='par_1_64' title="bbox 534 3362 2114 3435">
     <span class='ocr_line' id='line_1_64' title="bbox 534 3362 2114 3435; baseline -0.003 -14"><span class='ocrx_word' id='word_1_426' title='bbox 534 3368 774 3421; x_wconf 88' lang='lat' dir='ltr'><strong>militum</strong></span> <span class='ocrx_word' id='word_1_427' title='bbox 810 3381 1033 3421; x_wconf 89' lang='lat' dir='ltr'><strong>manum</strong></span> <span class='ocrx_word' id='word_1_428' title='bbox 1065 3381 1238 3435; x_wconf 86' lang='lat' dir='ltr'><strong>seque</strong></span> <span class='ocrx_word' id='word_1_429' title='bbox 1274 3365 1455 3433; x_wconf 88' lang='lat' dir='ltr'><strong>ipsum</strong></span> <span class='ocrx_word' id='word_1_430' title='bbox 1491 3362 1812 3432; x_wconf 85' lang='lat' dir='ltr'><strong>imperatori</strong></span> <span class='ocrx_word' id='word_1_431' title='bbox 1855 3363 2114 3433; x_wconf 84' lang='lat' dir='ltr'><strong>subjecit.</strong></span> 
     </span>
    </p>
   </div>
   <div class='ocr_carea' id='block_1_65' title="bbox 534 3458 2118 3532">
    <p class='ocr_par' dir='ltr' id='par_1_65' title="bbox 534 3458 2118 3532">
     <span class='ocr_line' id='line_1_65' title="bbox 534 3458 2118 3532; baseline -0.004 -14"><span class='ocrx_word' id='word_1_432' title='bbox 534 3460 677 3518; x_wconf 85' lang='lat' dir='ltr'><strong>Sunt</strong></span> <span class='ocrx_word' id='word_1_433' title='bbox 708 3462 804 3532; x_wconf 89' lang='lat' dir='ltr'><strong>qui</strong></span> <span class='ocrx_word' id='word_1_434' title='bbox 853 3461 1015 3517; x_wconf 87' lang='lat' dir='ltr'><strong>aliter</strong></span> <span class='ocrx_word' id='word_1_435' title='bbox 1050 3458 1316 3524; x_wconf 87' lang='lat' dir='ltr'><strong>referant,</strong></span> <span class='ocrx_word' id='word_1_436' title='bbox 1352 3458 1678 3530; x_wconf 78' lang='lat' dir='ltr'><strong>TheOphobi</strong></span> <span class='ocrx_word' id='word_1_437' title='bbox 1730 3466 1944 3527; x_wconf 87' lang='lat' dir='ltr'><strong>patrem</strong></span> <span class='ocrx_word' id='word_1_438' title='bbox 1987 3472 2118 3527; x_wconf 82' lang='lat' dir='ltr'><strong>ege-</strong></span> 
     </span>
    </p>
   </div>
   <div class='ocr_carea' id='block_1_66' title="bbox 534 3547 2120 3623">
    <p class='ocr_par' dir='ltr' id='par_1_66' title="bbox 534 3547 2120 3623">
     <span class='ocr_line' id='line_1_66' title="bbox 534 3547 2120 3623; baseline -0.005 -13"><span class='ocrx_word' id='word_1_439' title='bbox 534 3569 668 3610; x_wconf 88' lang='lat' dir='ltr'><strong>num</strong></span> <span class='ocrx_word' id='word_1_440' title='bbox 739 3552 1021 3610; x_wconf 86' lang='lat' dir='ltr'><strong>hominem</strong></span> <span class='ocrx_word' id='word_1_441' title='bbox 1080 3551 1406 3623; x_wconf 80' lang='lat' dir='ltr'><strong>Byzantium</strong></span> <span class='ocrx_word' id='word_1_442' title='bbox 1466 3550 1725 3617; x_wconf 90' lang='lat' dir='ltr'><strong>venisse,</strong></span> <span class='ocrx_word' id='word_1_443' title='bbox 1783 3563 1849 3604; x_wconf 91' lang='lat' dir='ltr'><strong>ac</strong></span> <span class='ocrx_word' id='word_1_444' title='bbox 1899 3547 2120 3603; x_wconf 88' lang='lat' dir='ltr'><strong>cuidam</strong></span> 
     </span>
    </p>
   </div>
   <div class='ocr_carea' id='block_1_67' title="bbox 533 3638 2122 3712">
    <p class='ocr_par' dir='ltr' id='par_1_67' title="bbox 533 3638 2122 3712">
     <span class='ocr_line' id='line_1_67' title="bbox 533 3638 2122 3712; baseline -0.004 -12"><span class='ocrx_word' id='word_1_445' title='bbox 533 3646 757 3700; x_wconf 88' lang='lat' dir='ltr'><strong>mulieri</strong></span> <span class='ocrx_word' id='word_1_446' title='bbox 807 3646 912 3700; x_wconf 86' lang='lat' dir='ltr'><strong>sub</strong></span> <span class='ocrx_word' id='word_1_447' title='bbox 962 3643 1221 3699; x_wconf 88' lang='lat' dir='ltr'><strong>mercede</strong></span> <span class='ocrx_word' id='word_1_448' title='bbox 1268 3640 1605 3712; x_wconf 88' lang='lat' dir='ltr'><strong>cauponaria</strong></span> <span class='ocrx_word' id='word_1_449' title='bbox 1653 3639 1890 3696; x_wconf 90' lang='lat' dir='ltr'><strong>merenti</strong></span> <span class='ocrx_word' id='word_1_450' title='bbox 1932 3638 2122 3695; x_wconf 65' lang='lat' dir='ltr'><strong>adha-</strong></span> 
     </span>
    </p>
   </div>
   <div class='ocr_carea' id='block_1_68' title="bbox 535 3734 2122 3809">
    <p class='ocr_par' dir='ltr' id='par_1_68' title="bbox 535 3734 2122 3809">
     <span class='ocr_line' id='line_1_68' title="bbox 535 3734 2122 3809; baseline -0.003 -16"><span class='ocrx_word' id='word_1_451' title='bbox 535 3739 703 3793; x_wconf 81' lang='lat' dir='ltr'><strong>sisse.</strong></span> <span class='ocrx_word' id='word_1_452' title='bbox 732 3738 865 3809; x_wconf 85' lang='lat' dir='ltr'><strong>Ejus</strong></span> <span class='ocrx_word' id='word_1_453' title='bbox 898 3752 1031 3793; x_wconf 89' lang='lat' dir='ltr'><strong>vero</strong></span> <span class='ocrx_word' id='word_1_454' title='bbox 1071 3746 1294 3808; x_wconf 89' lang='lat' dir='ltr'><strong>captum</strong></span> <span class='ocrx_word' id='word_1_455' title='bbox 1324 3752 1514 3792; x_wconf 86' lang='lat' dir='ltr'><strong>amore</strong></span> <span class='ocrx_word' id='word_1_456' title='bbox 1556 3748 1827 3791; x_wconf 86' lang='lat' dir='ltr'><strong>venereos</strong></span> <span class='ocrx_word' id='word_1_457' title='bbox 1861 3750 1989 3791; x_wconf 87' lang='lat' dir='ltr'><strong>cum</strong></span> <span class='ocrx_word' id='word_1_458' title='bbox 2029 3734 2122 3789; x_wconf 86' lang='lat' dir='ltr'><strong>illa</strong></span> 
     </span>
    </p>
   </div>
   <div class='ocr_carea' id='block_1_69' title="bbox 537 3827 2124 3899">
    <p class='ocr_par' dir='ltr' id='par_1_69' title="bbox 537 3827 2124 3899">
     <span class='ocr_line' id='line_1_69' title="bbox 537 3827 2124 3899; baseline -0.001 -15"><span class='ocrx_word' id='word_1_459' title='bbox 537 3828 823 3899; x_wconf 83' lang='lat' dir='ltr'><strong>amplexus</strong></span> <span class='ocrx_word' id='word_1_460' title='bbox 862 3828 1164 3895; x_wconf 85' lang='lat' dir='ltr'><strong>habuisse;</strong></span> <span class='ocrx_word' id='word_1_461' title='bbox 1195 3843 1264 3884; x_wconf 77' lang='lat' dir='ltr'><strong>ex</strong></span> <span class='ocrx_word' id='word_1_462' title='bbox 1293 3844 1404 3897; x_wconf 91' lang='lat' dir='ltr'><strong>quo</strong></span> <span class='ocrx_word' id='word_1_463' title='bbox 1433 3828 1633 3884; x_wconf 89' lang='lat' dir='ltr'><strong>mulier</strong></span> <span class='ocrx_word' id='word_1_464' title='bbox 1670 3842 1797 3883; x_wconf 89' lang='lat' dir='ltr'><strong>cum</strong></span> <span class='ocrx_word' id='word_1_465' title='bbox 1836 3827 2124 3897; x_wconf 82' lang='lat' dir='ltr'><strong>concepis-</strong></span> 
     </span>
    </p>
   </div>
   <div class='ocr_carea' id='block_1_70' title="bbox 536 3918 2122 3991">
    <p class='ocr_par' dir='ltr' id='par_1_70' title="bbox 536 3918 2122 3991">
     <span class='ocr_line' id='line_1_70' title="bbox 536 3918 2122 3991; baseline -0.001 -16"><span class='ocrx_word' id='word_1_466' title='bbox 536 3930 642 3987; x_wconf 87' lang='lat' dir='ltr'><strong>set,</strong></span> <span class='ocrx_word' id='word_1_467' title='bbox 687 3923 994 3975; x_wconf 87' lang='lat' dir='ltr'><strong>masculum</strong></span> <span class='ocrx_word' id='word_1_468' title='bbox 1044 3921 1349 3991; x_wconf 87' lang='lat' dir='ltr'><strong>peperisse.</strong></span> <span class='ocrx_word' id='word_1_469' title='bbox 1404 3920 1601 3975; x_wconf 88' lang='lat' dir='ltr'><strong>Persas</strong></span> <span class='ocrx_word' id='word_1_470' title='bbox 1642 3918 1828 3990; x_wconf 89' lang='lat' dir='ltr'><strong>itaque</strong></span> <span class='ocrx_word' id='word_1_471' title='bbox 1872 3928 2122 3974; x_wconf 86' lang='lat' dir='ltr'><strong>astrono-</strong></span> 
     </span>
    </p>
   </div>
   <div class='ocr_carea' id='block_1_71' title="bbox 538 4012 2124 4073">
    <p class='ocr_par' dir='ltr' id='par_1_71' title="bbox 538 4012 2124 4073">
     <span class='ocr_line' id='line_1_71' title="bbox 538 4012 2124 4073; baseline 0 -6"><span class='ocrx_word' id='word_1_472' title='bbox 538 4016 684 4069; x_wconf 86' lang='lat' dir='ltr'><strong>mica</strong></span> <span class='ocrx_word' id='word_1_473' title='bbox 714 4015 944 4073; x_wconf 88' lang='lat' dir='ltr'><strong>scientia</strong></span> <span class='ocrx_word' id='word_1_474' title='bbox 972 4030 1039 4071; x_wconf 89' lang='lat' dir='ltr'><strong>ac</strong></span> <span class='ocrx_word' id='word_1_475' title='bbox 1059 4016 1343 4071; x_wconf 87' lang='lat' dir='ltr'><strong>vaticinali</strong></span> <span class='ocrx_word' id='word_1_476' title='bbox 1370 4014 1597 4070; x_wconf 89' lang='lat' dir='ltr'><strong>solertia</strong></span> <span class='ocrx_word' id='word_1_477' title='bbox 1629 4012 2124 4070; x_wconf 82' lang='lat' dir='ltr'><strong>exercitatissimos</strong></span> 
     </span>
    </p>
   </div>
   <div class='ocr_carea' id='block_1_72' title="bbox 542 4102 2124 4179">
    <p class='ocr_par' dir='ltr' id='par_1_72' title="bbox 542 4102 2124 4179">
     <span class='ocr_line' id='line_1_72' title="bbox 542 4102 2124 4179; baseline -0.001 -19"><span class='ocrx_word' id='word_1_478' title='bbox 542 4106 832 4161; x_wconf 78' lang='lat' dir='ltr'><strong>Persarum</strong></span> <span class='ocrx_word' id='word_1_479' title='bbox 865 4108 1011 4179; x_wconf 88' lang='lat' dir='ltr'><strong>regis</strong></span> <span class='ocrx_word' id='word_1_480' title='bbox 1050 4106 1267 4163; x_wconf 81' lang='lat' dir='ltr'><strong>aﬂinem</strong></span> <span class='ocrx_word' id='word_1_481' title='bbox 1296 4106 1592 4178; x_wconf 88' lang='lat' dir='ltr'><strong>quemdam</strong></span> <span class='ocrx_word' id='word_1_482' title='bbox 1636 4104 1885 4177; x_wconf 81' lang='lat' dir='ltr'><strong>Byzantii</strong></span> <span class='ocrx_word' id='word_1_483' title='bbox 1912 4102 2124 4159; x_wconf 85' lang='lat' dir='ltr'><strong>versari</strong></span> 
     </span>
    </p>
   </div>
   <div class='ocr_carea' id='block_1_73' title="bbox 542 4196 2125 4269">
    <p class='ocr_par' dir='ltr' id='par_1_73' title="bbox 542 4196 2125 4269">
     <span class='ocr_line' id='line_1_73' title="bbox 542 4196 2125 4269; baseline -0.001 -16"><span class='ocrx_word' id='word_1_484' title='bbox 542 4200 904 4267; x_wconf 77' lang='lat' dir='ltr'><strong>cognovisse;</strong></span> <span class='ocrx_word' id='word_1_485' title='bbox 969 4210 1198 4269; x_wconf 91' lang='lat' dir='ltr'><strong>tumque</strong></span> <span class='ocrx_word' id='word_1_486' title='bbox 1263 4199 1334 4253; x_wconf 88' lang='lat' dir='ltr'><strong>ad</strong></span> <span class='ocrx_word' id='word_1_487' title='bbox 1398 4198 1787 4269; x_wconf 88' lang='lat' dir='ltr'><strong>imperatorem</strong></span> <span class='ocrx_word' id='word_1_488' title='bbox 1844 4196 2125 4267; x_wconf 76' lang='lat' dir='ltr'><strong>ingressos</strong></span> 
     </span>
    </p>
   </div>
   <div class='ocr_carea' id='block_1_74' title="bbox 541 4287 2125 4361">
    <p class='ocr_par' dir='ltr' id='par_1_74' title="bbox 541 4287 2125 4361">
     <span class='ocr_line' id='line_1_74' title="bbox 541 4287 2125 4361; baseline -0.003 -15"><span class='ocrx_word' id='word_1_489' title='bbox 541 4289 705 4360; x_wconf 80' lang='lat'><strong>627</strong></span> <span class='ocrx_word' id='word_1_490' title='bbox 734 4305 882 4355; x_wconf 91' lang='lat' dir='ltr'><strong>eum,</strong></span> <span class='ocrx_word' id='word_1_491' title='bbox 918 4292 1077 4361; x_wconf 84' lang='lat' dir='ltr'><strong>cujus</strong></span> <span class='ocrx_word' id='word_1_492' title='bbox 1104 4306 1269 4346; x_wconf 90' lang='lat' dir='ltr'><strong>causa</strong></span> <span class='ocrx_word' id='word_1_493' title='bbox 1309 4292 1417 4347; x_wconf 92' lang='lat' dir='ltr'><strong>iter</strong></span> <span class='ocrx_word' id='word_1_494' title='bbox 1457 4295 1839 4360; x_wconf 89' lang='lat' dir='ltr'><strong>susceperant,</strong></span> <span class='ocrx_word' id='word_1_495' title='bbox 1886 4287 2125 4359; x_wconf 81' lang='lat' dir='ltr'><strong>diligen-</strong></span> 
     </span>
    </p>
   </div>
   <div class='ocr_carea' id='block_1_75' title="bbox 548 4386 2127 4460">
    <p class='ocr_par' dir='ltr' id='par_1_75' title="bbox 548 4386 2127 4460">
     <span class='ocr_line' id='line_1_75' title="bbox 548 4386 2127 4460; baseline -0.001 -20"><span class='ocrx_word' id='word_1_496' title='bbox 548 4396 633 4440; x_wconf 83' lang='lat' dir='ltr'><strong>ter</strong></span> <span class='ocrx_word' id='word_1_497' title='bbox 673 4386 1032 4454; x_wconf 56' lang='lat' dir='ltr'><strong>quaerendum</strong></span> <span class='ocrx_word' id='word_1_498' title='bbox 1090 4404 1330 4460; x_wconf 87' lang='lat' dir='ltr'><strong>rogasse.</strong></span> <span class='ocrx_word' id='word_1_499' title='bbox 1386 4388 1801 4458; x_wconf 81' lang='lat' dir='ltr'><strong>Imperatorem,</strong></span> <span class='ocrx_word' id='word_1_500' title='bbox 1848 4400 1974 4441; x_wconf 88' lang='lat' dir='ltr'><strong>cum</strong></span> <span class='ocrx_word' id='word_1_501' title='bbox 2026 4401 2127 4439; x_wconf 82' lang='lat' dir='ltr'><strong>au-</strong></span> 
     </span>
    </p>
   </div>
   <div class='ocr_carea' id='block_1_76' title="bbox 546 4476 2123 4546">
    <p class='ocr_par' dir='ltr' id='par_1_76' title="bbox 546 4476 2123 4546">
     <span class='ocr_line' id='line_1_76' title="bbox 546 4476 2123 4546; baseline 0.003 -16"><span class='ocrx_word' id='word_1_502' title='bbox 546 4476 718 4533; x_wconf 84' lang='lat' dir='ltr'><strong>disset</strong></span> <span class='ocrx_word' id='word_1_503' title='bbox 747 4477 928 4546; x_wconf 89' lang='lat' dir='ltr'><strong>deque</strong></span> <span class='ocrx_word' id='word_1_504' title='bbox 958 4477 1182 4533; x_wconf 90' lang='lat' dir='ltr'><strong>homine</strong></span> <span class='ocrx_word' id='word_1_505' title='bbox 1219 4481 1413 4536; x_wconf 89' lang='lat' dir='ltr'><strong>sedulo</strong></span> <span class='ocrx_word' id='word_1_506' title='bbox 1442 4480 1757 4536; x_wconf 89' lang='lat' dir='ltr'><strong>sciscitatus</strong></span> <span class='ocrx_word' id='word_1_507' title='bbox 1783 4487 1953 4544; x_wconf 83' lang='lat' dir='ltr'><strong>esset,</strong></span> <span class='ocrx_word' id='word_1_508' title='bbox 1986 4478 2123 4534; x_wconf 89' lang='lat' dir='ltr'><strong>nihil</strong></span> 
     </span>
    </p>
   </div>
   <div class='ocr_carea' id='block_1_77' title="bbox 544 4568 2122 4637">
    <p class='ocr_par' dir='ltr' id='par_1_77' title="bbox 544 4568 2122 4637">
     <span class='ocr_line' id='line_1_77' title="bbox 544 4568 2122 4637; baseline 0.003 -17"><span class='ocrx_word' id='word_1_509' title='bbox 544 4583 727 4637; x_wconf 64' lang='lat' dir='ltr'><strong>operm</strong></span> <span class='ocrx_word' id='word_1_510' title='bbox 757 4568 975 4623; x_wconf 88' lang='lat' dir='ltr'><strong>fecisse.</strong></span> <span class='ocrx_word' id='word_1_511' title='bbox 1002 4569 1203 4624; x_wconf 78' lang='lat' dir='ltr'><strong>Postea</strong></span> <span class='ocrx_word' id='word_1_512' title='bbox 1228 4581 1411 4626; x_wconf 88' lang='lat' dir='ltr'><strong>tamen</strong></span> <span class='ocrx_word' id='word_1_513' title='bbox 1441 4571 1665 4625; x_wconf 88' lang='lat' dir='ltr'><strong>inventa</strong></span> <span class='ocrx_word' id='word_1_514' title='bbox 1705 4569 1962 4634; x_wconf 90' lang='lat' dir='ltr'><strong>muliere,</strong></span> <span class='ocrx_word' id='word_1_515' title='bbox 1996 4583 2122 4624; x_wconf 90' lang='lat' dir='ltr'><strong>eum</strong></span> 
     </span>
    </p>
   </div>
   <div class='ocr_carea' id='block_1_78' title="bbox 544 4657 2123 4728">
    <p class='ocr_par' dir='ltr' id='par_1_78' title="bbox 544 4657 2123 4728">
     <span class='ocr_line' id='line_1_78' title="bbox 544 4657 2123 4728; baseline 0.003 -17"><span class='ocrx_word' id='word_1_516' title='bbox 544 4674 653 4728; x_wconf 84' lang='lat' dir='ltr'><strong>qua</strong></span> <span class='ocrx_word' id='word_1_517' title='bbox 683 4657 867 4714; x_wconf 86' lang='lat' dir='ltr'><strong>Babec</strong></span> <span class='ocrx_word' id='word_1_518' title='bbox 888 4658 1054 4714; x_wconf 83' lang='lat' dir='ltr'><strong>Persa</strong></span> <span class='ocrx_word' id='word_1_519' title='bbox 1114 4671 1368 4716; x_wconf 88' lang='lat' dir='ltr'><strong>versatus</strong></span> <span class='ocrx_word' id='word_1_520' title='bbox 1428 4662 1631 4724; x_wconf 88' lang='lat' dir='ltr'><strong>fuerat,</strong></span> <span class='ocrx_word' id='word_1_521' title='bbox 1673 4659 1937 4715; x_wconf 86' lang='lat' dir='ltr'><strong>didicisse</strong></span> <span class='ocrx_word' id='word_1_522' title='bbox 1967 4659 2123 4715; x_wconf 90' lang='lat' dir='ltr'><strong>illum</strong></span> 
     </span>
    </p>
   </div>
   <div class='ocr_carea' id='block_1_79' title="bbox 548 4748 2127 4823">
    <p class='ocr_par' dir='ltr' id='par_1_79' title="bbox 548 4748 2127 4823">
     <span class='ocr_line' id='line_1_79' title="bbox 548 4748 2127 4823; baseline 0.003 -21"><span class='ocrx_word' id='word_1_523' title='bbox 548 4748 774 4819; x_wconf 86' lang='lat' dir='ltr'><strong>quidem</strong></span> <span class='ocrx_word' id='word_1_524' title='bbox 810 4753 923 4822; x_wconf 88' lang='lat' dir='ltr'><strong>jam</strong></span> <span class='ocrx_word' id='word_1_525' title='bbox 954 4752 1097 4807; x_wconf 84' lang='lat' dir='ltr'><strong>vivis</strong></span> <span class='ocrx_word' id='word_1_526' title='bbox 1133 4753 1457 4818; x_wconf 79' lang='lat' dir='ltr'><strong>excessisse,</strong></span> <span class='ocrx_word' id='word_1_527' title='bbox 1491 4768 1655 4823; x_wconf 90' lang='lat' dir='ltr'><strong>quem</strong></span> <span class='ocrx_word' id='word_1_528' title='bbox 1689 4761 1873 4806; x_wconf 89' lang='lat' dir='ltr'><strong>autem</strong></span> <span class='ocrx_word' id='word_1_529' title='bbox 1915 4768 1981 4806; x_wconf 78' lang='lat' dir='ltr'><strong>ex</strong></span> <span class='ocrx_word' id='word_1_530' title='bbox 2016 4750 2127 4807; x_wconf 90' lang='lat' dir='ltr'><strong>illis</strong></span> 
     </span>
    </p>
   </div>
   <div class='ocr_carea' id='block_1_80' title="bbox 544 4844 2121 4917">
    <p class='ocr_par' dir='ltr' id='par_1_80' title="bbox 544 4844 2121 4917">
     <span class='ocr_line' id='line_1_80' title="bbox 544 4844 2121 4917; baseline 0.001 -19"><span class='ocrx_word' id='word_1_531' title='bbox 544 4844 887 4913; x_wconf 73' lang='lat' dir='ltr'><strong>aiitplcxibus</strong></span> <span class='ocrx_word' id='word_1_532' title='bbox 919 4845 1089 4901; x_wconf 85' lang='lat' dir='ltr'><strong>lilium</strong></span> <span class='ocrx_word' id='word_1_533' title='bbox 1118 4848 1479 4911; x_wconf 86' lang='lat' dir='ltr'><strong>sustulerant,</strong></span> <span class='ocrx_word' id='word_1_534' title='bbox 1528 4846 1710 4902; x_wconf 89' lang='lat' dir='ltr'><strong>adhuc</strong></span> <span class='ocrx_word' id='word_1_535' title='bbox 1765 4847 2121 4917; x_wconf 86' lang='lat' dir='ltr'><strong>superstitem</strong></span> 
     </span>
    </p>
   </div>
   <div class='ocr_carea' id='block_1_81' title="bbox 544 4936 2122 5010">
    <p class='ocr_par' dir='ltr' id='par_1_81' title="bbox 544 4936 2122 5010">
     <span class='ocr_line' id='line_1_81' title="bbox 544 4936 2122 5010; baseline 0.001 -19"><span class='ocrx_word' id='word_1_536' title='bbox 544 4952 689 5001; x_wconf 86' lang='lat' dir='ltr'><strong>esse,</strong></span> <span class='ocrx_word' id='word_1_537' title='bbox 718 4951 782 4991; x_wconf 89' lang='lat' dir='ltr'><strong>ac</strong></span> <span class='ocrx_word' id='word_1_538' title='bbox 811 4936 1165 4994; x_wconf 87' lang='lat' dir='ltr'><strong>duodennem</strong></span> <span class='ocrx_word' id='word_1_539' title='bbox 1193 4939 1298 5010; x_wconf 87' lang='lat' dir='ltr'><strong>ipsi</strong></span> <span class='ocrx_word' id='word_1_540' title='bbox 1356 4940 1703 5005; x_wconf 83' lang='lat' dir='ltr'><strong>ostendisse;</strong></span> <span class='ocrx_word' id='word_1_541' title='bbox 1765 4954 2004 5008; x_wconf 89' lang='lat' dir='ltr'><strong>eumque</strong></span> <span class='ocrx_word' id='word_1_542' title='bbox 2032 4953 2122 4992; x_wconf 86' lang='lat' dir='ltr'><strong>as—</strong></span> 
     </span>
    </p>
   </div>
   <div class='ocr_carea' id='block_1_82' title="bbox 545 5034 2124 5105">
    <p class='ocr_par' dir='ltr' id='par_1_82' title="bbox 545 5034 2124 5105">
     <span class='ocr_line' id='line_1_82' title="bbox 545 5034 2124 5105; baseline 0 -19"><span class='ocrx_word' id='word_1_543' title='bbox 545 5048 826 5103; x_wconf 79' lang='lat' dir='ltr'><strong>sumplum</strong></span> <span class='ocrx_word' id='word_1_544' title='bbox 882 5036 1269 5105; x_wconf 88' lang='lat' dir='ltr'><strong>imperatorem</strong></span> <span class='ocrx_word' id='word_1_545' title='bbox 1324 5036 1380 5090; x_wconf 90' lang='lat' dir='ltr'><strong>in</strong></span> <span class='ocrx_word' id='word_1_546' title='bbox 1427 5037 1553 5092; x_wconf 88' lang='lat' dir='ltr'><strong>aula</strong></span> <span class='ocrx_word' id='word_1_547' title='bbox 1620 5034 1907 5100; x_wconf 87' lang='lat' dir='ltr'><strong>educasse,</strong></span> <span class='ocrx_word' id='word_1_548' title='bbox 1957 5035 2124 5105; x_wconf 88' lang='lat' dir='ltr'><strong>inque</strong></span> 
     </span>
    </p>
   </div>
   <div class='ocr_carea' id='block_1_83' title="bbox 544 5130 1658 5187">
    <p class='ocr_par' dir='ltr' id='par_1_83' title="bbox 544 5130 1658 5187">
     <span class='ocr_line' id='line_1_83' title="bbox 544 5130 1658 5187; baseline 0.002 -6"><span class='ocrx_word' id='word_1_549' title='bbox 544 5130 813 5183; x_wconf 87' lang='lat' dir='ltr'><strong>militares</strong></span> <span class='ocrx_word' id='word_1_550' title='bbox 850 5146 1110 5186; x_wconf 90' lang='lat' dir='ltr'><strong>numeros</strong></span> <span class='ocrx_word' id='word_1_551' title='bbox 1140 5131 1335 5187; x_wconf 89' lang='lat' dir='ltr'><strong>Persas</strong></span> <span class='ocrx_word' id='word_1_552' title='bbox 1383 5131 1658 5186; x_wconf 87' lang='lat' dir='ltr'><strong>retulisse.</strong></span> 
     </span>
    </p>
   </div>
   <div class='ocr_carea' id='block_1_84' title="bbox 595 5263 2122 5335">
    <p class='ocr_par' dir='ltr' id='par_1_84' title="bbox 595 5263 2122 5335">
     <span class='ocr_line' id='line_1_84' title="bbox 595 5263 2122 5335; baseline 0 -16"><span class='ocrx_word' id='word_1_553' title='bbox 595 5268 647 5319; x_wconf 79' lang='grc'>4.</span> <span class='ocrx_word' id='word_1_554' title='bbox 687 5265 1029 5334; x_wconf 84' lang='lat' dir='ltr'><strong>Theophilus</strong></span> <span class='ocrx_word' id='word_1_555' title='bbox 1053 5267 1237 5335; x_wconf 87' lang='lat' dir='ltr'><strong>itaque</strong></span> <span class='ocrx_word' id='word_1_556' title='bbox 1262 5267 1582 5335; x_wconf 87' lang='lat' dir='ltr'><strong>imperator,</strong></span> <span class='ocrx_word' id='word_1_557' title='bbox 1616 5278 1741 5319; x_wconf 90' lang='lat' dir='ltr'><strong>cum</strong></span> <span class='ocrx_word' id='word_1_558' title='bbox 1790 5277 1976 5318; x_wconf 90' lang='lat' dir='ltr'><strong>rerum</strong></span> <span class='ocrx_word' id='word_1_559' title='bbox 2006 5263 2122 5319; x_wconf 85' lang='lat' dir='ltr'><strong>ele-</strong></span> 
     </span>
    </p>
   </div>
   <div class='ocr_carea' id='block_1_85' title="bbox 544 5354 2119 5428">
    <p class='ocr_par' dir='ltr' id='par_1_85' title="bbox 544 5354 2119 5428">
     <span class='ocr_line' id='line_1_85' title="bbox 544 5354 2119 5428; baseline -0.003 -17"><span class='ocrx_word' id='word_1_560' title='bbox 544 5358 728 5428; x_wconf 65' lang='lat' dir='ltr'><strong>gantia</strong></span> <span class='ocrx_word' id='word_1_561' title='bbox 758 5370 1068 5427; x_wconf 85' lang='lat' dir='ltr'><strong>ornatuque</strong></span> <span class='ocrx_word' id='word_1_562' title='bbox 1110 5375 1174 5413; x_wconf 94' lang='lat' dir='ltr'><strong>ac</strong></span> <span class='ocrx_word' id='word_1_563' title='bbox 1217 5367 1437 5427; x_wconf 88' lang='lat' dir='ltr'><strong>sumptu</strong></span> <span class='ocrx_word' id='word_1_564' title='bbox 1493 5356 1889 5418; x_wconf 85' lang='lat' dir='ltr'><strong>delectaretur,</strong></span> <span class='ocrx_word' id='word_1_565' title='bbox 1917 5354 2119 5409; x_wconf 78' lang='lat' dir='ltr'><strong>Penta-</strong></span> 
     </span>
    </p>
   </div>
   <div class='ocr_carea' id='block_1_86' title="bbox 546 5445 2120 5523">
    <p class='ocr_par' dir='ltr' id='par_1_86' title="bbox 546 5445 2120 5523">
     <span class='ocr_line' id='line_1_86' title="bbox 546 5445 2120 5523; baseline -0.003 -19"><span class='ocrx_word' id='word_1_566' title='bbox 546 5452 802 5523; x_wconf 74' lang='lat' dir='ltr'><strong>pyrgium</strong></span> <span class='ocrx_word' id='word_1_567' title='bbox 820 5469 885 5508; x_wconf 84' lang='lat' dir='ltr'><strong>es</strong></span> <span class='ocrx_word' id='word_1_568' title='bbox 915 5454 1130 5522; x_wconf 81' lang='lat' dir='ltr'><strong>integro</strong></span> <span class='ocrx_word' id='word_1_569' title='bbox 1163 5452 1466 5506; x_wconf 85' lang='lat' dir='ltr'><strong>fabricatus</strong></span> <span class='ocrx_word' id='word_1_570' title='bbox 1490 5459 1595 5510; x_wconf 83' lang='lat' dir='ltr'><strong>est,</strong></span> <span class='ocrx_word' id='word_1_571' title='bbox 1626 5448 1850 5517; x_wconf 89' lang='lat' dir='ltr'><strong>duoque</strong></span> <span class='ocrx_word' id='word_1_572' title='bbox 1882 5445 2120 5501; x_wconf 76' lang='lat' dir='ltr'><strong>maxima</strong></span> 
     </span>
    </p>
   </div>
   <div class='ocr_carea' id='block_1_87' title="bbox 544 5537 2117 5616">
    <p class='ocr_par' dir='ltr' id='par_1_87' title="bbox 544 5537 2117 5616">
     <span class='ocr_line' id='line_1_87' title="bbox 544 5537 2117 5616; baseline -0.003 -20"><span class='ocrx_word' id='word_1_573' title='bbox 544 5559 751 5616; x_wconf 79' lang='lat' dir='ltr'><strong>organa</strong></span> <span class='ocrx_word' id='word_1_574' title='bbox 780 5560 917 5599; x_wconf 91' lang='lat' dir='ltr'><strong>auro</strong></span> <span class='ocrx_word' id='word_1_575' title='bbox 959 5544 1132 5601; x_wconf 85' lang='lat' dir='ltr'><strong>solida</strong></span> <span class='ocrx_word' id='word_1_576' title='bbox 1193 5544 1430 5599; x_wconf 89' lang='lat' dir='ltr'><strong>diversis</strong></span> <span class='ocrx_word' id='word_1_577' title='bbox 1480 5541 1830 5599; x_wconf 86' lang='lat' dir='ltr'><strong>interstincta</strong></span> <span class='ocrx_word' id='word_1_578' title='bbox 1890 5537 2117 5609; x_wconf 87' lang='lat' dir='ltr'><strong>lapillis,</strong></span> 
     </span>
    </p>
   </div>
   <div class='ocr_carea' id='block_1_88' title="bbox 2218 3199 3800 3274">
    <p class='ocr_par' dir='ltr' id='par_1_88' title="bbox 2218 3199 3800 3274">
     <span class='ocr_line' id='line_1_88' title="bbox 2218 3199 3800 3274; baseline 0.001 -19"><span class='ocrx_word' id='word_1_579' title='bbox 2218 3199 2484 3269; x_wconf 84' lang='grc' dir='ltr'>βασιλέως</span> <span class='ocrx_word' id='word_1_580' title='bbox 2506 3201 2823 3270; x_wconf 79' lang='grc' dir='ltr'><strong>δεξάμενος,</strong></span> <span class='ocrx_word' id='word_1_581' title='bbox 2872 3203 2965 3258; x_wconf 74' lang='grc' dir='ltr'>τὸν</span> <span class='ocrx_word' id='word_1_582' title='bbox 2986 3204 3081 3257; x_wconf 81' lang='grc' dir='ltr'><strong>ὑπ’</strong></span> <span class='ocrx_word' id='word_1_583' title='bbox 3120 3202 3271 3274; x_wconf 79' lang='grc' dir='ltr'><strong>αὐτῷ</strong></span> <span class='ocrx_word' id='word_1_584' title='bbox 3304 3203 3436 3259; x_wconf 73' lang='grc' dir='ltr'>λαὸν</span> <span class='ocrx_word' id='word_1_585' title='bbox 3476 3206 3572 3258; x_wconf 79' lang='grc' dir='ltr'>καὶ</span> <span class='ocrx_word' id='word_1_586' title='bbox 3600 3205 3800 3259; x_wconf 79' lang='grc' dir='ltr'>ἑαυτὸν</span> 
     </span>
    </p>
   </div>
   <div class='ocr_carea' id='block_1_89' title="bbox 2215 3290 3797 3376">
    <p class='ocr_par' dir='ltr' id='par_1_89' title="bbox 2215 3290 3797 3376">
     <span class='ocr_line' id='line_1_89' title="bbox 2215 3290 3797 3376; baseline 0.003 -33"><span class='ocrx_word' id='word_1_587' title='bbox 2215 3290 2294 3361; x_wconf 82' lang='grc' dir='ltr'>τῷ</span> <span class='ocrx_word' id='word_1_588' title='bbox 2322 3290 2535 3361; x_wconf 71' lang='grc' dir='ltr'>βασιλεῖ</span> <span class='ocrx_word' id='word_1_589' title='bbox 2583 3292 2828 3363; x_wconf 71' lang='grc' dir='ltr'><strong>ὑπήκοον</strong></span> <span class='ocrx_word' id='word_1_590' title='bbox 2862 3293 3132 3348; x_wconf 79' lang='grc' dir='ltr'>τέθεικεν.</span> <span class='ocrx_word' id='word_1_591' title='bbox 3175 3293 3387 3357; x_wconf 76' lang='grc' dir='ltr'>Ἄλλως</span> <span class='ocrx_word' id='word_1_592' title='bbox 3420 3293 3477 3348; x_wconf 85' lang='grc' dir='ltr'><strong>δέ</strong></span> <span class='ocrx_word' id='word_1_593' title='bbox 3514 3311 3701 3376; x_wconf 58' lang='grc' dir='ltr'>φασιν.</span> <span class='ocrx_word' id='word_1_594' title='bbox 3716 3294 3797 3348; x_wconf 81' lang='grc' dir='ltr'><strong>ὅτι</strong></span> 
     </span>
    </p>
   </div>
   <div class='ocr_carea' id='block_1_90' title="bbox 2216 3382 3800 3458">
    <p class='ocr_par' dir='ltr' id='par_1_90' title="bbox 2216 3382 3800 3458">
     <span class='ocr_line' id='line_1_90' title="bbox 2216 3382 3800 3458; baseline 0.001 -21"><span class='ocrx_word' id='word_1_595' title='bbox 2216 3384 2246 3437; x_wconf 83' lang='grc' dir='ltr'>ὁ</span> <span class='ocrx_word' id='word_1_596' title='bbox 2273 3382 2364 3436; x_wconf 84' lang='grc' dir='ltr'>τοῦ</span> <span class='ocrx_word' id='word_1_597' title='bbox 2398 3384 2673 3454; x_wconf 77' lang='grc' dir='ltr'>Θεοφόόου</span> <span class='ocrx_word' id='word_1_598' title='bbox 2707 3385 2891 3457; x_wconf 77' lang='grc' dir='ltr'>πατὴρ</span> <span class='ocrx_word' id='word_1_599' title='bbox 2937 3386 3109 3458; x_wconf 77' lang='grc' dir='ltr'>είσῄει</span> <span class='ocrx_word' id='word_1_600' title='bbox 3138 3384 3218 3456; x_wconf 80' lang='grc' dir='ltr'>τῷ</span> <span class='ocrx_word' id='word_1_601' title='bbox 3248 3385 3529 3458; x_wconf 77' lang='grc' dir='ltr'><strong>Βυζαντίῳ</strong></span> <span class='ocrx_word' id='word_1_602' title='bbox 3562 3386 3800 3455; x_wconf 84' lang='grc' dir='ltr'>πενόμε-</span> 
     </span>
    </p>
   </div>
   <div class='ocr_carea' id='block_1_91' title="bbox 2218 3477 3803 3551">
    <p class='ocr_par' dir='ltr' id='par_1_91' title="bbox 2218 3477 3803 3551">
     <span class='ocr_line' id='line_1_91' title="bbox 2218 3477 3803 3551; baseline 0.002 -20"><span class='ocrx_word' id='word_1_603' title='bbox 2218 3493 2329 3541; x_wconf 82' lang='grc' dir='ltr'>νος,</span> <span class='ocrx_word' id='word_1_604' title='bbox 2354 3477 2450 3531; x_wconf 83' lang='grc' dir='ltr'><strong>καί</strong></span> <span class='ocrx_word' id='word_1_605' title='bbox 2486 3495 2593 3533; x_wconf 85' lang='grc' dir='ltr'>τινι</span> <span class='ocrx_word' id='word_1_606' title='bbox 2621 3481 2843 3547; x_wconf 71' lang='grc' dir='ltr'>γυναικὶ</span> <span class='ocrx_word' id='word_1_607' title='bbox 2893 3480 3037 3535; x_wconf 87' lang='grc' dir='ltr'><strong>κατά</strong></span> <span class='ocrx_word' id='word_1_608' title='bbox 3090 3478 3420 3551; x_wconf 83' lang='grc' dir='ltr'>μισθαρνίαν</span> <span class='ocrx_word' id='word_1_609' title='bbox 3466 3478 3803 3549; x_wconf 71' lang='grc' dir='ltr'>καπηλεύειν</span> 
     </span>
    </p>
   </div>
   <div class='ocr_carea' id='block_1_92' title="bbox 2219 3567 3802 3644">
    <p class='ocr_par' dir='ltr' id='par_1_92' title="bbox 2219 3567 3802 3644">
     <span class='ocr_line' id='line_1_92' title="bbox 2219 3567 3802 3644; baseline 0.003 -23"><span class='ocrx_word' id='word_1_610' title='bbox 2219 3567 2461 3641; x_wconf 76' lang='grc' dir='ltr'>λαχούσῃ</span> <span class='ocrx_word' id='word_1_611' title='bbox 2508 3570 3014 3643; x_wconf 83' lang='grc' dir='ltr'>προσκεκόλληται·</span> <span class='ocrx_word' id='word_1_612' title='bbox 3044 3571 3106 3636; x_wconf 76' lang='grc' dir='ltr'>ὃς</span> <span class='ocrx_word' id='word_1_613' title='bbox 3155 3572 3235 3643; x_wconf 83' lang='grc' dir='ltr'><strong>τῷ</strong></span> <span class='ocrx_word' id='word_1_614' title='bbox 3263 3572 3401 3644; x_wconf 78' lang='grc' dir='ltr'>πρὸς</span> <span class='ocrx_word' id='word_1_615' title='bbox 3442 3571 3612 3642; x_wconf 79' lang='grc' dir='ltr'>αὐτὴν</span> <span class='ocrx_word' id='word_1_616' title='bbox 3635 3570 3802 3643; x_wconf 77' lang='grc' dir='ltr'>ἔρωτι</span> 
     </span>
    </p>
   </div>
   <div class='ocr_carea' id='block_1_93' title="bbox 2222 3662 3804 3739">
    <p class='ocr_par' dir='ltr' id='par_1_93' title="bbox 2222 3662 3804 3739">
     <span class='ocr_line' id='line_1_93' title="bbox 2222 3662 3804 3739; baseline 0.001 -20"><span class='ocrx_word' id='word_1_617' title='bbox 2222 3666 2385 3732; x_wconf 79' lang='grc' dir='ltr'>ἀλοὺς</span> <span class='ocrx_word' id='word_1_618' title='bbox 2409 3668 2548 3738; x_wconf 81' lang='grc' dir='ltr'>πρὸς</span> <span class='ocrx_word' id='word_1_619' title='bbox 2575 3667 2771 3739; x_wconf 80' lang='grc' dir='ltr'>ἡδονὴν</span> <span class='ocrx_word' id='word_1_620' title='bbox 2794 3667 3193 3739; x_wconf 78' lang='grc' dir='ltr'>συμσιδάζεται</span> <span class='ocrx_word' id='word_1_621' title='bbox 3216 3685 3230 3699; x_wconf 81' lang='grc'><em>’</em></span> <span class='ocrx_word' id='word_1_622' title='bbox 3265 3670 3327 3734; x_wconf 77' lang='grc' dir='ltr'><strong>ἐξ</strong></span> <span class='ocrx_word' id='word_1_623' title='bbox 3354 3662 3416 3723; x_wconf 77' lang='grc' dir='ltr'><strong>οὗ</strong></span> <span class='ocrx_word' id='word_1_624' title='bbox 3444 3666 3804 3739; x_wconf 81' lang='grc' dir='ltr'>συνειληφυῐα</span> 
     </span>
    </p>
   </div>
   <div class='ocr_carea' id='block_1_94' title="bbox 2221 3758 3805 3831">
    <p class='ocr_par' dir='ltr' id='par_1_94' title="bbox 2221 3758 3805 3831">
     <span class='ocr_line' id='line_1_94' title="bbox 2221 3758 3805 3831; baseline 0.002 -21"><span class='ocrx_word' id='word_1_625' title='bbox 2221 3758 2429 3828; x_wconf 77' lang='grc' dir='ltr'>ἀρρενα</span> <span class='ocrx_word' id='word_1_626' title='bbox 2455 3758 2741 3812; x_wconf 78' lang='grc' dir='ltr'>ὲκτέτοκεν</span> <span class='ocrx_word' id='word_1_627' title='bbox 2777 3760 2844 3813; x_wconf 81' lang='grc'><strong>³³.</strong></span> <span class='ocrx_word' id='word_1_628' title='bbox 2872 3760 2933 3813; x_wconf 81' lang='grc' dir='ltr'><strong>οἱ</strong></span> <span class='ocrx_word' id='word_1_629' title='bbox 2968 3758 3063 3815; x_wconf 75' lang='grc' dir='ltr'><strong>οὖν</strong></span> <span class='ocrx_word' id='word_1_630' title='bbox 3099 3759 3308 3830; x_wconf 83' lang='grc' dir='ltr'>Πέρσαι</span> <span class='ocrx_word' id='word_1_631' title='bbox 3341 3758 3680 3831; x_wconf 70' lang='grc' dir='ltr'>ἀστρονομία</span> <span class='ocrx_word' id='word_1_632' title='bbox 3709 3760 3805 3814; x_wconf 73' lang='grc' dir='ltr'><strong>καὶ</strong></span> 
     </span>
    </p>
   </div>
   <div class='ocr_carea' id='block_1_95' title="bbox 2224 3848 3804 3921">
    <p class='ocr_par' dir='ltr' id='par_1_95' title="bbox 2224 3848 3804 3921">
     <span class='ocr_line' id='line_1_95' title="bbox 2224 3848 3804 3921; baseline 0.003 -20"><span class='ocrx_word' id='word_1_633' title='bbox 2224 3848 2455 3921; x_wconf 78' lang='grc' dir='ltr'>μαντείᾳ</span> <span class='ocrx_word' id='word_1_634' title='bbox 2479 3850 2847 3921; x_wconf 79' lang='grc' dir='ltr'>ὴκριϐωμένοι</span> <span class='ocrx_word' id='word_1_635' title='bbox 2873 3851 3117 3919; x_wconf 73' lang='grc' dir='ltr'>ἔγνωσαν</span> <span class='ocrx_word' id='word_1_636' title='bbox 3142 3851 3237 3906; x_wconf 81' lang='grc' dir='ltr'>τοῦ</span> <span class='ocrx_word' id='word_1_637' title='bbox 3274 3852 3500 3921; x_wconf 79' lang='grc' dir='ltr'>Περσῶν</span> <span class='ocrx_word' id='word_1_638' title='bbox 3538 3850 3804 3921; x_wconf 80' lang='grc' dir='ltr'>βασιλέως</span> 
     </span>
    </p>
   </div>
   <div class='ocr_carea' id='block_1_96' title="bbox 2224 3941 3805 4017">
    <p class='ocr_par' dir='ltr' id='par_1_96' title="bbox 2224 3941 3805 4017">
     <span class='ocr_line' id='line_1_96' title="bbox 2224 3941 3805 4017; baseline 0.003 -24"><span class='ocrx_word' id='word_1_639' title='bbox 2224 3944 2463 4011; x_wconf 85' lang='grc' dir='ltr'>συγγενῆ</span> <span class='ocrx_word' id='word_1_640' title='bbox 2494 3958 2618 3997; x_wconf 87' lang='grc' dir='ltr'>τινα</span> <span class='ocrx_word' id='word_1_641' title='bbox 2646 3945 2704 3997; x_wconf 84' lang='grc' dir='ltr'><strong>ὲν</strong></span> <span class='ocrx_word' id='word_1_642' title='bbox 2739 3943 2972 4010; x_wconf 79' lang='grc' dir='ltr'>Βύζαντι</span> <span class='ocrx_word' id='word_1_643' title='bbox 3000 3944 3047 3976; x_wconf 81' lang='grc'><strong>⁸³</strong></span> <span class='ocrx_word' id='word_1_644' title='bbox 3079 3944 3311 4013; x_wconf 79' lang='grc' dir='ltr'>διάγειν.</span> <span class='ocrx_word' id='word_1_645' title='bbox 3356 3941 3637 3999; x_wconf 81' lang='grc' dir='ltr'><strong>Ἐντεῦθεν</strong></span> <span class='ocrx_word' id='word_1_646' title='bbox 3664 3945 3805 4017; x_wconf 80' lang='grc' dir='ltr'>πρὸς</span> 
     </span>
    </p>
   </div>
   <div class='ocr_carea' id='block_1_97' title="bbox 2222 4031 3803 4109">
    <p class='ocr_par' dir='ltr' id='par_1_97' title="bbox 2222 4031 3803 4109">
     <span class='ocr_line' id='line_1_97' title="bbox 2222 4031 3803 4109; baseline 0.001 -22"><span class='ocrx_word' id='word_1_647' title='bbox 2222 4033 2314 4087; x_wconf 87' lang='grc' dir='ltr'><strong>τδν</strong></span> <span class='ocrx_word' id='word_1_648' title='bbox 2342 4034 2569 4105; x_wconf 80' lang='grc' dir='ltr'>βασιλέα</span> <span class='ocrx_word' id='word_1_649' title='bbox 2597 4035 2932 4099; x_wconf 81' lang='grc' dir='ltr'>εἰσελθόντες</span> <span class='ocrx_word' id='word_1_650' title='bbox 2954 4036 3145 4095; x_wconf 72' lang='grc' dir='ltr'>τοῦτον</span> <span class='ocrx_word' id='word_1_651' title='bbox 3193 4054 3259 4090; x_wconf 81' lang='grc' dir='ltr'>πε</span> <span class='ocrx_word' id='word_1_652' title='bbox 3271 4036 3324 4109; x_wconf 70' lang='lat' dir='ltr'><strong>pl</strong></span> <span class='ocrx_word' id='word_1_653' title='bbox 3370 4031 3432 4091; x_wconf 75' lang='grc' dir='ltr'><strong>οὗ</strong></span> <span class='ocrx_word' id='word_1_654' title='bbox 3457 4033 3621 4108; x_wconf 80' lang='grc' dir='ltr'>ἦλθον</span> <span class='ocrx_word' id='word_1_655' title='bbox 3644 4038 3803 4107; x_wconf 73' lang='grc' dir='ltr'>ἐρευ-</span> 
     </span>
    </p>
   </div>
   <div class='ocr_carea' id='block_1_98' title="bbox 2223 4127 3806 4201">
    <p class='ocr_par' dir='ltr' id='par_1_98' title="bbox 2223 4127 3806 4201">
     <span class='ocr_line' id='line_1_98' title="bbox 2223 4127 3806 4201; baseline 0.001 -20"><span class='ocrx_word' id='word_1_656' title='bbox 2223 4127 2494 4198; x_wconf 77' lang='grc' dir='ltr'>νήσασθαι</span> <span class='ocrx_word' id='word_1_657' title='bbox 2541 4128 2802 4197; x_wconf 61' lang='grc' dir='ltr'><strong>⁴ἠξίωσαν.</strong></span> <span class='ocrx_word' id='word_1_658' title='bbox 2858 4130 2918 4185; x_wconf 87' lang='lat'><strong>&#39;0</strong></span> <span class='ocrx_word' id='word_1_659' title='bbox 2946 4131 3002 4186; x_wconf 85' lang='grc' dir='ltr'>δὲ</span> <span class='ocrx_word' id='word_1_660' title='bbox 3055 4130 3310 4201; x_wconf 80' lang='grc' dir='ltr'>βασιλεὺς</span> <span class='ocrx_word' id='word_1_661' title='bbox 3343 4129 3505 4183; x_wconf 82' lang='grc' dir='ltr'>τοῦτο</span> <span class='ocrx_word' id='word_1_662' title='bbox 3550 4128 3806 4201; x_wconf 84' lang='grc' dir='ltr'>ἀκηκοὼς</span> 
     </span>
    </p>
   </div>
   <div class='ocr_carea' id='block_1_99' title="bbox 2226 4216 3807 4291">
    <p class='ocr_par' dir='ltr' id='par_1_99' title="bbox 2226 4216 3807 4291">
     <span class='ocr_line' id='line_1_99' title="bbox 2226 4216 3807 4291; baseline -0.001 -21"><span class='ocrx_word' id='word_1_663' title='bbox 2226 4216 2323 4270; x_wconf 73' lang='grc' dir='ltr'><strong>καὶ</strong></span> <span class='ocrx_word' id='word_1_664' title='bbox 2378 4218 2817 4289; x_wconf 82' lang='grc' dir='ltr'>ὲρευνησάμενος</span> <span class='ocrx_word' id='word_1_665' title='bbox 2850 4221 2982 4291; x_wconf 72' lang='grc' dir='ltr'>περὶ</span> <span class='ocrx_word' id='word_1_666' title='bbox 3010 4218 3200 4275; x_wconf 88' lang='grc' dir='ltr'>τούτου</span> <span class='ocrx_word' id='word_1_667' title='bbox 3254 4218 3407 4273; x_wconf 83' lang='grc' dir='ltr'>οὐδὲν</span> <span class='ocrx_word' id='word_1_668' title='bbox 3432 4222 3654 4290; x_wconf 70' lang='grc' dir='ltr'>ἤνυσεν.</span> <span class='ocrx_word' id='word_1_669' title='bbox 3716 4217 3807 4271; x_wconf 85' lang='grc' dir='ltr'><strong>Ἐν</strong></span> 
     </span>
    </p>
   </div>
   <div class='ocr_carea' id='block_1_100' title="bbox 2225 4305 3807 4383">
    <p class='ocr_par' dir='ltr' id='par_1_100' title="bbox 2225 4305 3807 4383">
     <span class='ocr_line' id='line_1_100' title="bbox 2225 4305 3807 4383; baseline 0.001 -21"><span class='ocrx_word' id='word_1_670' title='bbox 2225 4308 2438 4380; x_wconf 77' lang='grc' dir='ltr'>ὑστέρῳ</span> <span class='ocrx_word' id='word_1_671' title='bbox 2488 4309 2634 4364; x_wconf 82' lang='grc' dir='ltr'>δὲτὸ</span> <span class='ocrx_word' id='word_1_672' title='bbox 2666 4312 2887 4381; x_wconf 82' lang='grc' dir='ltr'>γύναιον</span> <span class='ocrx_word' id='word_1_673' title='bbox 2934 4312 3232 4383; x_wconf 78' lang='grc' dir='ltr'>εὑρηκότες</span> <span class='ocrx_word' id='word_1_674' title='bbox 3282 4310 3402 4381; x_wconf 82' lang='grc' dir='ltr'><strong>μεθ’</strong></span> <span class='ocrx_word' id='word_1_675' title='bbox 3435 4305 3497 4366; x_wconf 75' lang='grc' dir='ltr'><strong>οὗ</strong></span> <span class='ocrx_word' id='word_1_676' title='bbox 3545 4309 3644 4381; x_wconf 79' lang='grc' dir='ltr'>τὴν</span> <span class='ocrx_word' id='word_1_677' title='bbox 3672 4312 3807 4363; x_wconf 84' lang='grc' dir='ltr'>ἀνα-</span> 
     </span>
    </p>
   </div>
   <div class='ocr_carea' id='block_1_101' title="bbox 2154 4401 3805 4495">
    <p class='ocr_par' dir='ltr' id='par_1_101' title="bbox 2154 4401 3805 4495">
     <span class='ocr_line' id='line_1_101' title="bbox 2154 4401 3805 4495; baseline -0.001 -40"><span class='ocrx_word' id='word_1_678' title='bbox 2154 4434 2203 4495; x_wconf 78' lang='lat' dir='ltr'><strong>D</strong></span> <span class='ocrx_word' id='word_1_679' title='bbox 2229 4403 2471 4474; x_wconf 75' lang='grc' dir='ltr'>στροφὴν</span> <span class='ocrx_word' id='word_1_680' title='bbox 2492 4406 2521 4457; x_wconf 87' lang='grc' dir='ltr'><strong>ό</strong></span> <span class='ocrx_word' id='word_1_681' title='bbox 2540 4404 2756 4476; x_wconf 81' lang='grc' dir='ltr'>Πέρσης</span> <span class='ocrx_word' id='word_1_682' title='bbox 2779 4406 3074 4475; x_wconf 69' lang='grc' dir='ltr'>ἐπεποίητο</span> <span class='ocrx_word' id='word_1_683' title='bbox 3101 4404 3303 4467; x_wconf 77' lang='grc' dir='ltr'><strong>Βαὸὲκ,</strong></span> <span class='ocrx_word' id='word_1_684' title='bbox 3334 4401 3538 4474; x_wconf 70' lang='grc' dir='ltr'>ἔμαθον</span> <span class='ocrx_word' id='word_1_685' title='bbox 3557 4402 3634 4466; x_wconf 87' lang='grc' dir='ltr'>ὼς</span> <span class='ocrx_word' id='word_1_686' title='bbox 3657 4402 3775 4460; x_wconf 73' lang='grc' dir='ltr'>ἐκεῖ</span> <span class='ocrx_word' id='word_1_687' title='bbox 3790 4430 3805 4442; x_wconf 86' lang='lat'><strong><em>-</em></strong></span> 
     </span>
    </p>
   </div>
   <div class='ocr_carea' id='block_1_102' title="bbox 2228 4493 3805 4567">
    <p class='ocr_par' dir='ltr' id='par_1_102' title="bbox 2228 4493 3805 4567">
     <span class='ocr_line' id='line_1_102' title="bbox 2228 4493 3805 4567; baseline -0.001 -22"><span class='ocrx_word' id='word_1_688' title='bbox 2228 4509 2317 4558; x_wconf 85' lang='grc' dir='ltr'>νος</span> <span class='ocrx_word' id='word_1_689' title='bbox 2353 4494 2454 4563; x_wconf 83' lang='grc' dir='ltr'><strong>μὲν</strong></span> <span class='ocrx_word' id='word_1_690' title='bbox 2481 4494 2894 4566; x_wconf 82' lang='grc' dir='ltr'>τετελεύτηκεν,</span> <span class='ocrx_word' id='word_1_691' title='bbox 2926 4496 3032 4549; x_wconf 82' lang='grc' dir='ltr'>όδὲ</span> <span class='ocrx_word' id='word_1_692' title='bbox 3064 4497 3128 4549; x_wconf 76' lang='grc' dir='ltr'>ὲκ</span> <span class='ocrx_word' id='word_1_693' title='bbox 3174 4494 3368 4549; x_wconf 84' lang='grc' dir='ltr'>τούτου</span> <span class='ocrx_word' id='word_1_694' title='bbox 3400 4493 3805 4567; x_wconf 74' lang='grc' dir='ltr'>προενηνεγμέο</span> 
     </span>
    </p>
   </div>
   <div class='ocr_carea' id='block_1_103' title="bbox 2224 4582 3801 4658">
    <p class='ocr_par' dir='ltr' id='par_1_103' title="bbox 2224 4582 3801 4658">
     <span class='ocr_line' id='line_1_103' title="bbox 2224 4582 3801 4658; baseline -0.003 -20"><span class='ocrx_word' id='word_1_695' title='bbox 2224 4601 2317 4648; x_wconf 89' lang='grc' dir='ltr'>νος</span> <span class='ocrx_word' id='word_1_696' title='bbox 2346 4584 2487 4638; x_wconf 86' lang='grc' dir='ltr'><strong>κατά</strong></span> <span class='ocrx_word' id='word_1_697' title='bbox 2508 4585 2773 4654; x_wconf 77' lang='grc' dir='ltr'>συζυγίαν</span> <span class='ocrx_word' id='word_1_698' title='bbox 2805 4588 2934 4650; x_wconf 81' lang='grc' dir='ltr'>παῖς</span> <span class='ocrx_word' id='word_1_699' title='bbox 2958 4586 3041 4640; x_wconf 76' lang='grc' dir='ltr'>ἔτι</span> <span class='ocrx_word' id='word_1_700' title='bbox 3068 4586 3346 4658; x_wconf 83' lang='grc' dir='ltr'>περίεστιν</span> <span class='ocrx_word' id='word_1_701' title='bbox 3364 4603 3379 4617; x_wconf 90' lang='grc'><strong>·</strong></span> <span class='ocrx_word' id='word_1_702' title='bbox 3411 4586 3470 4639; x_wconf 82' lang='grc' dir='ltr'><strong>ὃν</strong></span> <span class='ocrx_word' id='word_1_703' title='bbox 3507 4585 3599 4638; x_wconf 76' lang='grc' dir='ltr'>καὶ</span> <span class='ocrx_word' id='word_1_704' title='bbox 3630 4582 3801 4652; x_wconf 82' lang='grc' dir='ltr'>τούτῳ</span> 
     </span>
    </p>
   </div>
   <div class='ocr_carea' id='block_1_104' title="bbox 2226 4675 3801 4751">
    <p class='ocr_par' dir='ltr' id='par_1_104' title="bbox 2226 4675 3801 4751">
     <span class='ocr_line' id='line_1_104' title="bbox 2226 4675 3801 4751; baseline 0.001 -21"><span class='ocrx_word' id='word_1_705' title='bbox 2226 4676 2572 4733; x_wconf 66' lang='grc' dir='ltr'>ἐπεδείκνυον</span> <span class='ocrx_word' id='word_1_706' title='bbox 2601 4677 2910 4749; x_wconf 83' lang='grc' dir='ltr'>δωδεκαετῆ</span> <span class='ocrx_word' id='word_1_707' title='bbox 2955 4681 3315 4751; x_wconf 84' lang='grc' dir='ltr'>τυγχάνοντα.</span> <span class='ocrx_word' id='word_1_708' title='bbox 3348 4679 3551 4733; x_wconf 83' lang='grc' dir='ltr'>Τοῦτον</span> <span class='ocrx_word' id='word_1_709' title='bbox 3588 4680 3617 4731; x_wconf 91' lang='grc' dir='ltr'><strong>ό</strong></span> <span class='ocrx_word' id='word_1_710' title='bbox 3648 4675 3801 4745; x_wconf 57' lang='grc' dir='ltr'>βασις</span> 
     </span>
    </p>
   </div>
   <div class='ocr_carea' id='block_1_105' title="bbox 2227 4766 3810 4841">
    <p class='ocr_par' dir='ltr' id='par_1_105' title="bbox 2227 4766 3810 4841">
     <span class='ocr_line' id='line_1_105' title="bbox 2227 4766 3810 4841; baseline 0.001 -22"><span class='ocrx_word' id='word_1_711' title='bbox 2227 4766 2354 4830; x_wconf 81' lang='grc' dir='ltr'>λεὺς</span> <span class='ocrx_word' id='word_1_712' title='bbox 2395 4768 2837 4840; x_wconf 79' lang='grc' dir='ltr'>προσλαϐόμενος</span> <span class='ocrx_word' id='word_1_713' title='bbox 2866 4770 3162 4840; x_wconf 77' lang='grc' dir='ltr'>ἀνέτρεφεν</span> <span class='ocrx_word' id='word_1_714' title='bbox 3203 4773 3264 4824; x_wconf 86' lang='grc' dir='ltr'><strong>έν</strong></span> <span class='ocrx_word' id='word_1_715' title='bbox 3298 4770 3377 4841; x_wconf 83' lang='grc' dir='ltr'>τῷ</span> <span class='ocrx_word' id='word_1_716' title='bbox 3399 4769 3668 4841; x_wconf 82' lang='grc' dir='ltr'>παλατίῳ,</span> <span class='ocrx_word' id='word_1_717' title='bbox 3715 4767 3810 4821; x_wconf 82' lang='grc' dir='ltr'><strong>καὶ</strong></span> 
     </span>
    </p>
   </div>
   <div class='ocr_carea' id='block_1_106' title="bbox 2227 4860 3810 4934">
    <p class='ocr_par' dir='ltr' id='par_1_106' title="bbox 2227 4860 3810 4934">
     <span class='ocr_line' id='line_1_106' title="bbox 2227 4860 3810 4934; baseline 0.004 -24"><span class='ocrx_word' id='word_1_718' title='bbox 2227 4860 2353 4923; x_wconf 85' lang='grc' dir='ltr'>τοὺς</span> <span class='ocrx_word' id='word_1_719' title='bbox 2386 4860 2601 4934; x_wconf 80' lang='grc' dir='ltr'>Πέρσας</span> <span class='ocrx_word' id='word_1_720' title='bbox 2636 4862 2694 4915; x_wconf 75' lang='grc' dir='ltr'>ἑν</span> <span class='ocrx_word' id='word_1_721' title='bbox 2719 4865 2833 4927; x_wconf 81' lang='grc' dir='ltr'>τοῖς</span> <span class='ocrx_word' id='word_1_722' title='bbox 2876 4865 3289 4934; x_wconf 72' lang='grc' dir='ltr'>στρατιωτικοῖς</span> <span class='ocrx_word' id='word_1_723' title='bbox 3328 4861 3545 4930; x_wconf 81' lang='grc' dir='ltr'>κώδιξιν</span> <span class='ocrx_word' id='word_1_724' title='bbox 3569 4861 3810 4934; x_wconf 80' lang='grc' dir='ltr'>ἀνεγρά-</span> 
     </span>
    </p>
   </div>
   <div class='ocr_carea' id='block_1_107' title="bbox 2227 4953 2386 5021">
    <p class='ocr_par' dir='ltr' id='par_1_107' title="bbox 2227 4953 2386 5021">
     <span class='ocr_line' id='line_1_107' title="bbox 2227 4953 2386 5021; baseline 0.013 -14"><span class='ocrx_word' id='word_1_725' title='bbox 2227 4953 2386 5021; x_wconf 67' lang='grc' dir='ltr'>ψατο.</span> 
     </span>
    </p>
   </div>
   <div class='ocr_carea' id='block_1_108' title="bbox 2304 5255 3813 5330">
    <p class='ocr_par' dir='ltr' id='par_1_108' title="bbox 2304 5255 3813 5330">
     <span class='ocr_line' id='line_1_108' title="bbox 2304 5255 3813 5330; baseline -0.001 -18"><span class='ocrx_word' id='word_1_726' title='bbox 2304 5258 2368 5313; x_wconf 80' lang='grc' dir='ltr'>δ’.</span> <span class='ocrx_word' id='word_1_727' title='bbox 2419 5260 2477 5313; x_wconf 88' lang='lat'><strong>&#39;0</strong></span> <span class='ocrx_word' id='word_1_728' title='bbox 2525 5259 2708 5314; x_wconf 89' lang='grc' dir='ltr'>τοίνυν</span> <span class='ocrx_word' id='word_1_729' title='bbox 2754 5257 3008 5330; x_wconf 80' lang='grc' dir='ltr'>βασιλεὺς</span> <span class='ocrx_word' id='word_1_730' title='bbox 3041 5257 3302 5327; x_wconf 79' lang='grc' dir='ltr'>Θεόφιλος</span> <span class='ocrx_word' id='word_1_731' title='bbox 3353 5258 3682 5327; x_wconf 75' lang='grc' dir='ltr'>φιλόκοσμος</span> <span class='ocrx_word' id='word_1_732' title='bbox 3736 5255 3813 5310; x_wconf 80' lang='grc' dir='ltr'><strong>ὢν</strong></span> 
     </span>
    </p>
   </div>
   <div class='ocr_carea' id='block_1_109' title="bbox 2236 5348 3813 5423">
    <p class='ocr_par' dir='ltr' id='par_1_109' title="bbox 2236 5348 3813 5423">
     <span class='ocr_line' id='line_1_109' title="bbox 2236 5348 3813 5423; baseline -0.003 -18"><span class='ocrx_word' id='word_1_733' title='bbox 2236 5352 2634 5416; x_wconf 74' lang='grc' dir='ltr'>κατασκευάζει</span> <span class='ocrx_word' id='word_1_734' title='bbox 2661 5352 2723 5417; x_wconf 74' lang='grc' dir='ltr'><strong>ἐξ</strong></span> <span class='ocrx_word' id='word_1_735' title='bbox 2746 5350 2925 5423; x_wconf 80' lang='grc' dir='ltr'>ἀρχῆς</span> <span class='ocrx_word' id='word_1_736' title='bbox 2950 5352 3010 5405; x_wconf 84' lang='grc' dir='ltr'>τὸ</span> <span class='ocrx_word' id='word_1_737' title='bbox 3034 5349 3463 5422; x_wconf 82' lang='grc' dir='ltr'>Πενταπύργιον,</span> <span class='ocrx_word' id='word_1_738' title='bbox 3494 5351 3585 5403; x_wconf 85' lang='grc' dir='ltr'>καὶ</span> <span class='ocrx_word' id='word_1_739' title='bbox 3619 5349 3686 5403; x_wconf 72' lang='grc' dir='ltr'>τὰ</span> <span class='ocrx_word' id='word_1_740' title='bbox 3717 5348 3813 5401; x_wconf 80' lang='grc' dir='ltr'><strong>δύο</strong></span> 
     </span>
    </p>
   </div>
   <div class='ocr_carea' id='block_1_110' title="bbox 2236 5439 3813 5515">
    <p class='ocr_par' dir='ltr' id='par_1_110' title="bbox 2236 5439 3813 5515">
     <span class='ocr_line' id='line_1_110' title="bbox 2236 5439 3813 5515; baseline -0.003 -18"><span class='ocrx_word' id='word_1_741' title='bbox 2236 5446 2468 5514; x_wconf 81' lang='grc' dir='ltr'>μέγιστα</span> <span class='ocrx_word' id='word_1_742' title='bbox 2493 5444 2700 5512; x_wconf 66' lang='grc' dir='ltr'>ὄργανα</span> <span class='ocrx_word' id='word_1_743' title='bbox 2724 5444 2995 5515; x_wconf 79' lang='grc' dir='ltr'>ὁλόχρυσα</span> <span class='ocrx_word' id='word_1_744' title='bbox 3025 5442 3167 5513; x_wconf 87' lang='grc' dir='ltr'>μετά</span> <span class='ocrx_word' id='word_1_745' title='bbox 3188 5442 3461 5513; x_wconf 80' lang='grc' dir='ltr'>διαφόρων</span> <span class='ocrx_word' id='word_1_746' title='bbox 3500 5440 3686 5502; x_wconf 82' lang='grc' dir='ltr'>λίθων.</span> <span class='ocrx_word' id='word_1_747' title='bbox 3715 5439 3813 5493; x_wconf 80' lang='grc' dir='ltr'>καὶ</span> 
     </span>
    </p>
   </div>
   <div class='ocr_carea' id='block_1_111' title="bbox 2225 5530 3813 5609">
    <p class='ocr_par' dir='ltr' id='par_1_111' title="bbox 2225 5530 3813 5609">
     <span class='ocr_line' id='line_1_111' title="bbox 2225 5530 3813 5609; baseline 0.001 -22"><span class='ocrx_word' id='word_1_748' title='bbox 2225 5536 2441 5609; x_wconf 77' lang='grc' dir='ltr'>δένδρον</span> <span class='ocrx_word' id='word_1_749' title='bbox 2467 5537 2721 5608; x_wconf 83' lang='grc' dir='ltr'>χρύσεον,</span> <span class='ocrx_word' id='word_1_750' title='bbox 2764 5539 2822 5593; x_wconf 69' lang='grc' dir='ltr'><strong>ιν</strong></span> <span class='ocrx_word' id='word_1_751' title='bbox 2844 5530 2889 5607; x_wconf 79' lang='grc' dir='ltr'><strong>ᾧ</strong></span> <span class='ocrx_word' id='word_1_752' title='bbox 2928 5536 3178 5609; x_wconf 79' lang='grc' dir='ltr'>στρουθοὶ</span> <span class='ocrx_word' id='word_1_753' title='bbox 3207 5534 3525 5607; x_wconf 67' lang='grc' dir='ltr'>ἐφεζόμενοι</span> <span class='ocrx_word' id='word_1_754' title='bbox 3579 5534 3667 5589; x_wconf 72' lang='grc' dir='ltr'>διὰ</span> <span class='ocrx_word' id='word_1_755' title='bbox 3702 5550 3813 5605; x_wconf 59' lang='grc' dir='ltr'><strong>μη*</strong></span> 
     </span>
    </p>
   </div>
   <div class='ocr_carea' id='block_1_112' title="bbox 1858 5625 2526 5684">
    <p class='ocr_par' dir='ltr' id='par_1_112' title="bbox 1858 5625 2526 5684">
     <span class='ocr_line' id='line_1_112' title="bbox 1858 5625 2526 5684; baseline 0.001 -1"><span class='ocrx_word' id='word_1_756' title='bbox 1858 5627 2093 5683; x_wconf 75' lang='lat' dir='ltr'><strong>VARUE</strong></span> <span class='ocrx_word' id='word_1_757' title='bbox 2125 5625 2526 5684; x_wconf 78' lang='lat' dir='ltr'><strong>LECTIONES.</strong></span> 
     </span>
    </p>
   </div>
   <div class='ocr_carea' id='block_1_113' title="bbox 616 5721 2596 5801">
    <p class='ocr_par' dir='ltr' id='par_1_113' title="bbox 616 5721 2596 5801">
     <span class='ocr_line' id='line_1_113' title="bbox 616 5721 2596 5801; baseline -0.004 -19"><span class='ocrx_word' id='word_1_758' title='bbox 616 5737 659 5766; x_wconf 63' lang='grc' dir='ltr'><strong>’τ’</strong></span> <span class='ocrx_word' id='word_1_759' title='bbox 683 5731 836 5801; x_wconf 81' lang='grc' dir='ltr'>γένος</span> <span class='ocrx_word' id='word_1_760' title='bbox 865 5732 887 5784; x_wconf 71' lang='grc' dir='ltr'><strong>Τ</strong></span> <span class='ocrx_word' id='word_1_761' title='bbox 958 5732 1001 5764; x_wconf 77' lang='grc'>¹¹</span> <span class='ocrx_word' id='word_1_762' title='bbox 1037 5728 1326 5800; x_wconf 79' lang='grc' dir='ltr'>Σινώπηςῖ</span> <span class='ocrx_word' id='word_1_763' title='bbox 1400 5730 1445 5760; x_wconf 74' lang='grc'>’³</span> <span class='ocrx_word' id='word_1_764' title='bbox 1478 5727 1639 5780; x_wconf 83' lang='grc' dir='ltr'>παῖδα</span> <span class='ocrx_word' id='word_1_765' title='bbox 1668 5723 1936 5779; x_wconf 77' lang='grc' dir='ltr'>τέτοκενῖ</span> <span class='ocrx_word' id='word_1_766' title='bbox 2012 5723 2057 5755; x_wconf 77' lang='grc'><strong><em>⁸³</em></strong></span> <span class='ocrx_word' id='word_1_767' title='bbox 2082 5724 2141 5776; x_wconf 64' lang='grc' dir='ltr'>ἐν</span> <span class='ocrx_word' id='word_1_768' title='bbox 2174 5725 2243 5793; x_wconf 77' lang='grc' dir='ltr'>τῇ</span> <span class='ocrx_word' id='word_1_769' title='bbox 2281 5721 2548 5788; x_wconf 74' lang='grc' dir='ltr'>Βύζαντος</span> <span class='ocrx_word' id='word_1_770' title='bbox 2573 5723 2596 5775; x_wconf 84' lang='lat'><strong>?</strong></span> 
     </span>
    </p>
   </div>
  </div>
