4140 6042
430 232 534 296 59;
1549 225 1919 290 ANNALES.
1957 255 2026 263 —
2063 226 2572 294 THEOPHILUS.
3584 245 3696 306 eos

507 345 596 417 ιγ’.
627 337 844 409 Οὗτοςό
883 343 1134 415 Ἰωάννης
1185 342 1292 412 πρὸ
1329 340 1423 396 τοῦ
1475 340 1667 406 ἄστεος
1705 343 1911 414 οἴκημα
1948 342 2014 396 ἐκ

2192 345 2274 399 l5.
2340 346 2441 402 llic
2494 348 2733 405 Joannes
2797 359 3076 407 exstructa
3136 351 3190 407 in
3236 354 3392 412 urbis
3431 359 3704 426 pomerio

434 437 597 496 λίθων
620 439 898 504 λαξευτῶν
933 438 1374 501 κατασκευάσας.
1402 432 1432 490 ὃ
1458 435 1695 508 Τροῦλος
1735 435 1899 508 μέχρι
1921 433 2018 490 τοῦ

2142 454 2185 493 :x
2233 440 2401 496 sectis
2437 439 2715 510 lapidibus
2758 442 2924 498 domo
2968 445 3236 517 (Trullus
3291 447 3568 518 hodieque
3611 468 3708 506 v0-

429 533 531 590 νῢν
553 528 901 605 ὀνομάζεται,
921 523 1011 587 διά
1030 546 1194 586 τινων
1224 522 1428 585 θυσιῶν
1443 529 1638 602 ὡμίλει
1660 531 1773 594 τοῖς
1798 530 2016 600 δαίμοσι

2142 531 2312 602 uitur)
2363 533 2652 588 sacrificiis
2689 534 3019 605 quibusdam
3075 536 3419 594 daemonibus
3469 539 3706 596 familia-

435 628 531 683 καὶ
554 625 634 698 τῷ
659 624 949 697 βασιλεῖτὰ
974 624 1235 694 μέλλοντα
1252 624 1606 694 διεσήμαινεν
1625 639 1640 654 ο
1668 623 1697 676 θ
1724 623 1820 676 καὶ
1833 622 2020 693 ἀοίκη·

2142 627 2238 679 ’ἰυε
2279 632 2460 692 utens,
2505 643 2630 697 qua:
2671 628 2858 686 futura
2899 639 3079 696 erant,
3126 630 3447 700 imperatori
3489 632 3708 689 denun—

434 737 529 774 τον
552 719 768 791 Ιμεινεν
796 717 888 773 διὰ
912 717 1010 781 τὰς
1042 719 1099 772 ὲν
1129 713 1280 788 αὐτῷ
1304 717 1604 787 γενομένας
1632 716 1755 770 τότε
1780 717 1890 770 τῶν
1907 713 2019 770 δαι-

2147 711 2312 767 iabat.
2364 711 2685 771 Manserunt
2730 717 2878 773 aedes
2932 720 3038 775 illa:
3075 720 3368 791 inhospita:
3406 723 3480 777 ob
3503 723 3708 778 ἀπηλο-

439 811 622 884 μόνιυν
648 811 1050 883 ὲπιφοιτήσεις.

2142 820 2254 860 tum
2283 823 2382 878 per
2410 808 2527 864 haec
2557 818 2800 881 tempora
2828 810 2883 866 in
2908 811 3018 867 illis
3041 812 3432 883 frequentiam.

513 895 597 956 ιδ’.
637 899 728 953 Ἔν
761 897 975 964 τούτοις
1009 898 1314 969 Ἀγαρηνοῦ
1351 915 1496 962 τινος
1523 899 1750 967 γυναίου
1801 898 2021 972 πνεῦμα

2193 899 2281 954 Η.
2335 899 2484 956 Inter
2551 901 2666 957 hare
2725 902 3026 976 Agarenam
3076 908 3370 976 quamdam
3421 907 3710 963 mulierem

438 989 694 1053 Πύθωνος
723 990 959 1061 ἔχοντος,
991 990 1020 1044 ὂ
1049 991 1395 1062 αίχμάλωτον
1421 989 1637 1055 ἐλαϐεν,
1687 990 2022 1062 ὲκμαντεύε-

2142 990 2270 1046 >θιιο
2319 1002 2534 1061 captam
2589 994 2786 1062 spiritu
2845 995 3093 1065 Pythone
3148 995 3385 1051 alllatam
3437 1014 3564 1054 cum
3618 1013 3714 1053 va-

444 1083 568 1137 σθαι
625 1082 813 1153 μαθὼν
839 1085 867 1137 ό
903 1082 1158 1153 βασιλεὺς
1192 1081 1703 1154 μετακαλεσάμενος
1745 1082 2023 1140 ἐκπυνθά-

2142 1085 2343 1142 .icinari
2405 1085 2704 1156 imperator
2748 1087 3026 1152 audisset,
3083 1090 3311 1161 regabat
3351 1106 3419 1144 ex
3470 1091 3583 1154 illa,
3616 1106 3715 1145 cu-

443 1193 617 1241 νεται,
646 1176 794 1239 τίνος
820 1179 856 1250 ἡ
904 1177 1151 1247 βασιλεία
1192 1179 1250 1230 ἐν
1281 1177 1496 1242 πολλοῖς
1538 1177 1821 1248 διαρκέσει
1844 1178 2020 1234 hear

444 1271 539 1325 καὶ
579 1271 826 1339 ἐξεῖπενο
874 1270 936 1327 Ἠ
965 1271 1088 1325 τῶν
1135 1269 1571 1340 Μαρτινακιων.
1599 1271 1758 1326 Κατὰ
1813 1271 2021 1344 πληρο-

443 1363 641 1435 φορίαν
662 1363 726 1436 δὴ
763 1362 866 1434 τῆς
898 1366 1166 1436 τοιαύτης
1183 1363 1512 1434 προφάσεως
1542 1362 1638 1418 τὸν
1667 1364 1879 1436 μονήρη
1913 1364 2025 1436 βίον

445 1454 736 1525 κατέκρινε
768 1453 1161 1527 Μαρτινάκιον,
1194 1457 1287 1511 τὸν
1319 1454 1486 1511 αὐτοῦ
1515 1452 1664 1510 οἷκον
1691 1458 1924 1528 ποιήσας
1943 1457 2028 1523 είς

450 1548 701 1621 μοναχῶν
730 1551 1167 1622 φροντιστήριον.
1197 1546 1482 1604 Ἐντεῦθεν
1511 1552 1605 1606 ttat
1631 1551 2026 1624 Κωνσταντίνῳ

444 1643 525 1711 τῷ
547 1639 863 1714 meum...
893 1643 963 1697 τὰ
991 1642 1389 1715 συμϐησόμενα
1418 1643 1568 1714 αὖτῷ
1591 1644 2025 1717 προδεδήλωκεν.

2119 1178 2212 1250 jus
2245 1177 2302 1232 in
2333 1177 2499 1232 domo
2533 1178 2829 1249 imperium
2874 1179 2930 1234 in
2961 1194 3137 1236 annos
3167 1181 3355 1249 plures
3383 1181 3713 1236 duraturum

2123 1279 2293 1326 esset.
2336 1269 2440 1325 Cui
2481 1269 3105 1327 illazblartinaciorum.
3155 1273 3288 1343 Ejus
3318 1273 3563 1329 vaticinii
3607 1268 3716 1330 ﬁde

2125 1375 2301 1432 eaque
2357 1361 2652 1418 occasione
2714 1356 3071 1418 Martinacem
3129 1364 3388 1419 monachi
3457 1365 3717 1419 instituto

2126 1447 2427 1518 damnavit,
2472 1454 2704 1524 ejusque
2734 1454 2962 1510 domum
3012 1455 3069 1510 in
3115 1457 3512 1519 monasterium
3560 1456 3718 1512 rede-

2127 1545 2225 1617 git.
2248 1545 2386 1602 Hinc
2409 1561 2630 1617 quoque
2653 1544 3020 1603 Constantino
3043 1542 3369 1618 Triphyllio,
3402 1565 3524 1620 qua:
3547 1563 3716 1605 even-

2131 1647 2252 1694 tura
2294 1647 2500 1701 essent.
2543 1639 2830 1709 prwdixit,
2875 1639 3105 1710 perinde
3148 1641 3364 1698 scilicet
3407 1657 3534 1698 eum
3576 1642 3719 1698 libe-

444 1735 530 1788 δτι
561 1733 866 1805 Ὡσαύτως
897 1735 998 1789 καί
1038 1735 1123 1790 σὺ
1140 1735 1239 1789 καὶ
1264 1735 1334 1791 τὰ
1360 1734 1543 1790 τέκνα
1560 1735 2027 1806 ἀποκαρήσεσθε

2142 1748 2335 1804 rosqne
2362 1732 2634 1788 clericalis
2657 1732 2869 1788 ordinis
2898 1734 3072 1804 gratia
3099 1733 3390 1791 detonsutn
3415 1737 3485 1791 iri
3517 1736 3722 1792 Basilio

446 1828 717 1898 κληρωτοί
786 1828 885 1882 ἐπὶ
954 1827 1398 1897 αὐτοκράτορος
1451 1829 1781 1884 Βασιλείαν
1810 1844 1825 1859 ⁶
1861 1831 1893 1884 δ
1933 1827 2030 1885 καὶ

2142 1825 2462 1894 imperatore
2488 1842 2505 1891 ;
2543 1825 2710 1897 636
2735 1826 2879 1895 quod
2908 1834 2964 1881 et
2997 1827 3251 1897 contigit.
3290 1827 3560 1884 Similiter
3587 1843 3723 1898 quo-

449 1919 818 1991 συμϐέϐηκεν.
836 1920 1065 1992 Ὁμοίως
1091 1922 1185 1976 καὶ
1213 1920 1394 1987 ἄλλοις
1425 1920 1638 1984 πολλοῖς
1655 1921 1723 1975 τὰ
1752 1922 2030 1993 συμϐησό-

2142 1932 2240 1989 quc
2266 1917 2390 1974 aliis
2416 1934 2528 1972 non
2555 1919 2750 1987 paucis
2787 1918 3006 1975 futuros
3040 1929 3275 1975 eventus
3308 1921 3718 1990 pratuuntiavit.

453 2030 593 2085 μενα
631 2015 818 2076 αὐτοῖς
847 2011 1139 2083 προῦλεγε,
1165 2015 1262 2067 καὶ
1290 2014 1382 2067 τὸν
1414 2012 1640 2084 βασιλέα
1674 2012 1742 2067 τὰ
1765 2014 1904 2083 μετὰ
1930 2014 2030 2067 θά-

2142 2011 2311 2066 Etiam
2353 2011 2448 2083 qui
2488 2010 2559 2066 ab
2607 2012 2760 2067 illius
2797 2020 2974 2067 morte
3026 2013 3251 2069 futurus
3287 2024 3437 2070 esset
3483 2015 3720 2085 impera-

449 2117 609 2158 νατον
631 2103 798 2158 αὐτοῦ
835 2103 1122 2174 ὀφείλοντα
1140 2105 1393 2173 γενέσθαι
1417 2103 1666 2176 ἀκριϐῶς
1690 2105 2028 2176 προηγόρευ-

2142 2112 2254 2170 tor,
2302 2105 2450 2160 clare
2490 2101 2802 2175 TbeOpbilo
2845 2105 3066 2172 edidit;
3114 2106 3248 2162 item
3293 2106 3414 2162 fore
3470 2115 3532 2161 ut
3582 2105 3725 2161 ima-

454 2211 565 2262 σεν,
583 2196 667 2271 [Ρ.
702 2196 836 2268 ιεη
857 2197 994 2252 ἀλλὰ
1019 2201 1113 2252 καὶ
1135 2199 1234 2271 τὴν
1259 2198 1367 2254 τῶν
1396 2201 1622 2254 εἰκόνων
1656 2199 2030 2272 προσκύνησιν

2142 2198 2288 2270 gines
2336 2197 2749 2253 venerationem
2798 2199 3119 2269 cultumque
3179 2201 3515 2271 reciperent,
3564 2209 3622 2255 et
3659 2209 3721 2254 ut

455 2288 551 2341 καὶ
573 2289 673 2357 τὴν
692 2287 786 2341 τοῦ
830 2288 1006 2359 Ἰαννῆ
1048 2290 1389 2359 καθαίρεσιν.
1437 2292 1547 2345 Καὶ
1579 2288 1838 2363 Γεωργίῳ
1869 2292 1926 2346 δὲ
1952 2291 2032 2363 τῷ

2142 2290 2338 2346 Iannes
2378 2288 2507 2346 sede
2550 2297 2890 2345 moveretur.
2921 2290 3158 2361 Georgio
3194 2307 3416 2362 quoque
3453 2291 3722 2346 militares

455 2383 556 2447 τὼς
581 2381 979 2452 στρατιωτικὰς
1010 2380 1224 2444 δέλτους
1245 2381 1636 2452 ὶπειλημμένῳ
1660 2384 1754 2435 ἐπὶ
1774 2387 1840 2456 τῇ
1872 2401 2032 2453 σφεν.

2142 2391 2351 2447 tabulas
2410 2397 2710 2445 consecuta
2767 2389 2835 2444 ad
2895 2387 3038 2444 Circi
3113 2389 3338 2444 fundam
3407 2389 3719 2444 necandum

452 2468 580 2543 δόνῃ
608 2467 762 2524 εἶπεν
806 2473 870 2540 τῇ
902 2471 1045 2525 κατὰ
1092 2470 1188 2525 τοῦ
1217 2472 1554 2543 ἱπποδρόμου
1605 2474 2032 2543 άποκτάνεσθαι,

2142 2484 2253 2540 l'ore
2294 2483 2589 2540 vaticinata
2622 2490 2728 2549 est,
2756 2484 2984 2555 ejusque
3032 2481 3166 2539 fisco
3198 2482 3559 2539 addicendam
3593 2483 3724 2539 sebo

457 2566 552 2617 καὶ
580 2564 680 2636 τήν
708 2563 944 2636 ὕπαρξιν
977 2564 1144 2619 αὐτοῦ
1172 2565 1254 2635 τῷ
1288 2565 1547 2637 βασιλείῳ
1579 2565 1903 2638 ἀνειλῆφθαι
1936 2585 2032 2623 τα·
2133 2577 2414 2632 stantiam.

461 2655 619 2727 μειφ-

537 2757 618 2806 ιε⁹.
651 2749 741 2821 Τῷ
770 2750 816 2804 θ’
841 2751 1006 2804 αὐτοῦ
1031 2751 1141 2804 ἔτει
1162 2752 1226 2802 Ἀ
1237 2748 1400 2822 ραϐες
1433 2750 1572 2820 μετὰ
1594 2751 1878 2819 δυνάμεως
1903 2750 2035 2806 πολ-

2211 2757 2296 2811 15.
2333 2753 2557 2827 imperii
2593 2753 2886 2826 TheOphili
2921 2770 3068 2810 anno
3103 2767 3252 2809 nono
3286 2753 3493 2810 Arabes
3533 2753 3725 2824 ingen-

460 2844 560 2912 λῆς
601 2845 744 2896 κατὰ
781 2841 1090 2912 Ῥωμανίας
1127 2842 1375 2914 ἐξῄεσαν,
1416 2843 1511 2896 καὶ
1547 2845 1576 2896 ό
1622 2841 1874 2913 βασιλεὺς
1919 2842 2036 2914 ἃμα

2142 2847 2290 2903 tibus
2333 2849 2508 2918 copiis
2554 2848 2815 2904 Romana:
2858 2844 3085 2903 ditionis
3129 2847 3442 2918 provincias
3488 2846 3722 2916 locaque

462 2937 576 2999 τοῖς
606 2935 878 3006 πρόσφυξι
908 2933 1145 3004 Πέρσαις
1174 2937 1266 2987 καὶ
1296 2936 1407 2998 τοῖς
1456 2934 1703 3003 τάγμασι
1761 2933 1859 2988 καὶ
1913 2935 2037 2988 Μα-

2142 2940 2428 3004 invasere;
2472 2939 2529 2994 in
2571 2953 2712 3009 quos
2754 2939 3054 3009 imperator
3085 2953 3210 2994 cum
3239 2935 3424 2993 Persis
3451 2937 3720 3008 profugis,

464 3026 626 3098 νουὴλ
652 3027 961 3097 δομεστίκῳ
988 3026 1110 3079 κατ’
1135 3027 1314 3079 αὐτῶν
1347 3027 1561 3096 ἐχώρει,
1610 3026 1720 3078 Καὶ
1762 3025 2037 3100 συμϐολῆς

2142 3031 2512 3100 Romanisque
2559 3031 2734 3098 copiis
2787 3044 2852 3083 ac
2901 3028 3150 3083 Manucle
3195 3028 3502 3084 domeStico
3549 3028 3724 3084 aciem

461 3122 762 3190 γενομένης
801 3120 1055 3192 ἡττηθεὶς
1099 3122 1128 3173 ό
1182 3119 1435 3188 βασιλεὺς
1482 3122 1648 3191 μέσον
1680 3121 1896 3190 εἰσῆλθε
1928 3121 2037 3175 τῶν

462 3211 724 3284 Περσῶν,
787 3214 881 3265 ὑπ’
934 3213 1116 3266 αὐτῶν
1171 3212 1546 3284 περισωθῆναι
1608 3212 2035 3281 ὑπολαμϐάνων.

463 3303 716 3376 Μανουὴλ
737 3305 792 3358 δι
820 3305 894 3368 ὡς
918 3304 1058 3372 ἔγνω
1082 3302 1433 3373 περισκοπῶν
1481 3305 1540 3354 ὲν
1580 3303 1731 3373 μέσῳ
1759 3294 1869 3355 τῶν
1899 3304 2038 3373 Περι

463 3398 572 3452 σῶν
598 3399 691 3452 τὸν
725 3397 945 3468 βασιλέα
995 3396 1145 3460 ὄντα,
1177 3397 1374 3459 αὐτοὺς
1410 3395 1469 3449 6‘s
1528 3394 1888 3466 βουλομένους
1937 3396 2043 3469 ἤδη

461 3495 577 3556 τοῖς
607 3490 816 3563 ’Δραψι
841 3489 1030 3544 τοῦτον
1055 3489 1390 3560 παραδοῦναι
1424 3490 1519 3542 καὶ
1548 3487 1616 3540 δι’
1647 3488 1814 3542 αὑτοῦ
1843 3490 2041 3541 καταλ-

463 3586 695 3656 λαγῆναι
730 3585 935 3646 αὐτοῖς,
967 3582 1256 3651 διασχίσας
1287 3580 1451 3649 μέσον
1479 3579 1658 3633 αὐτῶν
1691 3581 1783 3633 καὶ
1815 3563 1908 3634 τοῦ
1939 3597 2040 3650 χαι

464 3679 608 3732 λινοῦ
648 3676 744 3730 τοῦ
776 3676 946 3728 ἴπιοου
996 3673 1101 3728 τοῦ
1144 3674 1407 3744 βασιλέως
1456 3673 1755 3741 λαϐόμενος
1802 3674 2041 3737 ἐξεῖλκεν

464 3773 664 3830 ἄκοντα
691 3769 902 3833 τοῦτον,
927 3767 1190 3837 αίσχύνην
1235 3764 1536 3836 ἠγοῦμενος
1567 3765 1629 3819 οὐ
1662 3763 1957 3834 καθεκτήν,
1993 3767 2042 3818 εἰ

464 3864 556 3918 τὸν
586 3863 815 3933 βασιλέά
875 3860 1162 3930 Ῥωμαίων
1214 3857 1453 3928 ’Ἄραϐες
1487 3857 1834 3925 αἰχμάλωτον
1862 3857 2042 3910 λάϐω-

466 3973 572 4012 σιν.
611 3959 669 4010 '0
699 3955 753 4009 δὲ
778 3953 1026 4026 βασιλεὺς
1053 3952 1132 4022 τῷ
1159 3952 1267 4004 δέει
1299 3949 1396 4003 τοῦ
1419 3949 1816 4018 καθεστηκότος
1842 3949 2044 4013 ἐκστὰς

466 4050 805 4122 προσρυῗψαι
825 4047 991 4102 πάλιν
1025 4049 1136 4108 τοῖς
1166 4044 1400 4116 Πέρσαις
1429 4043 1701 4096 ἐϐούλετο.
1748 4042 1808 4097 Ὀ
1827 4043 1885 4096 δὲ
1918 4042 2044 4097 Μα-⁹

474 4141 626 4212 δουὴλ
662 4141 724 4195 τὸ
768 4139 921 4208 ξίφος
950 4140 1222 4192 ἀνέτεινεν
1257 4137 1332 4200 ὡς
1365 4135 1626 4201 πατάξων
1677 4135 1860 4188 αὐτόν.
1906 4135 1966 4190 'O
1986 4135 2044 4188 δὲ

465 4234 724 4306 φοϐηθεὶς
747 4232 990 4302 ἐξῆλθεν.
1029 4229 1268 4283 Ἐκεῖθέν
1301 4243 1362 4280 τε
1387 4229 1447 4293 ἐξ
1468 4227 1733 4297 αἰσχύνης
1768 4228 2042 4296 ὑποστρέ-

465 4345 557 4398 φει
577 4329 634 4380 ἐν
679 4324 759 4394 τῷ
784 4322 1082 4396 Δορυλαίῳ.
1137 4320 1195 4374 '0
1242 4321 1300 4373 δὲ
1339 4318 1598 4389 Μανουὴλ
1624 4320 1683 4370 ὲν
1717 4320 1794 4388 τῷ
1819 4318 2044 4390 πολέμῳ

2140 3124 2352 3181 eduxit.
2405 3122 2674 3177 Conserta
2718 3136 2896 3192 pugna
2944 3120 3126 3176 victus
3167 3120 3470 3190 imperator
3513 3121 3569 3176 in
3610 3136 3728 3175 me-

2140 3217 2292 3273 dium
2339 3216 2628 3270 Persarum
2665 3229 2882 3284 agmen,
2929 3229 3028 3284 per
3065 3230 3165 3268 eos
3215 3214 3512 3269 liberatum
3551 3230 3610 3270 se
3655 3215 3724 3269 iri

2141 3310 2440 3365 arbitratus
2465 3349 2479 3373 ,
2522 3306 2714 3362 subiit.
2768 3306 2980 3361 Manuel
3030 3306 3525 3374 circumlustrans,
3565 3315 3626 3361 ut
3667 3306 3725 3362 in

2141 3399 2326 3454 medio
2383 3397 2679 3452 Persarum
2739 3410 2918 3450 cuneo
2978 3395 3279 3449 haerentem
3336 3395 3724 3466 imperatorem

2141 3491 2418 3560 cognovit,
2445 3491 2668 3559 jamque
2717 3487 2824 3542 illis
2864 3488 3225 3542 constitutum
3267 3502 3387 3543 esse
3422 3487 3727 3558 utIArabi‘

2141 3583 2246 3637 bus
2288 3583 2467 3652 ipsum
2511 3580 2810 3652 proderent
2859 3581 3116 3649 illiusque
3159 3580 3338 3650 pretio
3377 3595 3570 3634 eorum
3610 3595 3738 3651 gra:

2143 3677 2272 3730 tiam
2328 3675 2566 3737 inirent,
2622 3680 2886 3743 perrupto
2951 3673 3168 3725 illorum
3222 3688 3400 3728 cuneo
3460 3671 3729 3740 frenoque

2144 3763 2494 3836 imperatoris
2551 3780 2695 3833 equo
2757 3763 3105 3833 apprehenso
3167 3778 3309 3833 pene
3369 3763 3728 3817 reluctantem

2144 3859 2434 3923 trahebat;
2477 3855 2628 3910 nullo
2656 3855 2819 3909 modo
2862 3855 3154 3909 ferendum
3192 3855 3456 3925 probrum
3497 3855 3728 3919 ducens,

2144 3953 2191 4008 si
2228 3952 2302 4006 ita
2335 3951 2405 4004 ab
2447 3948 2724 4003 Arabibus
2767 3948 3141 4004 Romanorum
3181 3947 3569 4016 imperatorem
3609 3948 3732 4017 capi

2146 4045 2513 4114 contingeret.
2569 4041 2638 4095 At
2694 4041 2994 4108 imperator
3051 4038 3266 4092 timoris
3317 4037 3486 4092 nimia
3534 4037 3586 4091 vi
3653 4053 3734 4092 sa-

2146 4137 2304 4192 niore
2342 4142 2525 4188 mente
2558 4134 2807 4202 dejectus
2835 4132 2904 4186 ad
2947 4134 3146 4186 Persas
3187 4145 3386 4186 rursus
3426 4129 3733 4185 desciscere

2145 4229 2384 4282 volebat.
2413 4225 2628 4279 Manuel
2651 4224 2892 4293 gladium
2915 4223 3136 4278 strinxit
3158 4224 3314 4292 quasi
3340 4237 3732 4293 percussurus;

2146 4336 2257 4391 quo
2297 4320 2524 4374 territus
2557 4319 2856 4387 imperator
2885 4317 3072 4379 exivit,
3108 4315 3344 4386 indeque
3371 4315 3602 4384 pudore.
3650 4315 3732 4370 in-
3768 4379 3770 4382 ν

464 4419 697 4491 τρωθεὶς
728 4418 824 4471 καὶ
863 4415 1099 4485 νοσήσας
1126 4411 1500 4482 ἐτελεύτησεν,
1531 4411 1731 4476 πολλὰς
1775 4412 2038 4482 ἀνδραγα-

2151 4413 2411 4483 gentique
2442 4417 2664 4480 accepta
2708 4409 2885 4475 clade,
2930 4408 3235 4481 Dorylaeum
3283 4408 3470 4463 rediit.
3515 4407 3733 4466 Manuel

442 4513 588 4578 ,θεας
625 4511 765 4565 κατὰ
815 4505 1136 4578 Ἀγαρηνῶν
1201 4504 1601 4575 ποιησάμενοςο
1658 4505 1719 4558 τὸ
1770 4505 1830 4558 δὲ
1885 4504 2045 4575 σῶμα

467 4603 633 4660 αὐτοῦ
667 4600 1015 4671 ἀπεκομίσθη
1057 4601 1117 4651 ἐν
1151 4600 1216 4668 τῇ
1247 4597 1341 4649 ὑπ’
1362 4595 1529 4650 αὑτοῦ
1561 4598 1844 4672 κτισθείσῃ
1881 4601 2041 4671 μονῇ,

464 4699 534 4771 τῇ
597 4696 864 4764 σύνεγγυς
902 4691 1128 4763 κειμένῃ
1164 4688 1268 4758 τῆς
1317 4689 1412 4742 τοῦ
1465 4691 1747 4763 ’Δσπαρος
1791 4691 2042 4766 κινστὲρ.

469 4809 588 4863 νης.

539 4979 638 5040 ις’.
654 4970 766 5024 Καὶ
783 4969 948 5036 εὐθὺς
958 4965 1205 5024 διαϐολαὶ
1227 4957 1364 5041 προς
1384 4966 1475 5022 τὸν
1499 4966 1724 5039 βασιλέα
1750 4966 1891 5023 κατὰ
1904 4965 2046 5039 Περ-

470 5065 578 5119 σῶν
628 5067 723 5119 καὶ
780 5064 1004 5118 ἀπειλαὶ
1050 5065 1190 5118 κατὰ
1218 5061 1494 5131 Θεοφόϐου
1519 5061 1596 5125 ὡς
1631 5060 1924 5131 άντάρτου,
1949 5061 2044 5114 καὶ

468 5157 753 5227 προδότου,
787 5156 887 5211 καὶ
919 5156 1238 5225 δυσμενοῦς.
1294 5153 1479 5208 Ταῦτα
1531 5151 1721 5223 μαθὼν
1748 5152 2041 5222 Θεόφοϐος,

467 5250 596 5312 τοὺς
627 5249 846 5321 Πέρσας
902 5247 1230 5302 καταλαϐὼν
1286 5245 1557 5314 κατῆλθεν
1609 5245 1716 5307 ἓως
1748 5243 2000 5312 Σινώπης
2027 5259 2041 5275 ο

469 5337 592 5412 ἣτις
641 5339 740 5410 τὴν
785 5339 982 5409 κλῆσιν
1025 5339 1248 5408 εἴληφεν
1272 5337 1383 5391 ἀπό
1420 5352 1566 5400 τινος
1590 5334 1699 5389 τῶν
1732 5333 2046 5405 Ἀμαζόνων

470 5427 645 5500 αὐτὴν
699 5428 1058 5499 ϐειμαμένης,
1115 5430 1426 5498 ’Δμαστρις
1450 5426 1509 5480 δὲ
1555 5427 1592 5493 ὴ
1622 5425 1752 5498 πρὶν
1787 5424 2044 5496 Κρῶμμα

473 5521 838 5592 ὠνομασμένη
869 5520 980 5574 ἀπὸ
1021 5519 1380 5590 ’Δμάστριδος
1427 5516 1524 5588 τῆς
1554 5516 1833 5589 Περσίδος.
1875 5513 2042 5586 θυγα-

474 5613 605 5682 τρὸς
641 5611 932 5682 Ὀξυάρτου
962 5609 1196 5678 ἀδελφοῦ
1227 5609 1476 5681 Δαρείου,
1524 5609 1648 5679 ἣτις
1679 5607 2046 5677 συνοικήσασα

478 5702 740 5774 Διονυσίῳ
777 5703 855 5774 τῷ
895 5702 1222 5774 Ἡρακλείας
1254 5701 1522 5773 τυράννῳ.
1545 5701 1636 5754 ὑπ’
1668 5699 1862 5770 ἐκείνῳ
1882 5695 2047 5756 οὖσαν

2145 4519 2177 4558 e
2217 4503 2408 4574 praelia
2450 4500 2673 4556 saucius
2715 4500 3022 4570 morboque
3065 4509 3354 4569 correptus
3387 4499 3535 4554 diem
3571 4499 3734 4566 obiit,

2145 4595 2335 4651 multis
2374 4593 2642 4649 adversus
2686 4592 2967 4662 Agarenos
3011 4600 3236 4646 strenue
3273 4591 3583 4661 bellicaque
3622 4591 3738 4646 for-

2143 4684 2381 4743 titudine
2429 4685 2576 4741 clare
2606 4683 2794 4755 gestis.
2823 4683 2955 4754 Ejus
3001 4682 3236 4738 cadaver
3257 4679 3420 4752 637
3449 4680 3515 4734 ad
3541 4696 3735 4736 mona-

2144 4780 2372 4836 sterium
2391 4776 2644 4843 relatum,
2665 4774 2812 4846 quod
2839 4773 2954 4846 ipse
2972 4781 3357 4830 construxerat
3379 4771 3522 4827 haud
3540 4773 3735 4842 procul

2149 4871 2220 4926 ab
2251 4869 2474 4940 Asparis
2502 4868 2762 4924 cisterna.

2223 4957 2310 5013 t6.
2343 4956 2540 5011 Statim
2569 4953 2900 5025 proditionis
2945 4952 3113 5008 delati
3159 4952 3336 5008 Persa
3369 4951 3517 5023 apud
3552 4951 3733 5022 impe-

2151 5056 2393 5104 ratorem
2430 5067 2445 5101 ;
2480 5047 2763 5101 intentata:
2814 5045 2978 5100 mina
3024 5043 3080 5098 in
3135 5043 3562 5114 Theophobum,
3613 5053 3732 5099 tan-

2150 5157 2317 5212 quam
2347 5148 2615 5212 tyrannus
2646 5146 2702 5193 et
2739 5137 2965 5193 rebellis
2988 5153 3052 5192 ac
3083 5138 3338 5208 proditor
3365 5146 3422 5191 et
3448 5137 3624 5192 hostis
3642 5151 3726 5191 es-

2151 5241 2257 5290 set.
2285 5231 2664 5302 Theopbobus
2695 5231 2997 5301 compertis
3023 5245 3261 5314 quorum
3285 5245 3414 5285 reus
3442 5231 3732 5302 agebatur,

2153 5325 2451 5396 assumptis
2477 5340 2664 5380 secum
2697 5323 2987 5380 Persarum
3013 5326 3212 5380 turmis
3235 5365 3249 5386 .
3305 5324 3568 5395 Sinopem
3600 5339 3736 5379 con-

2151 5419 2340 5475 cessit.
2387 5418 2636 5487 (Acccpit
2679 5417 2776 5472 illa
2807 5431 3014 5472 nomen
3041 5432 3072 5470 a
3094 5416 3334 5487 quadam
3368 5419 3729 5482 Amazonum,

2153 5527 2276 5584 quae
2323 5525 2445 5566 eam
2512 5509 2780 5566 condidit.
2847 5508 3115 5564 Amastris
3171 5525 3340 5572 vero,
3402 5525 3526 5579 qua:
3578 5509 3733 5582 prius

2152 5606 2413 5660 Cromma
2443 5613 2758 5667 vocaretur.
2815 5603 2885 5658 ab
2934 5603 3249 5659 Amastride
3299 5604 3486 5666 Persa,
3521 5602 3730 5659 Oxiarti

2157 5696 2306 5753 Darii
2331 5697 2517 5752 fratris
2540 5696 2670 5752 lilia.
2701 5695 2826 5753 Fuit
2865 5697 2980 5752 hac
3006 5711 3146 5752 uxor
3182 5695 3424 5768 Dionysii
3457 5695 3732 5753 Heracleae
