  <div class='ocr_page' id='page_1' title='image "/cluster/home/n/w/nwhite01/storage/ocr_20150623/109/mdp.39015032333737/358.png"; bbox 0 0 4140 6042; ppageno 0'>
   <div class='ocr_carea' id='block_1_1' title="bbox 541 281 650 345">
    <p class='ocr_par' dir='ltr' id='par_1_1' title="bbox 541 281 650 345">
     <span class='ocr_line' id='line_1_1' title="bbox 541 281 650 345; baseline -0.009 0"><span class='ocrx_word' id='word_1_1' title='bbox 541 281 650 345; x_wconf 81' lang='lat'><strong>705</strong></span> 
     </span>
    </p>
   </div>
   <div class='ocr_carea' id='block_1_2' title="bbox 1628 270 2651 338">
    <p class='ocr_par' dir='ltr' id='par_1_2' title="bbox 1628 270 2651 338">
     <span class='ocr_line' id='line_1_2' title="bbox 1628 270 2651 338; baseline -0.007 0"><span class='ocrx_word' id='word_1_2' title='bbox 1628 274 1993 338; x_wconf 76' lang='lat' dir='ltr'><strong>ANNALES.</strong></span> <span class='ocrx_word' id='word_1_3' title='bbox 2034 299 2106 311; x_wconf 87' lang='lat'><em>--</em></span> <span class='ocrx_word' id='word_1_4' title='bbox 2139 270 2651 332; x_wconf 82' lang='lat' dir='ltr'><strong>THEOPHILUS.</strong></span> 
     </span>
    </p>
   </div>
   <div class='ocr_carea' id='block_1_3' title="bbox 3677 266 3786 328">
    <p class='ocr_par' dir='ltr' id='par_1_3' title="bbox 3677 266 3786 328">
     <span class='ocr_line' id='line_1_3' title="bbox 3677 266 3786 328; baseline 0.009 -1"><span class='ocrx_word' id='word_1_5' title='bbox 3677 266 3786 328; x_wconf 75' lang='grc'><strong>706</strong></span> 
     </span>
    </p>
   </div>
   <div class='ocr_carea' id='block_1_4' title="bbox 538 375 2126 458">
    <p class='ocr_par' dir='ltr' id='par_1_4' title="bbox 538 381 2114 458">
     <span class='ocr_line' id='line_1_4' title="bbox 538 381 2114 458; baseline -0.006 -15"><span class='ocrx_word' id='word_1_6' title='bbox 538 389 689 456; x_wconf 74' lang='grc' dir='ltr'>ὑπὲρ</span> <span class='ocrx_word' id='word_1_7' title='bbox 715 388 944 454; x_wconf 73' lang='grc' dir='ltr'>ταύτην</span> <span class='ocrx_word' id='word_1_8' title='bbox 971 388 1085 455; x_wconf 76' lang='grc' dir='ltr'>τὴν</span> <span class='ocrx_word' id='word_1_9' title='bbox 1098 405 1207 458; x_wconf 68' lang='grc' dir='ltr'>μη]</span> <span class='ocrx_word' id='word_1_10' title='bbox 1221 387 1433 455; x_wconf 78' lang='lat' dir='ltr'><strong>tvplar</strong></span> <span class='ocrx_word' id='word_1_11' title='bbox 1455 383 1533 452; x_wconf 76' lang='grc' dir='ltr'>ῆν</span> <span class='ocrx_word' id='word_1_12' title='bbox 1556 383 1893 454; x_wconf 62' lang='grc' dir='ltr'>ἐπιφέρεται</span> <span class='ocrx_word' id='word_1_13' title='bbox 1913 381 2114 451; x_wconf 75' lang='grc' dir='ltr'>(δείξας</span> 
     </span>
    </p>
   </div>
   <div class='ocr_carea' id='block_1_5' title="bbox 2228 375 3787 458">
    <p class='ocr_par' dir='ltr' id='par_1_5' title="bbox 2228 375 3787 449">
     <span class='ocr_line' id='line_1_5' title="bbox 2228 375 3787 449; baseline -0.003 -14"><span class='ocrx_word' id='word_1_14' title='bbox 2228 379 2687 449; x_wconf 79' lang='lat' dir='ltr'><strong>sponditsanctus</strong></span> <span class='ocrx_word' id='word_1_15' title='bbox 2721 376 3054 442; x_wconf 77' lang='lat' dir='ltr'><strong>Methodius,</strong></span> <span class='ocrx_word' id='word_1_16' title='bbox 3094 377 3280 447; x_wconf 84' lang='lat' dir='ltr'><strong>aitque</strong></span> <span class='ocrx_word' id='word_1_17' title='bbox 3317 391 3375 429; x_wconf 89' lang='lat' dir='ltr'><strong>co</strong></span> <span class='ocrx_word' id='word_1_18' title='bbox 3420 375 3560 444; x_wconf 65' lang='lat' dir='ltr'><strong>quod</strong></span> <span class='ocrx_word' id='word_1_19' title='bbox 3610 390 3787 430; x_wconf 70' lang='lat' dir='ltr'><strong>secum</strong></span> 
     </span>
    </p>
   </div>
   <div class='ocr_carea' id='block_1_6' title="bbox 471 473 2105 560">
    <p class='ocr_par' dir='ltr' id='par_1_6' title="bbox 471 473 2105 560">
     <span class='ocr_line' id='line_1_6' title="bbox 471 473 2105 560; baseline -0.006 -26"><span class='ocrx_word' id='word_1_20' title='bbox 471 557 474 560; x_wconf 11' lang='grc' dir='ltr'>ξ</span> <span class='ocrx_word' id='word_1_21' title='bbox 537 483 633 551; x_wconf 70' lang='grc' dir='ltr'>τὴν</span> <span class='ocrx_word' id='word_1_22' title='bbox 657 484 713 534; x_wconf 79' lang='grc' dir='ltr'>ὲν</span> <span class='ocrx_word' id='word_1_23' title='bbox 745 480 822 551; x_wconf 83' lang='grc' dir='ltr'>τῷ</span> <span class='ocrx_word' id='word_1_24' title='bbox 853 480 1130 552; x_wconf 84' lang='grc' dir='ltr'>προσώπῳ</span> <span class='ocrx_word' id='word_1_25' title='bbox 1169 479 1411 550; x_wconf 80' lang='grc' dir='ltr'>γραφὴν)</span> <span class='ocrx_word' id='word_1_26' title='bbox 1438 476 1748 547; x_wconf 72' lang='grc' dir='ltr'>κρείττονα</span> <span class='ocrx_word' id='word_1_27' title='bbox 1799 478 1872 528; x_wconf 84' lang='grc' dir='ltr'>οὺ</span> <span class='ocrx_word' id='word_1_28' title='bbox 1933 473 2105 526; x_wconf 68' lang='grc' dir='ltr'>θέλω.</span> 
     </span>
    </p>
   </div>
   <div class='ocr_carea' id='block_1_7' title="bbox 619 651 2109 725">
    <p class='ocr_par' dir='ltr' id='par_1_7' title="bbox 619 651 2109 725">
     <span class='ocr_line' id='line_1_7' title="bbox 619 651 2109 725; baseline -0.004 -12"><span class='ocrx_word' id='word_1_29' title='bbox 619 656 714 714; x_wconf 85' lang='grc' dir='ltr'>κδ’.</span> <span class='ocrx_word' id='word_1_30' title='bbox 747 658 930 724; x_wconf 78' lang='grc' dir='ltr'>Ἀξιον</span> <span class='ocrx_word' id='word_1_31' title='bbox 955 657 1013 711; x_wconf 72' lang='grc' dir='ltr'>δὲ</span> <span class='ocrx_word' id='word_1_32' title='bbox 1041 656 1227 710; x_wconf 69' lang='grc' dir='ltr'>λοιπὸν</span> <span class='ocrx_word' id='word_1_33' title='bbox 1258 657 1351 710; x_wconf 72' lang='grc' dir='ltr'>καὶ</span> <span class='ocrx_word' id='word_1_34' title='bbox 1377 653 1478 725; x_wconf 79' lang='grc' dir='ltr'>τὴν</span> <span class='ocrx_word' id='word_1_35' title='bbox 1509 654 1618 708; x_wconf 73' lang='grc' dir='ltr'>ἀπὺ</span> <span class='ocrx_word' id='word_1_36' title='bbox 1646 651 1741 707; x_wconf 81' lang='grc' dir='ltr'>τοῦ</span> <span class='ocrx_word' id='word_1_37' title='bbox 1776 652 1946 722; x_wconf 76' lang='grc' dir='ltr'>τάφου</span> <span class='ocrx_word' id='word_1_38' title='bbox 1977 652 2109 707; x_wconf 79' lang='grc' dir='ltr'><strong>ἀνά-</strong></span> 
     </span>
    </p>
   </div>
   <div class='ocr_carea' id='block_1_8' title="bbox 541 745 2113 820">
    <p class='ocr_par' dir='ltr' id='par_1_8' title="bbox 541 745 2113 820">
     <span class='ocr_line' id='line_1_8' title="bbox 541 745 2113 820; baseline -0.004 -15"><span class='ocrx_word' id='word_1_39' title='bbox 541 752 737 820; x_wconf 79' lang='grc' dir='ltr'>κλησιν</span> <span class='ocrx_word' id='word_1_40' title='bbox 767 751 861 803; x_wconf 86' lang='grc' dir='ltr'>τοῦ</span> <span class='ocrx_word' id='word_1_41' title='bbox 883 750 1030 804; x_wconf 77' lang='grc' dir='ltr'>ὁσίου</span> <span class='ocrx_word' id='word_1_42' title='bbox 1063 748 1327 803; x_wconf 74' lang='grc' dir='ltr'>Μεθοδίω</span> <span class='ocrx_word' id='word_1_43' title='bbox 1377 745 1765 818; x_wconf 81' lang='grc' dir='ltr'>διηγήσασθαι.</span> <span class='ocrx_word' id='word_1_44' title='bbox 1812 745 1938 798; x_wconf 76' lang='grc' dir='ltr'><strong>Ἐπὶ</strong></span> <span class='ocrx_word' id='word_1_45' title='bbox 1975 745 2113 798; x_wconf 77' lang='grc' dir='ltr'>ἑπτὰ</span> 
     </span>
    </p>
   </div>
   <div class='ocr_carea' id='block_1_9' title="bbox 537 835 2113 914">
    <p class='ocr_par' dir='ltr' id='par_1_9' title="bbox 537 835 2113 914">
     <span class='ocr_line' id='line_1_9' title="bbox 537 835 2113 914; baseline -0.006 -19"><span class='ocrx_word' id='word_1_46' title='bbox 537 845 649 914; x_wconf 83' lang='grc' dir='ltr'>γὰρ</span> <span class='ocrx_word' id='word_1_47' title='bbox 685 841 898 911; x_wconf 78' lang='grc' dir='ltr'><strong>χρόνοις</strong></span> <span class='ocrx_word' id='word_1_48' title='bbox 928 842 994 894; x_wconf 66' lang='grc' dir='ltr'>ἐν</span> <span class='ocrx_word' id='word_1_49' title='bbox 1024 839 1103 909; x_wconf 81' lang='grc' dir='ltr'>τῷ</span> <span class='ocrx_word' id='word_1_50' title='bbox 1142 838 1434 910; x_wconf 79' lang='grc' dir='ltr'><strong>δεινοτάτῳ</strong></span> <span class='ocrx_word' id='word_1_51' title='bbox 1471 839 1568 891; x_wconf 78' lang='grc' dir='ltr'>καὶ</span> <span class='ocrx_word' id='word_1_52' title='bbox 1617 835 1936 905; x_wconf 81' lang='grc' dir='ltr'>στενωτὰτῳ</span> <span class='ocrx_word' id='word_1_53' title='bbox 1957 835 2113 906; x_wconf 79' lang='grc' dir='ltr'>τάφῳ</span> 
     </span>
    </p>
   </div>
   <div class='ocr_carea' id='block_1_10' title="bbox 543 926 2112 1006">
    <p class='ocr_par' dir='ltr' id='par_1_10' title="bbox 543 926 2112 1006">
     <span class='ocr_line' id='line_1_10' title="bbox 543 926 2112 1006; baseline -0.006 -19"><span class='ocrx_word' id='word_1_54' title='bbox 543 936 681 1006; x_wconf 79' lang='grc' dir='ltr'>μετὰ</span> <span class='ocrx_word' id='word_1_55' title='bbox 705 933 799 987; x_wconf 81' lang='grc' dir='ltr'>δύο</span> <span class='ocrx_word' id='word_1_56' title='bbox 823 932 1037 1003; x_wconf 78' lang='grc' dir='ltr'><strong>λῃστῶν</strong></span> <span class='ocrx_word' id='word_1_57' title='bbox 1071 929 1459 993; x_wconf 74' lang='grc' dir='ltr'><strong>κατάκλειστος</strong></span> <span class='ocrx_word' id='word_1_58' title='bbox 1485 926 1747 998; x_wconf 84' lang='grc' dir='ltr'>γεγονὼς,</span> <span class='ocrx_word' id='word_1_59' title='bbox 1775 929 1884 979; x_wconf 83' lang='grc' dir='ltr'><strong>ὑπὸ</strong></span> <span class='ocrx_word' id='word_1_60' title='bbox 1914 927 2112 996; x_wconf 83' lang='grc' dir='ltr'>Θεοφί-</span> 
     </span>
    </p>
   </div>
   <div class='ocr_carea' id='block_1_11' title="bbox 539 1017 2113 1095">
    <p class='ocr_par' dir='ltr' id='par_1_11' title="bbox 539 1017 2113 1095">
     <span class='ocr_line' id='line_1_11' title="bbox 539 1017 2113 1095; baseline -0.006 -17"><span class='ocrx_word' id='word_1_61' title='bbox 539 1024 634 1078; x_wconf 88' lang='grc' dir='ltr'><strong>λου</strong></span> <span class='ocrx_word' id='word_1_62' title='bbox 661 1024 820 1078; x_wconf 78' lang='grc' dir='ltr'>τοῦτο</span> <span class='ocrx_word' id='word_1_63' title='bbox 845 1024 986 1094; x_wconf 82' lang='grc' dir='ltr'>μετὰ</span> <span class='ocrx_word' id='word_1_64' title='bbox 1013 1022 1236 1095; x_wconf 85' lang='grc' dir='ltr'>δαρμῶν</span> <span class='ocrx_word' id='word_1_65' title='bbox 1264 1021 1554 1094; x_wconf 76' lang='grc' dir='ltr'><strong>ἀφορήτων</strong></span> <span class='ocrx_word' id='word_1_66' title='bbox 1592 1019 1691 1073; x_wconf 77' lang='grc' dir='ltr'>καὶ</span> <span class='ocrx_word' id='word_1_67' title='bbox 1737 1019 1837 1088; x_wconf 82' lang='grc' dir='ltr'>τὴν</span> <span class='ocrx_word' id='word_1_68' title='bbox 1863 1017 1970 1071; x_wconf 85' lang='grc' dir='ltr'><strong>τῶν</strong></span> <span class='ocrx_word' id='word_1_69' title='bbox 1993 1033 2113 1069; x_wconf 81' lang='grc' dir='ltr'>σια-</span> 
     </span>
    </p>
   </div>
   <div class='ocr_carea' id='block_1_12' title="bbox 539 1106 2114 1186">
    <p class='ocr_par' dir='ltr' id='par_1_12' title="bbox 539 1106 2114 1186">
     <span class='ocr_line' id='line_1_12' title="bbox 539 1106 2114 1186; baseline -0.008 -17"><span class='ocrx_word' id='word_1_70' title='bbox 539 1118 714 1186; x_wconf 85' lang='grc' dir='ltr'>γόνων</span> <span class='ocrx_word' id='word_1_71' title='bbox 739 1113 926 1168; x_wconf 82' lang='grc' dir='ltr'>θλάσιν</span> <span class='ocrx_word' id='word_1_72' title='bbox 954 1115 1048 1168; x_wconf 73' lang='grc' dir='ltr'>καὶ</span> <span class='ocrx_word' id='word_1_73' title='bbox 1071 1113 1170 1183; x_wconf 82' lang='grc' dir='ltr'>τὴν</span> <span class='ocrx_word' id='word_1_74' title='bbox 1190 1113 1300 1165; x_wconf 84' lang='grc' dir='ltr'><strong>τῶν</strong></span> <span class='ocrx_word' id='word_1_75' title='bbox 1323 1112 1551 1164; x_wconf 75' lang='grc' dir='ltr'><strong>ὀδόντων</strong></span> <span class='ocrx_word' id='word_1_76' title='bbox 1576 1108 1870 1186; x_wconf 70' lang='grc' dir='ltr'>έκρίζωσιν</span> <span class='ocrx_word' id='word_1_77' title='bbox 1898 1108 1987 1161; x_wconf 77' lang='grc' dir='ltr'>διὰ</span> <span class='ocrx_word' id='word_1_78' title='bbox 2013 1106 2114 1176; x_wconf 80' lang='grc' dir='ltr'>τὴν</span> 
     </span>
    </p>
   </div>
   <div class='ocr_carea' id='block_1_13' title="bbox 539 1183 2114 1275">
    <p class='ocr_par' dir='ltr' id='par_1_13' title="bbox 539 1183 2114 1275">
     <span class='ocr_line' id='line_1_13' title="bbox 539 1183 2114 1275; baseline -0.01 -14"><span class='ocrx_word' id='word_1_79' title='bbox 539 1183 649 1261; x_wconf 75' lang='grc' dir='ltr'><strong>τῶν</strong></span> <span class='ocrx_word' id='word_1_80' title='bbox 670 1208 842 1275; x_wconf 74' lang='grc' dir='ltr'>ἁγίων</span> <span class='ocrx_word' id='word_1_81' title='bbox 863 1204 1087 1259; x_wconf 66' lang='grc' dir='ltr'>εἰκόνων</span> <span class='ocrx_word' id='word_1_82' title='bbox 1115 1201 1486 1273; x_wconf 79' lang='grc' dir='ltr'>προσκύνησιν</span> <span class='ocrx_word' id='word_1_83' title='bbox 1508 1183 1952 1260; x_wconf 63' lang='grc' dir='ltr'>καταδικασθεὶς,</span> <span class='ocrx_word' id='word_1_84' title='bbox 1973 1197 2114 1265; x_wconf 81' lang='grc' dir='ltr'>ὀπὴν</span> 
     </span>
    </p>
   </div>
   <div class='ocr_carea' id='block_1_14' title="bbox 545 1281 2116 1362">
    <p class='ocr_par' dir='ltr' id='par_1_14' title="bbox 545 1281 2116 1362">
     <span class='ocr_line' id='line_1_14' title="bbox 545 1281 2116 1362; baseline -0.006 -16"><span class='ocrx_word' id='word_1_85' title='bbox 545 1293 750 1362; x_wconf 78' lang='grc' dir='ltr'>μικρὰν</span> <span class='ocrx_word' id='word_1_86' title='bbox 784 1291 946 1361; x_wconf 85' lang='grc' dir='ltr'>μόνον</span> <span class='ocrx_word' id='word_1_87' title='bbox 969 1292 1186 1360; x_wconf 80' lang='grc' dir='ltr'>ἔχοντος</span> <span class='ocrx_word' id='word_1_88' title='bbox 1234 1290 1327 1343; x_wconf 76' lang='grc' dir='ltr'>τοῦ</span> <span class='ocrx_word' id='word_1_89' title='bbox 1365 1291 1666 1358; x_wconf 81' lang='grc' dir='ltr'>μνήματος,</span> <span class='ocrx_word' id='word_1_90' title='bbox 1714 1285 1781 1339; x_wconf 86' lang='grc' dir='ltr'><strong>δι’</strong></span> <span class='ocrx_word' id='word_1_91' title='bbox 1807 1281 1872 1356; x_wconf 79' lang='grc' dir='ltr'>ἧς</span> <span class='ocrx_word' id='word_1_92' title='bbox 1897 1288 1998 1356; x_wconf 77' lang='grc' dir='ltr'>τὴν</span> <span class='ocrx_word' id='word_1_93' title='bbox 2025 1287 2116 1337; x_wconf 77' lang='grc' dir='ltr'><strong>εὑ-</strong></span> 
     </span>
    </p>
   </div>
   <div class='ocr_carea' id='block_1_15' title="bbox 540 1374 2116 1454">
    <p class='ocr_par' dir='ltr' id='par_1_15' title="bbox 540 1374 2116 1454">
     <span class='ocr_line' id='line_1_15' title="bbox 540 1374 2116 1454; baseline -0.004 -22"><span class='ocrx_word' id='word_1_94' title='bbox 540 1382 672 1451; x_wconf 77' lang='grc' dir='ltr'>τελῆ</span> <span class='ocrx_word' id='word_1_95' title='bbox 695 1382 903 1454; x_wconf 85' lang='grc' dir='ltr'>τροφήν</span> <span class='ocrx_word' id='word_1_96' title='bbox 925 1398 985 1434; x_wconf 88' lang='grc' dir='ltr'><strong>τε</strong></span> <span class='ocrx_word' id='word_1_97' title='bbox 1008 1381 1104 1434; x_wconf 80' lang='grc' dir='ltr'>καὶ</span> <span class='ocrx_word' id='word_1_98' title='bbox 1131 1381 1193 1433; x_wconf 82' lang='grc' dir='ltr'>τὸ</span> <span class='ocrx_word' id='word_1_99' title='bbox 1210 1378 1355 1450; x_wconf 75' lang='grc' dir='ltr'>ὕδωρ</span> <span class='ocrx_word' id='word_1_100' title='bbox 1393 1378 1720 1448; x_wconf 71' lang='grc' dir='ltr'>ἐλάμϐανεν,</span> <span class='ocrx_word' id='word_1_101' title='bbox 1776 1375 1976 1446; x_wconf 80' lang='grc' dir='ltr'>συνέϐη</span> <span class='ocrx_word' id='word_1_102' title='bbox 2034 1374 2116 1443; x_wconf 85' lang='grc' dir='ltr'>τῷ</span> 
     </span>
    </p>
   </div>
   <div class='ocr_carea' id='block_1_16' title="bbox 542 1469 2113 1546">
    <p class='ocr_par' dir='ltr' id='par_1_16' title="bbox 542 1469 2113 1546">
     <span class='ocr_line' id='line_1_16' title="bbox 542 1469 2113 1546; baseline -0.005 -19"><span class='ocrx_word' id='word_1_103' title='bbox 542 1474 782 1546; x_wconf 81' lang='grc' dir='ltr'>δευτέρῳ</span> <span class='ocrx_word' id='word_1_104' title='bbox 810 1473 923 1526; x_wconf 71' lang='lat' dir='ltr'><strong>Etet</strong></span> <span class='ocrx_word' id='word_1_105' title='bbox 948 1473 1041 1526; x_wconf 78' lang='grc' dir='ltr'><strong>τὸν</strong></span> <span class='ocrx_word' id='word_1_106' title='bbox 1063 1472 1160 1526; x_wconf 75' lang='grc' dir='ltr'>ἕνα</span> <span class='ocrx_word' id='word_1_107' title='bbox 1187 1472 1297 1524; x_wconf 86' lang='grc' dir='ltr'>τῶν</span> <span class='ocrx_word' id='word_1_108' title='bbox 1328 1471 1540 1540; x_wconf 75' lang='grc' dir='ltr'>λῃστῶν</span> <span class='ocrx_word' id='word_1_109' title='bbox 1586 1472 1767 1523; x_wconf 67' lang='grc' dir='ltr'>ἐκεῖσε</span> <span class='ocrx_word' id='word_1_110' title='bbox 1798 1469 2113 1522; x_wconf 72' lang='grc' dir='ltr'>ἀποθανεῖν.</span> 
     </span>
    </p>
   </div>
   <div class='ocr_carea' id='block_1_17' title="bbox 547 1561 2116 1633">
    <p class='ocr_par' dir='ltr' id='par_1_17' title="bbox 547 1561 2116 1633">
     <span class='ocr_line' id='line_1_17' title="bbox 547 1561 2116 1633; baseline -0.005 -12"><span class='ocrx_word' id='word_1_111' title='bbox 547 1567 690 1621; x_wconf 83' lang='grc' dir='ltr'>Ἰστε</span> <span class='ocrx_word' id='word_1_112' title='bbox 719 1565 777 1619; x_wconf 76' lang='grc' dir='ltr'>δὲ</span> <span class='ocrx_word' id='word_1_113' title='bbox 826 1566 1044 1630; x_wconf 83' lang='grc' dir='ltr'>πάντως</span> <span class='ocrx_word' id='word_1_114' title='bbox 1073 1566 1163 1619; x_wconf 80' lang='grc' dir='ltr'>οἷα</span> <span class='ocrx_word' id='word_1_115' title='bbox 1188 1565 1423 1619; x_wconf 84' lang='grc' dir='ltr'>δυσωδία</span> <span class='ocrx_word' id='word_1_116' title='bbox 1452 1564 1548 1618; x_wconf 69' lang='lat' dir='ltr'><strong>xei.</strong></span> <span class='ocrx_word' id='word_1_117' title='bbox 1593 1564 1891 1633; x_wconf 75' lang='grc' dir='ltr'>σκωλήκων</span> <span class='ocrx_word' id='word_1_118' title='bbox 1913 1561 2116 1632; x_wconf 83' lang='grc' dir='ltr'>βρῶσις</span> 
     </span>
    </p>
   </div>
   <div class='ocr_carea' id='block_1_18' title="bbox 543 1652 2114 1728">
    <p class='ocr_par' dir='ltr' id='par_1_18' title="bbox 543 1652 2114 1728">
     <span class='ocr_line' id='line_1_18' title="bbox 543 1652 2114 1728; baseline -0.003 -17"><span class='ocrx_word' id='word_1_119' title='bbox 543 1655 640 1712; x_wconf 77' lang='grc' dir='ltr'><strong>τοῦ</strong></span> <span class='ocrx_word' id='word_1_120' title='bbox 664 1658 920 1726; x_wconf 82' lang='grc' dir='ltr'>σώματος</span> <span class='ocrx_word' id='word_1_121' title='bbox 955 1657 1052 1712; x_wconf 82' lang='grc' dir='ltr'><strong>τοῦ</strong></span> <span class='ocrx_word' id='word_1_122' title='bbox 1080 1658 1178 1728; x_wconf 82' lang='grc' dir='ltr'>τῆς</span> <span class='ocrx_word' id='word_1_123' title='bbox 1207 1657 1388 1727; x_wconf 77' lang='grc' dir='ltr'>ψυχῆς</span> <span class='ocrx_word' id='word_1_124' title='bbox 1441 1656 1766 1725; x_wconf 75' lang='grc' dir='ltr'><strong>ἐξελθούσης</strong></span> <span class='ocrx_word' id='word_1_125' title='bbox 1810 1652 2114 1706; x_wconf 83' lang='grc' dir='ltr'>τίκτεσθαι.</span> 
     </span>
    </p>
   </div>
   <div class='ocr_carea' id='block_1_19' title="bbox 2211 465 3786 540">
    <p class='ocr_par' dir='ltr' id='par_1_19' title="bbox 2211 465 3786 540">
     <span class='ocr_line' id='line_1_19' title="bbox 2211 465 3786 540; baseline -0.005 -15"><span class='ocrx_word' id='word_1_126' title='bbox 2211 472 2302 525; x_wconf 84' lang='lat' dir='ltr'><strong>itte</strong></span> <span class='ocrx_word' id='word_1_127' title='bbox 2317 472 2485 540; x_wconf 77' lang='lat' dir='ltr'><strong>defert</strong></span> <span class='ocrx_word' id='word_1_128' title='bbox 2531 468 2853 536; x_wconf 79' lang='lat' dir='ltr'><strong>(ostendens</strong></span> <span class='ocrx_word' id='word_1_129' title='bbox 2889 468 3210 536; x_wconf 72' lang='lat' dir='ltr'><strong>inscriptam</strong></span> <span class='ocrx_word' id='word_1_130' title='bbox 3254 465 3493 519; x_wconf 76' lang='lat' dir='ltr'><strong>frontem</strong></span> <span class='ocrx_word' id='word_1_131' title='bbox 3529 477 3594 516; x_wconf 77' lang='lat' dir='ltr'><strong>ac.</strong></span> <span class='ocrx_word' id='word_1_132' title='bbox 3631 479 3786 522; x_wconf 77' lang='lat' dir='ltr'><strong>coin-</strong></span> 
     </span>
    </p>
   </div>
   <div class='ocr_carea' id='block_1_20' title="bbox 2211 554 3599 635">
    <p class='ocr_par' dir='ltr' id='par_1_20' title="bbox 2211 554 3599 635">
     <span class='ocr_line' id='line_1_20' title="bbox 2211 554 3599 635; baseline -0.005 -18"><span class='ocrx_word' id='word_1_133' title='bbox 2211 563 2493 635; x_wconf 83' lang='lat' dir='ltr'><strong>punctam)</strong></span> <span class='ocrx_word' id='word_1_134' title='bbox 2523 561 2731 618; x_wconf 82' lang='lat' dir='ltr'><strong>nullum</strong></span> <span class='ocrx_word' id='word_1_135' title='bbox 2766 576 2821 616; x_wconf 72' lang='lat' dir='ltr'><strong>se</strong></span> <span class='ocrx_word' id='word_1_136' title='bbox 2848 558 3036 615; x_wconf 76' lang='lat' dir='ltr'><strong>melius</strong></span> <span class='ocrx_word' id='word_1_137' title='bbox 3061 557 3421 612; x_wconf 69' lang='lat' dir='ltr'><strong>testimonium</strong></span> <span class='ocrx_word' id='word_1_138' title='bbox 3445 554 3599 612; x_wconf 79' lang='lat' dir='ltr'><strong>velle.</strong></span> 
     </span>
    </p>
   </div>
   <div class='ocr_carea' id='block_1_21' title="bbox 2281 641 3790 719">
    <p class='ocr_par' dir='ltr' id='par_1_21' title="bbox 2281 641 3790 719">
     <span class='ocr_line' id='line_1_21' title="bbox 2281 641 3790 719; baseline -0.007 -13"><span class='ocrx_word' id='word_1_139' title='bbox 2281 651 2371 706; x_wconf 65' lang='grc'><strong>24.</strong></span> <span class='ocrx_word' id='word_1_140' title='bbox 2403 649 2520 706; x_wconf 70' lang='lat' dir='ltr'><strong>lam</strong></span> <span class='ocrx_word' id='word_1_141' title='bbox 2571 664 2704 705; x_wconf 83' lang='lat' dir='ltr'><strong>vero</strong></span> <span class='ocrx_word' id='word_1_142' title='bbox 2758 662 2939 718; x_wconf 62' lang='lat' dir='ltr'><strong>Operae</strong></span> <span class='ocrx_word' id='word_1_143' title='bbox 2981 646 3220 719; x_wconf 76' lang='lat' dir='ltr'><strong>pretium</strong></span> <span class='ocrx_word' id='word_1_144' title='bbox 3267 647 3338 700; x_wconf 89' lang='lat' dir='ltr'><strong>sit</strong></span> <span class='ocrx_word' id='word_1_145' title='bbox 3373 655 3434 700; x_wconf 93' lang='lat' dir='ltr'><strong>ut</strong></span> <span class='ocrx_word' id='word_1_146' title='bbox 3483 641 3790 700; x_wconf 88' lang='lat' dir='ltr'><strong>ctmodum</strong></span> 
     </span>
    </p>
   </div>
   <div class='ocr_carea' id='block_1_22' title="bbox 2208 737 3789 809">
    <p class='ocr_par' dir='ltr' id='par_1_22' title="bbox 2208 737 3789 809">
     <span class='ocr_line' id='line_1_22' title="bbox 2208 737 3789 809; baseline -0.005 -12"><span class='ocrx_word' id='word_1_147' title='bbox 2208 756 2554 803; x_wconf 87' lang='lat' dir='ltr'><strong>enarremus,</strong></span> <span class='ocrx_word' id='word_1_148' title='bbox 2591 755 2702 809; x_wconf 89' lang='lat' dir='ltr'><strong>quo</strong></span> <span class='ocrx_word' id='word_1_149' title='bbox 2725 755 2756 794; x_wconf 90' lang='lat' dir='ltr'><strong>e</strong></span> <span class='ocrx_word' id='word_1_150' title='bbox 2793 740 3049 809; x_wconf 88' lang='lat' dir='ltr'><strong>sepulcro</strong></span> <span class='ocrx_word' id='word_1_151' title='bbox 3087 747 3312 792; x_wconf 77' lang='lat' dir='ltr'><strong>sanctus</strong></span> <span class='ocrx_word' id='word_1_152' title='bbox 3355 737 3666 794; x_wconf 74' lang='lat' dir='ltr'><strong>blethodius</strong></span> <span class='ocrx_word' id='word_1_153' title='bbox 3698 750 3789 790; x_wconf 84' lang='lat' dir='ltr'><strong>re-</strong></span> 
     </span>
    </p>
   </div>
   <div class='ocr_carea' id='block_1_23' title="bbox 2209 828 3792 899">
    <p class='ocr_par' dir='ltr' id='par_1_23' title="bbox 2209 828 3792 899">
     <span class='ocr_line' id='line_1_23' title="bbox 2209 828 3792 899; baseline -0.004 -11"><span class='ocrx_word' id='word_1_154' title='bbox 2209 845 2441 889; x_wconf 82' lang='lat' dir='ltr'><strong>vocatus</strong></span> <span class='ocrx_word' id='word_1_155' title='bbox 2479 841 2583 886; x_wconf 84' lang='lat' dir='ltr'><strong>est.</strong></span> <span class='ocrx_word' id='word_1_156' title='bbox 2610 832 2728 886; x_wconf 83' lang='lat' dir='ltr'><strong>Jam</strong></span> <span class='ocrx_word' id='word_1_157' title='bbox 2787 831 2878 884; x_wconf 81' lang='lat' dir='ltr'><strong>ille</strong></span> <span class='ocrx_word' id='word_1_158' title='bbox 2933 845 3109 884; x_wconf 89' lang='lat' dir='ltr'><strong>annos</strong></span> <span class='ocrx_word' id='word_1_159' title='bbox 3155 839 3366 899; x_wconf 82' lang='lat' dir='ltr'><strong>septem</strong></span> <span class='ocrx_word' id='word_1_160' title='bbox 3419 843 3542 883; x_wconf 90' lang='lat' dir='ltr'><strong>eum</strong></span> <span class='ocrx_word' id='word_1_161' title='bbox 3572 828 3792 889; x_wconf 78' lang='lat' dir='ltr'><strong>duobus</strong></span> 
     </span>
    </p>
   </div>
   <div class='ocr_carea' id='block_1_24' title="bbox 2211 920 3800 990">
    <p class='ocr_par' dir='ltr' id='par_1_24' title="bbox 2211 920 3800 990">
     <span class='ocr_line' id='line_1_24' title="bbox 2211 920 3800 990; baseline -0.003 -10"><span class='ocrx_word' id='word_1_162' title='bbox 2211 924 2521 980; x_wconf 86' lang='lat' dir='ltr'><strong>latronibus</strong></span> <span class='ocrx_word' id='word_1_163' title='bbox 2550 923 2834 977; x_wconf 82' lang='lat' dir='ltr'><strong>dirissima</strong></span> <span class='ocrx_word' id='word_1_164' title='bbox 2867 922 3295 990; x_wconf 87' lang='lat' dir='ltr'><strong>arctissimoque</strong></span> <span class='ocrx_word' id='word_1_165' title='bbox 3338 921 3593 990; x_wconf 76' lang='lat' dir='ltr'><strong>sepulcro</strong></span> <span class='ocrx_word' id='word_1_166' title='bbox 3621 920 3800 975; x_wconf 89' lang='lat' dir='ltr'><strong>inclu-</strong></span> 
     </span>
    </p>
   </div>
   <div class='ocr_carea' id='block_1_25' title="bbox 2168 1012 3790 1085">
    <p class='ocr_par' dir='ltr' id='par_1_25' title="bbox 2168 1012 3790 1085">
     <span class='ocr_line' id='line_1_25' title="bbox 2168 1012 3790 1085; baseline -0.002 -14"><span class='ocrx_word' id='word_1_167' title='bbox 2168 1013 2171 1016; x_wconf 41' lang='grc'><em>⁴</em></span> <span class='ocrx_word' id='word_1_168' title='bbox 2212 1031 2307 1071; x_wconf 85' lang='lat' dir='ltr'><strong>sus</strong></span> <span class='ocrx_word' id='word_1_169' title='bbox 2329 1023 2518 1085; x_wconf 77' lang='lat' dir='ltr'><strong>egerat</strong></span> <span class='ocrx_word' id='word_1_170' title='bbox 2540 1032 2556 1081; x_wconf 88' lang='lat'><strong>;</strong></span> <span class='ocrx_word' id='word_1_171' title='bbox 2593 1015 2683 1068; x_wconf 91' lang='lat' dir='ltr'><strong>cui</strong></span> <span class='ocrx_word' id='word_1_172' title='bbox 2710 1012 3052 1084; x_wconf 80' lang='lat' dir='ltr'><strong>&#39;l‘heOphilus</strong></span> <span class='ocrx_word' id='word_1_173' title='bbox 3070 1022 3194 1084; x_wconf 88' lang='lat' dir='ltr'><strong>post</strong></span> <span class='ocrx_word' id='word_1_174' title='bbox 3218 1013 3516 1068; x_wconf 76' lang='lat' dir='ltr'><strong>durissima</strong></span> <span class='ocrx_word' id='word_1_175' title='bbox 3535 1014 3790 1079; x_wconf 85' lang='lat' dir='ltr'><strong>verbera,</strong></span> 
     </span>
    </p>
   </div>
   <div class='ocr_carea' id='block_1_26' title="bbox 2211 1104 3794 1166">
    <p class='ocr_par' dir='ltr' id='par_1_26' title="bbox 2211 1104 3794 1166">
     <span class='ocr_line' id='line_1_26' title="bbox 2211 1104 3794 1166; baseline -0.001 -4"><span class='ocrx_word' id='word_1_176' title='bbox 2211 1109 2460 1162; x_wconf 77' lang='lat' dir='ltr'><strong>maxillas</strong></span> <span class='ocrx_word' id='word_1_177' title='bbox 2481 1107 2738 1162; x_wconf 86' lang='lat' dir='ltr'><strong>etl‘ractas</strong></span> <span class='ocrx_word' id='word_1_178' title='bbox 2782 1121 2848 1160; x_wconf 89' lang='lat' dir='ltr'><strong>ac</strong></span> <span class='ocrx_word' id='word_1_179' title='bbox 2895 1106 3090 1161; x_wconf 83' lang='lat' dir='ltr'><strong>dentes</strong></span> <span class='ocrx_word' id='word_1_180' title='bbox 3157 1119 3440 1166; x_wconf 79' lang='lat' dir='ltr'><strong>excussos.</strong></span> <span class='ocrx_word' id='word_1_181' title='bbox 3487 1104 3558 1158; x_wconf 91' lang='lat' dir='ltr'><strong>ob</strong></span> <span class='ocrx_word' id='word_1_182' title='bbox 3581 1107 3794 1162; x_wconf 89' lang='lat' dir='ltr'><strong>cultum</strong></span> 
     </span>
    </p>
   </div>
   <div class='ocr_carea' id='block_1_27' title="bbox 2214 1196 3797 1267">
    <p class='ocr_par' dir='ltr' id='par_1_27' title="bbox 2214 1196 3797 1267">
     <span class='ocr_line' id='line_1_27' title="bbox 2214 1196 3797 1267; baseline -0.003 -14"><span class='ocrx_word' id='word_1_183' title='bbox 2214 1214 2493 1254; x_wconf 81' lang='lat' dir='ltr'><strong>sacrarum</strong></span> <span class='ocrx_word' id='word_1_184' title='bbox 2517 1199 2814 1267; x_wconf 83' lang='lat' dir='ltr'><strong>imaginum</strong></span> <span class='ocrx_word' id='word_1_185' title='bbox 2859 1213 3015 1251; x_wconf 87' lang='lat' dir='ltr'><strong>reum</strong></span> <span class='ocrx_word' id='word_1_186' title='bbox 3043 1196 3349 1251; x_wconf 82' lang='lat' dir='ltr'><strong>addixerat.</strong></span> <span class='ocrx_word' id='word_1_187' title='bbox 3387 1197 3654 1266; x_wconf 75' lang='lat' dir='ltr'><strong>Exiguum</strong></span> <span class='ocrx_word' id='word_1_188' title='bbox 3711 1197 3797 1251; x_wconf 78' lang='lat' dir='ltr'><strong>fo-</strong></span> 
     </span>
    </p>
   </div>
   <div class='ocr_carea' id='block_1_28' title="bbox 2214 1289 3798 1366">
    <p class='ocr_par' dir='ltr' id='par_1_28' title="bbox 2214 1289 3798 1366">
     <span class='ocr_line' id='line_1_28' title="bbox 2214 1289 3798 1366; baseline 0.001 -22"><span class='ocrx_word' id='word_1_189' title='bbox 2214 1306 2405 1345; x_wconf 84' lang='lat' dir='ltr'><strong>ramen</strong></span> <span class='ocrx_word' id='word_1_190' title='bbox 2426 1290 2592 1366; x_wconf 64' lang='grc'><strong>644,</strong></span> <span class='ocrx_word' id='word_1_191' title='bbox 2615 1298 2740 1345; x_wconf 86' lang='lat' dir='ltr'><strong>erat</strong></span> <span class='ocrx_word' id='word_1_192' title='bbox 2770 1290 2826 1343; x_wconf 90' lang='lat' dir='ltr'><strong>in</strong></span> <span class='ocrx_word' id='word_1_193' title='bbox 2877 1298 3256 1353; x_wconf 84' lang='lat' dir='ltr'><strong>monumento,</strong></span> <span class='ocrx_word' id='word_1_194' title='bbox 3292 1304 3401 1357; x_wconf 88' lang='lat' dir='ltr'><strong>quo</strong></span> <span class='ocrx_word' id='word_1_195' title='bbox 3429 1289 3591 1343; x_wconf 75' lang='lat' dir='ltr'><strong>vilem</strong></span> <span class='ocrx_word' id='word_1_196' title='bbox 3627 1289 3677 1345; x_wconf 89' lang='lat' dir='ltr'><strong>ei</strong></span> <span class='ocrx_word' id='word_1_197' title='bbox 3708 1305 3798 1346; x_wconf 66' lang='lat' dir='ltr'><strong>civ</strong></span> 
     </span>
    </p>
   </div>
   <div class='ocr_carea' id='block_1_29' title="bbox 2215 1380 3793 1453">
    <p class='ocr_par' dir='ltr' id='par_1_29' title="bbox 2215 1380 3793 1453">
     <span class='ocr_line' id='line_1_29' title="bbox 2215 1380 3793 1453; baseline -0.003 -15"><span class='ocrx_word' id='word_1_198' title='bbox 2215 1399 2334 1438; x_wconf 89' lang='lat' dir='ltr'><strong>cam</strong></span> <span class='ocrx_word' id='word_1_199' title='bbox 2363 1393 2419 1438; x_wconf 94' lang='lat' dir='ltr'><strong>ct</strong></span> <span class='ocrx_word' id='word_1_200' title='bbox 2445 1399 2641 1453; x_wconf 85' lang='lat' dir='ltr'><strong>aquam</strong></span> <span class='ocrx_word' id='word_1_201' title='bbox 2672 1382 3003 1437; x_wconf 81' lang='lat' dir='ltr'><strong>inferebant.</strong></span> <span class='ocrx_word' id='word_1_202' title='bbox 3027 1382 3203 1436; x_wconf 87' lang='lat' dir='ltr'><strong>Porro</strong></span> <span class='ocrx_word' id='word_1_203' title='bbox 3261 1380 3492 1449; x_wconf 77' lang='lat' dir='ltr'><strong>contigit</strong></span> <span class='ocrx_word' id='word_1_204' title='bbox 3539 1389 3793 1439; x_wconf 82' lang='lat' dir='ltr'><strong>vertente</strong></span> 
     </span>
    </p>
   </div>
   <div class='ocr_carea' id='block_1_30' title="bbox 2216 1473 3790 1543">
    <p class='ocr_par' dir='ltr' id='par_1_30' title="bbox 2216 1473 3790 1543">
     <span class='ocr_line' id='line_1_30' title="bbox 2216 1473 3790 1543; baseline -0.001 -15"><span class='ocrx_word' id='word_1_205' title='bbox 2216 1489 2362 1530; x_wconf 89' lang='lat' dir='ltr'><strong>anno</strong></span> <span class='ocrx_word' id='word_1_206' title='bbox 2415 1475 2591 1532; x_wconf 84' lang='lat' dir='ltr'><strong>altero</strong></span> <span class='ocrx_word' id='word_1_207' title='bbox 2625 1482 2686 1528; x_wconf 89' lang='lat' dir='ltr'><strong>ut</strong></span> <span class='ocrx_word' id='word_1_208' title='bbox 2725 1475 3002 1529; x_wconf 82' lang='lat' dir='ltr'><strong>latronum</strong></span> <span class='ocrx_word' id='word_1_209' title='bbox 3045 1474 3185 1528; x_wconf 84' lang='lat' dir='ltr'><strong>alter</strong></span> <span class='ocrx_word' id='word_1_210' title='bbox 3212 1488 3280 1526; x_wconf 90' lang='lat' dir='ltr'><strong>eo</strong></span> <span class='ocrx_word' id='word_1_211' title='bbox 3331 1473 3385 1526; x_wconf 93' lang='lat' dir='ltr'><strong>in</strong></span> <span class='ocrx_word' id='word_1_212' title='bbox 3415 1474 3590 1528; x_wconf 88' lang='lat' dir='ltr'><strong>lustro</strong></span> <span class='ocrx_word' id='word_1_213' title='bbox 3625 1482 3790 1543; x_wconf 87' lang='lat' dir='ltr'><strong>atque</strong></span> 
     </span>
    </p>
   </div>
   <div class='ocr_carea' id='block_1_31' title="bbox 2217 1563 3794 1638">
    <p class='ocr_par' dir='ltr' id='par_1_31' title="bbox 2217 1563 3794 1638">
     <span class='ocr_line' id='line_1_31' title="bbox 2217 1563 3794 1638; baseline -0.001 -17"><span class='ocrx_word' id='word_1_214' title='bbox 2217 1568 2418 1638; x_wconf 79' lang='lat' dir='ltr'><strong>angulo</strong></span> <span class='ocrx_word' id='word_1_215' title='bbox 2454 1567 2601 1621; x_wconf 90' lang='lat' dir='ltr'><strong>diem</strong></span> <span class='ocrx_word' id='word_1_216' title='bbox 2659 1566 2963 1624; x_wconf 84' lang='lat' dir='ltr'><strong>clauderet.</strong></span> <span class='ocrx_word' id='word_1_217' title='bbox 3017 1563 3174 1622; x_wconf 86' lang='lat' dir='ltr'><strong>Haud</strong></span> <span class='ocrx_word' id='word_1_218' title='bbox 3224 1580 3360 1618; x_wconf 83' lang='lat' dir='ltr'><strong>vero</strong></span> <span class='ocrx_word' id='word_1_219' title='bbox 3394 1580 3620 1634; x_wconf 80' lang='lat' dir='ltr'><strong>prorsus</strong></span> <span class='ocrx_word' id='word_1_220' title='bbox 3657 1566 3794 1620; x_wconf 83' lang='lat' dir='ltr'><strong>latet</strong></span> 
     </span>
    </p>
   </div>
   <div class='ocr_carea' id='block_1_32' title="bbox 2217 1654 3797 1726">
    <p class='ocr_par' dir='ltr' id='par_1_32' title="bbox 2217 1654 3797 1726">
     <span class='ocr_line' id='line_1_32' title="bbox 2217 1654 3797 1726; baseline 0 -16"><span class='ocrx_word' id='word_1_221' title='bbox 2217 1664 2455 1726; x_wconf 88' lang='lat' dir='ltr'><strong>quantus</strong></span> <span class='ocrx_word' id='word_1_222' title='bbox 2477 1672 2506 1712; x_wconf 77' lang='grc' dir='ltr'><strong>ο</strong></span> <span class='ocrx_word' id='word_1_223' title='bbox 2531 1657 2796 1714; x_wconf 81' lang='lat' dir='ltr'><strong>cadavere</strong></span> <span class='ocrx_word' id='word_1_224' title='bbox 2829 1655 2995 1712; x_wconf 70' lang='lat' dir='ltr'><strong>{mter</strong></span> <span class='ocrx_word' id='word_1_225' title='bbox 3024 1654 3263 1717; x_wconf 76' lang='lat' dir='ltr'><strong>exhalet.</strong></span> <span class='ocrx_word' id='word_1_226' title='bbox 3297 1662 3499 1722; x_wconf 87' lang='lat' dir='ltr'><strong>quanta</strong></span> <span class='ocrx_word' id='word_1_227' title='bbox 3531 1656 3797 1710; x_wconf 82' lang='lat' dir='ltr'><strong>vermium</strong></span> 
     </span>
    </p>
   </div>
   <div class='ocr_carea' id='block_1_33' title="bbox 560 1745 2126 1822">
    <p class='ocr_par' dir='ltr' id='par_1_33' title="bbox 560 1745 2115 1822">
     <span class='ocr_line' id='line_1_33' title="bbox 560 1745 2115 1822; baseline -0.006 -15"><span class='ocrx_word' id='word_1_228' title='bbox 560 1752 970 1822; x_wconf 82' lang='grc' dir='ltr'>Ἐκαρτέρησαν</span> <span class='ocrx_word' id='word_1_229' title='bbox 1005 1745 1097 1804; x_wconf 84' lang='grc' dir='ltr'><strong>οὗν</strong></span> <span class='ocrx_word' id='word_1_230' title='bbox 1129 1751 1179 1803; x_wconf 83' lang='lat' dir='ltr'><strong>ol</strong></span> <span class='ocrx_word' id='word_1_231' title='bbox 1215 1753 1476 1818; x_wconf 81' lang='grc' dir='ltr'>γενναῖοι,</span> <span class='ocrx_word' id='word_1_232' title='bbox 1517 1750 1546 1801; x_wconf 83' lang='grc' dir='ltr'><strong>ὃ</strong></span> <span class='ocrx_word' id='word_1_233' title='bbox 1577 1765 1638 1802; x_wconf 91' lang='grc' dir='ltr'><strong>τε</strong></span> <span class='ocrx_word' id='word_1_234' title='bbox 1676 1749 1824 1810; x_wconf 75' lang='grc' dir='ltr'>ὅσιος</span> <span class='ocrx_word' id='word_1_235' title='bbox 1853 1745 2115 1806; x_wconf 85' lang='grc' dir='ltr'>Μεθόδιος</span> 
     </span>
    </p>
   </div>
   <div class='ocr_carea' id='block_1_34' title="bbox 2228 1745 3793 1822">
    <p class='ocr_par' dir='ltr' id='par_1_34' title="bbox 2228 1747 3793 1812">
     <span class='ocr_line' id='line_1_34' title="bbox 2228 1747 3793 1812; baseline -0.002 -10"><span class='ocrx_word' id='word_1_236' title='bbox 2228 1750 2304 1803; x_wconf 79' lang='lat' dir='ltr'><strong>vis</strong></span> <span class='ocrx_word' id='word_1_237' title='bbox 2341 1749 2594 1812; x_wconf 81' lang='lat' dir='ltr'><strong>ebulliat,</strong></span> <span class='ocrx_word' id='word_1_238' title='bbox 2637 1748 2731 1803; x_wconf 91' lang='lat' dir='ltr'><strong>ubi</strong></span> <span class='ocrx_word' id='word_1_239' title='bbox 2774 1748 3018 1804; x_wconf 86' lang='lat' dir='ltr'><strong>humano</strong></span> <span class='ocrx_word' id='word_1_240' title='bbox 3078 1747 3188 1801; x_wconf 79' lang='lat' dir='ltr'><strong>fato</strong></span> <span class='ocrx_word' id='word_1_241' title='bbox 3241 1749 3480 1801; x_wconf 87' lang='lat' dir='ltr'><strong>animam</strong></span> <span class='ocrx_word' id='word_1_242' title='bbox 3507 1747 3793 1803; x_wconf 80' lang='lat' dir='ltr'><strong>eﬂlaverit.</strong></span> 
     </span>
    </p>
   </div>
   <div class='ocr_carea' id='block_1_35' title="bbox 546 1837 2117 1913">
    <p class='ocr_par' dir='ltr' id='par_1_35' title="bbox 546 1837 2117 1913">
     <span class='ocr_line' id='line_1_35' title="bbox 546 1837 2117 1913; baseline -0.006 -15"><span class='ocrx_word' id='word_1_243' title='bbox 546 1843 643 1898; x_wconf 77' lang='grc' dir='ltr'>καὶ</span> <span class='ocrx_word' id='word_1_244' title='bbox 663 1845 692 1896; x_wconf 81' lang='grc' dir='ltr'><strong>ό</strong></span> <span class='ocrx_word' id='word_1_245' title='bbox 713 1839 1121 1910; x_wconf 68' lang='grc' dir='ltr'>ἐναπολειφοεὶς</span> <span class='ocrx_word' id='word_1_246' title='bbox 1147 1840 1374 1913; x_wconf 82' lang='grc' dir='ltr'>λῃστὴς,</span> <span class='ocrx_word' id='word_1_247' title='bbox 1406 1839 1508 1909; x_wconf 78' lang='grc' dir='ltr'><strong>τήν</strong></span> <span class='ocrx_word' id='word_1_248' title='bbox 1560 1841 1816 1908; x_wconf 79' lang='grc' dir='ltr'>τοιαύτην</span> <span class='ocrx_word' id='word_1_249' title='bbox 1847 1837 2117 1906; x_wconf 80' lang='grc' dir='ltr'>ἀνάγκην.</span> 
     </span>
    </p>
   </div>
   <div class='ocr_carea' id='block_1_36' title="bbox 561 1926 2119 2003">
    <p class='ocr_par' dir='ltr' id='par_1_36' title="bbox 561 1926 2119 2003">
     <span class='ocr_line' id='line_1_36' title="bbox 561 1926 2119 2003; baseline -0.006 -16"><span class='ocrx_word' id='word_1_250' title='bbox 561 1933 880 1996; x_wconf 81' lang='grc' dir='ltr'>Ἐπταετίας</span> <span class='ocrx_word' id='word_1_251' title='bbox 904 1928 996 1987; x_wconf 81' lang='grc' dir='ltr'>οὖν</span> <span class='ocrx_word' id='word_1_252' title='bbox 1029 1932 1415 2003; x_wconf 79' lang='grc' dir='ltr'>πληρωθείσης</span> <span class='ocrx_word' id='word_1_253' title='bbox 1462 1930 1740 1996; x_wconf 79' lang='grc' dir='ltr'>ἐξέλκεται</span> <span class='ocrx_word' id='word_1_254' title='bbox 1767 1933 1795 1982; x_wconf 86' lang='grc' dir='ltr'>ὁ</span> <span class='ocrx_word' id='word_1_255' title='bbox 1832 1930 1980 1991; x_wconf 71' lang='grc' dir='ltr'>ὅσιος</span> <span class='ocrx_word' id='word_1_256' title='bbox 2023 1926 2119 1979; x_wconf 83' lang='grc' dir='ltr'>τοῦ</span> 
     </span>
    </p>
   </div>
   <div class='ocr_carea' id='block_1_37' title="bbox 546 2018 2122 2096">
    <p class='ocr_par' dir='ltr' id='par_1_37' title="bbox 546 2018 2122 2096">
     <span class='ocr_line' id='line_1_37' title="bbox 546 2018 2122 2096; baseline -0.005 -18"><span class='ocrx_word' id='word_1_257' title='bbox 546 2029 720 2095; x_wconf 81' lang='grc' dir='ltr'>τάφου</span> <span class='ocrx_word' id='word_1_258' title='bbox 750 2026 938 2096; x_wconf 78' lang='grc' dir='ltr'>τρόπῳ</span> <span class='ocrx_word' id='word_1_259' title='bbox 967 2024 1155 2096; x_wconf 83' lang='grc' dir='ltr'>τοιῷδε</span> <span class='ocrx_word' id='word_1_260' title='bbox 1181 2040 1198 2058; x_wconf 80' lang='grc' dir='ltr'><strong>ο</strong></span> <span class='ocrx_word' id='word_1_261' title='bbox 1243 2023 1303 2076; x_wconf 87' lang='lat'><strong>&#39;0</strong></span> <span class='ocrx_word' id='word_1_262' title='bbox 1347 2023 1596 2092; x_wconf 81' lang='grc' dir='ltr'>βασιλεὺς</span> <span class='ocrx_word' id='word_1_263' title='bbox 1627 2021 1888 2088; x_wconf 69' lang='grc' dir='ltr'>Θεόφιλος</span> <span class='ocrx_word' id='word_1_264' title='bbox 1928 2018 2122 2087; x_wconf 80' lang='grc' dir='ltr'>σχολὴν</span> 
     </span>
    </p>
   </div>
   <div class='ocr_carea' id='block_1_38' title="bbox 549 2111 2121 2188">
    <p class='ocr_par' dir='ltr' id='par_1_38' title="bbox 549 2111 2121 2188">
     <span class='ocr_line' id='line_1_38' title="bbox 549 2111 2121 2188; baseline -0.008 -17"><span class='ocrx_word' id='word_1_265' title='bbox 549 2121 608 2171; x_wconf 74' lang='grc' dir='ltr'>ἑν</span> <span class='ocrx_word' id='word_1_266' title='bbox 637 2117 888 2186; x_wconf 82' lang='grc' dir='ltr'><strong>μελέταις</strong></span> <span class='ocrx_word' id='word_1_267' title='bbox 932 2117 1072 2188; x_wconf 78' lang='grc' dir='ltr'>ἔχων</span> <span class='ocrx_word' id='word_1_268' title='bbox 1125 2118 1371 2183; x_wconf 78' lang='grc' dir='ltr'>εὑρίσκει</span> <span class='ocrx_word' id='word_1_269' title='bbox 1423 2115 1560 2168; x_wconf 81' lang='grc' dir='ltr'>Θεοῦ</span> <span class='ocrx_word' id='word_1_270' title='bbox 1602 2115 1830 2185; x_wconf 70' lang='grc' dir='ltr'>προνοίᾳ.</span> <span class='ocrx_word' id='word_1_271' title='bbox 1862 2116 1919 2165; x_wconf 74' lang='grc' dir='ltr'>ἐν</span> <span class='ocrx_word' id='word_1_272' title='bbox 1938 2115 2006 2180; x_wconf 84' lang='grc' dir='ltr'>τῇ</span> <span class='ocrx_word' id='word_1_273' title='bbox 2039 2111 2121 2179; x_wconf 84' lang='grc' dir='ltr'><strong>βι-</strong></span> 
     </span>
    </p>
   </div>
   <div class='ocr_carea' id='block_1_39' title="bbox 548 2203 2122 2282">
    <p class='ocr_par' dir='ltr' id='par_1_39' title="bbox 548 2203 2122 2282">
     <span class='ocr_line' id='line_1_39' title="bbox 548 2203 2122 2282; baseline -0.006 -18"><span class='ocrx_word' id='word_1_274' title='bbox 548 2210 810 2282; x_wconf 77' lang='grc' dir='ltr'>ϐλιοθήκῃ</span> <span class='ocrx_word' id='word_1_275' title='bbox 848 2211 940 2263; x_wconf 81' lang='grc' dir='ltr'>τοῦ</span> <span class='ocrx_word' id='word_1_276' title='bbox 995 2209 1261 2264; x_wconf 86' lang='grc' dir='ltr'>παλατίου</span> <span class='ocrx_word' id='word_1_277' title='bbox 1313 2208 1530 2279; x_wconf 73' lang='grc' dir='ltr'>γραφὴν</span> <span class='ocrx_word' id='word_1_278' title='bbox 1556 2209 1621 2278; x_wconf 78' lang='grc' dir='ltr'>ἦν</span> <span class='ocrx_word' id='word_1_279' title='bbox 1648 2207 1839 2274; x_wconf 78' lang='grc' dir='ltr'>νοῆσαι</span> <span class='ocrx_word' id='word_1_280' title='bbox 1860 2208 1960 2259; x_wconf 82' lang='grc' dir='ltr'>οὐκ</span> <span class='ocrx_word' id='word_1_281' title='bbox 1993 2203 2122 2272; x_wconf 72' lang='grc' dir='ltr'><strong>ἡδύ-</strong></span> 
     </span>
    </p>
   </div>
   <div class='ocr_carea' id='block_1_40' title="bbox 550 2298 2122 2371">
    <p class='ocr_par' dir='ltr' id='par_1_40' title="bbox 550 2298 2122 2371">
     <span class='ocr_line' id='line_1_40' title="bbox 550 2298 2122 2371; baseline -0.005 -17"><span class='ocrx_word' id='word_1_282' title='bbox 550 2319 694 2356; x_wconf 88' lang='grc' dir='ltr'>νατο.</span> <span class='ocrx_word' id='word_1_283' title='bbox 749 2303 966 2371; x_wconf 78' lang='grc' dir='ltr'>Πέμπει</span> <span class='ocrx_word' id='word_1_284' title='bbox 1012 2298 1105 2355; x_wconf 81' lang='grc' dir='ltr'>οὖν</span> <span class='ocrx_word' id='word_1_285' title='bbox 1162 2301 1367 2370; x_wconf 83' lang='grc' dir='ltr'>ταύτην</span> <span class='ocrx_word' id='word_1_286' title='bbox 1406 2301 1485 2370; x_wconf 83' lang='grc' dir='ltr'>τῷ</span> <span class='ocrx_word' id='word_1_287' title='bbox 1515 2300 1828 2370; x_wconf 75' lang='grc' dir='ltr'>πατριάρχῃ</span> <span class='ocrx_word' id='word_1_288' title='bbox 1877 2300 2122 2366; x_wconf 73' lang='grc' dir='ltr'>Ἰωάννῃ,</span> 
     </span>
    </p>
   </div>
   <div class='ocr_carea' id='block_1_41' title="bbox 550 2388 2124 2463">
    <p class='ocr_par' dir='ltr' id='par_1_41' title="bbox 550 2388 2124 2463">
     <span class='ocr_line' id='line_1_41' title="bbox 550 2388 2124 2463; baseline -0.003 -20"><span class='ocrx_word' id='word_1_289' title='bbox 550 2392 753 2462; x_wconf 77' lang='grc' dir='ltr'>ὁμοίως</span> <span class='ocrx_word' id='word_1_290' title='bbox 783 2391 839 2443; x_wconf 81' lang='grc' dir='ltr'>δὲ</span> <span class='ocrx_word' id='word_1_291' title='bbox 861 2392 1056 2463; x_wconf 78' lang='grc' dir='ltr'>καὶτῷ</span> <span class='ocrx_word' id='word_1_292' title='bbox 1089 2393 1368 2462; x_wconf 81' lang='grc' dir='ltr'>φιλοσόφῳ</span> <span class='ocrx_word' id='word_1_293' title='bbox 1423 2393 1612 2446; x_wconf 82' lang='grc' dir='ltr'>Λέοντι</span> <span class='ocrx_word' id='word_1_294' title='bbox 1641 2395 1699 2444; x_wconf 77' lang='grc' dir='ltr'>ἐν</span> <span class='ocrx_word' id='word_1_295' title='bbox 1723 2395 1787 2460; x_wconf 80' lang='grc' dir='ltr'>τῇ</span> <span class='ocrx_word' id='word_1_296' title='bbox 1818 2388 2124 2456; x_wconf 59' lang='grc' dir='ltr'>ἣίαγναὺρᾳ</span> 
     </span>
    </p>
   </div>
   <div class='ocr_carea' id='block_1_42' title="bbox 549 2481 2124 2556">
    <p class='ocr_par' dir='ltr' id='par_1_42' title="bbox 549 2481 2124 2556">
     <span class='ocr_line' id='line_1_42' title="bbox 549 2481 2124 2556; baseline -0.005 -18"><span class='ocrx_word' id='word_1_297' title='bbox 549 2487 649 2553; x_wconf 77' lang='grc' dir='ltr'>τὴν</span> <span class='ocrx_word' id='word_1_298' title='bbox 693 2485 1045 2554; x_wconf 74' lang='grc' dir='ltr'>φιλοσοφίαν,</span> <span class='ocrx_word' id='word_1_299' title='bbox 1094 2485 1170 2548; x_wconf 83' lang='grc' dir='ltr'>ὡς</span> <span class='ocrx_word' id='word_1_300' title='bbox 1223 2487 1585 2556; x_wconf 75' lang='grc' dir='ltr'>προείρηται,</span> <span class='ocrx_word' id='word_1_301' title='bbox 1630 2483 1976 2536; x_wconf 76' lang='grc' dir='ltr'>διδάσκοντι“</span> <span class='ocrx_word' id='word_1_302' title='bbox 2027 2481 2124 2532; x_wconf 82' lang='grc' dir='ltr'>καὶ</span> 
     </span>
    </p>
   </div>
   <div class='ocr_carea' id='block_1_43' title="bbox 550 2571 2125 2650">
    <p class='ocr_par' dir='ltr' id='par_1_43' title="bbox 550 2571 2125 2650">
     <span class='ocr_line' id='line_1_43' title="bbox 550 2571 2125 2650; baseline -0.005 -20"><span class='ocrx_word' id='word_1_303' title='bbox 550 2576 850 2648; x_wconf 72' lang='grc' dir='ltr'>ἀμφότεροι</span> <span class='ocrx_word' id='word_1_304' title='bbox 878 2577 1322 2648; x_wconf 77' lang='grc' dir='ltr'>ἐματαιώθησαν.</span> <span class='ocrx_word' id='word_1_305' title='bbox 1359 2576 1441 2650; x_wconf 76' lang='grc' dir='ltr'>[Ρ.</span> <span class='ocrx_word' id='word_1_306' title='bbox 1467 2575 1596 2647; x_wconf 69' lang='grc'><strong>427]</strong></span> <span class='ocrx_word' id='word_1_307' title='bbox 1618 2577 1880 2628; x_wconf 81' lang='grc' dir='ltr'>Λυπεῖται</span> <span class='ocrx_word' id='word_1_308' title='bbox 1909 2575 1936 2625; x_wconf 87' lang='grc' dir='ltr'>ὁ</span> <span class='ocrx_word' id='word_1_309' title='bbox 1965 2571 2125 2641; x_wconf 87' lang='grc' dir='ltr'>βασι-</span> 
     </span>
    </p>
   </div>
   <div class='ocr_carea' id='block_1_44' title="bbox 552 2665 2127 2739">
    <p class='ocr_par' dir='ltr' id='par_1_44' title="bbox 552 2665 2127 2739">
     <span class='ocr_line' id='line_1_44' title="bbox 552 2665 2127 2739; baseline -0.004 -17"><span class='ocrx_word' id='word_1_310' title='bbox 552 2669 677 2734; x_wconf 81' lang='grc' dir='ltr'>λεὺς</span> <span class='ocrx_word' id='word_1_311' title='bbox 712 2669 1039 2739; x_wconf 78' lang='grc' dir='ltr'>ἀγανακτῶν</span> <span class='ocrx_word' id='word_1_312' title='bbox 1061 2671 1187 2739; x_wconf 79' lang='grc' dir='ltr'>περὶ</span> <span class='ocrx_word' id='word_1_313' title='bbox 1213 2669 1429 2732; x_wconf 80' lang='grc' dir='ltr'>τούτου,</span> <span class='ocrx_word' id='word_1_314' title='bbox 1477 2669 1571 2722; x_wconf 74' lang='grc' dir='ltr'>ἐπί</span> <span class='ocrx_word' id='word_1_315' title='bbox 1597 2682 1741 2719; x_wconf 87' lang='grc' dir='ltr'>τισιν</span> <span class='ocrx_word' id='word_1_316' title='bbox 1766 2665 1997 2736; x_wconf 76' lang='grc' dir='ltr'>ἡμέραις</span> <span class='ocrx_word' id='word_1_317' title='bbox 2026 2680 2127 2716; x_wconf 85' lang='grc' dir='ltr'>κα-</span> 
     </span>
    </p>
   </div>
   <div class='ocr_carea' id='block_1_45' title="bbox 554 2755 2125 2831">
    <p class='ocr_par' dir='ltr' id='par_1_45' title="bbox 554 2755 2125 2831">
     <span class='ocr_line' id='line_1_45' title="bbox 554 2755 2125 2831; baseline -0.004 -17"><span class='ocrx_word' id='word_1_318' title='bbox 554 2762 731 2831; x_wconf 70' lang='grc' dir='ltr'>τηφὴς</span> <span class='ocrx_word' id='word_1_319' title='bbox 771 2763 864 2813; x_wconf 75' lang='grc' dir='ltr'>καὶ</span> <span class='ocrx_word' id='word_1_320' title='bbox 921 2761 1154 2830; x_wconf 77' lang='grc' dir='ltr'>ἄτροφος</span> <span class='ocrx_word' id='word_1_321' title='bbox 1197 2761 1420 2827; x_wconf 71' lang='grc' dir='ltr'>διάγων.</span> <span class='ocrx_word' id='word_1_322' title='bbox 1458 2761 1664 2830; x_wconf 80' lang='grc' dir='ltr'>Θαρῤεῖ</span> <span class='ocrx_word' id='word_1_323' title='bbox 1687 2776 1768 2818; x_wconf 80' lang='grc' dir='ltr'><strong>τις</strong></span> <span class='ocrx_word' id='word_1_324' title='bbox 1802 2756 1910 2808; x_wconf 85' lang='grc' dir='ltr'>τῶν</span> <span class='ocrx_word' id='word_1_325' title='bbox 1937 2755 2125 2807; x_wconf 76' lang='grc' dir='ltr'>κουὸι-</span> 
     </span>
    </p>
   </div>
   <div class='ocr_carea' id='block_1_46' title="bbox 557 2842 2127 2923">
    <p class='ocr_par' dir='ltr' id='par_1_46' title="bbox 557 2842 2127 2923">
     <span class='ocr_line' id='line_1_46' title="bbox 557 2842 2127 2923; baseline -0.004 -19"><span class='ocrx_word' id='word_1_326' title='bbox 557 2853 882 2923; x_wconf 84' lang='grc' dir='ltr'>κουλαρίων,</span> <span class='ocrx_word' id='word_1_327' title='bbox 903 2855 996 2908; x_wconf 85' lang='grc' dir='ltr'><strong>καί</strong></span> <span class='ocrx_word' id='word_1_328' title='bbox 1028 2852 1261 2923; x_wconf 83' lang='grc' dir='ltr'>φησιτῷ</span> <span class='ocrx_word' id='word_1_329' title='bbox 1290 2852 1534 2921; x_wconf 78' lang='grc' dir='ltr'>βασιλεῖ’</span> <span class='ocrx_word' id='word_1_330' title='bbox 1578 2851 1830 2916; x_wconf 83' lang='grc' dir='ltr'>Ταύτην,</span> <span class='ocrx_word' id='word_1_331' title='bbox 1859 2842 2127 2900; x_wconf 78' lang='grc' dir='ltr'>δέσποτά</span> 
     </span>
    </p>
   </div>
   <div class='ocr_carea' id='block_1_47' title="bbox 549 2939 2124 3012">
    <p class='ocr_par' dir='ltr' id='par_1_47' title="bbox 549 2939 2124 3012">
     <span class='ocr_line' id='line_1_47' title="bbox 549 2939 2124 3012; baseline -0.004 -15"><span class='ocrx_word' id='word_1_332' title='bbox 549 2960 691 3012; x_wconf 81' lang='grc' dir='ltr'>μου,</span> <span class='ocrx_word' id='word_1_333' title='bbox 723 2943 922 3008; x_wconf 75' lang='grc' dir='ltr'>οὐδεὶς</span> <span class='ocrx_word' id='word_1_334' title='bbox 946 2943 1137 3010; x_wconf 71' lang='grc' dir='ltr'>ἄλλος</span> <span class='ocrx_word' id='word_1_335' title='bbox 1157 2942 1535 3012; x_wconf 76' lang='grc' dir='ltr'>διασαφῆσαι</span> <span class='ocrx_word' id='word_1_336' title='bbox 1571 2941 1821 2995; x_wconf 75' lang='grc' dir='ltr'>δύναται</span> <span class='ocrx_word' id='word_1_337' title='bbox 1846 2939 1960 3005; x_wconf 79' lang='grc' dir='ltr'>τὴν</span> <span class='ocrx_word' id='word_1_338' title='bbox 1989 2952 2124 3005; x_wconf 80' lang='grc' dir='ltr'>γρα·</span> 
     </span>
    </p>
   </div>
   <div class='ocr_carea' id='block_1_48' title="bbox 2224 1838 3802 1908">
    <p class='ocr_par' dir='ltr' id='par_1_48' title="bbox 2224 1838 3802 1908">
     <span class='ocr_line' id='line_1_48' title="bbox 2224 1838 3802 1908; baseline -0.005 -14"><span class='ocrx_word' id='word_1_339' title='bbox 2224 1839 2547 1894; x_wconf 86' lang='lat' dir='ltr'><strong>Sustinuere</strong></span> <span class='ocrx_word' id='word_1_340' title='bbox 2584 1850 2764 1895; x_wconf 88' lang='lat' dir='ltr'><strong>tamen</strong></span> <span class='ocrx_word' id='word_1_341' title='bbox 2792 1839 2917 1892; x_wconf 84' lang='lat' dir='ltr'><strong>forti</strong></span> <span class='ocrx_word' id='word_1_342' title='bbox 2949 1839 3131 1897; x_wconf 88' lang='lat' dir='ltr'><strong>animo</strong></span> <span class='ocrx_word' id='word_1_343' title='bbox 3167 1838 3269 1892; x_wconf 87' lang='lat' dir='ltr'><strong>viri</strong></span> <span class='ocrx_word' id='word_1_344' title='bbox 3308 1838 3445 1908; x_wconf 90' lang='lat' dir='ltr'><strong>(tum</strong></span> <span class='ocrx_word' id='word_1_345' title='bbox 3469 1853 3666 1908; x_wconf 90' lang='lat' dir='ltr'><strong>nempe</strong></span> <span class='ocrx_word' id='word_1_346' title='bbox 3692 1839 3802 1893; x_wconf 73' lang='lat' dir='ltr'><strong>Mc.</strong></span> 
     </span>
    </p>
   </div>
   <div class='ocr_carea' id='block_1_49' title="bbox 2225 1928 3798 1997">
    <p class='ocr_par' dir='ltr' id='par_1_49' title="bbox 2225 1928 3798 1997">
     <span class='ocr_line' id='line_1_49' title="bbox 2225 1928 3798 1997; baseline 0.002 -15"><span class='ocrx_word' id='word_1_347' title='bbox 2225 1929 2449 1983; x_wconf 89' lang='lat' dir='ltr'><strong>tbodius</strong></span> <span class='ocrx_word' id='word_1_348' title='bbox 2479 1939 2594 1982; x_wconf 88' lang='lat' dir='ltr'><strong>tum</strong></span> <span class='ocrx_word' id='word_1_349' title='bbox 2653 1929 2800 1984; x_wconf 88' lang='lat' dir='ltr'><strong>latro</strong></span> <span class='ocrx_word' id='word_1_350' title='bbox 2830 1930 2907 1982; x_wconf 91' lang='lat' dir='ltr'><strong>illi</strong></span> <span class='ocrx_word' id='word_1_351' title='bbox 2937 1929 3100 1984; x_wconf 87' lang='lat' dir='ltr'><strong>alteri</strong></span> <span class='ocrx_word' id='word_1_352' title='bbox 3134 1928 3436 1997; x_wconf 78' lang='lat' dir='ltr'><strong>superstcsl</strong></span> <span class='ocrx_word' id='word_1_353' title='bbox 3487 1929 3798 1985; x_wconf 73' lang='lat' dir='ltr'><strong>istiusmodi</strong></span> 
     </span>
    </p>
   </div>
   <div class='ocr_carea' id='block_1_50' title="bbox 2223 2022 3801 2097">
    <p class='ocr_par' dir='ltr' id='par_1_50' title="bbox 2223 2022 3801 2097">
     <span class='ocr_line' id='line_1_50' title="bbox 2223 2022 3801 2097; baseline 0.005 -24"><span class='ocrx_word' id='word_1_354' title='bbox 2223 2022 2629 2075; x_wconf 84' lang='lat' dir='ltr'><strong>necessitatem.</strong></span> <span class='ocrx_word' id='word_1_355' title='bbox 2678 2022 2981 2093; x_wconf 89' lang='lat' dir='ltr'><strong>Septennio</strong></span> <span class='ocrx_word' id='word_1_356' title='bbox 3021 2023 3204 2094; x_wconf 88' lang='lat' dir='ltr'><strong>itaque</strong></span> <span class='ocrx_word' id='word_1_357' title='bbox 3254 2026 3472 2095; x_wconf 58' lang='lat' dir='ltr'><strong>expleto</strong></span> <span class='ocrx_word' id='word_1_358' title='bbox 3511 2041 3610 2097; x_wconf 88' lang='lat' dir='ltr'><strong>per</strong></span> <span class='ocrx_word' id='word_1_359' title='bbox 3653 2026 3801 2081; x_wconf 85' lang='lat' dir='ltr'><strong>hune</strong></span> 
     </span>
    </p>
   </div>
   <div class='ocr_carea' id='block_1_51' title="bbox 2223 2114 3802 2188">
    <p class='ocr_par' dir='ltr' id='par_1_51' title="bbox 2223 2114 3802 2188">
     <span class='ocr_line' id='line_1_51' title="bbox 2223 2114 3802 2188; baseline 0.003 -22"><span class='ocrx_word' id='word_1_360' title='bbox 2223 2114 2445 2167; x_wconf 90' lang='lat' dir='ltr'><strong>modum</strong></span> <span class='ocrx_word' id='word_1_361' title='bbox 2472 2114 2553 2168; x_wconf 80' lang='lat' dir='ltr'><strong>vir</strong></span> <span class='ocrx_word' id='word_1_362' title='bbox 2583 2125 2806 2170; x_wconf 84' lang='lat' dir='ltr'><strong>sanctus</strong></span> <span class='ocrx_word' id='word_1_363' title='bbox 2828 2117 3142 2172; x_wconf 81' lang='lat' dir='ltr'><strong>extrahitur</strong></span> <span class='ocrx_word' id='word_1_364' title='bbox 3167 2135 3179 2169; x_wconf 91' lang='lat'>:</span> <span class='ocrx_word' id='word_1_365' title='bbox 3205 2117 3542 2188; x_wconf 80' lang='lat' dir='ltr'><strong>Theophilus</strong></span> <span class='ocrx_word' id='word_1_366' title='bbox 3567 2117 3802 2187; x_wconf 80' lang='lat' dir='ltr'><strong>impera-</strong></span> 
     </span>
    </p>
   </div>
   <div class='ocr_carea' id='block_1_52' title="bbox 2229 2206 3797 2280">
    <p class='ocr_par' dir='ltr' id='par_1_52' title="bbox 2229 2206 3797 2280">
     <span class='ocr_line' id='line_1_52' title="bbox 2229 2206 3797 2280; baseline 0.004 -24"><span class='ocrx_word' id='word_1_367' title='bbox 2229 2213 2313 2258; x_wconf 87' lang='lat' dir='ltr'><strong>tor</strong></span> <span class='ocrx_word' id='word_1_368' title='bbox 2333 2206 2464 2259; x_wconf 91' lang='lat' dir='ltr'><strong>dum</strong></span> <span class='ocrx_word' id='word_1_369' title='bbox 2491 2207 2799 2261; x_wconf 87' lang='lat' dir='ltr'><strong>studiorum</strong></span> <span class='ocrx_word' id='word_1_370' title='bbox 2817 2209 3023 2279; x_wconf 88' lang='lat' dir='ltr'><strong>aliquid</strong></span> <span class='ocrx_word' id='word_1_371' title='bbox 3038 2209 3358 2273; x_wconf 87' lang='lat' dir='ltr'><strong>meditatur,</strong></span> <span class='ocrx_word' id='word_1_372' title='bbox 3382 2212 3475 2264; x_wconf 75' lang='lat' dir='ltr'><strong>Dei</strong></span> <span class='ocrx_word' id='word_1_373' title='bbox 3501 2210 3797 2280; x_wconf 79' lang='lat' dir='ltr'><strong>providen-</strong></span> 
     </span>
    </p>
   </div>
   <div class='ocr_carea' id='block_1_53' title="bbox 2227 2300 3797 2372">
    <p class='ocr_par' dir='ltr' id='par_1_53' title="bbox 2227 2300 3797 2372">
     <span class='ocr_line' id='line_1_53' title="bbox 2227 2300 3797 2372; baseline 0.004 -21"><span class='ocrx_word' id='word_1_374' title='bbox 2227 2300 2300 2352; x_wconf 91' lang='lat' dir='ltr'><strong>tia</strong></span> <span class='ocrx_word' id='word_1_375' title='bbox 2333 2301 2385 2352; x_wconf 90' lang='lat' dir='ltr'><strong>in</strong></span> <span class='ocrx_word' id='word_1_376' title='bbox 2419 2301 2607 2368; x_wconf 81' lang='lat' dir='ltr'><strong>palatii</strong></span> <span class='ocrx_word' id='word_1_377' title='bbox 2634 2301 2968 2357; x_wconf 88' lang='lat' dir='ltr'><strong>bibliotheca</strong></span> <span class='ocrx_word' id='word_1_378' title='bbox 2996 2302 3262 2372; x_wconf 86' lang='lat' dir='ltr'><strong>scriptum</strong></span> <span class='ocrx_word' id='word_1_379' title='bbox 3303 2303 3546 2356; x_wconf 78' lang='lat' dir='ltr'><strong>libellum</strong></span> <span class='ocrx_word' id='word_1_380' title='bbox 3582 2304 3797 2368; x_wconf 85' lang='lat' dir='ltr'><strong>incidit,</strong></span> 
     </span>
    </p>
   </div>
   <div class='ocr_carea' id='block_1_54' title="bbox 2226 2391 3794 2464">
    <p class='ocr_par' dir='ltr' id='par_1_54' title="bbox 2226 2391 3794 2464">
     <span class='ocr_line' id='line_1_54' title="bbox 2226 2391 3794 2464; baseline 0.004 -21"><span class='ocrx_word' id='word_1_381' title='bbox 2226 2391 2380 2459; x_wconf 85' lang='lat' dir='ltr'><strong>cujus</strong></span> <span class='ocrx_word' id='word_1_382' title='bbox 2406 2393 2619 2460; x_wconf 83' lang='lat' dir='ltr'><strong>assequi</strong></span> <span class='ocrx_word' id='word_1_383' title='bbox 2650 2409 2872 2447; x_wconf 90' lang='lat' dir='ltr'><strong>sensum</strong></span> <span class='ocrx_word' id='word_1_384' title='bbox 2897 2393 3121 2448; x_wconf 86' lang='lat' dir='ltr'><strong>minimc</strong></span> <span class='ocrx_word' id='word_1_385' title='bbox 3149 2394 3346 2462; x_wconf 91' lang='lat' dir='ltr'><strong>potuit.</strong></span> <span class='ocrx_word' id='word_1_386' title='bbox 3378 2394 3542 2452; x_wconf 80' lang='lat' dir='ltr'><strong>Mittit</strong></span> <span class='ocrx_word' id='word_1_387' title='bbox 3563 2409 3693 2464; x_wconf 80' lang='lat' dir='ltr'><strong>ergo</strong></span> <span class='ocrx_word' id='word_1_388' title='bbox 3728 2396 3794 2450; x_wconf 82' lang='lat' dir='ltr'><strong>ad</strong></span> 
     </span>
    </p>
   </div>
   <div class='ocr_carea' id='block_1_55' title="bbox 2225 2482 3802 2556">
    <p class='ocr_par' dir='ltr' id='par_1_55' title="bbox 2225 2482 3802 2556">
     <span class='ocr_line' id='line_1_55' title="bbox 2225 2482 3802 2556; baseline 0.003 -21"><span class='ocrx_word' id='word_1_389' title='bbox 2225 2482 2488 2536; x_wconf 81' lang='lat' dir='ltr'><strong>Joannem</strong></span> <span class='ocrx_word' id='word_1_390' title='bbox 2513 2487 2904 2552; x_wconf 84' lang='lat' dir='ltr'><strong>patriarcham,</strong></span> <span class='ocrx_word' id='word_1_391' title='bbox 2933 2486 3189 2541; x_wconf 86' lang='lat' dir='ltr'><strong>similiter</strong></span> <span class='ocrx_word' id='word_1_392' title='bbox 3223 2502 3442 2556; x_wconf 89' lang='lat' dir='ltr'><strong>quoque</strong></span> <span class='ocrx_word' id='word_1_393' title='bbox 3473 2489 3538 2540; x_wconf 89' lang='lat' dir='ltr'><strong>ad</strong></span> <span class='ocrx_word' id='word_1_394' title='bbox 3561 2487 3802 2542; x_wconf 84' lang='lat' dir='ltr'><strong>Leonem</strong></span> 
     </span>
    </p>
   </div>
   <div class='ocr_carea' id='block_1_56' title="bbox 2229 2573 3798 2645">
    <p class='ocr_par' dir='ltr' id='par_1_56' title="bbox 2229 2573 3798 2645">
     <span class='ocr_line' id='line_1_56' title="bbox 2229 2573 3798 2645; baseline 0.005 -21"><span class='ocrx_word' id='word_1_395' title='bbox 2229 2573 2637 2642; x_wconf 79' lang='lat' dir='ltr'><strong>philosophum.</strong></span> <span class='ocrx_word' id='word_1_396' title='bbox 2702 2577 2757 2628; x_wconf 91' lang='lat' dir='ltr'><strong>in</strong></span> <span class='ocrx_word' id='word_1_397' title='bbox 2792 2575 3085 2645; x_wconf 79' lang='lat' dir='ltr'><strong>Magnaura</strong></span> <span class='ocrx_word' id='word_1_398' title='bbox 3133 2576 3538 2645; x_wconf 84' lang='lat' dir='ltr'><strong>philosophiam</strong></span> <span class='ocrx_word' id='word_1_399' title='bbox 3591 2578 3798 2632; x_wconf 87' lang='lat' dir='ltr'><strong>docen-</strong></span> 
     </span>
    </p>
   </div>
   <div class='ocr_carea' id='block_1_57' title="bbox 2230 2666 3805 2737">
    <p class='ocr_par' dir='ltr' id='par_1_57' title="bbox 2230 2666 3805 2737">
     <span class='ocr_line' id='line_1_57' title="bbox 2230 2666 3805 2737; baseline 0.007 -23"><span class='ocrx_word' id='word_1_400' title='bbox 2230 2670 2361 2724; x_wconf 89' lang='lat' dir='ltr'><strong>tem,</strong></span> <span class='ocrx_word' id='word_1_401' title='bbox 2389 2674 2447 2716; x_wconf 86' lang='lat' dir='ltr'><strong>ut</strong></span> <span class='ocrx_word' id='word_1_402' title='bbox 2478 2681 2506 2718; x_wconf 88' lang='lat' dir='ltr'><strong>a</strong></span> <span class='ocrx_word' id='word_1_403' title='bbox 2538 2666 2699 2719; x_wconf 87' lang='lat' dir='ltr'><strong>nobis</strong></span> <span class='ocrx_word' id='word_1_404' title='bbox 2722 2667 2928 2720; x_wconf 87' lang='lat' dir='ltr'><strong>dictum</strong></span> <span class='ocrx_word' id='word_1_405' title='bbox 2976 2675 3060 2721; x_wconf 87' lang='lat' dir='ltr'><strong>est</strong></span> <span class='ocrx_word' id='word_1_406' title='bbox 3091 2669 3364 2737; x_wconf 88' lang='lat' dir='ltr'><strong>superius.</strong></span> <span class='ocrx_word' id='word_1_407' title='bbox 3394 2668 3693 2727; x_wconf 84' lang='lat' dir='ltr'><strong>Amborum</strong></span> <span class='ocrx_word' id='word_1_408' title='bbox 3722 2679 3805 2724; x_wconf 81' lang='lat' dir='ltr'><strong>ta-</strong></span> 
     </span>
    </p>
   </div>
   <div class='ocr_carea' id='block_1_58' title="bbox 2229 2757 3802 2831">
    <p class='ocr_par' dir='ltr' id='par_1_58' title="bbox 2229 2757 3802 2831">
     <span class='ocr_line' id='line_1_58' title="bbox 2229 2757 3802 2831; baseline 0.002 -21"><span class='ocrx_word' id='word_1_409' title='bbox 2229 2773 2353 2812; x_wconf 84' lang='lat' dir='ltr'><strong>men</strong></span> <span class='ocrx_word' id='word_1_410' title='bbox 2401 2757 2582 2811; x_wconf 83' lang='lat' dir='ltr'><strong>inanis</strong></span> <span class='ocrx_word' id='word_1_411' title='bbox 2636 2767 2866 2815; x_wconf 87' lang='lat' dir='ltr'><strong>conatus</strong></span> <span class='ocrx_word' id='word_1_412' title='bbox 2913 2759 3038 2814; x_wconf 78' lang='lat' dir='ltr'><strong>fuit.</strong></span> <span class='ocrx_word' id='word_1_413' title='bbox 3094 2759 3233 2816; x_wconf 89' lang='lat' dir='ltr'><strong>llinc</strong></span> <span class='ocrx_word' id='word_1_414' title='bbox 3285 2762 3588 2831; x_wconf 87' lang='lat' dir='ltr'><strong>imperator</strong></span> <span class='ocrx_word' id='word_1_415' title='bbox 3613 2777 3802 2816; x_wconf 84' lang='lat' dir='ltr'><strong>amaro</strong></span> 
     </span>
    </p>
   </div>
   <div class='ocr_carea' id='block_1_59' title="bbox 2227 2849 3804 2923">
    <p class='ocr_par' dir='ltr' id='par_1_59' title="bbox 2227 2849 3804 2923">
     <span class='ocr_line' id='line_1_59' title="bbox 2227 2849 3804 2923; baseline 0.004 -21"><span class='ocrx_word' id='word_1_416' title='bbox 2227 2849 2415 2904; x_wconf 88' lang='lat' dir='ltr'><strong>animo</strong></span> <span class='ocrx_word' id='word_1_417' title='bbox 2466 2865 2531 2904; x_wconf 86' lang='lat' dir='ltr'><strong>ac</strong></span> <span class='ocrx_word' id='word_1_418' title='bbox 2574 2850 3061 2921; x_wconf 83' lang='lat' dir='ltr'><strong>indignabundus.</strong></span> <span class='ocrx_word' id='word_1_419' title='bbox 3112 2851 3233 2907; x_wconf 87' lang='lat' dir='ltr'><strong>dies</strong></span> <span class='ocrx_word' id='word_1_420' title='bbox 3283 2852 3492 2923; x_wconf 89' lang='lat' dir='ltr'><strong>aliquot</strong></span> <span class='ocrx_word' id='word_1_421' title='bbox 3548 2867 3804 2908; x_wconf 81' lang='lat' dir='ltr'><strong>morosus</strong></span> 
     </span>
    </p>
   </div>
   <div class='ocr_carea' id='block_1_60' title="bbox 2229 2941 3803 3016">
    <p class='ocr_par' dir='ltr' id='par_1_60' title="bbox 2229 2941 3803 3016">
     <span class='ocr_line' id='line_1_60' title="bbox 2229 2941 3803 3016; baseline 0.002 -21"><span class='ocrx_word' id='word_1_422' title='bbox 2229 2941 2464 3010; x_wconf 87' lang='lat' dir='ltr'><strong>ciboque</strong></span> <span class='ocrx_word' id='word_1_423' title='bbox 2507 2944 2790 2998; x_wconf 85' lang='lat' dir='ltr'><strong>abstinens</strong></span> <span class='ocrx_word' id='word_1_424' title='bbox 2820 2945 2952 3016; x_wconf 82' lang='lat' dir='ltr'><strong>agit.</strong></span> <span class='ocrx_word' id='word_1_425' title='bbox 2978 2944 3487 3000; x_wconf 21' lang='lat' dir='ltr'><strong>Interimrcubiculo</strong></span> <span class='ocrx_word' id='word_1_426' title='bbox 3519 2943 3803 3014; x_wconf 37' lang='lat' dir='ltr'><strong>praefecto-</strong></span> 
     </span>
    </p>
   </div>
   <div class='ocr_carea' id='block_1_61' title="bbox 556 3029 2126 3106">
    <p class='ocr_par' dir='ltr' id='par_1_61' title="bbox 556 3029 2126 3106">
     <span class='ocr_line' id='line_1_61' title="bbox 556 3029 2126 3106; baseline -0.006 -14"><span class='ocrx_word' id='word_1_427' title='bbox 556 3034 684 3103; x_wconf 78' lang='grc' dir='ltr'>φὴν</span> <span class='ocrx_word' id='word_1_428' title='bbox 725 3037 778 3089; x_wconf 81' lang='lat' dir='ltr'><strong>el</strong></span> <span class='ocrx_word' id='word_1_429' title='bbox 826 3035 915 3106; x_wconf 76' lang='grc' dir='ltr'>μὴ</span> <span class='ocrx_word' id='word_1_430' title='bbox 947 3039 981 3088; x_wconf 84' lang='grc' dir='ltr'><strong>ό</strong></span> <span class='ocrx_word' id='word_1_431' title='bbox 1032 3037 1104 3089; x_wconf 83' lang='grc' dir='ltr'>ὲν</span> <span class='ocrx_word' id='word_1_432' title='bbox 1143 3034 1222 3100; x_wconf 83' lang='grc' dir='ltr'>τῷ</span> <span class='ocrx_word' id='word_1_433' title='bbox 1261 3035 1523 3104; x_wconf 78' lang='grc' dir='ltr'>μνήματι</span> <span class='ocrx_word' id='word_1_434' title='bbox 1572 3029 2126 3100; x_wconf 63' lang='grc' dir='ltr'>ἀποκεκλεισμένος</span> 
     </span>
    </p>
   </div>
   <div class='ocr_carea' id='block_1_62' title="bbox 2228 3029 3806 3106">
    <p class='ocr_par' dir='ltr' id='par_1_62' title="bbox 2231 3036 3806 3106">
     <span class='ocr_line' id='line_1_62' title="bbox 2231 3036 3806 3106; baseline 0.006 -22"><span class='ocrx_word' id='word_1_435' title='bbox 2231 3047 2352 3085; x_wconf 89' lang='lat' dir='ltr'><strong>rum</strong></span> <span class='ocrx_word' id='word_1_436' title='bbox 2376 3047 2485 3086; x_wconf 92' lang='lat' dir='ltr'><strong>non</strong></span> <span class='ocrx_word' id='word_1_437' title='bbox 2515 3049 2696 3098; x_wconf 88' lang='lat' dir='ltr'><strong>nemo,</strong></span> <span class='ocrx_word' id='word_1_438' title='bbox 2716 3046 2997 3106; x_wconf 87' lang='lat' dir='ltr'><strong>assumpta</strong></span> <span class='ocrx_word' id='word_1_439' title='bbox 3024 3037 3244 3095; x_wconf 79' lang='lat' dir='ltr'><strong>ﬁducia.</strong></span> <span class='ocrx_word' id='word_1_440' title='bbox 3273 3037 3327 3090; x_wconf 91' lang='lat' dir='ltr'><strong>in</strong></span> <span class='ocrx_word' id='word_1_441' title='bbox 3360 3037 3476 3092; x_wconf 72' lang='lat' dir='ltr'><strong>haec</strong></span> <span class='ocrx_word' id='word_1_442' title='bbox 3503 3036 3619 3092; x_wconf 80' lang='lat' dir='ltr'><strong>fere</strong></span> <span class='ocrx_word' id='word_1_443' title='bbox 3633 3036 3806 3093; x_wconf 77' lang='lat' dir='ltr'><strong>verba</strong></span> 
     </span>
    </p>
   </div>
   <div class='ocr_carea' id='block_1_63' title="bbox 556 3097 2126 3197">
    <p class='ocr_par' dir='ltr' id='par_1_63' title="bbox 556 3097 2126 3193">
     <span class='ocr_line' id='line_1_63' title="bbox 556 3097 2126 3193; baseline -0.003 -13"><span class='ocrx_word' id='word_1_444' title='bbox 556 3097 868 3192; x_wconf 48' lang='grc' dir='ltr'>ᾘεθόόιος.</span> <span class='ocrx_word' id='word_1_445' title='bbox 901 3097 1064 3181; x_wconf 32' lang='grc' dir='ltr'>*Ἀλλ’</span> <span class='ocrx_word' id='word_1_446' title='bbox 1100 3129 1154 3180; x_wconf 82' lang='lat' dir='ltr'><strong>el</strong></span> <span class='ocrx_word' id='word_1_447' title='bbox 1180 3097 1414 3182; x_wconf 51' lang='grc' dir='ltr'>κελεύει</span> <span class='ocrx_word' id='word_1_448' title='bbox 1445 3128 1510 3179; x_wconf 82' lang='grc' dir='ltr'>τὸ</span> <span class='ocrx_word' id='word_1_449' title='bbox 1552 3125 1769 3193; x_wconf 79' lang='grc' dir='ltr'>κράτος</span> <span class='ocrx_word' id='word_1_450' title='bbox 1797 3097 1954 3188; x_wconf 44' lang='grc' dir='ltr'>σου,</span> <span class='ocrx_word' id='word_1_451' title='bbox 1973 3126 2126 3190; x_wconf 80' lang='grc' dir='ltr'>,ιαμ-</span> 
     </span>
    </p>
   </div>
   <div class='ocr_carea' id='block_1_64' title="bbox 2228 3097 3806 3197">
    <p class='ocr_par' dir='ltr' id='par_1_64' title="bbox 2230 3123 3806 3197">
     <span class='ocr_line' id='line_1_64' title="bbox 2230 3123 3806 3197; baseline 0.004 -21"><span class='ocrx_word' id='word_1_452' title='bbox 2230 3123 2406 3192; x_wconf 89' lang='lat' dir='ltr'><strong>ipsum</strong></span> <span class='ocrx_word' id='word_1_453' title='bbox 2462 3125 2809 3194; x_wconf 86' lang='lat' dir='ltr'><strong>alloquitur:</strong></span> <span class='ocrx_word' id='word_1_454' title='bbox 2873 3128 3047 3194; x_wconf 78' lang='lat' dir='ltr'><strong>Hanc,</strong></span> <span class='ocrx_word' id='word_1_455' title='bbox 3100 3129 3308 3181; x_wconf 83' lang='lat' dir='ltr'><strong>domine</strong></span> <span class='ocrx_word' id='word_1_456' title='bbox 3348 3131 3442 3193; x_wconf 83' lang='lat' dir='ltr'><strong>mi,</strong></span> <span class='ocrx_word' id='word_1_457' title='bbox 3485 3131 3806 3197; x_wconf 69' lang='lat' dir='ltr'><strong>scripturam</strong></span> 
     </span>
    </p>
   </div>
   <div class='ocr_carea' id='block_1_65' title="bbox 558 3214 2131 3289">
    <p class='ocr_par' dir='ltr' id='par_1_65' title="bbox 558 3214 2131 3289">
     <span class='ocr_line' id='line_1_65' title="bbox 558 3214 2131 3289; baseline -0.004 -17"><span class='ocrx_word' id='word_1_458' title='bbox 558 3217 716 3272; x_wconf 79' lang='grc' dir='ltr'>σάνω</span> <span class='ocrx_word' id='word_1_459' title='bbox 740 3218 856 3287; x_wconf 70' lang='grc' dir='ltr'><strong>ἐγὼ</strong></span> <span class='ocrx_word' id='word_1_460' title='bbox 879 3219 951 3275; x_wconf 82' lang='grc' dir='ltr'>τὰ</span> <span class='ocrx_word' id='word_1_461' title='bbox 983 3219 1332 3289; x_wconf 78' lang='grc' dir='ltr'>ζητούμενα,</span> <span class='ocrx_word' id='word_1_462' title='bbox 1364 3217 1465 3272; x_wconf 74' lang='grc' dir='ltr'><strong>καί</strong></span> <span class='ocrx_word' id='word_1_463' title='bbox 1503 3218 1826 3284; x_wconf 77' lang='grc' dir='ltr'>πορεύομαι</span> <span class='ocrx_word' id='word_1_464' title='bbox 1849 3215 2001 3281; x_wconf 82' lang='grc' dir='ltr'>πρὸς</span> <span class='ocrx_word' id='word_1_465' title='bbox 2025 3214 2131 3267; x_wconf 79' lang='grc' dir='ltr'><strong>αὑ-</strong></span> 
     </span>
    </p>
   </div>
   <div class='ocr_carea' id='block_1_66' title="bbox 557 3303 2131 3377">
    <p class='ocr_par' dir='ltr' id='par_1_66' title="bbox 557 3303 2131 3377">
     <span class='ocr_line' id='line_1_66' title="bbox 557 3303 2131 3377; baseline -0.004 -15"><span class='ocrx_word' id='word_1_466' title='bbox 557 3309 670 3362; x_wconf 77' lang='grc' dir='ltr'>τὸν</span> <span class='ocrx_word' id='word_1_467' title='bbox 711 3307 813 3362; x_wconf 82' lang='grc' dir='ltr'>διὰ</span> <span class='ocrx_word' id='word_1_468' title='bbox 857 3308 966 3377; x_wconf 81' lang='grc' dir='ltr'>τῆς</span> <span class='ocrx_word' id='word_1_469' title='bbox 995 3311 1222 3374; x_wconf 79' lang='grc' dir='ltr'>νυκτὸς</span> <span class='ocrx_word' id='word_1_470' title='bbox 1268 3309 1350 3374; x_wconf 80' lang='grc' dir='ltr'><strong>ὡς</strong></span> <span class='ocrx_word' id='word_1_471' title='bbox 1379 3306 1538 3375; x_wconf 80' lang='grc' dir='ltr'>παρὰ</span> <span class='ocrx_word' id='word_1_472' title='bbox 1558 3307 1798 3376; x_wconf 69' lang='grc' dir='ltr'>γνώμην</span> <span class='ocrx_word' id='word_1_473' title='bbox 1827 3303 1934 3372; x_wconf 83' lang='grc' dir='ltr'>τῆς</span> <span class='ocrx_word' id='word_1_474' title='bbox 1958 3305 2131 3368; x_wconf 80' lang='grc' dir='ltr'>,βασι-</span> 
     </span>
    </p>
   </div>
   <div class='ocr_carea' id='block_1_67' title="bbox 559 3396 2133 3467">
    <p class='ocr_par' dir='ltr' id='par_1_67' title="bbox 559 3396 2133 3467">
     <span class='ocr_line' id='line_1_67' title="bbox 559 3396 2133 3467; baseline -0.004 -15"><span class='ocrx_word' id='word_1_475' title='bbox 559 3400 730 3465; x_wconf 69' lang='grc' dir='ltr'>λείας</span> <span class='ocrx_word' id='word_1_476' title='bbox 785 3413 938 3452; x_wconf 82' lang='grc' dir='ltr'>σου·</span> <span class='ocrx_word' id='word_1_477' title='bbox 993 3399 1092 3453; x_wconf 74' lang='grc' dir='ltr'>καὶ</span> <span class='ocrx_word' id='word_1_478' title='bbox 1135 3401 1371 3464; x_wconf 76' lang='grc' dir='ltr'>πάντως</span> <span class='ocrx_word' id='word_1_479' title='bbox 1411 3397 1686 3467; x_wconf 73' lang='grc' dir='ltr'>λαμϐάνῃ</span> <span class='ocrx_word' id='word_1_480' title='bbox 1731 3396 1848 3462; x_wconf 77' lang='grc' dir='ltr'>τὴν</span> <span class='ocrx_word' id='word_1_481' title='bbox 1909 3396 2133 3448; x_wconf 82' lang='grc' dir='ltr'>τούτων</span> 
     </span>
    </p>
   </div>
   <div class='ocr_carea' id='block_1_68' title="bbox 556 3483 2131 3561">
    <p class='ocr_par' dir='ltr' id='par_1_68' title="bbox 556 3483 2131 3561">
     <span class='ocr_line' id='line_1_68' title="bbox 556 3483 2131 3561; baseline -0.004 -17"><span class='ocrx_word' id='word_1_482' title='bbox 556 3489 878 3560; x_wconf 68' lang='grc' dir='ltr'>ἑρμηνείαν</span> <span class='ocrx_word' id='word_1_483' title='bbox 905 3491 1334 3561; x_wconf 68' lang='grc' dir='ltr'>ἀναμφίϐολον.</span> <span class='ocrx_word' id='word_1_484' title='bbox 1372 3491 1433 3544; x_wconf 85' lang='lat'><strong>&#39;0</strong></span> <span class='ocrx_word' id='word_1_485' title='bbox 1463 3490 1522 3545; x_wconf 77' lang='grc' dir='ltr'>δὲ</span> <span class='ocrx_word' id='word_1_486' title='bbox 1551 3489 1866 3543; x_wconf 76' lang='grc' dir='ltr'>κατένευσε.</span> <span class='ocrx_word' id='word_1_487' title='bbox 1899 3488 2013 3539; x_wconf 72' lang='grc' dir='ltr'><strong>Καὶ</strong></span> <span class='ocrx_word' id='word_1_488' title='bbox 2035 3483 2131 3538; x_wconf 81' lang='grc' dir='ltr'><strong>τοῦ</strong></span> 
     </span>
    </p>
   </div>
   <div class='ocr_carea' id='block_1_69' title="bbox 561 3577 2135 3653">
    <p class='ocr_par' dir='ltr' id='par_1_69' title="bbox 561 3577 2135 3653">
     <span class='ocr_line' id='line_1_69' title="bbox 561 3577 2135 3653; baseline -0.004 -17"><span class='ocrx_word' id='word_1_489' title='bbox 561 3581 1013 3653; x_wconf 76' lang='grc' dir='ltr'>κουϐικουλαρίου</span> <span class='ocrx_word' id='word_1_490' title='bbox 1042 3582 1373 3645; x_wconf 82' lang='grc' dir='ltr'>ἀπελθόντος</span> <span class='ocrx_word' id='word_1_491' title='bbox 1413 3581 1549 3653; x_wconf 81' lang='grc' dir='ltr'>πρὸς</span> <span class='ocrx_word' id='word_1_492' title='bbox 1583 3581 1682 3648; x_wconf 81' lang='grc' dir='ltr'>τὴν</span> <span class='ocrx_word' id='word_1_493' title='bbox 1705 3580 1895 3650; x_wconf 78' lang='grc' dir='ltr'>νῆσον,</span> <span class='ocrx_word' id='word_1_494' title='bbox 1927 3577 2135 3648; x_wconf 85' lang='grc' dir='ltr'>μακρό-</span> 
     </span>
    </p>
   </div>
   <div class='ocr_carea' id='block_1_70' title="bbox 561 3671 2130 3746">
    <p class='ocr_par' dir='ltr' id='par_1_70' title="bbox 561 3671 2130 3746">
     <span class='ocr_line' id='line_1_70' title="bbox 561 3671 2130 3746; baseline -0.004 -17"><span class='ocrx_word' id='word_1_495' title='bbox 561 3675 654 3729; x_wconf 87' lang='grc' dir='ltr'><strong>θεν</strong></span> <span class='ocrx_word' id='word_1_496' title='bbox 684 3674 765 3728; x_wconf 73' lang='grc' dir='ltr'>ἔτι</span> <span class='ocrx_word' id='word_1_497' title='bbox 823 3676 978 3738; x_wconf 77' lang='grc' dir='ltr'>ὖντος</span> <span class='ocrx_word' id='word_1_498' title='bbox 1010 3674 1198 3741; x_wconf 76' lang='grc' dir='ltr'>αὐτοῦ,</span> <span class='ocrx_word' id='word_1_499' title='bbox 1253 3677 1452 3746; x_wconf 74' lang='grc' dir='ltr'>ἢκουεν</span> <span class='ocrx_word' id='word_1_500' title='bbox 1481 3672 1576 3726; x_wconf 82' lang='grc' dir='ltr'>τοῦ</span> <span class='ocrx_word' id='word_1_501' title='bbox 1629 3673 1779 3726; x_wconf 84' lang='grc' dir='ltr'>ὁσίου</span> <span class='ocrx_word' id='word_1_502' title='bbox 1839 3671 2088 3739; x_wconf 78' lang='grc' dir='ltr'>λέγοντος</span> <span class='ocrx_word' id='word_1_503' title='bbox 2114 3684 2130 3700; x_wconf 82' lang='grc'>⁶</span> 
     </span>
    </p>
   </div>
   <div class='ocr_carea' id='block_1_71' title="bbox 559 3762 2132 3839">
    <p class='ocr_par' dir='ltr' id='par_1_71' title="bbox 559 3762 2132 3839">
     <span class='ocr_line' id='line_1_71' title="bbox 559 3762 2132 3839; baseline -0.004 -16"><span class='ocrx_word' id='word_1_504' title='bbox 559 3766 776 3836; x_wconf 69' lang='grc' dir='ltr'>Καλῶς</span> <span class='ocrx_word' id='word_1_505' title='bbox 819 3765 1022 3839; x_wconf 75' lang='grc' dir='ltr'>ἦλθες,</span> <span class='ocrx_word' id='word_1_506' title='bbox 1087 3768 1315 3837; x_wconf 67' lang='grc' dir='ltr'>ἀδελφέ</span> <span class='ocrx_word' id='word_1_507' title='bbox 1363 3765 1613 3835; x_wconf 76' lang='grc' dir='ltr'>Ἰωάννη</span> <span class='ocrx_word' id='word_1_508' title='bbox 1652 3762 2132 3830; x_wconf 74' lang='grc' dir='ltr'>κουϐικουλάριε.</span> 
     </span>
    </p>
   </div>
   <div class='ocr_carea' id='block_1_72' title="bbox 561 3852 2135 3930">
    <p class='ocr_par' dir='ltr' id='par_1_72' title="bbox 561 3852 2135 3930">
     <span class='ocr_line' id='line_1_72' title="bbox 561 3852 2135 3930; baseline -0.007 -16"><span class='ocrx_word' id='word_1_509' title='bbox 561 3859 748 3923; x_wconf 75' lang='grc' dir='ltr'>υῦτως</span> <span class='ocrx_word' id='word_1_510' title='bbox 766 3861 876 3930; x_wconf 75' lang='grc' dir='ltr'><strong>γὰρ</strong></span> <span class='ocrx_word' id='word_1_511' title='bbox 902 3860 1208 3930; x_wconf 83' lang='grc' dir='ltr'>ὠνόμαστο.</span> <span class='ocrx_word' id='word_1_512' title='bbox 1237 3856 1380 3913; x_wconf 79' lang='grc' dir='ltr'>Οἶδα</span> <span class='ocrx_word' id='word_1_513' title='bbox 1395 3857 1470 3911; x_wconf 82' lang='grc' dir='ltr'><strong>δι’</strong></span> <span class='ocrx_word' id='word_1_514' title='bbox 1493 3856 1525 3910; x_wconf 84' lang='grc' dir='ltr'>ὂ</span> <span class='ocrx_word' id='word_1_515' title='bbox 1557 3853 1739 3926; x_wconf 76' lang='grc' dir='ltr'>ἦλθες</span> <span class='ocrx_word' id='word_1_516' title='bbox 1762 3852 2135 3918; x_wconf 74' lang='grc' dir='ltr'>ἀποσταλείς</span> 
     </span>
    </p>
   </div>
   <div class='ocr_carea' id='block_1_73' title="bbox 563 3944 2132 4023">
    <p class='ocr_par' dir='ltr' id='par_1_73' title="bbox 563 3944 2132 4023">
     <span class='ocr_line' id='line_1_73' title="bbox 563 3944 2132 4023; baseline -0.003 -21"><span class='ocrx_word' id='word_1_517' title='bbox 563 3951 722 4018; x_wconf 78' lang='grc' dir='ltr'>παρὰ</span> <span class='ocrx_word' id='word_1_518' title='bbox 750 3953 1064 4023; x_wconf 74' lang='grc' dir='ltr'>Θεοφίλου.</span> <span class='ocrx_word' id='word_1_519' title='bbox 1099 3950 1256 4006; x_wconf 65' lang='grc' dir='ltr'>Ἀλλ’</span> <span class='ocrx_word' id='word_1_520' title='bbox 1286 3949 1496 4021; x_wconf 74' lang='grc' dir='ltr'>ἐπίδος</span> <span class='ocrx_word' id='word_1_521' title='bbox 1515 3967 1618 4018; x_wconf 80' lang='grc' dir='ltr'><strong>μοι</strong></span> <span class='ocrx_word' id='word_1_522' title='bbox 1641 3948 1871 4017; x_wconf 80' lang='grc' dir='ltr'>χάρτην</span> <span class='ocrx_word' id='word_1_523' title='bbox 1901 3945 1998 3999; x_wconf 73' lang='grc' dir='ltr'>καὶ</span> <span class='ocrx_word' id='word_1_524' title='bbox 2024 3944 2132 4013; x_wconf 71' lang='grc' dir='ltr'>μέ·-</span> 
     </span>
    </p>
   </div>
   <div class='ocr_carea' id='block_1_74' title="bbox 561 4035 2133 4110">
    <p class='ocr_par' dir='ltr' id='par_1_74' title="bbox 561 4035 2133 4110">
     <span class='ocr_line' id='line_1_74' title="bbox 561 4035 2133 4110; baseline -0.005 -16"><span class='ocrx_word' id='word_1_525' title='bbox 561 4040 701 4094; x_wconf 66' lang='grc' dir='ltr'>λαν.</span> <span class='ocrx_word' id='word_1_526' title='bbox 732 4039 843 4092; x_wconf 76' lang='grc' dir='ltr'><strong>Καὶ</strong></span> <span class='ocrx_word' id='word_1_527' title='bbox 873 4037 1050 4093; x_wconf 82' lang='grc' dir='ltr'>λαϐὼν</span> <span class='ocrx_word' id='word_1_528' title='bbox 1101 4039 1194 4099; x_wconf 73' lang='grc' dir='ltr'><strong>ἐπὶ</strong></span> <span class='ocrx_word' id='word_1_529' title='bbox 1230 4040 1411 4110; x_wconf 79' lang='grc' dir='ltr'>τρισὶν</span> <span class='ocrx_word' id='word_1_530' title='bbox 1447 4037 1637 4092; x_wconf 83' lang='grc' dir='ltr'>λύσεσι</span> <span class='ocrx_word' id='word_1_531' title='bbox 1678 4037 1851 4090; x_wconf 82' lang='grc' dir='ltr'>ταῦτα</span> <span class='ocrx_word' id='word_1_532' title='bbox 1901 4035 2133 4101; x_wconf 79' lang='grc' dir='ltr'>ὲξέθετο.</span> 
     </span>
    </p>
   </div>
   <div class='ocr_carea' id='block_1_75' title="bbox 567 4126 2138 4201">
    <p class='ocr_par' dir='ltr' id='par_1_75' title="bbox 567 4126 2138 4201">
     <span class='ocr_line' id='line_1_75' title="bbox 567 4126 2138 4201; baseline -0.004 -17"><span class='ocrx_word' id='word_1_533' title='bbox 567 4130 745 4200; x_wconf 79' lang='grc' dir='ltr'>’Δπερ</span> <span class='ocrx_word' id='word_1_534' title='bbox 766 4131 1032 4201; x_wconf 79' lang='grc' dir='ltr'>ἀναγνοὺς</span> <span class='ocrx_word' id='word_1_535' title='bbox 1053 4133 1082 4186; x_wconf 87' lang='grc' dir='ltr'><strong>ό</strong></span> <span class='ocrx_word' id='word_1_536' title='bbox 1119 4130 1377 4201; x_wconf 82' lang='grc' dir='ltr'>Θεόφιλος</span> <span class='ocrx_word' id='word_1_537' title='bbox 1399 4130 1730 4201; x_wconf 74' lang='grc' dir='ltr'>ἐθαύμασεν,</span> <span class='ocrx_word' id='word_1_538' title='bbox 1764 4129 1858 4181; x_wconf 79' lang='grc' dir='ltr'>καὶ</span> <span class='ocrx_word' id='word_1_539' title='bbox 1882 4126 2138 4180; x_wconf 76' lang='grc' dir='ltr'>ἀποστεί-</span> 
     </span>
    </p>
   </div>
   <div class='ocr_carea' id='block_1_76' title="bbox 563 4219 2138 4295">
    <p class='ocr_par' dir='ltr' id='par_1_76' title="bbox 563 4219 2138 4295">
     <span class='ocr_line' id='line_1_76' title="bbox 563 4219 2138 4295; baseline -0.011 -10"><span class='ocrx_word' id='word_1_540' title='bbox 563 4219 661 4284; x_wconf 80' lang='grc' dir='ltr'><strong>λας</strong></span> <span class='ocrx_word' id='word_1_541' title='bbox 690 4222 924 4292; x_wconf 69' lang='grc' dir='ltr'>ἤνεγκεν</span> <span class='ocrx_word' id='word_1_542' title='bbox 955 4224 1119 4281; x_wconf 73' lang='grc' dir='ltr'>αὐτὸν</span> <span class='ocrx_word' id='word_1_543' title='bbox 1170 4222 1333 4294; x_wconf 81' lang='grc' dir='ltr'>ἐν.τῷ</span> <span class='ocrx_word' id='word_1_544' title='bbox 1379 4223 1648 4295; x_wconf 78' lang='grc' dir='ltr'>παλατίφ,</span> <span class='ocrx_word' id='word_1_545' title='bbox 1671 4223 1766 4275; x_wconf 76' lang='grc' dir='ltr'>καὶ</span> <span class='ocrx_word' id='word_1_546' title='bbox 1823 4221 2138 4289; x_wconf 73' lang='grc' dir='ltr'>ἐσκήνωσεν</span> 
     </span>
    </p>
   </div>
   <div class='ocr_carea' id='block_1_77' title="bbox 565 4310 2138 4386">
    <p class='ocr_par' dir='ltr' id='par_1_77' title="bbox 565 4310 2138 4386">
     <span class='ocr_line' id='line_1_77' title="bbox 565 4310 2138 4386; baseline -0.001 -21"><span class='ocrx_word' id='word_1_547' title='bbox 565 4314 647 4376; x_wconf 80' lang='grc' dir='ltr'><strong>είς</strong></span> <span class='ocrx_word' id='word_1_548' title='bbox 681 4313 1050 4385; x_wconf 78' lang='grc' dir='ltr'>τὸλεγόμενον</span> <span class='ocrx_word' id='word_1_549' title='bbox 1079 4316 1170 4384; x_wconf 72' lang='grc' dir='ltr'>Σίγ</span> <span class='ocrx_word' id='word_1_550' title='bbox 1185 4333 1262 4386; x_wconf 86' lang='grc' dir='ltr'><strong>μα</strong></span> <span class='ocrx_word' id='word_1_551' title='bbox 1293 4316 1522 4386; x_wconf 78' lang='grc' dir='ltr'>πλησίον</span> <span class='ocrx_word' id='word_1_552' title='bbox 1543 4314 1736 4378; x_wconf 80' lang='grc' dir='ltr'>αὐτοῦ,</span> <span class='ocrx_word' id='word_1_553' title='bbox 1755 4310 2138 4383; x_wconf 75' lang='grc' dir='ltr'>παραγγείλας</span> 
     </span>
    </p>
   </div>
   <div class='ocr_carea' id='block_1_78' title="bbox 2230 3213 3805 3290">
    <p class='ocr_par' dir='ltr' id='par_1_78' title="bbox 2230 3213 3805 3290">
     <span class='ocr_line' id='line_1_78' title="bbox 2230 3213 3805 3290; baseline 0.004 -23"><span class='ocrx_word' id='word_1_554' title='bbox 2230 3213 2369 3267; x_wconf 81' lang='lat' dir='ltr'><strong>alius</strong></span> <span class='ocrx_word' id='word_1_555' title='bbox 2402 3232 2552 3269; x_wconf 85' lang='lat' dir='ltr'><strong>nemo</strong></span> <span class='ocrx_word' id='word_1_556' title='bbox 2585 3219 2851 3287; x_wconf 70' lang='lat' dir='ltr'><strong>explicare</strong></span> <span class='ocrx_word' id='word_1_557' title='bbox 2905 3228 3072 3290; x_wconf 77' lang='lat' dir='ltr'><strong>potest</strong></span> <span class='ocrx_word' id='word_1_558' title='bbox 3115 3220 3216 3274; x_wconf 75' lang='lat' dir='ltr'><strong>nisi</strong></span> <span class='ocrx_word' id='word_1_559' title='bbox 3253 3221 3342 3290; x_wconf 87' lang='lat' dir='ltr'><strong>qui</strong></span> <span class='ocrx_word' id='word_1_560' title='bbox 3369 3221 3425 3272; x_wconf 88' lang='lat' dir='ltr'><strong>in</strong></span> <span class='ocrx_word' id='word_1_561' title='bbox 3468 3228 3805 3278; x_wconf 63' lang='lat' dir='ltr'><strong>monumenta</strong></span> 
     </span>
    </p>
   </div>
   <div class='ocr_carea' id='block_1_79' title="bbox 2229 3306 3807 3381">
    <p class='ocr_par' dir='ltr' id='par_1_79' title="bbox 2229 3306 3807 3381">
     <span class='ocr_line' id='line_1_79' title="bbox 2229 3306 3807 3381; baseline 0.004 -23"><span class='ocrx_word' id='word_1_562' title='bbox 2229 3306 2464 3362; x_wconf 76' lang='lat' dir='ltr'><strong>inclusus</strong></span> <span class='ocrx_word' id='word_1_563' title='bbox 2487 3319 2696 3362; x_wconf 84' lang='lat' dir='ltr'><strong>tenetur</strong></span> <span class='ocrx_word' id='word_1_564' title='bbox 2721 3310 3030 3364; x_wconf 79' lang='lat' dir='ltr'><strong>Methodius.</strong></span> <span class='ocrx_word' id='word_1_565' title='bbox 3053 3309 3155 3365; x_wconf 86' lang='lat' dir='ltr'><strong>Sed</strong></span> <span class='ocrx_word' id='word_1_566' title='bbox 3179 3313 3225 3364; x_wconf 77' lang='lat' dir='ltr'><strong>si</strong></span> <span class='ocrx_word' id='word_1_567' title='bbox 3258 3311 3410 3381; x_wconf 80' lang='lat' dir='ltr'><strong>jubet</strong></span> <span class='ocrx_word' id='word_1_568' title='bbox 3450 3328 3606 3364; x_wconf 82' lang='lat' dir='ltr'><strong>sacra</strong></span> <span class='ocrx_word' id='word_1_569' title='bbox 3635 3311 3807 3379; x_wconf 78' lang='lat' dir='ltr'><strong>maje-</strong></span> 
     </span>
    </p>
   </div>
   <div class='ocr_carea' id='block_1_80' title="bbox 2228 3403 3808 3474">
    <p class='ocr_par' dir='ltr' id='par_1_80' title="bbox 2228 3403 3808 3474">
     <span class='ocr_line' id='line_1_80' title="bbox 2228 3403 3808 3474; baseline 0.006 -26"><span class='ocrx_word' id='word_1_570' title='bbox 2228 3408 2362 3457; x_wconf 73' lang='lat' dir='ltr'><strong>stas.</strong></span> <span class='ocrx_word' id='word_1_571' title='bbox 2390 3403 2614 3469; x_wconf 78' lang='lat' dir='ltr'><strong>acceptis</strong></span> <span class='ocrx_word' id='word_1_572' title='bbox 2643 3417 2760 3469; x_wconf 79' lang='lat' dir='ltr'><strong>qua:</strong></span> <span class='ocrx_word' id='word_1_573' title='bbox 2776 3403 2945 3455; x_wconf 72' lang='lat' dir='ltr'><strong>dubito</strong></span> <span class='ocrx_word' id='word_1_574' title='bbox 2969 3404 3272 3474; x_wconf 62' lang='lat' dir='ltr'><strong>questionis</strong></span> <span class='ocrx_word' id='word_1_575' title='bbox 3307 3411 3450 3467; x_wconf 78' lang='lat' dir='ltr'><strong>sunt,</strong></span> <span class='ocrx_word' id='word_1_576' title='bbox 3494 3414 3648 3458; x_wconf 83' lang='lat' dir='ltr'><strong>noctu</strong></span> <span class='ocrx_word' id='word_1_577' title='bbox 3669 3404 3808 3458; x_wconf 79' lang='lat' dir='ltr'><strong>velut</strong></span> 
     </span>
    </p>
   </div>
   <div class='ocr_carea' id='block_1_81' title="bbox 2233 3494 3810 3566">
    <p class='ocr_par' dir='ltr' id='par_1_81' title="bbox 2233 3494 3810 3566">
     <span class='ocr_line' id='line_1_81' title="bbox 2233 3494 3810 3566; baseline 0.006 -22"><span class='ocrx_word' id='word_1_578' title='bbox 2233 3501 2282 3544; x_wconf 88' lang='lat' dir='ltr'><strong>te</strong></span> <span class='ocrx_word' id='word_1_579' title='bbox 2307 3494 2470 3546; x_wconf 81' lang='lat' dir='ltr'><strong>inscio</strong></span> <span class='ocrx_word' id='word_1_580' title='bbox 2504 3498 2573 3546; x_wconf 89' lang='lat' dir='ltr'><strong>ad</strong></span> <span class='ocrx_word' id='word_1_581' title='bbox 2600 3510 2717 3549; x_wconf 84' lang='lat' dir='ltr'><strong>eum</strong></span> <span class='ocrx_word' id='word_1_582' title='bbox 2764 3510 3020 3564; x_wconf 83' lang='lat' dir='ltr'><strong>pergam;</strong></span> <span class='ocrx_word' id='word_1_583' title='bbox 3063 3512 3381 3566; x_wconf 76' lang='lat' dir='ltr'><strong>pronusque</strong></span> <span class='ocrx_word' id='word_1_584' title='bbox 3420 3496 3553 3550; x_wconf 80' lang='lat' dir='ltr'><strong>nihil</strong></span> <span class='ocrx_word' id='word_1_585' title='bbox 3595 3498 3810 3553; x_wconf 79' lang='lat' dir='ltr'><strong>dubiam</strong></span> 
     </span>
    </p>
   </div>
   <div class='ocr_carea' id='block_1_82' title="bbox 2234 3585 3811 3659">
    <p class='ocr_par' dir='ltr' id='par_1_82' title="bbox 2234 3585 3811 3659">
     <span class='ocr_line' id='line_1_82' title="bbox 2234 3585 3811 3659; baseline 0.004 -20"><span class='ocrx_word' id='word_1_586' title='bbox 2234 3602 2297 3639; x_wconf 90' lang='lat' dir='ltr'><strong>ac</strong></span> <span class='ocrx_word' id='word_1_587' title='bbox 2323 3585 2604 3653; x_wconf 77' lang='lat' dir='ltr'><strong>ancipitem</strong></span> <span class='ocrx_word' id='word_1_588' title='bbox 2641 3587 3014 3653; x_wconf 72' lang='lat' dir='ltr'><strong>expositionem</strong></span> <span class='ocrx_word' id='word_1_589' title='bbox 3061 3589 3310 3658; x_wconf 75' lang='lat' dir='ltr'><strong>referam.</strong></span> <span class='ocrx_word' id='word_1_590' title='bbox 3343 3588 3550 3645; x_wconf 84' lang='lat' dir='ltr'><strong>Annuit</strong></span> <span class='ocrx_word' id='word_1_591' title='bbox 3575 3590 3811 3659; x_wconf 81' lang='lat' dir='ltr'><strong>impera-</strong></span> 
     </span>
    </p>
   </div>
   <div class='ocr_carea' id='block_1_83' title="bbox 2234 3677 3808 3748">
    <p class='ocr_par' dir='ltr' id='par_1_83' title="bbox 2234 3677 3808 3748">
     <span class='ocr_line' id='line_1_83' title="bbox 2234 3677 3808 3748; baseline 0.003 -17"><span class='ocrx_word' id='word_1_592' title='bbox 2234 3686 2352 3742; x_wconf 89' lang='lat' dir='ltr'><strong>tor;</strong></span> <span class='ocrx_word' id='word_1_593' title='bbox 2408 3677 2770 3748; x_wconf 87' lang='lat' dir='ltr'><strong>prol‘ectoque</strong></span> <span class='ocrx_word' id='word_1_594' title='bbox 2803 3679 2859 3733; x_wconf 96' lang='lat' dir='ltr'><strong>in</strong></span> <span class='ocrx_word' id='word_1_595' title='bbox 2916 3681 3153 3735; x_wconf 85' lang='lat' dir='ltr'><strong>insulam</strong></span> <span class='ocrx_word' id='word_1_596' title='bbox 3194 3681 3556 3744; x_wconf 88' lang='lat' dir='ltr'><strong>cubiculario,</strong></span> <span class='ocrx_word' id='word_1_597' title='bbox 3589 3698 3653 3736; x_wconf 88' lang='lat' dir='ltr'><strong>ac</strong></span> <span class='ocrx_word' id='word_1_598' title='bbox 3683 3698 3808 3739; x_wconf 77' lang='lat' dir='ltr'><strong>cum</strong></span> 
     </span>
    </p>
   </div>
   <div class='ocr_carea' id='block_1_84' title="bbox 2233 3769 3806 3838">
    <p class='ocr_par' dir='ltr' id='par_1_84' title="bbox 2233 3769 3806 3838">
     <span class='ocr_line' id='line_1_84' title="bbox 2233 3769 3806 3838; baseline 0.003 -14"><span class='ocrx_word' id='word_1_599' title='bbox 2233 3769 2393 3838; x_wconf 87' lang='lat' dir='ltr'><strong>longe</strong></span> <span class='ocrx_word' id='word_1_600' title='bbox 2414 3769 2594 3824; x_wconf 85' lang='lat' dir='ltr'><strong>adhuc</strong></span> <span class='ocrx_word' id='word_1_601' title='bbox 2625 3771 2836 3838; x_wconf 80' lang='lat' dir='ltr'><strong>positus</strong></span> <span class='ocrx_word' id='word_1_602' title='bbox 2859 3779 3031 3835; x_wconf 84' lang='lat' dir='ltr'><strong>esset,</strong></span> <span class='ocrx_word' id='word_1_603' title='bbox 3063 3773 3218 3826; x_wconf 89' lang='lat' dir='ltr'><strong>audit</strong></span> <span class='ocrx_word' id='word_1_604' title='bbox 3238 3779 3490 3830; x_wconf 83' lang='lat' dir='ltr'><strong>sanctum</strong></span> <span class='ocrx_word' id='word_1_605' title='bbox 3509 3773 3806 3829; x_wconf 87' lang='lat' dir='ltr'><strong>dicentem:</strong></span> 
     </span>
    </p>
   </div>
   <div class='ocr_carea' id='block_1_85' title="bbox 2235 3860 3810 3936">
    <p class='ocr_par' dir='ltr' id='par_1_85' title="bbox 2235 3860 3810 3936">
     <span class='ocr_line' id='line_1_85' title="bbox 2235 3860 3810 3936; baseline 0.006 -23"><span class='ocrx_word' id='word_1_606' title='bbox 2235 3860 2377 3917; x_wconf 84' lang='lat' dir='ltr'><strong>Bene</strong></span> <span class='ocrx_word' id='word_1_607' title='bbox 2433 3863 2654 3927; x_wconf 75' lang='lat' dir='ltr'><strong>veneris,</strong></span> <span class='ocrx_word' id='word_1_608' title='bbox 2691 3863 2862 3931; x_wconf 78' lang='lat' dir='ltr'><strong>frater</strong></span> <span class='ocrx_word' id='word_1_609' title='bbox 2891 3863 3126 3923; x_wconf 70' lang='lat' dir='ltr'><strong>Joannes</strong></span> <span class='ocrx_word' id='word_1_610' title='bbox 3180 3865 3496 3923; x_wconf 63' lang='lat' dir='ltr'><strong>cubicularis</strong></span> <span class='ocrx_word' id='word_1_611' title='bbox 3532 3867 3635 3936; x_wconf 80' lang='lat' dir='ltr'><strong>(sic</strong></span> <span class='ocrx_word' id='word_1_612' title='bbox 3661 3867 3810 3922; x_wconf 80' lang='lat' dir='ltr'><strong>enim</strong></span> 
     </span>
    </p>
   </div>
   <div class='ocr_carea' id='block_1_86' title="bbox 2237 3945 3811 4033">
    <p class='ocr_par' dir='ltr' id='par_1_86' title="bbox 2237 3945 3811 4033">
     <span class='ocr_line' id='line_1_86' title="bbox 2237 3945 3811 4033; baseline 0.004 -26"><span class='ocrx_word' id='word_1_613' title='bbox 2237 3945 2328 4008; x_wconf 79' lang='lat' dir='ltr'><strong>ille</strong></span> <span class='ocrx_word' id='word_1_614' title='bbox 2350 3954 2694 4026; x_wconf 80' lang='lat' dir='ltr'><strong>vocabatur),</strong></span> <span class='ocrx_word' id='word_1_615' title='bbox 2726 3957 2832 4011; x_wconf 78' lang='lat' dir='ltr'><strong>scio</strong></span> <span class='ocrx_word' id='word_1_616' title='bbox 2881 3958 3219 4026; x_wconf 81' lang='lat' dir='ltr'><strong>quamobrem</strong></span> <span class='ocrx_word' id='word_1_617' title='bbox 3264 3961 3452 4012; x_wconf 72' lang='lat' dir='ltr'><strong>missu:</strong></span> <span class='ocrx_word' id='word_1_618' title='bbox 3479 3976 3533 4012; x_wconf 73' lang='lat' dir='ltr'><strong>ea</strong></span> <span class='ocrx_word' id='word_1_619' title='bbox 3574 3977 3607 4012; x_wconf 81' lang='grc' dir='ltr'><strong>α</strong></span> <span class='ocrx_word' id='word_1_620' title='bbox 3647 3959 3811 4033; x_wconf 62' lang='grc'><strong>645</strong></span> 
     </span>
    </p>
   </div>
   <div class='ocr_carea' id='block_1_87' title="bbox 2240 4045 3811 4122">
    <p class='ocr_par' dir='ltr' id='par_1_87' title="bbox 2240 4045 3811 4122">
     <span class='ocr_line' id='line_1_87' title="bbox 2240 4045 3811 4122; baseline 0.006 -23"><span class='ocrx_word' id='word_1_621' title='bbox 2240 4045 2541 4114; x_wconf 79' lang='lat' dir='ltr'><strong>Theophila.</strong></span> <span class='ocrx_word' id='word_1_622' title='bbox 2561 4046 2748 4100; x_wconf 83' lang='lat' dir='ltr'><strong>Verum</strong></span> <span class='ocrx_word' id='word_1_623' title='bbox 2779 4051 2928 4102; x_wconf 88' lang='lat' dir='ltr'><strong>trade</strong></span> <span class='ocrx_word' id='word_1_624' title='bbox 2952 4051 3192 4105; x_wconf 82' lang='lat' dir='ltr'><strong>chartam</strong></span> <span class='ocrx_word' id='word_1_625' title='bbox 3223 4059 3272 4103; x_wconf 87' lang='lat' dir='ltr'><strong>et</strong></span> <span class='ocrx_word' id='word_1_626' title='bbox 3298 4061 3679 4107; x_wconf 86' lang='lat' dir='ltr'><strong>atramentum.</strong></span> <span class='ocrx_word' id='word_1_627' title='bbox 3695 4052 3811 4122; x_wconf 84' lang='lat' dir='ltr'><strong>Qua</strong></span> 
     </span>
    </p>
   </div>
   <div class='ocr_carea' id='block_1_88' title="bbox 2238 4138 3811 4212">
    <p class='ocr_par' dir='ltr' id='par_1_88' title="bbox 2238 4138 3811 4212">
     <span class='ocr_line' id='line_1_88' title="bbox 2238 4138 3811 4212; baseline 0.004 -20"><span class='ocrx_word' id='word_1_628' title='bbox 2238 4147 2482 4206; x_wconf 84' lang='lat' dir='ltr'><strong>accepta,</strong></span> <span class='ocrx_word' id='word_1_629' title='bbox 2519 4138 2720 4208; x_wconf 89' lang='lat' dir='ltr'><strong>triplici</strong></span> <span class='ocrx_word' id='word_1_630' title='bbox 2755 4141 3030 4196; x_wconf 89' lang='lat' dir='ltr'><strong>solutione</strong></span> <span class='ocrx_word' id='word_1_631' title='bbox 3061 4143 3265 4195; x_wconf 81' lang='lat' dir='ltr'><strong>nodum</strong></span> <span class='ocrx_word' id='word_1_632' title='bbox 3286 4144 3603 4212; x_wconf 83' lang='lat' dir='ltr'><strong>explicavit.</strong></span> <span class='ocrx_word' id='word_1_633' title='bbox 3629 4145 3811 4205; x_wconf 69' lang='lat' dir='ltr'><strong>Lectis</strong></span> 
     </span>
    </p>
   </div>
   <div class='ocr_carea' id='block_1_89' title="bbox 2239 4230 3812 4306">
    <p class='ocr_par' dir='ltr' id='par_1_89' title="bbox 2239 4230 3812 4306">
     <span class='ocr_line' id='line_1_89' title="bbox 2239 4230 3812 4306; baseline 0.007 -25"><span class='ocrx_word' id='word_1_634' title='bbox 2239 4244 2372 4283; x_wconf 76' lang='lat' dir='ltr'><strong>vero</strong></span> <span class='ocrx_word' id='word_1_635' title='bbox 2394 4244 2516 4298; x_wconf 72' lang='lat' dir='ltr'><strong>qua:</strong></span> <span class='ocrx_word' id='word_1_636' title='bbox 2538 4230 2628 4285; x_wconf 87' lang='lat' dir='ltr'><strong>ille</strong></span> <span class='ocrx_word' id='word_1_637' title='bbox 2647 4233 2967 4301; x_wconf 85' lang='lat' dir='ltr'><strong>scripserat,</strong></span> <span class='ocrx_word' id='word_1_638' title='bbox 2993 4233 3332 4306; x_wconf 87' lang='lat' dir='ltr'><strong>Theophilus</strong></span> <span class='ocrx_word' id='word_1_639' title='bbox 3355 4237 3614 4290; x_wconf 85' lang='lat' dir='ltr'><strong>admirari</strong></span> <span class='ocrx_word' id='word_1_640' title='bbox 3637 4254 3651 4302; x_wconf 93' lang='lat'><strong>;</strong></span> <span class='ocrx_word' id='word_1_641' title='bbox 3681 4238 3812 4293; x_wconf 82' lang='lat' dir='ltr'><strong>mit-</strong></span> 
     </span>
    </p>
   </div>
   <div class='ocr_carea' id='block_1_90' title="bbox 2241 4323 3812 4401">
    <p class='ocr_par' dir='ltr' id='par_1_90' title="bbox 2241 4323 3812 4401">
     <span class='ocr_line' id='line_1_90' title="bbox 2241 4323 3812 4401; baseline 0.005 -23"><span class='ocrx_word' id='word_1_642' title='bbox 2241 4331 2471 4393; x_wconf 75' lang='lat' dir='ltr'><strong>telisque</strong></span> <span class='ocrx_word' id='word_1_643' title='bbox 2504 4323 2556 4376; x_wconf 92' lang='lat' dir='ltr'><strong>in</strong></span> <span class='ocrx_word' id='word_1_644' title='bbox 2583 4325 2846 4393; x_wconf 87' lang='lat' dir='ltr'><strong>palatium</strong></span> <span class='ocrx_word' id='word_1_645' title='bbox 2879 4327 3022 4390; x_wconf 91' lang='lat' dir='ltr'><strong>tulit,</strong></span> <span class='ocrx_word' id='word_1_646' title='bbox 3062 4344 3126 4382; x_wconf 89' lang='lat' dir='ltr'><strong>ac</strong></span> <span class='ocrx_word' id='word_1_647' title='bbox 3161 4345 3330 4401; x_wconf 86' lang='lat' dir='ltr'><strong>prope</strong></span> <span class='ocrx_word' id='word_1_648' title='bbox 3361 4345 3420 4385; x_wconf 89' lang='lat' dir='ltr'><strong>se</strong></span> <span class='ocrx_word' id='word_1_649' title='bbox 3453 4332 3508 4385; x_wconf 89' lang='lat' dir='ltr'><strong>in</strong></span> <span class='ocrx_word' id='word_1_650' title='bbox 3533 4332 3812 4397; x_wconf 78' lang='lat' dir='ltr'><strong>Cubiculo,</strong></span> 
     </span>
    </p>
   </div>
   <div class='ocr_carea' id='block_1_91' title="bbox 570 4402 2126 4492">
    <p class='ocr_par' dir='ltr' id='par_1_91' title="bbox 570 4403 2126 4479">
     <span class='ocr_line' id='line_1_91' title="bbox 570 4403 2126 4479; baseline -0.002 -19"><span class='ocrx_word' id='word_1_651' title='bbox 570 4407 774 4479; x_wconf 76' lang='grc' dir='ltr'>μηδένα</span> <span class='ocrx_word' id='word_1_652' title='bbox 793 4409 900 4462; x_wconf 82' lang='grc' dir='ltr'><strong>ἀπὸ</strong></span> <span class='ocrx_word' id='word_1_653' title='bbox 921 4409 1030 4463; x_wconf 82' lang='grc' dir='ltr'>τῶν</span> <span class='ocrx_word' id='word_1_654' title='bbox 1063 4410 1168 4479; x_wconf 72' lang='grc' dir='ltr'><strong>ἔξω</strong></span> <span class='ocrx_word' id='word_1_655' title='bbox 1199 4411 1279 4473; x_wconf 82' lang='grc' dir='ltr'>εἰς</span> <span class='ocrx_word' id='word_1_656' title='bbox 1313 4409 1477 4463; x_wconf 71' lang='grc' dir='ltr'>αὐτὸν</span> <span class='ocrx_word' id='word_1_657' title='bbox 1506 4408 1852 4479; x_wconf 80' lang='grc' dir='ltr'>είσέρχεσθαι</span> <span class='ocrx_word' id='word_1_658' title='bbox 1881 4406 2024 4475; x_wconf 81' lang='grc' dir='ltr'>πλὴν</span> <span class='ocrx_word' id='word_1_659' title='bbox 2043 4403 2126 4458; x_wconf 72' lang='grc' dir='ltr'>τοῦ</span> 
     </span>
    </p>
   </div>
   <div class='ocr_carea' id='block_1_92' title="bbox 2228 4402 3812 4492">
    <p class='ocr_par' dir='ltr' id='par_1_92' title="bbox 2244 4404 3812 4492">
     <span class='ocr_line' id='line_1_92' title="bbox 2244 4404 3812 4492; baseline 0.008 -23"><span class='ocrx_word' id='word_1_660' title='bbox 2244 4416 2389 4485; x_wconf 85' lang='lat' dir='ltr'><strong>quod</strong></span> <span class='ocrx_word' id='word_1_661' title='bbox 2426 4417 2606 4487; x_wconf 84' lang='lat' dir='ltr'><strong>Sigrua</strong></span> <span class='ocrx_word' id='word_1_662' title='bbox 2636 4428 2853 4483; x_wconf 74' lang='lat' dir='ltr'><strong>vocant,</strong></span> <span class='ocrx_word' id='word_1_663' title='bbox 2899 4404 3465 4492; x_wconf 51' lang='lat' dir='ltr'><strong>habitare.przecepit;</strong></span> <span class='ocrx_word' id='word_1_664' title='bbox 3497 4434 3812 4481; x_wconf 79' lang='lat' dir='ltr'><strong>cxteroruiu</strong></span> 
     </span>
    </p>
   </div>
   <div class='ocr_carea' id='block_1_93' title="bbox 567 4498 2139 4574">
    <p class='ocr_par' dir='ltr' id='par_1_93' title="bbox 567 4498 2139 4574">
     <span class='ocr_line' id='line_1_93' title="bbox 567 4498 2139 4574; baseline -0.003 -22"><span class='ocrx_word' id='word_1_665' title='bbox 567 4499 966 4571; x_wconf 76' lang='grc' dir='ltr'>ὑπουργοῦντος</span> <span class='ocrx_word' id='word_1_666' title='bbox 998 4501 1077 4574; x_wconf 81' lang='grc' dir='ltr'>τῷ</span> <span class='ocrx_word' id='word_1_667' title='bbox 1104 4501 1367 4570; x_wconf 84' lang='grc' dir='ltr'>Θεοφίλῳ.</span> <span class='ocrx_word' id='word_1_668' title='bbox 1409 4502 1582 4565; x_wconf 73' lang='grc' dir='ltr'>Αὐτὸς</span> <span class='ocrx_word' id='word_1_669' title='bbox 1637 4502 1696 4555; x_wconf 79' lang='grc' dir='ltr'>δὲ</span> <span class='ocrx_word' id='word_1_670' title='bbox 1723 4498 1844 4554; x_wconf 84' lang='grc' dir='ltr'>καθ’</span> <span class='ocrx_word' id='word_1_671' title='bbox 1898 4499 2139 4566; x_wconf 79' lang='grc' dir='ltr'>ἑκάστην</span> 
     </span>
    </p>
   </div>
   <div class='ocr_carea' id='block_1_94' title="bbox 567 4589 2136 4664">
    <p class='ocr_par' dir='ltr' id='par_1_94' title="bbox 567 4589 2136 4664">
     <span class='ocr_line' id='line_1_94' title="bbox 567 4589 2136 4664; baseline -0.004 -18"><span class='ocrx_word' id='word_1_672' title='bbox 567 4592 705 4663; x_wconf 75' lang='grc' dir='ltr'>πρὸς</span> <span class='ocrx_word' id='word_1_673' title='bbox 731 4592 893 4646; x_wconf 74' lang='grc' dir='ltr'>αὑτὸν</span> <span class='ocrx_word' id='word_1_674' title='bbox 923 4596 1210 4664; x_wconf 72' lang='grc' dir='ltr'>εἰσήρχετο</span> <span class='ocrx_word' id='word_1_675' title='bbox 1233 4595 1321 4648; x_wconf 74' lang='grc' dir='ltr'><strong>καῖ</strong></span> <span class='ocrx_word' id='word_1_676' title='bbox 1367 4594 1475 4649; x_wconf 82' lang='grc' dir='ltr'><strong>τῶν</strong></span> <span class='ocrx_word' id='word_1_677' title='bbox 1519 4589 1871 4663; x_wconf 79' lang='grc' dir='ltr'>ζητουμένων</span> <span class='ocrx_word' id='word_1_678' title='bbox 1895 4591 2136 4642; x_wconf 79' lang='grc' dir='ltr'>ἐποιεῖτο</span> 
     </span>
    </p>
   </div>
   <div class='ocr_carea' id='block_1_95' title="bbox 568 4683 2136 4757">
    <p class='ocr_par' dir='ltr' id='par_1_95' title="bbox 568 4683 2136 4757">
     <span class='ocr_line' id='line_1_95' title="bbox 568 4683 2136 4757; baseline 0.001 -22"><span class='ocrx_word' id='word_1_679' title='bbox 568 4685 668 4755; x_wconf 77' lang='grc' dir='ltr'>τὴν</span> <span class='ocrx_word' id='word_1_680' title='bbox 695 4685 942 4757; x_wconf 73' lang='grc' dir='ltr'>ἔρευναν.</span> <span class='ocrx_word' id='word_1_681' title='bbox 989 4686 1048 4739; x_wconf 88' lang='lat'><strong>&#39;0</strong></span> <span class='ocrx_word' id='word_1_682' title='bbox 1081 4686 1137 4739; x_wconf 86' lang='grc' dir='ltr'><strong>δέ</strong></span> <span class='ocrx_word' id='word_1_683' title='bbox 1177 4703 1240 4755; x_wconf 87' lang='grc' dir='ltr'><strong>γε</strong></span> <span class='ocrx_word' id='word_1_684' title='bbox 1278 4687 1659 4754; x_wconf 75' lang='grc' dir='ltr'>καταλειφθεὶς</span> <span class='ocrx_word' id='word_1_685' title='bbox 1701 4687 1881 4737; x_wconf 77' lang='grc' dir='ltr'>ἐκεῖσε</span> <span class='ocrx_word' id='word_1_686' title='bbox 1907 4683 2136 4753; x_wconf 78' lang='grc' dir='ltr'>λῃστὴς,</span> 
     </span>
    </p>
   </div>
   <div class='ocr_carea' id='block_1_96' title="bbox 569 4775 2139 4850">
    <p class='ocr_par' dir='ltr' id='par_1_96' title="bbox 569 4775 2139 4850">
     <span class='ocr_line' id='line_1_96' title="bbox 569 4775 2139 4850; baseline -0.003 -19"><span class='ocrx_word' id='word_1_687' title='bbox 569 4777 776 4848; x_wconf 82' lang='grc' dir='ltr'>καίπερ</span> <span class='ocrx_word' id='word_1_688' title='bbox 794 4778 1038 4847; x_wconf 78' lang='grc' dir='ltr'>ἀφεθεὶς,</span> <span class='ocrx_word' id='word_1_689' title='bbox 1075 4779 1176 4833; x_wconf 80' lang='grc' dir='ltr'>οὐκ</span> <span class='ocrx_word' id='word_1_690' title='bbox 1199 4779 1464 4850; x_wconf 70' lang='grc' dir='ltr'>ἠθέλησεν</span> <span class='ocrx_word' id='word_1_691' title='bbox 1503 4775 1764 4844; x_wconf 78' lang='grc' dir='ltr'>ἐξελθεῖν,</span> <span class='ocrx_word' id='word_1_692' title='bbox 1790 4776 1926 4829; x_wconf 80' lang='grc' dir='ltr'>ἀλλὰ</span> <span class='ocrx_word' id='word_1_693' title='bbox 1946 4776 2139 4829; x_wconf 83' lang='grc' dir='ltr'>αὐτόθι</span> 
     </span>
    </p>
   </div>
   <div class='ocr_carea' id='block_1_97' title="bbox 570 4868 2143 4943">
    <p class='ocr_par' dir='ltr' id='par_1_97' title="bbox 570 4868 2143 4943">
     <span class='ocr_line' id='line_1_97' title="bbox 570 4868 2143 4943; baseline 0 -22"><span class='ocrx_word' id='word_1_694' title='bbox 570 4869 944 4938; x_wconf 73' lang='grc' dir='ltr'>ιτελεύτησεν,</span> <span class='ocrx_word' id='word_1_695' title='bbox 995 4872 1246 4943; x_wconf 77' lang='grc' dir='ltr'>σημείοις</span> <span class='ocrx_word' id='word_1_696' title='bbox 1287 4874 1386 4925; x_wconf 73' lang='grc' dir='ltr'>καὶ</span> <span class='ocrx_word' id='word_1_697' title='bbox 1444 4870 1639 4942; x_wconf 85' lang='grc' dir='ltr'>τέρασι</span> <span class='ocrx_word' id='word_1_698' title='bbox 1683 4868 1945 4940; x_wconf 78' lang='grc' dir='ltr'>μεγάλοις</span> <span class='ocrx_word' id='word_1_699' title='bbox 1974 4885 2143 4923; x_wconf 83' lang='grc' dir='ltr'>κατα-</span> 
     </span>
    </p>
   </div>
   <div class='ocr_carea' id='block_1_98' title="bbox 571 4962 891 5034">
    <p class='ocr_par' dir='ltr' id='par_1_98' title="bbox 571 4962 891 5034">
     <span class='ocr_line' id='line_1_98' title="bbox 571 4962 891 5034; baseline 0 -16"><span class='ocrx_word' id='word_1_700' title='bbox 571 4962 891 5034; x_wconf 73' lang='grc' dir='ltr'>κοσμηθεὶς.</span> 
     </span>
    </p>
   </div>
   <div class='ocr_carea' id='block_1_99' title="bbox 642 5143 2140 5217">
    <p class='ocr_par' dir='ltr' id='par_1_99' title="bbox 642 5143 2140 5217">
     <span class='ocr_line' id='line_1_99' title="bbox 642 5143 2140 5217; baseline 0.003 -23"><span class='ocrx_word' id='word_1_701' title='bbox 642 5143 742 5198; x_wconf 84' lang='grc' dir='ltr'>κε⁹.</span> <span class='ocrx_word' id='word_1_702' title='bbox 777 5143 866 5215; x_wconf 79' lang='grc' dir='ltr'><strong>Τῷ</strong></span> <span class='ocrx_word' id='word_1_703' title='bbox 912 5143 1060 5214; x_wconf 80' lang='grc' dir='ltr'>αὐτῷ</span> <span class='ocrx_word' id='word_1_704' title='bbox 1097 5143 1274 5216; x_wconf 84' lang='grc' dir='ltr'>καιρῷ</span> <span class='ocrx_word' id='word_1_705' title='bbox 1316 5143 1572 5215; x_wconf 68' lang='grc' dir='ltr'>ἔπεσενή</span> <span class='ocrx_word' id='word_1_706' title='bbox 1612 5147 1790 5217; x_wconf 85' lang='grc' dir='ltr'>χρυσῆ</span> <span class='ocrx_word' id='word_1_707' title='bbox 1840 5145 1936 5200; x_wconf 81' lang='grc' dir='ltr'>τοῦ</span> <span class='ocrx_word' id='word_1_708' title='bbox 1967 5144 2140 5216; x_wconf 83' lang='grc' dir='ltr'>φοινοῦ</span> 
     </span>
    </p>
   </div>
   <div class='ocr_carea' id='block_1_100' title="bbox 573 5234 2142 5309">
    <p class='ocr_par' dir='ltr' id='par_1_100' title="bbox 573 5234 2142 5309">
     <span class='ocr_line' id='line_1_100' title="bbox 573 5234 2142 5309; baseline 0.003 -23"><span class='ocrx_word' id='word_1_709' title='bbox 573 5235 747 5304; x_wconf 81' lang='grc' dir='ltr'><strong>τοῦφα</strong></span> <span class='ocrx_word' id='word_1_710' title='bbox 796 5237 856 5290; x_wconf 69' lang='grc' dir='ltr'>ἑν</span> <span class='ocrx_word' id='word_1_711' title='bbox 905 5234 983 5305; x_wconf 83' lang='grc' dir='ltr'>τῷ</span> <span class='ocrx_word' id='word_1_712' title='bbox 1025 5237 1372 5309; x_wconf 75' lang='grc' dir='ltr'>Αὐγουστείῳ</span> <span class='ocrx_word' id='word_1_713' title='bbox 1411 5237 1815 5302; x_wconf 83' lang='grc' dir='ltr'>’1ουστινιανοῦ,</span> <span class='ocrx_word' id='word_1_714' title='bbox 1852 5239 1946 5292; x_wconf 83' lang='grc' dir='ltr'>καὶ</span> <span class='ocrx_word' id='word_1_715' title='bbox 1988 5238 2142 5309; x_wconf 77' lang='grc' dir='ltr'>ἐδόθη</span> 
     </span>
    </p>
   </div>
   <div class='ocr_carea' id='block_1_101' title="bbox 573 5327 2141 5402">
    <p class='ocr_par' dir='ltr' id='par_1_101' title="bbox 573 5327 2141 5402">
     <span class='ocr_line' id='line_1_101' title="bbox 573 5327 2141 5402; baseline 0.003 -22"><span class='ocrx_word' id='word_1_716' title='bbox 573 5327 651 5398; x_wconf 78' lang='grc' dir='ltr'>τῷ</span> <span class='ocrx_word' id='word_1_717' title='bbox 682 5327 932 5400; x_wconf 74' lang='grc' dir='ltr'>σκαλωτῇ</span> <span class='ocrx_word' id='word_1_718' title='bbox 957 5331 1103 5400; x_wconf 78' lang='grc' dir='ltr'>παρὰ</span> <span class='ocrx_word' id='word_1_719' title='bbox 1125 5329 1218 5384; x_wconf 83' lang='grc' dir='ltr'>τοῦ</span> <span class='ocrx_word' id='word_1_720' title='bbox 1239 5328 1498 5400; x_wconf 78' lang='grc' dir='ltr'>βασιλέως</span> <span class='ocrx_word' id='word_1_721' title='bbox 1521 5333 1830 5402; x_wconf 85' lang='grc' dir='ltr'>νομίσματα</span> <span class='ocrx_word' id='word_1_722' title='bbox 1853 5339 1920 5402; x_wconf 81' lang='grc' dir='ltr'>ρ’.</span> <span class='ocrx_word' id='word_1_723' title='bbox 1948 5333 2141 5401; x_wconf 81' lang='grc' dir='ltr'>Στέφει</span> 
     </span>
    </p>
   </div>
   <div class='ocr_carea' id='block_1_102' title="bbox 575 5421 2141 5495">
    <p class='ocr_par' dir='ltr' id='par_1_102' title="bbox 575 5421 2141 5495">
     <span class='ocr_line' id='line_1_102' title="bbox 575 5421 2141 5495; baseline 0.001 -19"><span class='ocrx_word' id='word_1_724' title='bbox 575 5421 632 5476; x_wconf 69' lang='grc' dir='ltr'>δὲ</span> <span class='ocrx_word' id='word_1_725' title='bbox 664 5421 920 5492; x_wconf 76' lang='grc' dir='ltr'>Θεόφιλος</span> <span class='ocrx_word' id='word_1_726' title='bbox 967 5424 1189 5493; x_wconf 78' lang='grc' dir='ltr'>Μιχαὴλ</span> <span class='ocrx_word' id='word_1_727' title='bbox 1220 5424 1327 5477; x_wconf 76' lang='grc' dir='ltr'>τὸν</span> <span class='ocrx_word' id='word_1_728' title='bbox 1353 5424 1467 5477; x_wconf 82' lang='grc' dir='ltr'>υἱὸν</span> <span class='ocrx_word' id='word_1_729' title='bbox 1506 5425 1673 5479; x_wconf 76' lang='grc' dir='ltr'>αὑτοῦ</span> <span class='ocrx_word' id='word_1_730' title='bbox 1703 5428 1761 5478; x_wconf 80' lang='grc' dir='ltr'>ὲν</span> <span class='ocrx_word' id='word_1_731' title='bbox 1797 5429 1863 5495; x_wconf 75' lang='grc' dir='ltr'>τῇ</span> <span class='ocrx_word' id='word_1_732' title='bbox 1909 5423 2141 5495; x_wconf 76' lang='grc' dir='ltr'>Μεγάλῃ</span> 
     </span>
    </p>
   </div>
   <div class='ocr_carea' id='block_1_103' title="bbox 574 5513 2140 5587">
    <p class='ocr_par' dir='ltr' id='par_1_103' title="bbox 574 5513 2140 5587">
     <span class='ocr_line' id='line_1_103' title="bbox 574 5513 2140 5587; baseline 0 -19"><span class='ocrx_word' id='word_1_733' title='bbox 574 5513 860 5587; x_wconf 65' lang='grc' dir='ltr'>ἐκκλησίᾳ,</span> <span class='ocrx_word' id='word_1_734' title='bbox 891 5514 1383 5587; x_wconf 75' lang='grc' dir='ltr'>φιλοτιμησάμενος</span> <span class='ocrx_word' id='word_1_735' title='bbox 1429 5517 1662 5583; x_wconf 77' lang='grc' dir='ltr'>πάντας,</span> <span class='ocrx_word' id='word_1_736' title='bbox 1703 5517 1778 5581; x_wconf 85' lang='grc' dir='ltr'>ὼς</span> <span class='ocrx_word' id='word_1_737' title='bbox 1806 5516 1948 5583; x_wconf 75' lang='grc' dir='ltr'>ἔθος,</span> <span class='ocrx_word' id='word_1_738' title='bbox 1976 5518 2034 5570; x_wconf 83' lang='grc' dir='ltr'>ὲν</span> <span class='ocrx_word' id='word_1_739' title='bbox 2060 5517 2140 5587; x_wconf 84' lang='grc' dir='ltr'>τῷ</span> 
     </span>
    </p>
   </div>
   <div class='ocr_carea' id='block_1_104' title="bbox 576 5605 844 5679">
    <p class='ocr_par' dir='ltr' id='par_1_104' title="bbox 576 5605 844 5679">
     <span class='ocr_line' id='line_1_104' title="bbox 576 5605 844 5679; baseline 0.004 -17"><span class='ocrx_word' id='word_1_740' title='bbox 576 5605 844 5679; x_wconf 79' lang='grc' dir='ltr'>στεψίμῳ.</span> 
     </span>
    </p>
   </div>
   <div class='ocr_carea' id='block_1_105' title="bbox 644 5699 2135 5773">
    <p class='ocr_par' dir='ltr' id='par_1_105' title="bbox 644 5699 2135 5773">
     <span class='ocr_line' id='line_1_105' title="bbox 644 5699 2135 5773; baseline 0.001 -18"><span class='ocrx_word' id='word_1_741' title='bbox 644 5704 756 5766; x_wconf 70' lang='grc' dir='ltr'>ις’.</span> <span class='ocrx_word' id='word_1_742' title='bbox 789 5699 880 5771; x_wconf 78' lang='grc' dir='ltr'><strong>Τῷ</strong></span> <span class='ocrx_word' id='word_1_743' title='bbox 900 5699 964 5771; x_wconf 81' lang='grc' dir='ltr'><strong>ιβ’</strong></span> <span class='ocrx_word' id='word_1_744' title='bbox 981 5701 1144 5757; x_wconf 82' lang='grc' dir='ltr'>αὐτοῦ</span> <span class='ocrx_word' id='word_1_745' title='bbox 1175 5701 1284 5756; x_wconf 75' lang='grc' dir='ltr'>ἔτει</span> <span class='ocrx_word' id='word_1_746' title='bbox 1308 5700 1662 5773; x_wconf 84' lang='grc' dir='ltr'>πεπλήρωται</span> <span class='ocrx_word' id='word_1_747' title='bbox 1686 5703 1744 5755; x_wconf 83' lang='grc' dir='ltr'><strong>δν</strong></span> <span class='ocrx_word' id='word_1_748' title='bbox 1765 5703 2135 5757; x_wconf 83' lang='grc' dir='ltr'>κατεσκεύασε</span> 
     </span>
    </p>
   </div>
   <div class='ocr_carea' id='block_1_106' title="bbox 2246 4509 3813 4588">
    <p class='ocr_par' dir='ltr' id='par_1_106' title="bbox 2246 4509 3813 4588">
     <span class='ocr_line' id='line_1_106' title="bbox 2246 4509 3813 4588; baseline 0.007 -26"><span class='ocrx_word' id='word_1_749' title='bbox 2246 4509 2548 4579; x_wconf 84' lang='lat' dir='ltr'><strong>quemlibet</strong></span> <span class='ocrx_word' id='word_1_750' title='bbox 2574 4510 2641 4563; x_wconf 87' lang='lat' dir='ltr'><strong>ad</strong></span> <span class='ocrx_word' id='word_1_751' title='bbox 2671 4526 2798 4565; x_wconf 90' lang='lat' dir='ltr'><strong>eum</strong></span> <span class='ocrx_word' id='word_1_752' title='bbox 2836 4514 3120 4579; x_wconf 86' lang='lat' dir='ltr'><strong>accedere,</strong></span> <span class='ocrx_word' id='word_1_753' title='bbox 3153 4529 3264 4569; x_wconf 90' lang='lat' dir='ltr'><strong>uno</strong></span> <span class='ocrx_word' id='word_1_754' title='bbox 3296 4515 3562 4571; x_wconf 77' lang='lat' dir='ltr'><strong>duntaxat</strong></span> <span class='ocrx_word' id='word_1_755' title='bbox 3582 4526 3813 4588; x_wconf 71' lang='lat' dir='ltr'><strong>excepto</strong></span> 
     </span>
    </p>
   </div>
   <div class='ocr_carea' id='block_1_107' title="bbox 2246 4601 3812 4677">
    <p class='ocr_par' dir='ltr' id='par_1_107' title="bbox 2246 4601 3812 4677">
     <span class='ocr_line' id='line_1_107' title="bbox 2246 4601 3812 4677; baseline 0.005 -23"><span class='ocrx_word' id='word_1_756' title='bbox 2246 4601 2397 4655; x_wconf 90' lang='lat' dir='ltr'><strong>illius</strong></span> <span class='ocrx_word' id='word_1_757' title='bbox 2449 4601 2727 4667; x_wconf 88' lang='lat' dir='ltr'><strong>ministro,</strong></span> <span class='ocrx_word' id='word_1_758' title='bbox 2770 4603 3075 4672; x_wconf 88' lang='lat' dir='ltr'><strong>prohibuit.</strong></span> <span class='ocrx_word' id='word_1_759' title='bbox 3110 4605 3229 4675; x_wconf 78' lang='lat' dir='ltr'><strong>ipse</strong></span> <span class='ocrx_word' id='word_1_760' title='bbox 3278 4622 3412 4661; x_wconf 79' lang='lat' dir='ltr'><strong>vero</strong></span> <span class='ocrx_word' id='word_1_761' title='bbox 3444 4607 3692 4677; x_wconf 89' lang='lat' dir='ltr'><strong>quotidie</strong></span> <span class='ocrx_word' id='word_1_762' title='bbox 3744 4610 3812 4662; x_wconf 86' lang='lat' dir='ltr'><strong>ad</strong></span> 
     </span>
    </p>
   </div>
   <div class='ocr_carea' id='block_1_108' title="bbox 2246 4693 3816 4766">
    <p class='ocr_par' dir='ltr' id='par_1_108' title="bbox 2246 4693 3816 4766">
     <span class='ocr_line' id='line_1_108' title="bbox 2246 4693 3816 4766; baseline 0.006 -19"><span class='ocrx_word' id='word_1_763' title='bbox 2246 4708 2374 4747; x_wconf 88' lang='lat' dir='ltr'><strong>eum</strong></span> <span class='ocrx_word' id='word_1_764' title='bbox 2404 4693 2739 4763; x_wconf 76' lang='lat' dir='ltr'><strong>ingrediens,</strong></span> <span class='ocrx_word' id='word_1_765' title='bbox 2768 4695 2813 4748; x_wconf 88' lang='lat' dir='ltr'><strong>si</strong></span> <span class='ocrx_word' id='word_1_766' title='bbox 2838 4710 2959 4764; x_wconf 81' lang='lat' dir='ltr'><strong>quae</strong></span> <span class='ocrx_word' id='word_1_767' title='bbox 2991 4697 3170 4752; x_wconf 75' lang='lat' dir='ltr'><strong>dubia:</strong></span> <span class='ocrx_word' id='word_1_768' title='bbox 3196 4700 3516 4766; x_wconf 69' lang='lat' dir='ltr'><strong>qumstionis</strong></span> <span class='ocrx_word' id='word_1_769' title='bbox 3537 4710 3716 4763; x_wconf 84' lang='lat' dir='ltr'><strong>erant.</strong></span> <span class='ocrx_word' id='word_1_770' title='bbox 3747 4716 3816 4757; x_wconf 76' lang='lat' dir='ltr'><strong>ex</strong></span> 
     </span>
    </p>
   </div>
   <div class='ocr_carea' id='block_1_109' title="bbox 2248 4784 3813 4860">
    <p class='ocr_par' dir='ltr' id='par_1_109' title="bbox 2248 4784 3813 4860">
     <span class='ocr_line' id='line_1_109' title="bbox 2248 4784 3813 4860; baseline 0.006 -23"><span class='ocrx_word' id='word_1_771' title='bbox 2248 4785 2345 4838; x_wconf 92' lang='lat' dir='ltr'><strong>illo</strong></span> <span class='ocrx_word' id='word_1_772' title='bbox 2370 4784 2716 4854; x_wconf 81' lang='lat' dir='ltr'><strong>exquirebat.</strong></span> <span class='ocrx_word' id='word_1_773' title='bbox 2746 4785 2910 4841; x_wconf 87' lang='lat' dir='ltr'><strong>Latro</strong></span> <span class='ocrx_word' id='word_1_774' title='bbox 2937 4797 3118 4842; x_wconf 89' lang='lat' dir='ltr'><strong>autem</strong></span> <span class='ocrx_word' id='word_1_775' title='bbox 3155 4789 3208 4843; x_wconf 89' lang='lat' dir='ltr'><strong>in</strong></span> <span class='ocrx_word' id='word_1_776' title='bbox 3255 4791 3514 4860; x_wconf 87' lang='lat' dir='ltr'><strong>sepulcro</strong></span> <span class='ocrx_word' id='word_1_777' title='bbox 3565 4792 3813 4856; x_wconf 81' lang='lat' dir='ltr'><strong>relictus,</strong></span> 
     </span>
    </p>
   </div>
   <div class='ocr_carea' id='block_1_110' title="bbox 2249 4877 3814 4947">
    <p class='ocr_par' dir='ltr' id='par_1_110' title="bbox 2249 4877 3814 4947">
     <span class='ocr_line' id='line_1_110' title="bbox 2249 4877 3814 4947; baseline 0.008 -18"><span class='ocrx_word' id='word_1_778' title='bbox 2249 4891 2583 4946; x_wconf 87' lang='lat' dir='ltr'><strong>quamquam</strong></span> <span class='ocrx_word' id='word_1_779' title='bbox 2634 4877 2778 4932; x_wconf 90' lang='lat' dir='ltr'><strong>liber</strong></span> <span class='ocrx_word' id='word_1_780' title='bbox 2807 4879 3066 4934; x_wconf 84' lang='lat' dir='ltr'><strong>dimissus</strong></span> <span class='ocrx_word' id='word_1_781' title='bbox 3115 4891 3253 4945; x_wconf 90' lang='lat' dir='ltr'><strong>erat,</strong></span> <span class='ocrx_word' id='word_1_782' title='bbox 3291 4881 3441 4936; x_wconf 88' lang='lat' dir='ltr'><strong>exire</strong></span> <span class='ocrx_word' id='word_1_783' title='bbox 3468 4881 3666 4947; x_wconf 89' lang='lat' dir='ltr'><strong>noluit,</strong></span> <span class='ocrx_word' id='word_1_784' title='bbox 3719 4883 3814 4941; x_wconf 82' lang='lat' dir='ltr'><strong>sed</strong></span> 
     </span>
    </p>
   </div>
   <div class='ocr_carea' id='block_1_111' title="bbox 2249 4967 3819 5044">
    <p class='ocr_par' dir='ltr' id='par_1_111' title="bbox 2249 4967 3819 5044">
     <span class='ocr_line' id='line_1_111' title="bbox 2249 4967 3819 5044; baseline 0.006 -22"><span class='ocrx_word' id='word_1_785' title='bbox 2249 4967 2460 5039; x_wconf 80' lang='lat' dir='ltr'><strong>magnis</strong></span> <span class='ocrx_word' id='word_1_786' title='bbox 2493 4968 2662 5039; x_wconf 87' lang='lat' dir='ltr'><strong>signis</strong></span> <span class='ocrx_word' id='word_1_787' title='bbox 2687 4985 2750 5025; x_wconf 88' lang='lat' dir='ltr'><strong>ac</strong></span> <span class='ocrx_word' id='word_1_788' title='bbox 2777 4972 3044 5043; x_wconf 84' lang='lat' dir='ltr'><strong>prodigiis</strong></span> <span class='ocrx_word' id='word_1_789' title='bbox 3074 4973 3286 5044; x_wconf 81' lang='lat' dir='ltr'><strong>fulgens</strong></span> <span class='ocrx_word' id='word_1_790' title='bbox 3309 4989 3376 5030; x_wconf 89' lang='lat' dir='ltr'><strong>co</strong></span> <span class='ocrx_word' id='word_1_791' title='bbox 3401 4973 3518 5044; x_wconf 88' lang='lat' dir='ltr'><strong>ipso</strong></span> <span class='ocrx_word' id='word_1_792' title='bbox 3550 4975 3674 5033; x_wconf 90' lang='lat' dir='ltr'><strong>loco</strong></span> <span class='ocrx_word' id='word_1_793' title='bbox 3693 4976 3819 5035; x_wconf 67' lang='lat' dir='ltr'><strong>vita:</strong></span> 
     </span>
    </p>
   </div>
   <div class='ocr_carea' id='block_1_112' title="bbox 2243 5059 2579 5115">
    <p class='ocr_par' dir='ltr' id='par_1_112' title="bbox 2243 5059 2579 5115">
     <span class='ocr_line' id='line_1_112' title="bbox 2243 5059 2579 5115; baseline 0.003 -2"><span class='ocrx_word' id='word_1_794' title='bbox 2243 5060 2406 5115; x_wconf 82' lang='lat' dir='ltr'><strong>ﬁnem</strong></span> <span class='ocrx_word' id='word_1_795' title='bbox 2429 5059 2579 5115; x_wconf 82' lang='lat' dir='ltr'><strong>fecit.</strong></span> 
     </span>
    </p>
   </div>
   <div class='ocr_carea' id='block_1_113' title="bbox 2311 5155 3814 5229">
    <p class='ocr_par' dir='ltr' id='par_1_113' title="bbox 2311 5155 3814 5229">
     <span class='ocr_line' id='line_1_113' title="bbox 2311 5155 3814 5229; baseline 0.001 -17"><span class='ocrx_word' id='word_1_796' title='bbox 2311 5155 2402 5212; x_wconf 73' lang='lat'><strong>25.</strong></span> <span class='ocrx_word' id='word_1_797' title='bbox 2464 5155 2670 5210; x_wconf 88' lang='lat' dir='ltr'><strong>Eodem</strong></span> <span class='ocrx_word' id='word_1_798' title='bbox 2718 5167 2965 5227; x_wconf 86' lang='lat' dir='ltr'><strong>tempore</strong></span> <span class='ocrx_word' id='word_1_799' title='bbox 3017 5159 3218 5214; x_wconf 81' lang='lat' dir='ltr'><strong>cecidit</strong></span> <span class='ocrx_word' id='word_1_800' title='bbox 3271 5175 3474 5216; x_wconf 87' lang='lat' dir='ltr'><strong>aureus</strong></span> <span class='ocrx_word' id='word_1_801' title='bbox 3503 5159 3700 5229; x_wconf 85' lang='lat' dir='ltr'><strong>globus</strong></span> <span class='ocrx_word' id='word_1_802' title='bbox 3734 5160 3814 5214; x_wconf 81' lang='lat' dir='ltr'><strong>la-</strong></span> 
     </span>
    </p>
   </div>
   <div class='ocr_carea' id='block_1_114' title="bbox 2243 5247 3814 5320">
    <p class='ocr_par' dir='ltr' id='par_1_114' title="bbox 2243 5247 3814 5320">
     <span class='ocr_line' id='line_1_114' title="bbox 2243 5247 3814 5320; baseline 0.001 -17"><span class='ocrx_word' id='word_1_803' title='bbox 2243 5257 2413 5303; x_wconf 66' lang='lat' dir='ltr'><strong>ternae</strong></span> <span class='ocrx_word' id='word_1_804' title='bbox 2444 5248 2498 5302; x_wconf 89' lang='lat' dir='ltr'><strong>in</strong></span> <span class='ocrx_word' id='word_1_805' title='bbox 2529 5247 2809 5320; x_wconf 82' lang='lat' dir='ltr'><strong>Augusteo</strong></span> <span class='ocrx_word' id='word_1_806' title='bbox 2842 5249 3135 5306; x_wconf 83' lang='lat' dir='ltr'><strong>Justiniani</strong></span> <span class='ocrx_word' id='word_1_807' title='bbox 3162 5268 3175 5316; x_wconf 94' lang='lat'><strong>;</strong></span> <span class='ocrx_word' id='word_1_808' title='bbox 3210 5251 3434 5320; x_wconf 82' lang='lat' dir='ltr'><strong>datique</strong></span> <span class='ocrx_word' id='word_1_809' title='bbox 3468 5251 3814 5307; x_wconf 87' lang='lat' dir='ltr'><strong>scandulario</strong></span> 
     </span>
    </p>
   </div>
   <div class='ocr_carea' id='block_1_115' title="bbox 2244 5342 3817 5413">
    <p class='ocr_par' dir='ltr' id='par_1_115' title="bbox 2244 5342 3817 5413">
     <span class='ocr_line' id='line_1_115' title="bbox 2244 5342 3817 5413; baseline 0.003 -17"><span class='ocrx_word' id='word_1_810' title='bbox 2244 5351 2467 5396; x_wconf 90' lang='lat' dir='ltr'><strong>centum</strong></span> <span class='ocrx_word' id='word_1_811' title='bbox 2502 5342 2733 5407; x_wconf 85' lang='lat' dir='ltr'><strong>nummi,</strong></span> <span class='ocrx_word' id='word_1_812' title='bbox 2771 5358 3006 5412; x_wconf 88' lang='lat' dir='ltr'><strong>quorum</strong></span> <span class='ocrx_word' id='word_1_813' title='bbox 3039 5343 3127 5396; x_wconf 84' lang='lat' dir='ltr'><strong>illa</strong></span> <span class='ocrx_word' id='word_1_814' title='bbox 3175 5345 3353 5413; x_wconf 88' lang='lat' dir='ltr'><strong>pretio</strong></span> <span class='ocrx_word' id='word_1_815' title='bbox 3404 5345 3679 5401; x_wconf 82' lang='lat' dir='ltr'><strong>restituta.</strong></span> <span class='ocrx_word' id='word_1_816' title='bbox 3711 5343 3817 5401; x_wconf 79' lang='lat' dir='ltr'><strong>Co-</strong></span> 
     </span>
    </p>
   </div>
   <div class='ocr_carea' id='block_1_116' title="bbox 2246 5435 3817 5508">
    <p class='ocr_par' dir='ltr' id='par_1_116' title="bbox 2246 5435 3817 5508">
     <span class='ocr_line' id='line_1_116' title="bbox 2246 5435 3817 5508; baseline 0.003 -20"><span class='ocrx_word' id='word_1_817' title='bbox 2246 5445 2408 5488; x_wconf 85' lang='lat' dir='ltr'><strong>ronat</strong></span> <span class='ocrx_word' id='word_1_818' title='bbox 2439 5449 2570 5489; x_wconf 86' lang='lat' dir='ltr'><strong>vero</strong></span> <span class='ocrx_word' id='word_1_819' title='bbox 2607 5435 2951 5507; x_wconf 85' lang='lat' dir='ltr'><strong>TbeOphilus</strong></span> <span class='ocrx_word' id='word_1_820' title='bbox 2982 5436 3302 5492; x_wconf 85' lang='lat' dir='ltr'><strong>Michaelem</strong></span> <span class='ocrx_word' id='word_1_821' title='bbox 3340 5437 3512 5490; x_wconf 86' lang='lat' dir='ltr'><strong>tilium</strong></span> <span class='ocrx_word' id='word_1_822' title='bbox 3538 5437 3592 5493; x_wconf 89' lang='lat' dir='ltr'><strong>in</strong></span> <span class='ocrx_word' id='word_1_823' title='bbox 3625 5438 3817 5508; x_wconf 78' lang='lat' dir='ltr'><strong>Magna</strong></span> 
     </span>
    </p>
   </div>
   <div class='ocr_carea' id='block_1_117' title="bbox 2245 5527 3813 5604">
    <p class='ocr_par' dir='ltr' id='par_1_117' title="bbox 2245 5527 3813 5604">
     <span class='ocr_line' id='line_1_117' title="bbox 2245 5527 3813 5604; baseline 0.003 -22"><span class='ocrx_word' id='word_1_824' title='bbox 2245 5527 2478 5582; x_wconf 89' lang='lat' dir='ltr'><strong>ecclesia</strong></span> <span class='ocrx_word' id='word_1_825' title='bbox 2499 5569 2512 5592; x_wconf 90' lang='lat'><strong>,</strong></span> <span class='ocrx_word' id='word_1_826' title='bbox 2545 5535 2886 5600; x_wconf 87' lang='lat' dir='ltr'><strong>cunctosque</strong></span> <span class='ocrx_word' id='word_1_827' title='bbox 2919 5530 3211 5602; x_wconf 82' lang='lat' dir='ltr'><strong>magniﬁce</strong></span> <span class='ocrx_word' id='word_1_828' title='bbox 3240 5531 3430 5595; x_wconf 87' lang='lat' dir='ltr'><strong>donat,</strong></span> <span class='ocrx_word' id='word_1_829' title='bbox 3477 5529 3558 5586; x_wconf 90' lang='lat' dir='ltr'><strong>uti</strong></span> <span class='ocrx_word' id='word_1_830' title='bbox 3585 5529 3641 5585; x_wconf 83' lang='lat' dir='ltr'><strong>in</strong></span> <span class='ocrx_word' id='word_1_831' title='bbox 3666 5531 3813 5604; x_wconf 75' lang='lat' dir='ltr'><strong>ejus—</strong></span> 
     </span>
    </p>
   </div>
   <div class='ocr_carea' id='block_1_118' title="bbox 2243 5619 3521 5690">
    <p class='ocr_par' dir='ltr' id='par_1_118' title="bbox 2243 5619 3521 5690">
     <span class='ocr_line' id='line_1_118' title="bbox 2243 5619 3521 5690; baseline 0.005 -18"><span class='ocrx_word' id='word_1_832' title='bbox 2243 5619 2388 5673; x_wconf 90' lang='lat' dir='ltr'><strong>modi</strong></span> <span class='ocrx_word' id='word_1_833' title='bbox 2413 5620 2896 5690; x_wconf 88' lang='lat' dir='ltr'><strong>iuaugurationum</strong></span> <span class='ocrx_word' id='word_1_834' title='bbox 2919 5623 3201 5678; x_wconf 84' lang='lat' dir='ltr'><strong>soiemniis</strong></span> <span class='ocrx_word' id='word_1_835' title='bbox 3231 5625 3401 5678; x_wconf 84' lang='lat' dir='ltr'><strong>moris</strong></span> <span class='ocrx_word' id='word_1_836' title='bbox 3419 5633 3521 5678; x_wconf 86' lang='lat' dir='ltr'><strong>est.</strong></span> 
     </span>
    </p>
   </div>
   <div class='ocr_carea' id='block_1_119' title="bbox 2310 5711 3814 5785">
    <p class='ocr_par' dir='ltr' id='par_1_119' title="bbox 2310 5711 3814 5785">
     <span class='ocr_line' id='line_1_119' title="bbox 2310 5711 3814 5785; baseline 0.005 -20"><span class='ocrx_word' id='word_1_837' title='bbox 2310 5711 2398 5765; x_wconf 75' lang='lat'><strong>26.</strong></span> <span class='ocrx_word' id='word_1_838' title='bbox 2449 5711 2607 5767; x_wconf 81' lang='lat' dir='ltr'><strong>Anno</strong></span> <span class='ocrx_word' id='word_1_839' title='bbox 2634 5713 2853 5783; x_wconf 84' lang='lat' dir='ltr'><strong>imperii</strong></span> <span class='ocrx_word' id='word_1_840' title='bbox 2879 5714 3176 5785; x_wconf 84' lang='lat' dir='ltr'><strong>Theophili</strong></span> <span class='ocrx_word' id='word_1_841' title='bbox 3201 5714 3533 5772; x_wconf 86' lang='lat' dir='ltr'><strong>duodecimo</strong></span> <span class='ocrx_word' id='word_1_842' title='bbox 3563 5716 3814 5773; x_wconf 65' lang='lat' dir='ltr'><strong>abSoluta</strong></span> 
     </span>
    </p>
   </div>
  </div>
