4140 6042
466 224 571 289 7H

1647 209 2025 273 SYMEONIS
2068 203 2443 266 MAGISTRI

3618 190 3728 257 712

467 339 790 395 videbatur.
824 335 1035 404 Quovis
1060 344 1210 390 certe
1250 331 1411 388 titulo
1435 329 1743 392 amabatur,
1785 341 1847 381 ac
1870 324 2047 378 Theo-

2164 318 2438 389 διαφέρειν
2472 317 2566 371 ἐπὶ
2590 316 2902 385 λογιότητος
2944 313 3101 377 δόξαν
3134 310 3254 366 τινὰ
3288 307 3570 379 ἐσχηκώςσ
3594 307 3735 377 πλὴν

468 434 604 505 phili
632 442 939 503 praeceptor
966 428 1281 502 praeficitur.
1314 424 1655 495 Theophilus
1680 437 1805 475 mox
1830 416 2047 489 imperii

470 526 711 583 habenas
748 524 983 592 adeptus
1003 521 1232 597 syncelli
1260 519 1414 591 prius
1443 518 1653 573 honore
1687 514 1875 575 donat,
1906 520 2053 565 tum-

468 633 579 688 que
599 618 765 671 etiam
799 615 1171 687 patriarcham
1192 612 1543 684 Cpolitanum
1570 604 1882 670 constituit,
1925 618 2049 658 cum

471 710 521 765 is
558 710 635 765 illi
670 709 1013 763 divinatione
1056 723 1121 762 es
1173 706 1315 775 pelvi
1356 720 1421 760 ac
1468 701 1760 775 praestigiis
1802 696 2051 769 quaedam

468 803 788 858 futurorum
822 800 1083 855 vaticinia
1111 799 1323 854 ederet.
1348 795 1642 865 Praestigia:
1672 794 1727 847 in
1751 806 1819 846 eo
1840 788 2051 860 positae.

473 893 620 949 Gens
653 894 905 963 quaedam
952 890 1191 946 inlidelis
1225 889 1545 958 truciorque
1606 886 1781 940 tribus
1816 880 2054 937 ducibus

475 986 809 1057 quandoque
860 986 1164 1041 Romanam
1212 984 1481 1038 ditionem
1535 977 1851 1035 incursabat
1888 984 2055 1043 atque

474 1080 745 1134 vastabat.
798 1079 874 1133 Ea
936 1094 1063 1143 res,
1112 1086 1172 1131 ut
1204 1093 1297 1147 par
1334 1084 1456 1138 est,
1491 1072 1661 1129 animi
1700 1070 1922 1125 anxium
1962 1067 2059 1121 tri-

476 1183 729 1242 stemque
766 1171 1135 1240 TheOphilum
1178 1182 1484 1236 omnesque
1513 1166 1767 1222 subditos
1798 1163 2054 1217 habebat.

473 1265 786 1321 Mmstitiam
820 1263 985 1336 650
1015 1263 1253 1318 Joannes
1292 1275 1499 1331 ponere
1541 1260 1719 1328 jubet,
1758 1265 2059 1326 pectusque

478 1372 735 1412 securum
773 1371 838 1412 ac
899 1355 1085 1427 gaudii
1139 1355 1361 1426 plenum
1396 1369 1625 1423 gerere,
1663 1352 1710 1405 si
1755 1349 1917 1403 modo
1941 1349 2062 1419 ejus

476 1449 611 1503 velit
643 1448 891 1502 Consiliis
923 1462 1133 1502 morem
1180 1462 1392 1517 gerere.
1446 1447 1502 1500 ld
1537 1460 1672 1499 vero
1714 1444 1793 1497 illi
1845 1439 2064 1496 consul.

478 1548 617 1595 tum.
654 1540 804 1595 Inter
849 1555 1031 1595 ameas
1058 1538 1205 1594 Circi
1244 1546 1457 1593 statuas
1495 1537 1562 1591 ad
1597 1537 1860 1604 Euripum
1893 1547 2059 1587 unam

476 1632 771 1702 quamdam
822 1632 1117 1701 tricipitem
1176 1640 1359 1684 stare:
1423 1631 1543 1700 ejus
1595 1629 1698 1682 tria
1746 1628 1837 1682 illa
1881 1624 2060 1694 capita

475 1724 688 1793 magice
720 1731 1038 1777 consecrata
1055 1721 1124 1777 ad
1143 1722 1324 1792 gentis
1352 1722 1499 1776 illius
1532 1720 1724 1773 referri
1759 1717 2063 1775 duces.Ju-

477 1816 573 1869 bet
593 1831 723 1886 ergo
746 1825 859 1869 tres
877 1815 1144 1869 maximos
1174 1812 1473 1867 fabricatos
1492 1811 1719 1865 malleos
1736 1810 1914 1863 tribus
1931 1806 2065 1861 viris

477 1907 879 1963 robustissimis
910 1908 963 1960 in
996 1922 1190 1960 manus
1208 1905 1368 1959 tradi.
1390 1901 1869 1970 Profundaitaque
1901 1907 2065 1954 nocte

481 1998 735 2068 utrisque
782 2007 1007 2053 ventum
1057 1998 1125 2050 ad
1160 2005 1356 2051 statua:
1394 1995 1617 2049 locum:
1668 1992 1909 2047 Joannes
1937 1990 2063 2046 laici

482 2088 673 2144 habitu
707 2104 826 2143 sese
857 2088 1191 2152 occultabat,
1222 2087 1330 2141 viri
1361 2095 1547 2141 autem
1582 2085 1803 2139 stabant
1829 2083 2063 2138 sublatis

485 2182 737 2247 malleis,
788 2196 914 2235 cum
970 2181 1063 2237 ille
1120 2180 1347 2251 magicis
1386 2194 1576 2235 secum
1620 2175 2065 2232 invocationibus

482 2274 720 2343 peractis
773 2285 1223 2341 unumquemque
1283 2269 1502 2324 fortiter
1558 2266 1819 2337 omnique
1862 2264 2064 2319 robore

482 2372 650 2431 atque
695 2362 911 2415 viribus
943 2362 1112 2414 ictum
1139 2362 1269 2415 dare
1295 2360 1571 2416 clamosus
1596 2358 1847 2426 inceptor
1872 2354 2066 2425 praeci-

485 2455 586 2525 pit.
640 2457 718 2510 Ac
763 2470 907 2509 unus
952 2453 1175 2524 quidem
1209 2460 1267 2506 et
1292 2453 1432 2506 alter
1458 2451 1570 2504 duo
1590 2449 1771 2520 capita
1803 2447 2065 2503 decusse-

483 2557 651 2602 runt:
704 2549 902 2602 tertius
937 2561 1070 2601 vero
1116 2546 1326 2600 inﬂexit
1371 2544 1595 2614 quidem
1622 2543 1715 2598 ille
1754 2541 2063 2613 paululum,

483 2656 594 2694 non
644 2649 827 2694 tamen
869 2640 1035 2694 etiam
1071 2646 1246 2692 totum
1288 2656 1317 2691 a
1360 2645 1559 2691 trunco
1588 2633 1916 2705 amputavit.
1972 2632 2065 2688 Sic

484 2730 652 2800 igitur
678 2746 735 2783 se
768 2730 883 2784 fere
921 2730 1125 2784 ducum
1148 2745 1236 2784 res
1258 2728 1520 2781 habuere.
1548 2724 1743 2781 Gravis
1770 2723 1915 2779 inter
1942 2722 2067 2776 illos

483 2830 603 2873 orta
647 2819 926 2873 discordia
980 2819 1035 2873 in
1072 2819 1277 2873 bellum
1329 2816 1491 2872 civile
1526 2812 1798 2887 prorupit.
1864 2812 1942 2867 Ex
1971 2811 2066 2867 illo

486 2926 634 2965 unus
666 2912 914 2980 alterque
935 2909 1293 2965 ceciderunt:
1334 2908 1531 2961 tertius
1557 2919 1701 2959 unus
1725 2903 1841 2975 ipse
1868 2917 2065 2973 super-

2150 413 2425 481 ὴγαπᾶτο,
2454 409 2548 462 καὶ
2578 407 2672 461 τοῦ
2707 406 2967 475 θεοφίλου
2984 402 3303 464 διδάσκαλος
3322 398 3733 467 ὲγκαθίσταται.

2153 503 2263 557 Καὶ
2279 497 2434 562 οὗτος
2458 500 2581 552 ἐπεὶ
2598 498 2696 562 τὰς
2718 498 2815 565 τῆς
2833 494 3110 567 βασιλείας
3134 493 3293 563 ἔσχεν
3307 490 3485 560 ἡνίας,
3510 488 3741 557 σύγκελ-

2153 597 2243 649 λον
2281 596 2380 666 μὲν
2409 594 2674 663 πρότερον
2699 588 2887 643 τοῦτον
2917 588 3076 659 τιμᾷ,
3108 580 3209 638 εἷθ’
3242 583 3473 651 ὕστερον
3496 583 3589 635 καὶ
3632 598 3739 631 πα-

2152 689 2418 759 τριάρχην
2470 682 2759 752 καθίστησι
2808 675 3454 736 Κωνσταντινουττόλεως,
3492 670 3738 744 προγνώ-

2157 798 2273 845 σεις
2311 778 2462 843 τινὰς
2510 777 2598 832 διὰ
2635 774 3100 844 λεκανομαντείας
3155 771 3250 822 καὶ
3287 766 3541 842 γοητείας
3585 761 3737 832 αὐτῷ

2157 872 2596 943 ἀπαγγέλλοντα.
2673 870 2784 921 Καὶ
2841 866 3066 935 γοητεία
3098 864 3141 895 ³⁸
3198 861 3444 929 τοιαύτη.
3510 857 3738 918 "sem;

2156 966 2290 1019 ποτε
2337 964 2521 1036 τρισὶν
2562 960 2652 1031 ὑφ’
2687 959 2919 1029 ἡγεμόσι
2952 952 3451 1025 στρατηγουμένου,
3508 948 3736 1002 ἀπίστου

2157 1075 2217 1113 τε
2256 1057 2351 1110 καὶ
2391 1053 2664 1124 σκληροῦ,
2705 1053 2805 1120 τὴν
2857 1048 2966 1100 τῶν
3023 1046 3311 1116 Ῥωμαίων
3358 1042 3543 1111 χώραν
3609 1053 3741 1091 κατ-

2160 1151 2348 1221 έτρεχε
2398 1147 2492 1199 καὶ
2524 1144 2792 1215 ὲληῖξετο.
2836 1142 2925 1205 Ὠς
2973 1139 3121 1202 εἰκὸς
3162 1134 3255 1190 οὖν
3290 1133 3625 1203 ἀθυμοῦντος
3649 1130 3738 1183 ἐπὶ

2159 1240 2334 1310 τούτῳ
2370 1238 2465 1292 τοῦ
2494 1237 2754 1305 Θεοφίλου
2790 1234 2882 1287 καὶ
2929 1231 3021 1284 τοῦ
3051 1229 3292 1299 ὑπηκόου
3331 1224 3555 1286 παντὸς,
3602 1224 3739 1274 ἀπο·

2162 1331 2535 1387 σκινάσασθαί
2582 1346 2686 1381 που
2724 1328 2820 1397 τὴν
2872 1324 3111 1395 ἀθυμίαν
3155 1314 3309 1382 οὗτος
3353 1313 3735 1386 συμβουλεύει,

2162 1424 2397 1493 θάρσους
2440 1439 2499 1476 τε
2536 1420 2894 1492 πληρωθῆναι
2938 1419 3035 1471 καὶ
3080 1414 3253 1484 χαρᾶς
3273 1454 3288 1476 ,
3314 1409 3366 1464 εί
3398 1427 3461 1478 γε
3488 1410 3647 1480 μόνον
3668 1408 3738 1475 τῇ

2160 1519 2353 1574 τούτου
2390 1514 2787 1581 ὲπακολουθοίη
2826 1510 3012 1582 βουλῇ.
3062 1507 3125 1560 'H
3155 1507 3212 1559 δὶ
3260 1500 3330 1575 ἦν
3362 1501 3605 1569 τοιαύτη.
3648 1499 3739 1550 Ἐν

2163 1613 2274 1672 τοῖς
2311 1612 2393 1673 εἰς
2443 1607 2535 1661 τὸν
2570 1605 2812 1678 Εύριπον
2855 1601 2949 1655 τοῦ
2994 1598 3350 1669 ίπποδρομίου
3395 1594 3614 1665 χαλκοῖς
3645 1591 3738 1645 ἀν-

2094 1674 2136 1731 B
2168 1702 2384 1773 δριᾶσιν
2414 1674 2666 1767 ἐλέγετο⁷
2686 1713 2767 1759 τις
2802 1689 2942 1747 εἶναι
2972 1690 3196 1760 ἀνδριὰς
3226 1688 3373 1759 τρισὶ
3407 1681 3741 1756 διαμορφού-

2170 1813 2333 1866 μενος
2390 1790 2656 1861 κεφαλαῖς
2684 1828 2700 1853 ,
2760 1788 2825 1850 ἃς
2866 1784 3010 1841 κατά
3063 1801 3184 1836 τινα
3225 1780 3562 1851 στοιχείωσιν
3602 1776 3741 1844 πρὸς

2165 1894 2293 1951 τοὺς
2326 1885 2421 1941 τοῦ
2471 1885 2657 1945 ἔθνους
2696 1880 2907 1934 ἐκείνου
2945 1876 3222 1948 ἀρχηγοὺς
3260 1874 3480 1961 ἀνῆγεν.
3521 1867 3737 1961 Σφύρας

2165 1975 2257 2033 οὖν
2309 1975 2571 2046 μεγίστας
2617 1972 2843 2041 σιδηρᾶς
2867 1972 3016 2039 τρεῖς
3074 1959 3439 2037 προσέταττεν
3485 1959 3740 2031 γενέσθαι

2167 2068 2263 2122 καὶ
2317 2067 2576 2135 ἀνδράσιν
2633 2060 3043 2133 ἐγχειρισθῆναι
3112 2054 3482 2127 ίσχυροτάτοις
3536 2051 3735 2121 τρισίν.

2166 2164 2364 2234 Πὸρῤω
2419 2161 2477 2213 δὲ
2528 2158 2639 2211 τῶν
2693 2156 2902 2211 νυκτῶν
2955 2155 3046 2208 ἐπὶ
3106 2153 3197 2206 τὸν
3251 2149 3544 2221 ἀνδριάντα
3598 2142 3741 2218 ἦσαν

2164 2254 2490 2323 ἀμφότεροι,
2537 2250 2564 2302 ὁ
2589 2247 2688 2318 μὲν
2729 2245 2934 2313 Ἰαννῆς
2958 2242 3045 2295 διὰ
3070 2240 3261 2295 λαῖκοῦ
3287 2239 3582 2307 ἐνδύματος
3612 2237 3739 2289 ἑαυ-

2163 2346 2254 2398 τδν
2282 2340 2651 2414 περισκὲπων,
2671 2339 2722 2391 oi
2745 2338 2801 2390 δὲ
2833 2335 3028 2406 ἄνδρες
3056 2332 3361 2404 μετεώρους
3389 2330 3489 2392 τὰς
3525 2326 3736 2399 σφύρας

2164 2438 2402 2508 ἔχοντες.
2474 2432 2583 2485 Καὶ
2639 2429 2807 2493 αύτδς
2863 2428 2989 2489 τοὺς
3044 2422 3477 2494 στοιχειωτικοὺς
3546 2421 3738 2487 λόγους

2166 2525 2410 2582 ἐπειπὼν
2439 2526 2623 2585 παίειν
2646 2523 2875 2576 ἕκαστον
2904 2520 2979 2581 ὡς
3010 2516 3121 2588 εχει
3152 2516 3430 2584 δυνάμεως
3475 2515 3738 2583 προσεῖπε

2165 2617 2430 2681 νεανικῶς
2459 2633 2518 2669 τε
2545 2616 2640 2669 καὶ
2671 2611 2929 2683 ἰσχυρῶς.
2984 2610 3095 2663 Καὶ
3140 2609 3189 2661 οἱ
3239 2606 3339 2675 μὲν
3368 2605 3462 2659 δύο
3508 2605 3608 2665 τὰς
3644 2599 3738 2656 δύο

2162 2715 2259 2770 τοῦ
2297 2713 2612 2783 ἀνδριάντος
2642 2707 2882 2779 κεφαλὰς
2912 2702 3220 2773 ἀπέκοψαν,
3270 2702 3299 2754 ὁ
3330 2701 3385 2753 δὲ
3420 2698 3609 2770 ἕτερος
3644 2714 3737 2769 μι-

2164 2809 2296 2880 κρὸν
2339 2807 2438 2878 μὲν
2461 2804 2799 2868 κατέκλινεν,
2828 2801 2888 2853 οὑ
2928 2798 3034 2870 μὴν
3055 2796 3150 2849 καὶ
3169 2795 3296 2864 ὃλην
3326 2793 3417 2846 τοῦ
3446 2789 3742 2861 σκηνώμαη

2164 2917 2256 2965 τος
2291 2898 2647 2967 ὲναπέτεμεν.
2676 2893 2900 2955 Τούτοις
2937 2886 3030 2945 οὖν
3060 2888 3154 2941 καὶ
3183 2888 3250 2940 τὰ
3281 2884 3421 2939 κατὰ
3445 2884 3572 2947 τοὺς
3609 2884 3736 2952 ἠγε-

484 3014 599 3059 stes
636 3003 761 3067 fuit,
798 3004 905 3057 etsi
957 3018 1070 3057 non
1116 3017 1251 3057 sano
1290 3014 1520 3070 prorsus
1562 2998 1782 3053 robore.
1838 2996 1905 3053 in
1934 3008 2061 3050 eum

2167 2992 2335 3063 μόνας
2400 2985 2784 3058 ὲξηκολούθει’
2846 2980 3026 3052 ἔριδος
3079 2977 3191 3048 γὰρ
3234 2974 3504 3045 κραταιᾶς
3553 2973 3736 3035 αὐτοῖς

486 3094 710 3147 modum
762 3094 829 3148 ad
884 3094 1120 3151 nihilum
1153 3092 1375 3147 redacta
1411 3105 1545 3161 gens
1582 3090 1671 3143 illa
1711 3089 1777 3143 ad
1801 3102 1900 3143 sua
1939 3102 2061 3143 rur-

484 3200 579 3240 sus
608 3201 666 3241 se
697 3186 845 3257 luga,
875 3186 1197 3257 ingentique
1229 3184 1385 3242 clade
1416 3186 1624 3243 attrita.
1660 3181 1881 3252 recipit.

2167 3084 2602 3152 ὲπεισπεσούσης
2635 3081 2730 3135 καὶ
2760 3077 3025 3149 ἐμφυλίου
3061 3074 3261 3145 μάχης,
3290 3071 3395 3126 ὑπὸ
3422 3067 3514 3123 τοῦ
3545 3069 3661 3131 ἑνὸς
3689 3067 3737 3119 oi

2168 3179 2261 3232 δύο
2282 3177 2391 3229 τῶν
2416 3174 2702 3246 ἡγεμόνων
2729 3171 2990 3224 πίπτουσι
3038 3167 3179 3219 κατὰ
3212 3164 3310 3231 τὴν
3342 3161 3449 3214 τῶν
3490 3158 3739 3228 κεφαλῶν

484 3250 887 3352 ἑκτομὴνξτού
920 3250 1123 3351 τρίτου-
1143 3282 1305 3352 μόνου
1340 3278 1720 3343 διασωθέντος,
1754 3250 1854 3348 ob:
1892 3274 2060 3345 ὑγιῶς
2093 3275 2171 3330 δέ.
2197 3274 2387 3337 Οὕτως
2423 3274 2504 3335 είς
2531 3268 2594 3325 τὸ
2621 3267 2784 3339 μηδὲν
2810 3263 2951 3322 εἶναι
2986 3262 3047 3317 τὸ
3070 3258 3221 3322 ἔθνος
3278 3256 3537 3331 χωρῆσαν
3605 3250 3740 3325 πρὸς

484 3374 555 3426 ’τὰ
601 3376 778 3426 οἰκεῖα
822 3369 979 3437 αὖθις
1026 3375 1167 3444 μετά
1219 3377 1397 3445 φυγῆς
1443 3374 1667 3444 ἀφορμᾷ
1712 3373 1807 3425 καὶ
1836 3371 2153 3441 ,συμφορᾶς.

560 3470 613 3524 5.
667 3469 962 3539 Postquam
1019 3470 1185 3540 igitur
1230 3468 1666 3541 religiosissima,
1712 3483 1876 3539 quam
1918 3467 2069 3521 dice-

485 3560 635 3624 bam,
678 3559 969 3617 Theodora
996 3578 1156 3619 suum
1187 3561 1445 3621 Ecclesiae
1470 3570 1723 3615 ornatum
1754 3559 2071 3615 reddiderat

489 3654 545 3725 (a
575 3651 760 3708 Leone
786 3654 932 3713 enim
959 3655 1258 3710 Amalecita
1282 3654 1350 3711 ad
1374 3653 1741 3709 restitutionis
1770 3652 2069 3723 imaginum

487 3748 758 3813 solemnia
810 3763 985 3803 annos
1010 3749 1234 3804 circiter
1270 3748 1492 3820 triginta
1534 3747 1832 3819 imaginum
1878 3746 2070 3800 incen-

490 3855 647 3897 sores
678 3842 1006 3925 igniariique
1023 3843 1273 3912 sacrilegi
1289 3843 1651 3897 ecclesiarum
1672 3840 1833 3911 potiti
1862 3838 2067 3910 erant),

491 3934 815 4004 petitionem
844 3936 913 3987 ad
954 3935 1149 3990 Patres
1183 3936 1277 4005 qui
1326 3934 1542 3990 collecti
1587 3933 1747 4009 651
1778 3942 1958 3999 erant,
2014 3933 2073 3987 in

492 4026 611 4082 hznc
631 4028 797 4083 verba
827 4028 989 4084 oll'ert
1018 4028 1174 4082 :Nou
1201 4044 1283 4083 me
1316 4028 1444 4082 latet
1481 4030 1666 4083 datam
1710 4029 1850 4082 vobis
1890 4046 1921 4081 α
1960 4027 2070 4082 Deo

493 4124 806 4183 potestatem
827 4117 1131 4172 dimittendi
1162 4126 1372 4188 peccata
1395 4135 1553 4188 super
1572 4126 1793 4184 terram,
1820 4119 2070 4187 quemad-

494 4206 709 4259 modum
737 4209 905 4262 sacris
947 4207 1141 4263 Christi
1170 4209 1447 4279 Evangelii
1502 4208 1695 4263 tabulis
1724 4211 2071 4279 perscriptum

494 4308 591 4353 est.
620 4298 1055 4368 Quandoquidem
1082 4302 1241 4371 igitur
1270 4302 1601 4370 Theophilus,
1626 4312 1681 4356 ut
1698 4304 1839 4357 scitis
1865 4317 2066 4368 omnes,

489 4391 735 4490 iustitia,
774 4394 819 4445 si
865 4394 981 4460 quis
1017 4394 1176 4454 alius.
1224 4402 1383 4449 tenax
1412 4397 1531 4465 fuit,
1573 4412 1637 4449 ac
1670 4405 1858 4449 cuncta
1908 4397 2067 4467 probe
2098 4435 2143 4490 Β

495 4482 925 4546 administrabat,
959 4492 1019 4535 ut
1048 4494 1097 4536 ct
1127 4487 1226 4555 ipsi
1266 4489 1553 4551 tutamini,
1578 4504 1788 4557 unaque
1808 4489 1908 4543 hac
1933 4490 2068 4542 dun-

491 4583 647 4628 taxat
681 4576 867 4631 haeresi
901 4575 1207 4642 laborabat,
1246 4580 1406 4649 quam
1449 4590 1497 4632 et
1535 4581 1590 4632 in
1632 4582 1876 4636 extremis
1906 4597 2067 4652 agens

491 4666 789 4737 abnegavit,
839 4668 1035 4738 subque
1082 4671 1250 4723 eailus
1290 4672 1477 4725 horam
1520 4672 1755 4743 appletus
1796 4672 2064 4743 lacrymis,

492 4774 575 4816 me
600 4760 867 4829 offerente,
890 4777 1074 4814 sacras
1094 4762 1348 4833 imagines
1372 4761 1546 4817 osculo
1569 4773 1843 4819 ueneratus
1865 4766 1920 4817 in
1947 4781 2068 4819 eum

494 4852 919 4921 maritima/ﬂavit
950 4854 1206 4916 animum,
1232 4869 1319 4906 vos
1334 4870 1539 4924 quoque
1558 4855 1693 4908 hanc
1713 4856 1838 4908 mihi
1864 4856 2058 4925 scripto

493 4946 652 5014 facite
679 4947 930 5013 gratiam,
960 4953 1019 4998 ut
1045 4954 1093 5004 et
1124 4947 1218 4999 hoc
1239 4962 1403 4999 unum
1433 4945 1514 5000 illi
1544 4956 1811 5016 peccatum
1830 4947 2066 5001 dimittao

492 5046 581 5090 tur
611 5052 629 5090 :
660 5052 787 5090 nam
814 5036 879 5090 de
910 5035 1124 5105 reliquis
1152 5052 1341 5091 secura
1367 5053 1506 5094 sum.
1542 5038 1620 5092 Ad
1663 5053 1829 5107 quam
1852 5038 2063 5103 Patres,

493 5140 619 5180 cum
672 5128 911 5195 primum
958 5126 1179 5191 quidem
1235 5127 1653 5191 conticuissent,
1695 5137 1922 5197 tumque
1950 5129 2070 5199 ejus

492 5215 775 5285 provocati
807 5215 1063 5286 lacrymis
1098 5217 1152 5269 in
1188 5217 1457 5287 lacrymas
1484 5218 1587 5287 ipsi
1612 5216 1842 5287 perinde
1872 5231 2073 5287 proru-

494 5309 724 5378 pissent,
765 5324 830 5365 ac
871 5323 995 5363 cum
1026 5318 1290 5379 praeterea
1324 5309 1430 5366 hoc
1470 5310 1795 5366 molirentur
1832 5324 1897 5364 ac
1935 5317 2071 5366 sala-

494 5410 704 5471 gerent.
731 5411 791 5454 ut
817 5410 1130 5455 sanctarum
1165 5402 1463 5472 imaginum
1495 5402 1704 5458 cultum
1736 5407 2065 5464 statuerent,

494 5507 603 5547 uno
642 5491 853 5548 calculo
895 5506 960 5546 ac
999 5493 1271 5548 sententia
1300 5495 1419 5565 ejus
1453 5495 1533 5548 rei
1558 5493 1871 5549 securitatis
1904 5490 2065 5545 ﬁdem

2235 3472 2305 3534 γ’.
2372 3462 2486 3532 Τῆς
2516 3460 2572 3514 δὲ
2600 3454 2880 3527 θεοφιλοῦς
2904 3495 2921 3519 ,
2971 3454 3047 3514 ὡς
3078 3450 3290 3521 είρηται
3317 3486 3333 3511 ,
3363 3446 3643 3519 Θεοδώρας
3671 3448 3739 3518 τῇ

2165 3554 2430 3624 ὲκκλησίᾳ
2457 3552 2549 3607 τὸν
2575 3549 2772 3617 ἑαυτῆς
2800 3547 3004 3615 κόσμον
3052 3540 3248 3609 δούσης
3277 3537 3405 3609 (ἀπὸ
3446 3536 3555 3606 γὰρ
3582 3534 3744 3590 Δέον-

2163 3664 2258 3710 so;
2288 3644 2381 3699 τοῦ
2427 3639 2793 3715 ’Δμαληκίτου
2822 3639 2926 3699 ἕως
2972 3633 3056 3693 lP.
3104 3628 3233 3703 431]
3281 3629 3379 3699 τῆς
3428 3626 3742 3699 ὀρθοδοξίας

2167 3738 2265 3795 bitt
2294 3737 2587 3810 τριάκοντα
2614 3732 2838 3804 χρόνους
2856 3729 3104 3797 κατεῖχον
3133 3725 3183 3777 oi
3208 3722 3621 3776 είκονοκαύσται
3643 3718 3742 3779 τὰς

2174 3829 2493 3900 ἐκκλησίας)
2539 3826 2757 3896 αἴτησιν
2804 3822 3039 3874 ποιεῖται
3106 3816 3244 3889 πρὸς
3287 3816 3414 3877 τοὺς
3468 3812 3742 3881 παρόντας

2174 3924 2362 3993 ἁγίους
2396 3920 2666 3991 Πατέρας,
2690 3916 2942 3983 λέγουσα*
2974 3907 3117 3965 Οἶδα
3144 3910 3233 3963 ὅτι
3262 3905 3522 3962 δέδωκεν
3546 3904 3688 3975 ὑμῖν
3710 3906 3745 3958 ό

2177 4016 2321 4082 Θεὸς
2370 4012 2661 4079 ἐξουσίαν
2696 4009 2795 4063 ἐπὶ
2849 4003 2957 4073 τῆς
3012 4002 3121 4073 γῆς
3168 3998 3403 4071 ἀφιέναι
3454 3997 3744 4067 ἁμαρτίας

2175 4108 2327 4164 κατὰ
2349 4106 2418 4160 τὸ
2453 4100 2818 4172 Εὑαγτέλιον
2841 4098 2948 4152 τοῦ
2987 4092 3267 4165 Χριστοῦ.
3324 4090 3601 4157 Ἐπείπερ
3631 4083 3745 4143 οὖν

2174 4202 2208 4257 ό
2234 4197 2537 4265 ,βασιλεὺς
2561 4196 2871 4264 Θεόφιλος,
2903 4191 2981 4255 ὡς
3014 4186 3214 4242 οτδατε
3250 4183 3493 4248 πάντες,
3524 4180 3746 4235 dmuta-

2173 4290 2381 4359 κριτης
2423 4286 2539 4356 μὲν
2560 4288 2615 4339 ει
2645 4284 2745 4338 καί
2772 4299 2861 4347 τις
2907 4280 3099 4342 ἄλλος
3128 4273 3231 4347 ἦν,
3269 4273 3367 4328 καί
3410 4272 3605 4359 πάντα
3637 4288 3745 4326 κα.

2170 4357 2294 4449 ,κῶς
2348 4378 2629 4443 διοικῶν,
2688 4376 2768 4444 ὡς
2809 4372 3195 4444 μαρτυρεῖτε,
3250 4364 3376 4441 εἶχε
3426 4366 3496 4423 δὲ
3532 4357 3746 4436 ’μόνην

2173 4475 2401 4542 ταύτην
2442 4470 2558 4536 τὴν
2595 4468 2853 4536 αἵρεσιν,
2901 4462 2983 4530 ἢν
3015 4464 3114 4516 καί
3151 4455 3446 4513 τελευτῶν
3478 4453 3746 4524 ἀπηρνή-

2174 4585 2346 4632 σιιτο,
2399 4563 2497 4619 καί
2523 4562 2676 4633 μετὰ
2712 4558 2985 4626 δακρύων
3024 4554 3153 4609 κατ’
3197 4550 3393 4618 αὐτὴν
3432 4549 3548 4618 τὴν
3585 4547 3743 4617 ὤραν

2172 4660 2284 4730 τῆς
2324 4658 2563 4723 ἐξόδου,
2628 4652 2773 4724 ἐμοῦ
2826 4651 3013 4716 τούτῳ
3064 4648 3284 4711 ταύτας
3335 4643 3588 4710 δούσης,
3638 4641 3742 4705 τὰς

2173 4756 2345 4825 ἁγίας
2361 4751 2593 4816 εἰκόνας
2623 4744 3010 4813 κατεφίλησε,
3038 4738 3137 4793 καί
3166 4736 3356 4801 οὕτως
3388 4733 3741 4825 ἐξέπνευσε.

2172 4822 2311 4899 δδτε
2349 4860 2454 4913 μοι
2496 4839 2595 4894 καί
2642 4835 2815 4891 αὐτοὶ
2873 4833 3050 4902 χάριν
3094 4829 3400 4900 ἐγγράφως
3445 4822 3745 4898 dsunt-ﬁrm

2172 4936 2333 5004 αὑτῷ
2353 4912 2476 5002 τὴν
2502 4931 2795 5003 ἁμαρτίαν
2823 4928 3053 4992 ταύτην
3082 4922 3280 4993 μόνην
3304 4936 3319 4949 ·
3355 4918 3486 4987 περὶ
3533 4917 3603 4971 δὲ
3626 4912 3746 4970 τῶν

2172 5026 2401 5085 λοιπῶν
2427 5028 2498 5082 οὐ
2536 5020 2845 5095 φροντίζω.
2904 5017 3047 5088 Πρὸς
3074 5017 3141 5087 ἢν
3174 5014 3224 5067 oi
3272 5013 3513 5081 Πατερες
3538 5007 3607 5063 τὰ
3643 5007 3744 5079 μὶν

2178 5121 2370 5193 πρῶτα
2425 5121 2750 5189 σιγήσαντες
2780 5155 2795 5179 ,
2870 5109 2986 5165 εἶτα
3046 5109 3141 5163 καὶ
3203 5104 3570 5176 δακρύσαντες
3630 5103 3743 5164 τοῖς

2172 5216 2341 5285 αὐτῆς
2398 5208 2876 5280 ὲπικαμπτόμενοι
2931 5203 3182 5274 δάκρυσι,
3242 5200 3377 5271 πρὸς
3412 5198 3470 5251 δὲ
3508 5197 3602 5249 καὶ
3642 5195 3743 5265 τὴν

2174 5310 2283 5364 τῶν
2309 5309 2480 5377 ἀγίων
2508 5305 2732 5359 εἰκόνων
2760 5300 3047 5374 ζητοῦντες
3076 5295 3262 5367 τιμὴν,
3280 5295 3432 5362 κοινῇ
3464 5292 3629 5361 ψήφῳ
3649 5289 3744 5341 καὶ

2172 5399 2368 5471 γνώμῃ
2415 5398 2482 5451 δι’
2528 5396 2806 5464 ἔγγραφον
2847 5387 3145 5458 ἀσφαλείας
3188 5386 3284 5456 τὴν
3329 5384 3513 5437 πίστιν
3550 5379 3742 5471 τούτου

2171 5492 2235 5559 τῇ
2280 5470 2536 5558 δεσποίνῃ
2570 5485 2832 5541 ἐδίδοσαν.
2894 5481 3009 5552 Ἐφ’
3054 5472 3132 5543 οἷς
3170 5477 3269 5548 τῆν
3316 5473 3608 5545 ἐκκλησίαν
3650 5470 3742 5543 βεεν

1755 5579 1993 5636 κἈΒΙΛΕ
2035 5577 2449 5635 LECTIONES.

567 5675 608 5705 ³³
687 5674 731 5725 Il
772 5674 792 5707 λ
833 5674 1100 5723 "avrti?"
