4140 6042
399 199 434 258 ’ί
452 197 509 256 l9

1637 168 1936 235 SYMEUN
1949 169 2018 229 lS
2044 164 2417 229 MAGISTRI

3570 122 3730 218 τεο

462 313 550 364 15.
601 308 761 359 Anno
806 297 1020 370 imperii
1067 292 1347 351 Michaelis
1385 288 1553 346 tertio
1601 284 1818 341 decimo
1850 283 1982 337 Bar-

2167 278 2259 345 ιγ’.
2297 275 2391 346 Τῷ
2423 276 2491 343 ιγ’
2524 272 2635 327 ἔτει
2671 269 2837 325 αὐτοῦ
2871 269 3077 341 Βάρδας
3127 268 3155 321 ὀ
3188 268 3405 339 Καῖσαρ
3437 265 3544 332 ἔξω
3575 268 3675 331 τῆς

390 406 491 459 das
532 401 713 457 Cassar
754 402 907 449 extra
951 391 1146 446 urbem
1196 401 1367 458 agens
1411 396 1538 442 cum
1578 377 1845 434 Damiano
1888 391 1983 446 pa-

393 495 554 552 tricio
585 506 649 547 ac
683 487 1000 543 accubitore
1039 480 1279 537 amicitia
1304 479 1531 551 junctus
1566 479 1684 533 est.
1715 472 1771 526 is
1811 469 1983 539 impe-

385 586 596 642 ratoris
633 593 859 650 compos
889 576 1126 632 eil‘ectus
1165 580 1365 630 auctor
1399 569 1481 625 illi
1530 577 1617 624 est
1667 561 1984 622 utBardam

395 685 451 738 in
496 678 692 734 urbem
734 690 799 730 ac
833 671 1098 744 palatium
1132 667 1379 723 inducat.
1427 663 1537 720 Sed
1567 672 1623 718 et
1645 656 1984 728 TheOpbane

392 766 870 845 protospathario,
941 768 1311 833 cognomento
1367 755 1643 827 Pbalgana
1668 793 1684 819 ,
1748 748 1987 845 aliisque

390 839 725 933 quibusdam
771 854 879 910 sibi
921 850 1224 911 devinctis,
1280 850 1401 919 ipso
1449 857 1671 918 quoque
1718 839 1989 933 Micliaele

394 931 641 1013 conscio,
672 947 1055 1002 Theoetistum
1087 942 1145 998 in
1181 938 1387 1010 palatio
1412 933 1781 993 contrucidat.
1807 931 1990 990 Theo-

395 1049 531 1101 dera
570 1051 632 1098 ut
673 1038 918 1101 rescivit.
972 1049 1089 1091 rem
1131 1028 1524 1087 molestissime
1566 1025 1718 1086 tulit.
1777 1021 1989 1094 magnis

394 1136 728 1195 clamoribus
759 1131 1028 1187 adversus
1058 1128 1449 1197 imperatorem
1489 1135 1556 1175 ac
1598 1118 1845 1188 reliquos
1880 1129 1988 1169 cz-

398 1233 483 1285 dis
514 1237 773 1284 auctores
809 1224 1211 1293 improperans.
1245 1214 1353 1272 Sed
1386 1222 1443 1269 et
1470 1211 1739 1283 asperiori
1771 1217 1991 1263 conter-

401 1324 504 1379 rita
566 1336 723 1385 voce,
768 1316 995 1389 lugubri
1050 1311 1245 1367 habitu
1300 1317 1569 1381 gestuque
1630 1302 1855 1359 thalami
1901 1316 1992 1356 se-

401 1426 549 1471 creta
581 1411 803 1468 tenebat
839 1428 852 1463 :
892 1405 1121 1479 quidam
1154 1401 1301 1458 enim
1343 1416 1413 1457 ex
1450 1398 1740 1469 Melissuna
1786 1394 1990 1451 familia

391 1515 672 1577 expruetor
744 1502 967 1555 domum
1037 1492 1467 1556 revertendum,
1526 1487 1675 1559 quod
1747 1501 1814 1542 ea
1872 1484 1992 1540 dies

400 1611 787 1670 percussorum
819 1601 959 1653 erat,
1002 1589 1294 1643 indixerat.
1330 1582 1583 1652 Cumque
1608 1577 1839 1635 Michael
1869 1590 1989 1631 mo-

2091 372 2302 434 πόλεως
2334 369 2411 423 ὢν
2436 364 2803 437 συνεφιλιὼοη
2834 360 3097 433 Δαμιανῷ
3143 360 3418 431 πατρικίῳ
3441 359 3533 412 καὶ
3561 375 3669 411 πα-

2088 461 2514 535 ρακοιμωμένῳ,
2538 458 2595 522 ὃς
2625 459 2718 511 τὸν
2749 454 2977 526 βασιλέα
3010 455 3291 524 κρατήσας
3313 452 3528 505 ἔπεισεν
3553 452 3671 503 είσο

2094 554 2271 608 ελθεῖν
2324 554 2385 607 ὲν
2410 555 2476 623 τῇ
2509 549 2660 604 πόλει
2697 551 2790 603 τὸν
2817 546 3030 618 nepam
3072 545 3167 598 καὶ
3208 546 3288 607 εἰς
3318 544 3380 596 τὸ
3411 540 3678 596 παλάτιον

2090 650 2374 722 ἔρχεσθαι.
2407 646 2852 716 Οίκειωσάμενος
2878 643 2937 698 δὲ
2992 643 3088 697 καὶ
3122 642 3215 694 τδν
3271 639 3675 711 πρωτοσπαθά-

2091 762 2205 815 ριον
2234 742 2518 812 Θεοφάνην
2555 741 2647 793 τὸν
2677 738 2965 806 Φαλγάνην
2997 736 3090 789 καὶ
3113 733 3308 797 ἄλλους
3366 732 3518 796 τινὰς
3542 735 3676 784 ἀπο-

2089 838 2290 894 κτείνει
2342 838 2434 891 τδν
2468 837 2795 891 Θεὸκτιστον
2843 836 2904 887 ιν
2935 829 3013 902 τῷ
3059 830 3344 902 παλατίῳ,
3399 828 3538 899 μετὰ
3583 828 3677 882 καὶ

2089 934 2187 1005 τῆς
2219 932 2311 987 τοῦ
2343 929 2610 1002 βασιλέως
2647 927 3030 998 συνειδήσεως.
3055 924 3227 978 Τοῦτο
3253 923 3499 994 μαθοῦσα
3545 921 3677 976 Θεο-

2088 1026 2242 1097 δὼρα
2263 1023 2617 1096 ἠγανάκτησε
2652 1021 2795 1076 κατὰ
2825 1020 2920 1073 τοῦ
2942 1016 3208 1090 βασιλέως
3238 1016 3333 1069 καὶ
3363 1016 3474 1069 τῶν
3503 1014 3680 1071 ἄλλων

2087 1114 2138 1171 οἶ
2169 1115 2262 1170 τὸν
2299 1113 2463 1184 φόνον
2516 1110 2955 1182 κατειργάσαντο
2989 1148 3005 1173 ,
3045 1105 3444 1176 καταϐοωμὲνη
3474 1104 3676 1159 αὐτῶν.

2106 1206 2267 1263 Ἀλλὰ
2292 1207 2393 1259 καὶ
2420 1206 2573 1275 φωνῇ
2637 1203 2845 1273 βριαρᾷ
2887 1198 3332 1268 καταπτοηθεῖσα
3390 1197 3681 1270 omnes;

2091 1296 2502 1369 θαλαμεύεται·
2534 1296 2645 1350 τῶν
2677 1294 3116 1367 ἀποστρατήγων
3168 1290 3276 1363 γάρ
3317 1308 3424 1354 τις,
3472 1291 3537 1344 ἐκ
3565 1290 3680 1345 Με-

2092 1390 2365 1460 λισσηνῶν
2420 1389 2680 1459 κατάγων
2731 1389 2793 1441 τὸ
2843 1387 3035 1456 γένος⁹
3103 1386 3244 1455 αὐτῇ
3293 1382 3681 1454 ἀπεφθέγξατο

2096 1483 2491 1555 παλινδρομεῖν
2522 1482 2707 1535 οἴκαδε
2734 1520 2749 1545 ,
2782 1482 2883 1551 τὴν
2910 1478 3166 1545 τοιαύτην
3190 1476 3409 1547 ἡμέραν
3454 1474 3677 1544 κρουόν-

2097 1593 2205 1629 των
2240 1574 2559 1628 ἀποκαλῶν.
2592 1572 2702 1627 Τοῦ
2736 1572 2793 1625 δὲ
2822 1570 3040 1643 Μιχαὴλ
3068 1570 3231 1623 παντὶ
3262 1568 3451 1639 τρόπῳ
3497 1583 3677 1638 μηχα-

402 1659 489 1745 ίιὶε
540 1686 799 1743 omnibus
862 1681 1055 1737 matris
1111 1677 1358 1733 animum
1417 1673 1653 1730 delinire
1710 1671 1990 1725 studereti

2100 1667 2345 1738 νωμινου
2375 1667 2476 1737 τὴν
2505 1664 2721 1736 μητέρα
2758 1664 3171 1727 ὶξιλεώσασθαι,
3209 1661 3348 1733 αὐτὴ
3395 1659 3678 1731 ἀπαρηγό-

401 1781 611 1836 nullam
633 1778 800 1850 653
831 1775 923 1830 illa
948 1770 1382 1828 consolationem
1407 1763 1752 1820 admittebat.
1784 1761 1991 1829 Quam-

401 1872 597 1925 obrem
688 1863 919 1921 mutatis
1000 1863 1325 1932 imperator,
1385 1858 1465 1911 uti
1515 1856 1699 1910 animo
1753 1850 1816 1909 ac
1868 1867 1993 1909 sen-

401 1962 605 2020 tentia.
662 1959 735 2013 ita
791 1958 958 2012 etiam
1010 1967 1243 2024 persona
1298 1956 1570 2020 gestuque
1613 1956 1671 2002 et
1717 1955 1863 2010 actu,
1911 1952 1994 2000 tot

403 2070 523 2107 eain
579 2050 826 2121 quaesitis
883 2046 1166 2102 coloribus
1224 2043 1513 2111 modisque
1566 2039 1815 2094 molestia
1872 2036 1990 2092 am-

402 2157 530 2198 cere
590 2139 897 2202 nitebatur,
957 2147 1096 2208 quot
1159 2144 1289 2190 ante
1356 2129 1749 2188 blandimentis
1807 2130 1991 2185 colere

403 2247 567 2305 atque
644 2232 889 2289 mulcere
958 2227 1272 2284 simulabat.
1346 2226 1423 2280 Ac
1484 2223 1708 2295 quidem
1769 2238 1993 2279 sorores

404 2327 688 2389 Tlieelam,
714 2322 1061 2379 Anasuisiam
1108 2329 1167 2375 et
1212 2319 1426 2374 Annam
1472 2315 1539 2372 ad
1583 2314 1804 2371 Cariani
1844 2312 1992 2371 aedes

401 2416 683 2480 amandat,
725 2414 1076 2473 Pulcheriam
1116 2425 1272 2477 vero,
1299 2417 1363 2465 ut
1389 2409 1554 2464 matri
1580 2408 1987 2473 charissimam,

402 2513 470 2566 ad
511 2510 857 2567 Gastriorum
886 2506 1279 2563 monasterium
1316 2503 1544 2573 relegat.
1589 2501 1840 2571 Tumque
1869 2514 1987 2555 om-

402 2618 502 2657 nes
559 2602 709 2657 brevi
762 2609 889 2669 post
932 2614 1133 2668 cogens
1170 2597 1225 2652 in
1265 2595 1610 2654 Gastriorum
1656 2592 1992 2648 monasterio

404 2692 901 2751 sanctimonialium
957 2695 1067 2747 ritu
1131 2706 1195 2747 ac
1250 2690 1403 2745 cultu
1461 2687 1631 2743 vitam
1682 2701 1847 2757 agere
1904 2685 1994 2755 ju-

404 2787 520 2844 bet.
569 2787 689 2854 Quo
736 2796 986 2856 tempore
1022 2783 1171 2839 omni
1213 2792 1407 2837 senatu
1441 2782 1830 2850 imperatorem
1864 2790 1993 2831 con-

404 2881 700 2947 salutante,
731 2881 882 2936 solus
910 2878 1027 2948 ipse
1054 2893 1240 2932 rerum
1269 2876 1501 2945 potitur.
1548 2874 1722 2929 Porro
1754 2871 1991 2927 Bardam

403 2977 727 3044 magistrum
798 2972 1029 3042 przeticit
1092 2980 1150 3025 et
1216 2968 1530 3024 scholarum
1602 2964 1988 3020 domesticum.
2018 3006 2063 3064 ο

402 3061 631 3117 Matrem
683 3077 773 3117 res
816 3062 1045 3115 moleste
1089 3058 1329 3113 habebat
1374 3064 1436 3110 ut
1483 3056 1540 3110 in
1596 3054 1850 3110 ordinem
1900 3070 1989 3108 re-

402 3153 671 3208 dactam:
730 3152 826 3206 sed
882 3160 937 3204 et
987 3150 1058 3205 ob
1114 3149 1376 3220 injustam
1426 3145 1735 3201 Theoetisti
1798 3160 1991 3200 necem

405 3243 753 3315 implacabile
809 3242 952 3295 inter
1012 3241 1136 3295 illos
1186 3240 1374 3295 odium
1430 3246 1567 3293 erat.
1632 3237 1823 3306 Itaque
1872 3252 1992 3291 eam

402 3350 628 3407 quoque
672 3333 797 3388 aula
849 3340 1184 3387 summotam
1226 3329 1484 3383 amandat
1534 3328 1603 3384 ad
1644 3326 1880 3383 Gastria.
1918 3327 1992 3381 lbi

402 3428 660 3486 muneris
689 3425 745 3481 vi
764 3424 1026 3495 absorpto
1050 3422 1282 3477 rationis
1311 3420 1541 3492 judicio,
1564 3435 1807 3497 saneque
1830 3435 1993 3473 sensu

404 3536 519 3590 pra:
567 3528 798 3588 stupore
850 3514 1096 3585 deiecta,
1156 3529 1270 3568 rem
1334 3512 1682 3568 machinatur
1729 3511 1997 3565 adversus

403 3609 638 3666 Bardam
686 3623 794 3663 non
845 3605 981 3662 satis
1023 3621 1088 3658 ex
1136 3604 1404 3673 dignitate
1451 3613 1546 3659 aut
1603 3602 1688 3657 sui
1742 3602 1993 3669 ratione,

403 3704 624 3758 adiecto
683 3716 809 3755 eum
857 3698 981 3753 aliis
1026 3696 1283 3767 pluribus
1323 3697 1491 3751 etiam
1553 3695 1646 3763 qui
1694 3702 1997 3765 protostra—

408 3792 547 3848 toris
587 3807 791 3847 munus
845 3789 1069 3853 obibat,
1125 3802 1323 3858 nempe
1382 3788 1691 3843 necandum
1762 3786 1993 3841 Bardam

405 3901 474 3940 ex
518 3884 837 3939 suburbano
878 3897 980 3937 suo
1016 3887 1410 3943 revertentem,
1454 3877 1602 3950 quod
1642 3877 1994 3934 Cosmedium

407 3988 627 4034 vocant.
666 3974 890 4031 Detecta
942 3981 1070 4029 ante
1120 3988 1260 4042 opus
1301 3972 1708 4043 coniuratione,
1768 3970 1823 4024 in
1876 3970 1992 4041 ipsa

407 4071 694 4140 conjurata
738 4068 918 4137 capita
970 4065 1173 4119 malum
1216 4079 1435 4118 versum
1489 4071 1618 4118 est:
1660 4061 1992 4134 deprehensi

408 4161 557 4216 enim
594 4160 839 4229 tantique
875 4158 940 4211 ad
972 4157 1118 4213 Circi
1159 4155 1382 4212 fundam
1424 4155 1606 4225 capite
1654 4154 1800 4224 plexi
1840 4162 1991 4210 sunt.

408 4252 647 4309 Basilius
679 4250 945 4306 defuncti-
970 4250 1091 4306 loco
1133 4248 1549 4320 protostratoris
1594 4246 1859 4319 dignitate
1902 4263 1994 4303 au-

2098 1773 2259 1830 ρητος
2320 1756 2575 1829 ἔμεινεν
2628 1758 2757 1811 ὅθεν
2806 1757 2903 1809 καὶ
2958 1753 3282 1825 μεταϐαλὼν
3334 1752 3669 1823 ἀβασιλεὺς

2093 1852 2284 1919 ὥσπερ
2307 1850 2404 1922 τὴν
2439 1850 2619 1921 ψυχήν
2647 1851 2741 1902 καὶ
2777 1848 2874 1918 τήν
2899 1848 3146 1919 γνώμην,
3177 1848 3321 1901 οὕτω
3356 1846 3421 1917 δὴ
3469 1847 3563 1899 καὶ
3612 1848 3677 1901 τὸ

2096 1945 2284 2015 σχῆμα
2311 1946 2406 1998 καὶ
2431 1946 2529 2014 τὴν
2561 1944 2864 2014 ἐνέργειαν,
2896 1942 3175 2004 τοσούτοις
3221 1940 3537 2011 προσώποις
3578 1940 3677 1993 αύ-

2093 2040 2192 2109 τὴν
2209 2040 2400 2091 λυπεῖν
2432 2040 2801 2109 κατηπείγετο
2817 2038 2963 2103 ὅσοις
2994 2038 3096 2110 πρὸ
3123 2036 3314 2091 τούτου
3351 2036 3678 2108 θεραπεύειν

2093 2132 2509 2202 ἑσχηματίζετο.
2544 2132 2654 2185 Καὶ
2690 2132 2789 2194 τὰς
2830 2131 2930 2201 μὲν
2965 2131 3200 2198 ἀδελφὰς
3246 2131 3410 2183 αὑτοῦ
3443 2128 3677 2198 suam,

2108 2224 2465 2277 Ἀνασταοίαν
2494 2223 2591 2277 καὶ
2632 2226 2834 2277 ’Ἅνναν
2867 2226 2948 2285 εἰς
2981 2224 3051 2276 τὰ
3084 2222 3358 2293 Καριανοῦ
3421 2222 3673 2293 μεθιστᾷ,

2094 2317 2430 2387 Πουλχερίαν
2457 2317 2514 2371 δὲ
2542 2318 2618 2379 ὡς
2648 2318 3019 2388 ἠγαπημένην
3046 2320 3111 2389 τῇ
3146 2317 3315 2387 μητρὶ
3339 2319 3398 2369 ἐν
3434 2319 3503 2387 τῇ
3538 2318 3673 2386 μονῇ

2092 2409 2200 2463 τῶν
2224 2410 2527 2481 Γαστρίων.
2564 2406 2700 2464 Εἶτα
2760 2412 2879 2480 μετ’
2909 2410 3089 2477 ὀλίγον
3112 2410 3207 2463 καὶ
3235 2409 3410 2472 πάσας
3465 2408 3674 2469 ἐνώσας

2093 2502 2151 2551 ὲν
2189 2503 2257 2571 τῇ
2304 2506 2439 2573 μονῇ
2479 2502 2588 2554 τῶν
2624 2500 2905 2574 Γαστρῖων
2943 2501 3263 2572 ἀπέκειρεν.
3300 2500 3431 2553 Τότε
3470 2502 3534 2572 δὴ
3581 2499 3675 2555 καὶ

2094 2591 2201 2670 ὑπο
2229 2593 2329 2661 τῆς
2360 2592 2667 2665 συγκλήτου
2726 2595 2907 2664 πάσης
2950 2594 3344 2664 ἀναγορεύεται
3369 2594 3465 2647 καὶ
3516 2594 3675 2647 αὐτοι

2093 2688 2387 2756 κρατορεῑ,
2425 2688 2518 2738 καὶ
2556 2688 2649 2740 τὸν
2704 2687 2917 2754 Bipont:
2975 2688 3339 2758 προὸἀλλεται
3370 2690 3676 2761 μάγιστρον

2093 2779 2186 2829 καὶ
2221 2775 2538 2845 δομέστικον
2571 2778 2684 2830 τῶν
2744 2778 2972 2848 σχολῶν.
3019 2778 3137 2847 Ἐφ’
3164 2775 3246 2842 οἷς
3276 2782 3309 2849 ή
3351 2782 3533 2851 μήτηρ
3574 2781 3675 2835 αὖ·

2093 2869 2188 2922 τοῦ
2211 2871 2521 2941 λυπουμένη
2544 2870 3068 2943 ὠ;.δ;ατασσο;ιένη,
3110 2874 3245 2928 ἀλλὰ
3282 2875 3388 2945 μὴν
3429 2875 3523 2929 καὶ
3573 2876 3661 2929 διὰ

2094 2962 2191 3032 τὴν
2213 2962 2395 3015 ἄδικον
2433 2964 2650 3032 σφαγὴν
2681 2964 3004 3017 Θεοκτίστου
3026 3007 3038 3027 ,
3076 2967 3246 3037 ἔχθρα
3274 2962 3344 3038 ἦν
3398 2968 3673 3039 ἁναμέσον

2095 3056 2275 3109 αὐτῶν
2306 3055 2588 3118 ἄσπονδος.
2647 3059 2891 3125 Κατὰγει
2937 3058 3117 3111 τοίνυν
3149 3060 3242 3111 καὶ
3293 3060 3461 3131 αὐτὴν
3484 3063 3562 3125 είς
3605 3064 3674 3115 τὰ

2096 3150 2336 3220 Γαστρεα
2366 3166 2379 3179 ο
2411 3152 2532 3221 ἣτις
2558 3154 2621 3221 τῇ
2654 3150 2861 3223 ἀθυμίᾳ
2886 3152 3391 3208 καταδαπτισθείσα
3412 3156 3505 3209 τὸν
3526 3155 3669 3217 νοῦν,

2098 3243 2196 3295 καὶ
2239 3244 2329 3295 ὑπ’
2375 3243 2696 3311 ἐκπλήξεως
2753 3246 3109 3317 ἀφαιρεθεῖσα
3173 3248 3267 3298 καὶ
3308 3248 3371 3300 τὸ
3416 3251 3671 3319 φρονεῖν,

2093 3335 2319 3401 ἀναξίαν
2374 3336 2538 3406 ἑαυτῇ
2600 3338 2924 3402 συσκευάζει
2984 3340 3123 3392 κατὰ
3192 3339 3374 3408 Βάρδα
3447 3340 3670 3412 βουλὴν,

2097 3426 2324 3498 ἑλομένη
2406 3430 2660 3483 κοινωνὸν
2732 3428 2829 3482 σὺν
2900 3430 3081 3491 ἄλλοις
3159 3432 3370 3493 πολλοῖς
3428 3434 3522 3484 καὶ
3578 3431 3672 3485 τὸν

2096 3520 2189 3572 τοῦ
2223 3520 2488 3589 βασιλέως
2542 3522 3024 3594 πρωτοστράτορα,
3051 3525 3199 3588 ὅπως
3234 3524 3670 3595 ὑποστρέφοντος

2094 3611 2188 3664 τοῦ
2216 3612 2398 3683 Βάρδα
2432 3612 2543 3668 ἀπὸ
2564 3613 2657 3666 τοῦ
2690 3616 3017 3685 προαστείου
3048 3617 3213 3672 αὖτοῦ
3240 3618 3335 3671 τοῦ
3362 3620 3673 3689 Κοσμηδίου

2095 3706 2482 3775 ἁναιρήσουσιν
2510 3709 2692 3761 αὐτόν.
2734 3709 2846 3777 Τῆς
2883 3708 2939 3762 δὲ
2974 3712 3207 3780 μελέτης
3240 3712 3347 3784 πρὸ
3378 3714 3472 3767 τοῦ
3509 3713 3671 3785 ἔργου

2096 3796 2525 3869 φανερωθείσης,
2556 3798 2679 3851 κατ’
2709 3800 2888 3853 αὐτῶν
2926 3802 3149 3855 ἐκείνων
3192 3804 3303 3856 τῶν
3333 3805 3669 3875 μελετησάνο

2094 3906 2203 3941 των
2233 3887 2294 3941 τὸ
2328 3890 2495 3943 κακον
2535 3891 2797 3961 ἐξηνέχθη
2829 3907 2842 3921 ’
2872 3893 3217 3963 φωραθέντες
3236 3896 3345 3966 γὰρ
3378 3898 3471 3949 καλ
3506 3914 3675 3952 κατα-

2097 3980 2381 4051 σχεθέντες
2416 3983 2475 4035 ὲν
2503 3986 2570 4053 τῇ
2613 3983 2878 4056 Σφενδόνῃ
2913 3986 3011 4049 τὰς
3063 3987 3306 4054 κεφαλὰς
3345 3988 3669 4060 ἀπετμήθη-

2097 4087 2215 4123 σαν.
2242 4069 2325 4142 [Ρ.
2357 4070 2489 4143 456]
2524 4072 2633 4126 Καὶ
2670 4070 3033 4141 προϐάλλεται
3074 4073 3166 4127 τὸν
3195 4072 3472 4128 Βασίλειον
3499 4078 3527 4127 ὁ
3562 4076 3671 4129 Μι-

2095 4157 2235 4231 χαὴλ
2299 4159 2424 4218 ἀντὶ
2487 4159 2582 4213 τοῦ
2669 4160 3097 4233 τελευτήσαντος
3161 4166 3667 4236 πρωτοστράτορος,

2093 4252 2298 4317 ὁμοίως
2361 4253 2456 4306 καὶ
2500 4252 2717 4324 Βάρδαν
2765 4252 2856 4306 τὸν
2904 4252 3051 4308 θεῖον
3105 4255 3271 4309 αὐτοῦ
3332 4257 3672 4327 κουροπαλὰ-

408 4354 571 4416 getur
598 4361 614 4411 ;
650 4344 907 4401 similiter
938 4359 1159 4415 quoque
1186 4342 1387 4399 Bardas
1418 4357 1449 4396 a
1476 4350 1678 4413 nepote
1710 4341 1967 4413 europala
2014 4371 2068 4432 Ι)
2092 4361 2211 4415 την.

412 4443 493 4488 tes
524 4432 842 4503 praeﬁcitur.

468 4524 645 4597 659
685 4525 766 4579 14.
788 4525 1007 4597 Imperii
1041 4525 1321 4582 Michaelis
1342 4541 1488 4581 anno
1520 4524 1762 4582 secundo
1784 4541 1990 4581 cruen-

402 4627 501 4673 tus
533 4618 677 4673 cinis
699 4632 729 4671 e
755 4620 895 4674 coelo
931 4618 1087 4689 copia
1137 4618 1361 4684 decidit,
1394 4618 1661 4688 multique
1702 4617 1991 4689 sanguinis

413 4719 585 4765 instar
616 4710 771 4766 rubri
804 4710 1010 4766 coloris
1033 4709 1249 4780 lapides
1275 4710 1507 4767 inventi.
1534 4711 1706 4767 Porro
1731 4711 1986 4779 Michael,

409 4804 542 4858 dum
594 4801 660 4857 ad
687 4817 847 4857 omne
898 4801 1081 4857 scelus
1126 4818 1191 4857 ac
1222 4803 1496 4858 luxuriam
1538 4804 1684 4857 laxat
1716 4794 1981 4868 habdnas,

410 4894 670 4965 pecunias
702 4896 757 4949 in
790 4894 993 4965 palatio
1042 4896 1317 4963 repositas
1345 4894 1485 4949 male
1540 4894 1825 4965 dilapidat,
1857 4910 1983 4950 eum

409 4985 557 5040 mille
583 4986 880 5056 nonaginta
898 4984 1017 5038 auri
1039 4986 1352 5042 eentenaria
1375 4985 1706 5041 excederent
1730 4996 1985 5057 essetque

409 5076 619 5149 argenti
656 5077 924 5131 immensa
947 5077 1049 5144 vis,
1076 5092 1198 5147 quae
1217 5079 1359 5150 ejus
1386 5087 1561 5135 mater
1586 5079 1640 5133 in
1668 5080 1865 5135 aerario
1894 5097 1983 5135 as-

411 5169 688 5224 servabat.
721 5169 1057 5241 Aurigarum
1100 5170 1307 5241 quippe
1351 5171 1645 5226 liberosex
1674 5186 1831 5227 sacro
1886 5171 1980 5227 ba-

408 5261 665 5330 ptismate
698 5260 752 5316 in
788 5262 930 5318 lilios
959 5261 1249 5332 adoptans.
1294 5264 1531 5337 singulis
1559 5280 1817 5320 nummos
1850 5279 1982 5318 cen-

410 5365 521 5408 tum
553 5360 644 5407 aut
664 5352 950 5410 minimum
978 5354 1375 5427 quinquaginta
1425 5353 1617 5411 dabat.
1642 5354 1982 5426 Quandoque

404 5443 571 5499 etiam
600 5443 690 5499 uni
743 5436 1129 5516 patriciorum,
1172 5446 1373 5502 lmerio
1418 5448 1664 5516 nomine,
1688 5448 1756 5503 ab
1779 5447 1983 5520 agresti

407 5535 591 5591 vultus
625 5536 808 5606 specie
842 5536 1041 5593 Choaro
1070 5549 1389 5609 nuncnpato
1434 5540 1519 5612 (ac
1558 5539 1603 5593 si
1637 5554 1864 5609 porcum
1896 5537 1982 5593 di-

407 5630 541 5700 cas),
570 5647 693 5685 cum
729 5631 783 5685 in
813 5648 999 5688 mensa
1041 5634 1223 5705 turpia
1256 5634 1500 5704 qumdam
1536 5633 1880 5706 ohganniens
1914 5632 1981 5690 ad

2163 4525 2246 4582 ιδ’.
2277 4526 2366 4595 Τῷ
2399 4522 2444 4596 β’
2482 4524 2675 4579 τούτου
2703 4525 2815 4579 ἔτει
2850 4526 3013 4578 ἔπεσε
3044 4526 3193 4589 κόνις
3219 4527 3285 4580 ἐκ
3306 4526 3402 4579 τοῦ
3439 4526 3669 4598 ούρανοῦ

2089 4620 2306 4692 πλήρης
2333 4618 2675 4690 αἱματώδης,
2706 4621 2799 4672 καὶ
2833 4618 3017 4681 λίθους
3041 4616 3299 4690 εὕρισκον
3323 4619 3512 4674 πολλοὶ
3536 4625 3662 4691 ἐρυ-

2090 4713 2250 4785 θροῦς
2279 4712 2355 4777 ὡς
2397 4708 2556 4782 αἷμα.
2589 4710 2842 4775 Ἐπίδους
2871 4712 3064 4765 ἑαυτὸν
3100 4714 3177 4775 είς
3203 4713 3382 4766 πᾶσαν
3412 4716 3609 4768 κακίαν
3642 4717 3671 4770 6

2087 4808 2329 4879 Μιχαὴλ,
2346 4806 2415 4859 τὰ
2436 4805 2586 4876 ὲντῷ
2604 4806 2851 4877 παλατίῳ
2869 4808 3125 4876 χρήματα
3145 4804 3329 4869 κακῶς
3341 4807 3666 4875 ἀναλίσκων,

2089 4899 2229 4969 ὑπὲρ
2261 4898 2370 4949 τῶν
2399 4897 2588 4966 χιλίων
2616 4898 2945 4969 ἐνενήκοντα
2974 4898 3347 4970 κεντηναρίων
3374 4901 3504 4955 ὄντα
3536 4919 3666 4971 χρυ·

2089 4989 2227 5053 σίου,
2256 4988 2496 5059 ἄργυρος
2526 4986 2583 5040 δὲ
2614 4987 2814 5057 πλῆθος
2836 4987 3228 5059 ἀναρίθμητος,
3260 4990 3405 5057 ἅπερ
3423 4991 3457 5059 ή
3485 4991 3667 5061 μήτηρ

2084 5078 2253 5135 αὑτοῦ
2283 5079 2607 5149 ἐφυλάξατο.
2639 5080 2745 5133 Καὶ
2772 5080 2898 5141 τοὺς
2921 5081 3029 5133 τῶν
3066 5081 3297 5151 ήνιὸχων
3327 5082 3521 5144 παῖδας
3558 5082 3666 5133 ἀπὸ

2083 5171 2179 5222 τοῦ
2214 5170 2370 5239 ἁγίου
2402 5169 2778 5240 βαπτίσματος
2820 5170 3277 5242 υξοθετησάμενος
3310 5172 3529 5242 ἑκάστῳ
3553 5170 3667 5223 ἐδί-

2082 5258 2172 5313 δου
2203 5259 2513 5335 νομίσματα
2548 5268 2591 5332 ρ’
2625 5262 2747 5333 ήτὸ
2801 5262 3083 5333 ἐλάχιστον
3116 5262 3182 5317 ν’.
3224 5263 3335 5317 Καί
3383 5264 3489 5318 τινί
3533 5279 3666 5317 ποτε

2087 5355 2363 5425 πατρικίιρ
2389 5356 2407 5425 (
2440 5354 2670 5426 Ἱμέριος
2692 5346 2851 5418 οὗτος
2878 5356 3126 5411 ἐκαλεῖτο
3150 5358 3178 5409 ὁ
3208 5356 3424 5426 Χοῖρος,
3458 5356 3545 5413 διὰ
3565 5356 3665 5428 τὴν

2082 5447 2176 5501 τοῦ
2218 5448 2510 5526 προσώπου
2556 5449 2859 5522 ἀγριότητα
2900 5449 3073 5513 οὕτως
3119 5449 3660 5525 κατονομαζόμεηος)

2081 5539 2257 5605 ἄλλως
2281 5541 2726 5610 αἱσχρολογοῦντι
2755 5542 2896 5596 κατὰ
2919 5541 3016 5613 τήν
3040 5541 3320 5614 τράπεζαν
3351 5544 3447 5597 καὶ
3490 5528 3662 5615 ψόφον

2082 5635 2146 5687 ἐκ
2175 5632 2275 5703 τῆς
2306 5632 2536 5704 βείήλου
2583 5633 2749 5689 αὑτοῦ
2794 5634 3028 5706 γαστρὸς
3058 5632 3198 5687 κατὰ
3230 5634 3520 5705 πρόσωπον
3546 5632 3657 5688 .τοῦ
