4140 6042
310 249 413 310 72')

1570 247 1953 309 SYMEONIS
1986 247 2368 310 MAGISTRI

3480 237 3596 299 79.4»

308 359 449 412 cuia:
487 356 633 411 illius
669 371 843 426 penus
873 365 1050 418 erant,
1080 371 1189 411 una
1229 372 1355 411 cum
1377 355 1466 411 illa
1501 357 1732 426 epulans
1763 372 1900 410 con-

2013 358 2195 410 στιᾶτο
2221 354 2396 425 ταύτῃ
2425 354 2516 408 καὶ
2548 352 2909 418 συνεδείπνει,
2941 350 3200 406 κάκεῖθεν
3227 350 3397 427 βάδην
3426 350 3584 413 αὖθις

307 449 561 504 cenabat.
599 449 842 520 Indeque
881 465 1074 506 rursus
1100 449 1247 506 lento
1282 449 1422 520 pede
1455 450 1512 504 in
1544 450 1805 520 palatium
1836 465 1894 504 se

306 541 580 610 recipiens
609 539 743 595 ibat.

385 632 470 688 18.
526 631 685 699 Quod
737 633 1022 688 enimvero
1073 644 1233 704 longe
1277 632 1547 698 deterius,
1600 631 1734 685 illud
1791 638 1896 685 est.

311 727 642 784 Sodalitium
675 725 953 795 quoddam
991 724 1358 782 convehebat.
1383 725 1637 794 .Satyrici
1672 725 1896 794 quidam

309 831 588 888 ganeones
617 827 852 872 erantet
890 818 956 870 ad
997 831 1217 872 omnem
1249 818 1646 886 turpitudinem
1678 831 1742 871 ac
1771 815 1902 874 libi-

311 908 498 966 dinem
527 908 688 965 eﬂ‘usi
719 927 734 977 ;
761 926 900 979 quos
932 909 1022 964 ille
1037 909 1224 964 colens
1242 923 1308 964 ac
1327 908 1537 964 habens
1557 906 1902 964 venerationi

313 1002 632 1057 divinorum
683 1002 898 1071 perdite
949 1009 1300 1067 contemptor
1336 1008 1476 1056 erat.
1525 999 1903 1054 Sacerdotales

313 1108 451 1148 auro
489 1101 776 1147 contextae
820 1102 1002 1144 vestes
1030 1091 1307 1160 stolasque
1345 1105 1412 1144 ex
1444 1089 1767 1160 pontiﬁcum
1797 1103 1902 1142 usu

313 1186 398 1241 eis
443 1184 762 1247 adhibebat,
796 1194 1093 1253 sanctaque
1138 1182 1428 1238 inhoneste
1466 1192 1632 1252 atque
1673 1183 1903 1252 profane

311 1277 471 1333 obire
493 1276 744 1348 cogehat.
769 1278 976 1332 Horum
1002 1277 1308 1348 principem
1344 1276 1710 1346 patriarcham
1742 1290 1906 1330 voca-

312 1373 432 1441 bat,
463 1374 708 1443 Gryllum
738 1372 982 1435 nomine,
1029 1371 1274 1440 reliquos
1314 1369 1572 1425 undecim
1600 1370 1906 1439 praecipua-

313 1484 440 1523 rum
486 1483 549 1522 ac
592 1467 902 1534 illustrium,
944 1464 1159 1521 sedium
1213 1463 1593 1533 metropolitas
1630 1478 1644 1527 ;
1702 1462 1906 1531 quibus

317 1559 376 1615 ni
406 1569 463 1616 et
486 1560 602 1630 ipse
621 1558 810 1614 socius
825 1558 1082 1612 accedere
1097 1566 1133 1621 t,
1153 1570 1222 1611 ne
1245 1556 1420 1625 ipsam
1448 1553 1672 1623 quidem
1689 1551 1906 1623 imperii

282 1677 284 1679 ν
315 1668 501 1709 arcem
534 1667 649 1707 rem
673 1651 774 1706 sibi
797 1649 1160 1720 expetendam
1177 1645 1648 1703 ducebat.Prima:
1666 1658 1903 1714 namque

2003 449 2172 520 ἀπῄει
2205 448 2341 517 πρὸς
2370 447 2438 500 τά
2461 446 2760 513 ἀνάκτορα.

2076 624 2167 699 ιη’.
2205 626 2316 680 Καὶ
2338 625 2398 678 τὸ
2427 625 2491 695 δὴ
2542 623 2948 696 χαλεπώτερον,
3011 622 3046 692 ἠ
3077 620 3187 675 τῶν
3217 611 3294 676 ὧν
3323 615 3438 691 εἶχε
3474 617 3593 686 μεθ’

2002 720 2200 775 ἑαυτοῦ
2236 723 2466 790 φατρία,
2500 720 2751 790 σατύριοί
2779 734 2926 781 τινες
2953 712 3103 772 οὗτοι
3129 717 3224 772 καὶ
3244 714 3382 787 πρὸς
3411 715 3592 768 πᾶσαν

2003 814 2399 885 αἰσχρουργίαν
2425 813 2740 875 ἀκόλαστοι,
2771 810 2867 876 οὓς
2895 813 3102 874 ἐκεῖνος
3125 809 3214 863 διὰ
3245 808 3416 878 τιμῆς
3441 806 3591 874 ἄγων

2004 907 2101 961 καὶ
2151 905 2336 970 αἰδοῦς
2384 905 2494 958 τῶν
2541 904 2707 959 θείων
2755 901 3172 972 κατωλιγὼρεν
3235 899 3515 972 ἱερατικὰς
3545 899 3591 930 ⁸⁸

2007 999 2202 1063 στολὰς
2249 999 2693 1072 χρυσοῦφάντους
2724 997 2964 1052 ἐπετίθει
2993 995 3092 1050 καὶ
3146 995 3453 1066 ὠμοφόρια,
3501 995 3595 1046 καὶ

2001 1093 2317 1166 ἠνάγκαζεν
2371 1092 2698 1163 ἀσχημόνως
2745 1107 2806 1145 τε
2860 1089 2954 1143 καὶ
3013 1088 3265 1155 ἀνάγνως
3321 1085 3496 1158 τελεῖν
3525 1085 3597 1138 τὰ

2006 1187 2170 1262 ἁγνά.
2207 1187 2702 1256 Καὶ-πατριάρχην
2736 1185 2827 1238 τὸν
2865 1184 3095 1253 ἔξαρχον
3127 1183 3335 1235 τούτων
3384 1177 3592 1240 ἐκάλει,

2008 1279 2245 1351 Γρύλλον
2276 1279 2635 1350 καλούμενον,
2667 1281 2796 1343 τοὺς
2824 1279 2881 1332 δὲ
2914 1278 3136 1339 λοιποὺς
3167 1274 3234 1329 ια’
3267 1271 3598 1345 μητροπολί-

2006 1389 2107 1435 τας
2137 1370 2247 1425 τῶν
2297 1372 2592 1442 ἐξαιρέτων
2621 1371 2830 1443 θρόνων
2860 1388 2919 1424 τε
2969 1371 3062 1425 καὶ
3091 1369 3380 1437 λαμπρῶν.
3421 1361 3516 1430 Οἷς
3549 1367 3598 1418 εί

2011 1465 2088 1535 μὴ
2119 1465 2214 1518 καὶ
2249 1465 2412 1527 αὐτὸς
2439 1465 2736 1528 ἐκοινώνει,
2789 1466 2910 1518 οὐδὲ
2942 1463 3248 1535 βασιλεύειν
3277 1464 3430 1533 ⁴ἠξίου
3453 1479 3466 1491 ο
3503 1463 3600 1514 καὶ

2009 1557 2117 1626 γὰρ
2141 1557 2518 1630 πρωτόθρονος
2547 1560 2577 1610 6
2621 1559 2933 1621 Κολωνείας
2965 1555 3064 1618 ὣν,
3122 1555 3426 1618 δωδέκατος
3467 1555 3509 1585 ⁸⁸
3541 1554 3598 1607 δέ

2010 1652 2175 1714 αὐτὸς
2199 1654 2227 1704 ε
2267 1650 2523 1720 βασιλεὺς
2555 1651 2797 1720 Μιχαὴλ.
2831 1651 2940 1703 Καὶ
2962 1649 3065 1712 τάς
3096 1648 3240 1719 ᾠδὰς
3266 1635 3601 1718 ἐξεπλήρουν

317 1743 468 1801 sedis
494 1745 788 1814 episcopus
819 1741 1167 1797 Coloniensis
1208 1738 1572 1794 duodecimus
1591 1738 1752 1809 662
1790 1736 1906 1806 ipse

2013 1742 2096 1796 διὰ
2126 1742 2403 1812 κιθαρῶνο
2443 1745 2540 1798 καὶ
2572 1744 2640 1797 τὰ
2675 1744 2774 1812 μὲν
2808 1743 3048 1812 μυστικά
3087 1739 3416 1812 μιμούμενοι
3449 1739 3602 1805 λιγυ-

315 1837 549 1894 Michael
580 1837 878 1905 imperator
906 1841 1064 1900 erat;
1102 1833 1449 1900 citharasque
1477 1829 1745 1900 pulsando
1775 1845 1906 1884 can-

318 1929 426 1983 tica
457 1927 750 1997 explebant
783 1943 798 1992 ;
827 1941 892 1979 ac
923 1925 1148 1994 quidem
1172 1939 1237 1979 ea
1260 1939 1380 1993 quae
1408 1931 1622 1978 secreto
1643 1921 1906 1976 dicuntur

317 2021 538 2082 imitati,
566 2019 798 2076 stridule
831 2019 1038 2073 sensim
1071 2019 1401 2073 insonabant
1433 2034 1447 2082 ;
1479 2016 1906 2071 exclamationes

317 2129 473 2178 vero,
519 2128 644 2183 quae
683 2112 897 2168 scilicet
931 2109 1114 2165 altiori
1157 2124 1223 2164 ac
1266 2108 1548 2163 modulata
1585 2120 1718 2160 voce
1763 2104 1908 2158 inter

317 2220 436 2262 rem
471 2219 684 2260 sacram
713 2204 1041 2269 efferuntur,
1070 2202 1247 2257 libero
1283 2201 1489 2268 impetu
1527 2215 1590 2253 ac
1619 2214 1754 2254 sono
1796 2195 1908 2250 cla-

319 2297 454 2354 riori
488 2297 819 2352 reddebant.
848 2296 986 2350 Vasa
1009 2309 1176 2350 aurea
1196 2293 1535 2363 gemmisque
1560 2291 1906 2345 interstincta

318 2390 616 2448 habebant.
669 2399 936 2457 acetoque
967 2396 1023 2440 et
1056 2387 1231 2454 sinapi
1267 2386 1545 2454 replentes
1583 2397 1680 2437 eos
1719 2381 1812 2453 qui
1847 2389 1908 2436 ut

319 2483 798 2540 Communicarent
827 2481 1074 2535 animum
1103 2478 1441 2536 adhibebant
1481 2479 1591 2532 illis
1625 2477 1910 2547 impertie-

318 2578 472 2636 bant.
517 2585 682 2645 atque
728 2576 782 2630 in
809 2589 936 2631 eum
975 2573 1201 2628 modum
1247 2571 1590 2627 intemeratis
1629 2569 1910 2641 mysteriis

320 2667 650 2724 illudebant.
696 2666 797 2721 Hic
844 2668 1028 2735 itaque
1059 2664 1279 2734 Gryllus
1318 2664 1463 2719 mula
1499 2663 1621 2718 alba
1658 2663 1910 2717 invectus

320 2762 577 2834 publicos
607 2774 898 2832 processus
919 2759 1236 2830 peragebat,
1267 2773 1446 2827 eoque
1472 2759 1709 2827 stipatus
1738 2757 1910 2813 choro

319 2853 760 2910 exsultabui.dus
801 2867 1082 2921 ovansque
1124 2849 1436 2905 incedebat.
1473 2847 1688 2903 Accidit
1723 2857 1909 2902 autem

322 2945 619 3017 aliquando
648 2953 708 3000 ut
735 2944 791 2998 in
822 2944 1044 2998 beatum
1073 2943 1366 3014 Ignatium.
1395 2941 1772 2998 ecclesiastico
1798 2942 1910 2995 ritu

2010 1841 2121 1914 ρῶς
2145 1842 2404 1911 ἐπήχουν,
2433 1837 2534 1900 τὰς
2560 1837 2616 1889 δέ
2641 1837 2980 1904 ἐκφωνήσεις
3004 1833 3180 1903 ἀνέτῳ
3203 1834 3344 1902 φορᾷ
3363 1832 3448 1904 [Ρ.
3473 1831 3600 1901 438]

2007 1934 2103 1986 καὶ
2132 1930 2460 2004 διαπρυσίῳ.
2508 1928 2686 1997 Σκεύη
2717 1929 2774 1981 δὲ
2803 1929 3075 1997 διάχρυσα
3113 1925 3209 1979 καὶ
3244 1923 3602 1995 μαργαριτῶν

2009 2026 2354 2096 συγκρὶμενα
2381 2024 2426 2056 ⁸³
2457 2019 2624 2092 εἶχον,
2644 2021 2801 2086 ὄξους
2815 2037 2874 2072 τε
2902 2019 2998 2072 xa't
3026 2017 3299 2079 σινάπεως
3327 2014 3601 2086 πληροῦν-

2006 2137 2100 2182 τες
2162 2113 2244 2179 οίς
2305 2114 2592 2168 ἐϐούλοντο
2661 2111 3104 2181 μεταλαμϐάνειν
3161 2110 3427 2174 ἐδίδοσαν,
3495 2109 3603 2160 τῶν

2009 2209 2295 2279 ἀχράντων
2315 2205 2461 2260 οὕτω
2490 2203 2924 2267 καταπαίζοντες
2956 2201 3294 2271 μυστηρίων.
3320 2191 3489 2260 Οὗτος
3511 2194 3605 2252 οἷν

2009 2301 2289 2372 όΓρύλλος
2320 2300 2416 2351 καὶ
2446 2297 2552 2366 ὄνῳ
2608 2299 2875 2365 ἐπωχεῖτο
2922 2293 3121 2364 λευκῇ,
3159 2294 3259 2356 τὰς
3309 2291 3604 2362 δημοσίους

2011 2395 2270 2464 προόδους
2299 2391 2492 2454 τελῶν,
2524 2391 2617 2443 καὶ
2645 2392 2738 2442 τὸν
2757 2389 2999 2441 τοιοῦτον
3026 2387 3210 2441 θίασον
3241 2386 3605 2452 συνεπόμενον

2011 2488 2149 2558 ἔχων
2181 2486 2466 2557 ἠγάλλετο.
2495 2485 2604 2537 Καί
2633 2501 2762 2537 ποτε
2793 2482 2991 2553 συνέϐη
3029 2481 3166 2551 μετά
3197 2481 3298 2547 τῆς
3314 2480 3608 2550 ἐκκλησια-

2013 2579 2203 2648 στικῆς
2236 2577 2387 2647 λιτῆς
2416 2577 2698 2647 ἐρχομένῳ
2731 2575 2810 2646 τῷ
2866 2575 3146 2647 μακαρίτῃ
3186 2575 3439 2641 ’ῐγνατίῳ
3478 2590 3604 2625 συν-

2009 2675 2194 2743 τυχεῖν
2218 2688 2232 2702 ·
2263 2672 2356 2724 καὶ
2387 2670 2478 2722 τὸν
2511 2669 2745 2739 φελόνην
2772 2668 3094 2731 ἀναστείλας
3129 2667 3268 2736 μετὰ
3295 2667 3403 2720 τῶν
3434 2663 3602 2719 αὑτοῦ

2015 2764 2350 2834 συμμυςτῶν
2377 2762 2742 2834 εὐτονώτερον
2775 2764 2883 2816 τῶν
2913 2763 3279 2833 κρουσμάτων
3313 2756 3474 2829 ἦρχε,
3509 2759 3604 2813 καὶ

2011 2858 2102 2911 τὸν
2132 2857 2334 2924 κλῆρον
2371 2854 2586 2924 μυρίοις
2617 2856 2712 2908 καὶ
2735 2856 3037 2925 αἰσχίστοις
3065 2852 3390 2924 περιέϐαλλε
3419 2853 3602 2924 ῥήμαο

2013 2964 2119 3001 σιν.
2166 2948 2304 3000 Ὑπὸ
2327 2948 2383 3000 δὲ
2405 2947 2500 3000 τοῦ
2532 2949 2682 3001 ὁσίου
2717 2947 3090 3017 ἐπιτιμηθεὶς,
3127 2947 3287 3008 αὐτὸς
3317 2945 3415 3014 μὲν
3452 2943 3607 2997 οὐδὲν

322 3039 784 3110 supplicationem
824 3037 1146 3100 obeuntem,
1191 3035 1510 3099 incideret;
1557 3043 1909 3104 retractaque

2013 3041 2216 3096 τούτων
2246 3040 2531 3110 ἐφύλαξεν,
2573 3041 2713 3112 πλὴν
2745 3043 2883 3104 τέως
2907 3042 3006 3108 τῆς
3036 3039 3155 3093 ὁδοῦ
3185 3039 3447 3105 ἐξέκλινε.
3471 3036 3608 3090 T05-

322 3133 508 3188 casula
535 3145 642 3185 una
668 3147 792 3186 cum
825 3128 1139 3202 symmystis
1165 3128 1501 3189 contentius,
1531 3135 1587 3182 et
1622 3135 1684 3181 ut
1709 3127 1912 3182 clario-
1939 3126 1982 3146 "

321 3240 412 3280 res
443 3240 608 3280 sonos
637 3224 1002 3280 instrumenta
1039 3221 1300 3281 ederent,
1339 3221 1561 3290 pulsare
1600 3221 1788 3290 coepit,
1824 3221 1910 3274 in-

321 3316 880 3386 nnmcrabilibusque
958 3311 1366 3382 procacissimis
1459 3313 1910 3382 turpissimisque

321 3413 511 3468 verbis
535 3412 746 3467 clerum
777 3407 1149 3478 compluebat.
1169 3407 1452 3476 Corripuit
1479 3416 1702 3461 sanctus
1730 3405 1913 3461 homi-

321 3505 410 3560 nis
461 3502 812 3559 insoientiam
846 3517 861 3567 ;
898 3515 1090 3556 verum
1139 3497 1230 3552 ille
1273 3513 1466 3553 eorum
1502 3513 1624 3567 quae
1666 3498 1913 3553 monitus

2012 3151 2126 3198 τοις
2160 3134 2356 3187 ἑαυτὸν
2414 3132 2629 3201 γέλωτα
2683 3133 2923 3201 ἄσεμνον
2976 3133 3068 3185 καὶ
3107 3129 3538 3199 ἀνακαγχασμδν
3577 3129 3607 3180 6

2013 3226 2418 3295 ἀφρονέστατος
2475 3225 2777 3295 προετίθει,
2833 3219 2919 3286 οἷς
2971 3222 3225 3293 ὑϐρίζετο
3259 3222 3356 3292 μὲν
3409 3223 3442 3291 ὴ
3476 3220 3606 3288 ἁγία

2014 3320 2327 3390 προσφορὰ,
2362 3319 2616 3390 ὑϐρίζετο
2643 3318 2702 3371 δὲ
2729 3317 2801 3370 τὰ
2829 3319 2963 3384 ἆγια
2993 3317 3172 3384 λόγια,
3204 3318 3315 3376 τοῖς
3345 3317 3608 3387 ἀρρήτοις

2015 3410 2195 3464 αὐτῶν
2228 3413 2323 3464 καὶ
2371 3411 2706 3480 ἀκαθάρτοις
2758 3408 3192 3481 ἐπιτηδεύμασιν
3239 3407 3608 3478 ἐπιλεγόμενα

2013 3505 2111 3558 καὶ
2137 3504 2582 3573 ἐπιφωνούμενα.

320 3603 439 3648 erat
469 3602 633 3663 atque
663 3601 954 3660 correptus
985 3589 1122 3644 nihil
1153 3589 1412 3644 servavit.
1462 3588 1684 3642 Interim
1723 3597 1906 3645 tamen
1944 3608 1972 3646 a
2011 3593 2099 3648 via
2132 3593 2373 3649 deﬂexit.
2401 3595 2499 3650 [iis
2529 3593 2980 3650 dementissimus
3045 3593 3334 3648 hominum
3391 3599 3607 3662 turpem

321 3705 382 3746 se
409 3689 576 3745 risum
606 3702 670 3743 ac
693 3687 1170 3744 cachinnationem
1203 3686 1319 3754 ipse
1386 3684 1704 3748 exhibebat,
1776 3687 1980 3755 quibus
2022 3705 2177 3744 sacra
2216 3691 2424 3746 oblatio
2463 3692 2683 3760 procaci
2733 3691 2894 3762 longe
2938 3690 3144 3760 injuria
3184 3690 3496 3760 probroque
3527 3689 3607 3744 al-

321 3782 648 3846 ﬁciebatur;
678 3779 1058 3836 adiciebantur
1089 3788 1149 3833 ct
1173 3778 1361 3832 divina
1394 3777 1616 3847 eloquia
1643 3819 1658 3841 ,
1686 3778 1938 3835 nefandis
1973 3785 2316 3855 impurisque
2355 3785 2576 3841 illorum
2611 3784 2811 3842 studiis
2829 3799 2895 3839 ac
2922 3785 3308 3854 joculamenlis
3347 3784 3566 3840 subdita
3588 3808 3605 3834 ν

323 3880 579 3947 interque
621 3876 714 3931 illa
749 3874 1129 3946 pronuntiata.

395 3972 482 4027 19.
519 3971 637 4026 Non
669 3969 766 4025 diu
798 3977 944 4040 post,
975 3967 1323 4024 sanctissimo
1354 3969 1565 4039 [gnatio
1600 3971 1913 4041 patriarcha

321 4079 541 4124 cessare
590 4063 744 4132 iusso
794 4071 961 4132 atque
1001 4071 1206 4126 amoto,
1261 4077 1386 4116 cum
1436 4063 1503 4117 ad
1563 4063 1913 4132 impcra‘toris

321 4172 570 4212 mensam
604 4171 790 4211 coram
822 4155 1018 4210 Photio
1053 4170 1143 4210 res
1173 4170 1330 4209 sacra
1364 4153 1448 4210 sic
1491 4156 1712 4211 mimice
1750 4173 1914 4227 pera-

321 4255 566 4319 geretur,
587 4249 1014 4316 turpissimaque
1039 4244 1346 4300 imitatione
1375 4260 1406 4299 a
1434 4243 1914 4314 contemptoribus

323 4337 787 4409 exsecrandisquc
818 4338 981 4409 663
1011 4336 1147 4391 viris
1175 4336 1382 4392 divinis
1420 4336 1767 4403 illudcretur,
1801 4354 1913 4394 non

319 4431 500 4487 solum
530 4431 621 4485 ille
651 4445 763 4487 non
804 4430 1110 4500 increpavit
1148 4430 1439 4500 arguitque
1469 4446 1533 4485 ac
1578 4432 1914 4489 absurdissi-

2019 3974 2040 4006 τ
2098 3971 2184 4028 ιϐ’.
2208 3975 2342 4028 Μετ’
2365 3974 2428 4027 οὐ
2463 3971 2598 4026 πολὺ
2634 3972 2690 4026 δὲ
2723 3971 2818 4026 τοῦ
2851 3973 3162 4042 ἁγιωτάτου
3208 3971 3466 4039 Ἰγνατίου
3516 3969 3610 4025 τοῦ

2022 4065 2214 4134 Θρόνου
2243 4066 2343 4129 τῆς
2393 4063 2759 4136 πατριαρχίας
2805 4062 3329 4125 καταϐιϐασθέντος,
3381 4062 3611 4132 ἐπίπρο-

2024 4151 2150 4205 σθεν
2176 4151 2276 4221 τῆς
2297 4151 2583 4222 βασιλικῆς
2605 4152 2884 4224 τραπέζης
2907 4151 3245 4209 κατενώπιον
3269 4151 3611 4216 τελουμένων

2019 4240 2228 4295 Φωτίου
2260 4241 2353 4295 καὶ
2383 4241 2450 4293 διι
2499 4243 2788 4312 αἰσχίστης
2831 4243 3115 4312 μιμήσεως
3154 4241 3266 4296 τῶν
3288 4241 3446 4294 θείων
3481 4260 3611 4297 παι-

2023 4333 2266 4401 ζομένων
2293 4332 2399 4384 ὑπὸ
2427 4331 2536 4385 τῶν
2587 4333 3024 4405 καταφρονητῶν
3055 4333 3149 4386 καὶ
3210 4334 3610 4388 καταπτύστων

2023 4427 2254 4493 ἀνδρῶν,
2277 4425 2531 4480 τοσοῦτον
2554 4429 2758 4490 ἐκεῖνος
2783 4428 3022 4499 ἀπέσχεν
3049 4427 3143 4479 τοῦ
3172 4428 3492 4498 ἐπιτιμῆσαι
3517 4429 3610 4484 καὶ

320 4537 473 4577 mum
506 4521 820 4577 institutum
864 4521 1125 4585 abolevit,
1163 4538 1354 4577 verum
1382 4522 1548 4576 etiam
1583 4522 1910 4579 nefandissi-

2023 4520 2298 4589 διελέγξαι
2323 4521 2421 4572 καὶ
2450 4520 2511 4574 τὸ
2536 4520 2888 4577 ἀτοπώτατον
2911 4523 3260 4590 καταργῆσαι
3291 4520 3385 4576 τοῦ
3411 4524 3610 4594 ἐπιτη-

321 4630 448 4671 mus
490 4615 655 4670 homo
698 4631 814 4670 rem
845 4614 1135 4670 nefandam
1184 4615 1354 4686 magis
1398 4614 1775 4680 conﬁrmavit,
1807 4617 1919 4672 Deo

321 4723 550 4763 exosum
585 4708 952 4778 Theophilum
983 4707 1136 4762 illum
1169 4709 1283 4778 (qui
1308 4707 1630 4780 etGryllus)
1659 4711 1920 4778 precibus

322 4799 739 4863 communiens,
783 4816 945 4870 quem
997 4801 1401 4870 perditissimus
1446 4817 1510 4856 ac
1550 4802 1919 4858 bardissimus

324 4889 612 4946 hominum
661 4892 960 4964 imperator
1007 4884 1168 4947 suum
1208 4893 1574 4962 patriarcham
1612 4896 1910 4960 vocitabat,

325 4983 726 5039 homoscilicet
751 4983 806 5039 in
838 4985 974 5054 ipsis
1003 5001 1222 5055 quoque
1255 4986 1692 5040 sacerdotalibus
1746 4986 1913 5040 vestio

321 5073 430 5129 bus
456 5073 768 5145 divinisque
791 5076 1025 5144 eloquiis
1054 5077 1242 5131 ludere
1272 5076 1598 5141 industrius,
1623 5080 1916 5132 maximos-

323 5182 433 5237 que
492 5169 771 5226 mulorum
819 5167 992 5224 instar
1039 5170 1204 5224 edere
1259 5172 1524 5238 crepitus.
1577 5172 1914 5241 dignumque

324 5277 496 5316 unum
523 5260 630 5315 hoc
660 5262 771 5317 illis
815 5262 1153 5324 acclamare,
1195 5263 1453 5316 biberent
1487 5279 1553 5316 ex
1597 5277 1666 5317 eo
1700 5279 1912 5329 omnes,

323 5368 389 5408 ac
421 5369 620 5409 carnes
658 5369 784 5411 cum
817 5356 996 5425 sinapi
1027 5365 1083 5412 et
1131 5363 1288 5411 aceto
1337 5367 1640 5410 sumerent.
1692 5355 1917 5426 Suoque

325 5445 654 5516 0m0phorio
681 5449 946 5520 profanus
983 5453 1147 5505 homo
1180 5451 1408 5519 profano
1436 5449 1726 5519 profanum
1759 5451 1915 5519 prin-

324 5538 567 5609 cipatum
618 5542 850 5612 profane
888 5542 1236 5616 obsignabat,
1270 5558 1462 5597 vocem
1508 5558 1663 5598 suam
1713 5545 1769 5598 in
1801 5541 1914 5596 risu

2021 4615 2112 4667 δεύ
2122 4631 2310 4683 ματος,
2338 4615 2422 4666 ὅτι
2451 4617 2544 4668 καὶ
2603 4615 2877 4685 ἐπεκύρου
2936 4617 3136 4677 μᾶλλον
3163 4619 3190 4668 6
3242 4617 3498 4683 ἀθέμιτος
3548 4619 3610 4674 τὸ

2023 4704 2300 4775 ἀθέμιτον,
2332 4705 2705 4775 ἐπευξάμενος
2734 4707 2826 4760 τὸν
2864 4707 3094 4778 θεομισῆ
3121 4709 3376 4774 Θεόφιλον
3400 4710 3610 4763 ἐκεῖνον

2021 4799 2112 4852 τὸν
2139 4799 2232 4852 καὶ
2263 4799 2518 4867 Γρύλλον,
2553 4799 2612 4852 ὃν
2639 4801 2668 4851 6
2695 4800 3152 4862 ἀπαιδευτότατος
3175 4803 3311 4866 ἄναξ
3341 4803 3468 4856 ἴδιον
3501 4820 3606 4856 πα-

2018 4897 2288 4966 τριάρχην
2319 4896 2626 4966 ὠνόμαζεν,
2663 4897 2882 4962 παίζειν
2909 4897 3169 4969 εὔστοχος
3198 4901 3288 4952 καὶ
3322 4901 3379 4952 ἐν
3408 4902 3610 4969 ἱερατι-

2021 4989 2136 5051 κοῖς
2169 4987 2395 5056 ἀμφίοις
2424 4990 2518 5041 καὶ
2553 4989 2778 5057 λογίοις,
2837 4990 2934 5044 καὶ
2969 4991 3199 5057 κρότους
3253 4991 3608 5059 ἀποπέμπειν

2025 5081 2312 5150 μεγίστους
2344 5081 2582 5150 ἡμιόνων
2629 5083 2837 5152 τρόπῳ,
2874 5082 2966 5135 καὶ
3003 5084 3147 5135 πιεῖν
3172 5082 3233 5147 ἐξ
3263 5080 3429 5134 αὑτοῦ
3472 5080 3610 5134 πάνο

2021 5187 2141 5234 τας,
2193 5170 2351 5234 τοῦτό
2408 5188 2471 5240 γε
2507 5171 2667 5240 μόνον
2706 5171 2857 5236 ἄξιος
2911 5173 3096 5234 αὐτοῖς
3149 5173 3469 5236 ἐπιφωνεῖν,
3513 5170 3610 5222 καὶ

2024 5263 2299 5332 σαρκίνων
2353 5259 2796 5332 μεταλαμϐάνειν
2848 5264 2987 5330 μετά
3033 5263 3240 5325 νάπυος
3276 5262 3370 5316 καὶ
3419 5261 3606 5328 δξουςο

2022 5357 2118 5410 καὶ
2147 5357 2224 5424 τῷ
2252 5356 2551 5428 ὼμοφορίῳ
2592 5355 2758 5410 αὐτοῦ
2805 5358 2835 5410 6
2865 5348 3082 5427 ἀνίερος
3137 5356 3217 5425 τῷ
3253 5358 3457 5424 ἀνιέρῳ
3509 5353 3610 5424 τὴν

2021 5449 2378 5518 ἀνιεραρχίαν
2434 5432 2665 5519 ἀνῖέρως
2721 5448 3189 5516 ἐττεσφραγίζετο,
3235 5449 3293 5500 ἐν
3335 5448 3534 5513 γέλωτι
3579 5445 3612 5497 6

2028 5542 2166 5611 μετὰ
2223 5541 2475 5612 ἀφρόνων
2507 5541 2536 5592 6
2562 5543 2752 5610 ἄφρων
2782 5540 2882 5611 τὴν
2934 5541 3117 5614 φωνὴν
3164 5538 3329 5597 αὐτοῦ
3361 5537 3604 5611 ἁνυψῶν,

1543 5636 1784 5692 VARUS
1823 5631 2235 5690 ιΕαΤιοινιιε.

389 5731 436 5762 δ’
463 5730 576 5803 ιερη
595 5742 751 5809 τικὲς
776 5741 884 5812 γὰρ
916 5757 998 5793 στ.
1029 5740 1052 5792 ?
1124 5740 1164 5772 "
1205 5733 1267 5808 ἦν
1294 5737 1592 5801 δωδέκατος
1623 5735 1688 5806 δὴ
1715 5735 1738 5787 ?
1810 5734 1854 5766 “
1881 5749 2010 5790 num
2063 5730 2386 5804 σύγκριμαῖ
2411 5727 2667 5788 .Combci'.
