4140 6042
320 294 425 355 733

1206 288 1577 352 ANNMES.
1620 315 1687 326 --
1716 285 2071 347 .MICHAEL
2112 284 2208 346 ET
2246 286 2688 347 THEODORA.

3496 286 3603 353 734

321 406 603 477 καθῄρησε
626 403 724 460 καὶ
751 403 933 473 ἅπεκὴ
945 402 1311 472 ρυξε.Τοῦτον
1341 408 1433 458 τὸν
1457 406 1660 457 Φώτιον
1692 404 1906 475 Ripae;

2023 401 2474 473 patriarchalibus
2524 402 2734 458 aedibus
2783 398 3261 472 metropolitarum
3315 400 3604 474 episcopo-

320 498 351 552 ὁ
380 496 619 565 Καῖσαρ,
652 496 683 549 ὁ
719 492 861 559 Belo;
894 493 1116 567 Μιχαὴλ
1147 494 1241 548 τοῦ
1281 494 1571 564 βασιλέως.
1610 496 1910 566 χειροτονεῖ

321 587 695 661 πατριάρχην.
729 589 828 652 ’ος
858 588 1196 659 parum;
1252 590 1465 658 ἡμέρας
1501 589 1656 659 ζητεί
1688 588 1749 642 τὸ
1784 587 1911 641 ίὸιὸ·

323 697 508 752 χειρον
538 678 702 733 αὐτοῦ
732 679 992 750 γράμμα,
1019 677 1159 748 ὅπερ
1188 676 1325 748 πρὸς
1356 680 1480 741 τοὺς
1502 675 1910 748 μητροπολίτας

323 772 603 842 ἐποίησεν,
632 771 797 841 ἡνίκα
832 771 1023 827 τοῦτον
1056 772 1139 833 είς
1164 771 1505 841 χειροτονίαν
1546 771 1785 842 ⁴ἤγαγον,
1833 770 1911 832 ὡς

323 864 486 934 δῆθεν
522 864 653 917 ἰδεῖν
684 881 738 918 τι
772 864 830 917 ιν
863 864 1016 935 αὐτῷ
1075 862 1422 935 βουλόμενος.
1487 864 1783 932 Είσᾱγεται
1815 861 1910 917 οὖν

323 959 354 1011 ὁ
384 957 430 989 ⁸⁸
447 958 673 1029 χάρτης,
704 957 802 1011 καὶ
832 956 1078 1029 ζητεῖται
1122 956 1428 1025 ἀσφάλειαν
1460 958 1548 1009 ἵνα
1579 956 1655 1027 μὴ
1683 957 1912 1028 διαρρη-

325 1051 523 1124 χοῆναι
551 1027 621 1109 ³¹ξ
648 1051 710 1106 0i
730 1051 787 1105 δὲ
816 1049 912 1105 τοῦ
932 1027 1138 1105 Φωτίου
1169 1049 1264 1103 τὸν
1311 1048 1594 1121 ἀντίχειρα
1637 1047 1736 1102 τοῦ
1769 1027 1911 1121 κρα-

320 1144 544 1210 τοῦντος
563 1144 728 1199 αὐτὸν
752 1144 1054 1206 κλάσαντες
1079 1141 1166 1215 [Ρ.
1186 1141 1312 1215 ια]
1331 1141 1421 1196 τὸν
1444 1139 1653 1213 χάρτην
1677 1139 1911 1194 ἀνέσπα-

326 1254 449 1303 σαν,
468 1237 531 1292 ὃν
556 1240 649 1290 καὶ
682 1239 1090 1308 χειρωσάμενος
1126 1236 1333 1299 Φὼτιος
1371 1236 1455 1299 είς
1483 1234 1658 1288 λεπτὰ
1685 1234 1909 1288 κατέκοο

321 1329 415 1400 ψε,
437 1329 614 1398 λέγων
638 1344 652 1360 ·
685 1328 835 1384 Οὔτε
872 1325 1029 1399 ὑμᾶς
1055 1326 1196 1383 οὔτε
1215 1326 1321 1381 τὸν
1346 1325 1639 1395 Ἶγνάτιον
1663 1326 1913 1381 ἐπίσκο-

324 1441 445 1481 πον
468 1425 606 1493 έχω.

396 1518 611 1589 λβο-λτο.
646 1517 737 1588 Τῷ
763 1518 807 1587 β’
828 1516 961 1583 ἔτει,
991 1515 1200 1573 Φωτίου
1231 1515 1323 1572 τδν
1352 1516 1534 1590 τίμιον
1564 1499 1804 1588 σταυρὸν
1830 1517 1912 1582 είς

322 1612 427 1680 τὴν
460 1609 656 1681 ἑορτὴν
704 1608 988 1680 ὑψοῦντος,
1028 1606 1265 1679 μοναχός
1301 1624 1385 1671 τις
1414 1606 1646 1678 πλησίον
1689 1606 1784 1662 τοῦ
1815 1606 1912 1662 θυ-

326 1703 651 1775 σιαστηρίου
673 1701 845 1765 ἑστὼς
878 1700 1186 1773 διορατικὸς
1209 1697 1351 1754 εἶδεν
1379 1700 1559 1771 θέαμα
1590 1700 1759 1767 ξένον,
1786 1700 1911 1771 ὄφιν

2013 510 2245 565 rumque
2267 494 2511 567 synodus
2535 510 2728 549 omnes
2757 502 3135 550 exauctoravrt
3165 503 3331 567 atque
3361 499 3596 566 proscri-

2009 587 2141 658 psit.
2173 587 2334 643 Hunc
2358 588 2616 643 Photium
2638 587 2844 642 Bardas
2874 587 3077 655 Caesar,
3107 589 3390 645 Michaelis
3427 593 3604 663 impe-

2012 681 2213 736 ratoris
2244 679 2571 743 avunculus.
2613 680 2982 751 patriarebam
3006 692 3176 737 creat.
3204 682 3255 738 ls
3277 680 3433 738 brevi
3461 692 3605 754 post,

2011 790 2152 846 quas
2198 790 2365 830 manu
2420 775 2644 846 prepria
2688 774 2923 845 scriptas
2974 777 3342 846 metropolitis
3391 778 3605 833 litteras

2011 867 2242 922 dederat
2283 876 2400 924 tum
2443 882 2569 923 cum
2626 867 2804 938 ipsum
2852 868 3161 924 ordinaturi
3206 881 3604 934 convenerant,

2012 961 2173 1033 petit,
2219 971 2481 1030 tanquam
2530 959 2740 1018 scilicet
2787 961 2993 1031 aliquid
3023 962 3078 1017 in
3113 963 3196 1019 eis
3226 963 3603 1035 inspecturus.

2010 1053 2251 1110 Allatum
2304 1068 2434 1124 ergo
2482 1052 2723 1123 diploma
2778 1062 2901 1118 est,
2935 1051 3208 1125 ﬁdemque
3256 1055 3485 1126 exigunt
3538 1071 3607 1109 ne

2014 1146 2149 1201 illud
2193 1144 2569 1216 diﬁ’ringatur.
2611 1145 2680 1200 At
2710 1146 2803 1216 qui
2830 1145 3011 1201 Photii
3047 1148 3288 1216 partium
3336 1157 3514 1212 erant,
3554 1149 3606 1203 vi

2011 1248 2292 1309 arreptum
2325 1255 2358 1294 e
2401 1255 2566 1294 manu
2618 1241 2857 1295 tenentis
2910 1242 3160 1295 chartam
3220 1239 3605 1308 diseiderunt;

2012 1348 2178 1405 quam
2212 1341 2267 1388 et
2307 1331 2539 1388 Photius
2578 1333 3002 1403 apprehendens
3039 1332 3295 1389 minutim
3338 1334 3606 1400 concidit,

2013 1424 2204 1480 dicens
2234 1441 2247 1476 :
2276 1421 2455 1492 Neque
2480 1440 2569 1479 vos
2592 1426 2856 1495 episcenos
2895 1425 3060 1479 habeo
3084 1441 3179 1478 nec
3207 1424 3498 1496 Ignatium.

2086 1517 2277 1573 52-53.
2333 1519 2493 1573 Anno
2546 1517 2828 1582 secundo,
2885 1532 3012 1572 cum
3064 1517 3297 1572 Photius
3337 1532 3614 1572 veneran-

2012 1613 2139 1669 dam
2202 1625 2427 1667 crucem
2483 1625 2585 1680 per
2631 1609 2742 1665 diei
2801 1611 2924 1681 ejus
2977 1610 3248 1666 solemnia
3308 1610 3613 1676 exaltaret,

2014 1704 2324 1760 monachus
2373 1702 2601 1772 quidam
2657 1701 2802 1757 haud
2849 1703 3045 1772 procul
3103 1701 3174 1757 ab
3224 1700 3385 1757 altari
3437 1711 3611 1765 stans,

325 1768 667 1867 Μμμεχέθη
712 1795 813 1857 τὰς
844 1768 1036 1865 χεῖρας
1071 1792 1166 1846 τοῦ
1212 1790 1420 1846 Φωτίου
1468 1768 1800 1863 κρατοῦντα,
1823 1768 1916 1845 τὸν

2023 1796 2105 1850 vir
2142 1794 2308 1866 672
2350 1768 2669 1848 futurorum
2705 1768 3071 1864 intelligentia
3116 1791 3429 1863 perspicax,
3460 1791 3617 1846 inau-

325 1887 387 1942 δὲ
417 1888 649 1957 σταυρὸν
675 1887 767 1939 τὸν
798 1887 985 1956 τίμιον
1014 1886 1101 1955 ἐφ’
1135 1882 1330 1938 ἑαυτοῦ
1360 1883 1757 1955 ἀωψοὺμενον.
1782 1884 1917 1938 Σύν-

322 1997 528 2053 τρομος
555 1980 611 2032 δὲ
639 1978 884 2051 γεγονὼς
925 1976 1135 2049 μεγάλα
1183 1976 1385 2047 ἐκραζε
1418 1978 1515 2030 καὶ
1543 1978 1811 2046 σύντομον
1830 1976 1914 2039 τὸ,

324 2075 523 2143 Κύριε,
550 2071 839 2139 ἐλέησον.
865 2071 976 2125 Καί
1002 2087 1145 2133 τινες
1182 2070 1280 2124 σὺν
1304 2069 1453 2139 αὐτῷ
1480 2068 1732 2131 εὐλαϐεῖς
1765 2070 1918 2121 ίστά-

328 2182 484 2235 μενοι
525 2162 587 2217 τὸ
630 2163 807 2218 αἴτιον
838 2162 1161 2232 ἀνηρώτων,
1193 2162 1289 2216 καὶ
1323 2162 1482 2225 αὐτὸς
1520 2163 1619 2232 τὴν
1648 2162 1918 2218 ὀπτασίαν

324 2252 480 2309 εἶπεν
510 2256 715 2318 αὐτοῖς.
764 2255 829 2309 Οἱ
884 2253 941 2307 δὲ
990 2249 1131 2325 ἦσαν
1178 2254 1289 2306 τῶν
1325 2253 1434 2308 ἀπὸ
1468 2255 1569 2324 τῆς
1621 2255 1917 2325 ἐκκλησίας

323 2347 739 2419 πρεσϐυτέρων.
775 2339 936 2401 Οὗτοι
966 2346 1023 2398 δὲ
1056 2346 1195 2414 πρὸς
1236 2345 1329 2400 τὸν
1364 2346 1573 2415 εὐλαδῆ
1606 2347 1700 2401 καὶ
1732 2347 1917 2419 διοραο

324 2438 479 2494 «:sz»;
516 2437 709 2491 τοῦτον
764 2436 999 2507 μοναχὸν
1046 2431 1223 2503 εἷπον,
1255 2436 1338 2491 ὅτι
1385 2439 1494 2491 Καὶ
1559 2438 1732 2507 ἡμεῖς
1790 2441 1917 2493 λεια

327 2530 730 2599 τουρτοῦντες
785 2529 909 2597 μετ’
971 2528 1162 2583 αὐτοῦ
1194 2530 1505 2589 ,οὐδέποτε
1564 2530 1920 2600 ἠκούσαμεν

328 2624 515 2678 αὑτοῦ
539 2624 733 2692 εὐχὴν
758 2623 1122 2690 λαλοῦντος,
1152 2617 1316 2678 ἀλλὰ
1332 2622 1449 2676 τῶν
1470 2625 1724 2693 θύραθεν
1749 2639 1919 2693 ποιη-

332 2716 452 2771 τῶν
508 2716 1043 2786 ὑποψιθυρίζοντος
1082 2716 1355 2785 priuatas
1411 2717 1478 2770 τὸ
1520 2717 1591 2770 δὲ
1643 2716 1919 2787 χαλεπώ-

336 2825 527 2878 τερον,
553 2809 643 2862 ὅτι
669 2810 765 2862 καὶ
794 2809 1076 2864 ὑποκάτω
1113 2806 1227 2876 τῆς
1258 2808 1422 2875 θείας
1453 2809 1552 2864 καὶ
1583 2810 1756 2876 ἁγίας
1784 2825 1920 2879 τρα-

330 2902 510 2971 πέζης
535 2901 663 2973 ἐμεῖ
689 2900 1157 2956 δυσωδέστατον
1176 2901 1418 2973 έμετόν.

406 3171 499 3226 λδνο
540 3170 654 3226 Καὶ
684 3171 985 3243 διηγήσατο
1018 3171 1155 3240 ἡμῖν
1196 3169 1451 3241 Ἰωάννης
1476 3171 1505 3225 ὁ
1544 3169 1917 3243 Ἡσυχαατῆςν

330 3266 472 3337 ἀνὴρ
495 3264 753 3335 θεοφόρος
786 3267 883 3318 καὶ
930 3262 1292 3334 προορατικός
1334 3262 1554 3333 ἀληθὲς,
1584 3266 1668 3318 ὅτι
1708 3265 1813 3319 Ἔν
1839 3262 1921 3331 τῷ

331 3359 615 3425 σπηλαίῳ
671 3353 818 3409 ποτὲ
870 3352 1149 3423 σφοδρῶς
1178 3352 1573 3423 καθεζομένω
1616 3371 1755 3425 μου,
1809 3354 1922 3409 δύο

331 3449 496 3516 τινὲς
520 3449 846 3519 ἡγούμενοι
872 3447 1172 3515 Εὐθύμιος
1195 3446 1294 3500 καὶ
1322 3446 1542 3517 Ἰωσὴφ
1560 3446 1682 3501 ὑπὸ
1694 3446 1924 3502 Φωτίου

334 3540 617 3611 σφοδρῶς
641 3539 991 3606 διωκόμενοι
1013 3534 1359 3606 παρέϐαλον
1382 3540 1537 3606 πρός
1559 3554 1657 3608 με’
1683 3539 1784 3593 καὶ
1804 3555 1925 3593 κασ-

333 3634 452 3700 οὼς
474 3633 702 3688 ἔδωκεν
723 3635 757 3687 ό
786 3631 954 3697 Θεὸς,
979 3630 1271 3701 έστήριξα
1301 3633 1549 3700 αὐτοὺς,
1580 3634 1679 3687 καὶ
1708 3638 1923 3688 τελευ-

334 3726 505 3781 ταῖον
532 3727 741 3789 είπὼν,
774 3726 838 3779 '0
873 3727 1207 3795 ὑπομείνας
1238 3726 1328 3791 είς
1359 3725 1559 3792 τέλος,
1594 3721 1773 3793 οὗτος
1808 3729 1927 3781 σω-

336 3818 614 3888 θήσεται,
653 3817 942 3873 ἀπέλυσα
979 3816 1226 3880 αὐτούς.
1260 3814 1345 3885 Τῇ
1369 3817 1439 3871 δὲ
1465 3817 1727 3887 ἐπιούσῃ
1753 3819 1925 3874 νυκτὶ

337 3915 453 3983 πρὸ
473 3912 580 3965 τοῦ
594 3911 962 3982 ἀφυπνῶσαί
986 3929 1063 3982 με
1080 3912 1352 3981 παρέστη
1370 3929 1472 3982 μοι
1495 3913 1716 3982 Διθίσψ
1727 3913 1924 3983 μέγας

338 4004 442 4062 καὶ
459 4005 761 4072 ἀπευκτὸς
779 4003 878 4059 και
899 4005 1051 4061 ἰδεῖν
1070 4006 1336 4082 φρικτὸς,
1364 3994 1435 4071 νὸςι
1453 4004 1699 4073 ἧπλωσε
1714 4006 1930 4074 κρατῆ-

337 4116 445 4154 σαι
473 4098 579 4153 τοῦ
609 4097 829 4167 λαιμοῦ
862 4115 984 4167 μου
1007 4099 1158 4167 πρὸς
1176 4100 1244 4153 τὸ
1260 4098 1598 4164 ἀποπνῖξαι
1614 4115 1711 4169 με.
1737 4101 1932 4163 Εὐθὺς

337 4192 410 4246 δὲ
429 4190 544 4262 ἐγὼ
558 4190 666 4245 τὸν
685 4191 878 4245 τύπον
898 4189 1006 4245 τοῦ
1021 4192 1290 4260 σταυροῦ
1308 4191 1578 4261 ποιήσας
1596 4192 1693 4245 καὶ
1714 4192 1931 4262 θαρρῇ-

340 4303 458 4351 σας
488 4282 795 4352 ἐκράτησα
823 4284 1011 4339 αὑτὸν
1032 4284 1152 4338 ἀπὸ
1181 4281 1291 4353 τῆς
1314 4286 1535 4355 χειρὸς,
1562 4284 1684 4349 καὶ,
1725 4286 1823 4353 Τίς
1852 4282 1930 4353 εἷ,

339 4376 555 4447 λέγων,
574 4375 671 4430 καί
682 4376 742 4430 τί
758 4376 827 4429 τὸ
846 4376 1034 4446 ὄνομά
1049 4376 1301 4441 σου,καὶ
1319 4376 1407 4444 τίς
1426 4381 1459 4431 ό
1474 4378 1844 4446 ἀποστείλας
1859 4394 1935 4433 σε

2020 1891 2189 1946 ditam
2235 1902 2352 1943 rem
2394 1886 2536 1942 vidit
2573 1902 2639 1941 ac
2669 1887 2831 1957 plane
2879 1885 3182 1950 insolitam,
3228 1883 3468 1954 ingentis
3498 1897 3615 1936 mo-

2018 1986 2089 2040 lis
2120 1990 2452 2057 serpentem
2505 1978 2687 2035 Pbotii
2736 1978 3173 2048 a‘dstringentem
3220 1988 3440 2040 manus,
3488 1988 3614 2028 cum

2017 2074 2338 2134 veneranda
2389 2088 2525 2130 crux
2577 2072 2695 2143 ipsa
2752 2086 2783 2126 a
2836 2085 2896 2125 se
2946 2070 3065 2140 ipsa
3111 2067 3469 2122 exaltaretur.
3515 2066 3614 2120 Rei

2019 2187 2152 2244 ergo
2183 2169 2501 2241 spectaculo
2546 2166 2797 2229 territus,
2844 2178 3041 2234 magna
3083 2170 3452 2231 contentaque
3483 2172 3619 2213 voce

2020 2260 2552 2325 clamare,Domine,
2585 2259 2858 2312 miserere.
2919 2255 3194 2311 Clamoris
3245 2267 3470 2309 causam
3520 2266 3619 2305 cx-

2020 2354 2407 2428 quirentibus,
2459 2351 2555 2422 qui
2599 2365 2726 2405 cum
2783 2348 2881 2404 illo
2924 2348 3147 2405 stabant
3193 2347 3301 2404 viri
3350 2346 3616 2416 religiosi,

2018 2450 2289 2506 visionem
2363 2445 2477 2500 illis
2539 2443 2779 2515 aperuit.
2862 2443 3036 2498 Erant
3106 2442 3163 2497 hi
3233 2455 3302 2498 ex
3366 2440 3618 2497 ecclesiae

2018 2538 2379 2614 presbyteris,
2417 2536 2514 2608 qui
2557 2545 2614 2591 et
2653 2535 2757 2606 ipsi
2803 2532 3106 2590 venerabili
3153 2532 3285 2588 huic
3333 2547 3399 2587 ac.
3449 2530 3619 2601 spiri-

2020 2635 2116 2690 tali
2174 2623 2450 2688 monacho
2504 2628 2811 2685 dixerunt:
2847 2627 2956 2684 Nos
2986 2642 3192 2697 quoque
3221 2641 3339 2679 cum
3379 2623 3479 2678 illo
3504 2637 3618 2677 rem

2019 2743 2234 2783 sacram
2278 2729 2588 2794 peragentes
2622 2738 2897 2792 nunquam
2932 2717 3219 2774 solemnem
3260 2718 3620 2788 precationem

2018 2820 2277 2874 dicentem
2324 2832 2444 2870 eum
2494 2813 2826 2879 audivimus,
2878 2811 2973 2866 sed
3033 2811 3383 2881 profanorum
3435 2816 3619 2863 vatum

2018 2911 2177 2967 verba
2226 2907 2772 2963 submurmurantcm.
2814 2902 2966 2970 Quod
2998 2918 3117 2957 vero
3157 2903 3236 2955 his
3269 2902 3484 2971 grauius
3512 2907 3614 2954 estv

2021 3007 2181 3059 etiam
2228 3002 2321 3057 sub
2373 3002 2554 3055 divina
2601 3013 2862 3067 sacraque
2938 3012 3120 3051 mensa
3183 2995 3362 3065 fetoris
3409 2993 3622 3064 pessimi

1943 3122 1988 3182 ο
2020 3099 2275 3154 vomitum
2303 3096 2490 3165 egerit.

2092 3190 2183 3246 54.
2216 3187 2474 3244 Narravit
2502 3184 2667 3240 nobis
2716 3182 2957 3238 Joannes
2991 3180 3303 3244 Solitarius,
3351 3177 3438 3232 vir
3470 3174 3621 3231 divi-

2021 3297 2131 3338 nus
2171 3296 2237 3336 ac.
2288 3277 2488 3350 spiritu
2549 3275 2879 3348 prophetico
2938 3273 3230 3344 praeditus,
3279 3285 3425 3326 verat
3471 3268 3621 3323 istud

2022 3368 2401 3427 narrationis:
2430 3366 2565 3423 Cum
2621 3364 2938 3436 quandoque
2982 3364 3094 3432 ipse
3145 3361 3379 3432 graviter
3425 3357 3622 3411 habens

2023 3466 2081 3519 in
2129 3478 2287 3534 specu
2325 3478 2445 3516 mea
2487 3460 2761 3523 sederem,
2815 3457 2919 3511 duo
2972 3455 3192 3526 quidam
3243 3452 3623 3505 monachorum

2025 3556 2301 3628 praepositi
2338 3553 2657 3623 Enthymius
2725 3556 2773 3604 et
2820 3547 3036 3618 Ioseph,
3074 3561 3204 3617 quos
3249 3543 3464 3598 Photius
3508 3542 3623 3594 dire

2026 3656 2453 3720 persequeretur,
2518 3644 2591 3699 ad
2633 3660 2717 3698 me
2766 3650 3057 3705 venerunt;
3117 3638 3300 3709 quibus
3356 3643 3621 3706 quantum

2026 3740 2169 3795 Deus
2232 3738 2374 3792 dedit
2448 3755 2481 3793 a
2550 3752 2632 3789 me
2690 3732 3045 3801 conﬁrmatis,
3109 3738 3267 3797 atque
3319 3725 3392 3780 ad
3446 3733 3618 3776 extre-

2029 3852 2176 3893 mum
2227 3834 2454 3905 adjecto,
2506 3830 2609 3896 Qui
2664 3825 3075 3899 perseveraverit
3117 3838 3283 3892 usque
3325 3822 3381 3873 in
3436 3820 3620 3888 ﬁnem,

2029 3929 2111 3982 hic
2144 3924 2322 3981 salvus
2357 3923 2456 3976 erit
2486 3930 2537 3984 ι,
2572 3939 2605 3975 a
2652 3936 2735 3973 me
2772 3934 2858 3971 eos
2903 3914 3100 3969 dimisi.
3137 3912 3387 3983 Sequenti
3443 3918 3622 3963 autem

2031 4028 2181 4074 nocte
2267 4016 2579 4088 priusquam
2638 4011 3117 4069 obdormiscerem,
3202 4003 3422 4059 adslitit
3498 4001 3626 4056 mihi

2031 4110 2275 4179 Ethiops
2334 4121 2560 4177 magnus
2629 4112 2679 4157 et
2739 4097 3008 4154 horribilis
3081 4096 3444 4166 adspectuque
3520 4098 3628 4144 ter-

2034 4202 2235 4266 ribilis,
2301 4209 2353 4255 et
2425 4208 2482 4253 ut
2538 4205 2719 4252 tenens
2777 4201 2993 4264 gutture
3064 4189 3372 4259 suﬂ'ocaret,
3436 4200 3627 4238 manus

2034 4296 2334 4367 explicavit.
2365 4289 2491 4348 Mox
2508 4306 2603 4359 ego
2630 4287 2797 4341 crucis
2824 4300 2906 4337 me
2927 4283 3079 4353 signa
3120 4280 3386 4339 muniens,
3420 4291 3629 4331 assum-

2037 4398 2236 4460 ptaque
2276 4383 2499 4454 ﬁducia,
2530 4378 2790 4446 Quisnam
2821 4392 2943 4429 vero
2970 4390 3022 4427 es
3058 4382 3138 4437 tu,
3162 4373 3269 4435 aio,
3297 4369 3496 4439 quodve
3530 4367 3631 4419 tib-

342 4468 621 4531 ἐνταῦθα,
647 4469 746 4522 καὶ
765 4467 841 4522 δι’
863 4468 944 4536 ῆν
963 4470 1194 4533 αίτίανς
1216 4468 1415 4524 Αὐτὸν
1434 4469 1503 4523 δὲ
1528 4468 1922 4539 ἀποκριθέντα

2033 4496 2222 4535 nomen
2243 4478 2345 4533 Iac
2358 4477 2474 4549 quis
2496 4483 2546 4529 te
2564 4475 2684 4536 huc,
2705 4488 2766 4525 ac
2784 4484 2971 4541 quare,
2985 4468 3125 4521 misit
3147 4466 3171 4518 ?
3188 4463 3291 4529 Qui
3307 4461 3581 4532 respondit
3612 4476 3630 4513 :

342 4562 555 4617 εἰπεῖνο
574 4560 721 4629 Ἐγὼ
736 4564 852 4631 ειμι
868 4565 901 4616 ὀ
918 4560 1178 4628 δυνατὸς
1188 4563 1306 4631 μέν
1324 4561 1432 4616 τοῦ
1452 4565 1691 4631 Βελίαρ,
1714 4566 1936 4635 imor-p-

348 4657 452 4726 τὸς
472 4654 541 4708 δὲ
558 4655 814 4708 Φωτίου’
843 4655 1029 4723 ὄνομα
1055 4654 1125 4709 δέ
1145 4672 1246 4725 μοι
1270 4656 1604 4725 Λεόούφας,
1637 4657 1935 4727 συνεργὸς

345 4754 576 4825 γοήτων
592 4753 688 4806 καὶ
709 4750 1059 4821 φαρμακῶν,
1076 4751 1293 4822 όδητὸς
1304 4751 1534 4823 μοιχῶν
1546 4754 1645 4805 καὶ
1665 4752 1934 4821 λῃστῶν,

345 4849 531 4920 φίλος
557 4848 626 4902 δὲ
658 4848 969 4916 Ἑλλήνων
1004 4848 1103 4902 καὶ
1140 4848 1250 4904 τοῦ
1288 4849 1436 4917 ἐμοῦ
1461 4850 1533 4903 ἐν
1569 4848 1812 4916 κρυπτῷ
1841 4852 1935 4905 θε-

340 4938 656 5009 ράποντος
678 4939 927 4994 Φωτίου.
955 4939 1299 4996 Ἀπέστειλε
1316 4940 1385 4995 δέ
1398 4957 1477 5011 με
1499 4944 1532 4996 ὁ
1569 4942 1939 5006 ἐξουσιάζων

343 5048 426 5101 με
454 5033 543 5096 είς
572 5030 895 5099 ἐκδίκησιν
930 5031 1118 5085 αὐτοῦ
1147 5031 1248 5086 διὰ
1282 5033 1392 5098 τὰς
1420 5032 1559 5101 χθές
1589 5033 1716 5087 κατ’
1750 5033 1938 5089 αὑτοῦ

349 5124 609 5192 ἀτιμίας,
668 5123 777 5178 τοῦ
810 5122 1311 5193 περιερτιὶσεσθαί
1341 5139 1438 5191 σε,
1484 5121 1645 5191 ὅπως
1682 5141 1936 5196 μεταμε-

347 5217 559 5284 ληθεὶς
580 5216 849 5283 ἀποδέξῃ
867 5218 1056 5273 αὐτὸν
1076 5216 1174 5271 καὶ
1204 5214 1615 5287 ἀλλοτριωθῆς
1632 5217 1739 5272 τοῦ
1765 5217 1937 5283 Θεοῦ,

351 5307 549 5378 καθὼς
602 5309 703 5365 καὶ
770 5310 986 5375 ἄλλοις
1038 5309 1220 5366 τοῦτο
1266 5311 1602 5380 πεποίηκεν
1656 5309 1935 5377 πολλοῖς.

426 5530 455 5560 ι
495 5516 688 5574 Matth.
720 5533 777 5585 ι,
808 5514 899 5572 22.

2040 4574 2154 4645 Ego
2185 4588 2302 4626 sum
2343 4578 2525 4640 potens
2553 4566 2787 4621 Beliaris
2819 4562 3097 4633 Photiique
3126 4558 3365 4611 minister
3392 4572 3408 4610 :
3440 4569 3633 4607 nomen

2038 4664 2202 4737 673
2234 4664 2362 4716 mihi
2391 4659 2644 4727 Lebufas;
2689 4654 3141 4729 prwstigiatorum
3181 4649 3399 4715 adiutor
3436 4662 3500 4700 ac
3540 4661 3632 4699 ve-

2038 4756 2351 4827 neﬁcarum,
2394 4753 2716 4807 moechorum
2751 4749 2859 4802 dua:
2893 4753 2941 4799 et
2972 4743 3273 4805 latronum,
3317 4737 3630 4794 Griecorum

2039 4850 2241 4905 amicus
2270 4864 2333 4902 ac
2373 4845 2568 4911 Photii,
2598 4844 2687 4912 qui
2725 4857 2871 4895 meus
2903 4839 2960 4892 in
3003 4834 3208 4891 occulto
3249 4847 3433 4888 servus
3472 4839 3546 4885 est
3583 4845 3636 4890 es

2040 4939 2231 4995 cultor.
2266 4936 2410 4993 Misit
2450 4951 2533 4989 me
2582 4949 2706 4988 vero
2748 4930 2995 4985 dominus
3036 4942 3180 4979 meus
3229 4922 3407 4977 ultum
3446 4920 3637 5001 serio,

2041 5048 2161 5105 qua:
2200 5033 2259 5086 in
2300 5046 2420 5084 eum
2466 5026 2662 5100 probra
2706 5023 2821 5078 heri
2838 5023 3054 5088 jactata
3104 5025 3249 5081 sunt,
3274 5014 3638 5082 curiosiusque

2043 5125 2398 5188 observatum,
2443 5138 2548 5195 quo
2578 5120 2824 5175 nimirum
2879 5113 3186 5187 pamitentia
3232 5111 3420 5165 ductus
3463 5108 3637 5175 ipsum

2046 5219 2270 5290 recipias
2300 5224 2457 5288 atque
2484 5233 2518 5269 α
2554 5214 2661 5268 Deo
2693 5212 2901 5267 alienus
2920 5208 3045 5279 ﬁas,
3077 5206 3218 5279 quod
3243 5211 3292 5258 et
3328 5218 3431 5257 non
3454 5200 3640 5269 paucis

2047 5310 2168 5366 aliis
2210 5311 2351 5381 fecit.
2392 5308 2467 5365 Tu
2498 5308 2761 5363 enimvero
2795 5304 2971 5360 cruris
3016 5308 3297 5357 armatura
3344 5291 3638 5352 invalidum

1679 5655 1909 5715 VABIA'Z
1946 5653 2351 5718 LECTIONES.

426 5791 477 5827 δε
501 5795 529 5845 ὁ
558 5809 666 5846 Ulli.
696 5793 758 5848 P.
834 5793 877 5827 ⁸¹
924 5792 1189 5864 ἀσφάλεια
1213 5790 1301 5848 ἵνα
1324 5790 1402 5866 μὴ
1430 5787 1777 5861 διαρἷθτὶχθῗὶῖ

1612 5836 1662 5860 ΙΙκ
