4140 6042
400 154 507 216 763

1618 154 2000 219 SYIIEONIS
2044 156 2418 222 MAGISTRI

3555 157 3660 219 ’164

402 261 731 333 prteposltns
761 277 888 316 cum
915 260 1175 316 omnibus
1225 260 1569 331 legionibus;
1602 275 1976 335 consertaque

2085 272 2216 324 πᾶσι
2251 273 2362 332 τοίς
2396 270 2597 339 θέμασι
2619 284 2633 298 ο
2690 266 2781 321 καὶ
2819 264 3099 336 συμϐολῆς
3151 265 3448 337 γενομένης
3502 268 3657 338 μόνος

402 371 581 428 pugna
622 356 711 409 vix
742 370 884 409 unus
934 352 1026 407 ille
1055 353 1295 409 evadere
1337 353 1539 423 potuit,
1576 356 1808 427 reliquis
1871 374 1981 429 qua

400 449 615 503 necatis
648 462 758 516 qua
780 447 978 516 captis.
1010 446 1261 517 Contigit
1287 461 1422 501 vero
1458 448 1624 503 etiam
1653 450 1789 504 solis
1839 450 1981 506 deli-

399 540 618 609 quium,
655 548 716 594 ut
739 548 797 593 et
827 554 935 593 nox
960 554 1061 609 per
1089 538 1281 593 horam
1313 539 1531 594 tertiam
1560 551 1708 595 esset
1733 552 1791 596 et
1810 544 1982 599 stella:

400 641 757 703 apparerent.
802 630 925 687 Orti
979 631 1145 686 etiam
1174 629 1324 685 venti
1354 631 1520 686 validi
1574 643 1631 687 et
1683 633 1899 699 fulgura
1924 643 1983 690 et

401 727 670 789 tonitrua,
701 725 907 796 quibus
934 732 1162 795 septena
1202 723 1380 794 capita
1416 724 1707 794 perierunt
1739 725 1794 783 in
1835 726 1981 783 Foro

399 820 712 877 combusta.

470 893 526 970 ἑ.
580 912 805 983 Imperii
861 909 1063 966 Leonis
1117 924 1264 964 anno
1313 908 1481 964 tertio
1534 917 1846 982 expugnata
1910 910 1980 966 ab

403 1005 669 1077 Agarenis
730 1005 930 1060 Samus
981 1002 1177 1058 civitas
1217 1001 1456 1065 munita,
1505 1005 1738 1073 ejusque
1777 1011 1981 1074 przetor

402 1100 661 1172 Paspalas
705 1098 954 1167 captivus
988 1096 1265 1150 abductus
1317 1105 1421 1151 est.
1472 1094 1778 1166 Imperator
1812 1098 1978 1154 Zoctn

398 1191 627 1245 lantur.
653 1190 817 1244 liliam
850 1188 903 1242 in
934 1186 1218 1241 amoribus
1254 1186 1487 1249 habens,
1516 1185 1779 1241 Zautzam
1809 1188 1982 1259 impe-

403 1282 603 1337 ratoris
635 1293 844 1351 patrem
893 1278 1204 1342 constituit,
1233 1291 1438 1331 novum
1493 1275 1599 1333 hoc
1636 1280 1867 1334 honoris
1908 1282 1980 1335 ti-

402 1376 521 1431 tulo
580 1380 945 1429 commentus.
1001 1370 1238 1441 Sytneon
1293 1370 1654 1440 Bulgarortnn
1722 1374 1981 1444 princeps

403 1468 665 1524 Romam):
690 1465 919 1520 ditionis
938 1462 1059 1519 loca
1085 1462 1303 1519 infestis
1326 1464 1499 1534 signis
1529 1464 1801 1520 invadens
1833 1467 1980 1522 Tur-

401 1577 596 1617 eorum
651 1561 879 1615 adversa
931 1560 1050 1614 acie
1097 1567 1394 1628 superatus
1440 1567 1543 1614 est.
1596 1559 1727 1628 Ejus
1775 1560 1977 1629 captivi

2084 360 2249 426 αὐτὸς
2307 365 2336 416 ὁ
2386 353 2796 425 Κώνσταντῖνος
2862 360 3016 430 μέλις
3073 359 3314 430 ἠδυνήθη
3370 358 3658 427 διαφυγεῖν

2082 452 2191 507 τῶν
2230 453 2409 507 ἄλλων
2435 451 2752 521 σφαγέντων
2792 452 2887 505 καὶ
2931 451 3336 523 κρατηθέντων.
3377 450 3573 519 Γέγονε
3602 450 3663 505 ει

2082 544 2178 597 καὶ
2203 542 2449 612 ἔκλειψις
2490 541 2714 615 ἡλιακὴ,
2759 541 2835 605 ὡς
2888 542 2985 594 καὶ
3022 538 3195 594 νύκτα
3249 540 3506 608 γενέσθαι
3568 542 3662 594 ἐπὶ

2081 632 2231 706 ὥρας
2266 640 2312 703 γ’
2364 635 2460 689 καὶ
2489 635 2615 698 τοὺς
2666 633 2905 704 ἀστέρας
2948 633 3259 702 φαίνεσθαι.
3311 632 3569 701 Γεγόνασι
3605 632 3664 687 δὲ

2082 730 2176 782 καὶ
2209 728 2405 801 ἄνεμοι
2455 727 2679 798 σφοδροὶ
2734 725 2829 781 καὶ
2854 725 3135 797 ἀστραπαὶ
3189 724 3285 780 καὶ
3329 725 3573 797 βρονταὶ,
3601 726 3663 790 ἐξ

2080 816 2155 876 ὧν
2189 822 2433 893 ὲκάησαν
2461 820 2521 875 ὲν
2546 818 2625 890 τῷ
2656 819 2809 890 φόρῳ
2834 818 3115 889 ἄνθρωποι
3142 817 3306 873 ἑπτά.

2153 921 2221 984 γ’.
2256 914 2345 984 Τῷ
2373 920 2422 983 γ’
2451 911 2616 967 αὐτοῦ
2649 910 2762 965 ἔτει
2794 910 3161 983 ὲπολιορκήθη
3193 911 3229 981 ἡ
3258 911 3440 980 Σάμος
3462 908 3526 965 τὸ
3562 908 3663 965 κά-

2082 1023 2246 1080 στρον
2298 1000 2404 1060 ὑπὸ
2451 1004 2560 1059 τῶι.
2611 1002 2955 1075 Ἀγαρηνῶν.
3013 1003 3109 1055 καὶ
3163 999 3597 1071 αἰχμαλωτίσθη
3631 1001 3662 1053 ὁ

2082 1097 2389 1169 στρατηγὸς
2433 1097 2599 1151 αὑτοῦ
2631 1096 2660 1147 ὁ
2690 1094 3016 1155 Πασπαλᾶς.
3071 1093 3472 1163 Συμφιλιωθεὶς
3520 1093 3577 1147 δδ
3632 1095 3663 1147 6

2083 1190 2339 1261 βασιλεὺς
2362 1190 2483 1261 Ζωῇ
2507 1190 2572 1260 τῇ
2598 1188 2829 1258 θυγατρὶ
2855 1186 2953 1239 τοῦ
2978 1184 3224 1251 Ζαούτζα
3249 1184 3663 1257 προχειρίζεται

2080 1282 2245 1337 αὐτὸν
2274 1281 2731 1351 βασιλεοπάτορα,
2753 1279 2916 1343 αὐτὸς
2945 1278 3353 1347 καινουργῆσας
3382 1278 3441 1332 τὸ
3464 1278 3656 1347 ὄνομα.

2081 1378 2307 1447 Συμεὼν
2368 1377 2399 1430 ὀ
2459 1376 2645 1446 ἄρχων
2714 1371 3051 1442 Βουλγαρίας
3103 1371 3462 1443 ἐπιστρατεύει
3515 1374 3657 1426 κατὰ

2094 1473 2406 1542 Ῥωμαίων,
2463 1471 2560 1525 καὶ
2621 1470 2953 1541 πολεμηθεὶς
3014 1470 3167 1540 παρὰ
3230 1469 3341 1523 τῶν
3396 1468 3659 1537 Τούρκων

2081 1567 2307 1637 ἡττήθη,
2339 1565 2434 1621 καὶ
2466 1567 2621 1620 πᾶσα
2652 1563 3004 1635 αίχμαλωσία
3048 1563 3331 1635 ἠγοράσθη
3377 1563 3526 1633 παρᾶ
3562 1561 3661 1615 τοῦ

400 1670 598 1711 omnes
645 1653 715 1708 ab
777 1653 1110 1721 imperatore
1144 1649 1415 1721 redempti
1446 1660 1596 1705 sunt.
1631 1651 1791 1721 702
1837 1653 1976 1706 Tum

2085 1660 2366 1731 βασιλέως.
2408 1656 2542 1713 Εἶτα
2589 1658 2757 1712 πάλιν
2805 1658 2997 1727 τρέπει
3045 1659 3174 1720 τοὺς
3212 1656 3511 1727 Τούρκους,
3564 1653 3661 1710 καὶ

405 1763 596 1805 rursus
626 1747 716 1801 ille
742 1745 955 1799 Turcos
986 1745 1104 1799 acie
1146 1743 1364 1807 fundit,
1390 1742 1682 1813 oblataque
1714 1744 1979 1812 petitione

402 1840 601 1908 recipit
629 1836 896 1908 captivos,
959 1844 1015 1891 et
1050 1850 1241 1901 pacem
1274 1835 1425 1889 facit.
1464 1835 1574 1889 Nec
1633 1836 1807 1891 multo
1858 1847 1980 1905 post

397 1945 597 1986 everso
647 1946 842 1984 rursus
886 1928 1039 1997 pacis
1085 1927 1294 1982 findere
1325 1928 1680 1981 commissum
1727 1928 1979 1996 praelium

400 2024 469 2080 ad
517 2023 1019 2093 Bulgarophygum,
1071 2022 1252 2075 locum
1307 2020 1389 2075 sic
1448 2019 1682 2085 dictum,
1744 2022 1983 2093 fusoque

401 2117 667 2172 universo
695 2116 939 2170 exercitu
988 2130 1097 2168 una
1125 2127 1320 2167 omnes
1359 2112 1514 2167 clade
1549 2116 1807 2183 prostrati
1850 2125 1981 2172 sunt

400 2220 565 2278 atque
597 2208 801 2270 enecti,
826 2216 884 2261 et
913 2208 967 2261 in
998 2207 1079 2262 eis
1122 2206 1453 2261 Theodorus
1494 2211 1977 2277 protovestiarius.

400 2300 685 2370 Stephano
738 2300 1051 2369 patriarcha
1092 2299 1202 2353 vita
1237 2298 1447 2363 functo,
1502 2300 1622 2370 ejus
1653 2300 1775 2355 loco
1803 2301 1979 2358 Anto-

400 2394 528 2449 nius
555 2391 787 2449 Cauleas
818 2391 1133 2446 ordinatur.

471 2487 525 2542 4.
596 2486 816 2555 Imperii
883 2485 1088 2539 Leonis
1146 2500 1290 2539 anno
1350 2484 1586 2555 septimo
1638 2484 1979 2541 Chersonitze

397 2586 691 2651 prmtorcm
724 2593 886 2631 suum
946 2578 1427 2632 contrucidarunt.
1480 2577 1683 2632 Corum
1716 2578 1978 2648 oppidum

399 2671 455 2727 in
482 2670 830 2740 Cappadocia
857 2670 928 2724 ah
957 2670 1223 2740 Agarenis
1251 2679 1492 2740 captum.
1520 2670 1686 2725 Facto
1717 2686 1976 2739 processu

398 2780 524 2819 cum
554 2764 663 2817 Leo
686 2763 985 2831 imperator
1013 2762 1081 2816 ad
1111 2761 1168 2816 S.
1191 2761 1441 2816 Damiani
1474 2763 1737 2824 venisset.
1760 2779 1978 2833 unaque

395 2858 564 2914 ctiam
598 2857 817 2926 imperii
859 2856 1058 2926 adjuva
1082 2855 1318 2910 Zautzas
1346 2856 1589 2919 adesset,
1629 2872 1844 2912 necnon
1868 2858 1978 2912 Zoe

399 2949 617 3005 Zautza:
649 2949 757 3002 lilia
801 2950 997 3016 (prima
1039 2950 1187 3003 enim
1212 2950 1333 3016 ejus
1371 2965 1507 3002 uxor
1538 2948 1880 3018 TheOphano
1922 2950 1974 3003 in

398 3054 587 3099 sancta
616 3044 755 3096 Suro
790 3041 1215 3095 Blachernarutn
1260 3041 1523 3110 precibus
1556 3040 1776 3094 assidua
1808 3042 1973 3113 erat),

397 3135 691 3190 consilium
748 3134 994 3187 inierunt
1037 3130 1256 3187 Zautzze
1302 3134 1544 3202 cognati,
1590 3142 1701 3185 tum
1739 3132 1978 3188 Tzantcs

401 3237 519 3282 tum
553 3227 771 3296 reliqui.
798 3236 859 3280 ut
899 3226 1286 3296 imperatorem
1321 3234 1603 3279 necarent.
1637 3225 1748 3280 Zoe
1790 3236 1977 3280 autem

401 3320 455 3377 in
486 3321 837 3392 imperatoris
858 3321 982 3375 sinu
1016 3319 1321 3382 dormiens,
1359 3329 1419 3373 ut
1444 3318 1649 3373 malum
1682 3321 1856 3375 sensit
1878 3322 1980 3375 de-

400 3413 810 3484 prehenditquc
840 3409 1092 3474 insidias,
1130 3411 1305 3479 ipsum
1337 3412 1631 3478 excitavit;
1657 3413 1979 3469 confestim-

400 3522 512 3576 que
534 3506 752 3575 navigio
786 3505 839 3559 in
866 3504 1039 3573 Pegas
1066 3505 1519 3571 transfretarunt,
1552 3521 1618 3561 ac
1643 3522 1802 3563 mane
1838 3509 1981 3564 cclc-

402 3595 522 3649 rins
543 3594 609 3650 ad
633 3594 895 3665 palatium
924 3610 1045 3649 sese
1064 3604 1417 3665 receperunt.

474 3778 527 3837 8.
558 3776 673 3837 Hoc
702 3793 848 3834 anno
876 3775 1221 3848 Theophane
1243 3778 1485 3848 Angusta
1516 3778 1662 3833 diem
1696 3778 1834 3845 obit,
1853 3798 1978 3838 cum

405 3870 739 3940 imperasset
771 3885 946 3925 annos
978 3870 1295 3925 duodecim.
1332 3867 1486 3924 Ilanc
1533 3872 1677 3926 Deus
1708 3884 1829 3942 post
1870 3890 1980 3929 non

403 3963 608 4017 multos
632 3962 750 4016 dies
778 3961 1172 4017 miraculorum
1206 3962 1541 4018 eﬂ‘ectricem
1597 3965 1858 4033 reddidit,
1901 3967 1983 4023 id-

404 4055 556 4109 circo
594 4055 741 4125 quod
784 4054 1070 4125 zelotypia
1111 4054 1245 4108 vitio
1273 4055 1409 4109 nihil
1444 4055 1724 4123 laborans,
1752 4074 1854 4115 nec
1895 4059 1982 4116 in-

401 4147 670 4217 iuriarum
704 4146 1002 4217 quidquam
1031 4162 1264 4211 memor,
1295 4147 1661 4217 eleemosynis
1692 4159 1745 4204 et
1777 4152 1984 4208 oratio-

404 4242 569 4296 nibus
606 4240 717 4295 Dco
747 4241 966 4296 assidue
996 4249 1238 4295 vacaret.
1296 4240 1470 4295 Porro
1521 4240 1633 4295 Leo
1681 4242 1984 4312 imperator

401 4334 632 4389 alteram
656 4334 945 4402 conjugem
978 4349 1131 4387 suam
1149 4332 1314 4386 Zoem
1340 4331 1557 4387 Zautza:
1586 4332 1753 4387 tiliam
1775 4351 1979 4392 corona

403 4422 650 4484 donavit.
701 4423 861 4493 703
912 4438 976 4477 ac
1028 4438 1153 4478 cum
1198 4438 1285 4485 ea,
1338 4434 1727 4493 comprecante
1773 4425 1981 4483 clerico

402 4514 641 4585 quodam
674 4513 961 4582 Syneupes
1005 4513 1253 4578 nomine,
1309 4512 1755 4571 benedictionem
1805 4517 1976 4573 subit.

404 4602 507 4671 Qui
548 4604 930 4659 benedictione
962 4603 1307 4673 imparticrat
1340 4604 1612 4666 minister,
1642 4604 1821 4661 ollicio
1860 4622 1980 4662 m0-

406 4703 499 4749 tus
523 4703 608 4749 est
639 4712 651 4747 :
682 4694 791 4749 Zoe
823 4710 973 4757 vero,
1005 4711 1207 4749 annum
1265 4711 1434 4750 unum
1470 4710 1689 4753 menses
1714 4705 1842 4751 octo
1880 4699 1983 4751 im-

405 4788 564 4858 perio
586 4787 780 4857 potita.
809 4787 1069 4842 defuncta
1096 4797 1198 4841 est.
1230 4786 1457 4841 Inventa
1480 4795 1664 4843 autem
1699 4797 1784 4843 est
1819 4806 1979 4857 urna,

404 4879 471 4934 ad
497 4880 617 4951 ejus
640 4878 991 4934 condendam
1023 4880 1279 4943 cadaver,
1302 4880 1503 4935 litteris
1526 4881 1801 4951 ejusmodi
1832 4881 1983 4938 intus

407 4972 731 5041 insculpta:
764 4969 904 5025 Filia
963 4970 1248 5041 Babylonis
1289 4973 1506 5026 misera.
1570 4972 1726 5027 llaud
1785 4975 1979 5042 procul

407 5072 617 5127 autem.
644 5078 834 5119 mense
858 5064 1019 5127 Maio,
1052 5074 1335 5119 exstructo
1364 5066 1571 5135 templo
1604 5065 1765 5120 titulo
1785 5064 1985 5123 Sancta

406 5157 542 5220 Zoe,
572 5173 691 5211 eam
728 5156 1004 5227 sepelivit.
1032 5158 1210 5227 Prope
1250 5157 1416 5212 etiam
1452 5160 1712 5227 templum
1754 5158 1989 5216 Sancto-

412 5264 533 5301 rum
560 5248 970 5317 Apostolorum,
1011 5249 1280 5318 cocmptis
1309 5248 1421 5304 Leo
1449 5249 1748 5320 imperator
1776 5250 1987 5307 aedibus

414 5328 804 5409 perpulchram
847 5338 1137 5395 ecclesiam
1165 5340 1424 5396 asdilicat.
1475 5341 1675 5412 prioris
1701 5357 1814 5397 sua:
1851 5358 1986 5399 con-

408 5432 555 5503 jugis
579 5430 949 5502 Theophanus
992 5433 1253 5500 nomine;
1292 5435 1451 5504 cujus
1496 5445 1552 5489 ct
1600 5434 1764 5489 funus
1810 5435 1865 5489 in
1923 5450 1986 5491 ea

414 5522 662 5594 deponit.

2085 1754 2224 1824 μετὰ
2255 1753 2525 1823 αἰτήσεως
2577 1751 3024 1820 ἁναλαμὸἀνεται
3071 1750 3199 1812 τοὺς
3250 1746 3657 1818 αἰχμαλώτους,

2082 1846 2176 1898 καὶ
2211 1847 2356 1899 ποιεῖ
2391 1846 2638 1915 εἰρήνην.
2687 1844 2797 1896 Καὶ
2838 1845 2958 1913 μετ’
3012 1843 3192 1910 ὀλίγον
3252 1839 3659 1910 ἀνατραπείσης

2082 1941 2247 1993 πάλιν
2271 1940 2368 2009 τῆς
2389 1939 2637 2009 εἰρήνης,
2668 1937 2880 2005 γίνεται
2904 1937 3140 2005 πόλεμος
3171 1936 3249 1998 είς
3267 1936 3325 1989 τὸ
3351 1932 3658 2001 Βουλγαρὸ-

2082 2049 2277 2102 φύγον,
2350 2034 2444 2086 καὶ
2502 2031 2713 2102 τροπῆς
2774 2030 3047 2100 δημοσίας
3101 2028 3405 2097 γενομένης
3456 2026 3658 2086 πάντες

2083 2126 2381 2191 ἀπώλοντο,
2436 2126 2529 2189 καὶ
2580 2124 2608 2175 ὁ
2653 2123 3150 2195 πρωοὸεστιὰριος
3192 2121 3489 2190 Θεόδωρος.
3525 2117 3656 2169 Στε-

2082 2218 2252 2285 φάνου
2335 2216 2759 2285 τελευτήσαντος
2835 2215 3178 2285 πατριάρχου
3268 2211 3658 2281 χειροτονεῖται

2083 2308 2197 2360 ἀντ’
2243 2307 2409 2360 αὑτοῦ
2473 2307 2819 2378 πατριάρχης
2866 2305 3157 2367 ’Δντώνιος
3212 2303 3304 2355 6⁷⁷
3363 2301 3659 2370 λεγόμενος

2042 2397 2049 2401 ’
2082 2398 2356 2460 Καυλέας.

2151 2491 2211 2545 δ’.
2251 2490 2343 2561 Τῷ
2377 2491 2421 2555 ζ’
2452 2489 2617 2543 αὑτοῦ
2665 2488 2778 2542 ἔτει
2806 2483 3049 2556 ἔσφαξαν
3091 2485 3140 2540 el
3172 2484 3517 2554 Χερσωνῐται
3567 2481 3661 2536 τὸν

2083 2583 2392 2654 στρατηγὸν
2444 2584 2645 2640 αὐτῶν.
2686 2581 3020 2651 Παρελήφθη
3070 2579 3166 2632 καὶ
3212 2579 3275 2633 τδ
3308 2579 3545 2650 κάστρον
3598 2575 3661 2629 τὸ

2084 2676 2261 2745 Κόρον
2291 2675 2349 2728 ὲν
2382 2676 2756 2746 Καππαδοκίᾳ
2787 2673 2891 2726 ὑπὸ
2924 2671 3035 2726 τῶν
3076 2671 3418 2742 ’Δγαρηνῶν.
3466 2667 3524 2723 Ὀ
3559 2671 3656 2740 βα-

2084 2767 2265 2829 σιλεὺς
2292 2767 2446 2820 Λέων
2492 2769 2796 2834 πρόκενσον
2832 2765 3065 2837 ποιήσας
3120 2765 3203 2827 εἰς
3243 2767 3312 2817 τὰ
3360 2761 3658 2833 Δαμιανοῦ,

2084 2861 2334 2921 συνόντος
2367 2860 2587 2913 καὶτοῦ
2645 2856 3223 2928 παραδυναστεύοντος
3262 2854 3511 2916 Ζαούτζα
3565 2854 3662 2905 καὶ

2080 2946 2177 3012 τῆς
2208 2944 2477 3015 θυγατρὸς
2526 2944 2690 3000 αὑτοῦ
2745 2946 2900 3017 Ζωῆς
2945 2944 3064 3014 ἅμα
3098 2944 3176 3015 τῷ
3209 2943 3420 3014 βασιλεῖ
3462 2943 3519 3013 (ὴ
3550 2941 3661 3011 γὰρ

2086 3036 2273 3108 πρώτη
2302 3036 2467 3092 αὐτοῦ
2491 3039 2705 3110 γαμετὴ
2735 3036 2992 3104 Θεοφανὼ
3014 3038 3072 3089 ὲν
3097 3039 3165 3108 τῇ
3193 3034 3350 3105 ’Δγία
3372 3034 3524 3104 Σορῷ
3554 3033 3663 3087 τῶν

2084 3130 2403 3201 Βλαχερνῶν
2458 3131 2896 3203 προσεκαρτέρει
2938 3128 3271 3199 εὐχομένη),
3333 3126 3663 3196 συμϐούλιον

2085 3226 2347 3296 ἐποίησαν
2380 3226 2429 3279 οἰ
2454 3225 2551 3279 τοῦ
2578 3224 2819 3290 Ζαούτζα
2848 3227 3155 3294 συγγενεῖς,
3199 3226 3227 3278 ὃ
3268 3242 3329 3276 τε
3376 3220 3662 3288 Τζάντζης

2086 3317 2181 3371 καὶ
2206 3318 2255 3372 οἰ
2285 3318 2486 3381 λοιποὶ,
2523 3318 2782 3387 φονεῦσαι
2808 3319 2899 3370 τὸν
2930 3316 3176 3388 βασιλέα.
3196 3315 3260 3369 Ἢ
3290 3315 3412 3386 Ζωὴ
3437 3314 3495 3368 δὲ
3523 3317 3662 3385 μετὰ

2084 3407 2179 3460 τοῦ
2234 3406 2501 3479 βασιλέως
2564 3409 2902 3463 καθεύδουσα
2929 3450 2946 3471 .
2980 3407 3064 3482 [Ρ.
3097 3406 3225 3481 465]
3256 3407 3332 3472 ὡς
3366 3408 3562 3479 ᾔσθετο
3603 3407 3665 3459 τὸ

2084 3500 2279 3562 δεινὸν,
2329 3498 2618 3567 ἐξύπνισεν
2651 3502 2847 3555 αὐτόν’
2906 3502 3002 3555 καὶ
3054 3499 3304 3569 παρευθὺ
3354 3501 3435 3562 είς
3477 3498 3666 3552 πλοῖον

2083 3590 2419 3662 διεπέρασαν
2445 3596 2523 3658 εἰς
2552 3593 2761 3663 Πηγὰς,
2794 3593 2976 3647 καὶτὸ
3009 3593 3158 3665 πρωϊ
3198 3593 3385 3664 τάχιον
3413 3592 3665 3662 εἰσῆλθεν

2086 3698 2111 3733 ε
2122 3686 2167 3746 Ξς
2191 3682 2251 3736 τὸ
2278 3684 2559 3739 παλάτιον.

2156 3770 2218 3828 ι’.
2262 3774 2451 3844 Τούτῳ
2498 3774 2576 3844 τῷ
2628 3774 2739 3829 ἔτει
2794 3774 3027 3846 τελευτᾷ
3066 3772 3328 3842 Θεοφανὼ
3360 3772 3664 3838 amem,

2090 3867 2460 3938 βασιλεύσασα
2489 3867 2587 3937 ἐτη
2624 3868 2687 3937 ιβ’
2709 3885 2721 3897 ·
2748 3868 2817 3939 ἢν
2847 3869 2967 3937 μετ’
2995 3869 3057 3921 ού
3091 3867 3294 3928 πολλὰς
3330 3867 3543 3938 ἡμέρας
3574 3868 3669 3919 ἁν-

2087 3961 2289 4028 ἐδειξεν
2316 3964 2345 4016 ὁ
2371 3963 2504 4027 Θεὸς
2535 3961 2955 4033 θαυματουργδν
2983 3960 3075 4016 διὰ
3106 3960 3168 4015 τὸ
3198 3961 3542 4029 ἀζηλότυπον
3579 3962 3671 4013 αὖ·

2088 4057 2188 4126 τῆς
2242 4056 2337 4111 καὶ
2399 4056 2785 4128 ἀμνησίκακον
2850 4055 2945 4109 καὶ
3007 4056 3066 4108 ἐν
3119 4053 3514 4125 ἑλεημοσύναις
3573 4053 3667 4106 καὶ

2091 4153 2425 4221 προσευχαῖς
2479 4149 2844 4211 ἀδιαλείπτως
2903 4150 3342 4219 προσκαρτερεῖν
3387 4144 3466 4215 τῷ
3524 4144 3666 4214 θεῷ.

2093 4244 2360 4313 Ἐστεψεν
2397 4242 2453 4295 δὲ
2485 4242 2637 4296 Λέων
2682 4242 2711 4293 ὁ
2752 4239 3008 4311 βασιλεὺς
3064 4239 3162 4310 τὴν
3213 4238 3472 4310 δευτέραν
3501 4237 3668 4292 αὐτοῦ

2090 4338 2330 4404 γυναῖκα
2359 4335 2515 4403 Ζωὴν
2538 4332 2639 4403 τὴν
2668 4331 2948 4403 θυγατέρα
3001 4328 3097 4384 τοῦ
3132 4328 3397 4393 Ζαούτζα,
3446 4328 3543 4382 καὶ
3580 4330 3670 4381 εύ-

2086 4429 2326 4498 λογεῖται
2357 4428 2476 4498 μετ’
2516 4427 2687 4495 αὐτῆς
2722 4425 2874 4495 παρά
2924 4440 3069 4487 τινος
3114 4421 3380 4492 κληρικοῦ
3411 4421 3508 4474 τοῦ
3543 4422 3663 4474 ὲπί-

2087 4522 2227 4590 κλην
2254 4519 2520 4590 Σινεύπης
2540 4519 2609 4572 ⁷⁸.
2648 4521 2756 4573 Καὶ
2785 4520 2813 4572 ὀ
2841 4517 2941 4589 μιν
2965 4516 3271 4586 εὐλογήσας
3308 4514 3611 4587 καθῃρέθη.
3633 4514 3667 4583 ἡ

2085 4612 2143 4667 δὲ
2191 4613 2538 4667 ἐϐασίλευσεν
2590 4611 2706 4675 ἔτος
2741 4609 2789 4665 α’
2832 4609 3005 4680 μῆνας
3059 4614 3133 4678 η’,
3165 4610 3260 4661 καὶ
3293 4606 3667 4678 ἐτελεύτησεν.

2099 4703 2364 4777 Ἐφεῦρον
2424 4703 2483 4759 δὲ
2527 4704 2779 4774 λάρνακα
2814 4704 2892 4765 εἰς
2926 4702 2989 4754 τὸ
3025 4699 3362 4769 ἀποτεθῆναι
3409 4699 3468 4752 τὸ
3507 4698 3670 4769 σῶμα

2089 4798 2284 4868 αὐτῆς.
2346 4797 2576 4868 ἔχουσαν
2634 4796 2839 4849 ἔσωθεν
2905 4795 3216 4865 γράμματα
3277 4790 3671 4862 κεκολαμμένα

2087 4890 2369 4961 γράφοντα
2394 4888 2602 4951 οὕτως’
2637 4885 2911 4955 Θυγάτηρ
2963 4881 3325 4948 Βαϐυλῶνος
3370 4881 3408 4945 ἡ
3465 4881 3670 4933 ταλαί·

2089 4998 2305 5053 πωρος.
2337 4980 2575 5052 Πλησίον
2602 4979 2683 5039 δὲ,
2712 4979 2805 5033 τοῦ
2830 4978 3010 5033 Μαΐου
3045 4975 3214 5048 μηνὸς
3235 5016 3249 5039 ,
3305 4972 3670 5042 οἰκοδομήσας

2089 5077 2246 5141 ναὸν,
2290 5076 2389 5147 τὴν
2441 5074 2606 5143 ἁγίαν
2675 5070 2851 5142 Ζωὴν,
2913 5067 3269 5140 κατατίθησιν
3300 5067 3493 5137 αὐτὴν.
3560 5065 3671 5120 Καὶ

2090 5166 2317 5237 πλησίον
2335 5164 2445 5219 τῶν
2458 5163 2659 5232 ’Λγίων
2695 5160 3036 5217 ’Λποστόλων
3066 5156 3483 5229 ἐξωνησάμενος
3511 5156 3672 5223 οἰκή-

2098 5274 2243 5326 ματα
2274 5254 2427 5308 Λέων
2457 5256 2485 5308 ὁ
2519 5252 2777 5324 βασιλεὺς
2828 5250 3005 5314 κτίζει
3034 5247 3335 5318 ἐκκλησίαν
3363 5245 3668 5319 περικαλλῆ

2094 5348 2173 5408 εἰς
2206 5346 2377 5415 ὄνομα
2407 5343 2670 5412 Θεοψανῶ
2696 5341 2795 5411 τῆς
2824 5338 3051 5410 πρώτης
3073 5335 3242 5392 αὑτοῦ
3274 5333 3556 5406 γυναικὸς,
3579 5333 3670 5384 καὶ

2097 5438 2425 5502 κατατίθησι
2460 5436 2552 5491 καὶ
2587 5434 2793 5503 ταύτην
2821 5434 2958 5486 ἐκεῖ.

1660 5618 1889 5676 VABUE
1953 5617 2351 5677 LECTIONES.

496 5710 535 5738 ’⁷
563 5713 588 5763 ὁ
616 5725 725 5766 om.
763 5708 817 5764 Γ.
897 5710 937 5741 τ·
966 5709 1202 5777 Σινείπης
1238 5722 1423 5779 margo
1462 5706 1523 5763 Ρ.
