4140 6042
384 180 385 183 “
456 168 561 233 ’171

1685 178 2069 239 SYMEONIS
2108 176 2476 239 MAGISTBI

3595 178 3704 240 772

455 287 706 357 adiutore
749 299 817 343 ac
852 285 1006 343 socio
1056 286 1126 344 ad
1153 304 1317 346 omne
1365 292 1549 347 scelus
1603 308 1665 348 ac
1716 296 2011 364 nequitiam

2126 295 2292 350 αὐτοῦ
2327 299 2464 368 πρὸς
2494 297 2674 351 πᾶσαν
2705 295 3053 368 παρανομίαν
3080 295 3173 350 καὶ
3196 293 3415 359 κακίαν,
3444 296 3539 350 καὶ
3562 301 3703 350 κατὰ

457 389 736 445 uteretur;
756 378 1029 451 animoque
1050 382 1317 440 adversus
1339 384 1640 439 Ecclesiam
1672 387 1851 441 moliri
1883 387 2020 442 inci-

452 472 633 540 piunt.
690 472 1050 529 Accersentes
1097 477 1245 530 enim
1293 476 1579 533 Nicolaum
1651 481 2026 549 patriarcham

449 565 615 616 etiam
644 573 809 632 atque
836 566 1002 620 etiam
1032 574 1227 638 rogant
1260 578 1321 625 ut
1348 578 1670 639 quartarqu
1705 571 2023 640 nuptiarum

449 655 537 710 lex
568 655 888 726 recipiatur.
919 659 1077 724 Quod
1100 676 1232 717 vero
1266 660 1313 716 is
1338 661 1391 716 iu
1425 676 1544 716 eam
1594 676 1655 718 se
1693 663 2020 718 sententiam

448 747 646 802 adduci
672 748 896 805 minime
925 765 1118 820 passus
1138 761 1320 815 esset,
1352 767 1451 824 per
1476 755 1841 811 Bucoleonem
1870 755 2022 812 liutri

449 838 769 908 impositum
812 840 865 895 in
904 839 1147 897 Hicriam
1174 844 1540 915 trajecerunt;
1581 846 1821 917 indeque
1853 847 2024 920 pedes

445 930 515 985 ad
538 930 889 996 Galacrenas,
945 934 1063 989 solo
1095 936 1314 1005 copiosa
1358 940 1485 992 nive
1525 947 1829 1004 constrato.
1878 955 2020 1011 aegre

436 1024 719 1093 pervenit.
753 1024 888 1095 Ejus
916 1042 1051 1083 vero
1076 1027 1200 1083 loco
1237 1030 1528 1085 ordinatur
1570 1032 1880 1102 patriarcha
1910 1034 2023 1089 Eu-

447 1115 692 1188 thymius
748 1119 1065 1191 syncellus,
1095 1122 1182 1175 vir
1206 1122 1460 1194 religiosa
1516 1123 1787 1181 modestia
1841 1125 2021 1181 conti-

442 1221 691 1279 nensque
726 1225 790 1264 ac
824 1210 982 1266 valde
1008 1210 1155 1281 pius.
1191 1228 1354 1283 quem
1380 1230 1448 1269 ex
1474 1214 1662 1272 divina
1683 1216 2019 1274 revelatione

440 1297 842 1369 aiuntquartas
868 1300 990 1355 illas
1022 1303 1249 1371 nuptias
1279 1305 1629 1374 suscepisse;
1658 1306 1863 1378 quippe
1892 1323 2019 1362 cum

440 1388 743 1461 imperator
767 1390 1018 1447 haeresim
1050 1394 1310 1451 inducere
1336 1395 1499 1452 vellet
1522 1413 1589 1454 ac
1627 1399 1802 1470 legem
1825 1400 2016 1462 edere.

438 1480 607 1537 licere
667 1482 787 1538 viro
851 1491 959 1540 tres
1010 1497 1318 1555 quatuorve
1366 1506 1567 1546 uxores
1628 1490 1853 1558 habere,
1889 1508 2019 1549 cum

440 1571 603 1627 multi
630 1573 732 1628 viri
766 1575 1126 1631 eruditissimi
1162 1577 1215 1632 in
1248 1578 1354 1635 hoc
1376 1578 1456 1635 illi
1483 1581 1942 1653 suﬂ'ragarentur.

2124 390 2225 458 τῆς
2259 387 2586 460 Ἐκκλησίας
2608 387 2693 461 [Ρ.
2723 388 2851 459 46η
2871 390 3128 461 ἄρχονται
3161 388 3417 459 μελιτᾷν.
3448 388 3703 455 Προσκα-

2125 478 2343 534 λοῦνται
2375 480 2487 552 γὰρ
2537 480 2803 535 Νικόλαον
2838 480 2932 534 τὸν
2984 478 3366 552 πατριάρχην.
3416 479 3510 532 καὶ
3533 479 3726 533 πολὶὰ

2124 570 2414 643 λιπαροῦσι
2452 571 2709 643 δεχθῆναι
2741 574 2841 641 τὴν
2871 572 3270 644 τιτραγαμίαν.
3340 570 3490 623 Ἐπεὶ
3514 570 3570 622 δὲ
3600 570 3702 623 οὐκ

2124 662 2330 727 επεισε,
2354 664 2445 718 διὰ
2479 663 2575 718 τοῦ
2622 663 3006 728 Βουκολέοντος
3060 664 3140 727 είς
3191 660 3387 734 μικρὸν
3422 662 3701 731 πλοιάριον

2122 755 2524 826 ὶμδισάσαντες
2555 756 2634 819 τίς
2659 754 2759 828 τὴν
2799 756 3022 825 Ὶὲρειαν
3044 754 3305 825 περῶσιν,
3329 754 3425 821 ἀφ’
3460 750 3526 826 ἦς
3558 754 3699 823 πεζῇ

2126 849 2288 922 μέχρι
2319 847 2691 920 Γαλακρηνῶν
2724 849 2878 919 μόλις
2911 848 3100 921 ἀπῄει,
3141 848 3315 919 χιόνος
3342 847 3700 917 ἐπικειμένης

2122 940 2342 1008 πολλῆς.
2370 941 2772 1011 Χειροτονιτται
2803 939 2860 996 δὲ
2905 940 3022 994 ἀντ’
3054 939 3218 994 αὑτοῦ
3248 940 3525 1010 Εὑθύμιος
3561 940 3697 1006 σύγ-

2119 1032 2309 1096 κελλος
2338 1035 2420 1096 είς
2451 1032 2841 1105 πατριαρχίαν,
2877 1032 3016 1106 ἀνὴρ
3041 1031 3397 1105 ἱεροπρεπὴς,
3425 1034 3698 1103 ἐγκρατής

2118 1141 2178 1179 τε
2203 1125 2299 1179 καί
2321 1124 2556 1198 εὐλαϐὴς
2586 1125 2730 1179 πάνυ
2748 1140 2767 1158 ο
2794 1124 2854 1179 δν
2877 1142 3012 1195 φασι
3060 1124 3458 1192 καταδέξασθαι
3483 1124 3584 1195 τὴν
3612 1140 3699 1176 τε-

2117 1217 2434 1288 τραγαμίαν
2458 1217 2518 1284 ἐξ
2559 1215 2958 1287 ἀποκαλύψεως
3006 1216 3178 1283 θείας,
3201 1216 3277 1281 ὡς
3305 1216 3399 1270 τοῦ
3435 1216 3700 1287 βασιλέως

2120 1304 2446 1377 βουλομένου
2482 1307 2693 1376 αἵρεσιν
2747 1308 2972 1376 ποιῆσαι
3007 1309 3101 1362 καὶ
3137 1309 3303 1378 νόμον
3341 1308 3573 1361 ἐνθεῖναι
3602 1309 3699 1361 τοῦ

2117 1398 2263 1466 ἔχειν
2282 1397 2453 1472 ἄνδρα
2474 1400 2621 1469 τρεῖς
2642 1400 2903 1467 γυναῖκας
2929 1397 2963 1470 ἢ
2989 1397 3281 1472 τέσσαρας,
3306 1398 3517 1453 πολλῶν
3538 1398 3700 1453 τοῦτο

2116 1489 2504 1558 λογικωτάτων
2530 1488 2741 1560 ἀνδρῶν
2767 1489 3173 1561 συνεργούντων
3201 1489 3372 1561 αὐτῷ.

511 1664 602 1719 20.
660 1666 840 1721 Mense
869 1667 1034 1722 Junio
1066 1679 1227 1724 ortus
1258 1680 1460 1727 ventus
1484 1671 2011 1731 Africus'l‘ritonaaus

2192 1674 2260 1725 κ’.
2294 1667 2387 1740 Τῷ
2441 1667 2649 1740 Ἰουνίῳ
2690 1667 2822 1738 μηνὶ
2868 1665 3091 1736 γέγονεν
3138 1664 3338 1738 ἄνεμος
3363 1664 3459 1737 λἰψ
3489 1666 3699 1737 Τριτω-

437 1757 834 1823 validissimus,
876 1761 1039 1831 710
1077 1764 1217 1820 adeo
1255 1771 1316 1819 ut
1344 1764 1490 1821 aedes
1524 1780 1708 1823 sacras
1741 1767 2022 1837 profanas-

438 1865 547 1920 que
572 1858 918 1918 concuteret,
961 1855 1260 1926 cunctique
1297 1856 1365 1912 ad
1391 1858 1693 1915 subdivalia
1722 1860 1840 1916 loca
1871 1860 2023 1932 fuge-

440 1949 601 2004 rent,
653 1956 718 1997 ac
761 1944 952 1999 mundi
994 1948 1527 2003 consummationem
1575 1965 1695 2005 esse
1747 1952 2018 2008 dicerent.

440 2032 538 2088 Dei
578 2041 758 2089 tamen
783 2036 1076 2092 clementia
1104 2053 1168 2093 ac
1216 2040 1464 2096 bonitate
1498 2042 1758 2097 imbrium
1782 2044 1834 2098 vi
1860 2045 2021 2112 seda-

442 2133 534 2181 tus
563 2133 669 2179 est.
1879 2118 1883 2122 ’

511 2216 599 2271 21.
649 2218 807 2273 Anno
850 2220 1112 2290 vigesimo
1172 2224 1337 2279 tertio
1376 2225 1778 2282 Saracenorum
1824 2227 2019 2284 classis

437 2306 741 2361 Romanam
770 2309 1038 2366 ditionem
1093 2311 1314 2368 invasit.
1345 2314 1646 2385 Imperator
1673 2332 1807 2371 vero
1834 2316 2019 2372 llime—

439 2399 583 2453 rium
616 2401 945 2470 logothetam
985 2404 1265 2458 navalium
1292 2406 1537 2461 omnium
1581 2408 1864 2477 copiarum
1910 2410 2016 2465 du-

436 2505 558 2547 cem
592 2506 657 2545 ac
709 2502 876 2563 caput
902 2496 1183 2564 praefecit;
1218 2499 1519 2570 scribitque
1542 2499 1859 2557 Andronico
1887 2502 2014 2558 duci

436 2592 499 2636 ut
530 2598 589 2639 se
637 2584 902 2656 adiungat
943 2586 1210 2644 Himerio.
1244 2587 1419 2645 Porro
1452 2592 1717 2648 Samonas
1748 2594 2012 2664 implaca-

434 2674 533 2731 bili
576 2676 632 2731 in
669 2677 1048 2734 Andronicum
1089 2680 1237 2749 odio,
1275 2684 1535 2753 omnique
1566 2686 1731 2740 modo
1756 2686 1931 2741 labem
1960 2687 2011 2741 ei

434 2766 637 2823 inferre
683 2768 936 2835 studens,
988 2781 1181 2826 auctor
1224 2783 1309 2827 est
1352 2772 1571 2827 cuidam
1602 2783 1664 2829 ut
1702 2777 1918 2832 occulte
1945 2776 2011 2832 ad

433 2872 561 2912 eum
596 2860 819 2925 scribat,
846 2860 983 2916 Cave
1007 2866 1078 2917 sis
1108 2882 1262 2919 naves
1292 2866 1606 2935 ingrediaris
1623 2877 1672 2922 ct
1694 2868 1759 2923 ab
1782 2868 2012 2925 Himerio

432 2952 687 3022 capiaris.
733 2952 919 3007 Multis
953 2953 1141 3026 itaque
1164 2972 1362 3027 rogans
1398 2973 1711 3028 urgensque
1740 2958 2010 3015 Androni‘

434 3057 585 3107 cum,
631 3044 1017 3115 ingruentibus
1045 3047 1330 3118 Agarenis,
1366 3060 1427 3103 ut
1466 3066 1653 3105 secum
1690 3051 1998 3122 ingredere.

436 3143 546 3200 tur,
578 3135 632 3191 id
670 3152 800 3192 vero
843 3138 1143 3207 impetrare
1172 3155 1280 3194 non
1323 3142 1523 3211 potuit.
1559 3140 1721 3197 Solus
1750 3159 1883 3213 ergo
1911 3143 2009 3198 lli-

438 3228 643 3283 merius
683 3228 737 3283 in
788 3228 845 3284 S.
892 3229 1116 3286 Thomm
1164 3232 1378 3287 solenni
1433 3234 1524 3289 die
1571 3250 1695 3289 cum
1747 3236 2012 3307 Agarcnis

432 3332 762 3390 congressus
806 3338 1058 3392 magnam
1094 3325 1381 3381 victoriam
1430 3330 1750 3397 reportavit.
1790 3330 1907 3394 Qua
1950 3345 2012 3386 re

431 3413 653 3483 cognita
683 3454 699 3478 ,
756 3414 1107 3472 Andronicus
1150 3418 1206 3471 in
1247 3418 1690 3487 desperationem
1738 3421 2011 3478 adductus

431 3516 555 3556 eum
587 3497 846 3559 amnibus
881 3520 946 3561 ac
979 3507 1245 3563 comitatu
1282 3509 1338 3563 in
1379 3508 1747 3565 defectionem
1784 3513 2011 3568 adactus

429 3601 546 3655 est:
580 3595 882 3666 abiensque
918 3594 1174 3653 Cabalam
1204 3601 1472 3670 oppidum
1523 3606 1835 3672 occupavit,
1870 3604 2009 3659 adeo

432 3693 492 3739 ut
527 3684 792 3743 Samonas
820 3688 1140 3759 imperatori
1169 3692 1489 3763 objectaret,
1522 3692 1707 3748 Nonne
1749 3694 2005 3763 dicebam,

428 3777 659 3841 domine,
687 3778 879 3833 Ducem
916 3781 1158 3835 rebellem
1185 3784 1299 3853 [ore
1318 3784 1344 3837 ?

508 3868 600 3925 22.
648 3874 808 3926 Auno
840 3874 1104 3944 vigesimo
1132 3884 1331 3944 quarto
1365 3874 1519 3931 misit
1547 3875 1847 3947 imperator
1873 3876 2011 3933 Gre-

436 3980 620 4034 goram
680 3965 994 4020 scholarum
1046 3967 1409 4022 domesticum
1445 4008 1461 4033 ,
1507 3985 1671 4039 quem
1720 3970 2006 4024 lberitzem

435 4065 655 4121 vocant,
684 4056 982 4112 Andronici
1006 4074 1075 4113 ex
1104 4076 1273 4114 uxore
1302 4060 1538 4125 afﬁnem,
1574 4061 1640 4115 ad
1670 4077 1795 4115 eum
1834 4078 2009 4130 expu-

431 4148 732 4217 gnandum.
768 4147 926 4215 Quod
962 4165 1087 4205 cum
1109 4150 1396 4207 didicisset
1428 4151 1793 4217 Andronicus,
1822 4169 1885 4208 ac
1914 4155 2009 4208 Ni-

434 4242 648 4297 coleum
693 4243 1063 4311 patriarcham
1106 4243 1351 4300 Ecclesia
1397 4246 1636 4316 ejectum
1682 4248 2005 4315 audivisset,

2122 1766 2271 1826 ναῖος
2305 1761 2555 1833 σφοδρὸς,
2616 1761 2693 1825 ὡς
2747 1762 3026 1815 συσσείσαι
3054 1761 3332 1829 οἰκήματα
3369 1761 3463 1813 καὶ
3492 1760 3694 1827 ἑκκληο

2123 1856 2267 1920 σίας,
2320 1855 2416 1908 καὶ
2472 1855 2683 1917 πάντας
2708 1854 2935 1923 φεύγειν
2975 1854 3032 1907 ἐν
3065 1853 3353 1923 ὑπαίθροις
3384 1854 3477 1909 καὶ
3516 1852 3695 1922 λέγειν

2121 1946 2393 2017 κοσμικὴν
2416 1947 2729 2001 συντέλειαν
2776 1942 2942 1999 εἶναι.
2983 1944 3149 1999 Ἀλλὰ
3180 1947 3247 2018 τῇ
3272 1945 3368 2001 τοῦ
3403 1946 3538 2001 Θεοῦ
3577 1946 3694 2016 φιλο

2119 2036 2405 2110 ανθρωπξᾳ
2423 2037 2490 2092 δι’
2522 2038 2745 2110 ὄμϐρων
2771 2037 3006 2108 ἐπαύθη.

2188 2219 2296 2276 κα⁹.
2336 2219 2428 2293 Τῷ
2469 2218 2557 2289 κγ’
2583 2220 2694 2274 ἔτει
2727 2218 2913 2282 στόλος
2970 2217 3308 2290 Σαρακηνῶν
3358 2218 3501 2272 κατὰ
3550 2218 3689 2272 Ῥοι-

2121 2310 2295 2381 μαίων
2319 2308 2565 2378 ἐξῆλθεν.
2596 2306 2937 2378 Προεσάλετο
2967 2309 3024 2362 δὲ
3053 2311 3080 2362 ὁ
3107 2307 3359 2377 βασιλεὺς
3394 2308 3624 2379 Ἰμέριον
3644 2308 3691 2339 ¹⁶

2115 2403 2207 2456 τὸν
2256 2400 2548 2470 λογοθέτην
2613 2398 2858 2471 κεφαλὴν
2918 2400 3140 2454 πάντων
3200 2399 3312 2453 τῶν
3407 2400 3689 2470 πλωῖμων.

2116 2493 2325 2563 Γράφει
2371 2493 2429 2547 δὲ
2468 2492 2563 2545 καὶ
2634 2491 2956 2562 Ἀνδρονίκῳ
2981 2490 3061 2562 τῷ
3114 2491 3277 2545 Δουκὶ
3316 2492 3593 2545 συνελθεῖν
3611 2491 3693 2562 τῷ

2125 2585 2366 2657 Ἵμερίῳ.
2412 2583 2471 2637 Ὀ
2492 2583 2549 2637 δὲ
2578 2584 2844 2653 Σαμωνᾶς
2870 2582 3224 2646 ἀδιάλλακτος
3244 2580 3319 2637 ὢν
3347 2581 3427 2654 τῷ
3478 2582 3690 2655 Ἀνδρο-

2112 2678 2247 2749 νίκῳ
2298 2678 2392 2731 καὶ
2438 2680 2601 2731 παντὶ
2643 2677 2830 2748 τρόπῳ
2883 2675 3136 2730 κακῶσαι
3160 2675 3322 2730 αὑτὸν
3345 2676 3685 2741 σπουδάζων,

2113 2768 2289 2823 πείθει
2335 2769 2458 2823 τινὰ
2495 2768 2705 2839 γράψαι
2741 2767 2891 2837 αὐτῷ
2915 2767 3123 2839 κρύφα,
3157 2766 3255 2835 Μὴ
3294 2767 3579 2836 εἰσέλθῃς
3600 2770 3690 2834 εἰς

2112 2863 2184 2915 τὰ
2214 2860 2464 2929 κοράσια
2518 2862 2615 2915 καί
2649 2860 2954 2929 κρατηθῇς
3001 2860 3164 2928 παρὰ
3203 2858 3479 2929 Ἶμερίου.
3503 2859 3689 2915 ’Πολλὰ

2112 2960 2169 3012 δὲ
2194 2959 2284 3010 τὸν
2320 2956 2652 3027 Ἀνδρόνικον
2679 2955 3090 3021 ἀναγκάσαντος
3121 2954 3384 3008 εἰσελθεῖν
3415 2955 3512 3008 σὺν
3537 2953 3689 3024 αύτῷ

2111 3050 2219 3101 τῶν
2262 3049 2579 3119 Ἀγαρηνῶν
2613 3048 2981 3115 ἐπικειμένων
3010 3047 3112 3101 οὐκ
3166 3044 3416 3113 ἐπείσθη.
3456 3044 3687 3116 Ἱμέριος

2110 3143 2172 3195 δὲ
2204 3142 2363 3212 μόνος
2393 3142 2451 3195 ἐν
2483 3143 2549 3210 τῇ
2596 3140 2782 3211 ἡμέρᾳ
2825 3138 2921 3192 τοῦ
2960 3138 3115 3207 ἁγίου
3167 3137 3340 3207 Θωμᾶ
3396 3134 3686 3208 συμϐαλὼν

2113 3233 2349 3305 πόλεμον
2381 3234 2518 3305 μετὰ
2540 3233 2651 3285 τῶν
2687 3231 3006 3302 Ἀγαρηνῶν
3046 3229 3291 3301 μεγάλην
3311 3229 3469 3300 νίκην
3497 3231 3688 3301 είργάυ

2113 3343 2264 3380 σατο.
2312 3324 2483 3379 Τοῦτο
2534 3323 2726 3393 μαθὼν
2784 3324 3121 3395 Ἀνδρόνικος
3171 3323 3267 3377 καὶ
3294 3323 3562 3390 ἀπογνοὺς
3589 3322 3687 3375 σὺν

2110 3422 2222 3482 τοῖς
2281 3419 2599 3488 συγγενέσιν
2650 3416 2815 3471 αὑτοῦ
2875 3417 2970 3470 καὶ
3004 3414 3313 3486 ἀνθρώποις
3347 3416 3687 3469 ἀποστασίαν

2111 3507 2355 3576 ἐποίησε,
2376 3504 2467 3558 καὶ
2492 3504 2745 3558 ἀπελθὼν
2779 3505 3084 3575 ἐκράτησεν
3105 3503 3204 3577 τὴν
3228 3503 3485 3560 Κάσαλαν
3507 3505 3685 3568 πόλιν,

2109 3600 2187 3663 ὡς
2201 3602 2374 3653 εἰπεῖν
2392 3600 2655 3670 Σαμωνᾶν
2683 3598 2727 3630 ’τ
2758 3597 2894 3669 πρὸς
2910 3599 3003 3651 τδν
3026 3595 3277 3677 βασιλέασ
3298 3600 3422 3652 οὐκ
3443 3597 3681 3668 ἔλεγον.

2108 3688 2157 3748 ὦ
2185 3692 2473 3761 δέσποτα,
2506 3690 2814 3761 ἀντὰρτην
2838 3688 2994 3745 εἶναι
3013 3691 3123 3744 τὸν
3150 3689 3379 3755 deﬁxa;

2180 3873 2283 3945 κβ’.
2318 3873 2410 3944 Τῷ
2437 3872 2515 3928 κδ’
2564 3874 2675 3929 ἔτει
2699 3874 3022 3929 ἀπέστειλεν
3046 3878 3076 3930 ό
3108 3876 3360 3946 βασιλεὺς
3396 3878 3682 3950 Γρηγορῶ

2108 3967 2201 4019 τὸν
2231 3966 2553 4035 δομέστικον
2580 3965 2687 4019 τῶν
2710 3963 2918 4035 σχολῶν
2946 3966 3038 4019 τὸν
3070 3965 3398 4038 Ίὸηρίτζην,
3441 3971 3683 4038 συμπέν-

2109 4054 2266 4125 θερον
2300 4054 2428 4108 δντα
2479 4055 2843 4123 Ἀνδρονίκου,
2885 4059 2967 4120 είς
2990 4057 3052 4110 τὸ
3090 4056 3544 4128 καταπολεμῆσαι
3583 4062 3679 4113 αύ-

2107 4146 2218 4199 τόν.
2253 4146 2456 4201 Μαθὼν
2479 4147 2536 4199 δὲ
2562 4147 2721 4201 τοῦτο
2752 4147 3110 4216 Ἀνδρόνικος,
3135 4147 3375 4213 ἀκούσας
3407 4167 3468 4202 τε
3488 4150 3679 4205 arma).

2105 4242 2135 4290 ὁ
2165 4238 2511 4309 πατριάρχης
2564 4240 2663 4309 τῆς
2707 4240 3039 4311 Ἑκκλησίας
3069 4240 3334 4311 ἐξεώσθη,
3368 4244 3677 4313 προσέιε-υγε

432 4332 502 4389 ad
530 4333 813 4406 Agarenos
836 4350 944 4390 una
970 4350 1095 4391 eum
1115 4339 1365 4407 cognatis
1384 4348 1441 4392 et
1470 4336 1675 4393 familia
1703 4340 2003 4410 amicisque

2114 4333 2218 4391 τοῖς
2260 4329 2579 4401 Ἀγαρηνοῖς
2603 4330 2722 4403 ἅμα
2743 4334 3031 4400 συγγενέσι
3054 4333 3150 4386 καὶ
3178 4332 3371 4401 φίλοις.
3403 4334 3678 4407 Ἐλυπήϐη

429 4426 694 4497 confugit.
734 4427 809 4481 Ea
841 4442 930 4483 res
960 4427 1199 4483 Leonem
1242 4430 1473 4484 moleste
1502 4430 1713 4485 habuit.
1761 4432 1838 4487 Ac
1876 4448 2008 4488 vero

431 4518 586 4589 711
621 4518 1017 4574 Saracenorum
1053 4535 1223 4575 unum
1242 4536 1275 4579 e
1293 4538 1393 4592 pra
1408 4523 1548 4577 torio
1573 4522 1773 4578 blande
1802 4522 2009 4581 habens

432 4610 864 4680 muneribusque
922 4612 1267 4676 Concilians,
1322 4614 1393 4668 ad
1444 4614 1823 4672 Andronicum
1879 4633 2004 4673 cum

426 4700 574 4754 bulla
605 4715 773 4756 aurea
806 4701 1099 4772 rubrisque
1148 4701 1350 4759 litteris
1381 4720 1535 4760 more
1570 4708 1757 4777 regio,
1806 4709 2005 4777 exiguo

425 4804 587 4847 ceree
628 4790 826 4846 baculo
863 4791 1095 4855 inclusa,
1135 4793 1305 4849 misit.
1340 4794 1633 4865 Egressum
1668 4797 2003 4852 Saracenum

423 4896 456 4935 e
478 4892 775 4951 conspectu
823 4881 1171 4953 imperatoris
1198 4886 1432 4940 accersit
1453 4884 1742 4949 Samonas,
1770 4888 1957 4958 aitque
1987 4908 2001 4944 :

424 4965 539 5021 Scis
581 4969 707 5039 quid
739 4970 964 5024 teneas?
1009 4971 1257 5042 (propter
1285 4988 1507 5029 cereum
1552 4976 1811 5031 nimirum
1838 4993 2002 5047 quem

425 5074 590 5114 manu
621 5061 892 5130 gestabat)
925 5062 1094 5133 Syria:
1123 5082 1306 5135 nempe
1340 5066 1556 5121 exitium
1584 5067 1885 5139 3Datisque
1909 5086 1995 5141 pe-

425 5148 606 5202 cuniis
640 5148 797 5205 Uzeri
836 5148 891 5204 in
935 5166 1130 5205 manus
1161 5152 1304 5207 tradi
1343 5153 1529 5224 jussit.
1557 5152 2002 5225 Comprehensus

425 5239 611 5308 itaque
654 5240 1005 5319 Andronicus
1030 5257 1156 5297 cum
1189 5226 1307 5298 suis
1340 5245 1395 5299 in
1429 5246 1647 5302 vincula
1682 5248 1996 5319 conjicitur.

425 5329 727 5403 Sciensque
772 5330 916 5388 banc
963 5318 1041 5389 illi
1079 5333 1331 5393 Samonze
1360 5336 1488 5392 dolo
1513 5339 1759 5393 fraudem
1788 5318 1997 5397 factam

425 5436 569 5487 esse,
610 5422 937 5478 necessitate
984 5424 1235 5488 adactus,
1280 5427 1494 5496 ejurata
1524 5427 1835 5483 Christiana
1868 5429 1998 5495 ﬁde,

2106 4422 2162 4475 δὲ
2192 4423 2343 4476 Λέων
2374 4425 2454 4487 είς
2491 4423 2673 4487 τοῦτο,
2708 4425 2805 4477 καὶ
2823 4425 2887 4495 δὴ
2916 4426 3231 4496 Σαρακηνδν
3258 4426 3371 4479 άπὸ
3395 4425 3490 4480 τοῦ
3518 4444 3677 4499 πραι-

2106 4513 2305 4582 τωρίου
2345 4514 2885 4586 φιλοφρονησάμενος
2934 4516 3222 4571 ἀπέστειλε
3268 4517 3405 4588 πρὸς
3434 4516 3525 4571 τὸν
3565 4520 3680 4573 Ἀν-

2106 4603 2351 4674 δρόνικον
2392 4606 2533 4676 μετὰ
2589 4607 3008 4678 χρυσοδούλλιον
3060 4608 3144 4681 [Ρ.
3172 4606 3299 4677 4681
3347 4608 3433 4663 διὰ
3462 4611 3679 4665 κιναδάο

2110 4712 2252 4767 ρεος,
2286 4696 2466 4765 βαλὼν
2494 4697 2627 4752 αὐτὸ
2668 4698 2881 4753 ἔνδοθεν
2906 4700 3132 4769 φατλίου
3154 4700 3392 4772 τράκτου
3427 4701 3672 4773 βραχίος.

2118 4786 2457 4851 ’Βξελθόντος
2508 4787 2567 4843 ὁὶ
2618 4788 2715 4843 τοῦ
2742 4790 3061 4860 Σαρακηνοῦ
3107 4791 3217 4845 ἀπὸ
3267 4792 3558 4860 προσώπου
3584 4794 3677 4848 το]

2106 4878 2393 4951 βασιλέως,
2426 4882 2821 4952 προσκαλεῖται
2864 4883 3028 4936 αὐτὸν
3061 4882 3089 4935 δ
3130 4883 3418 4953 Σαμωνᾶς,
3451 4885 3544 4936 καί
3576 4902 3679 4953 φη-

2105 4986 2209 5024 σιν’
2233 4968 2413 5037 Οἶδας
2443 4973 2499 5025 τί
2522 4971 2803 5042 κρατεῖςς
2832 4971 3013 5043 (τοῦτο
3042 4969 3214 5025 εἰπὼν
3235 4972 3327 5025 διὰ
3348 4972 3436 5025 τὸν
3465 4976 3675 5043 κηρόν)

2102 5061 2218 5129 τὴν
2237 5062 2544 5119 ἀπώλειαν
2562 5065 2675 5131 τῆς
2696 5068 2935 5134 Συρίας.
2968 5064 3077 5118 Καὶ
3094 5064 3216 5128 δοὺς
3248 5064 3397 5134 αὐτῷ
3422 5068 3677 5137 χρήματα

2104 5156 2478 5228 παρήγγειλεν
2508 5157 2586 5219 είς
2635 5157 2736 5227 τὴν
2759 5158 2918 5227 χεῖρα
2960 5154 3055 5208 τοῦ
3090 5155 3274 5227 Οὐζὴρ
3303 5155 3486 5227 βαλεῖν
3523 5156 3676 5211 aera.

2118 5250 2177 5303 '0
2209 5248 2269 5303 δὲ
2299 5247 2458 5301 τοῦτο
2486 5247 2807 5317 πεποίηκεν.
2831 5248 3133 5315 Κρατεῖται
3152 5242 3247 5300 οὖν
3277 5246 3372 5299 καὶ
3395 5242 3677 5316 δσσμείται

2121 5341 2457 5411 Ἀνδρόνικος
2504 5340 2602 5394 καὶ
2630 5342 2680 5393 ot
2721 5341 2818 5395 σὺν
2844 5340 2995 5410 αὐτῷ
3019 5354 3034 5370 ·
3081 5340 3176 5394 καὶ
3205 5337 3395 5409 μαθὼν
3417 5338 3494 5402 ὡς
3522 5337 3680 5394 τοῦτο

2109 5432 2330 5499 γέγονεν
2376 5430 2527 5501 αύτῷ
2552 5430 2641 5486 διὰ
2684 5428 2838 5485 δόλου
2873 5430 2965 5484 τοῦ
3016 5429 3268 5500 Σαμωνᾶ,
3316 5426 3681 5499 ἀναγκασθεὶς

1708 5521 1941 5579 VARUE
1976 5521 2377 5581 LECTIONES.

500 5607 546 5638 "
583 5608 837 5681 Ἰιμέριον
867 5625 920 5681 p.
944 5609 1050 5666 9.9.9
1082 5609 1137 5665 ι).
1215 5609 1260 5641 ⁸⁷
1286 5609 1521 5679 Σαμωνὰ
1549 5608 1610 5666 Ρ.
