4090 6022
362 142 463 206 807

1525 142 1817 203 SYMEON
1834 145 1899 203 [S
1934 144 2300 208 MAGISTRI

3504 151 3613 214 808

360 268 444 316 est
474 258 903 329 Christopborus
945 260 1241 331 imperator
1279 268 1444 330 atque
1484 261 1537 315 in
1571 261 1736 316 domo
1771 262 1922 331 patri:

2041 262 2269 335 τελευτᾷ
2298 265 2671 338 Χριστοφόρος
2706 264 2737 319 ό
2766 264 3044 333 βασιλεὺς,
3091 265 3186 320 καὶ
3216 266 3390 336 ἐτάφη
3436 267 3495 319 ὲν
3532 268 3612 338 τῷ

358 352 626 423 sepultus-
685 350 905 423 Trypho
962 367 1180 423 quoque
1236 352 1583 423 patriarcha,
1632 352 1792 426 745
1840 355 1935 425 qui

358 444 727 516 praestitutum
771 447 884 514 jam
934 454 1151 515 tempus
1204 460 1435 501 munere
1494 445 1717 501 functus
1761 456 1936 513 esset,

358 533 649 591 abdicatus
689 535 745 591 in
789 551 889 589 suo
937 538 1271 592 monasterio
1299 536 1521 592 vivendi
1569 537 1733 593 linem
1780 536 1935 595 facit.

2037 358 2173 426 οἴκῳ
2206 356 2300 411 τοῦ
2341 359 2549 429 πατρὸς
2575 358 2767 415 αὐτοῦ.
2802 357 3135 427 Κατήγαγον
3166 358 3220 411 δὲ
3246 362 3339 412 καὶ
3365 360 3457 415 τὸν
3507 376 3612 412 πα-

2035 448 2305 520 τριάρχην
2337 450 2612 522 Τρύφωνα
2639 450 2733 505 τδν
2768 450 2934 522 ῥητὸν
2952 452 3144 523 χρόνον
3169 452 3490 519 τελέσαντα,
3517 455 3614 507 καὶ

2035 538 2176 611 ἑντῇ
2210 541 2315 612 ίδίᾳ
2331 545 2469 613 μονῇ
2495 542 2742 613 τελευτᾷ.
2759 542 2997 614 Χηρεύει
3025 544 3082 598 δὲ
3099 546 3133 616 ἡ
3171 536 3470 615 Ἐκκλησία
3492 544 3607 617 χρό·

358 624 532 681 Porro
567 626 813 682 Ecclesia
856 642 1062 683 annum
1124 643 1295 683 unum
1339 639 1397 685 et
1434 645 1653 686 menses
1690 631 1922 702 quinque

2036 646 2125 684 νον
2166 630 2215 685 α’
2241 634 2419 705 μῆνας
2439 632 2502 700 ε’,
2528 634 2620 689 διὰ
2640 635 2703 690 τὸ
2727 634 2916 700 ἀτελὲς
2951 636 3335 707 Θεοφυλάκτυυ
3367 638 3461 694 τοῦ
3488 637 3611 694 υίοῦ

356 716 429 772 ob
467 715 815 773 immaturam
862 718 1257 790 Theophyiacti
1298 720 1533 776 Romani
1579 720 1676 776 lilii
1720 730 1934 777 aetatem

356 820 577 881 pastore
602 812 766 865 vidua
789 810 918 882 agit.

425 901 518 957 ιε.
552 902 824 973 lmpostor
850 902 1075 973 quidam
1120 903 1360 960 Basilius
1389 904 1633 972 Macedo,
1663 905 1933 965 Constan-

357 993 533 1050 tinum
559 994 764 1050 Ducam
800 1010 922 1050 sese
943 996 1222 1067 iactitans,
1252 997 1439 1067 plures
1469 1014 1657 1054 secum
1689 1000 1932 1057 abduce-

358 1093 472 1142 bat.
508 1084 608 1142 llic
639 1097 831 1157 captus
862 1104 987 1143 cum
1021 1098 1188 1152 esset.
1223 1091 1393 1146 altera
1424 1107 1684 1147 manuum
1731 1094 1931 1150 multa-

358 1185 465 1233 tur.
495 1178 745 1252 Tumque
759 1182 1102 1237 occasionem
1123 1191 1319 1239 nactus
1344 1200 1535 1240 rursus
1559 1185 1627 1239 ad
1647 1184 1930 1256 Opsicium

353 1272 541 1338 venit;
572 1286 836 1343 teneaque
868 1288 1034 1329 manu
1066 1277 1185 1347 ejus
1232 1276 1353 1330 loco
1400 1292 1523 1345 qum
1572 1285 1762 1355 putata
1808 1285 1931 1334 erat

354 1364 463 1423 sibi
487 1375 692 1437 aptata,
718 1383 783 1423 ac
808 1369 1116 1439 prtegrandi
1158 1370 1424 1426 fabricato
1450 1386 1603 1437 ense,
1625 1374 1929 1443 pertransi-

353 1458 449 1515 bat
471 1459 675 1515 multos
701 1461 991 1525 seducens,
1025 1477 1090 1517 ac
1112 1464 1159 1517 si
1188 1464 1303 1533 ipse
1330 1462 1728 1521 Constantinus
1748 1466 1927 1522 Ducas

352 1558 521 1606 esset.
543 1547 823 1621 Captaque
845 1566 974 1607 arce
997 1554 1087 1607 cui
1118 1553 1250 1609 Lata
1280 1554 1439 1609 Petra
1471 1569 1692 1619 nomen,
1727 1557 1926 1612 multa-

2048 720 2353 795 Ῥωμανοῦ.

2104 900 2216 973 μβ’.
2239 901 2519 968 Βασίλειος
2556 904 2614 959 δέ
2647 922 2731 969 τις
2772 906 3044 962 Μακεδὼν
3083 906 3283 971 πλάνος
3312 910 3606 963 Κωνσταν·

2030 994 2173 1048 τίνον
2205 994 2385 1049 Λοῦκα
2412 996 2606 1050 ἑαυτὸν
2653 991 2791 1051 εἶναι
2841 999 3206 1069 ἐπιφημίσας,
3232 998 3463 1064 πολλοὺς
3487 1000 3610 1071 μεθ’

2031 1086 2224 1141 ἑαυτοῦ
2258 1089 2614 1159 συνεπήγετο.
2639 1084 2808 1154 Οὗτος
2830 1091 3115 1161 συσχεθεὶς
3134 1093 3233 1165 τῆς
3266 1093 3396 1160 μιᾶς
3426 1093 3610 1164 χειρὸς

2029 1178 2190 1233 ano:
2202 1179 2431 1248 ριοῦται.
2467 1176 2599 1235 Εἶτα
2630 1183 2825 1253 καιροῦ
2867 1184 3166 1254 λαϐόμενος
3194 1184 3609 1255 καταλαμϐάνει

2028 1272 2193 1327 πάλιν
2218 1274 2280 1327 es
2310 1273 2570 1344 Ὀψίκιον,
2596 1275 2691 1330 καὶ
2711 1278 2869 1347 χεῖρα
2897 1276 3106 1347 χαλκῆν
3133 1277 3257 1332 ἀντὶ
3281 1278 3379 1347 τῆς
3415 1277 3606 1331 κοπεί-

2029 1382 2129 1438 σης
2178 1368 2706 1439 προσαρμοσάμενος
2737 1373 2831 1423 καὶ
2877 1368 3092 1438 σπάθην
3129 1370 3480 1442 ὑπερμεγέθη
3507 1388 3610 1424 κα-

2022 1458 2501 1530 τασκευασάμενος
2529 1461 2786 1532 διήρχετο
2820 1461 3039 1516 πλανῶν
3078 1462 3311 1528 πολλοὺς
3337 1464 3413 1525 ὡς
3447 1463 3607 1527 αὐτὸς

2024 1551 2107 1622 εἴη
2130 1552 2539 1617 Κωνσταντῖνος
2568 1554 2597 1608 ό
2623 1553 2830 1619 Δοῦκας
2852 1568 2866 1583 ⁸
2894 1555 2988 1607 καὶ
3016 1553 3279 1626 φρούριον
3311 1552 3604 1626 κατασχὼν

352 1656 463 1713 quo
491 1652 749 1713 congesta
785 1659 1131 1701 annonarum
1157 1647 1335 1717 copia,
1384 1663 1636 1719 magnam
1661 1648 1922 1706 adversus

2025 1642 2054 1694 δ
2084 1643 2315 1698 Πλατεία
2343 1645 2519 1718 πέτρα
2544 1646 3001 1718 κατονομάζεται,
3034 1648 3130 1702 καὶ
3156 1646 3366 1720 τροφὴν
3400 1648 3603 1718 πολλὴν

352 1746 468 1788 rem
504 1732 806 1790 Romanam
837 1737 1040 1791 excitat
1073 1737 1455 1803 rebellionem,
1475 1753 1571 1794 eos
1602 1740 1693 1812 qui
1723 1741 1777 1795 in
1797 1757 1925 1797 eum

352 1822 681 1881 incidissent
728 1826 1076 1897 depraedans,
1128 1830 1511 1900 populansque
1562 1831 1921 1902 provinciam.

349 1914 623 1973 Caeterum
646 1932 773 1974 cum
807 1919 993 1976 denuo
1018 1929 1215 1991 captus
1243 1932 1392 1978 esset
1416 1922 1471 1976 in
1504 1923 1699 1978 urbem
1747 1924 1924 1982 addu-

350 2015 499 2064 ctum
526 2008 594 2064 ad
620 2010 949 2066 Amastriani
984 2010 1165 2066 forum
1197 2013 1643 2070 combusserunt.

418 2100 509 2156 ιδ.
547 2102 849 2159 Februario
864 2118 1074 2168 mense,
1116 2114 1269 2159 sexta
1300 2104 1624 2173 indictione,
1671 2107 1761 2163 die
1783 2108 1925 2165 festo

351 2204 637 2258 occursus,
668 2207 833 2263 quem
852 2194 965 2249 dixi
997 2194 1466 2268 Theophylactum
1496 2197 1726 2254 Romani
1751 2200 1923 2256 lilium

351 2282 661 2351 patriarcha
691 2284 998 2350 ordinatur,
1028 2300 1152 2341 cum
1183 2287 1374 2342 vicarii
1412 2288 1585 2343 Roma
1616 2292 1920 2359 venissent,

350 2376 516 2429 allato
545 2382 697 2431 torno
723 2376 1010 2448 synodico,
1033 2377 1103 2434 de
1131 2379 1283 2433 illius
1335 2381 1727 2450 praescribente
1767 2384 1925 2439 ordi-

348 2466 609 2533 natione;
644 2481 674 2521 a
706 2468 907 2537 quibus
928 2469 1092 2523 etiam
1135 2470 1191 2523 in
1224 2472 1576 2541 patriarchali
1624 2474 1755 2529 sede
1805 2476 1922 2531 col-

349 2557 568 2614 locatus
609 2564 716 2614 est.
764 2559 937 2615 Porro
978 2560 1259 2617 Romanus
1304 2564 1601 2635 imperator
1662 2566 1773 2623 tilio
1822 2583 1924 2623 suo

352 2646 632 2719 Stephano
667 2664 894 2705 uxorem
918 2650 1141 2717 locavit,
1171 2656 1385 2709 Annam
1432 2656 1597 2711 tiliam
1642 2656 1919 2727 Gamalaa;

348 2755 471 2810 qua:
489 2754 544 2795 et
564 2750 692 2812 post
716 2744 991 2814 nuptiales
1023 2747 1258 2804 corollas
1288 2751 1561 2821 augustali
1584 2767 1788 2808 corona
1818 2754 1919 2809 do-

349 2842 479 2887 nata
505 2843 611 2888 est.

421 2924 714 3037 756m“.
772 2927 957 2986 Mense
1012 2929 1236 3037 ‘Aprili,
1294 2931 1595 3037 indictione
1664 2939 1919 3009 septima,
1948 2979 1991 3037 ε

348 3016 526 3085 prima
594 3018 904 3077 Turcorum
961 3021 1229 3079 adversus
1298 3024 1597 3081 Romanam
1655 3029 1921 3085 ditionem

347 3108 561 3164 exstitit
588 3109 855 3182 irruptio;
904 3114 1248 3187 grassatique
1280 3118 1347 3171 ad
1382 3118 1557 3187 ipsam
1603 3136 1777 3190 usque
1830 3140 1923 3177 ur-

348 3200 473 3256 bem
506 3200 794 3258 Thraciam
819 3219 1038 3259 omnem
1080 3207 1324 3277 populati
1361 3216 1509 3274 sunt,
1567 3226 1631 3265 ac
1678 3212 1923 3282 captivos

346 3289 643 3347 duxerunt.
663 3292 896 3348 Mittitur
914 3309 1046 3366 ergo
1062 3294 1426 3367 Theophanes
1456 3299 1721 3369 patricius
1734 3312 1924 3372 proto-

345 3384 658 3449 vestiarius,
694 3399 897 3455 resque
929 3401 1055 3441 cum
1087 3387 1196 3443 illis
1233 3392 1571 3461 composuit.

414 3473 505 3530 ιδ.
537 3475 739 3542 Quarta
773 3477 989 3534 decima
1029 3478 1277 3536 Januarii
1304 3483 1509 3539 mensis
1556 3485 1758 3542 locavit
1807 3485 1920 3543 Ro-

345 3582 544 3621 manus
578 3583 806 3625 uxorem
831 3571 1040 3642 juniori
1074 3572 1190 3628 lilio
1221 3590 1323 3629 suo
1344 3573 1709 3635 Constantino
1741 3580 1922 3651 gentis

345 3658 711 3727 Armeniaca,
739 3665 956 3733 patricii
986 3665 1212 3721 Adriani
1234 3669 1439 3737 tiliam;
1474 3686 1581 3741 qua
1624 3681 1680 3727 ct
1725 3669 1923 3730 defun-

343 3758 432 3806 cta
464 3744 725 3807 secunda'
766 3753 1057 3812 Februarii
1093 3756 1325 3814 alteram
1371 3761 1423 3815 ei
1489 3764 1789 3833 copulavit,
1851 3780 1918 3823 ex

341 3840 610 3900 Mamonis
630 3844 779 3901 illius
800 3860 1025 3918 genere,
1047 3848 1389 3923 Theophano
1418 3856 1666 3915 nomine.

410 4137 501 4193 46.
536 4137 744 4197 Eodem
788 4157 934 4199 anno
974 4143 1158 4210 Russi,
1216 4162 1358 4214 quos
1400 4150 1676 4210 Dromitas
1720 4164 1922 4212 vocant

342 4225 448 4301 (ac
472 4229 517 4285 si
548 4246 714 4303 vagos
744 4233 897 4289 dicas
914 4250 979 4291 ac
1010 4251 1179 4293 cursu
1217 4239 1565 4311 expeditos),
1592 4260 1661 4299 ex
1690 4244 1919 4302 Francis

2025 1737 2388 1809 ἀποθέμενος,
2430 1741 2675 1811 μεγάλην
2727 1742 2869 1796 κατὰ
2935 1741 3248 1814 Ῥωμανίαν
3299 1743 3599 1811 άνταρσίαν

1971 1870 1985 1881 .
2028 1833 2186 1899 κινεῖ,
2215 1833 2688 1905 προνομεῦωνκαὶ
2704 1836 2979 1909 λεηλατῶν
3000 1838 3126 1901 τοὺς
3154 1836 3601 1907 παρατυγχάνον-

2026 1940 2144 1989 τας.
2178 1924 2380 1979 Τοῦτον
2412 1928 2787 1999 κρατήσαντες
2820 1928 3095 1998 ἀνήγαγον
3121 1929 3179 1981 έν
3206 1931 3273 1999 τῇ
3296 1926 3471 1991 πόλει,
3504 1925 3601 1982 καὶ

2026 2018 2085 2071 ἂν
2101 2018 2212 2082 τοῖς
2252 2018 2656 2090 ’Δμαστριανοῦ
2685 2021 2948 2077 ἔκαυσαν.

2098 2118 2209 2183 μγ’.
2246 2112 2338 2184 Τῷ
2377 2112 2806 2186 δὲφεσρουαρίῳ
2838 2112 2990 2187 μηνὶ,
3025 2114 3124 2186 τῆς
3163 2122 3219 2181 ς’
3243 2112 3597 2178 ίνδικτιῶνος,

2024 2207 2092 2275 τῇ
2125 2206 2287 2276 ἑορτῇ
2333 2207 2433 2275 τῆς
2478 2205 2855 2278 ’Υπαπαντῆς,
2896 2209 3288 2277 χειροτονεῖται
3324 2207 3597 2278 πατριάρ-

2024 2315 2123 2370 χης
2146 2300 2173 2352 ὁ
2197 2298 2385 2371 ῥηθεὶς
2415 2296 2511 2353 τοῦ
2545 2298 2810 2369 βασιλέως
2842 2299 2959 2363 υίὸς
2993 2298 3393 2369 Θεοφύλακτος,
3432 2314 3597 2354 τοπο-

2024 2391 2277 2462 τηρητῶν
2298 2392 2363 2445 ἑκ
2403 2391 2625 2463 Ῥώμης
2658 2391 2995 2446 ἀνελθόντων
3018 2392 3112 2445 καὶ
3130 2391 3296 2463 τόμον
3324 2390 3600 2446 συνοδικδν

2025 2485 2439 2554 ἐπιφερομένων
2494 2486 2621 2558 περὶ
2663 2486 2764 2555 τῆς
2811 2484 2976 2540 αὑτοῦ
3034 2484 3368 2559 χειροτονίας
3417 2485 3600 2552 διαγο-

2027 2576 2272 2644 ρεύοντα³
2289 2575 2339 2630 οἳ
2357 2578 2450 2630 καὶ
2464 2575 2542 2647 τῷ
2562 2579 2947 2650 πατριαρχικῷ
2978 2578 3150 2650 θρόνῳ
3168 2578 3355 2633 τοῦτον
3390 2576 3600 2648 ἐνίδρυ-

2024 2684 2145 2720 σαν.
2161 2666 2446 2741 Ῥωμανὸς
2466 2670 2522 2723 δὲ
2536 2670 2564 2721 ὁ
2582 2668 2836 2739 βασιλεὺς
2864 2669 2942 2740 τῷ
2970 2670 3072 2740 υίῷ
3087 2671 3343 2740 Στεφάνῳ
3363 2670 3597 2739 γυναῖκα

2021 2760 2255 2828 ἠγάγετο
2276 2761 2376 2832 τὴν
2402 2759 2497 2815 τοῦ
2528 2760 2755 2832 Γαμαλᾶ
2788 2761 3062 2832 θυγατέρα
3090 2760 3307 2826 Ἄνναν,
3335 2761 3456 2831 ἦτις
3479 2759 3597 2826 ipa

2020 2852 2099 2924 τῷ
2124 2852 2379 2925 νυμφικῷ
2405 2854 2657 2926 στεφάνῳ
2684 2853 2778 2913 καὶ
2806 2854 2894 2909 τὸν
2914 2856 3012 2926 τῆς
3035 2853 3314 2924 βασιλείας
3346 2854 3593 2907 ἐπέθετο.

2098 2945 2199 3013 μδ.
2228 2946 2377 3015 Μηνὶ
2409 2946 2723 3019 Ἀπριλλίῳ,
2753 2948 3089 3012 ίνδικτιιῖινος
3103 2945 3170 3015 ζ’,
3191 2947 3387 3017 γέγονε
3405 2945 3591 3016 πρώτη

2022 3037 2345 3110 ἔκστρατεία
2377 3038 2485 3093 τῶν
2519 3038 2780 3111 Τούρκων
2807 3042 2947 3096 κατά
2993 3039 3302 3111 Ῥωμανίας
3322 3058 3338 3073 ο
3366 3040 3462 3095 καὶ
3490 3056 3593 3094 κα-

2019 3131 2344 3203 τατρέχουσι
2369 3132 2533 3205 μέχρι
2558 3134 2659 3205 τῆς
2682 3134 2912 3198 πόλεως,
2943 3136 3037 3190 καὶ
3066 3133 3390 3206 λεηλατοῦσι
3412 3134 3596 3189 πᾶσαν

2018 3222 2292 3295 Θρακῴαν
2341 3226 2542 3300 ψυχήν.
2613 3227 3027 3282 ’Δποστέλλεται
3082 3223 3177 3282 οὖν
3232 3229 3262 3283 ό
3306 3231 3593 3301 πατρίκιος

2020 3312 2105 3387 [Ρ.
2138 3317 2266 3392 εθο]
2290 3317 2575 3388 Θεοφάνης
2618 3319 2716 3372 καὶ
2774 3320 3292 3392 πρωτοσεστιάριος,
3327 3323 3421 3377 καὶ
3450 3324 3596 3376 ποιεῖ

2018 3406 2371 3479 καταλλαγὴν
2403 3411 2521 3480 μετ’
2547 3409 2750 3465 αὐτῶν.

2093 3497 2195 3570 με’.
2226 3500 2305 3573 Τῇ
2343 3501 2402 3555 δὲ
2456 3502 2517 3559 ιδ
2567 3502 2661 3557 τοῦ
2729 3503 3059 3575 Ἰανουαρίου
3132 3504 3302 3579 μηνὸς
3356 3508 3594 3579 ἠγάγετο

2033 3592 2313 3666 Ῥωμανδς
2370 3601 2601 3667 γυναῖκα
2635 3599 2713 3671 τῷ
2762 3600 3060 3673 τελευταίῳ
3086 3602 3186 3670 υίῷ
3237 3602 3404 3657 αὐτοῦ
3439 3605 3593 3659 κων-

2019 3687 2306 3756 σταντίνῳ,
2343 3688 2407 3742 ικ
2432 3688 2525 3743 τοῦ
2559 3689 2748 3757 γένους
2774 3689 2883 3743 τῶν
2922 3690 3317 3760 Ἀρμενιακῶν,
3352 3690 3592 3763 τοῦνομα

2032 3777 2275 3851 ⁹Ελιίνην,
2306 3781 2401 3834 τοῦ
2425 3782 2719 3853 πατρικίου
2753 3782 3040 3854 ’Λδριανοῧ
3068 3782 3346 3855 θυγατέρα
3364 3800 3378 3815 °
3405 3779 3475 3857 ἧς
3494 3784 3593 3841 καὶ

2018 3869 2420 3943 τελευτησάσης
2439 3873 2791 3945 Φεῦρουαρίῳ
2824 3878 2955 3944 μηνὶ
2985 3877 3212 3947 δευτέρᾳ
3249 3876 3445 3947 ἑτέραν
3468 3877 3595 3933 τοὺ-

2018 3979 2096 4033 τῳ
2127 3965 2447 4033 συνέζευξεν
2484 3970 2741 4036 γυναῖκα,
2794 3969 2861 4024 ἐκ
2908 3966 3004 4023 τοῦ
3058 3969 3252 4037 γένους
3281 3970 3378 4025 τοῦ
3409 3970 3593 4042 Μάμω

2019 4057 2251 4124 ἐκείνου,
2280 4058 2541 4128 Θεοφανὼ
2573 4058 2893 4132 λεγομένην.

2093 4151 2209 4225 μςθ.
2246 4154 2338 4225 Τῷ
2374 4154 2607 4224 ἐνιαυτῷ
2641 4153 2834 4225 ἐκείνῳ
2879 4153 3256 4211 κατέπλευσαν
3287 4155 3338 4211 οί
3382 4154 3516 4227 Ῥὼς
3541 4156 3595 4212 οἱ

2020 4247 2115 4301 καὶ
2140 4247 2402 4319 Δρομίται
2429 4247 2737 4318 λεγόμενοι,
2787 4248 2838 4301 οί
2866 4250 2930 4303 ἐκ
2979 4251 3170 4318 γένους
3197 4250 3308 4305 τῶν
3324 4251 3591 4322 Φράγγων

338 4334 516 4392 genus
546 4322 833 4390 ducentes,
891 4327 1141 4384 conferta
1176 4330 1369 4387 decem
1421 4335 1657 4391 millium
1689 4340 1913 4394 navium

2020 4336 2197 4400 ὄντες,
2234 4338 2373 4392 κατὰ
2407 4337 2507 4408 τῆς
2532 4340 3179 4404 Κωνσταντινουπόλεως,
3215 4341 3354 4409 μετὰ
3392 4340 3593 4394 πλοίων

340 4411 516 4468 classe
548 4413 762 4470 infestis
791 4417 963 4485 signis
993 4418 1315 4491 Byzantium
1361 4436 1653 4482 venerunt.
1706 4429 1766 4485 In
1820 4448 1915 4487 eos

341 4504 528 4574 itaque
554 4505 920 4579 Theophanes
975 4515 1433 4581 protovesliarius
1470 4532 1594 4573 cum
1626 4521 1915 4579 navalibus

340 4593 518 4663 copiis
547 4596 772 4662 missus,
806 4599 1075 4657 instructa
1123 4602 1318 4669 classe,
1354 4605 1576 4663 illorum
1606 4612 1915 4670 sustinebat

341 4683 628 4755 impetum.
667 4686 827 4756 Quod
852 4706 982 4747 vero
1017 4694 1084 4749 ad
1118 4694 1277 4750 Ponti
1308 4698 1505 4754 Euxini
1538 4700 1773 4757 Pharum
1800 4705 1914 4774 jam

338 4786 609 4834 venerant
658 4778 903 4845 (dicitur
943 4791 1131 4839 autem
1177 4784 1393 4843 Pharus
1448 4790 1621 4847 moles
1664 4796 1912 4863 quaedam

339 4881 444 4922 seu
484 4870 677 4936 turris,
705 4887 773 4927 ex
806 4888 913 4942 qua
961 4889 1190 4931 accensa
1223 4875 1439 4935 ﬂamma
1474 4881 1713 4938 viatores
1745 4896 1909 4943 noctu

341 4959 397 5013 in
431 4958 627 5017 itinere
657 4962 993 5035 diriguntur.
1021 4966 1270 5023 Euxinus
1297 4986 1429 5026 vero
1458 4972 1666 5029 Pontus
1696 4993 1792 5046 per
1816 4995 1913 5034 an-

340 5053 626 5125 tiphrasim
651 5056 871 5121 dicitur,
900 5060 1054 5127 quasi
1078 5060 1215 5115 bene
1242 5062 1528 5133 hospitalis
1556 5084 1569 5119 :
1598 5071 1738 5123 male
1761 5072 1909 5127 enim

340 5145 630 5215 hospitalis
664 5146 925 5203 audiebat
957 5148 1029 5205 ob
1054 5153 1422 5221 grassantium
1454 5156 1509 5209 in
1538 5174 1606 5213 eo
1628 5159 1908 5217 latronum

337 5252 469 5306 erga
513 5236 762 5309 hospites
786 5240 947 5311 juges
982 5241 1253 5313 injurias;
1305 5248 1510 5315 quibus
1555 5250 1625 5305 ab
1675 5251 1911 5311 Hercule

338 5328 590 5395 sublatis,
625 5330 979 5386 securitatem
1012 5336 1157 5390 nacti
1191 5336 1429 5396 viatores
1474 5340 1749 5396 Euxinum
1781 5360 1907 5399 eum

338 5423 835 5489 nuncupaverunt)
872 5423 927 5478 in
961 5425 1081 5481 loco
1107 5443 1272 5497 quem
1319 5428 1520 5487 Hieron
1568 5442 1787 5500 vocant,
1844 5452 1910 5492 ac

338 5513 384 5567 ai
431 5511 584 5567 dicas
636 5516 897 5583 templum
954 5521 1073 5582 (cui
1128 5520 1253 5577 inde
1305 5525 1599 5593 appellatio
1653 5530 1909 5595 accessit,

421 5607 465 5637 “
504 5608 946 5679 ἀνιδρυσαμένων
966 5613 987 5661 ‘P

2016 4428 2252 4499 χιλιάδες
2287 4432 2440 4485 δέκα.
2480 4431 2765 4501 Πέμπεται
2793 4428 2887 4486 οὖν
2935 4432 3073 4502 πρὸς
3099 4433 3296 4498 αὐτοὺς
3324 4436 3352 4486 ὁ
3381 4448 3595 4502 πρωτο.

2015 4523 2327 4594 ϐεστιάριος
2373 4523 2658 4596 Θεοφάνης
2710 4525 2849 4597 μετὰ
2876 4525 3101 4581 πλοίων.
3151 4524 3259 4579 Kal.
3286 4526 3380 4580 τὸν
3407 4525 3592 4579 στόλον

2016 4616 2345 4688 εὐτρεπίσας
2368 4616 2567 4680 αὐτοὺς
2595 4616 2893 4687 ἐξεδέχετο.
2935 4617 3089 4673 Ἐπεὶ
3125 4617 3184 4671 δὲ
3238 4616 3468 4688 πλησίον
3495 4615 3590 4671 τοῦ

2016 4712 2075 4765 ὲν
2102 4709 2182 4781 τῷ
2205 4706 2442 4781 Εὐξείνῳ
2460 4711 2649 4778 Πόντῳ
2680 4712 2855 4781 φάρου
2902 4710 3155 4776 ἐγένοντο
3181 4708 3375 4781 (φάρος
3402 4710 3459 4763 δὲ
3494 4726 3591 4762 κα-

2014 4798 2189 4854 λεῖται
2205 4800 2487 4871 ἀφίδρυμά
2506 4817 2559 4853 τι
2578 4793 2622 4869 ᾧ
2645 4801 2852 4867 πυρσὸς
2877 4801 3181 4857 ἐπιτίθεται
3209 4804 3347 4873 πρὸς
3367 4803 3591 4874 όδηγίαν

2013 4894 2127 4954 τοῖς
2179 4892 2237 4944 ὲν
2267 4892 2423 4945 νυκτὶ
2468 4892 2807 4961 παροδίταις,
2844 4890 3096 4958 Εὔξεινος
3128 4892 3185 4946 δὲ
3219 4892 3417 4958 Πόντος
3447 4894 3587 4948 κατὰ

2014 4983 2339 5053 άντίφρααιν
2400 4984 2683 5039 καλεῖται’
2721 4985 3033 5052 κακόξεινος
3084 4986 3196 5055 γάρ
3228 4987 3444 5054 ἐλέγετο
3495 4985 3585 5040 διά

2013 5073 2113 5138 τὰς
2139 5076 2382 5144 συνεχεῖς
2402 5074 2513 5127 τῶν
2544 5076 2723 5128 ἐκεῖσε
2755 5074 2968 5145 λῃστῶν
2988 5074 3125 5144 πρὸς
3152 5073 3277 5139 τοὺς
3308 5073 3584 5139 έπιξενου-

2016 5165 2210 5237 μένους
2247 5165 2619 5236 καταδρομάς,
2672 5164 2767 5229 οὓς
2810 5182 2974 5234 φασιν
3022 5164 3231 5219 ἀνελὼν
3288 5164 3585 5235 Ἡρακλῆς,

2013 5257 2197 5321 ἀδείας
2226 5258 2481 5327 τυχόντες
2509 5258 2560 5311 οί
2583 5258 2871 5329 παροδίται
2894 5256 3081 5313 τοῦτον
3101 5255 3350 5322 Εὔξεινον
3382 5257 3587 5313 ἐπωνό-

2015 5350 2216 5419 μασαν)
2265 5351 2323 5401 ὲν
2375 5350 2455 5420 τῷ
2522 5350 2676 5422 Ἱερῷ
2715 5351 3015 5420 λεγομένῳ,
3070 5349 3221 5419 ὃτὴν
3271 5352 3587 5419 ἐπωνυμίαν

2016 5440 2206 5509 εἴληφε
2229 5440 2316 5495 διὰ
2350 5441 2458 5494 τῶν
2489 5440 2590 5509 τῆς
2628 5440 2858 5511 Ἀργοῦς
2902 5442 3207 5511 πλωτήρων
3234 5441 3412 5495 ἐκεῖσε
3440 5440 3587 5508 διερ-

2014 5536 2259 5605 χομένων
2291 5535 2480 5589 αὐτόθι
2502 5534 2781 5607 άνιδρῦσαι
2808 5537 2849 5566 ’⁷
2878 5535 2976 5605 μὲν
3011 5535 3053 5587 ξε
3065 5535 3175 5604 pay,
3206 5532 3367 5598 αὐτὸς
3388 5531 3585 5603 άθρόον
