4090 6022
887 292 1255 354 ANNALES.
1310 315 1379 326 ·-·
1417 289 1831 355 CONSTANT.
1872 291 2032 355 PORI

2137 292 2254 356 ΥΒ.
2292 295 2390 356 ΕΤ
2430 294 2802 357 ROMANUS
2833 295 3280 357 LACAPENUS

3618 304 3722 369 310

461 401 669 459 τούτοις
693 400 938 466 ἐπέθετο,
972 404 1066 456 καὶ
1090 403 1156 455 τὰ
1189 401 1288 472 μὲν
1317 401 1547 456 πλεῖστα
1576 402 1734 455 πλοῖα
1765 400 2030 472 κατέφλε-

2137 401 2284 471 quod
2324 403 2655 475 Argonautae
2683 408 2809 462 illac
2847 418 3196 465 transeuntes
3215 418 3426 468 eotoco
3458 415 3718 484 templum

461 495 572 561 ξεν,
601 494 673 548 τὰ
716 495 773 548 δὲ
806 493 969 547 λοιπά
1014 494 1096 556 είς
1151 494 1330 563 φυγὴν
1364 492 1705 564 ἐτράπησαν.
1749 491 1912 546 Ὅθεν
1942 493 2037 545 καὶ

458 585 668 651 τελείας
695 587 903 658 τροπῆς
933 588 1230 656 γενομένης
1259 586 1330 639 τὰ
1355 587 1453 657 μὲν
1481 584 1590 638 τῶν
1620 586 1823 639 πλοίων
1856 585 2036 639 αὑτῶν

458 680 735 752 αῠτανδρα
794 683 1115 746 κατέδυσαν,
1152 682 1441 744 πλείστους
1477 682 1534 736 δὲ
1564 680 1774 746 ζῶντας
1813 678 2037 732 συνέλα-

459 769 677 828 ϐον..οί
707 773 767 827 δὲ
787 775 1230 845 περιλειφθέντες
1266 774 1348 838 είς
1375 773 1440 827 τὸ
1477 772 1578 844 τῆς
1613 771 1901 842 Ἀνατολῆς
1936 771 2034 839 μέ·-

457 851 572 936 ρος,
609 867 691 926 είς
724 867 822 928 τὰς
879 865 1073 934 Ῥογὰς
1118 865 1442 934 λεγομένας,
1494 863 1892 918 κατέπλευσαν.
1927 861 2035 914 Καὶ

456 958 581 1011 ἐπεὶ
603 956 891 1026 σύνταγμα
923 957 1058 1028 πρὸς
1085 957 1154 1010 τὰ
1179 956 1277 1026 τῆς
1311 953 1568 1018 Βιθυνίας
1603 955 1745 1026 μέρη
1778 955 2035 1008 ἀπιστειο

453 1051 553 1106 λαν
583 1051 784 1122 χρειῶν
812 1051 996 1116 ἕνεκα,
1029 1050 1349 1119 ἐντυγχάνει
1372 1048 1583 1113 τούτοις
1616 1049 1826 1118 Bipont;
1856 1051 1886 1102 ὁ
1915 1048 2033 1101 Φω-

452 1142 611 1208 κᾶςνθ
628 1145 722 1198 καὶ
745 1145 857 1215 γὰρ
887 1141 1219 1206 ἀποσταλεὶς
1231 1137 1300 1212 ἦν
1327 1141 1422 1196 ἐπὶ
1442 1139 1618 1210 τούτῳ
1647 1139 1786 1210 μετὰ
1819 1140 2033 1193 ίππέων

452 1238 745 1310 ἐκκρίτων,
800 1237 1164 1308 παρατρέχων
1225 1235 1459 1298 αὐτοὺς,
1521 1236 1617 1288 καὶ
1691 1231 2033 1301 κατέσφαξεν

450 1328 720 1393 ἅπαντας.
767 1327 924 1382 Ἀλλὰ
959 1331 1052 1380 καὶ
1107 1328 1134 1379 ὁ
1171 1325 1490 1397 Κουρκούας
1529 1323 1670 1395 μετὰ
1707 1322 1907 1385 παντὸς
1937 1320 2031 1374 τοῦ

449 1421 552 1494 τῆς
593 1421 883 1492 Ἀνατολῆς
918 1401 1331 1490 στρατεύματος
1357 1418 1638 1471 κατελθὼν
1666 1417 1790 1479 τοὺς
1817 1415 2032 1468 ὑπολειο

450 1514 687 1586 φθέντας
712 1511 985 1582 εὑρίσκων
1010 1512 1352 1565 ἀπέκτεινεν.
1379 1508 1611 1572 Πολλοὺς
1631 1508 1687 1561 δὲ
1711 1511 1909 1568 τόπους
1940 1506 2031 1558 καὶ

448 1605 612 1667 ναοὺς
641 1604 972 1674 ἐνέπρησαν,
1022 1602 1270 1666 καὶτοὺς
1308 1600 1854 1671 συλλαμϐανομένους
1893 1599 2030 1651 Ῥω-

452 1697 646 1769 μαίους
679 1698 808 1772 τοὺς
850 1696 952 1765 μὲν
976 1694 1372 1769 ἀνεσταύρουν,
1398 1692 1526 1756 τοὺς
1559 1693 1615 1746 δὲ
1647 1695 1713 1762 τῇ
1744 1694 1814 1762 γῇ
1859 1707 2030 1762 προσ-

2145 494 2575 568 condiderunt),
2615 499 2774 572 747
2815 501 2932 572 ipse
2974 513 3201 573 repente
3235 505 3291 558 in
3326 505 3446 560 illos
3499 525 3722 565 irruens

2144 586 2363 656 navigia
2409 589 2518 644 alia
2565 591 2690 661 igne
2739 594 3061 662 combussit,
3097 596 3202 651 alia
3254 596 3310 652 in
3359 597 3541 670 fugam
3589 603 3718 672 egit.

2142 674 2596 745 Quocirca,fusis
2631 685 2860 738 omnino
2910 685 3219 757 fugatisque
3269 688 3543 757 hostibus,
3593 707 3722 762 par-

2143 771 2243 824 tim
2285 786 2480 827 eorum
2523 789 2693 830 naves
2734 791 2860 831 cum
2917 777 3236 834 vectoribus
3273 782 3466 852 pelago
3511 797 3719 839 merae.

2144 871 2314 926 runt,
2376 865 2577 933 partim
2639 867 2909 937 plurimos
2977 869 3298 942 ingentique
3355 874 3512 929 turba
3565 876 3723 931 vivos

2140 964 2429 1026 ceperunt.
2461 956 2565 1024 Qui
2595 959 2802 1013 residui
2835 959 3074 1026 fuerant,
3113 963 3181 1017 ad
3219 962 3558 1021 Orientalem
3602 967 3719 1037 pla--

2145 1061 2291 1116 gam,
2320 1048 2388 1102 ad
2406 1047 2587 1104 locum
2611 1066 2774 1120 quem
2804 1051 3023 1122 Rhogas
3055 1062 3271 1118 vocant,
3298 1057 3717 1127 navigaverunt.

2139 1137 2409 1210 Quodque
2437 1141 2778 1211 manipulum
2822 1146 3120 1199 necessarii
3169 1146 3355 1215 pabuli
3385 1157 3440 1202 et
3468 1164 3718 1208 annona-

2142 1245 2265 1285 rum
2298 1246 2463 1287 causa
2497 1233 2554 1288 in
2582 1234 2895 1306 Bithyniam
2933 1238 3219 1305 miserant,
3257 1240 3462 1296 Bardas
3505 1242 3719 1299 Pbocas

2144 1322 2198 1377 in
2224 1339 2344 1378 eam
2375 1339 2491 1380 rem
2530 1341 2654 1381 cum
2687 1327 2960 1383 lectorum
3005 1331 3256 1400 equitum
3300 1347 3462 1387 manu
3493 1335 3716 1403 missus,

2141 1426 2496 1475 antevertens
2553 1419 2776 1474 illorum
2831 1421 2939 1475 iter
2983 1420 3202 1492 illisque
3248 1424 3466 1479 obviam
3517 1426 3716 1493 factus,

2141 1519 2368 1562 cunctos
2393 1508 2779 1565 internecione
2809 1511 3036 1567 delevit.
3069 1511 3176 1568 Sed
3207 1527 3265 1570 et
3292 1513 3567 1582 Curcuas,
3591 1533 3718 1573 cum

2139 1598 2394 1653 Asiaticis
2419 1602 2637 1656 cunctis
2677 1602 2855 1672 copiis
2890 1602 3256 1670 descendens,
3299 1604 3517 1678 fusique
3557 1624 3717 1666 eser-

2140 1688 2284 1743 citus
2319 1691 2579 1760 reliquias
2610 1693 2920 1762 oﬂendens,
2957 1696 3176 1752 iilorum
3201 1707 3440 1771 stragem
3467 1701 3642 1758 dedit.
3675 1702 3716 1757 li

449 1761 743 1858 επήγνυον,
788 1761 920 1850 ’τοῦς
951 1786 1007 1840 δὲ
1053 1786 1149 1839 τοῦ
1206 1761 1436 1853 κλήρου,
1468 1784 1693 1838 ὄπισθεν
1721 1761 1820 1847 τὰς
1844 1761 2032 1853 χεῖρας

2137 1794 2306 1849 porro
2344 1783 2516 1837 multa
2537 1783 2658 1839 loca
2690 1800 2755 1841 ac
2794 1761 2995 1856 templa
3038 1761 3417 1856 incenderant,
3466 1806 3717 1863 quosque

447 1881 796 1953 ὰσμοῦντες,
818 1879 982 1952 ἥλους
1009 1879 1260 1949 σιδηροῦς
1288 1879 1431 1931 κατὰ
1459 1878 1632 1948 μέσης
1657 1876 1758 1944 τῆς
1786 1877 2029 1946 κεφαλῆς

448 1971 631 2028 αὐτῶν
661 1975 992 2042 ἑπήγνυσαν.
1020 1971 1304 2041 Χειμῶνος
1339 1969 1398 2023 δὲ
1438 1971 1539 2040 ήδη
1577 1968 2027 2038 καταλαμϐάνων

446 2079 559 2128 τος,
581 2063 679 2117 καὶ
703 2066 782 2126 είς
806 2063 877 2117 vi
896 2064 1071 2116 οἰκεῖα
1091 2059 1403 2130 βουλόμενοι
1429 2055 1706 2118 ἀπελθεῖν,
1733 2057 1828 2108 τὸν
1846 2056 2029 2108 στόλον

447 2153 629 2208 λαθεῖν
662 2151 1015 2216 ἐσπούδαζον.
1066 2151 1280 2213 Νυκτὸς
1313 2145 1408 2201 οὖν
1436 2145 1846 2209 ἐκπλεύσαντας
1873 2146 1903 2199 ὁ
1925 2161 2031 2197 πα-

447 2242 654 2314 τρίκιος
699 2242 978 2310 Θεοφάνης
1026 2239 1251 2302 τούτους
1287 2237 1588 2306 ὑπήντησε.
1642 2233 1726 2308 [Ρ.
1756 2232 1887 2307 491]
1925 2236 2034 2288 Καὶ

448 2336 611 2397 εὐθὺς
675 2335 904 2403 δευτέρα
955 2333 1233 2402 ναυμαχία
1290 2330 1622 2383 συνάπτεται
1674 2329 1768 2382 καὶ
1802 2330 2032 2381 πλεῖστα

449 2431 607 2485 πλοῖα
629 2427 962 2499 βυθίζονται.
1013 2425 1237 2493 ὐλίγων
1262 2424 1319 2478 δὲ
1348 2425 1489 2494 μετᾶ
1540 2421 1740 2475 πλοίων
1796 2437 2032 2490 περισω-

448 2525 651 2577 θέντων
690 2524 786 2574 καὶ
828 2522 886 2572 ἐν
939 2521 1008 2590 τῇ
1036 2518 1137 2587 τῆς
1190 2515 1393 2585 Κοίλης
1423 2513 1836 2584 περιπεσόντων
1866 2514 2028 2581 ἀκτῇ,

449 2614 643 2676 νυκτὸς
707 2612 1041 2681 ἐπελθούσης
1098 2611 1374 2678 διέφυγον.
1433 2605 1718 2675 Θεοφάνης
1773 2604 1828 2657 δὲ
1892 2606 2031 2673 μετὰ

450 2709 606 2780 νίκης
643 2707 885 2778 μεγάλης
908 2703 1258 2774 ὑποστρέψας
1291 2701 1528 2770 ἐντίμως
1561 2699 1654 2754 καὶ
1689 2697 2032 2768 μεγαλοπρε-

452 2795 570 2858 πῶς
595 2795 746 2864 παρὰ
774 2793 868 2849 τοῦ
897 2791 1161 2863 βασιλέως
1182 2788 1452 2859 ὑπεδέχθη
1473 2789 1568 2842 καὶ
1594 2785 2030 2858 παρακοιμώμε-

450 2903 540 2953 νος
567 2887 820 2958 tamen.

525 3163 632 3237 με’.
667 3163 760 3235 Τῷ
787 3162 847 3218 δι
908 3162 1205 3234 Ἀπριλλίῳ
1255 3161 1408 3234 μηνὶ,
1447 3161 1548 3233 τῆς
1599 3158 1654 3213 α”
1675 3157 2027 3222 ῑνδικτιῶνος,

450 3261 615 3316 πάλιν
638 3255 802 3332 ⁴ἷλλθον
831 3259 883 3312 ot
913 3258 1148 3329 Τοῦρκοι
1186 3256 1326 3326 μετὰ
1356 3253 1620 3326 πλείστης
1649 3252 1934 3322 δυνάμεως
1957 3267 1970 3280 ·
2001 3252 2032 3305 ὁ

448 3354 508 3409 δὲ
542 3349 1038 3426 παρακοιμὼμενος
1065 3347 1300 3417 ἐξελθὼν
1327 3347 1562 3410 σπονδὰς
1591 3346 1876 3419 εἰρηνικὰς
1911 3344 2029 3416 μετ’

449 3444 630 3499 αὐτῶν
659 3445 976 3514 ἐποιήσατο,
1021 3442 1146 3496 ὅθεν
1182 3441 1277 3496 καὶ
1300 3441 1400 3495 ἐπὶ
1438 3439 1664 3509 χρόνους
1696 3443 1738 3491 ε’
1769 3437 1803 3508 ἡ
1835 3435 2026 3508 είρήνη

443 3536 808 3607 διεφυλάχθη.

525 3627 639 3700 μη’.
674 3629 754 3699 τῇ
791 3627 849 3681 δὲ
879 3625 922 3697 β’
951 3624 1266 3690 ίνδικτιῶνι,
1295 3620 1604 3694 Πασχάλιος
1630 3618 2032 3693 πρωτοσπαθὰ·

455 3738 569 3794 ριος
588 3720 688 3777 καὶ
706 3720 1011 3792 στρατηγὸς
1038 3714 1453 3787 Δαγουϐαρδίας
1475 3711 1871 3769 ἀποστέλλεται
1895 3711 2032 3782 πρὸς

455 3819 603 3888 ῥῆγα
631 3813 748 3867 ’τῶν
780 3811 1069 3884 Ψράγγων,
1133 3810 1361 3878 ἀγαγεῖν
1395 3805 1497 3878 τὴν
1547 3805 1714 3861 αὐτοῦ
1756 3803 2032 3872 θυγατέρα

467 3905 735 3976 Ῥωμανῷ
757 3902 836 3973 τῷ
856 3901 1271 3956 κωνσταντίνου
1301 3897 1396 3952 τοῦ
1442 3897 1696 3970 γαμϐροῦ
1727 3895 1894 3951 αὑτοῦ
1928 3894 2032 3965 υίῷ

455 4001 534 4062 είς
571 3997 813 4069 νύμφην.
845 3994 950 4048 Ἦν
977 3994 1074 4047 καὶ
1100 3991 1239 4062 μετὰ
1263 3989 1496 4044 πλούτου
1529 3987 1726 4042 πολλοῦ
1746 3990 1775 4042 6
1808 3987 2032 4056 Πασχά-

451 4093 566 4154 λιος
608 4089 886 4160 ἀνήγαγεν
906 4104 922 4120 ·
975 4084 1072 4140 καὶ
1116 4085 1340 4153 γέγονεν
1386 4086 1417 4137 ὁ
1468 4084 1645 4152 γάμος
1670 4079 2034 4150 Σεπτεμϐρίῳ

455 4183 609 4256 μηνὶ,
662 4178 992 4241 ίνδικτιῶνος
1038 4184 1112 4247 γ’.
1143 4177 1305 4241 Ἦτις
1336 4175 1431 4230 καὶ
1453 4174 1617 4243 ἔζησε
1640 4172 1780 4244 μετὰ
1811 4172 1906 4226 τοῦ
1938 4174 2033 4227 ἁν·

452 4273 577 4348 δρδς
599 4272 770 4342 αὐτῆς
796 4270 893 4342 ἐτη
915 4267 981 4337 ε’,
1026 4267 1122 4323 καὶ
1156 4266 1512 4337 ἐτελεύτησεν
1538 4266 1598 4318 ἑν
1635 4267 1756 4327 ταῖς
1798 4263 2032 4335 ἡμίραις

451 4369 552 4437 τῆς
583 4361 1013 4436 αὐτοκρατορίας
1042 4358 1453 4415 Κωνσταντίνου
1503 4355 1600 4412 τοῦ
1626 4355 1794 4425 αὐτῆς
1837 4355 2032 4409 πενθεο

533 4548 639 4621 μθ⁹.
676 4547 768 4618 Τῷ
826 4544 1147 4617 Δεκεμϐρίῳ
1194 4542 1365 4616 μηνὶ,
1424 4542 1521 4614 τῆς
1566 4540 1610 4596 δ’
1678 4540 2032 4605 ίνδικτιῶνος,

459 4645 664 4716 δνάμου
695 4641 870 4714 βιαίου
897 4641 994 4694 καὶ
1013 4636 1246 4712 σφοδροῦ
1289 4635 1622 4700 πνεύσαντος
1667 4636 1719 4689 oi
1749 4636 2035 4706 λεγόμενοι

453 4738 513 4794 δν
534 4736 613 4807 τῷ
645 4732 857 4803 ίππικῴ
888 4731 951 4796 ἐξ
979 4731 1230 4793 ἐναντίας
1259 4727 1354 4782 τοῦ
1385 4725 1670 4796 βασιλικοῦ
1715 4725 1910 4796 θρόνου
1930 4725 2036 4794 Δῆ-

454 4845 549 4905 μοι
587 4827 910 4890 κατέπεσον,
946 4826 1042 4877 καὶ
1084 4820 1414 4892 συνέτριψαν
1437 4818 1506 4874 τὰ
1557 4818 1820 4873 ὑποκάτω
1851 4816 2034 4871 αὐτῶν

453 4918 633 4993 βάθρα
675 4917 770 4970 καὶ
832 4915 1057 4987 στήθεα.
1117 4913 1330 4983 Χρόνου
1359 4911 1417 4966 δὲ
1449 4909 1748 4975 διελθόντος
1772 4909 1852 4981 τῷ
1880 4909 2032 4980 αῦτῷ

458 5010 591 5084 μηνὶ
618 5006 954 5079 τὸνβασιλέα
994 5005 1274 5077 Ῥωμανδν
1302 5006 1353 5059 ot
1387 5004 1494 5058 υίοὶ
1521 5004 1689 5059 αὑτοῦ
1721 5003 1817 5057 τοῦ
1850 5005 1892 5035 ⁸⁷
1925 5019 2028 5057 παν

455 5100 644 5157 λατίου
675 5100 1016 5172 κατήγαγον.

526 5199 592 5251 νβ.
620 5193 735 5265 Τῆς
779 5193 838 5247 δὲ
886 5191 1095 5256 πόλεως
1133 5190 1377 5262 Ἐδὲσης,
1408 5195 1467 5246 ιν
1513 5185 1547 5266 ᾖ
1583 5191 1646 5245 τὸ
1669 5190 1766 5245 τοῦ
1795 5189 2034 5260 Χριστοῦ

455 5284 612 5355 ιγιον
639 5286 938 5356 ὶκμαγεῐον
965 5284 1248 5346 ἀπέκειτο,
1282 5283 1434 5352 παρὰ
1460 5283 1556 5337 τοῦ
1600 5282 1916 5353 Ῥωμαῖκοῦ
1939 5299 2036 5335 πο-

452 5378 853 5452 λιορκουμένης
901 5375 1333 5449 στρατεύματος,
1379 5377 1431 5429 οῑ
1489 5377 1776 5447 οἰκήτορες
1825 5373 2034 5446 ταύτης

459 5473 597 5544 πρὸς
623 5472 716 5525 τὸν
762 5469 991 5542 βασιλέα
1041 5468 1498 5541 δωπρεσσεύουσι
1557 5468 1840 5539 Ῥωμανδν
1873 5468 2035 5522 τοῦτο

453 5562 739 5637 παρέχειν,
777 5564 827 5616 ει
855 5561 956 5634 τὴν
989 5559 1305 5633 πολιορκίαν
1334 5560 1569 5615 λύσειεν.
1607 5560 1787 5633 Ὅπερ
1811 5561 1906 5616 καὶ
1936 5561 2030 5630 γέ-

2132 1887 2198 1926 cx
2252 1872 2520 1930 Romanis
2581 1879 3145 1948 comprehenderant,
3195 1881 3334 1936 alios
3386 1883 3446 1936 in
3493 1896 3715 1938 crucem

2134 1964 2388 2033 agebant,
2440 1967 2582 2024 alios
2623 1979 2784 2026 terrm
2831 1972 3220 2043 conﬁgebant;
3254 1974 3490 2030 clericos
3540 1977 3714 2033 sacri-

2134 2073 2243 2126 que
2289 2060 2505 2116 ordinis
2550 2062 2721 2127 viros,
2754 2065 3012 2120 manibus
3065 2075 3189 2134 post
3233 2075 3382 2139 terga
3429 2068 3715 2134 revinctis,

2135 2147 2319 2202 medio
2351 2150 2584 2206 cerebro
2618 2150 2802 2206 inﬁxis
2829 2153 3001 2208 clavis
3036 2153 3157 2209 dire
3185 2153 3560 2224 perimebant.
3592 2153 3714 2209 1am

2135 2254 2266 2294 vero
2301 2249 2596 2310 appetente
2623 2243 2804 2299 hieme
2834 2258 2960 2298 cum
2978 2244 3202 2299 domum
3225 2246 3408 2300 redire
3431 2256 3713 2315 pararent,

2136 2331 2438 2387 Romanam
2464 2334 2696 2389 classem
2742 2336 2912 2391 latere
2970 2337 3286 2392 studebant.
3335 2335 3476 2393 Cum
3530 2337 3717 2408 itaque

2135 2435 2302 2479 noetu
2359 2426 2678 2491 solvissent,
2721 2427 2868 2483 facto
2894 2428 2977 2484 eis
3004 2429 3224 2484 obviam
3255 2429 3599 2501 Theophane
3621 2445 3719 2502 pa-

2135 2516 2298 2570 tricio
2343 2517 2514 2574 altera
2541 2521 2727 2574 statim
2756 2521 2968 2576 navalis
2997 2522 3292 2578 commissa
3328 2537 3532 2596 pugna,
3575 2523 3716 2578 mul-

2137 2616 2299 2677 taque
2327 2606 2603 2678 profundo
2633 2626 2812 2667 mersa
2840 2612 3057 2684 navigia
3089 2630 3104 2668 :
3134 2614 3296 2684 pauci
3329 2629 3453 2671 cum
3483 2614 3719 2685 navigiis

2133 2700 2203 2754 ad
2231 2700 2414 2757 Coeles
2436 2717 2696 2773 asperum
2721 2703 2878 2759 littus
2905 2705 3082 2761 evecti
3125 2706 3436 2762 incolumes
3473 2722 3574 2776 per
3612 2721 3718 2760 no-

2135 2793 2241 2848 ctis
2268 2795 2739 2864 opportunitatem
2765 2804 3085 2852 evaserunt.
3119 2796 3488 2868 Theophanes
3531 2807 3718 2852 autem

2137 2885 2342 2957 ingenti
2375 2897 2528 2956 parta
2553 2887 2783 2942 victoria
2810 2903 3085 2952 reversus,
3141 2888 3446 2944 honorifice
3493 2904 3558 2944 ac
3604 2905 3720 2946 ma-

2134 2978 2331 3049 gnifice
2359 2979 2430 3033 ab
2466 2981 2802 3049 imperatore
2834 2989 3144 3051 susceptus,
3165 2981 3502 3038 accubitoris
3539 2981 3720 3053 digni~

2135 3079 2248 3126 tate
2285 3080 2578 3140 provectus
2603 3081 2708 3127 est.

2205 3163 2373 3237 75.3
2401 3165 2490 3220 47.
2528 3165 2714 3220 Hense
2735 3165 2932 3235 Aprili,
2961 3164 3265 3221 indictione
3293 3165 3491 3237 prima,
3519 3181 3714 3223 rursus

2133 3258 2304 3314 Turci
2352 3258 2671 3330 ingentibus
2709 3258 2887 3328 copiis
2938 3258 3308 3330 irruptionem
3366 3258 3568 3315 fecere.
3629 3259 3710 3315 Ad

2131 3365 2274 3420 quos
2339 3365 2596 3420 egressus
2660 3349 2948 3403 accubitor
3021 3351 3176 3420 pacis
3226 3364 3353 3405 cum
3408 3351 3490 3404 eis
3534 3348 3717 3406 fmdus

2134 3442 2404 3513 percussit
2435 3459 2451 3507 ;
2503 3442 2650 3496 unde
2684 3441 2850 3496 etiam
2874 3441 2943 3496 ad
2976 3457 3152 3498 annos
3183 3442 3431 3513 quinque
3458 3458 3559 3513 pax
3592 3449 3716 3498 rata

2134 3534 2263 3590 fuit.

2204 3623 2296 3679 ιε.
2331 3623 2514 3679 Altera
2563 3624 2750 3679 statim
2819 3623 3147 3687 indictione.
3206 3623 3487 3681 Paschalis
3528 3633 3718 3695 proto—

2133 3716 2454 3787 spatharius
2474 3731 2539 3771 ac
2586 3714 2982 3787 Longobardize
3010 3725 3211 3785 praetor
3262 3733 3293 3771 a
3343 3716 3591 3773 Romano
3642 3716 3716 3774 ad

2134 3811 2470 3866 Francorum
2491 3825 2698 3882 regem,
2735 3813 2831 3879 qui
2868 3810 2989 3880 ejus
3015 3809 3180 3863 ﬁliam
3205 3809 3444 3864 adducat
3465 3808 3716 3866 Romano

2132 3904 2479 3961 Constantini
2504 3905 2625 3974 ejus
2657 3903 2843 3974 generi
2878 3900 2991 3956 ﬁlio
3025 3901 3411 3972 copulandam,
3451 3902 3713 3957 mittitur.

2133 3997 2306 4065 Quam
2336 4005 2393 4052 et
2425 3997 2612 4051 multis
2632 3995 2888 4051 donatam
2910 3994 3110 4065 opibus
3130 3993 3380 4049 adduxit.
3411 3991 3715 4050 Celebrate

2133 4091 2341 4162 πυρεῖα
2386 4104 2577 4145 mense
2607 4088 2944 4161 Septembri,
2987 4085 3292 4142 indictione
3323 4087 3504 4142 tertia.
3536 4087 3712 4142 Vixit-

2133 4199 2243 4254 que
2304 4197 2430 4237 cum
2458 4181 2577 4236 viro
2628 4195 2732 4236 suo
2762 4194 2939 4234 annos
2970 4178 3235 4247 quinque,
3268 4187 3325 4232 et
3356 4186 3571 4232 mortua
3603 4185 3710 4241 est,

2134 4279 2255 4348 ejus
2285 4290 2481 4332 socero
2505 4272 2869 4332 Constantino
2886 4271 3211 4342 iterumjam
3236 4285 3418 4326 rerum
3442 4284 3716 4326 summam

2135 4370 2359 4439 adepto.

2211 4547 2300 4604 L9.
2337 4545 2522 4602 Mense
2547 4544 2862 4609 Decembri,
2913 4543 3215 4599 indictione
3239 4549 3455 4612 quarta,
3486 4536 3715 4596 validis-

2138 4642 2280 4698 simo
2306 4657 2368 4696 ac
2413 4640 2730 4695 vehementi
2763 4636 3027 4706 perflante
3066 4645 3254 4698 vento,
3297 4648 3437 4703 quos
3463 4632 3520 4687 in
3550 4629 3717 4688 Circo

2134 4733 2330 4790 demas
2361 4738 2583 4795 vocant,
2613 4745 2681 4785 ex
2704 4728 2940 4784 adverso
2960 4725 3312 4797 imperatoris
3341 4723 3467 4780 solii
3495 4722 3715 4780 cecide-

2141 4834 2297 4889 runt.
2329 4825 2721 4895 subiectosque
2763 4820 2966 4892 gradus
3011 4834 3077 4875 ac
3117 4817 3542 4874 intercolumnia
3574 4832 3712 4873 con-

2142 4919 2441 4973 triverunt.
2473 4915 2774 4970 Transacto
2817 4920 3002 4967 autem
3033 4925 3199 4976 anno,
3255 4909 3451 4965 eodem
3497 4922 3710 4974 mense,

2139 5010 2450 5064 Romanum
2486 5007 2879 5076 imperatorem
2907 5003 3008 5059 filii
3036 5003 3164 5058 aula
3191 5001 3568 5058 detruserunt.

2214 5189 2303 5246 50.
2333 5188 2585 5244 Edesena
2612 5193 2796 5242 autem
2834 5186 3082 5248 civitate,
3107 5183 3162 5238 in
3190 5197 3298 5251 qua
3323 5195 3476 5236 sacra
3506 5177 3716 5235 Christi

2139 5285 2348 5360 eﬂigies
2377 5285 2548 5340 linteo
2588 5296 2870 5352 expressa,
2919 5279 3294 5334 Romanorum
3355 5275 3530 5344 copiis
3568 5274 3719 5330 obsi-

2143 5379 2314 5436 dione
2345 5376 2528 5433 cincta
2556 5374 2838 5445 armisque
2862 5387 3076 5444 pressa,
3106 5370 3269 5426 missa
3304 5369 3376 5423 ad
3407 5368 3716 5424 Romanum

2141 5469 2418 5541 legatione
2442 5465 2593 5521 illius
2627 5466 2778 5519 cives
2812 5463 2960 5518 illam
3009 5476 3068 5516 se
3113 5459 3442 5530 praebituros
3487 5452 3719 5525 polliciti

2141 5570 2293 5628 sunt,
2319 5575 2383 5616 ea
2403 5558 2673 5616 duntaxat
2702 5556 3022 5613 conditione
3056 5562 3120 5610 ut
3136 5551 3357 5610 obsidio
3387 5551 3718 5607 solveretur.

1788 5653 2024 5712 νειιιιε
2061 5651 2470 5716 LECTIONES.

520 5753 564 5787 "
592 5749 686 5804 τοῦ
716 5761 828 5804 om.
858 5744 921 5802 Ρ.

702 5843 972 5903 Parant.
1005 5841 1122 5906 CB.
1157 5838 1315 5901 CIX.

3246 5821 3330 5884 τε
