4090 6022
417 289 517 353 841

1495 292 1694 353 ὛΙΤιΕ
1750 287 2304 352 RECENTIORUM
2371 288 2555 348 lMPP

3563 286 3669 350 8&2.

417 407 551 462 Θεοῦ
578 405 669 460 καὶ
683 405 796 460 τῶν
819 407 988 475 άγίων
1018 414 1174 472 δορις
1193 413 1286 460 καὶ
1308 406 1406 476 τῇς
1442 406 1774 476 Ἐκκλησίας
1801 408 1829 459 ὁ
1860 405 1990 458 διω-

2109 401 2266 458 tionis
2317 402 2589 458 sollicitus
2647 401 2866 456 animus
2917 413 2979 454 ac
3022 399 3271 455 ambitio.
3343 400 3485 457 Hinc
3551 419 3674 474 quae

419 500 576 569 γμός,
615 498 896 553 Ἐντεῦθεν
921 499 1454 568 κατακυριευόμενον
1485 499 1519 569 ἢ
1559 497 1993 570 τυραννούμενον

417 593 479 642 τὸ
507 590 746 659 ὑπήκοον
776 591 887 652 τοῖς
937 584 1162 642 ἐκείνων
1207 587 1253 620 ⁸ο
1286 588 1518 656 δόγμασι
1546 588 1640 640 καὶ
1691 587 1994 658 θελήμασιν

421 680 755 734 ὑποκόπτειν
782 680 1098 745 ἐκϐιάζεται
1115 695 1128 709 ⁶
1164 680 1250 752 [Ρ.
1280 678 1406 752 509]
1426 674 1500 733 ὧν
1525 680 1710 733 ἕνεκεν
1734 680 1795 732 τὸ
1820 677 1993 749 ἐμψυ-

419 787 512 841 χον
536 770 1014 841 κεχάλκευταικαὶ
1048 771 1387 842 ἐσχεδίασται
1415 771 1599 836 ὅπλον,
1633 771 1873 840 σχήματι
1897 768 1996 838 μὲν

418 865 513 919 τοῦ
569 861 1057 936 σωματοφυλακεῖν
1113 863 1478 933 ἠθροισμένον
1508 863 1576 929 ⁸¹,
1625 865 1745 925 ταῖς
1772 861 1828 915 δὲ
1859 861 1995 929 dit-q-

419 953 594 1018 θείαις
622 954 714 1008 τοῦ
740 956 1030 1025 ἐκπορθεῖν
1062 956 1162 1025 τὴν
1205 955 1531 1025 Ἐκκλησίαν
1569 953 1805 1026 Χριστοῦ
1829 954 1876 987 δ’
1902 954 1998 1007 καλ

418 1046 625 1117 ληῖζειν
651 1049 1096 1119 ἐπινενοημένον,
1168 1046 1439 1118 προφάσει
1469 1046 1563 1099 τοῦ
1619 1046 1999 1118 συμπεριγράο

420 1141 614 1209 φεσθσι
647 1141 748 1211 τὴν
783 1141 1022 1213 Χριστοῦ
1064 1141 1296 1213 θεότητα
1326 1143 1386 1195 έν
1414 1143 1482 1212 τῇ
1515 1140 1707 1206 εἰκόνι,
1745 1139 1998 1211 παραλη-

422 1232 642 1304 ροῦντες
671 1234 717 1266 ⁸³
739 1249 754 1264 ⁸
780 1234 856 1297 ὡς
903 1233 958 1286 εἴ
983 1251 1070 1298 τις
1095 1234 1186 1286 καὶ
1208 1233 1269 1286 τὸ
1291 1232 1515 1304 ⁴ἡλιακὸν
1544 1231 1612 1304 δὴ
1643 1231 1801 1286 τοῦτο
1829 1230 1924 1285 καὶ
1950 1229 2000 1262 ⁸⁸

411 1325 712 1390 δισκοειδὲς
756 1311 916 1398 σῶμα
941 1325 1330 1397 γεγραμμένον
1360 1325 1421 1379 ἓν
1448 1341 1556 1379 τινι
1606 1325 1777 1395 τόπῳ,
1815 1322 2000 1389 καθὼς

415 1416 475 1468 ἔν
506 1434 649 1470 τισιν
701 1418 897 1487 ὁρᾶται
932 1418 1276 1488 γιγνόμενον,
1314 1416 1662 1481 ὑποδείξειεν,
1711 1415 2003 1485 ἐδογμάτι-

417 1524 518 1561 σαν
541 1508 586 1540 ⁸⁸
617 1509 682 1560 ἂν
713 1510 807 1562 καὶ
834 1508 934 1579 τὴν
967 1507 1061 1562 τοῦ
1098 1509 1276 1579 φωτὸς
1304 1509 1495 1562 οὐσίαν
1525 1509 1620 1563 καὶ
1647 1507 1827 1578 αὐγὴν
1872 1525 2003 1577 συγ-

415 1598 728 1670 γράφεσθαι
751 1601 844 1653 καὶ
875 1600 1318 1672 περιγράφεσθαι
1343 1600 1377 1672 ἦ
1401 1601 1621 1664 πάντως
1648 1601 1714 1654 ἐκ
1738 1598 1832 1656 τοῦ
1852 1598 2000 1668 ἡλίου

2094 495 2360 549 adversus
2402 493 2575 549 Deum
2624 501 2956 563 sanctosque
3009 494 3350 574 contumelia
3408 496 3674 565 iactatur,

2094 598 2160 638 ac
2207 583 2467 639 Ecclesiae
2541 583 2875 654 persecutio.
2923 582 3064 640 Hinc
3109 582 3398 640 dominatu
3441 601 3537 642 seu
3589 596 3678 660 ty-

2095 675 2327 730 rannide
2353 677 2602 745 oppressi
2652 674 2859 731 subditi
2912 675 3132 730 illorum
3167 675 3441 733 doctrinis
3477 694 3543 734 ac
3574 693 3676 734 vo-

2094 768 2402 825 luntatibus
2434 769 2680 825 animum
2710 769 3036 825 submittere
3066 781 3375 842 coguntur;
3410 775 3568 844 cujus
3596 777 3678 831 rei

2097 857 2269 928 gratia
2296 859 2464 914 telum
2508 857 2732 913 cuditur
2760 874 2826 914 ac
2866 859 3179 929 expeditur,
3220 875 3286 915 eo
3321 861 3545 932 quidem
3577 879 3678 919 co-

2097 949 2214 1005 lore
2248 959 2414 1020 atque
2453 957 2744 1022 praetextu,
2792 959 2854 1006 ut
2904 963 3231 1021 congregata
3283 968 3348 1008 ac
3376 964 3528 1023 parta
3558 970 3679 1009 ser-

2098 1051 2317 1109 ventur,
2365 1057 2560 1098 revera
2590 1051 2774 1097 autem
2822 1042 2890 1098 ad
2929 1044 3343 1112 expugnandam
3375 1046 3676 1102 Ecclesiam

2099 1149 2333 1204 eamque
2365 1134 2732 1205 populandam
2761 1134 3135 1202 adinventum,
3161 1140 3340 1205 quasi,
3377 1147 3439 1192 ut
3471 1139 3548 1192 illi
3579 1138 3678 1193 de-

2099 1225 2285 1292 lirant,
2315 1226 2522 1282 Christi
2565 1227 2745 1283 deitas
2787 1227 2842 1282 in
2894 1227 3129 1298 imagine
3157 1228 3678 1297 circumscribatur;

2099 1332 2187 1381 ac,
2219 1317 2265 1372 si
2295 1317 2420 1389 quis
2459 1318 2643 1373 solare
2693 1319 2797 1373 hoc
2830 1333 3032 1388 corpus
3078 1335 3142 1373 ac
3180 1319 3478 1375 orbiculari
3506 1321 3682 1391 ﬁgura

2104 1407 2159 1462 in
2193 1407 2381 1476 aliquo
2433 1406 2710 1478 depictum
2744 1408 2868 1462 loco
2921 1408 3239 1473 ostendens,
3298 1424 3408 1463 una
3458 1425 3682 1481 quoque

2102 1495 2325 1568 depingi
2370 1511 2436 1552 ac
2477 1496 2861 1552 circumscribi
2895 1499 3042 1553 lucis
3090 1498 3452 1554 substantiam
3479 1515 3543 1556 ac
3573 1500 3684 1556 ful-

2102 1602 2290 1658 gorem
2323 1602 2422 1644 seu
2448 1589 2677 1644 omnino
2700 1589 2949 1644 abscindi
2969 1607 3000 1644 a
3024 1590 3137 1644 sole
3162 1590 3347 1646 lumen
3375 1594 3680 1661 putaverit;

415 1691 476 1745 τὸ
516 1693 630 1760 φῶς
670 1693 1091 1762 ἀποτέμνεσθαι,
1139 1694 1172 1763 ἢ
1216 1693 1379 1747 πάλιν
1416 1694 1614 1747 ἀκτῖνα
1642 1691 1792 1763 ἡλίου
1822 1692 1878 1745 ετ
1897 1709 2001 1746 που

2109 1678 2192 1732 vel
2239 1692 2434 1734 rursus
2480 1677 2576 1748 qui
2614 1678 2752 1734 solis
2778 1680 2995 1735 radium
3018 1681 3211 1736 arbori
3240 1681 3570 1738 insidentem
3595 1683 3684 1738 vi-

411 1755 617 1852 δένδρῳ
645 1786 692 1817 ⁸⁸
737 1755 1185 1854 προσϐάλλουσαν
1235 1784 1359 1850 ἴδοι,
1425 1755 1722 1856 ὲντμηθείη
1750 1784 1810 1837 δὲ
1847 1784 1894 1817 ³⁷
1941 1783 2005 1838 τὸ

2109 1769 2242 1825 dens
2277 1784 2416 1825 caesa
2439 1770 2637 1826 arbore
2671 1771 2887 1826 radium
2910 1788 3131 1843 quoque
3161 1774 3410 1828 exscindi
3437 1773 3687 1831 dementi

411 1874 655 1945 δένδρον,
691 1877 1200 1949 συνεγκοπήσεσθαι
1229 1878 1275 1909 ⁸⁸
1326 1878 1420 1931 καὶ
1449 1877 1548 1948 τὴν
1583 1878 1782 1931 ἀκτῖνα
1811 1893 2000 1948 παρα-

418 1971 628 2039 φρόνως
684 1969 969 2039 ἐνομίσθη.
1032 1968 1144 2022 Καὶ
1176 1969 1360 2040 μέντοι
1411 1967 1508 2021 καὶ
1552 1967 1647 2020 ἐπὶ
1702 1966 1877 2039 πυρὸς
1910 1966 2004 2020 καὶ

417 2060 592 2115 ἄλλων
621 2061 781 2113 τινῶν
808 2060 1274 2132 διανοηθήσονται,
1325 2061 1414 2115 ἵνα
1437 2058 1661 2123 ἐνδίκως
1693 2058 1845 2130 παρὰ
1872 2057 2004 2112 παί-

417 2153 524 2207 δων
551 2154 863 2218 παιζόντων
920 2155 1332 2225 παιχθήσωνται
1365 2153 1687 2222 φρονοῦντες
1733 2152 2005 2206 ἀσυνετώ-

413 2258 572 2312 τερα.
607 2243 669 2295 Εἰ
711 2243 818 2312 γὰρ
851 2242 1081 2296 ἐπὶτῶν
1116 2242 1424 2314 εἰρημένων
1454 2241 1584 2296 οὔτε
1610 2241 1856 2311 γίνεσθαι
1880 2239 2005 2295 οὔτε

417 2333 649 2404 δρᾶσθαι
703 2326 946 2403 πέφυκεν
988 2332 1113 2387 οὔτε
1157 2336 1263 2405 μὴν
1315 2334 1566 2402 λέγεσθαι
1591 2333 1778 2404 χώραν
1802 2333 2003 2400 Eiet”,

420 2426 572 2494 πόσῳ
594 2423 795 2494 μᾶλλον
825 2425 920 2479 ἐπὶ
950 2424 1052 2494 τῆς
1085 2425 1406 2496 ἀπορρήτου
1444 2426 1533 2477 καὶ
1546 2423 1697 2489 θείας
1727 2425 1943 2492 φύσεως
1969 2425 2002 2497 ἢ

418 2518 512 2570 ἐπὶ
545 2519 646 2588 τῆς
674 2519 954 2589 άφράστον
985 2519 1079 2572 καὶ
1103 2519 1506 2589 ἀνερμηνεύτου
1535 2518 1772 2590 Χριστοῦ
1800 2522 2006 2574 οἰκονο-

418 2611 552 2682 μίας
564 2611 739 2666 ταῦτα
753 2611 980 2685 λέγεινῆ
1000 2614 1197 2666 ἱννοείν
1215 2613 1453 2666 ἀδύνατα
1469 2611 1562 2665 καὶ
1578 2611 2002 2683 ἀνεπιχείρηταῖ

420 2701 558 2755 Οὐδὲ
584 2701 694 2774 γάρ
723 2704 769 2737 ⁹⁹
804 2702 1185 2773 σαρκούμενος
1215 2702 1249 2773 ἢ
1284 2702 1510 2773 πάσχων
1563 2701 1704 2773 ὑπὲρ
1740 2701 1899 2772 ἡμῶν
1927 2702 2007 2774 τῷ

423 2791 638 2861 σώματι
653 2791 813 2847 τοῦτο
830 2793 874 2826 ⁸⁸
893 2793 1191 2858 πέπονθεν,
1212 2795 1337 2848 ἐπεὶ
1358 2793 1501 2849 οὕτω
1524 2811 1590 2863 γε
1607 2793 1699 2848 καὶ
1724 2794 1773 2846 εί
1795 2791 2009 2866 ἄνθρω-

420 2901 522 2950 πος
551 2884 661 2939 τῶν
685 2886 733 2917 θ’
763 2884 883 2940 καθ⁴
911 2888 1060 2959 ἡμᾶς
1087 2885 1411 2951 είκονίζοιτο
1435 2888 1676 2956 σώματι,
1707 2886 1924 2956 ἀνάγκη
1957 2885 2005 2918 ⁸³

424 2978 518 3033 καὶ
536 2978 636 3050 τὴν
658 2978 837 3051 ψυχὴν
897 2979 1379 3046 συνεικονίζεσθαι,
1409 2979 1443 3049 ἢ
1478 2978 1698 3043 πάντως
1748 2977 2006 3049 τεθνήξε-

2104 1876 2270 1918 sensu
2291 1863 2708 1919 existimaverit.
2743 1864 2948 1920 Eadem
2968 1874 3024 1919 et
3049 1867 3106 1920 in
3123 1866 3247 1932 igne
3268 1866 3499 1937 aliisque
3520 1868 3681 1939 781

2105 1956 2387 2011 nonnullis
2427 1958 2571 2012 ratio
2605 1957 3072 2023 considerabitur,
3110 1967 3174 2013 ut
3211 1974 3242 2013 a
3275 1961 3465 2030 pueris
3493 1961 3687 2017 illuso-

2106 2050 2261 2107 ribus
2298 2053 2366 2109 iis
2396 2053 2594 2109 merito
2628 2053 2913 2113 iﬂudatur.
2940 2056 3034 2125 qui
3078 2056 3282 2127 majore
3305 2057 3525 2113 cunctis
3551 2057 3690 2114 stul-

2107 2143 2226 2198 titia
2260 2143 2648 2216 dementiaque
2681 2147 2974 2201 insaniant.
3008 2147 3062 2201 Si
3081 2148 3230 2202 enim
3253 2164 3355 2204 nec
3387 2150 3442 2204 in
3473 2151 3542 2205 iis
3565 2166 3690 2220 quas

2107 2233 2255 2290 dicta
2304 2244 2435 2290 sunt
2475 2238 2562 2292 vel
2615 2237 2733 2292 fieri
2764 2239 2850 2293 vel
2878 2239 3054 2294 videri
3091 2250 3467 2310 comparatum
3500 2251 3606 2306 est,
3632 2251 3690 2298 at

2107 2337 2287 2393 neque
2321 2323 2432 2378 dici
2481 2325 2660 2381 locum
2715 2326 2903 2390 habet,
2944 2337 3151 2397 quanto
3189 2345 3361 2400 magis
3402 2331 3457 2384 in
3483 2346 3692 2394 arcana

2106 2414 2402 2486 divinaque
2437 2428 2654 2482 natura,
2687 2420 2804 2474 sive
2837 2419 2892 2473 in
2923 2419 3127 2476 Christi
3175 2424 3341 2479 nullis
3371 2425 3556 2479 verbis
3590 2441 3690 2481 ex-

2107 2507 2353 2576 plicabili
2403 2507 2914 2580 interpretabilique
2963 2511 3394 2583 dispensatione,
3429 2517 3690 2587 impossi-

2107 2602 2238 2657 bilia
2272 2602 2390 2658 hac
2425 2604 2577 2658 dictu
2639 2615 2736 2660 aut
2779 2607 3023 2676 cogitatu
3071 2623 3135 2663 ac
3168 2610 3532 2666 inconcessa?
3560 2627 3689 2667 nam

2105 2710 2288 2767 neque
2334 2712 2556 2752 carnem
2607 2700 2843 2753 sumenti
2894 2710 2990 2756 aut
3029 2701 3202 2757 nostri
3235 2705 3410 2774 gratia
3457 2719 3688 2775 corpore

2105 2789 2366 2845 morienti
2401 2789 2456 2846 id
2504 2791 2560 2847 ei
2603 2791 2810 2848 evenit.
2841 2791 3059 2863 Alioqui
3101 2810 3166 2850 ea
3208 2799 3443 2863 ratione,
3477 2814 3606 2854 cum
3629 2807 3691 2856 et

2107 2881 2212 2951 ipsi
2254 2896 2486 2951 corpore
2527 2883 2826 2953 pingimur,
2866 2899 2972 2939 una
3013 2900 3234 2955 quoque
3265 2887 3504 2942 animam
3540 2891 3692 2961 pingi

2106 2989 2336 3030 necesse
2391 2984 2559 3037 esset,
2604 2986 2700 3032 aut
2740 2993 2934 3032 eorum
2981 2995 3210 3049 prorsus
3257 2980 3496 3037 divortio
3526 2983 3691 3040 mori.

419 3071 552 3127 σθαι
590 3069 1008 3144 χωριζομένων·
1043 3070 1098 3125 τί
1125 3071 1234 3144 γὰρ
1262 3071 1453 3142 ἕτερον
1483 3069 1718 3134 θάνατος
1747 3070 1783 3141 ἢ
1829 3086 2002 3142 χωρι-

2109 3064 2253 3132 Quid
2278 3081 2516 3136 namque
2544 3067 2694 3124 aliud
2737 3086 2886 3126 mors
2911 3086 3072 3141 quam
3106 3073 3303 3129 anima:
3330 3076 3697 3146 corporisque

420 3165 560 3235 σμὸς
580 3164 759 3235 ψυχῆς
783 3163 876 3217 καὶ
903 3163 952 3196 ’⁵
1005 3162 1294 3235 σώματοςς
1331 3162 1495 3217 Ὅθεν
1531 3163 1589 3215 έν
1619 3162 1832 3225 τούτοις
1854 3161 1996 3231 φαί-

419 3273 610 3313 νονται
642 3254 924 3325 προδήλως
958 3253 1112 3308 οὐδὲν
1141 3249 1304 3326 ἦττον
1342 3252 1671 3317 ἀσεϐοῦντες
1703 3251 1738 3324 ἢ
1769 3252 2008 3323 ἀμαθαί-

419 3363 606 3412 νοντις
622 3363 640 3378 ο
657 3346 719 3400 οὐ
749 3345 860 3416 γὰρ
882 3346 1063 3399 ίσασιν
1083 3344 1207 3397 ὅσον
1226 3341 1470 3414 γραπτοῦ
1499 3344 1596 3396 καὶ
1627 3341 2006 3412 περιγραπτοῦ

421 3439 518 3495 τοῦ
542 3456 602 3494 τε
629 3437 870 3512 γράφειν
898 3437 997 3492 καὶ
1031 3437 1396 3508 περιγράφειν
1426 3435 1488 3488 τὸ
1517 3434 1719 3501 ἰδιάζον
1733 3434 1829 3488 καὶ
1855 3433 2008 3504 διηλα

423 3528 718 3601 λαγμένον,
783 3527 879 3582 καὶ
930 3527 1020 3580 διὰ
1073 3525 1232 3580 τοῦτο
1265 3523 1686 3596 φενακιζόμενοι
1718 3523 2010 3596 ματαιολο·

425 3623 603 3692 γοῦσι.
650 3620 762 3678 Ποῦ
817 3622 875 3675 δὲ
912 3619 1051 3684 ὅλως
1082 3620 1241 3691 σῶμα
1270 3618 1521 3690 ἄγραφον
1557 3618 1591 3689 ἢ
1626 3616 2010 3688 ἀπερίγραφον

423 3719 494 3771 ἐκ
521 3713 614 3769 τοῦ
651 3715 853 3777 παντὸς
879 3712 1072 3776 αίῶνος
1102 3714 1369 3783 ἠκουσται
1392 3727 1407 3777 ;
1437 3712 1469 3779 ἢ
1503 3709 1619 3772 πῶς
1641 3711 1670 3762 ὁ
1696 3707 1792 3761 τοῦ
1820 3707 2010 3778 σώμα-

425 3826 516 3873 τος
545 3810 669 3881 ὄρος
691 3809 787 3863 καὶ
811 3807 969 3874 λόγος
998 3805 1327 3875 σωθήσεται,
1357 3802 1499 3874 εἰμὴ
1527 3801 1705 3856 ταῦτα
1751 3799 1900 3870 ἔχοις
1953 3799 2013 3852 ’0

425 3905 610 3957 τοίνυν
658 3902 734 3972 μὴ
759 3900 998 3967 δοξάζων
1031 3896 1342 3969 γράφεσθαι
1371 3896 1406 3967 ἢ
1454 3892 1894 3966 περιγράφεσθαι
1923 3892 2014 3945 τὸν

427 3992 668 4064 Χριστὸν
696 3993 934 4062 σώματι,
965 3991 1000 4061 ἦ
1028 3991 1055 4042 ὃ
1094 3988 1146 4041 τί
1180 3989 1298 4040 ἐστι
1329 3986 1491 4055 σῶμα
1521 3985 1621 4038 οὐκ
1649 3983 1813 4053 ἔγνω,
1855 3982 1913 4047 ἐξ
1950 3973 2012 4033 οὗ

435 4086 571 4158 μηδὲ
594 4083 753 4151 δόξαν
774 4083 941 4154 ὀρθὴν
966 4082 1257 4152 κέκτηται,
1293 4079 1327 4148 ἢ
1352 4081 1512 4148 γνοὺς
1533 4076 1696 4148 σῶμα
1720 4077 1814 4130 καὶ
1836 4074 2014 4146 ψυχὴν

432 4177 704 4245 σώζεσθαι
739 4179 1090 4249 παραιτεῖται
1113 4174 1182 4231 ⁸⁵.
1243 4172 1303 4229 '0
1357 4171 1490 4240 γοῦν
1518 4168 1797 4240 ὁμολογῶν
1855 4167 2017 4238 σῶμα

430 4276 524 4330 τὸν
551 4273 783 4345 Χριστὸν
811 4269 1163 4340 ἀνειληφέναι
1201 4267 1386 4320 ὁποῖον
1432 4263 1493 4316 τὸ
1525 4261 1818 4333 ἡμέτερον,
1858 4259 2018 4314 τοῦτο

425 4367 489 4422 δὲ
537 4365 784 4438 γραπτὸν
814 4363 910 4417 καὶ
936 4358 1339 4432 περιγραπτὸν,
1388 4355 1448 4421 ἐξ
1475 4355 1724 4425 ἀνάγκης
1755 4353 1803 4385 ⁸⁸
1828 4352 1925 4407 καὶ
1958 4353 2017 4406 τὸ

2107 3156 2414 3214 divortium
2434 3174 2500 3215 ac
2519 3159 2828 3230 seiunctio?
2845 3162 3212 3230 Quamobrem
3239 3166 3590 3222 manifestum
3611 3177 3699 3224 est

2114 3250 2170 3306 in
2202 3252 2322 3306 istis
2353 3267 2465 3307 non
2493 3255 2666 3324 magis
2691 3269 2788 3310 eos
2820 3256 3261 3328 impietatilitare
3290 3275 3456 3328 quam
3491 3260 3698 3318 deliros

2113 3358 2178 3397 ac
2203 3342 2443 3399 insulsos
2461 3359 2603 3399 esse.
2619 3341 2737 3400 Non
2758 3347 2906 3400 enim
2944 3358 3148 3403 norunt
3171 3358 3438 3420 quantum
3473 3351 3699 3407 intersit

2116 3436 2261 3491 inter
2291 3438 2499 3508 pictum
2540 3447 2597 3493 et
2637 3439 3140 3510 circumscriptum,
3171 3459 3449 3515 quamque
3475 3445 3697 3503 diversa

2116 3529 2235 3584 lucc
2262 3530 2378 3586 suis
2409 3545 2642 3602 qumque
2676 3533 2983 3587 rationibus
3011 3535 3294 3590 exsistant.
3327 3535 3696 3602 Quamobrem

2119 3618 2287 3675 hacce
2345 3619 2779 3676 hallucinatione
2834 3639 2968 3676 vana
3025 3623 3350 3694 loquuntur.
3414 3627 3518 3684 Ubi
3565 3644 3698 3684 vero

2117 3729 2347 3784 prorsus
2388 3731 2590 3785 corpus
2630 3716 2700 3770 ab
2730 3717 2880 3770 omni
2925 3733 3064 3782 aevo,
3091 3718 3240 3787 quod
3286 3735 3394 3774 non
3439 3720 3698 3791 pingatur

2119 3815 2213 3860 aut
2252 3806 2758 3872 circumscribatur,
2800 3809 3048 3864 auditum
3088 3810 3217 3864 est?
3266 3810 3376 3865 Aut
3416 3813 3700 3882 quomodo

2120 3897 2368 3966 corporis
2413 3896 2663 3952 deﬁnitio
2701 3899 2976 3954 constabit
3008 3911 3173 3972 atque
3223 3903 3386 3966 ratio,
3425 3902 3532 3958 nisi
3584 3903 3702 3958 base

2121 3986 2418 4042 habuerit?
2454 3987 2559 4054 Qui
2607 4003 2740 4060 ergo
2770 4005 2877 4043 non
2929 3990 3206 4045 existimat
3233 3992 3384 4063 pingi
3418 3991 3700 4048 Christum

2123 4093 2354 4147 corpore
2393 4088 2489 4134 aut
2527 4080 2929 4146 circumscribi,
2959 4095 3052 4136 aut
3094 4089 3270 4138 nescit
3303 4100 3503 4154 corpus
3545 4100 3700 4146 esse.

2121 4186 2191 4224 ex
2223 4186 2334 4240 quo
2393 4171 2572 4242 ipsum
2617 4188 2722 4229 nec
2778 4183 2923 4230 recte
2973 4175 3179 4230 sentire
3230 4176 3440 4246 liquet;
3484 4177 3570 4232 vel
3605 4178 3704 4248 qui

2121 4275 2323 4330 corpus
2346 4263 2693 4333 animamque
2721 4264 3052 4318 incolumem
3082 4265 3238 4330 sciat,
3259 4275 3478 4320 recusat
3496 4265 3716 4322 diceres

2123 4351 2228 4419 Qui
2257 4353 2443 4424 itaque
2463 4353 2745 4410 Christum
2772 4355 2909 4411 dicit
2929 4357 3291 4426 assumpsisse
3315 4372 3516 4426 corpus
3540 4359 3704 4427 quale

430 4457 524 4513 τοῦ
555 4454 795 4528 Χριστοῦ
819 4454 978 4524 σῶμα
1005 4453 1052 4486 ⁸⁷
1081 4452 1331 4526 γραπτὸν
1356 4450 1450 4502 καὶ
1477 4445 1852 4520 περιγραπτὸν
1877 4442 2005 4498 εἶναι

2122 4457 2370 4504 nostrum
2411 4460 2498 4504 est
2541 4465 2605 4504 ac
2640 4449 2963 4514 humanum,
2999 4466 3123 4504 cum
3158 4450 3459 4505 humanum
3501 4467 3706 4520 corpus

432 4548 944 4620 σννομολογήσειεν.
977 4544 1039 4597 Εἰ
1066 4545 1127 4597 δὲ
1161 4543 1223 4597 τὸ
1239 4540 1492 4612 δεύτερον
1533 4541 1597 4594 οὑ
1619 4537 1800 4602 δώσει,
1825 4537 1871 4570 ’⁸
1898 4537 2018 4592 οὐδὲ

429 4643 495 4698 τὸ
540 4640 760 4714 πρῶτον
818 4641 960 4712 ἄρα,
1020 4637 1050 4690 ὂ
1101 4637 1277 4707 πάντη
1327 4635 1520 4702 ἄλογον
1570 4633 1666 4687 καὶ
1707 4631 2016 4699 καταγέλα-

431 4750 580 4790 στον.

503 4912 608 4982 ης.
623 4911 700 4964 οὐ
719 4927 786 4964 πε
793 4909 1137 4982 ριγράφομεν
1149 4901 1244 4961 οῦν
1257 4901 1590 4976 ἡμεῖςλάλλὰ
1600 4900 2022 4974 γράφομεν.Κε-

428 5002 717 5072 νσλογοῦσι
745 5001 804 5057 δὲ
834 5001 879 5036 ’³
930 5002 982 5054 οἱ
1013 5001 1186 5056 ἄθλιοι
1239 5003 1334 5052 καὶ
1363 4997 1494 5051 ἄλλο
1538 4993 1885 5065 ἀτοπώτερον
1907 5009 1921 5023 ’
1960 4993 2020 5045 ὃν

432 5095 544 5166 γάρ
563 5111 729 5164 φασιν
756 5094 1202 5165 ἀπερίγραπτον,
1227 5091 1330 5144 οὐκ
1356 5090 1441 5162 [Ρ.
1464 5087 1597 5162 510]
1623 5083 1723 5141 οἷδ’
1746 5087 1894 5148 ὅπως
1926 5083 2018 5138 ὑπ’

432 5182 689 5260 εὐηθείας
722 5185 1276 5259 συμπεριγράφεσθαι
1304 5186 1372 5254 τῇ
1407 5181 1576 5236 εικόνι
1602 5179 2009 5251 τερατεύονται.

2125 4541 2272 4612 pingi
2311 4551 2478 4610 queat
2525 4542 2689 4612 782
2735 4556 2799 4596 ac
2845 4541 3251 4607 circumscribi,
3288 4543 3455 4598 etiam
3503 4559 3707 4612 corpus

2124 4633 2326 4689 Christi
2351 4633 2660 4689 istiusmodi
2678 4635 2884 4704 pariter
2907 4633 3144 4689 fateatur
3166 4649 3389 4691 necesse
3422 4636 3516 4691 sit.
3545 4634 3704 4702 Quod

2126 4723 2170 4776 si
2204 4723 2441 4777 alterum
2495 4739 2606 4778 non
2635 4722 2899 4788 admittit,
2939 4739 3072 4792 ergo
3103 4736 3209 4779 nec
3247 4723 3523 4793 primum;
3553 4725 3704 4795 quod

2131 4829 2160 4868 a
2194 4814 2408 4868 ratione
2441 4829 2671 4885 prorsus
2697 4815 2983 4880 abhorret,
3011 4825 3205 4886 estque
3247 4815 3567 4870 ridiculum.

2196 4906 2286 4961 27.
2311 4906 2430 4960 Non
2448 4921 2581 4977 ergo
2602 4922 2705 4962 nos
2721 4908 3254 4975 circumscribimus,
3280 4908 3376 4964 sed
3404 4908 3703 4980 pingimus.

2130 4999 2237 5055 Sed
2280 5009 2338 5054 et
2384 4999 2536 5055 aliud
2567 5001 2755 5056 miseri
2808 5000 3105 5057 absurdius
3147 5002 3387 5056 inaniter
3413 5002 3619 5072 iactant
3642 5016 3709 5056 ac

2127 5089 2408 5146 effutiunt.
2459 5091 2634 5157 Quem
2691 5092 2838 5146 enim
2899 5092 3439 5162 incircumscriptum
3493 5091 3708 5156 dicunt,

2119 5197 2227 5252 qua
2252 5183 2504 5237 fatuitatc
2527 5183 2740 5249 nescio,
2761 5199 2868 5238 una
2897 5199 3024 5239 cum
3057 5185 3295 5255 imagine
3323 5184 3707 5240 circumscribi

1736 5340 1975 5399 VARIE
2003 5339 2412 5399 LECTIONES.

536 5477 585 5512 "
598 5473 809 5531 ἐκεῖθεν
850 5471 916 5528 C.

1040 5469 1083 5501 “
1137 5462 1634 5554 σιειιατξιριιὶακὴι
1697 5460 2032 5554 “Wire
2045 5460 2148 5554 .51:

2258 5463 2303 5495 ⁸¹
2343 5462 2581 5533 Χριστοῦ
2633 5461 2758 5533 add.
2811 5460 2871 5518 C.
2948 5531 2964 5533 ά
3011 5461 3056 5494 ³³
3107 5458 3604 5533 παραπληροῦντες-

437 5529 953 5617 ἰκαὶήροειτοῦτρ
1007 5553 1118 5617 0");
1312 5529 1903 5617 ληδιῖιίάτιεεθῗί
1962 5530 2199 5617 ἵῖἡλὲου
2252 5529 2667 5617 πεδί’βένδρον
2709 5532 2771 5617 Εἷ-
2855 5531 3090 5617 Ἢὶδὲεο,
3120 5529 3528 5617 εῖξέέτμηθξέη
3558 5529 3620 5617 ἳδ
3653 5530 3715 5584 Ρ·

432 5621 488 5655 ⁸⁸
509 5605 1012 5684 συνεκκοπήσεσθαι
1065 5609 1149 5684 _P._
1226 5605 1458 5684 “fﬁeri:
1479 5605 1562 5684 ΔΡ.

442 5706 555 5744 om,
585 5687 646 5743 C,
754 5676 1090 5752 ’δ’καλῙάπὸ
1109 5678 1212 5752 C._
1273 5676 1464 5752 ’ᾗπερ

1685 5602 1866 5675 ’[γὰρ
1925 5601 2052 5657 add.
2068 5599 2090 5675 '_
2107 5599 2172 5655 C.

1469 5676 1668 5746 ήτηται
1725 5671 1805 5746 C,
1834 5671 2142 5746 παραπαίει
2180 5686 2371 5746 margo
2401 5671 2459 5746 Ρ.

3431 5600 3478 5633 θ’
3500 5599 3720 5667 ἀνάγκη

2284 5605 2327 5634 ⁹¹
2353 5601 2662 5656 τούτωνήτι
2710 5604 2770 5658 C.
2890 5601 3090 5674 "*ksv}
3147 5607 3207 5656 τὸ
3244 5601 3337 5656 Ρ(
3431 5601 3710 5667 θ’άνάγκη

2284 5688 2371 5724 mo
2401 5671 2459 5724 P.
2565 5674 2612 5704 "
2630 5673 2688 5724 ἐξ
2722 5673 2969 5724 ἀνάγκης
3005 5673 3130 5724 add.
3154 5674 3216 5724 (Σ.
3318 5673 3364 5705 ⁸*
3394 5673 3492 5724 καὶ
3525 5671 3585 5722 τὸ
3621 5671 3710 5722 τοῦ

3394 5685 3492 5727 καὶ
3525 5685 3585 5722 το
3621 5685 3713 5722 του

2565 5674 2612 5704 ⁹⁶
2630 5673 2688 5737 ἐξ
2722 5673 2969 5745 ἀνάγκης
3005 5673 3130 5727 add.
3154 5674 3216 5727 (Σ.

442 5739 680 5830 ἱῇίσὲόῡ
704 5752 891 5825 σῶμα]
921 5739 1145 5806 κάκεῖνο
1172 5747 1236 5804 C.
1312 5747 1359 5779 "
1388 5739 1603 5800 δίδωσίν
1630 5743 1692 5801 P.
1769 5745 1816 5778 ’°
1847 5739 2022 5797 κενολ.
2056 5739 2249 5812 δὲ]καὶ
2282 5739 2456 5797 κενολ.
2491 5743 2556 5798 C.

773 5851 1046 5912 Ρλπιοι..
1087 5845 1204 5909 Gn.
1250 5843 1401 5907 CIX.

3260 5833 3337 5899 '27
