4090 6022
473 178 576 244 851

1739 179 2061 244 GEORGII
2102 179 2444 241 MONACHI

3625 177 3736 243 85?.

472 289 624 346 mine
659 289 861 356 leasia,
910 289 1070 360 longe
1108 288 1528 345 formosissima.
1583 290 1702 357 Qua
1727 292 1844 346 visa
1875 292 2058 346 Theo-

2172 291 2422 355 Εἰκασία,
2475 293 2787 363 ὡραιοτάτη
2843 294 2984 347 πάνυ
3020 309 3032 323 ·
3086 292 3154 362 ἢν
3205 292 3329 346 ίδὼν
3371 291 3629 362 Θεόφιλος
3657 293 3746 345 καὶ

475 383 681 454 philus,
719 383 950 454 ejusque
975 383 1208 438 nimium
1250 395 1518 454 quantum
1560 386 1790 456 gratiam
1832 396 2060 456 stupens

473 492 539 532 ac
576 476 844 547 speciem,
896 476 941 531 Α
976 474 1218 542 muliere,
1264 478 1466 548 inquit,
1511 488 1836 532 emanarunt
1892 481 2057 535 mala.
2097 536 2105 543 _

472 569 711 637 Reponit
754 568 846 623 illa
879 567 1298 624 subverecuude
1319 581 1371 622 et
1405 585 1530 625 cum
1573 572 1785 640 pudore
1818 589 1830 623 :
1880 572 1984 626 Sed
2013 582 2060 626 et

473 678 555 716 res
581 664 825 716 meliores
883 681 916 716 α
962 665 1182 716 muliere
1236 666 1546 718 exuberant.
1592 666 1640 719 Is
1675 667 1860 720 animo
1895 667 2063 720 oﬂ'en-

473 770 568 812 sus
599 755 872 810 sermonis
903 755 1152 822 licentia,
1176 774 1239 812 ea
1278 759 1489 823 relicta,
1524 760 1728 812 malum
1757 759 2062 813 Theodmze

472 848 648 913 dedit,
680 863 748 904 ex
785 848 1193 920 Paphlagonum
1222 860 1405 920 gente.
1450 850 1691 905 Coronat
1723 851 2064 920 TheOphilus

472 940 822 997 Theodoram
857 946 912 998 in
944 945 1189 999 oratorio
1220 944 1278 998 S.
1315 944 1602 1013 Stephani,
1649 945 1765 1015 ipse
1796 960 1903 998 una
1936 960 2060 999 cum

473 1032 595 1104 ipsa
637 1036 1220 1105 nuptialibuscorollis
1258 1037 1496 1090 donatus
1521 1036 1590 1090 ab
1620 1038 1858 1091 Antonio
1895 1039 2064 1106 patri-

471 1125 665 1188 archa,
701 1126 981 1197 donatque
1004 1127 1288 1195 Augustali
1316 1141 1521 1180 corona
1563 1127 1616 1180 in
1643 1137 1830 1181 sancta
1859 1127 2060 1182 Pente-

475 1223 647 1268 coste.
704 1214 956 1284 Tumque
983 1215 1038 1268 in
1071 1215 1318 1284 Magnam
1354 1214 1643 1270 ecclesiam
1669 1230 1930 1284 processu
1962 1216 2062 1270 ba-

475 1305 593 1360 bito
624 1306 813 1360 multis
841 1306 1131 1376 magniﬁce
1162 1307 1536 1376 patriarcham
1574 1317 1630 1361 et
1662 1308 1873 1361 clerum
1900 1322 2061 1362 sena-

474 1408 706 1468 tumque
749 1400 974 1469 accipit.
1009 1399 1179 1453 lcasia
1231 1414 1364 1453 vero
1399 1399 1617 1467 imperii
1658 1413 1754 1467 spe
1800 1397 2061 1453 frustrata

475 1492 875 1546 monasterium
907 1493 1199 1555 exstruxit,
1242 1493 1295 1545 in
1329 1507 1439 1561 quo
1473 1491 1638 1546 etiam
1673 1506 1829 1545 coma
1861 1491 2062 1561 posita,

475 1585 842 1654 religiosaque
877 1584 1126 1654 palinstra
1161 1598 1380 1639 merens
1407 1598 1470 1636 ac
1499 1582 1917 1652 philosoiihans,
1953 1583 2063 1636 Deo

474 1678 578 1732 soli
604 1678 800 1732 vivens
837 1679 892 1731 in
915 1679 1077 1731 linem
1113 1692 1290 1745 usque
1317 1678 1441 1730 vitae
1471 1676 1864 1744 perseveravit.
1931 1674 2064 1740 Qua:

472 1779 533 1826 et
569 1771 775 1839 ingenii
799 1771 883 1824 sui
911 1771 1152 1838 plurima
1175 1769 1400 1838 reliquit
1432 1779 1808 1833 monumenta,
1851 1768 1906 1822 in
1939 1769 2064 1838 qui-

475 1865 579 1920 bus
606 1866 738 1918 illud
763 1874 868 1926 est,
893 1865 1131 1929 Domine,
1151 1866 1205 1916 in
1233 1865 1410 1916 multis
1429 1864 1689 1931 peccatis;
1721 1863 1900 1932 magni
1931 1863 2061 1916 item

475 1957 701 2014 Sabbati
735 1959 1065 2011 tetraodium
1100 1957 1232 2011 illud
1266 1974 1278 2008 :
1309 1957 1570 2022 [nsipiens
1612 1956 1806 2020 vetule,
1847 1955 2064 2025 aliaque

474 2053 765 2107 nonnulla.
839 2051 1194 2120 Imperatoris
1251 2065 1380 2104 vero
1437 2059 1612 2102 mater
1679 2049 2062 2119 Euphrosyna,

476 2153 674 2214 sponte
706 2142 897 2198 relicta
931 2143 1076 2206 aula,
1113 2143 1168 2196 in
1202 2157 1304 2197 suo
1326 2142 1687 2205 monasterio,
1716 2142 1803 2195 cui
1838 2139 2066 2194 Castris

477 2251 705 2301 nomen,
744 2235 1006 2290 sanctiori
1037 2235 1143 2288 ritu
1169 2235 1440 2304 privatam
1467 2234 1634 2287 vitam
1673 2234 1807 2303 egit.

549 2329 710 2399 79],
757 2329 816 2383 2.
879 2328 1108 2382 lndictis
1152 2327 1497 2382 circensibus
1529 2326 1873 2395 The0philus
1907 2326 2068 2396 jubet

479 2422 652 2478 Leoni
697 2421 1146 2478 Chamazdraconi
1201 2420 1630 2488 protovesliario
1685 2434 1819 2483 suo,
1876 2419 2066 2472 multi-

481 2513 650 2569 lidum
692 2521 753 2567 ut
793 2512 1190 2567 candelabrum
1274 2509 1502 2574 atterat,
1565 2509 1712 2580 quod
1759 2511 1813 2562 in
1866 2508 2069 2564 Leonis

478 2605 726 2661 Armenii
753 2605 902 2660 caede
939 2603 1122 2657 fuerat
1156 2601 1337 2671 gladio
1366 2603 1731 2656 eonscissum.
1769 2602 1923 2656 Actis
1956 2600 2067 2654 cir-

477 2699 742 2754 censibus
783 2706 1034 2752 senatum
1072 2710 1293 2750 onmem
1323 2695 1387 2748 ad
1422 2710 1481 2749 se
1510 2703 1779 2749 convocat
1801 2695 1854 2748 in
1885 2695 2067 2747 locum

478 2807 646 2862 quem
684 2791 910 2846 Sessum
951 2797 1172 2844 vocant.
1220 2789 1607 2857 Productoque
1642 2787 1980 2842 candelabro
2006 2803 2070 2840 ac

479 2885 592 2940 illis
619 2893 862 2949 ostenso,
896 2884 1132 2953 qumrit:
1189 2881 1292 2947 Qui
1340 2866 1393 2935 in
1445 2880 1697 2950 templum
1727 2880 1940 2934 Domini
1987 2882 2069 2933 in-

479 2994 690 3049 gressus
735 2980 992 3031 christum
1034 2976 1245 3029 Domini
1274 2976 1515 3044 peremit,
1555 2991 1662 3044 qua
1693 2973 1883 3043 dignus
1916 2989 2068 3042 pana

480 3039 556 3124 est
579 3070 604 3122 .9
650 3067 958 3138 Respondit
999 3077 1226 3122 senatus
1253 3039 1284 3118 ε⁷
1311 3039 1718 3128 υοηιὺιεξνειιε
1752 3039 1942 3118 mortis
1971 3074 2068 3119 est.
2095 3039 2150 3101 CI

481 3165 714 3233 Moxque
764 3163 1024 3232 praelecto
1066 3161 1219 3219 iubet
1255 3169 1316 3213 ut
1357 3175 1475 3217 eos.
1510 3159 1604 3228 qui
1649 3175 1774 3213 cum
1808 3160 2071 3215 Michacle

481 3266 638 3327 patre
665 3271 768 3311 suo
788 3254 1029 3309 Leonem
1058 3255 1421 3316 sustulerant,
1451 3262 1631 3308 tentos
1653 3254 1706 3306 in
1728 3252 1873 3308 Circi
1904 3251 2070 3307 funda

481 3351 666 3420 capite
707 3350 948 3420 plectat,
1000 3348 1172 3400 multa
1221 3347 1354 3402 licet
1399 3347 1773 3417 objectantes,
1819 3346 2071 3401 dicentes

484 3443 750 3513 injustam
771 3456 896 3496 esse
923 3442 1277 3496 sententiam.
1314 3439 1427 3494 Non
1468 3442 1629 3506 enim,
1675 3440 1929 3504 aiebant,
1967 3440 2070 3492 im-

483 3544 720 3606 perator,
752 3534 854 3587 nisi
891 3533 1043 3603 patri
1060 3542 1147 3586 tuo
1172 3548 1399 3586 essemus
1427 3532 1698 3594 auxiliati,
1724 3542 1779 3584 tu
1811 3533 1866 3585 in
1884 3533 2071 3585 throno

482 3629 722 3682 sedisses.
759 3626 930 3696 Inque
957 3641 1085 3680 eum
1108 3626 1335 3680 modum
1363 3625 1465 3680 sub
1497 3625 1745 3679 omnium
1770 3625 1948 3680 oculis
1973 3641 2068 3678 ca-

483 3721 595 3792 pite
626 3721 770 3789 plexi
797 3730 944 3784 sunt,
964 3736 1031 3774 eo
1052 3719 1277 3789 quidem
1304 3729 1572 3788 praetextu
1598 3719 1743 3787 quod
1776 3719 1833 3773 in
1863 3718 2071 3787 templo

483 3815 703 3869 Domini
725 3813 844 3868 ausi
880 3824 1066 3867 essent
1095 3814 1302 3867 caedem
1346 3822 1588 3882 patrare,
1629 3827 1824 3867 revera
1883 3822 2067 3866 autem

486 3907 694 3962 idcirco
740 3905 870 3975 quia
909 3905 1168 3959 haeretica
1215 3905 1488 3973 pravitate
1531 3904 1801 3965 sodalem,
1837 3902 2069 3972 parique

484 4001 554 4056 ad
576 4001 916 4070 impietatem
941 4014 1131 4061 sensu,
1170 4013 1304 4052 nece
1328 3997 1703 4051 sustulissent.
1737 3995 2072 4050 Adlimrebat

481 4093 634 4148 enim
672 4096 942 4148 scelestus
977 4091 1144 4145 homo
1178 4090 1290 4144 Deo
1326 4089 1649 4144 exsecrabili
1698 4089 1847 4142 illius
1873 4089 2067 4143 haeresi

481 4193 540 4238 ct
567 4200 597 4238 a
639 4183 842 4254 pietate
887 4182 1260 4237 abhorrebat:
1319 4181 1414 4250 qui
1457 4179 1720 4232 nimirum
1767 4179 2068 4248 imaginum

483 4277 617 4331 alias
648 4275 935 4338 evelleret,
961 4275 1094 4327 alias
1123 4273 1412 4334 elIoderet,
1430 4270 1841 4338 monachosque
1863 4270 2069 4338 pietate

483 4371 664 4425 claros
703 4369 898 4423 exsilio
931 4369 1189 4420 multaret
1229 4380 1292 4419 ac
1323 4363 1648 4419 verberibus
1675 4363 1906 4432 aliisque
1942 4378 2068 4418 cru-

483 4463 724 4519 ciatibus
743 4461 1158 4516 dehonestaret.

551 4645 608 4702 ὃ.
641 4643 742 4699 Illo
781 4644 1136 4713 imperatore,
1171 4643 1227 4695 in
1267 4641 1641 4698 scelestissimi
1667 4642 1792 4710 ejus
1820 4645 2069 4714 tyranni-

484 4756 593 4810 que
619 4737 854 4809 patriam
887 4736 1084 4791 urbem
1121 4735 1434 4803 irruptione
1461 4734 1622 4800 facta,
1650 4735 1911 4791 Saraceni
1943 4751 2069 4792 cum

483 4830 806 4903 ingentibus
830 4828 1025 4898 c0piis,
1055 4828 1276 4882 inventa
1312 4827 1402 4882 illa
1425 4827 1640 4882 fortiter
1668 4827 1830 4899 792
1858 4830 2079 4884 munita.

485 4940 550 4979 ac
596 4922 756 4976 valde
812 4919 1244 4991 propugnaculis
1291 4927 1446 4984 tuta,
1490 4919 1735 4988 bellique
1771 4919 1979 4975 ducum
2005 4936 2072 4976 ac

486 5019 835 5074 tribunorum
859 5014 1258 5084 quinquaginta
1284 5013 1540 5084 praesidio
1570 5012 1726 5078 fulta,
1759 5029 1884 5068 cum
1918 5014 2072 5071 lectae

486 5111 698 5166 militia:
740 5107 878 5163 viris
906 5107 1220 5176 horumque
1253 5107 1570 5172 ordinibus,
1603 5105 1724 5162 dies
1747 5108 2069 5176 quindecim

485 5206 710 5258 obsessa
743 5217 930 5256 mense
953 5203 1201 5271 Augusto
1229 5216 1291 5255 ac
1316 5211 1623 5273 expugnata
1646 5201 1810 5271 vique
1844 5203 2068 5258 subacta

487 5311 550 5353 ac
587 5295 860 5367 captivata
915 5293 1140 5349 inﬁnitae
1188 5294 1566 5352 multitudinis
1610 5295 1879 5350 militares
1923 5294 2071 5349 viros

2163 384 2571 454 ὑπεραγασθεὶς
2627 385 2800 455 αὐτὴν
2858 384 2952 439 τοῦ
2977 385 3206 449 κάλλους
3233 384 3336 454 ἔφη
3363 385 3438 448 ὡς
3467 385 3612 453 Ἆρα
3645 382 3746 437 6ιά

2161 475 2449 544 γυναικὸς
2488 475 2671 543 ἑῤῥύη
2713 473 2783 528 τὰ
2813 475 3037 543 φαῦλα.
3081 473 3145 528 Ἦ
3177 472 3233 526 δὲ
3267 472 3386 542 μετ’
3413 470 3597 533 αἰδοῦς
3633 488 3748 533 πως

2163 568 2496 636 ἀντέφησεν·
2542 567 2725 621 ’Δλλὰ
2772 567 2870 623 καὶ
2925 566 3022 619 διὰ
3054 563 3342 633 γυναικὸς
3394 560 3640 632 ain-nihil.
3681 561 3749 614 τὰ

2165 663 2495 729 κρείττονα.
2526 662 2585 712 Ὀ
2612 661 2669 714 δὲ
2691 661 2769 730 τῷ
2802 662 2948 731 λόγῳ
2975 661 3072 731 τὴν
3094 659 3324 728 καρδίαν
3360 657 3596 726 πληγεὶς
3623 655 3749 710 ἰταύ⁴

2163 772 2268 824 την
2305 753 2406 824 μὲν
2439 755 2642 817 εἴασεν,
2708 754 2962 824 Θεοδώρῳ.
3010 753 3066 806 δὲ
3119 753 3181 805 τὸ
3227 751 3398 821 μῆλον
3449 749 3743 810 ἐπέδωκεν,

2164 846 2300 916 οῦσῃ
2332 847 2395 898 ἐκ
2424 845 2815 912 Παφλαγόνων.
2837 844 3030 911 Στέφει
3052 842 3336 912 Θεοδώραν
3361 844 3420 895 ὲν
3449 841 3527 906 τῷ
3553 841 3745 909 εὐκτη-

2168 940 2268 1009 ρίῳ
2294 937 2388 992 τοῦ
2434 939 2623 1006 Ἁγίου
2659 939 2956 1007 Στεφάνου,
2995 936 3246 1005 στεφθεὶς
3280 937 3375 990 καὶ
3423 934 3590 998 αὐτὸς
3641 933 3742 1003 ἅμα

2165 1035 2305 1103 αὐτῇ
2340 1032 2446 1086 ὑπὸ
2481 1033 2768 1086 Ἀντωνίου
2825 1031 3168 1101 πατριάρχου
3207 1030 3300 1082 καὶ
3333 1029 3410 1100 τῷ
3439 1028 3536 1081 τοῦ
3571 1027 3744 1097 γάμον

2167 1129 2262 1180 καὶ
2293 1127 2368 1195 τῷ
2394 1128 2492 1196 τῆς
2531 1125 2809 1196 βασιλείας
2849 1126 3059 1194 στέφει,
3100 1127 3167 1195 τῇ
3196 1125 3330 1192 ἁγίᾳ
3379 1121 3745 1190 “autumi.

2168 1220 2444 1276 Κάκεῖθεν
2521 1220 2794 1292 προῆλθεν
2892 1220 2951 1271 ὲν
3020 1221 3086 1289 τῇ
3149 1216 3381 1286 Μεγάλῃ
3450 1213 3750 1282 ἐκκλησίᾳ,

2169 1315 2672 1386 φιλοτιμησάμενος
2733 1313 2949 1376 πολλοῖς
3003 1312 3097 1365 τὸν
3145 1311 3496 1382 πατριάρχην
3537 1309 3653 1376 ἅμα
3680 1305 3752 1373 τῷ

2170 1407 2357 1478 κλήρῳ
2388 1409 2485 1462 καὶ
2539 1408 2638 1477 τῆς
2691 1406 3001 1477 συγκλήτου
3051 1406 3144 1458 ⁷⁸⁸.
3187 1402 3251 1457 Ἢ
3279 1405 3337 1458 δὲ
3389 1400 3624 1458 Είκασία
3659 1398 3753 1468 τῆς

2172 1500 2448 1570 βασιλείας
2505 1498 2854 1569 ἀποτυχοῦσα
2904 1497 3072 1569 μονὴν
3107 1495 3538 1561 κατεσκεύασεν,
3576 1494 3657 1557 είς
3690 1492 3753 1563 ἢν

2171 1595 2265 1646 καὶ
2291 1591 2995 1662 ἀποκειραμένη,ἀσκοῦσα
3013 1591 3106 1644 καὶ
3137 1586 3530 1660 φιλοσοφοῦσα,
3552 1583 3757 1657 τῷΘεῷ

2171 1685 2319 1754 μόνῳ
2377 1683 2527 1747 ζῶσα
2576 1682 2851 1736 διετέλεσε
2884 1682 3050 1752 μέχρι
3069 1681 3259 1744 τέλους
3295 1680 3444 1747 ζωῆς
3471 1678 3666 1746 αὐτῆς.
3688 1675 3756 1728 Ἦ

2168 1777 2264 1832 καλ⁵
2291 1775 2704 1844 συγγράμματα
2738 1773 2909 1842 αὐτῆς
2964 1772 3193 1826 πλεῖστα
3213 1771 3606 1843 καταλέλοιπεν
3629 1811 3641 1834 ,
3678 1767 3759 1832 τὸ,

2170 1869 2368 1937 Κύριε,
2400 1868 2437 1933 ἠ
2473 1867 2542 1920 ἐν
2578 1865 2840 1931 πολλαῖς
2868 1865 3183 1933 ἁμαρτίαις
3209 1881 3222 1894 ·
3251 1864 3346 1917 καὶ
3391 1860 3486 1914 τοῦ
3522 1858 3759 1928 μεγάλου

2167 1953 2452 2006 Σαὸὁάτου
2509 1955 2570 2006 τὸ
2631 1952 2989 2022 τετραῲδιον·
3029 1954 3271 2020 ’Ἄφρων
3319 1949 3602 2022 Tripodes,
3669 1949 3762 2001 καὶ

2170 2046 2305 2102 ἄλλα
2355 2049 2498 2100 τινά.
2543 2046 2608 2098 Ἢ
2657 2046 2714 2096 δὲ
2769 2045 2865 2098 τοῦ
2900 2044 3162 2114 βασιλέως
3212 2046 3395 2116 μήτηρ
3439 2040 3763 2111 Εὺφροσύνη

2172 2140 2435 2203 ἑκουσίως
2451 2137 2793 2193 κατελθοῦσα
2814 2139 2910 2191 τοῦ
2944 2139 3209 2194 παλατὶον
3239 2142 3296 2192 ὲν
3318 2140 3386 2209 τῇ
3408 2139 3545 2208 μονῇ
3570 2135 3762 2203 αὐτῆς,

2172 2229 2206 2307 ᾖ
2237 2235 2280 2265 ⁸⁸
2311 2233 2598 2301 ἐπώνυμον
2626 2233 2695 2286 τά
2726 2233 2989 2305 Γάστρια,
3014 2233 3308 2303 ἡσύχασεν.

2247 2327 2313 2396 β’.
2353 2327 2613 2395 Ἐποίησε
2635 2327 2692 2378 δὲ
2724 2326 2949 2379 ἱππικὸν
3000 2326 3279 2395 Θεόφιλος,
3321 2325 3418 2378 καὶ
3455 2321 3764 2394 προσέταξε

2175 2421 2250 2490 τῷ
2288 2420 2737 2488 Χαμαιδράκοντι
2769 2420 2958 2472 Λέοντι
2982 2419 3062 2489 τῷ
3079 2417 3566 2489 πρωτοῦεστιαρίῳ
3599 2412 3765 2468 αὑτοῦ

2176 2516 2405 2582 ἀγαγεῖν
2433 2513 2492 2566 τὸ
2523 2512 2930 2583 πολυκάνδηλον
2959 2515 3022 2564 τὸ
3056 2514 3112 2564 ὲν
3152 2515 3219 2584 τῇ
3261 2513 3448 2581 σφαγῇ
3501 2509 3602 2561 τοῦ
3646 2509 3769 2577 Ἀρ-

2180 2607 2366 2676 μενίου
2428 2607 2658 2671 Λέοντος
2720 2606 2866 2675 ξίφει
2923 2606 3208 2660 διακοπέν.
3283 2604 3391 2657 Τοῦ
3439 2601 3668 2658 ἱππικοῦ
3709 2601 3768 2656 δι

2175 2701 2525 2763 τελεσθέντος
2587 2699 3034 2771 προσεκαλέσατο
3089 2701 3270 2754 πᾶσαν
3316 2700 3419 2769 τὴν
3462 2696 3767 2766 σύγκλητον

2177 2799 2235 2849 ἐν
2275 2794 2352 2862 τῷ
2413 2792 2696 2862 λεγομένῳ
2746 2791 3086 2861 Καθίσματι,
3121 2791 3214 2844 καὶ
3250 2789 3313 2843 τὸ
3363 2785 3767 2856 πλυκάνδηλον

2177 2887 2466 2956 ἐξαγαγὼν
2501 2887 2594 2939 καὶ
2622 2885 2912 2952 ὑποδείξας
2968 2886 3152 2949 αὐτοῖς
3195 2884 3302 2955 ἔφη
3323 2901 3337 2913 °
3371 2883 3438 2938 '0
3475 2886 3564 2948 εἷς
3614 2880 3767 2935 ναὸν

2182 2983 2403 3050 Κυρίου
2460 2979 2882 3048 εἰσερχόμενος
2945 2981 3043 3033 καί
3097 2978 3356 3048 χριστὸν
3409 2977 3634 3046 Κυρίου
3668 2989 3766 3044 φει-

2177 3076 2374 3128 νεύων
2415 3074 2582 3137 τίνος
2622 3071 2795 3124 ἐστίν
2851 3070 3056 3136 dfioc;
3096 3071 3158 3124 Ἠ
3209 3071 3264 3123 δὲ
3299 3069 3605 3140 σύγκλητος
3630 3067 3761 3121 ἀπο-

2177 3167 2428 3238 κριθεῖσα
2457 3165 2562 3235 ἔφη
2588 3179 2601 3193 °
2633 3163 2840 3230 ’Ἄξιος
2878 3164 3139 3219 θανάτου
3169 3166 3365 3228 ἐστὶν,
3396 3158 3443 3218 ὦ
3470 3163 3758 3217 δέσποτα.

2177 3261 2289 3312 Καὶ
2319 3258 2479 3320 εὐθὺς
2513 3256 2772 3310 ἐκέλευσε
2803 3257 2931 3322 τοὺς
2965 3259 3064 3312 σὺν
3103 3256 3184 3325 τῷ
3235 3260 3406 3327 πατρὶ
3439 3255 3606 3311 αὐτοῦ
3655 3255 3762 3309 Mt-

2177 3351 2317 3422 χαὴλ
2350 3350 2442 3402 τὸν
2476 3350 2682 3404 Λέοντα
2735 3349 3024 3412 ἀνελόντας
3070 3350 3162 3403 τὸν
3197 3349 3444 3421 ὕπαρχον
3470 3350 3769 3418 κατασχεῖν

2176 3444 2270 3496 καὶ
2305 3443 2404 3507 τὰς
2439 3443 2680 3511 κεφαλὰς
2706 3443 2890 3497 αὐτῶν
2940 3445 3000 3497 ὲν
3028 3446 3094 3515 τῇ
3129 3443 3402 3515 Σφενδόνῃ
3446 3444 3768 3512 ἀποτεμεῖν,

2176 3532 2349 3584 πολλὰ
2410 3532 2889 3603 προϐαλλομένους
2957 3534 3052 3587 καὶ
3100 3533 3357 3604 λέγοντας
3405 3533 3593 3587 ἄδικον
3625 3528 3768 3585 εἶναι

2175 3624 2261 3694 [Ρ.
2298 3623 2427 3694 515]
2457 3624 2556 3694 τὴν
2584 3624 2767 3695 κρίσιν
2791 3624 2923 3677 ’Καὶ
2965 3626 3076 3693 γὰρ
3112 3626 3163 3678 εί
3198 3625 3286 3694 μὴ
3319 3624 3399 3691 τῷ
3441 3626 3620 3692 πατρί
3647 3639 3767 3679 σου

2174 3715 2739 3786 συνηγωνισάμεθα,
2769 3710 2816 3771 ὦ
2837 3716 3125 3780 βασιλεῦ,
3158 3719 3271 3770 οὐκ
3315 3715 3394 3773 ἂν
3437 3716 3622 3781 αὐτὸς
3660 3711 3766 3785 ἧρ-

2176 3812 2308 3877 ξας.
2339 3811 2451 3864 Καὶ
2507 3811 2573 3880 δὴ
2621 3808 2794 3874 οὕτως
2822 3809 2911 3864 ἐπ’
2943 3810 3098 3880 ὕψεσι
3131 3813 3350 3865 πάντων
3373 3811 3473 3875 τὰς
3519 3809 3764 3878 κεφαλὰς

2174 3904 2601 3976 ἀπετμήθησαν,
2623 3905 2980 3976 προσχήματι
3019 3905 3119 3974 μὲν
3165 3905 3242 3969 ὡς
3286 3908 3365 3968 είς
3397 3905 3524 3958 ναὸν
3557 3904 3764 3973 Κυρίου

2175 3998 2593 4068 τετολμηκότων
2617 3997 2952 4067 ποιήσασθαι
2982 3997 3082 4068 τὴν
3102 3999 3407 4069 ἀναίρεσιν,
3438 4001 3504 4069 τῇ
3535 3996 3767 4068 ἀληθείᾳ

2174 4090 2231 4144 δὲ
2261 4089 2337 4153 ὡς
2375 4091 2471 4143 τὸν
2509 4087 2945 4161 συναιρεσιώτην
3007 4088 3174 4142 αὑτοῦ
3211 4091 3305 4143 καὶ
3359 4089 3637 4159 ὁμόφρονα
3682 4089 3764 4151 είς

2175 4182 2432 4236 ἀσέϐειαν
2464 4182 2914 4245 ἀποκτείναντες.
2946 4179 3136 4252 Εἴχετο
3161 4181 3271 4252 γὰρ
3304 4184 3334 4234 ὁ
3360 4181 3641 4252 ἀλιτήριος
3663 4181 3767 4251 τῆς

2175 4277 2389 4329 ἐκείνου
2447 4274 2780 4341 θεοστυγοῦς
2833 4274 3132 4344 αἱρέσεως.
3185 4277 3282 4331 καὶ
3330 4274 3430 4344 τῆς
3480 4273 3764 4337 εὐσεϐείας

2173 4369 2450 4438 ἀπείχετο,
2495 4367 2604 4421 τῶν
2634 4369 2691 4421 δὲ
2721 4368 2948 4422 εἰκόνων
2981 4368 3023 4400 ⁸¹
3053 4369 3156 4431 τὰς
3177 4370 3279 4437 μὲν
3310 4367 3629 4432 κατασπῶν,
3663 4366 3765 4429 τὰς

2169 4461 2226 4513 δὲ
2280 4459 2610 4531 ἀνορύττων,
2646 4461 2895 4524 καὶτοὺς
2937 4459 3026 4514 ἐπ’
3056 4461 3314 4531 εὐλαϐείᾳ
3351 4461 3622 4531 μοναχοὺς
3674 4460 3764 4529 ἰξ-

2174 4552 2372 4623 ορίζων
2399 4553 2495 4605 καὶ
2528 4553 2896 4623 αἰκιζόμενος.

2245 4653 2314 4714 γ’.
2363 4645 2478 4713 Ἐφ’
2514 4637 2576 4698 οὗ
2607 4645 2701 4698 καὶ
2730 4645 2869 4714 πρὸς
2917 4646 3019 4717 τήν
3077 4646 3317 4714 πατρίδα
3350 4646 3444 4699 καὶ
3475 4643 3633 4700 πόλιν
3659 4646 3760 4699 αύ-

2171 4736 2268 4790 τθῡ
2319 4735 2365 4768 ⁸³
2415 4735 2510 4789 τοῦ
2563 4736 2847 4807 ἀλιτηρίου
2895 4737 2992 4790 καὶ
3039 4741 3311 4808 τυράννου
3364 4737 3504 4806 μετά
3558 4735 3761 4804 πολλῆς

2172 4828 2456 4898 δυνάμεως
2510 4829 2560 4881 οἱ
2608 4826 2655 4859 ⁸⁸
2702 4829 3010 4900 Σαρακηνοὶ
3061 4830 3522 4901 παραγενόμενοι,
3563 4844 3762 4897 καρτεο

2181 4921 2288 4993 ρῶς
2323 4921 2369 4954 ⁸⁸
2389 4920 2764 4992 ὠχυρωμένην
2793 4923 3048 4992 εὑρόντες
3099 4923 3196 4975 καὶ
3237 4920 3762 4991 κατησφαλισμένην

2177 5015 2318 5070 πάνυ
2349 5015 2445 5068 καὶ
2473 5014 2578 5066 ὑπὸ
2634 5015 2962 5088 στρατηγῶν
3011 5016 3354 5085 πεντήκοντα
3396 5014 3444 5046 ⁸⁸
3485 5029 3758 5084 φρουρουρ

2179 5110 2349 5179 μένην
2379 5109 2647 5177 μετὰτῶν
2674 5108 2915 5178 λογάδων
2933 5111 3030 5162 καὶ
3057 5109 3168 5162 τῶν
3201 5107 3630 5179 στρατευμάτων
3659 5106 3760 5158 αύ-

2173 5198 2304 5262 τῶν,
2339 5200 2432 5250 καὶ
2461 5199 2666 5266 ταύτην
2721 5199 2790 5252 δι’
2838 5197 3062 5269 ἡμερῶν
3110 5196 3170 5251 ιε’
3225 5198 3523 5267 Αὐγούστῳ
3546 5197 3593 5228 ⁸⁸
3626 5197 3760 5264 μηνὶ

2182 5291 2625 5363 ὲκπορθήσαντες
2672 5292 2763 5347 καὶ
2797 5291 3133 5362 δορυαλωτον
3183 5292 3464 5360 είληφότες
3497 5292 3756 5362 ᾐχμαλώ-

1805 5471 2040 5529 νΑΙΙΙᾹΞ
2080 5471 2486 5528 LECTIONES.

561 5595 628 5629 "'
652 5599 714 5665 τῇ
743 5593 1060 5665 συγκλήτῳῖ
1088 5597 1282 5654 amni;
1310 5595 1407 5660 τῆς
1428 5594 1731 5665 συγκλήτου
1756 5593 1776 5644 7
1851 5592 1898 5623 ⁸⁰
1923 5586 2082 5665 ﬁniti.

2254 5592 2298 5620 “
2328 5591 2382 5644 δὲ
2408 5587 2542 5658 sim]
2571 5607 2627 5642 τε
2647 5591 2789 5646 alia?
2859 5589 2906 5624 “
2933 5589 3096 5643 αὑτοῦ
3119 5605 3229 5644 om.
3252 5590 3313 5644 (ἰ.
3392 5590 3436 5622 ⁸⁸
3464 5593 3510 5642 οἱ
3542 5590 3666 5646 add.
3688 5591 3757 5646 C.

491 5668 538 5702 "
568 5649 916 5740 καρὲέριιίῶς
942 5649 1014 5717 ἶ).’
1081 5666 1127 5697 ⁸³
1151 5649 1517 5734 πεντήκονταί
1547 5670 1593 5732 η’
1624 5649 1695 5717 lli.
1778 5665 1823 5696 "
1853 5649 1955 5716 τοῦ
1983 5662 2291 5728 Αὐγούστου
2337 5649 2590 5732 μηνὸςίᾷ.
