4090 6022
351 195 353 197 ’
388 202 494 265 855

1646 206 1964 269 GEORGII
2005 209 2349 274 MONACIII

3522 214 3628 279 856

382 315 617 374 mdiﬁcia
647 314 828 373 vidua:
855 315 1064 373 aedibus
1097 321 1292 386 praeter
1320 313 1410 386 jus
1439 314 1628 384 {asque
1656 315 1956 372 otiicerent.

2072 321 2280 392 μητρίῳ
2307 317 2385 391 τῷ
2418 319 2807 392 Καμουλιανῷ,
2836 320 2963 376 ίδετν
2991 321 3039 375 εἰ
3068 320 3166 392 τήν
3196 323 3427 392 γυναῖκα
3455 323 3632 378 ἀδικεῖ

388 409 668 467 Abeuntes
703 411 911 481 itaque,
944 410 1168 478 visaque
1209 408 1521 465 istiusmodi
1555 407 1774 480 injuria,
1804 423 1956 463 com-

389 509 657 574 pertoque
685 518 814 558 vera
837 517 958 557 esse
980 517 1100 572 qua:
1124 517 1154 557 a
1185 501 1415 556 muliere
1442 499 1587 556 dicta
1615 508 1772 554 erant
1792 508 1957 570 atque

388 597 626 667 objeCta,
658 611 783 651 cum
821 596 1029 652 reversi
1080 603 1286 660 essent,
1317 594 1636 665 imperatori
1669 595 1956 649 renuntia-

386 698 554 756 runt;
587 691 982 757 convictusque
1028 689 1096 743 ab
1130 687 1212 743 eis
1247 688 1514 743 Petronas
1544 687 1600 741 in
1633 687 1808 741 oculis
1853 701 1956 738 im-

385 780 679 849 peratoris,
713 781 974 836 detractis
1003 783 1266 843 vestibus.
1291 782 1495 835 acriter
1519 778 1683 834 dorso
1707 778 1955 832 caeditur.

387 871 665 927 Statutum
691 887 828 927 vero
858 881 944 927 cst
1001 881 1059 927 ut
1098 883 1339 942 quaestor
1382 878 1801 942 receptoresquc
1833 885 1960 938 par-

389 962 648 1017 ticulares
685 977 785 1017 seu
831 961 1109 1027 custodes,
1143 963 1431 1026 abeuntes,
1476 961 1594 1017 solo
1625 969 1786 1016 tenus
1811 962 1960 1032 ejus-

387 1049 603 1106 cemodi
628 1050 778 1108 adeo
795 1060 1058 1108 eruerent
1094 1060 1151 1106 et
1174 1050 1392 1106 mulieri
1419 1051 1718 1106 traderent.

455 1231 508 1286 7.
540 1231 789 1286 Alexium
835 1231 1158 1286 Armenium
1197 1240 1559 1300 cognomento
1602 1228 1826 1292 Musele,
1878 1227 1959 1281 vi-

383 1337 509 1378 rum
533 1322 661 1378 forti
690 1323 887 1379 robore
918 1338 981 1377 ac
1007 1332 1315 1388 strenuum,
1343 1323 1519 1377 locata
1547 1319 1601 1376 ei
1629 1319 1797 1375 Maria
1817 1335 1958 1390 prae-

385 1419 586 1474 dilecta
619 1418 728 1472 tilia
765 1418 818 1473 in
853 1433 1114 1489 generum
1146 1422 1398 1482 ascitum,
1433 1417 1725 1488 patricium
1754 1416 1960 1471 creavit

386 1526 452 1564 ac
475 1509 627 1564 brevi
667 1516 792 1580 post
823 1512 988 1564 etiam
1034 1511 1374 1580 magistrum.
1423 1508 1776 1564 Postmodum
1804 1522 1957 1571 vero,

385 1607 536 1676 quod
577 1604 631 1658 in
680 1603 1051 1674 suspicionem
1083 1611 1309 1657 venerat
1347 1601 1584 1658 aﬁ‘ectati
1630 1601 1870 1674 imperii,
1903 1609 1959 1654 et

389 1696 548 1768 quasi
589 1696 644 1751 in
679 1696 857 1766 ipsum
914 1695 1120 1763 aliquid
1155 1694 1470 1759 moliretur,
1498 1693 1818 1765 magistrum
1857 1691 1961 1745 mi-
1987 1679 2034 1738 Β

385 1789 519 1844 litiae
555 1787 859 1856 ducemque
891 1786 1089 1842 Siciliae
1122 1783 1441 1856 praefectum
1471 1799 1503 1838 a
1530 1799 1588 1838 se
1627 1782 1959 1838 amandavit.

385 1881 580 1948 Qualia
623 1895 758 1936 vero
800 1879 946 1950 parit
995 1877 1232 1932 invidia!
1283 1876 1456 1934 Siculi
1508 1875 1730 1947 quidam
1770 1890 1960 1930 ascen-

387 1973 582 2028 dentes
631 1972 779 2042 apud
837 1973 1231 2042 imperatorem
1276 1970 1611 2026 calumniam
1654 1968 1960 2032 instruunt,

386 2063 540 2134 quasi
563 2061 1087 2117 resChristianorum
1115 2059 1396 2115 Saracenis
1427 2059 1616 2129 prodat
1635 2065 1684 2110 et
1712 2057 1961 2111 adversus

385 2154 764 2224 imperatorem
815 2171 900 2208 res
947 2169 1108 2206 novas
1146 2152 1417 2204 moliatur.
1460 2149 1608 2204 Inter
1657 2148 1775 2202 haec
1821 2145 1964 2200 vivis

387 2257 640 2318 exempta
663 2247 830 2302 Maria
860 2244 1333 2301 desideratissima
1361 2240 1653 2311 TbeOpliili
1681 2239 1817 2306 ﬁlia,
1845 2241 1966 2309 ejus

388 2357 584 2395 urnam
610 2349 837 2410 argento
866 2339 1173 2402 exornavit,
1208 2344 1530 2404 tomumque
1550 2332 1824 2388 libertatis
1864 2346 1963 2400 po-

386 2432 499 2488 suit
524 2447 589 2486 ac
644 2431 1031 2497 immunitatis,
1071 2431 1164 2499 qui
1207 2428 1275 2484 ad
1321 2443 1444 2481 eam
1486 2427 1685 2496 quovis
1730 2423 1962 2479 crimine

389 2524 770 2595 confugerent.
801 2525 1098 2595 Argentum
1135 2530 1320 2592 postea
1359 2519 1472 2573 Leo
1501 2518 1798 2587 imperator
1827 2531 1854 2568 c
1879 2529 1962 2569 se-

389 2617 584 2687 pulcro
620 2617 867 2672 abstulit.

459 2710 513 2764 8.
559 2708 728 2763 Porro
775 2707 1117 2779 Thcoiihilus
1145 2703 1306 2776 795
1346 2700 1696 2758 Theodorum
1750 2698 1961 2768 episco-

387 2830 540 2888 pum,
565 2811 877 2869 Critbinum
934 2802 1163 2864 dictum,
1215 2807 1329 2852 tum
1382 2795 1436 2849 in
1473 2793 1610 2849 urbe
1651 2798 1962 2846 versantem

387 2922 515 2965 cum
565 2902 788 2960 Alexius
841 2893 1118 2953 calumnia
1170 2889 1448 2960 appetitus
1496 2892 1602 2950 est,
1651 2895 1960 2946 accersens,

389 3000 700 3067 traditaque
751 3004 915 3048 cruce
965 2984 1252 3056 pectorali,
1295 2982 1349 3037 in
1379 2979 1624 3037 Siciliam
1654 2977 1824 3043 misit,
1867 2973 1959 3046 qui

385 3065 626 3165 juratarn
660 3081 1024 3140 immunitatis
1059 3077 1218 3131 tidem
1263 3072 1455 3129 Alex-io
1481 3070 1752 3165 praeberet
1794 3065 1964 3165 ctu-ad

390 3159 780 3255 imperatorem
834 3175 889 3229 in
918 3172 1111 3228 urbem
1164 3167 1475 3223 reduceret.
1525 3161 1813 3219 Profectus
1849 3159 1964 3224 ille,

390 3289 590 3345 aequa
639 3267 906 3341 praeditus
950 3271 1072 3319 erat
1115 3258 1408 3332 prudentia
1442 3255 1758 3328 ingeniique
1811 3267 1966 3323 saga-

391 3369 556 3425 citate
580 3375 845 3434 persuaso
871 3356 1080 3420 Alexio,
1107 3353 1365 3421 dictoque
1399 3350 1449 3405 ei
1481 3347 1763 3413 audiente,
1786 3347 1966 3417 ipsum

393 3460 462 3517 ad
486 3459 880 3527 imperatorem
900 3447 1147 3504 adduxit.
1172 3444 1478 3514 Imperator
1504 3455 1630 3496 mox
1662 3453 1969 3498 reversum,

393 3547 553 3620 quasi
579 3544 831 3599 molitum
869 3535 1213 3610 tyrannidem
1244 3549 1308 3588 ac
1327 3531 1611 3596 rebellem,
1644 3527 1975 3584 verberibus

395 3617 656 3695 affectum
711 3635 1111 3698 vinctumque,
1145 3626 1294 3681 omni
1342 3626 1465 3694 ejus
1511 3621 1786 3694 publicata
1835 3617 1969 3673 sub-

395 3730 624 3793 stantia,
677 3728 733 3781 in
791 3738 1067 3781 carcerem
1104 3716 1396 3788 compegit.
1444 3714 1585 3772 Tum
1644 3711 1971 3767 Theodorus

394 3825 589 3882 Alexio
618 3840 632 3875 :
659 3819 725 3874 In
745 3835 904 3872 causa
929 3833 1048 3870 sum
1072 3812 1209 3883 quod
1238 3812 1357 3864 dira
1386 3812 1493 3864 hate
1513 3809 1692 3860 omnia
1723 3803 1969 3875 patiaris.

396 3913 763 3982 Profectoque
816 3923 885 3963 ex
933 3921 1086 3960 more
1126 3904 1192 3959 ad
1243 3901 1572 3956 Blacliernas
1619 3898 1970 3967 imperatore,

401 4006 506 4060 iter
527 4003 642 4072 ipse
663 4012 960 4066 occupans,
982 4005 1124 4049 intra
1150 3994 1289 4048 sacri
1311 3988 1603 4046 tribunalis
1627 3988 1805 4040 locum
1835 3984 1972 4040 stola

399 4093 727 4156 sacerdotali
756 4091 982 4145 indutus
1007 4088 1178 4152 stetit,
1198 4087 1310 4156 jam
1332 4099 1501 4154 prope
1542 4081 1870 4151 imperatore
1905 4076 1973 4132 ad

401 4191 608 4247 soleam
633 4187 868 4256 stipante
891 4191 1083 4238 senatu
1119 4178 1413 4234 accedente
1432 4173 1756 4230 exclamavit
1781 4187 1974 4242 magna

401 4296 538 4337 voce
579 4278 1075 4346 archiepiscopus:
1115 4269 1358 4334 Intende,
1385 4281 1632 4338 prospere
1672 4264 1890 4336 procede
1925 4271 1974 4316 et

2063 411 2126 465 τὸ
2169 413 2560 484 καινουργηθὲν
2609 412 2845 484 οἴκημα·
2895 412 2945 467 οἳ
3006 413 3102 467 καὶ
3137 413 3482 479 ἀπελθόντες.
3538 417 3630 469 καὶ

2065 503 2393 574 θεασάμενοι
2419 505 2516 576 τὴν
2549 503 2807 574 τοιαύτην
2852 505 3090 572 ἀδικίαν,
3123 507 3216 558 καὶ
3249 505 3631 575 βεϐαιωθέντες

2063 595 2140 661 ὡς
2178 597 2350 668 ἀληθῆ
2378 598 2484 650 είσι
2519 597 2587 651 τὰ
2623 600 2774 669 παρὰ
2809 597 2912 667 τῆς
2939 599 3194 665 γυναικὸς
3224 597 3478 669 ῥηθέντα,
3507 598 3634 652 ὐπο-

2066 689 2400 760 στρέψαντες
2439 691 2774 761 ἀνήγγειλαν
2812 690 2891 762 τῷ
2938 691 3164 762 βασιλεῖ,
3220 691 3329 745 Καὶ
3358 689 3446 746 ἐπ’
3482 691 3632 761 ὕψεσι

2064 781 2158 835 τοῦ
2183 781 2449 853 βασιλέως
2480 782 2754 852 ἐλεγχθεὶς
2793 783 2924 854 παρ’
2952 782 3134 836 αὐτῶν
3163 784 3192 836 ὁ
3223 782 3384 845 αὐτὸς
3417 783 3634 852 Πετρω-

2064 875 2181 940 νᾶς,
2219 875 2465 938 ὲκδυθεὶς
2489 876 2552 929 έν
2574 875 2652 946 τῷ
2678 875 2827 945 μέσῳ
2854 875 2954 944 τῆς
2984 872 3104 928 ὀδοῦ
3127 873 3386 928 τύπτεται
3406 876 3475 929 τά
3491 874 3637 929 νῶτα

2066 966 2331 1036 σφοδρῶς.
2367 966 2591 1036 Ὠρίσθη
2622 967 2677 1020 δὲ
2715 965 2741 1020 ὅ
2779 982 2839 1019 τε
2873 964 3151 1034 κυαίστωρ
3179 964 3273 1018 καὶ
3300 966 3350 1017 ei
3380 965 3636 1036 ἀντιγρα-

2066 1061 2186 1129 φεϊς
2213 1059 2472 1113 ἀπελθεῖν
2495 1060 2588 1113 καὶ
2619 1059 2682 1112 ὲκ
2709 1056 2972 1129 θεμελίων
2999 1058 3290 1127 ὲκδαφίσαι
3315 1059 3383 1112 τὰ
3414 1058 3638 1113 τοιαῦτα

2065 1152 2478 1222 οἰκοδομήματα
2506 1150 2601 1204 καί
2629 1152 2695 1220 τῇ
2719 1149 2944 1218 γυναικὶ⁸
2969 1149 3328 1222 παραδοῦναι.

2137 1246 2200 1310 ζ⁹’.
2234 1238 2402 1306 Οὗτος
2432 1241 2676 1307 Ἀλέξισν
2705 1243 2800 1297 τὸν
2831 1241 3140 1312 ’Δρμένιοη
3173 1234 3218 1310 ᾧ
3249 1241 3483 1313 ἐπίκλην
3511 1243 3642 1298 Μω-

2069 1333 2235 1406 σηλὲ,
2283 1334 2530 1403 ἀνδρεῖον
2583 1330 2716 1386 ὄντα
2777 1331 2874 1386 καὶ
2925 1331 3208 1401 ῥωμαλέον
3260 1333 3648 1402 είσεποιήσατο-

2065 1425 2315 1498 γαμϐρὸν
2343 1427 2423 1488 είς
2473 1426 2690 1494 Μαρίαν
2729 1423 2827 1494 τὴν
2872 1423 3238 1495 ἠγαπημένην
3276 1419 3426 1493 αὐτῷ
3466 1421 3633 1490 θυγα-

2063 1518 2219 1587 τέρα,
2263 1515 2496 1586 ποιήσας
2534 1514 2698 1568 αὑτὸν
2726 1513 3038 1584 πατρίκιον,
3070 1516 3186 1584 μετ’
3227 1513 3408 1582 ὀλίγον
3450 1512 3506 1567 δὲ
3543 1513 3636 1566 καὶ

2071 1607 2394 1678 μάγιστρον.
2422 1601 2556 1659 Εἶτα
2595 1604 2895 1676 ὑπολήψεις
2918 1605 3070 1668 τινὰς
3097 1606 3181 1657 ἐπ’
3211 1604 3358 1675 αὑτῷ
3391 1602 3535 1674 σχὼν
3561 1603 3635 1665 ὡς

2061 1696 2369 1766 ὀρεγομένῳ
2395 1695 2493 1764 τῆς
2540 1693 2839 1765 βασιλείας,
2885 1693 3262 1765 στρατηλάτην
3299 1694 3395 1747 καὶ
3439 1693 3636 1749 δοῦκαν

2060 1791 2159 1859 τῆς
2193 1788 2443 1852 Σικελίας
2492 1787 2822 1858 ἐξέπεμψεν.
2871 1781 2974 1841 Οἷα
3002 1786 3057 1839 δὲ
3103 1787 3298 1856 φθόνου
3333 1786 3631 1848 ὠδίνοντος,

2063 1875 2272 1930 Σικελοί
2323 1893 2468 1940 τινες
2503 1876 2815 1938 ἀνελθόντες
2847 1874 3124 1928 διέϐαλλον
3171 1875 3360 1928 τοῦτον
3405 1875 3631 1945 βασιλεῖ,

2063 1969 2136 2031 ὼς
2167 1968 2243 2022 Τὰ
2287 1969 2405 2037 μὲν
2449 1966 2568 2020 τῶν
2597 1965 2971 2034 Χριστιανῶν
3014 1967 3385 2035 Σαρακηνοῖς
3428 1966 3631 2035 προδί-

2061 2060 2232 2127 δωσι,
2272 2063 2424 2114 κατὰ
2448 2060 2516 2113 δὲ
2553 2059 2662 2130 τῆς
2690 2061 3016 2126 βασιλείας
3042 2076 3161 2116 σου
3188 2059 3426 2129 μελετᾷ.
3469 2061 3556 2114 Ἐν
3577 2060 3632 2112 δὲ

2061 2151 2139 2222 τῷ
2162 2152 2368 2223 μεταξὺ
2406 2151 2733 2222 τεθνηκυίας
2761 2152 2980 2223 Μαρίας
3015 2151 3114 2221 τῆς
3148 2150 3536 2221 πεποθημένης
3559 2150 3646 2222 τῷ·

2064 2243 2278 2316 βασιλεῖ
2306 2245 2598 2316 θυγατρὸς,
2626 2243 2727 2315 τήν
2754 2244 2853 2314 μὲν
2885 2243 3129 2314 λάρνακα
3164 2243 3246 2316 [-P.
3273 2242 3400 2316 517]
3431 2247 3634 2314 ταύτης

2063 2338 2122 2403 ἐξ
2165 2337 2410 2411 ἀργύρου
2446 2339 2746 2412 ἐκόσμησε,
2790 2337 2883 2391 καὶ
2938 2338 3105 2410 τόμον
3159 2338 3470 2409 ἐλευθερίας
3523 2339 3634 2400 τοῖς

2063 2432 2499 2503 προσφεύγουσιν
2542 2432 2626 2484 ἐπ’
2660 2430 2967 2501 ὲγκλήματί
3010 2449 3117 2485 τινι
3158 2430 3435 2485 τέθεικεν·
3469 2431 3648 2500 ὅνπερ-

2063 2524 2303 2595 ἄργυρον
2353 2524 2491 2596 μετά
2517 2524 2692 2578 ταῦτα
2740 2524 2892 2578 Λέων
2923 2526 2950 2578 ὁ
2998 2523 3246 2594 βασιλεὺς
3279 2522 3521 2578 ἀνείλετο
3571 2524 3636 2574 ὲκ

2063 2617 2158 2671 τοῦ
2186 2619 2381 2685 τάφου.

2130 2715 2204 2779 η’.
2278 2710 2335 2762 '0
2393 2709 2447 2762 δὲ
2515 2708 2774 2778 Θεόφιλος
2844 2707 3124 2779 Θεόδωρον
3191 2711 3282 2761 τὸν
3344 2708 3638 2761 ἐπίσκοπον

2062 2799 2154 2852 τὸν
2199 2799 2489 2869 λεγόμενον
2538 2799 2796 2869 Κρίθινον
2847 2801 2903 2852 ὲν
2934 2799 3011 2868 τῷ
3065 2799 3245 2869 καιρῷ
3294 2800 3392 2870 τῆς
3445 2797 3642 2852 διαϐοσ

2064 2889 2163 2961 λῆς
2227 2890 2466 2958 Ἀλεξίου
2529 2891 2587 2944 ὲν
2638 2894 2703 2961 τῇ
2756 2892 2907 2944 πόλει
2965 2890 3200 2962 τυχόντα.
3263 2891 3640 2962 προσκαλεσά-

2068 3001 2270 3052 μενος,
2321 2986 2416 3037 καὶ
2452 2984 2578 3046 δοὺς
2614 2985 2673 3036 τὸ
2710 2984 2842 3036 ἴδιον
2897 2983 3188 3053 φυλακτδν,
3218 2984 3537 3039 ἀπέστειλεν
3561 2985 3648 3048 είς

2067 3074 2322 3130 Σικελίαν
2384 3074 2569 3128 δοῦναι
2609 3074 2766 3143 λόγον
2819 3075 3089 3140 ἀπαθείας
3135 3076 3213 3146 τῷ
3274 3075 3498 3148 Ἀλεξὶῳ
3545 3076 3650 3130 καὶ»

2069 3167 2302 3239 ἀγαγεῖν
2330 3166 2389 3222 ὲν
2415 3170 2480 3240 τῇ
2522 3169 2674 3222 πόλει
2708 3169 2844 3238 πρὸς
2875 3169 3060 3223 αὐτόν.
3101 3171 3161 3224 '0
3193 3169 3251 3224 δὲ
3275 3170 3522 3224 ἀπελθὼν
3546 3171 3641 3224 καὶ

2069 3262 2137 3333 τῇ
2173 3261 2453 3334 προσούσῃ
2484 3261 2631 3331 αὐτῷ
2688 3263 2901 3316 συνέσει
2935 3263 3130 3327 πείσας
3184 3262 3422 3330 Ἀλέξων
3465 3264 3647 3336 ήγαγε

2069 3354 2207 3425 πρὸς
2230 3355 2322 3408 τὸν
2364 3353 2607 3418 βασιλέα.
2642 3354 2741 3409 Ὃν
2775 3355 2804 3408 ὀ
2834 3353 3086 3425 βασιλεὺς
3119 3355 3196 3419 ὡς
3234 3357 3508 3427 ἀντάρτηγ
3549 3355 3641 3410 τύ.

2068 3447 2176 3518 ψας
2203 3447 2356 3501 ἔθετο
2391 3448 2447 3502 ὲν
2477 3447 2553 3518 τῷ
2595 3447 2978 3520 δεσμωτηρίῳ,
3026 3448 3305 3519 δημεύσας
3339 3451 3517 3502 πᾶσαν
3545 3447 3660 3518 sip.»

2072 3539 2414 3611 περιουσίαν.
2437 3579 2454 3595 .
2475 3579 2488 3595 ς
2516 3577 2531 3592 .
2555 3579 2567 3596 ρ
2613 3538 2880 3610 ἀνέθηκεν
2952 3538 3175 3610 Ἀλεξίῳ
3207 3540 3396 3605 είπὼν,
3444 3540 3528 3593 ὅτι
3566 3538 3645 3593 Δι’

2071 3631 2221 3702 ἐμοῦ
2255 3631 2452 3684 πάντα
2471 3631 2777 3698 πέπονθας
2815 3629 2888 3685 τὰ
2913 3630 3100 3685 δεινά.
3136 3633 3247 3686 Καὶ
3266 3631 3359 3684 τοῦ
3385 3631 3646 3703 βασιλέως

2075 3723 2215 3778 κατὰ
2243 3723 2303 3776 τὸ
2350 3722 2471 3787 ἔθος
2520 3723 2600 3786 εἰς
2632 3722 2944 3793 Βλαχέρνας
2987 3722 3316 3788 ἀπελθόντος
3361 3723 3649 3794 προλαϐὼν

2075 3817 2205 3888 ἔστη
2237 3815 2450 3869 ἔνδοθεν
2505 3816 2598 3870 τοῦ
2657 3817 3044 3886 θυσιαστηρίου
3100 3817 3130 3870 ὀ
3185 3817 3650 3888 ἀρχιεπίσκοπος,

2078 3909 2360 3979 ἱερατικὴν
2405 3907 2596 3978 στολὴν
2641 3907 3050 3978 ἠμφιεσμένος·
3097 3907 3192 3961 καὶ
3235 3906 3329 3959 τοῦ
3387 3906 3651 3976 βασιλέως

2074 4005 2142 4070 τῇ
2188 4000 2364 4070 σωλέᾳ
2420 3999 2824 4070 πλησιάσαντος
2871 3999 2988 4070 ἅμα
3043 4001 3108 4070 τῇ
3157 3998 3444 4068 συγκλήτῳ
3499 4001 3648 4068 φωνῇ

2081 4092 2294 4164 μεγάλῃ
2341 4090 2624 4161 ἐφώνησεν
2672 4092 2701 4145 ό
2746 4090 3206 4162 ἀρχιεπίσκοπος·
3254 4092 3516 4144 Ἕντεινε
3554 4091 3653 4144 καὶ

2079 4184 2410 4240 κατευοδοῦ
2446 4183 2544 4237 καί
2579 4184 2881 4249 βασίλευε
2919 4184 3127 4238 ἕνεκεν
3172 4185 3360 4249 τινος,
3396 4179 3444 4238 ὦ
3470 4184 3652 4248 ,βασι-

2079 4279 2228 4346 λεῦζ;
2270 4277 2548 4340 Λίδεσθεὶς
2585 4276 2679 4330 οὖν
2710 4279 2737 4329 ό
2775 4276 3028 4345 βασιλεὺς
3067 4280 3132 4346 τῇ
3179 4277 3468 4346 συγκλήτῳ
3512 4278 3618 4346 ἔφη

400 4389 568 4443 regna
593 4381 658 4436 P;
711 4382 983 4439 quorsum,
1027 4359 1356 4432 imperator?
1391 4359 1482 4412 [lle
1524 4366 1776 4412 senatum
1816 4369 1969 4408 reve-

2086 4373 2338 4425 Ἕνεκεν
2385 4370 2672 4435 ἀληθείας
2721 4369 2817 4422 καὶ
2880 4371 3216 4436 πραότητος
3275 4369 3374 4422 καί
3431 4367 3655 4422 δικαιο-

403 4465 547 4521 ritus
576 4481 588 4516 :
627 4460 849 4531 Propter
877 4457 1172 4520 veritatem,
1221 4453 1419 4523 inquit,
1450 4459 1497 4504 et
1526 4447 1983 4504 mansuetudinem

405 4567 456 4612 et
485 4555 775 4629 justitiam.
806 4551 908 4607 Cui
940 4549 1305 4602 Theodorus:
1347 4545 1668 4616 Ecquamam
1716 4558 1836 4596 vero
1891 4550 1980 4594 tua

399 4651 635 4724 jttstitia,
669 4649 904 4718 quicum
956 4643 1136 4697 Alexio
1166 4645 1407 4712 jnratam
1451 4638 1611 4705 ﬁdem
1647 4652 1740 4708 per
1770 4650 1853 4689 me
1893 4633 1982 4687 de-

406 4743 568 4804 deris,
609 4735 741 4792 nihil
769 4744 946 4788 tamen
981 4731 1305 4786 servaveris?
1343 4730 1645 4798 Imperator
1679 4725 1977 4796 reprelien-

407 4833 620 4888 sioncm
651 4843 762 4882 non
789 4827 992 4888 ferens,
1022 4840 1194 4893 eaque
1225 4823 1302 4876 ira
1324 4835 1607 4884 accensus,
1655 4820 1832 4888 ipsum
1861 4816 1980 4869 vio-

407 4923 588 4978 lenter
620 4936 651 4974 e
683 4933 838 4974 sacro
873 4917 1062 4972 altaris
1082 4916 1205 4970 loco
1233 4913 1458 4984 expulit=
1484 4926 1587 4967 nec
1613 4909 1986 4966 mediocribus

409 5014 585 5086 plagis
619 5011 892 5082 impositis
932 5009 1125 5064 exsilio
1162 5006 1454 5078 relegavit;
1488 5021 1590 5060 nec
1627 5020 1692 5059 ea
1723 5003 1988 5058 duntaxat

411 5107 626 5163 ratione
687 5105 836 5176 quod
872 5105 940 5159 ab
981 5117 1047 5158 eo
1083 5103 1450 5172 reprehensus
1489 5109 1653 5163 esset,
1710 5098 1804 5153 sed
1841 5096 1986 5167 quod

409 5202 578 5256 etiam
609 5199 792 5254 colere
815 5214 940 5253 eum
970 5213 1032 5251 ac
1051 5195 1304 5250 venerari
1335 5207 1519 5249 sacras
1547 5191 1811 5263 imagines
1836 5190 1984 5260 ejus-

412 5307 520 5361 que
546 5291 884 5362 impietatem
919 5290 1207 5344 traducere
1250 5288 1580 5343 inaudicrat.
1622 5283 1776 5339 llaud
1815 5284 1987 5338 multo

411 5395 537 5454 post
572 5401 722 5449 vero,
775 5399 900 5438 cum
956 5385 1255 5453 imperator
1303 5383 1358 5436 in
1388 5381 1635 5452 Magnam
1688 5379 1983 5434 ecclesiam

415 5475 657 5532 venisset
692 5492 756 5532 ac
804 5477 1120 5546 patriarcha
1170 5490 1283 5530 rem
1320 5475 1370 5531 ei
1421 5473 1624 5544 probro
1674 5473 1986 5545 objccisset,

488 5662 515 5699 Ρ
543 5650 681 5705 Psal.
701 5667 843 5715 τιιν,
864 5650 917 5702 5.

2080 4464 2303 4532 σύνης.
2348 4462 2408 4514 Ὀ
2441 4462 2500 4516 δέ
2524 4479 2539 4493 ο
2576 4461 2685 4515 Καὶ
2732 4461 2877 4515 ποία
2907 4460 3266 4529 δικαιοσύνη
3289 4462 3360 4514 ἐν
3402 4461 3524 4526 σοὶ,
3566 4461 3657 4516 ὅτι

2079 4554 2227 4622 δοὺς
2285 4554 2639 4622 ὐπόπραρον
2679 4554 2870 4622 λόγον
2923 4550 3170 4616 Ἀλεξίῳ
3223 4551 3298 4604 δι’
3335 4549 3482 4620 ἐμοῦ
3545 4553 3660 4606 οὐκ

2079 4643 2392 4714 ἐφύλαξας
2425 4642 2602 4696 τοῦτο
2619 4658 2640 4706 ;
2683 4640 2742 4694 ὐ
2769 4640 2824 4692 δὲ
2855 4639 3114 4709 βασιλεὺς
3141 4642 3216 4701 ὡς
3240 4638 3515 4708 ἐλεγχθεὶς
3543 4637 3660 4690 τοῦ-

2079 4753 2170 4790 τον
2200 4736 2294 4790 τοῦ
2329 4732 2719 4804 θυσιαστηρίου
2753 4731 2940 4802 βιαίως
2984 4731 3275 4803 ἐξήγαγεν,
3312 4731 3408 4785 καὶ
3442 4728 3664 4798 πληγὰς-

2085 4827 2235 4899 αἰλτῷ
2270 4827 2328 4881 οὐ
2363 4827 2590 4898 μετρίας
2621 4824 2830 4887 ἐπιθεὶς
2875 4824 3154 4893 ἐξώρισεν,
3183 4824 3244 4875 οὑ
3285 4823 3372 4875 διὰ
3399 4822 3460 4875 τὸ
3500 4821 3658 4887 ελεγ-

2085 4916 2282 4987 χθῆναι
2334 4914 2425 4969 ὑπ⁵
2485 4912 2651 4967 αὐτοῦ
2702 4914 2885 4984 μόνον,
2921 4912 3056 4966 ἀλλὰ
3099 4914 3190 4965 καὶ
3227 4912 3316 4966 διὰ
3363 4913 3423 4965 τὸ
3469 4910 3662 4981 μαθεῖν

2085 5007 2246 5062 αὑτὸν
2275 5006 2373 5070 τάς
2399 5005 2560 5073 ἁγίας
2593 5004 2809 5066 εἰκόνας
2834 5005 2998 5075 τιμᾷν
3029 5003 3121 5056 καλ⁷
3147 5003 3424 5068 σέϐεσθαι,
3455 5003 3547 5056 καὶ
3562 5005 3661 5074 τήν

2088 5099 2253 5154 αὐτοῦ
2280 5099 2600 5153 δυσσέϐειαν
2627 5097 2956 5154 διαϐάλλειν.
2989 5095 3124 5150 Μετ’
3156 5095 3216 5148 οὐ
3241 5095 3376 5148 πολὺ
3409 5095 3465 5146 δὲ
3508 5097 3567 5148 ὲν
3594 5097 3663 5164 τῇ

2096 5191 2322 5262 Μεγάλῃ
2376 5190 2647 5261 ἐκκλησίᾳ
2670 5189 3128 5259 παραγινομένου,
3155 5188 3251 5240 καὶ
3281 5184 3373 5239 τοῦ
3396 5185 3669 5256 πατριάρ·

2097 5302 2191 5354 χου
2233 5281 2394 5336 αὑτὸν
2437 5281 2800 5342 ὀνειδίσαντος
2825 5319 2840 5344 ,
2877 5279 3041 5334 αὐτὸν
3089 5277 3179 5330 τὸν
3237 5276 3668 5348 ἀρχιεπίσκοπον

2097 5379 2273 5448 ἤγαγε
2311 5374 2449 5448 μετά
2498 5373 2920 5445 παρακλήσεως.
2950 5371 3058 5424 Τοῦ
3107 5371 3163 5424 δὲ
3214 5371 3428 5436 ἀνάξιον
3476 5369 3670 5423 ἑαυτὸν

2096 5474 2196 5541 τῆς
2232 5467 2532 5542 ἱερωσύνης
2561 5466 2843 5539 κρίναντος
2872 5465 2939 5519 δι’
2967 5465 3002 5519 ἂ
3038 5463 3326 5530 πέπονθεν,
3348 5465 3376 5518 ὀ
3416 5462 3669 5536 βασιλεὺς
