4090 6022
380 230 481 295 θτιτ

1463 222 1659 295 ΥΙΤΑΞ
1690 228 2245 293 RECENTIORUM
2275 228 2478 292 l-MPP.

3517 217 3627 285 858

376 345 659 416 οἰκονόμον
692 344 787 415 τῆς
817 343 1075 417 Μεγάλης
1111 344 1409 416 ἐκκλησίας
1483 345 1806 418 πεποίηκεν.
1838 344 1951 400 Καὶ

2066 345 2534 417 archiepiscopum
2560 341 2686 399 facti
2719 338 2884 413 796
2918 339 3137 394 veniam
3174 343 3367 410 petens
3395 334 3637 393 reduxit.

390 433 627 500 ’Δλὲξιον
656 432 749 489 τοῦ
790 433 1171 505 δεσμωτηρίου
1218 434 1495 503 ἐξέϐαλεν,
1530 434 1763 500 ἀποδοὺς
1797 434 1950 507 αὐτῷ

376 526 478 581 atal.
479 527 687 691 1ἱίιᾶιςαν
731 526 831 599 τὴν
880 527 1204 599 περιουσίαν
1255 526 1446 593 αὑτοῦ,
1492 527 1632 600 ἔχων
1677 526 1842 583 αὐτὸν
1891 530 1955 583 ἐν

378 633 476 689 τιμ

437 634 476 689 μ

449 888 517 943 θ’.
545 880 657 940 Ἦν
687 886 745 941 δὲ
780 886 874 941 καὶ
910 882 1171 956 Mavortii).
1219 883 1658 956 ὀνομαστότατος
1707 899 1950 958 στρατη-

378 979 549 1049 λάτης
577 981 797 1034 πάντων
818 978 929 1033 τῶν
959 980 1016 1032 ἐν
1041 979 1110 1049 τῇ
1147 978 1429 1050 Ἀνατολῇ,
1459 975 1769 1049 τιμώμενος
1802 978 1954 1048 παρὰ

380 1069 477 1124 τοῦ
498 1069 783 1140 βασιλέως.
803 1062 972 1133 Οὗτος
996 1070 1050 1123 Μ
1056 1067 1221 1136 tipth
1243 1066 1536 1139 συμϐαλὼν
1560 1068 1750 1137 λόγους
1775 1068 1951 1133 τινάς,

382 1161 641 1232 λογοθίτῃ
672 1177 731 1213 τε
762 1161 875 1214 ὄντι
924 1159 1019 1214 τοῦ
1075 1159 1278 1232 δρόμου
1311 1160 1405 1215 καὶ
1436 1159 1689 1233 πενθερῷ
1717 1159 1816 1213 τοῦ
1846 1160 1958 1213 ηε-

384 1249 587 1319 τρωνᾶ,
618 1248 872 1319 διεϐλήθη
901 1247 979 1320 τῷ
1007 1249 1216 1319 βασιλεῖ
1257 1249 1363 1303 ὑπὸ
1402 1251 1680 1305 Βασιλείου
1713 1250 1954 1322 ὑποδολῇ

383 1339 650 1410 Μύρωνος
694 1338 782 1412 [Ρ.
821 1338 951 1414 518]
995 1340 1072 1404 ὡς
1103 1342 1202 1411 τῆς
1254 1340 1530 1411 βασιλείας
1561 1342 1834 1413 ὀρέγεται,
1862 1342 1954 1395 καί

384 1431 684 1502 ίμελετᾱτο
727 1431 877 1487 δεινὰ
912 1434 1034 1486 κατ’
1066 1433 1254 1487 αὑτοῦ.
1309 1436 1461 1487 Λέων
1488 1435 1546 1489 δὲ
1599 1436 1629 1489 ό
1679 1434 1956 1506 πρωτοϐε-

387 1525 629 1595 στιάριος
654 1525 795 1595 ὑπὲρ
824 1524 916 1579 τοῦ
950 1524 1207 1597 Μανουὴλ
1237 1526 1635 1597 προϊστάμενος
1664 1527 1758 1579 καὶ
1791 1543 1957 1595 φρον-

2050 437 2302 507 Cumque
2337 436 2385 490 is
2415 433 2702 506 indignum
2731 448 2790 489 se
2827 429 3142 489 sacerdotio
3167 427 3442 501 iudicaret
3472 426 3546 482 ob
3574 442 3644 482 ea

2052 542 2176 602 quae
2210 543 2405 600 passus
2447 534 2587 594 erat,
2628 526 2929 598 imperator
2958 538 3306 582 (economum
3362 521 3497 578 fecit
3527 521 3643 575 Ma-

2051 638 2171 695 gna:
2222 619 2489 677 ecclesiis.
2538 619 2793 676 Alexium
2842 632 3062 688 quoque
3106 631 3140 672 e
3176 629 3398 670 carcere
3445 611 3636 682 ejecit,

2053 715 2313 771 restituta
2348 713 2402 770 ei
2427 712 2577 769 omni
2605 711 2787 768 ablata
2818 709 3152 777 substantia,
3176 707 3358 762 virum
3385 705 3441 760 in
3465 702 3644 775 pretio

2054 808 2284 864 habens.

2122 900 2177 955 9.
2211 900 2346 955 Erat
2367 912 2499 954 vero
2523 898 2691 953 etiam
2712 894 2930 951 Manuel
2953 893 3095 950 fama
3124 888 3465 948 clarissimus
3496 888 3644 944 inter

2052 1007 2248 1049 omnes
2275 990 2550 1048 Asiaticos
2578 987 2833 1045 tribunos
2849 1000 2919 1042 ae
2938 983 3069 1040 belli
3096 982 3289 1045 duces,
3318 992 3481 1051 quem
3508 977 3643 1033 cha-

2054 1100 2180 1141 rum
2210 1085 2514 1157 imperator
2540 1079 2877 1144 baberet.ls,
2916 1074 3191 1135 consertis
3216 1072 3500 1130 nonnullis
3523 1085 3645 1157 ser:-

2055 1151 2314 1230 monibus
2355 1187 2479 1228 cum
2514 1170 2737 1243 Myrone
2778 1182 2980 1225 cursus
3032 1164 3242 1237 publici
3275 1162 3554 1234 logotbeta
3584 1151 3644 1215 οε

2057 1268 2310 1325 Petronis
2342 1281 2561 1331 socero,
2594 1261 2913 1334 imperatori
2941 1276 2972 1316 a
3003 1258 3207 1314 Basilio
3234 1255 3457 1313 delatus
3488 1254 3645 1325 ejus-

2057 1360 2184 1417 dem
2206 1359 2445 1432 Myronis
2473 1356 2849 1429 suggestione,
2877 1353 3031 1408 vclut
3060 1351 3154 1422 qui
3186 1349 3478 1420 imperium
3510 1344 3645 1401 affe-

2058 1460 2235 1508 ctaret
2263 1459 2429 1521 atque
2456 1449 2513 1504 in
2534 1462 2662 1504 eum
2696 1446 2838 1502 mala
2871 1443 3178 1499 moliretur.
3207 1439 3320 1496 Leo
3350 1453 3484 1494 vero
3511 1451 3641 1508 pro-

2060 1541 2437 1606 tovestiarius,
2479 1537 2748 1595 Manuelis
2788 1533 3108 1592 defensione
3161 1537 3417 1600 suscepta
3462 1526 3642 1596 deque

384 1614 548 1681 τίζων
588 1616 964 1673 διεϐεσαιοῢτο
1007 1617 1087 1689 τῷ
1136 1617 1346 1688 βασιλεί
1388 1621 1464 1683 ὡς
1508 1619 1680 1692 ψευδῆ
1732 1621 1840 1673 εἰσι
1889 1619 1959 1674 τὰ

2066 1647 2130 1687 eo
2156 1629 2448 1697 sollicitus,
2485 1624 2804 1699 imperatori
2837 1622 3143 1679 albrmabat
3188 1620 3322 1677 falsa
3365 1630 3489 1673 esse
3522 1629 3646 1686 qua:

385 1711 508 1765 κατ’
535 1711 703 1765 αὑτοῦ
733 1712 1018 1782 λεγόμενα.
1065 1711 1132 1764 'A
1170 1711 1359 1782 μαθὼν
1404 1691 1684 1783 Μανουὴλ,
1726 1714 1819 1767 καί
1858 1712 1960 1783 τὴν

2066 1723 2133 1779 de
2167 1722 2260 1776 illo
2283 1720 2624 1776 dicerentur.
2666 1717 2880 1784 Quibus
2910 1712 3127 1769 Manuel
3168 1710 3421 1783 cognitis,
3475 1708 3649 1762 iram-

385 1802 558 1875 όργὴν
593 1803 686 1859 τοῦ
718 1802 986 1874 βασιλέως
1020 1806 1115 1858 καί
1166 1803 1417 1864 διαϐολὰς
1456 1804 1742 1868 ἐκκλίνων,
1786 1803 1962 1875 λάθρα

383 1896 486 1965 τῆς
525 1896 732 1959 πόλεως
776 1896 1010 1961 ἐξελθὼν
1059 1898 1219 1968 μέχρι
1257 1896 1453 1951 Πυλῶν
1495 1897 1593 1951 καὶ
1635 1899 1747 1959 τοῖς
1794 1896 1968 1966 δημοο

388 1989 525 2053 σίοις
567 1990 840 2060 ὀχήμασιν
897 1989 1095 2051 ἐπιϐὰς
1147 1989 1359 2060 ἀπῆλθε
1407 1987 1591 2059 φυγὰς
1644 1988 1802 2061 μέχρι
1851 1990 1962 2043 τῶν

387 2079 719 2150 κλεισούρων
753 2080 977 2150 Συρίας,
1028 2082 1129 2144 τὰς
1176 2080 1285 2134 τῶν
1330 2080 1512 2134 ἵππων
1569 2079 1757 2150 ἰγνύας
1805 2082 1963 2135 ἐκκό-

387 2193 559 2231 πτων.
610 2175 877 2245 Ἐδήλωσε
903 2191 964 2228 τε
998 2177 1112 2238 τοῖς
1154 2176 1477 2245 Ἀγαρηνοῖς
1505 2174 1700 2241 ταῦτα,
1740 2176 1815 2240 ὡς
1847 2180 1964 2230 Ba-

386 2265 605 2332 σιλέως
626 2265 816 2335 ὀργὴν
832 2266 1122 2336 ἐκφεύγω,
1158 2266 1258 2321 καί
1280 2268 1335 2320 εί
1370 2285 1435 2338 τε
1466 2267 1553 2337 μὴ
1590 2269 1963 2339 καταναγκά-

387 2357 539 2427 ante
560 2374 639 2427 με
665 2356 779 2426 τὴν
808 2358 1072 2427 ἐμαυτοῦ
1106 2359 1320 2416 πίστιν
1364 2360 1738 2423 καταλιπεῖν,
1775 2378 1962 2429 προσ-

386 2449 595 2517 φεύγω
616 2449 781 2517 ὑμῖν.
805 2450 875 2503 Εὖ
906 2447 1062 2503 οὕτω
1085 2449 1181 2503 καί
1216 2449 1316 2503 ἐπὶ
1357 2451 1595 2519 τούτοις
1627 2453 1961 2523 ,προσδέχε-

388 2539 501 2595 σθέ
520 2556 615 2609 με,
649 2540 837 2609 λόγον
883 2540 1178 2608 ἀπαθείας
1215 2559 1319 2611 μοι
1361 2542 1783 2600 ἀποστείλατε.
1803 2546 1865 2599 οι
1905 2547 1963 2600 δέ

386 2630 549 2687 τοῦτο
575 2633 782 2706 μεγάλῃ
820 2634 963 2703 χαρᾷ
991 2632 1300 2702 δεξάμενοι,
1341 2633 1501 2701 λόγον
1529 2634 1801 2701 ἀπαθείας
1824 2638 1961 2691 άπο-

332 2732 340 2742 ·
394 2723 728 2788 στείλαντες,
758 2723 1153 2794 προσεδέξαντο
1180 2728 1255 2789 ὡς
1292 2725 1517 2796 βασιλέα
1541 2726 1852 2799 Ῥωμαίων.

464 2821 516 2870 τ’.
571 2815 742 2869 Τοῦτο
772 2814 965 2886 μαθὼν
1000 2818 1031 2870 ό
1073 2816 1323 2888 βασιλεὺς
1350 2819 1411 2872 ἐν
1448 2817 1617 2891 πολλῇ
1664 2819 1842 2891 θλίψει
1869 2822 1963 2876 xai.

390 2903 602 2976 ἀθυμίᾳ
633 2906 878 2974 γέγονεν,
906 2907 1001 2960 καὶ
1042 2904 1237 2978 βουλὴν
1265 2908 1504 2963 ἐποιεῖτο
1536 2910 1677 2981 μετὰ
1714 2910 1962 2967 Ἰωάννου

2061 1829 2170 1887 que
2202 1810 2556 1884 imperatoris
2583 1824 2647 1864 ae
2677 1808 2983 1863 calumnias
3006 1804 3312 1869 declinans,
3334 1802 3475 1857 clam
3507 1797 3648 1855 urbe

2061 1920 2319 1979 egressus
2339 1920 2516 1975 usque
2549 1903 2619 1959 ad
2661 1901 2841 1973 Pylas,
2872 1897 3219 1972 publicisque
3262 1893 3523 1950 curribus
3561 1890 3649 1946 in-

2060 2009 2275 2064 vectus,
2309 1998 2378 2052 ad
2417 1996 2589 2068 Syriae
2634 2007 2809 2064 usque
2841 1993 3092 2047 clusuras
3121 1989 3324 2044 excisis
3372 1990 3647 2055 equorum

2061 2090 2369 2162 poplitibus
2403 2086 2668 2158 profugit.
2702 2081 3153 2155 Signiﬁcavitque
3199 2078 3316 2133 lucc
3361 2075 3657 2147 Agarenis,

2064 2182 2244 2254 fugere
2285 2197 2340 2234 se
2380 2178 2717 2250 imperatoris
2760 2177 2921 2240 iram,
2955 2190 3019 2227 ac
3064 2173 3110 2225 si
3139 2187 3293 2224 suam
3345 2168 3505 2237 ﬁdem
3544 2182 3649 2220 non

2064 2283 2254 2345 cogant
2306 2273 2565 2336 deserere,
2597 2269 2667 2324 ad
2708 2269 2849 2338 ipsos
2902 2264 3200 2337 profugere.
3241 2261 3430 2332 Itaque
3474 2259 3520 2313 si
3570 2259 3649 2312 ita

2063 2368 2247 2437 hisque
2274 2380 2356 2419 me
2381 2360 2765 2417 conditionibus
2796 2342 3079 2426 suscipitis,
3103 2355 3263 2425 ﬁdem
3298 2353 3423 2407 mihi
3451 2352 3615 2405 immu
3632 2377 3649 2391 -

2065 2460 2248 2515 uitatis
2276 2456 2487 2511 mittite.
2516 2452 2601 2509 llli
2627 2465 2762 2508 vero
2786 2464 2901 2504 rem
2931 2449 3038 2503 lmti
3072 2445 3456 2516 suscipientes,
3482 2440 3665 2495 missa

2064 2551 2381 2610 securitatis
2418 2547 2546 2613 fide,
2571 2545 2721 2601 haud
2745 2543 2911 2599 aliter
2938 2556 3004 2597 ac
3032 2540 3424 2611 imperatorem
3448 2536 3665 2591 Roma-r

2064 2660 2195 2701 num
2238 2644 2418 2715 ipsum
2455 2640 2809 2711 reciperent»

2132 2823 2218 2878 l0.
2248 2821 2367 2890 Quo
2389 2818 2612 2892 cognito
2650 2815 2952 2888 imperator
2982 2810 3193 2885 ingenti
3218 2821 3457 2866 mcerore
3490 2821 3650 2861 men-

2066 2917 2248 2987 tisquc
2305 2912 2561 2984 angustia
2613 2907 2880 2973 concidit,
2915 2905 3218 2975 habitoque
3265 2915 3391 2957 cum
3439 2899 3656 2955 Joanne

393 2996 848 3090 auruncumpt
888 2997 1105 3054 τούτου.
1148 2999 1208 3053 '0
1235 2998 1294 3054 δέ
1328 2994 1482 3054 εἶπεν
1504 3019 1517 3033 ·
1539 3003 1608 3056 Εἰ
1648 3005 1963 3075 προθύμως

2066 3008 2307 3081 syncello
2337 3020 2401 3060 ea
2423 3003 2492 3059 de
2512 3018 2574 3058 re
2597 3000 2852 3065 consilio,
2881 2998 2962 3053 ait
2994 2997 3088 3052 ille
3115 3012 3128 3049 :
3164 2992 3221 3050 Si
3250 3007 3447 3049 vereea:
3470 2992 3657 3045 animo

381 3088 603 3153 ,ϐούλει
645 3087 750 3143 τόν
801 3088 1094 3157 Mar-aviti
1144 3091 1532 3160 προσελθεῖν,
1582 3089 1631 3150 ὦ
1672 3095 1962 3165 βασιλεῦ,

388 3181 573 3248 αὐτὸς
600 3180 716 3250 ἐγὼ
740 3180 977 3251 ἕτοιμος
1014 3182 1191 3238 τοῦτο
1236 3184 1509 3255 ποιῆσαι,
1549 3187 1823 3258 χρήματα
1857 3194 1967 3245 λα-

389 3268 512 3324 ϐὼν
533 3271 631 3325 καὶ
655 3269 807 3338 πρὸς
834 3271 942 3325 τὸν
967 3272 1365 3344 Ἆμερουμνῆν
1394 3277 1644 3342 crudele
1668 3279 1749 3346 ὡς
1782 3278 1969 3349 δῆθεν

388 3362 535 3430 τοὺς
553 3363 623 3418 ἐν
645 3362 850 3432 εἱρκτῇ
879 3366 977 3419 καὶ
1007 3364 1255 3435 δεσμοῖς
1278 3367 1779 3441 ἐπισκεψόμενος,
1809 3372 1970 3444 ἔχων

390 3456 491 3510 καί
514 3454 939 3526 Mammang
951 3458 1139 3528 λόγιον
1163 3458 1325 3529 παρὰ
1340 3461 1450 3529 τῆς
1469 3460 1593 3532 σῆς
1616 3463 1964 3535 βασιλείας,

391 3541 442 3617 ᾧ
471 3549 661 3603 πείσω
695 3550 805 3602 τὸν
828 3549 1121 3618 Marcum
1153 3553 1239 3618 εἰς
1278 3553 1425 3621 ὄψιν
1454 3554 1674 3611 ἐλθεῖν.
1706 3557 1869 3611 Δοκῶ
1901 3559 1970 3614 δὲ

394 3641 572 3697 τοῦτο
611 3638 834 3709 πρᾶξαι
884 3640 965 3708 τῷ
1007 3642 1406 3715 ὲνυπογρὰφφ
1444 3648 1603 3717 λόγῳ
1650 3647 1761 3718 τῆς
1789 3652 1969 3716 βασι-

391 3735 563 3801 λείας
587 3750 705 3789 σου
745 3734 845 3789 καί
877 3732 954 3803 τῇ
976 3734 1089 3805 ἐμῇ
1128 3736 1325 3793 πειθοῖ
1364 3738 1463 3793 καὶ
1497 3740 1572 3809 τῇ
1598 3742 1834 3797 ἐκείνου
1867 3747 1968 3798 εὺ-

394 3830 599 3897 σεὸείᾳ
641 3829 743 3883 καί
778 3828 859 3897 τῷ
901 3831 1065 3898 εἰκός
1104 3828 1259 3886 εἶναι
1303 3832 1414 3904 τῆς
1467 3838 1755 3905 πατρίδος
1801 3838 1965 3909 ἐρᾴν.

409 3921 468 3976 ⁸0
500 3923 557 3976 δὲ
586 3921 840 3993 βασιλεὺς
886 3924 1181 3990 πάμπολλα
1212 3926 1473 3997 χρήματα
1513 3932 1606 3984 καὶ
1636 3930 1786 4006 δῶρα
1832 3935 1969 4006 πρὸς

394 4013 881 4085 τὶνἈμερουμνῆν
910 4014 1035 4078 δοὺς
1060 4016 1209 4089 αὐτῷ
1235 4017 1577 4076 ἀπέστειλεν.

466 4112 558 4164 ια’.
602 4107 666 4161 '0
697 4106 756 4161 δὲ
793 4107 1053 4163 εἰσελθὼν
1093 4109 1234 4182 μετὰ
1279 4112 1493 4167 πολλῶν
1536 4116 1837 4187 χρημάτων
1876 4121 1971 4173 καὶ.

394 4200 603 4270 κόσμου
632 4202 919 4267 παντοίου,
944 4202 1086 4258 ὥστε
1120 4204 1214 4259 καὶ
1243 4206 1371 4270 τοὺς
1402 4206 1742 4280 Ἀγαρηνοὺς
1770 4214 1862 4266 ἐπὶ
1893 4212 1971 4280 τῷ

396 4266 614 4358 πλοότῳ
684 4288 853 4345 αὐτοῦ
893 4290 1268 4362 ἐκπλαγῆναι,
1476 4266 1574 4353 ’τά
1600 4266 1971 4374 ⁸δεσμωτήρὶοι

2068 3098 2229 3170 797
2268 3096 2568 3152 Manuetem
2612 3093 2784 3147 redire
2815 3090 2982 3160 cupis,
3014 3104 3044 3141 ο
3078 3089 3390 3159 imperator,
3427 3083 3555 3137 mihi
3593 3081 3658 3136 its

2066 3200 2259 3265 parato
2292 3197 2368 3244 est
2407 3194 2465 3243 ut
2505 3187 2598 3242 tibi
2623 3185 2677 3241 id
2717 3185 2830 3257 ipse
2871 3190 3136 3255 prwstem.
3173 3177 3260 3233 Ita
3314 3176 3567 3229 nimirum
3605 3175 3657 3227 si

2069 3284 2292 3355 acceptis
2326 3281 2557 3353 pecuniis
2600 3296 2632 3332 a
2667 3285 2715 3331 te
2744 3276 2811 3331 ad
2852 3276 3226 3331 Amerumnem
3259 3270 3462 3333 mittar,
3498 3267 3654 3338 quasi

2067 3378 2330 3432 invisurus
2354 3390 2439 3427 eos
2466 3372 2557 3443 qui
2580 3372 2634 3424 in
2662 3384 2873 3423 carcere
2901 3384 2963 3420 ac
2987 3367 3042 3420 in
3074 3361 3291 3419 vinculis
3323 3368 3509 3432 agunt,
3528 3357 3656 3411 sub-

2068 3468 2324 3541 scriptum
2354 3475 2457 3520 tuae
2497 3462 2790 3533 majestatis
2828 3458 3063 3530 diploma
3097 3453 3397 3511 securitatis
3434 3450 3652 3513 habens,

2071 3580 2174 3636 quo
2220 3560 2459 3617 Manueli
2504 3575 2660 3614 suum
2690 3555 2758 3611 ad
2798 3564 2846 3609 te
2895 3567 3162 3608 accessum
3204 3562 3462 3603 suasurus
3511 3561 3651 3599 sum.

2070 3654 2314 3710 Arbitror
2345 3660 2524 3706 autem
2570 3649 2625 3704 id
2666 3665 2747 3703 me
2778 3649 3159 3719 prwstiturum,
3191 3649 3302 3694 tum
3345 3647 3450 3693 tua?
3483 3636 3655 3707 maje-

2072 3755 2220 3805 statis
2270 3748 2566 3817 subscripta
2621 3742 2920 3798 securitatis
2956 3737 3083 3809 ﬁde,
3162 3742 3275 3788 tum
3323 3748 3440 3785 mea
3488 3730 3654 3799 ipsius

2070 3844 2338 3904 suasione,
2366 3840 2586 3910 ipsaque
2610 3834 2754 3890 illius
2778 3835 2992 3903 pietate,
3022 3841 3071 3884 et
3100 3832 3237 3901 quod
3275 3843 3374 3898 par
3401 3824 3469 3878 sit
3501 3822 3655 3877 illum

2073 3935 2306 4007 patriam
2337 3947 2541 3986 amare.
2581 3928 2884 3998 Imperator
2925 3926 3107 3994 itaque
3129 3917 3552 3990 quamplurimis
3584 3915 3653 3970 ad

2077 4006 2460 4081 Amerumncm
2499 4019 2642 4075 datis
2672 4015 2919 4089 pecuniis
2950 4029 3011 4069 ac
3046 4009 3370 4067 muneribus
3394 4006 3601 4063 emisit.

2145 4118 2231 4171 ll.
2259 4116 2544 4186 Ingressus
2576 4112 2668 4167 ille
2700 4125 2825 4165 cum
2850 4107 3041 4162 multis
3070 4102 3339 4177 pecuniis,
3363 4100 3659 4168 omnisque

2074 4208 2294 4280 generis
2326 4214 2518 4261 ornata
2548 4200 2876 4273 supellectili
2928 4214 2993 4254 ac
3024 4197 3198 4261 cultu,
3247 4194 3384 4250 adeo
3423 4200 3483 4247 ut
3511 4191 3662 4261 Aga-

2074 4300 2191 4355 reni
2233 4314 2368 4369 quas
2399 4295 2717 4352 conferebat
2773 4306 2906 4364 opes
2962 4298 3186 4359 stupore
3220 4284 3662 4341 admirarentur.

397 4378 664 4449 ρογεύσας
697 4381 792 4435 καὶ
828 4379 921 4435 τὸν
950 4384 1448 4455 πρωτοσύμϐουλον
1477 4388 1816 4461 θεασάμενος
1843 4394 1964 4463 ἡδυ-

2074 4390 2350 4460 Elargitus
2378 4390 2563 4459 itaque
2609 4387 2664 4441 in
2694 4400 2791 4442 eos
2816 4383 2912 4454 qui
2942 4383 2998 4438 in
3033 4394 3258 4436 carcere
3304 4389 3497 4433 essent
3532 4389 3661 4428 mu~

395 4472 533 4543 νήθη
561 4473 656 4527 καὶ
676 4471 853 4545 λάθρα
882 4475 1247 4546 ωνομιλῆσαι
1268 4477 1346 4550 τῷ
1377 4481 1637 4555 Μανουὴλ
1668 4484 1763 4539 καὶ
1786 4485 1972 4543 δοῦναι

396 4564 547 4637 αὐτῷ
583 4565 677 4619 τόν
721 4567 1101 4640 ἐνυπόγραφον
1142 4570 1304 4640 λόγον
1337 4573 1433 4626 καὶ
1468 4573 1529 4628 τὸ
1576 4575 1849 4645 φυλακτδν
1874 4578 1968 4634 τοῦ

399 4657 685 4728 βασιλέως.
740 4660 851 4715 Καὶ
902 4664 932 4715 ό
987 4662 1087 4732 μὲν
1146 4664 1305 4720 τοῦτο
1342 4665 1555 4739 πράξας
1602 4669 1967 4743 ὑπέστρεψεν,

396 4752 729 4822 άναγγείλας
759 4752 840 4825 τῷ
888 4754 1106 4826 βασιλεῖ
1152 4757 1255 4812 ὅσα
1287 4758 1652 4832 διεπράξατο*
1690 4766 1719 4817 ὁ
1762 4764 1821 4819 δὲ
1854 4768 1972 4821 Μα-

395 4842 559 4913 νουὴλ
592 4843 885 4915 ἐξαιτήσας
907 4848 998 4900 τὸν
1025 4847 1406 4921 ’Δμερουμνῆν
1433 4852 1528 4907 τοῦ
1564 4854 1799 4921 ἐξελθεῖν
1827 4859 1972 4914 κατὰ

396 4934 583 5000 ιθνους
617 4936 765 5002 τινος
813 4938 1076 5010 πολεμίου
1111 4943 1296 5008 autcf;
1328 4944 1489 5016 ἔτυχε
1536 4946 1637 5019 τῆς
1677 4949 1970 5020 αἰτήσεως,

397 5028 491 5083 καὶ
513 5027 695 5083 λαϐὼν
724 5028 820 5085 τὸν
852 5029 948 5084 τοῦ
982 5032 1330 5107 Ἀμερουμνῆ
1377 5037 1495 5092 υἰδν
1532 5040 1628 5093 καὶ
1659 5040 1785 5096 λαὸν
1814 5043 1971 5096 πλεῖ-

397 5138 525 5176 στον
566 5121 780 5194 ἀπῆλθε
832 5123 928 5178 καὶ
974 5124 1133 5195 νίκην
1195 5128 1444 5200 μεγάλην
1488 5132 1806 5203 εἰργάσατο,
1861 5137 1972 5191 Καὶ

395 5214 572 5281 τούτῳ
600 5213 661 5266 ἐν
691 5211 902 5284 μείζονι
938 5217 1075 5289 τιμῇ
1106 5217 1247 5287 ὑπὲρ
1274 5217 1336 5270 τὸ
1375 5218 1591 5290 πρῶτον
1620 5221 1967 5292 καθίσταται,

397 5305 491 5359 καὶ
545 5303 723 5359 πάντα
769 5297 841 5376 ἦν
883 5305 1045 5370 αὐτὸς
1100 5309 1250 5378 παρὰ
1288 5307 1368 5379 τῷ
1408 5308 1751 5383 ’Ᾱμερουμνῇ
1810 5312 1968 5365 δυνά.

400 5414 578 5470 μενος.

471 5664 556 5733 ιβ’.
603 5662 769 5719 ’σθεν
818 5664 955 5737 ἔχων
986 5668 1240 5736 φροντίδα
1272 5670 1473 5744 πολλὴν
1517 5671 1608 5726 τοῦ
1649 5672 1883 5737 ἐξελθεῖν
1913 5678 1968 5731 ἐν

2074 4502 2232 4550 nera,
2266 4499 2336 4539 ac
2358 4481 2773 4555 protosymbulo
2801 4492 2986 4533 coram
3022 4475 3282 4537 salutato,
3311 4471 3452 4526 clam
3485 4472 3666 4523 etiam

2076 4592 2201 4631 cum
2225 4573 2475 4629 Manuele
2504 4583 2814 4627 sermonem
2837 4568 3067 4622 miscere
3097 4562 3297 4635 potuit,
3330 4562 3492 4632 eique
3521 4559 3656 4615 sub-

2076 4667 2337 4738 scriptam
2390 4664 2741 4734 imperatoris
2772 4659 3086 4716 securitatis
3115 4656 3278 4711 fidem
3319 4665 3663 4717 erucemque

2076 4760 2252 4830 ipsius
2281 4756 2618 4829 pectoralem
2653 4751 3003 4809 contradere.
3036 4750 3248 4817 Quibus
3289 4747 3381 4802 ille
3415 4744 3666 4815 peractis-

2076 4863 2337 4903 reversus
2373 4854 2479 4912 est,
2509 4845 2773 4899 nuntians
2818 4840 3139 4913 imperatori
3170 4850 3513 4909 quaecunque
3546 4834 3653 4899 ipsi

2074 4948 2227 5014 gesta
2256 4946 2461 4996 essent.
2487 4938 2659 4993 Porro
2688 4934 2902 4991 Mauuel
2936 4934 3120 4991 oblata
3142 4932 3489 4988 Amerumnm
3506 4937 3649 4997 βου-η

2077 5034 2247 5099 tione,
2276 5041 2338 5087 ut
2362 5032 2559 5087 liceret
2594 5033 2647 5088 ei
2688 5029 2954 5086 adversus
2998 5038 3217 5100 gentem
3241 5025 3533 5097 quamdam
3576 5022 3655 5075 iis

2076 5125 2340 5183 infensam
2362 5124 2664 5191 exire,voti
2692 5138 2916 5194 compos
2944 5123 3175 5177 effectus
3194 5129 3299 5175 est.
3326 5120 3653 5185 Assumpto-

2075 5233 2184 5289 que
2240 5218 2588 5273 Amerumna:
2642 5216 2756 5271 ﬁlio
2798 5217 3067 5287 longeque
3105 5213 3330 5283 copioso
3374 5209 3654 5270 exercitur

2072 5304 2373 5376 profectus,
2400 5306 2609 5377 ingenti
2632 5306 2840 5377 potitus
2865 5305 3095 5361 victoria
3124 5312 3242 5368 est;
3266 5316 3375 5373 quo
3404 5300 3659 5355 facinore;

2075 5399 2133 5453 in
2161 5400 2356 5470 majori
2390 5414 2553 5469 quam
2606 5400 2765 5470 prius
2810 5398 3045 5455 habetur
3092 5397 3272 5469 pretio
3298 5414 3312 5463 ;
3338 5410 3443 5451 nec
3483 5393 3657 5464 Quili-

2074 5505 2236 5561 quam
2264 5501 2382 5547 erat
2410 5491 2556 5565 quod
2580 5490 2734 5563 apud
2760 5490 3156 5558 ,Amerumucm
3191 5493 3313 5564 ejus
3339 5488 3510 5561 gratia
3539 5501 3661 5541 non

2079 5593 2281 5653 posset.

2155 5675 2239 5729 12.
2272 5675 2407 5731 Cum
2436 5677 2620 5747 itaque
2662 5677 2812 5749 gravi
2843 5693 2974 5734 cura
3021 5687 3301 5734 teneretur
3340 5687 3401 5735 ut
3441 5690 3507 5737 ad
3542 5682 3650 5741 R0-
