4090 6022
377 213 480 276 867

1633 204 1966 267 GEORGII
2007 203 2358 265 MONACHI

3541 191 3653 263 868

373 322 771 394 tospatltarius,
808 321 1072 376 Craterus
1097 320 1411 386 eunuchus,
1455 317 1717 375 Callistus
1751 328 1960 389 quoque

2076 313 2376 376 Κάλλιστος
2404 310 2781 385 τουρμάρχης,
2817 312 2910 368 καὶ
2948 311 3363 377 Κωνσταντῖνος
3391 313 3665 384 δρουγγάε

370 414 650 478 tribunus,
700 425 755 466 et
796 407 1193 467 Constantinus
1246 407 1598 479 dmngarius,
1658 413 1715 462 et
1771 404 1960 460 Basoes

2074 418 2211 478 ριος,
2252 405 2348 461 καὶ
2376 403 2638 476 Βασόηςό
2665 405 2804 476 δρομ
2843 427 2926 471 ος,
2984 404 3082 458 καὶ
3138 403 3288 459 ἄλλοι
3333 405 3519 459 πολλοὶ
3570 405 3665 459 καὶ

372 523 604 571 cursor,
661 506 864 575 aliique
909 503 1108 570 multi,
1168 509 1335 573 atque
1386 500 1646 556 ordinum
1701 496 1965 570 praefecti.

2072 497 2331 570 ἄρχοντες
2362 496 2474 552 τῶν
2498 496 2820 568 ταγμάτων·
2847 491 2899 549 οἳ
2926 494 3082 568 παρὰ
3106 496 3202 551 τοῦ
3231 496 3667 569 πρωτοσυμϐούρ

375 598 440 651 lli
479 613 604 651 cum
649 605 981 667 cogerentur
1008 611 1040 649 a
1073 593 1494 665 protosymbulo
1525 601 1587 646 ut
1625 589 1788 645 lldem
1813 603 1960 644 suam

2072 590 2167 645 λου
2213 588 2655 659 ἀναγκασθέντες
2703 590 3052 661 ἀρνήσασθαι
3091 589 3194 660 τὴν
3225 588 3408 644 αὐτῶν
3455 592 3662 658 πίστιν,

369 698 656 758 negarent,
690 703 792 741 nec
815 688 868 740 in
890 688 1012 758 ejus
1041 685 1373 741 sententiam
1399 683 1598 739 adduci
1628 682 1965 753 potuissent,

365 782 550 852 gladio
585 790 714 835 sunt
757 779 1154 846 animadversi,
1192 793 1257 834 ac
1293 794 1394 849 pro
1425 778 1591 849 hujus
1631 773 1820 831 saeculi
1854 774 1966 829 vita

364 875 550 944 adepti
576 883 860 929 aeternam.

431 967 600 1037 806
647 965 739 1021 Ξῖ).
769 962 872 1031 Qui
914 976 1096 1019 autem
1125 962 1278 1033 turpi
1325 962 1502 1018 salute
1532 960 1963 1032 pulcherrimam

361 1057 748 1120 commutavit,
800 1054 1003 1110 Leonis
1043 1053 1358 1125 philosophi
1410 1053 1740 1122 discipulus,
1790 1062 1847 1108 et
1893 1049 1962 1105 ad

363 1152 756 1203 Amerumnem
808 1145 1041 1210 defecit,
1091 1143 1464 1214 interrogatus
1511 1143 1582 1196 ab
1630 1157 1696 1199 eo
1749 1142 1817 1195 de
1863 1156 1962 1195 sua

359 1241 593 1294 scicntia
649 1238 981 1308 discipulum
1062 1249 1122 1290 se
1174 1235 1316 1290 dixit
1371 1233 1572 1288 Leonis
1621 1232 1957 1304 philosophi.

359 1332 598 1402 Cognito
627 1347 761 1386 vero
796 1331 921 1399 quis
963 1337 1021 1383 et
1053 1327 1234 1398 qualis
1263 1337 1410 1382 esset
1442 1326 1574 1387 Leo,
1621 1341 1749 1381 eum
1779 1327 1958 1398 ipsum

360 1425 554 1480 videre
591 1422 858 1492 ‘cupivit;
899 1420 1155 1490 datisque
1203 1418 1423 1473 cuidam
1469 1418 1816 1488 captivorum
1867 1418 1960 1472 lit-

360 1516 495 1570 teris
541 1513 712 1570 Leoni
764 1513 1098 1584 [‘s'lllOSOpllo
1143 1510 1358 1580 Cpolim
1402 1510 1629 1574 scribit,
1677 1509 1958 1580 pollicitus

359 1609 415 1660 in
469 1607 680 1661 honore
728 1602 872 1672 apud
919 1617 978 1656 se
1017 1601 1374 1664 habiturum,
1423 1599 1467 1654 si
1516 1600 1678 1654 modo
1716 1600 1784 1653 ad
1829 1615 1955 1656 eum

2071 681 2165 736 καὶ
2214 681 2373 736 τοῦτο
2424 681 2501 752 μὴ
2547 681 2885 746 πεισθέντες,
2932 681 3080 751 ξίφει
3115 682 3215 746 τὰς
3250 681 3497 751 κεφαλὰς
3555 684 3667 737 ἀπο

2080 774 2426 847 ετμήθησαε·,
2473 775 2598 828 ἀντὶ
2651 776 2753 845 τῆς
2781 777 3066 848 παρούσης
3113 774 3266 846 ζωῆς
3311 776 3411 847 τὴν
3446 775 3666 831 αἰώνων

2067 868 2563 938 ἀπαλλαξάμενοι.

2140 967 2246 1028 κγ’.
2292 959 2352 1014 '0
2383 960 2441 1014 δὲ
2474 960 2578 1033 τὴν
2629 961 2865 1032 αἰσχρὰν
2907 959 3189 1033 σωτηρίαν
3227 964 3329 1035 τῆς
3365 962 3664 1035 καλλίστης

2067 1051 2570 1124 ἀνταλλαξάμενος,
2616 1056 2645 1107 6
2676 1054 2772 1107 τοῦ
2818 1053 3114 1123 φιλοσόφου
3145 1056 3378 1119 Λέοντος
3412 1056 3665 1128 μαθητὴς

2065 1143 2367 1214 προσφυεὶς
2392 1147 2472 1216 τῷ
2496 1143 2845 1219 ’Ᾱμερουμνῇ
2875 1148 3135 1219 ἠρωτήθη
3166 1149 3298 1219 παρ’
3327 1148 3498 1203 αὑτοῦ
3530 1147 3664 1220 περὶ

2065 1237 2163 1304 τῆς
2216 1237 2533 1307 ἐπιστήμης
2585 1239 2776 1293 αὑτοῦ.
2837 1239 2896 1292 ὐ
2937 1239 2996 1293 δὲ
3049 1238 3172 1293 εἷπε
3225 1241 3475 1314 μαθητὴς
3515 1238 3661 1296 εἶναι

2063 1324 2156 1378 τοῦ
2187 1324 2482 1394 φιλοσόφου
2518 1327 2768 1393 Λέοντος.
2798 1321 2970 1393 Οὗτός
2993 1345 3076 1392 τε,
3107 1330 3259 1393 ὅστις
3288 1332 3318 1383 6
3349 1331 3505 1385 Λέων
3537 1330 3660 1384 ἐστὶ

2063 1414 2157 1468 καὶ
2197 1408 2306 1479 οἷος
2338 1415 2550 1484 μαθὼν,
2579 1415 2743 1471 αὐτὸν
2776 1418 3043 1490 ἐπεθύμει
3089 1420 3298 1474 ἐκεῖνον
3346 1422 3496 1476 ἰδεῖν.
3545 1423 3661 1476 Καὶ

2058 1506 2122 1576 δή
2153 1524 2262 1561 τινι
2298 1509 2408 1562 τῶν
2438 1509 2804 1580 αἰχμαλώτων
2824 1511 2953 1575 δοὺς
2974 1513 3282 1584 γράμματα
3313 1515 3451 1585 πρὸς
3484 1517 3655 1569 Λέον-

2058 1618 2126 1653 τα
2146 1600 2237 1653 τὸν
2269 1603 2562 1674 φιλόσοφον
2601 1604 2924 1660 ἀπέστειλεν
2955 1608 3014 1661 ἐν
3044 1609 3656 1675 Κωνσταντινουπόλει,

361 1695 635 1768 proﬁcisci
685 1694 794 1748 Leo
852 1693 909 1747 in
958 1693 1204 1745 animum
1257 1692 1558 1746 induxerit.
1589 1690 1702 1746 Leo
1749 1702 1958 1756 autem,

2065 1694 2440 1766 ὑποσχόμενος
2497 1697 2670 1769 αὐτῷ,
2721 1702 2772 1752 ει
2819 1699 3018 1774 ἐξέλθῃ
3061 1702 3091 1754 6
3135 1703 3299 1765 αὐτὸς
3343 1703 3528 1770 Λέων,
3555 1702 3657 1758 ἀπ’

361 1788 608 1859 acceptis
656 1786 889 1850 litteris,
935 1785 1261 1853 veritusque
1305 1799 1376 1839 ne
1419 1783 1561 1839 forte
1609 1785 1662 1837 in
1716 1784 1953 1854 impera-

363 1883 499 1937 toris
550 1881 805 1935 notitiam
847 1879 1088 1942 veniret,
1137 1877 1206 1931 ad
1251 1877 1637 1946 imperatorem
1682 1877 1959 1947 TbeOphi-

363 1977 476 2029 lum
524 1973 732 2028 retulit.
781 1973 854 2038 Is,
894 1975 1014 2043 ejus
1053 1970 1298 2026 scientia:
1348 1969 1665 2040 pnestantia
1715 1971 1954 2042 cognita,

365 2077 639 2135 tantaeque
689 2065 976 2135 sapientia:
1029 2063 1213 2116 virum
1266 2077 1325 2117 se
1381 2063 1434 2116 in
1472 2061 1695 2116 civitate
1728 2061 1956 2130 habere,

363 2166 706 2226 assumptum
751 2170 880 2208 cum
935 2153 990 2207 in
1051 2153 1362 2223 Magnaura:
1419 2152 1626 2221 palatio
1687 2151 1956 2214 habebat,

363 2249 583 2302 traditis
616 2255 672 2300 et
704 2245 1019 2314 discipulis,
1063 2258 1204 2312 quos
1238 2241 1486 2306 doceret,
1519 2257 1643 2310 quae
1687 2242 1754 2296 ad
1798 2257 1958 2296 usum

361 2348 547 2396 essent
567 2357 631 2393 ac
660 2339 1014 2408 obsequium,
1046 2336 1234 2390 omnia
1266 2335 1540 2389 tribuens.
1569 2334 1669 2390 Hic
1694 2343 1752 2389 et
1782 2333 1957 2388 Thes-

363 2434 617 2489 salonicae
643 2432 997 2501 metropolita
1023 2429 1145 2483 fuit.

429 2609 518 2664 24.
542 2608 692 2664 Idem
731 2608 1034 2678 imperator
1077 2606 1457 2662 Triconchum
1488 2606 1726 2661 mdiﬁcat
1770 2608 1824 2660 in
1859 2623 1960 2676 pa-

366 2701 519 2765 latio,
557 2708 614 2755 et
651 2702 800 2770 quod
835 2700 1019 2771 Sigma
1054 2707 1297 2763 vocant;
1346 2697 1552 2768 gradus
1586 2712 1829 2768 quoque,
1865 2698 1957 2753 ubi

362 2795 537 2848 erecti
581 2803 712 2848 sunt
747 2794 842 2862 qui
868 2791 1018 2847 demi
1049 2790 1417 2860 appellantur,
1446 2800 1695 2846 statuens
1723 2799 1780 2844 et
1802 2791 1960 2860 phia-

364 2889 510 2953 lam,
572 2888 628 2940 in
683 2903 792 2957 qua
849 2887 910 2940 ﬁt
957 2884 1107 2954 quod
1165 2892 1367 2939 vocant
1431 2883 1959 2947 Saximodeximum,

365 2980 789 3034 transeuntibus
869 2977 1173 3032 factionum
1237 2976 1398 3044 equis
1462 2975 1715 3031 instratis
1773 2977 1961 3032 aureis

364 3073 643 3140 stragulis.
710 3070 825 3124 Sub
876 3070 1188 3122 'l‘riconcho
1247 3082 1381 3122 vero
1443 3067 1637 3121 subter
1703 3067 1960 3122 machina

363 3163 597 3232 gradum
665 3162 798 3215 fecit
873 3161 1240 3231 mysterium,
1328 3160 1386 3213 iu
1457 3160 1619 3230 cujus
1693 3174 1805 3213 uno
1863 3174 1966 3213 an-

367 3257 496 3326 gulo
563 3253 835 3324 quidquid
906 3253 1112 3323 aliquis
1181 3251 1404 3315 dixerit,
1466 3251 1611 3306 clare
1679 3251 1736 3306 in
1792 3251 1967 3307 altero

365 3348 608 3402 audﬂur.

436 3439 527 3494 25.
603 3438 777 3493 Porro
849 3451 975 3491 cum
1046 3436 1336 3491 didicisset
1409 3436 1554 3491 idem
1623 3435 1966 3505 Theophilus

365 3532 398 3582 ’ῐ
412 3530 762 3600 he0phanetn
788 3529 1019 3600 ejusque
1043 3543 1368 3599 germanum
1395 3527 1773 3591 Theodorum,
1815 3529 1966 3596 ipsos

366 3639 554 3679 secum
591 3632 842 3691 agentes,
884 3621 1032 3675 illius
1083 3615 1426 3690 impietatem
1474 3619 1765 3674 traducere
1798 3619 1964 3690 807

366 3729 430 3768 ac
486 3728 822 3783 coarguere,
870 3713 1099 3766 mittens
1153 3728 1281 3768 cum
1342 3713 1421 3766 ira
1486 3711 1554 3765 ad
1613 3727 1671 3766 se
1723 3727 1821 3766 eos
1863 3712 1962 3765 ad-

366 3809 554 3874 duxit,
602 3807 835 3862 dicens:
876 3807 1153 3861 Undenarn
1201 3806 1366 3860 estis?
1410 3805 1679 3859 Dixerunt
1727 3806 1839 3858 illi:
1881 3804 1965 3859 Ea:

370 3899 682 3956 Palwstina.
734 3898 949 3964 Quibus
979 3899 1407 3954 scelestissimus
1454 3899 1546 3953 ille
1586 3917 1598 3950 :
1648 3897 1789 3964 Quid
1842 3916 1963 3954 vero

366 4010 539 4050 causa:
569 4004 643 4048 est
677 4011 770 4047 cur
805 3994 986 4048 relicta
1020 3995 1220 4064 patria,
1263 3993 1333 4047 ad
1362 4001 1602 4047 nostram
1626 3995 1762 4048 hanc
1799 3992 1966 4048 delati

366 4088 643 4150 ditionem,
685 4102 788 4139 non
832 4102 1030 4139 morem
1060 4086 1240 4156 geritis
1281 4102 1411 4140 mea:
1479 4087 1799 4155 majestati?
1827 4085 1963 4152 Qui-

369 4182 474 4232 lius
539 4178 678 4233 nihil
737 4177 1237 4248 respondentibus,
1291 4179 1460 4250 jussit
1517 4178 1712 4232 durius
1770 4193 1964 4233 eorum

368 4271 539 4325 facies
590 4269 768 4334 caedi;
835 4270 1154 4339 taureisque
1205 4269 1272 4324 ad
1326 4279 1562 4325 mortem
1605 4284 1779 4339 usque
1826 4285 1961 4324 con-

2059 1787 2273 1842 ὲκείνου
2304 1791 2468 1844 αὑτὸν
2520 1787 2661 1846 εἶναι
2694 1794 2752 1846 ὲν
2791 1795 2950 1866 τιμῇ.
3009 1793 3067 1845 '0
3099 1794 3256 1848 Λέων
3281 1795 3339 1847 δὲ
3364 1795 3447 1855 ¹ιιιά
3476 1796 3663 1868 γράμο

2062 1897 2211 1949 ματα
2256 1883 2570 1949 ἀπολαϐὼν,
2624 1885 2722 1939 καὶ
2787 1886 3051 1956 φοὸηθεὶς
3103 1887 3273 1958 μήπω
3325 1887 3658 1959 διαγνωσθῇ.

2060 1975 2306 2045 ἀνήγαγε
2339 1976 2517 2032 ταῦτα
2547 1978 2794 2050 Θεοφίλῳ
2826 1980 2905 2050 τῷ
2928 1980 3161 2049 βασιλεῖ.
3197 1981 3258 2034 '0
3303 1979 3360 2033 δὲ
3398 1981 3564 2049 γνοὺς
3587 1981 3658 2034 τὰ

2060 2066 2161 2136 τῆς
2209 2069 2525 2140 ἐπιστήμης
2570 2071 2762 2136 αὑτοῦ,
2796 2069 2888 2143 [Ρ.
2940 2070 3072 2144 524]
3131 2073 3230 2126 καὶ
3279 2071 3365 2126 ὅτι
3416 2073 3659 2125 τοιοῦτον

2063 2159 2226 2227 σοφὸν
2258 2159 2427 2231 ἄνδρα
2467 2163 2525 2214 ὲν
2575 2165 2643 2233 τῇ
2688 2162 2939 2236 πολιτείᾳ
2967 2163 3137 2218 αὐτοῦ
3164 2163 3300 2236 ἔχει,
3351 2163 3662 2234 προσλαϐό-

2066 2268 2228 2318 μενος
2256 2255 2420 2307 αὑτὸν
2451 2251 2599 2325 εἶχεν
2648 2257 2708 2309 ἐν
2761 2256 2840 2326 τῷ
2883 2256 3134 2326 παλατιῳ
3168 2256 3246 2326 τῷ
3274 2257 3642 2329 Μαγναύρας,

2063 2343 2338 2411 παραδοὺς
2381 2345 2533 2414 αὐτῷ
2587 2347 2865 2400 διδάσκειν
2930 2347 3026 2399 καὶ
3078 2347 3350 2418 μαθητὰς,
3396 2348 3660 2420 παρέχων

2064 2434 2214 2506 αὐτῷ
2243 2436 2310 2489 τὰ
2355 2441 2490 2506 πρὶς
2523 2440 2832 2510 ὑπηρεσίαν
2865 2441 3104 2494 ἆπαντα’
3148 2440 3209 2505 ὃς
3240 2441 3334 2495 καὶ
3377 2456 3657 2513 μητροπο-

2062 2527 2217 2596 λίτης
2247 2529 2305 2580 ὲν
2334 2530 2711 2604 Θεσσαλονίκῃ
2736 2534 2982 2600 γέγονεν.

2133 2619 2235 2675 κδ’.
2282 2620 2341 2674 Ὀ
2395 2621 2440 2673 δ’
2468 2622 2632 2686 αὐτὸς
2679 2625 2858 2686 κτίζει
2911 2625 2972 2678 τὸ
3004 2625 3312 2695 Τρικογχον
3342 2625 3404 2678 δν
3433 2623 3514 2696 τῷ
3548 2641 3655 2677 m-

2063 2711 2233 2783 λατίῳ
2262 2714 2357 2767 καὶ
2385 2715 2447 2767 τὸ
2495 2714 2791 2786 λεγόμενον
2824 2717 3030 2786 Σῖγμα,
3069 2719 3164 2772 καὶ
3198 2717 3299 2780 τὰς
3336 2716 3658 2786 άναὸάθρας

2064 2801 2195 2855 ἔνθα
2227 2803 2277 2854 οἱ
2315 2802 2480 2872 δῆμοι
2510 2803 2780 2867 ἵστανται,
2820 2805 3030 2874 στήσας
3059 2805 3158 2859 καὶ
3187 2805 3390 2875 φιάλην
3419 2797 3536 2876 ὲνῇ
3565 2802 3656 2872 γε-

2064 2911 2213 2948 νεται
2239 2894 2302 2948 τὸ
2333 2895 2751 2966 σαξιμοδέξιμον
2784 2897 3104 2967 λεγόμενον,
3121 2898 3231 2950 τῶν
3255 2898 3444 2949 ἵππων
3471 2897 3657 2966 ἀμφο-

2063 2986 2237 3058 τέρων
2285 2987 2397 3040 τῶν
2452 2989 2637 3059 μερῶν
2667 2990 3037 3058 διερχομένων
3073 2991 3214 3060 μετὰ
3252 2989 3472 3060 χρυσῶν
3502 3003 3659 3056 σαγιη

2071 3082 2315 3149 σμάτων.
2354 3081 2492 3133 Ὑπὸ
2537 3081 2597 3134 δὲ
2638 3082 2702 3134 τὸ
2747 3083 3057 3154 Τρίκογχον
3091 3083 3339 3137 κάτωθεν
3359 3081 3450 3135 διὰ
3473 3099 3659 3152 μηχαο

2068 3171 2164 3241 νῆς
2195 3172 2419 3241 ἐποίησε
2468 3173 2530 3224 τὸ
2563 3173 2885 3244 Μυστήριον
2908 3213 2923 3234 ,
2952 3176 3011 3226 ὲν
3037 3169 3084 3243 ᾧ
3111 3177 3184 3245 τῇ
3220 3175 3321 3245 μιᾷ
3352 3173 3528 3244 γωνίᾳ
3559 3171 3656 3226 ἐὰν

2068 3259 2216 3313 εἴποι
2241 3278 2346 3327 τις,
2376 3260 2700 3324 ἐξακούεται
2735 3264 2795 3315 ὲν
2838 3266 2905 3334 τῇ
2940 3263 3127 3337 ἑτέρᾳ.

2139 3452 2238 3500 κε’.
2273 3443 2483 3498 Μαθὼν
2513 3445 2570 3497 δὲ
2599 3445 2763 3508 αὐτὸς
2797 3445 2825 3498 6
2863 3443 3125 3513 Θεόφιλος
3167 3445 3252 3498 ὅτι
3279 3443 3564 3514 Θεοφάνης
3590 3460 3654 3498 τε

2067 3535 2163 3588 καὶ
2207 3534 2483 3608 Θεόδωρος
2537 3539 2566 3590 6
2619 3537 2957 3606 αὐτάδελφος
3019 3537 3209 3602 αὐτοῦ,
3257 3537 3382 3591 καθ’
3425 3538 3654 3600 ἑαυτοὺς

2067 3625 2290 3694 ζῶντες,
2316 3629 2417 3699 τὴν
2452 3629 2710 3683 ἀσέῦειαν
2743 3631 2909 3684 αὑτοῦ
2941 3631 3270 3700 κωμῳδοῦσι
3319 3632 3415 3685 καὶ
3443 3632 3654 3701 διελέγ-

2067 3739 2275 3791 χουσιν,
2327 3724 2658 3786 ἀποστείλας
2685 3725 2802 3794 μετ’
2845 3725 3015 3794 ὀργῆς
3046 3726 3252 3797 ἤγαγεν
3280 3726 3482 3791 αὐτοὺς
3515 3726 3654 3797 πρὸς

2067 3815 2282 3879 ἑαυτὸν,
2311 3814 2483 3869 εἰπὼν
2513 3816 2641 3870 τάδε
2662 3833 2674 3845 ‘
2712 3817 2903 3871 Πόθεν
2946 3818 3130 3883 ἐστέ;
3164 3820 3225 3873 Ol
3246 3819 3304 3872 δὲ
3341 3815 3514 3873 εἷπον
3557 3819 3654 3872 Ἐκ

2068 3909 2506 3975 Παλαιστίνης.
2544 3910 2604 3962 '0
2625 3909 2682 3962 δὲ
2706 3911 3009 3982 ἀλιτήριος·
3041 3914 3154 3966 Kal
3184 3913 3283 3967 διὰ
3312 3913 3371 3966 τί
3393 3912 3510 3980 τὴν
3534 3909 3655 3981 τῆν

2064 3997 2234 4068 ὑμῶν
2256 3997 2514 4067 ἀφέντες
2548 4001 2646 4053 καὶ
2689 4003 2776 4066 εἰς
2803 4001 2919 4068 τὴν
2949 4003 3246 4072 ἡμετέραν
3269 4003 3555 4068 ἐλθόντες
3579 4004 3652 4057 οὐ

2066 4091 2438 4161 πειθαρχεῖτε
2485 4092 2561 4160 τῇ
2605 4094 2899 4161 βασιλείᾳ
2950 4094 3158 4164 ήμῶν;
3207 4095 3332 4149 Τῶν
3372 4095 3431 4148 δὲ
3481 4096 3652 4167 μηδὲν

2066 4184 2529 4256 ἀποκριναμένων
2558 4185 2829 4255 ἐπέτρεψε
2861 4185 3122 4240 παίεσθαι
3151 4186 3251 4251 τὰς
3285 4186 3437 4256 ὄψεις
3471 4186 3653 4242 αὐτῶν

2067 4276 2336 4348 σφοδρῶς.
2368 4273 2502 4329 Εῐτα
2527 4276 2664 4346 μετὰ
2685 4277 2844 4330 τοῦτο
2864 4277 3239 4350 βουνευρήσας
3264 4280 3466 4342 αὐτοὺς
3488 4278 3653 4351 μέχρι

368 4362 578 4424 scissis,
619 4375 746 4416 cum
792 4361 983 4416 lurore
1016 4376 1321 4431 asperaque
1373 4378 1504 4418 voce
1541 4363 1611 4418 ad
1647 4362 1960 4434 praelectum

2069 4368 2326 4434 θανάτου,
2354 4368 2496 4438 μετᾶ
2535 4368 2712 4438 θυμοῦ
2745 4369 2840 4422 καὶ
2871 4371 3136 4442 τραχείας
3175 4371 3364 4441 φωνῆς
3391 4372 3532 4440 πρὸς
3561 4371 3654 4424 τὸν

369 4456 486 4507 ait:
527 4454 668 4509 Tolle
710 4471 794 4508 eos
832 4457 887 4508 in
934 4456 1264 4524 pm'lorium,
1309 4463 1354 4508 rt
1397 4458 1565 4511 scribe
1616 4473 1797 4510 eorum
1838 4454 1956 4510 vul-

370 4557 474 4612 tus,
518 4553 668 4601 hosce
711 4548 817 4602 illis
874 4549 1173 4618 insculpcns
1206 4564 1424 4602 uersus:

511 4722 725 4778 Cunctis
752 4739 870 4776 eam
898 4723 1078 4777 urbem
1107 4723 1269 4778 visere
1293 4724 1660 4793 exaptantibus

515 4879 797 4942 ijssimi
829 4896 989 4948 quam
1022 4878 1218 4933 Christi
1252 4888 1555 4946 pressrrunt
1589 4881 1762 4950 pedes,

512 4950 690 5004 Totius
718 4952 857 5003 orbis
887 4951 1029 5003 unde
1056 4953 1292 5004 manavit
1325 4950 1497 5013 salus,

510 5019 679 5092 Sacro
711 5020 821 5072 loco
845 5021 931 5072 isti
963 5037 1091 5073 vasa
1111 5022 1371 5090 conspecti
1404 5021 1668 5092 improba,

515 5091 913 5160 Superstitionis
939 5106 1118 5143 errore
1142 5105 1204 5143 ca:
1238 5091 1532 5160 incredula,

513 5161 795 5230 Multisque
826 5162 978 5228 factis
1003 5161 1268 5230 inquinati
1298 5163 1564 5231 turpibus,

512 5235 784 5302 Apostatcc
805 5232 944 5284 velut
978 5231 1156 5283 relicto
1183 5233 1304 5284 inde
1327 5234 1533 5301 procul,

513 5303 582 5356 Sc
603 5303 890 5364 contulere,
923 5317 1041 5354 mox
1067 5303 1120 5355 in
1148 5303 1329 5370 urbcnt
1361 5303 1569 5372 fugiunt
1594 5321 1610 5357 .'

515 5373 712 5427 Tamen
747 5374 976 5439 nefanda
997 5388 1100 5424 non
1128 5372 1312 5425 relicta
1351 5377 1606 5436 unwntia,

516 5442 667 5513 Notis
699 5453 917 5513 perusta
953 5444 1145 5510 fronte,
1178 5459 1322 5494 more
1346 5446 1601 5505 sontium,

517 5512 970 5581 Coudcnmutiquc
1000 5529 1180 5566 rursus
1210 5523 1415 5567 vertunt
1447 5513 1640 5568 solum,

378 5672 632 5732 Addens:
679 5673 823 5729 Nihil
867 5675 961 5727 tibi
1003 5689 1145 5726 cura:
1187 5675 1275 5736 sit,
1323 5676 1532 5729 tametsi
1575 5692 1676 5728 non
1713 5676 1816 5730 sint
1851 5675 1956 5730 cle-

2068 4460 2316 4534 ὖπαρχον
2372 4463 2499 4532 ἔφη’
2551 4459 2730 4531 Ἆρον
2778 4463 3003 4529 αὐτοὺς
3051 4466 3140 4530 εις
3174 4462 3241 4517 τὸ
3273 4464 3654 4533 πραιτώριον,

2065 4556 2166 4612 και
2195 4553 2431 4626 γράψον
2452 4555 2522 4608 τὰ
2549 4555 2843 4624 πρόσωπα
2867 4555 3089 4623 αὐτῶν,
3109 4556 3461 4626 ἐγκαλύψας
3481 4556 3657 4612 τούσ-

2064 4644 2133 4700 δε
2162 4645 2304 4714 τοὺς
2332 4646 2586 4715 στίχους
2606 4659 2626 4678 ’

2207 4734 2458 4792 Πάντων
2497 4735 2850 4792 ποθούντων
2885 4737 3284 4809 προστρέχειν
3337 4736 3658 4866 31:12.13},

3414 4826 3598 4865 πολιν

2207 4876 2404 4951 Ὅπου
2443 4880 2738 4949 mitrarum
2757 4878 2866 4934 τοῦ
2897 4881 3048 4935 Θεοῦ
3062 4882 3267 4951 Λόγου
3297 4876 3481 4949 πόδες

2210 4950 2527 5022 Ἔστησαν
2556 4957 2645 5022 εις
2675 4953 2987 5006 σύστασιν
3013 4949 3122 5020 τῆς
3161 4949 3542 5022 οἰκουμένης,

2211 5021 2532 5087 Ὠφθησαν
2559 5021 2727 5082 οὗτοι
2755 5022 2837 5086 τῷ
2870 5023 3184 5090 σεϐασμίφ
3217 5021 3381 5089 τόκῳ

2211 5090 2410 5165 gusti];
2455 5097 2689 5165 πονηρὰ
2717 5091 2893 5165 [τῆς]
2917 5092 3365 5165 δεισιδαίμονος
3393 5094 3654 5164 πλάνης.

2219 5159 2454 5216 Ἐκεῖσε
2481 5159 2685 5219 πολᾶὰ
2720 5159 2946 5218 labier
2975 5161 3044 5226 ἐξ
3080 5159 3337 5230 ἀτοπίας

2209 5231 2802 5305 Πράξαντεςῖαὶσχρὰ
2825 5233 2997 5290 δεινὰ
3023 5233 3550 5305 δυσσεσοςρρόνως,

2222 5302 2504 5366 Ἐκεῖθεν,
2533 5305 2862 5371 ἠλάθησαν
2895 5306 2975 5370 ὡς
3010 5302 3369 5360 ἀποστάται.

2209 5372 2519 5445 Πρός-τὴν
2547 5379 2728 5431 πόλιν
2752 5375 2820 5430 δὲ
2852 5375 2957 5429 τοῦ
2991 5376 3248 5444 κράτους
3287 5375 3655 5445 πεφευγότες

2214 5445 2335 5517 οὐκ
2370 5444 2686 5515 ἐξιιφῆκην
2713 5449 2816 5512 τὰς
2848 5447 3166 5514 ἀθεμίτους
3194 5444 3440 5517 μωρίας.

2213 5516 2395 5567 Ὅθεν
2426 5517 2751 5584 τραφέντες
2786 5519 2867 5584 ὡς
2914 5516 3234 5586 κακουρτοὶ
3267 5518 3383 5583 τὴν
3406 5517 3550 5572 θέαν

2215 5588 2683 5655 Κατακρίνονται
2725 5589 2820 5641 καὶ
2861 5588 3175 5640 διώκονται
3203 5587 3415 5643 πάλιν.

2071 5676 2335 5748 Προσθεὶς
2378 5678 2458 5732 ὃτι
2497 5679 2621 5736 Κᾶν
2643 5681 2730 5751 μὴ
2772 5676 2883 5738 ὦσι
2923 5680 3119 5747 καλοὶ,
3146 5680 3232 5752 μή
3271 5695 3370 5734 σοι
3399 5682 3650 5751 μελέτω.
