4090 6022
575 189 687 256 885

1675 198 1872 260 νιΤ.-ιε
1911 197 2468 262 RECENTIORUM
2511 201 2718 262 IMPP.

3749 197 3858 262 886

574 299 671 358 τὸν
715 296 863 370 νοῦν,
915 304 1010 359 καὶ
1051 303 1158 362 ὑπὸ
1201 307 1519 382 ἐκπλήξεως
1563 307 1930 379 ἀφαιρεθεῖσα
1984 311 2082 365 καὶ
2105 309 2163 365 th

2269 308 2509 383 deiecta,
2541 309 2688 366 haud
2711 310 2845 366 satis
2865 326 2935 366 ex
2963 312 3052 366 sui
3080 313 3297 368 ratione
3323 327 3388 366 ac
3410 310 3679 383 dignitate
3718 327 3853 366 con~

573 399 814 468 φρονεῖν,
841 399 1040 466 ἀνάξια
1071 399 1277 471 ἑαυτῆς
1306 401 1730 468 κατασκευάζει,
1767 401 1967 476 βουλήν
2019 403 2167 458 κατά

575 484 760 560 Βάρδα
793 487 1181 564 βουλευομένη,
1211 494 1311 548 σὺν
1340 493 1562 560 πολλοῖς
1593 492 1691 554 καὶ
1715 493 1902 562 ἀλλοις
1958 494 2165 566 σχοῦσα

571 582 829 638 κοινωνὸν
855 584 951 639 καὶ
974 584 1072 640 τοῦ
1089 585 1360 658 βασιλέως
1383 587 1477 642 τὸν
1501 587 1988 660 πρωτοστράτορα,
2011 589 2166 656 ὅπως

573 673 983 747 ὑποστρέφοντα
1017 679 1229 750 Βάρδαν
1255 680 1366 735 ἀπὸ
1391 680 1488 736 τοῦ
1515 679 1842 752 προαστείου
1874 679 2038 736 αὐτοῦ
2066 680 2160 736 τοῦ

571 767 870 841 Κοσμιδξου
905 771 1281 846 ἀναιρήσωσιν
1303 773 1489 831 αὐτόν.
1520 771 1623 830 Ὧν
1647 777 1681 846 ἠ
1711 775 1912 848 μελέτη
1939 776 2048 849 πρὸ
2066 776 2164 831 τοῦ

571 858 737 933 ἔργου
769 864 1152 938 φανερωθεῖσα
1181 868 1317 922 κατ’
1345 869 1573 924 ἐκείνων
1599 870 1712 924 τῶν
1744 871 2163 947 μελετησάντων

568 954 631 1009 τδ
645 955 815 1010 κακὸν
839 958 1145 1031 ἐξενήνοχε·
1171 961 1522 1032 φωραθέντες
1549 960 1662 1036 γὰρ
1687 965 1782 1019 καὶ
1807 962 2170 1035 κατασχεθένο.

565 1064 662 1113 τες
712 1050 771 1104 ἐν
831 1054 899 1124 τῇ
970 1053 1233 1126 σφενδόνῃ
1276 1056 1378 1120 τὰς
1437 1055 1687 1128 κεφαλὰς
1734 1058 2157 1131 ἀπετμήθησαν.

568 1141 682 1196 Καὶ
709 1143 1078 1216 προϐάλλεται
1125 1147 1348 1220 Μιχαὴλ
1403 1147 1500 1204 τδν
1555 1148 1838 1205 Βασίλειον
1886 1151 2012 1206 ἀντὶ
2062 1151 2160 1207 τοῦ

565 1235 993 1308 τελευτήσαντος
1021 1243 1513 1313 πρωτοστράτορα,
1543 1243 1746 1315 ὁμοίως
1793 1261 1890 1298 και
1947 1244 2162 1318 Βάρδαν

564 1329 661 1388 τὸν
690 1329 836 1386 θεῖον
861 1333 1026 1388 αὖτοῢ
1061 1337 1500 1410 κουροπαλάτην.

640 1423 726 1479 ιε’.
758 1427 965 1482 "Eme:
991 1428 1116 1483 τότε
1134 1429 1283 1496 κόνις
1309 1431 1377 1486 ἐκ
1392 1432 1491 1487 τοῦ
1513 1431 1749 1506 οὐρανοῦ
1766 1433 2160 1505 κατενεχθεῖσα

566 1517 662 1572 lui.
691 1519 818 1585 τοὺς
844 1521 1127 1592 κεράμους
1164 1524 1484 1597 αἱματώδης
1526 1527 1744 1599 πλήρης
1771 1543 1788 1558 ·
1824 1527 1920 1582 καὶ
1972 1528 2161 1584 πολλοὶ

566 1607 830 1681 εὕρισκον
864 1610 1046 1679 λίθους
1071 1617 1133 1672 ὲν
1155 1618 1274 1684 ταῖς
1289 1617 1432 1682 ὁδοῖς
1462 1619 1494 1690 ἧ
1539 1620 1744 1690 κήποις
1791 1619 2058 1693 ἐρυθροίδς
2083 1622 2160 1686 ὡς

2265 401 2452 458 silium
2480 403 2587 458 init
2618 401 2887 458 adversus
2925 401 3183 469 Dardani,
3218 403 3344 460 aliis
3389 419 3610 474 quoque
3667 404 3860 458 inultis

2264 494 2546 550 communi
2583 494 2988 566 conjuratione,
3015 495 3232 551 socium
3293 495 3472 567 ipsum
3495 511 3718 566 quoque
3751 500 3857 549 im-

2263 585 2540 657 peratoris
2568 594 3038 658 protostratorem
3068 587 3304 645 habens.
3347 587 3407 642 ln
3428 603 3496 644 eo
3545 589 3859 659 conjuratio

2261 685 2386 734 erat
2418 686 2478 734 ut
2509 677 2743 734 Bardam
2769 673 3194 736 ex’suburbano
3210 694 3315 736 suo
3337 686 3740 743 revertentem,
3764 679 3854 734 cui

2261 770 2526 829 Cosmidii
2563 787 2789 837 nomen,
2819 771 3220 831 interficerent.
3262 775 3489 831 Detecta
3521 774 3854 838 reimolitio,

2264 861 2607 932 priusquam.
2643 876 2734 919 res
2777 871 3158 934 praestaretur,
3213 864 3486 922 adversus
3539 866 3690 937 ipsos
3757 867 3855 937 qui

2265 953 2440 1011 moliti
2463 963 2652 1011 essent
2674 955 2875 1016 avertit
2901 971 3125 1012 noxam.
3155 958 3497 1030 Deprehensi
3530 975 3773 1032 namque
3792 975 3859 1016 ac

2264 1048 2404 1102 tenti
2432 1047 2487 1102 in
2503 1047 2650 1105 Circi
2675 1049 2842 1105 funda
2859 1051 3042 1124 capita
3065 1061 3393 1122 posuerunt.
3411 1053 3674 1108 Basilium
3689 1053 3858 1126 824

2264 1139 2495 1195 Michael
2522 1141 2786 1199 exstincti
2815 1142 2940 1197 loco
2966 1153 3368 1214 prostratorem
3399 1142 3673 1215 prtelleit;
3703 1146 3859 1201 simi-

2261 1233 2391 1289 liter
2433 1234 2600 1289 etiam
2661 1235 2920 1306 Dat-dam,
2969 1238 3308 1296 avunculum
3347 1255 3534 1305 suum,
3560 1241 3857 1314 curopala-

2266 1335 2396 1382 tam.

2335 1419 2420 1475 15.
2448 1419 2666 1476 Cecidit
2695 1432 2827 1478 tunc
2857 1422 3042 1494 pulvis
3069 1440 3101 1479 e
3122 1424 3291 1492 cmlo,
3317 1423 3538 1482 delatus
3566 1427 3621 1481 in
3643 1427 3856 1496 tegulas

2262 1527 2327 1569 ac
2349 1513 2553 1568 lateres
2585 1522 2734 1570 totus
2758 1524 3052 1571 cruentus.
3082 1517 3298 1573 inventi
3331 1534 3362 1573 a
3404 1517 3594 1574 multis
3644 1519 3860 1588 lapides

2263 1605 2320 1661 in
2365 1607 2453 1662 via
2509 1617 2605 1662 aut
2642 1608 2823 1665 hortis
2854 1609 3014 1665 rubri
3066 1611 3272 1668 coloris
3324 1611 3507 1668 instar
3548 1611 3854 1684 sanguinis.

567 1695 731 1774 αἷμα.
775 1705 1150 1774 Προϐἀλλεται
1188 1709 1249 1764 δι
1296 1688 1517 1783 Μιχαὴλ
1564 1688 1872 1781 Ἀντίγονον
1910 1688 2006 1768 τὸν
2046 1713 2161 1769 υιδν

2266 1702 2498 1758 Michael
2528 1705 2870 1776 Antigonum
2911 1703 3103 1760 Bardae
3156 1705 3332 1761 filium
3389 1706 3709 1762 scholarum
3759 1705 3858 1763 do-

569 1799 749 1872 Βάρδα
765 1801 1087 1874 δομέστικον
1103 1805 1211 1860 τῶν
1221 1808 1450 1880 σχολῶν.
1469 1809 1576 1864 Τὸν
1587 1809 1644 1863 δὶ
1656 1809 1744 1864 Ere
1752 1827 1846 1882 ρον
1858 1810 1976 1865 tile
1990 1812 2159 1866 αὐτοῦ

563 1893 692 1957 δοὺς
723 1897 981 1964 γυναῖκα,
1008 1900 1090 1963 εις
1146 1901 1218 1973 ἢν
1245 1901 1344 1957 καὶ⁵
1403 1902 1746 1976 ιλοιδορεῖτο.
1791 1905 2160 1978 προϐάλλεται

569 1989 980 2062 μονοσράτηγον
993 1991 1106 2046 τῶν
1119 1994 1388 2051 Δυτικῶν.
1407 1996 1694 2066 Συντόμως
1713 1996 1771 2052 δὲ
1797 1997 1966 2056 αὐτοῦ
1977 2000 2161 2059 τελευ-

565 2078 852 2166 τήσαντος,
919 2084 988 2153 τῇ
1034 2083 1094 2138 δὲ
1159 2085 1257 2141 τοῦ
1307 2086 1736 2160 διακαινησίμου
1794 2092 2159 2166 προϐάλλεται

565 2165 785 2239 Μιχαὴλ
805 2169 1020 2243 mpm
1038 2173 1131 2229 τιν
1154 2175 1299 2232 θεῖον
1325 2179 1495 2234 αὐτοῦ
1527 2183 1801 2251 Καίσαρα·
1832 2165 1891 2250 ες
1913 2186 2010 2241 ἐπὶ
2062 2188 2163 2260 ἆρ-

569 2277 743 2331 ματος
769 2265 1064 2336 πορευθεὶς
1092 2268 1295 2325 ἔδωκεν
1329 2272 1605 2329 ὑπατείαν
1636 2279 1703 2348 τῇ
1740 2277 1908 2352 μέσῃ.

638 2355 740 2421 ις’.
789 2357 1012 2430 Ἐεῆλθε
1040 2362 1098 2417 δὲ
1123 2363 1154 2416 ὁ
1183 2365 1390 2436 Ἀμερ,
1425 2369 1520 2422 καὶ
1544 2369 1779 2441 κατῆλθε
1799 2374 1966 2445 μέχρι
1991 2372 2160 2429 Σινώο
2197 2431 2200 2436 _

566 2465 701 2521 πης,
733 2451 1063 2524 ληϊσάμενος
1093 2455 1274 2512 πάντα
1309 2460 1381 2514 τὰ
1425 2462 1535 2515 τῶν
1577 2463 1886 2536 Ῥωμαίων·
1911 2468 2008 2520 καὶ
2052 2467 2164 2522 ὑπο

563 2540 798 2613 έστρεψε
832 2545 908 2617 μὴ
922 2548 1292 2620 καταληφθεὶς
1319 2551 1428 2608 ὑπὸ
1457 2553 1551 2608 τοῦ
1579 2555 1886 2627 Ῥωμαϊκοῦ
1904 2559 2159 2632 στρατοῦ.

567 2631 1073 2710 Ἓκστρατεύσαςδὲ
1095 2644 1316 2715 Μιχαὴλ
1336 2645 1453 2718 ἃμα
1481 2646 1658 2721 Βάρδᾳ
1679 2652 1922 2724 Καίσαρι
1946 2631 2164 2726 κίνησιν

567 2732 716 2785 ποιεῖ
743 2731 884 2789 κατὰ
905 2735 1127 2806 Μιχαὴλ
1147 2736 1406 2808 ἄρχοντος
1435 2739 1776 2814 Βουλγαρίας
1822 2745 1914 2800 διά
1939 2764 2000 2802 τε
2059 2749 2164 2819 γῆς

567 2823 664 2877 καὶ
689 2822 988 2895 Θαλάσσης,
1017 2827 1208 2897 μαθὼν
1222 2829 1284 2882 τδ
1315 2830 1426 2886 τῶν
1456 2830 1786 2906 ὼυλγάρων
1831 2837 1986 2904 ἔθνος
2017 2841 2165 2914 λιμῷ

565 2915 856 2987 τήκεσθαι.
888 2919 953 2974 ΟΞ
973 2919 1032 2976 δὲ
1062 2920 1366 2996 Βοὰλγαροι
1397 2925 1559 2981 τοῦτο
1589 2929 1855 3001 μαθόντες
1905 2931 1984 2997 ὡς
2028 2927 2168 3007 ἦχον

2262 1795 2846 1868 mestieumprzefecit.
2886 1798 3058 1854 Alteri
3116 1797 3359 1855 filiorum
3407 1800 3616 1856 Bardas
3677 1801 3858 1872 jungit

2264 1889 2576 1961 conjugem,
2606 1906 2850 1961 quacum
2883 1892 3039 1948 mala:
3095 1892 3180 1947 rei
3227 1891 3476 1962 suspicio
3519 1892 3856 1949 habebatur.

2262 1980 2494 2040 Michael
2534 1969 2814 2039 dominica
2846 1992 2972 2055 post
2993 1983 3204 2041 Pascha
3246 1984 3483 2040 Bardam
3519 1985 3862 2042 avunculum

2263 2092 2427 2132 suum
2458 2087 2612 2132 creat
2639 2077 2950 2147 Caesarem;
2978 2077 3077 2150 qui
3105 2093 3280 2134 curru
3313 2086 3513 2136 vectus
3540 2079 3862 2135 consularia

2263 2184 2366 2239 per
2394 2170 2632 2226 mediam
2654 2172 2848 2228 urbem
2873 2171 3081 2245 sparsit
3105 2187 3361 2231 munera.

2340 2353 2426 2410 16.
2447 2353 2719 2424 Egressus
2739 2369 2909 2426 porro
2931 2355 3100 2411 Amer
3127 2355 3391 2425 Sinopem
3421 2369 3600 2425 usque
3620 2353 3858 2411 descen-

2266 2442 2374 2510 dit,
2423 2453 2647 2500 vastans
2689 2445 2874 2500 omnia
2921 2460 2987 2502 ac
3040 2445 3345 2516 diripiens,
3413 2459 3540 2515 qua:
3599 2445 3862 2500 Romana:

2266 2547 2456 2595 essent
2494 2537 2764 2606 ditionis;
2799 2552 3168 2610 reversusque
3196 2547 3306 2605 est,
3341 2553 3469 2596 cum
3501 2554 3629 2596 eum
3659 2539 3861 2594 Roma-

2267 2650 2377 2690 nus
2420 2633 2702 2690 exercitus
2745 2633 2976 2690 minime
3018 2641 3309 2689 assecutus
3357 2640 3527 2690 esset.
3591 2631 3861 2705 Suscepta

2266 2737 2455 2784 autem
2482 2727 2715 2783 Michael
2757 2743 2883 2784 cum
2909 2727 3083 2783 Barda
3111 2727 3326 2784 Caesare
3353 2727 3712 2798 expeditione
3741 2744 3862 2781 mo-

2267 2824 2477 2877 tionem
2540 2821 2673 2876 facit
2737 2831 2884 2876 terra
2928 2822 3184 2890 marique
3235 2819 3507 2876 adversus
3535 2820 3859 2876 Michaclcm

2269 2915 2540 2985 Bulgaria:
2563 2915 2892 2985 principem,
2916 2929 3042 2970 eum
3079 2915 3444 2986 Bulgarorum
3474 2921 3694 2985 gentem
3717 2915 3862 2969 fame

569 3008 800 3121 βροντῆς
835 3011 1209 3086 ὑπεκλίθησαν
1240 3017 1340 3072 καὶ
1370 3022 1478 3091 πρὸ
1496 3021 1608 3075 τῶν
1633 3022 1866 3093 ἀγώνων
1907 3026 2006 3080 καὶ
2054 3005 2163 3099 τῆς

2273 3007 2559 3062 tabescere
2620 3005 3002 3078 comperisset.
3057 3005 3278 3078 Bulgari
3321 3021 3383 3062 re
3457 3005 3648 3062 audita
3711 3007 3862 3062 haud

573 3104 758 3178 μάχης
791 3107 921 3180 περὶ
948 3109 1048 3181 τῆς
1078 3110 1236 3184 νίκης
1280 3113 1632 3184 ἀπέγνωσαν,
1687 3119 1782 3173 καὶ
1847 3120 2163 3191 Χριστιανοὶ

2271 3115 2434 3156 secus
2453 3114 2518 3156 ac
2546 3100 2756 3154 tonitru
2807 3099 3003 3171 perciti
3040 3099 3430 3171 subfugerunt,
3464 3114 3530 3156 ac
3553 3108 3680 3155 ante
3736 3114 3861 3155 cer-

571 3199 834 3268 γενέσθαι
857 3201 954 3257 καὶ
976 3204 1376 3264 ὑποτάττεσθαι
1403 3208 1484 3283 τῷ
1510 3207 1723 3280 βασιλεῖ
1743 3213 1841 3268 καὶ
1871 3213 2168 3286 Ῥωμαίοις

572 3293 866 3365 ᾐτήσαντο.
913 3296 976 3352 ὐ
994 3297 1053 3353 δὲ
1109 3300 1331 3374 Μιχαὴλ
1382 3304 1478 3359 τὸν
1540 3305 1640 3377 μὲν
1677 3307 1918 3378 ἄρχοντα
1986 3309 2175 3364 αὐτῶν

573 3383 846 3456 βαπτίσας
877 3391 974 3446 καὶ
1016 3391 1313 3464 δεξάμενος
1361 3394 1637 3466 ἐπέθηκεν
1696 3395 1863 3451 αὐτὸν
1900 3396 1964 3452 τὸ
1995 3397 2164 3453 αὐτοῦ

573 3478 766 3551 Βνομα,
799 3482 928 3548 τοὺς
958 3484 1015 3538 δὲ
1040 3489 1373 3556 μεγιστᾶνας
1397 3487 1567 3543 αὐτοῦ
1584 3489 1644 3543 ὲν
1669 3492 1735 3561 τῇ
1762 3491 1919 3545 πόλει
1939 3489 2168 3560 ἀγαγὼν

573 3573 876 3638 λσάπτισεν
902 3579 1122 3648 αὐτοὺς,
1141 3579 1332 3635 ἔκτοτε
1350 3581 1653 3654 γενομένης
1670 3583 1898 3655 εἰρήνης
1920 3583 2164 3655 βαθείας.

642 3851 730 3921 ιζί.
747 3855 856 3910 Τὸν
879 3852 1136 3926 δὲ’Λμερ
1163 3851 1446 3920 ἐξελθόντα
1474 3853 1614 3907 κατὰ
1639 3852 1952 3926 Ῥωμανίας
1969 3871 2166 3925 στρατο

573 3949 782 4022 ηλάτης
799 3947 879 4003 ὣν
903 3948 1006 4020 τῆς
1036 3946 1333 4018 Ἀνατολῆς
1357 3948 1650 4017 Πετρωνᾶς
1680 3947 1776 4002 καὶ
1808 3946 2006 4018 Νάσαρ
2052 3945 2166 4001 τῶν

574 4038 1001 4112 βονκελλαρῑων,
1055 4037 1145 4112 [Ρ.
1201 4036 1354 4111 535.]
1391 4038 1726 4109 λοχήσαντες
1747 4037 1849 4110 τὴν
1878 4038 1980 4108 τῆς
2031 4039 2164 4092 ὐπο-

566 4133 808 4204 στροτρῆς
835 4131 1002 4188 αὐτοῦ
1016 4131 1354 4186 συναντῶσιν
1373 4132 1526 4203 αὐτῷ
1550 4132 1633 4196 εἰς
1659 4130 1755 4187 τὸν
1784 4130 2153 4196 Λαλακὰωνα,

567 4225 664 4286 καὶ
687 4223 968 4296 συμϐολῆς
993 4221 1301 4295 γενομένης
1337 4221 1634 4294 τρέπουσιν
1663 4222 1866 4293 Ἀμερ.
1901 4224 1996 4275 καὶ
2013 4224 2162 4294 φυγῇ

567 4318 919 4390 χρησάμενον
941 4316 1275 4372 καταδιώκει
1307 4314 1474 4371 αὐτόν
1504 4332 1590 4380 τις
1621 4315 1732 4370 τῶν
1755 4317 2038 4387 κομήτων,
2063 4315 2159 4369 καὶ

2274 3195 2481 3248 tamiua
2513 3209 2868 3265 pugnamque
2887 3208 3109 3249 omnem
3149 3192 3218 3249 de
3269 3192 3504 3248 victoria
3523 3208 3678 3265 spem
3709 3194 3862 3265 abjc-

2272 3299 2490 3351 cerunt,
2515 3287 2934 3358 Cltristianique
2961 3285 3077 3341 fieri
3112 3285 3548 3358 imperatorique
3577 3285 3773 3357 subjici
3799 3302 3866 3341 ac

2273 3378 2541 3434 Romanis
2611 3377 2914 3448 petierunt.
2990 3376 3224 3432 Michael
3287 3391 3484 3432 eorum
3550 3374 3862 3446 principem

2271 3472 2581 3542 baptizans,
2615 3479 2848 3543 ejusque
2875 3486 2905 3526 e
2939 3486 3098 3527 sacro
3125 3469 3277 3526 fonte
3317 3479 3633 3541 susceptor,
3667 3486 3770 3524 suo
3793 3485 3862 3525 ex

2270 3562 2496 3620 nomine
2520 3562 2846 3617 Michaelem
2877 3562 3114 3617 vocavit.
3165 3562 3298 3632 Ejus
3336 3577 3469 3617 vero
3491 3564 3756 3634 proceres
3807 3562 3861 3616 in

2269 3657 2462 3712 urbem
2487 3655 2745 3711 inductos
2773 3655 3006 3726 perinde
3037 3656 3360 3727 baptizavit.
3381 3655 3503 3724 Quo
3525 3672 3592 3713 ex
3607 3667 3862 3728 tempore

2269 3748 2378 3804 alta
2403 3763 2508 3818 pax
2535 3746 2658 3802 fuit.
3677 3749 3679 3751 ’

2341 3841 2508 3913 825
2547 3841 2632 3895 l7.
2666 3840 2772 3896 Per
2795 3839 2849 3893 id
2885 3848 3128 3910 tempus,
3190 3855 3318 3895 cum
3380 3841 3547 3896 Amer
3596 3840 3864 3897 adversus

2270 3935 2575 3990 Romanam
2608 3932 3155 4005 ditionemegressus
3186 3940 3358 3996 esset,
3402 3933 3672 3989 Petrouas
3703 3933 3864 3989 Asia—

2268 4029 2505 4086 ticorum
2535 4028 2747 4084 militiae
2769 4027 3034 4099 magister
3062 4037 3122 4084 et
3162 4026 3338 4083 Nasar
3370 4025 3860 4090 buccellariorum,

2266 4121 2418 4179 illius
2480 4122 2536 4177 in
2573 4135 2834 4192 regressu
2893 4119 3220 4176 obsidentes
3268 4119 3400 4187 iter,
3453 4118 3510 4174 in
3554 4117 3864 4174 Lalaeaoue

2263 4224 2446 4273 castra
2467 4213 2798 4287 junxerunt,
2833 4207 3240 4283 commissaque
3275 4228 3460 4285 pugna
3508 4213 3765 4268 Amerem
3803 4211 3863 4267 in

2265 4308 2451 4381 fugam
2481 4314 2750 4363 vertunt:
2793 4304 3094 4379 fugientem
3121 4305 3278 4362 illum
3305 4304 3536 4376 quidam
3591 4305 3862 4361 comitum

563 4413 759 4470 τούτου
789 4411 891 4485 τὴν
906 4410 1153 4484 κεφαλὴν
1187 4411 1330 4481 ἄρας
1359 4409 1537 4481 ήγαγε
1571 4408 1833 4481 Πετρωνᾷ
1847 4407 1928 4478 τῷ
1958 4425 2159 4478 στρατ-

2267 4406 2602 4474 insequitur,
2636 4401 2869 4472 ejusque
2893 4398 3097 4455 tollens
3149 4398 3426 4454 cervicem
3450 4397 3707 4454 Petronat
3732 4412 3858 4452 ma-

567 4507 762 4582 ηλάτῃ.
803 4505 1155 4568 Εἰσελθόντες
1184 4502 1242 4558 δὲ
1294 4502 1348 4560 οι
1377 4501 1681 4573 στρατηγοὶ
1710 4500 1850 4572 μετὰ
1870 4498 2158 4553 ἐπινικίων

567 4598 982 4675 ἐθριάμϐευσαν
1029 4595 1208 4656 ταῦτα
1257 4597 1318 4650 ιν
1375 4594 1459 4667 τῷ
1510 4590 1746 4662 ἱππικῷ.
1803 4591 1916 4645 Καὶ
1968 4590 2157 4644 ἔκτοτε

564 4696 787 4765 ιγένετο
828 4694 1024 4765 εἰρήνη
1065 4690 1282 4762 μεγάλη
1309 4689 1370 4743 εν
1394 4690 1462 4760 τῇ
1489 4684 1751 4757 Ἀνατολῇ
1802 4683 1892 4740 διὰ
1936 4684 2036 4755 τὴν
2065 4683 2159 4739 τοῦ

570 4789 754 4858 ’Δμερ
777 4785 1016 4855 σῳαγήν.

640 4845 734 4952 ἐηοξ
771 4845 916 4934 xa'
945 4845 1126 4932 sitm
1187 4875 1290 4946 μὲν
1340 4873 1392 4928 οι
1445 4871 1600 4927 πόνοι
1644 4845 1742 4926 καῖ
1777 4869 1848 4924 τὰ
1877 4868 2024 4923 κατὰ
2049 4867 2160 4922 τῶν

570 4971 849 5046 πολεμίων
913 4968 1386 5041 ἀνδραγαθήματα
1423 4982 1439 4998 ο
1501 4967 1536 5037 ή
1593 4964 1652 5019 δὲ
1725 4963 1822 5018 τοῦ
1895 4961 2163 5032 βασιλέως

569 5069 765 5138 ἀγάπη
799 5064 938 5136 πρὸς
972 5064 1067 5118 τὸν
1092 5061 1379 5117 Βασίλειον
1431 5058 1679 5129 ἑξέχυτο,
1704 5057 1800 5111 καὶ
1832 5055 2024 5110 τοῦτον
2059 5057 2159 5125 μό-

569 5179 662 5220 νον
685 5157 827 5216 εῐναι
864 5159 958 5213 τδν
984 5153 1332 5226 θεραπευτὴν
1354 5151 1545 5208 αὐτοῦ.

545 5252 549 5260 ’
646 5253 734 5312 ιθ’,
774 5253 1002 5308 Ἐκτισε
1030 5249 1090 5304 δὲ
1122 5247 1348 5320 Μιχαὴλ
1395 5243 1631 5300 στάὄλον
1660 5244 1777 5307 τοῖς
1819 5243 2016 5304 ἵπποις·
2059 5240 2162 5294 αὐο

574 5346 695 5413 τοῦ,
757 5343 1048 5415 κοσμήσας
1112 5339 1434 5415 μαρμάροις
1475 5337 1572 5399 καὶ
1620 5336 1828 5391 ὑδάτων
1880 5335 2166 5406 ἐπιρροαῖς

573 5437 999 5501 κατασκευάσας
1041 5435 1380 5508 ὡραιότατον
1421 5432 1589 5489 πάνυ.
1637 5430 1751 5485 Καὶ
1782 5429 1978 5484 τούτου
2010 5428 2164 5480 τελε-

577 5535 823 5598 σθέντος,
849 5527 921 5603 ἦν
942 5546 1029 5596 τις
1053 5529 1113 5583 ἐν
1143 5529 1212 5601 τῇ
1247 5527 1402 5583 πόλει
1457 5525 1690 5596 ὀνόματι
1744 5522 1950 5593 Πέτρος
1985 5520 2165 5589 λόγιος

577 5628 674 5684 καὶ
720 5621 1058 5688 σκωπτικδς,
1090 5621 1153 5675 ὃν
1209 5621 1306 5675 καί
1359 5617 1860 5690 Πτωχομάγιστρον
1911 5612 2163 5672 ἐκάλουν.

569 5721 784 5778 Τοῦτον
813 5714 1328 5792 προσκαλεσάμενος
1344 5710 1566 5786 Μιχαὴλ
1615 5712 1674 5767 ὲν
1706 5709 1784 5782 τῷ
1819 5707 2036 5778 στάθλῳ
2062 5706 2166 5760 ὑπ-

2268 4493 2452 4565 gistro
2483 4489 2694 4548 militia:
2725 4488 2938 4544 attulit.
2959 4485 3233 4559 ingressi
3254 4487 3454 4544 urbem
3506 4485 3683 4543 duces
3724 4501 3855 4542 cum

2266 4584 2544 4642 manubiis
2563 4597 2662 4640 cos
2689 4581 2746 4637 in
2768 4580 2933 4638 Circo
2958 4579 3243 4650 triumpho
3289 4580 3681 4635 traduxerunt.
3731 4576 3855 4645 Quo

2263 4695 2334 4735 ex
2385 4685 2634 4749 tempore
2679 4691 2786 4746 pax
2832 4689 3028 4746 magna
3093 4674 3152 4729 in
3215 4671 3444 4729 Oriente
3487 4671 3596 4728 fuit
3645 4671 3858 4729 obeam

2265 4771 2486 4827 Amoris
2508 4769 2741 4825 caedem.

2341 4865 2429 4920 18.
2453 4864 2533 4918 Ac
2559 4863 2784 4934 quidem
2822 4862 3059 4916 aliorum
3085 4860 3308 4914 labores
3335 4867 3496 4913 erant
3527 4857 3859 4914 adversum-

2268 4974 2378 5029 quc
2409 4957 2596 5012 hostes
2629 4955 2793 5011 fortia
2823 4954 2954 5010 belli
3003 4951 3250 5007 facinora
3271 4968 3292 5017 ;σ
3323 4949 3678 5022 imperatoris
3725 4964 3862 5004 vero

2270 5050 2497 5108 dilectio
2533 5048 2590 5104 in
2650 5049 2916 5104 Basilium
2974 5045 3151 5101 effusa
3195 5052 3337 5109 erat,
3393 5043 3656 5113 huncque
3685 5055 3858 5096 unum

2267 5146 2354 5202 sui
2387 5145 2659 5200 cultorem
2687 5141 2945 5198 ducebat.

2340 5239 2429 5295 1⁵9.
2451 5233 2778 5294 Construxit
2796 5233 3027 5290 Michael
3057 5232 3220 5301 cquis
3249 5229 3370 5284 suis
3391 5226 3695 5289 stabulum,
3713 5240 3862 5279 mar—

2270 5332 2523 5388 moribus
2553 5341 2860 5401 perornans
2917 5339 3301 5396 aquarumque
3333 5319 3582 5392 irriguis,
3631 5317 3861 5389 elegan-

2273 5424 2488 5481 tissimo
2511 5438 2678 5495 Opere
2709 5421 3009 5477 fabricans.
3037 5418 3160 5486 Quo
3190 5415 3467 5479 absoluto,
3485 5419 3608 5469 erat
3641 5410 3698 5466 in
3718 5411 3859 5468 urbe

2269 5519 2357 5575 vir
2404 5517 2661 5574 eruditus
2707 5530 2772 5571 ac
2830 5511 3061 5581 eloquio
3111 5511 3313 5571 salsus,
3369 5507 3567 5562 Petrus
3634 5504 3860 5560 nomine

2271 5626 2435 5684 quem
2461 5603 3322 5674 Ptochomagistrum-dicebant.
3366 5598 3490 5666 Quo
3513 5596 3742 5654 Michael
3797 5596 3855 5652 in

2275 5703 2557 5760 Stabulum
2585 5707 2782 5755 vocato
2811 5694 3141 5754 ostendebat
3167 5695 3218 5750 ei
3238 5702 3459 5749 structa:
3484 5689 3621 5747 aedis
3682 5687 3860 5745 insul-
