4090 6022
379 184 382 187 ·
428 151 526 217 921

1518 162 1718 225 νιΤλε
1757 164 2313 231 RECENTIORUM
2355 171 2559 233 IMPP.

3593 169 3698 236 923

429 262 609 318 αὐτῶν
630 263 702 320 τὰ
733 264 1045 337 μηνυθέντα
1077 266 1227 338 παρὰ
1270 269 1534 340 Σαμωνᾶο
1593 271 1692 326 καὶ
1721 273 2008 345 είρήκασιν

2114 275 2226 332 illis
2266 292 2390 349 qua:
2418 293 2450 334 a
2480 278 2713 334 Santona
2742 276 2961 334 fuerant
3016 279 3294 342 nuntiata,
3330 279 3699 349 dixeruntque

429 355 580 423 ἄξιον
613 351 752 412 εἷναι
782 357 947 430 τιμῆς
979 357 1247 430 μεγάλης.
1291 361 1349 417 '0
1371 362 1427 416 δὲ
1452 363 1696 434 παρευθὺ
1727 364 1916 419 τοῦτον
1935 367 2005 438 τῇ

425 449 523 504 τοῦ
577 450 1072 524 πρωτοσπαθαρίου
1124 451 1254 526 ἀξίᾳ
1276 454 1598 525 τετίμηκεν,
1649 454 1747 510 καὶ
1789 472 2008 529 προσῳ-

428 542 695 598 κειώσατο
716 540 935 598 ἑαυτοῦ.

497 635 718 710 κα’-κβ⁹.
753 636 1106 711 Ἐτελεύτησε
1155 638 1213 695 δὲ
1267 639 1552 708 ’Δντὼνιος
1575 641 1605 696 6
1635 643 2007 717 πατριάρχης.

429 729 523 784 καὶ
551 731 669 785 ἀντ’
696 730 866 786 αὐτοῦ
904 733 1299 803 χειροτονεῖται
1339 733 1609 799 Νικόλαος
1649 736 1909 809 μυστικὸς
1930 736 2008 790 ὢν

428 820 524 877 τοῦ
567 820 853 893 βασιλέως.
907 823 1244 898 Παρεληιρθη
1274 823 1333 880 δι
1355 827 1453 882 καὶ
1482 827 1546 884 τδ
1574 828 1809 900 κάστρον
1835 831 1870 900 ἡ
1899 830 2011 902 Δη-

433 915 669 990 μητριάς
695 916 757 970 ὲν
787 915 867 988 τῷ
896 914 1093 990 θέματι
1143 918 1245 992 τῆς
1294 917 1548 985 Ἑλλάδος
1593 919 1700 976 ύπδ
1729 921 2009 994 Δαμιανοῧ

428 1008 526 1062 τοῦ
562 1008 889 1082 ’Δγαρηνοῦ.

503 1107 611 1172 κγ’.
658 1102 812 1159 Λέων
835 1103 894 1158 δὲ
920 1104 952 1160 6
995 1103 1250 1176 βασιλεὺς
1279 1105 1467 1176 στέφει
1496 1106 1702 1161 Ἅνναν
1733 1105 2013 1178 θυγατέρα

429 1192 587 1264 Ζωῆς
635 1195 738 1265 τῆς
792 1193 905 1251 άπὸ
937 1196 1035 1252 τοῦ
1062 1194 1335 1263 Ζαούτζα,
1372 1196 1464 1252 διὰ
1507 1199 1570 1253 τδ
1613 1197 1691 1271 μὴ
1748 1198 2012 1255 δύνασθαι

430 1281 605 1340 ποιεῖν
629 1284 698 1341 τά
726 1287 792 1341 ἑκ
814 1286 989 1342 τύπου
1019 1288 1282 1362 κλητόρια
1321 1289 1397 1362 μὴ
1423 1289 1592 1358 οὔσης
1635 1291 1973 1364 Αύγούστης.

500 1375 602 1432 κδ’.
642 1378 913 1449 Ἠγάγετο
935 1380 994 1435 δὲ
1021 1382 1050 1436 6
1073 1380 1331 1453 βασιλεὺς
1357 1381 1531 1455 κόρην
1554 1383 1620 1437 ὲκ
1647 1383 1742 1436 τοῦ
1775 1381 2018 1454 θέματος

440 1466 706 1540 ὀψικίου,
727 1471 1073 1542 ὡραιοτάτην
1113 1473 1279 1539 πάνυ,
1306 1473 1536 1546 ὀνόματι
1577 1474 1862 1541 Εύδοκίαν,
1889 1476 2014 1530 στέ-

428 1558 544 1632 ᾀας
564 1564 658 1619 καὶ
685 1562 1063 1636 ἀναγορεύσας
1090 1567 1186 1620 καὶ
1221 1564 1407 1637 γήμας
1440 1565 1613 1639 αὐτήν
1633 1583 1646 1598 ο
1680 1565 1742 1633 ἐξ
1781 1563 1850 1642 ἦς
1878 1584 2012 1625 παιο

422 1651 537 1707 δίον
561 1653 794 1725 ποιήσας
815 1655 1040 1727 ἄρρενα,
1071 1655 1160 1728 ἐφ’
1176 1649 1223 1725 ᾧ
1247 1657 1603 1729 τετελεύτηκε
1624 1657 1721 1713 καὶ
1753 1659 1893 1733 αὕτη
1915 1661 2012 1716 καὶ

425 1742 491 1799 τὸ
513 1745 796 1815 γεννηθέν.

497 1844 598 1894 κε’.
640 1838 982 1913 Ἐξωνήσατο
1011 1840 1088 1915 δὲ.
1125 1842 1408 1916 οἰκήματα
1466 1845 1498 1901 6
1556 1844 1814 1916 βασιλεὺς
1857 1848 2012 1904 Λέων

425 1929 656 2003 πλησίον
677 1930 788 1987 τῶν
820 1930 1022 2004 ’Λγίων
1044 1935 1407 2005 Ἀποστόλων,
1425 1937 1523 1993 καὶ
1541 1939 1758 1997 ἔκτισεν
1784 1943 1902 1997 ἐκεῖ
1915 1943 2010 1996 ἐκ·

421 2021 657 2094 κλησίαν
690 2026 968 2098 περιφανῆ
997 2029 1088 2082 ὶπ⁹
1119 2030 1346 2101 ὀνόματι
1402 2032 1504 2104 τῆς
1538 2032 1813 2107 προτέρας
1841 2035 2008 2091 αὐτοῦ

423 2115 685 2184 γυναικὸς
708 2117 808 2190 τῆς
837 2119 1000 2189 ἁγίας
1033 2122 1316 2195 θεοφανῶ.

498 2207 616 2276 κς’.
659 2209 936 2274 Ὡσαύτως
969 2213 1184 2270 ἔκτισεν
1215 2216 1519 2290 ἐκκλησίαν
1549 2221 1632 2286 είς
1675 2222 1806 2288 τοὺς
1854 2221 2012 2292 λεγοο

427 2300 625 2375 μόνους
653 2302 888 2370 Τόπους,
936 2305 1034 2361 τὸν
1065 2305 1224 2378 ἅγιον
1265 2308 1542 2381 Λάζαρον,
1591 2317 2012 2381 κατασκευάσας

421 2395 596 2466 αὐτὴν
630 2394 799 2468 μονὴν
833 2396 1090 2470 ἀνδρείαν
1131 2401 1430 2472 εὐνούχων.
1463 2405 1633 2460 Ἔνθα
1664 2410 1760 2462 καὶ
1804 2412 1867 2462 τὸ
1914 2409 2009 2464 τού

421 2486 582 2558 ἁγίου
625 2486 882 2562 Λαζάρου
930 2489 1092 2561 σῶμα
1136 2491 1200 2547 ὲκ
1234 2493 1461 2565 Κύπρου
1507 2497 1603 2552 καὶ
1653 2499 1871 2571 Μαρίας
1911 2503 2013 2576 τῆς

421 2578 792 2653 Μαγδαληνῆς
813 2581 1168 2653 άπὸἙφέσου
1202 2585 1547 2658 ἀνακομίσας
1574 2591 1833 2656 ἀπέθετο,
1850 2597 2006 2667 md)-

425 2687 528 2736 σας
590 2671 685 2727 καὶ
713 2673 785 2728 τὰ
839 2673 1096 2742 ἑγκαίνια
1128 2676 1229 2748 τῆς
1260 2678 1432 2750 αὐτῆς
1462 2680 1786 2754 ἐκκλησίας.
1826 2686 2013 2758 Ἀσχο-

423 2762 687 2835 λουμένου
717 2765 775 2819 δὲ
800 2765 898 2820 τοῦ
923 2767 1112 2823 στόλου
1143 2771 1224 2834 είς
1262 2771 1332 2826 τὰ
1378 2773 1656 2845 κτίσματα
1691 2778 1802 2831 τῶν
1830 2781 2009 2835 τοιούο

423 2870 535 2908 των
569 2855 876 2928 ἐκκλησιῶν
920 2858 1248 2933 παρελήφθη
1278 2861 1340 2915 ὲν
1366 2862 1590 2937 Σικελίᾳ
1618 2866 1681 2921 τὸ
1715 2868 2012 2944 Ταυρομέο

421 2966 540 3056 νιρν
686 2951 1124 3056 τῶνἈφρων,.τῇ
1153 2955 1404 3056 apale-(qr,
1427 2958 1627 3030 μᾶλλον
1649 2961 1705 3016 δὲ
1724 2965 2006 3039 προδοσίᾳ,
2037 2999 2078 3056 c

419 3042 723 3098 Εὑσταθίου
758 3043 1121 3116 δρουγγαρίου
1148 3047 1258 3102 τῶν
1288 3050 1572 3122 πλωῖμων,
1612 3055 1706 3108 καὶ
1732 3055 2006 3129 Καραμάο

420 3134 515 3190 λου
539 3137 717 3190 iaceres
745 3135 902 3200 ὄντος
930 3138 1024 3191 καὶ
1049 3138 1272 3210 Μιχαὴλ
1305 3140 1396 3196 τοῦ
1427 3143 1741 3215 Χαράκτου,
1775 3150 2008 3223 γενομέ-

421 3243 521 3297 νης
540 3225 745 3297 πολλῆς
778 3227 993 3298 σφαγῆς
1033 3228 1146 3283 τῶν
1181 3231 1494 3302 Ῥωμαίων.
1541 3235 1900 3295 Ἀνελθόντων
1946 3245 2005 3299 δὲ

420 3318 603 3375 αὐτῶν
645 3320 704 3373 ἐν
732 3323 798 3392 τῇ
829 3321 984 3375 πόλει
1019 3323 1172 3394 παρά
1223 3341 1284 3377 τε
1313 3325 1434 3387 ,τοῦ
1466 3327 1734 3397 βασιλέως
1781 3333 1874 3387 καὶ
1907 3335 2004 3390 τοῦ

419 3412 762 3484 πατριάρχου
795 3414 836 3446 ¹¹
861 3413 1235 3485 ἐλεγχθέντων
1271 3418 1425 3491 παρά
1447 3420 1668 3493 Μιχαὴλ
1687 3422 1784 3478 τοῦ
1818 3427 2005 3498 Χαρά-

421 3522 551 3561 κτου
583 3504 659 3569 ῶς
694 3505 992 3578 προδοτῶν,
1019 3509 1430 3582 κατεκρίθησαν
1459 3511 1694 3586 Θανάτῳ.
1716 3516 2010 3593 Παρακλη-

421 3597 605 3664 θέντος
635 3598 690 3652 δὲ
719 3598 814 3653 τοῦ
846 3599 1112 3672 βασιλέως
1139 3602 1290 3672 παρὰ
1316 3604 1585 3660 Νικολάου
1615 3607 1709 3662 τοῦ
1741 3615 2009 3684 πατριάρ-

421 3711 541 3766 χου,
598 3691 690 3746 τὸν
743 3694 974 3748 θάνατον
1020 3697 1500 3770 συνεχωρήθησαν,
1556 3702 1782 3773 μοναχοὶ
1830 3707 1858 3760 6
1908 3707 2006 3777 μὲν

2106 368 2332 441 dignum
2361 386 2484 426 esse
2506 370 2601 442 qui
2628 385 2888 442 magnum
2931 370 3198 427 honorem
3239 380 3694 442 consequeretur.

2104 459 2520 533 Confestimque
2551 476 2679 518 eum
2713 462 3140 534 protospathsrii
3173 463 3444 537 dignitate
3476 463 3698 519 ornavit

2107 559 2166 606 et
2197 550 2268 607 ad
2305 567 2465 607 suam
2511 553 2979 611 necessitudinem
3018 555 3240 612 ascirit.

2107 646 2278 718 860
2302 646 2499 703 21-22.
2535 647 2754 704 Mortuo
2781 663 2916 702 vero
2940 646 3181 704 Antonio
3212 645 3546 718 patriarcha.
3572 646 3695 716 ejus

2108 739 2233 796 loco
2275 739 2566 796 ordinatur
2604 739 2885 805 Nicolaus,
2912 740 3008 812 qui
3042 740 3393 812 imperatoris
3418 749 3536 796 erat
3573 753 3694 811 my-

2109 835 2305 891 sticus.
2351 833 2525 906 Capta
2559 848 2727 906 porro
2762 841 2849 890 est
2897 833 3094 890 civitas
3129 833 3341 890 munita
3381 835 3691 892 Demetrias

2113 928 2169 983 in
2201 926 2462 984 Hellados
2495 927 2740 984 themate
2774 943 2807 985 a
2839 927 3107 983 Damiano
3139 928 3412 999 Agareno.

2184 1108 2278 1164 23.
2306 1107 2420 1164 Leo
2446 1106 2750 1180 imperator
2767 1108 2981 1165 Annam
3019 1107 3186 1163 tiliam
3203 1122 3357 1162 suam
3372 1123 3438 1163 ex
3458 1106 3566 1162 Zoe
3583 1106 3696 1164 filia

2112 1200 2332 1259 lautas:
2343 1208 2594 1267 coronat,
2613 1200 2760 1271 quod
2776 1214 2889 1257 non
2907 1207 3122 1273 poterat
3139 1200 3439 1255 constituta
3456 1215 3522 1255 ex
3541 1213 3696 1256 more

2113 1295 2368 1354 convivia
2398 1295 2618 1365 publica
2643 1295 2931 1358 exhibere,
2958 1295 3105 1365 quod
3127 1310 3237 1351 non
3259 1303 3406 1350 esset
3423 1292 3693 1365 Augusta.

2185 1387 2279 1444 24.
2317 1386 2487 1443 Duxit
2536 1394 2726 1443 autem
2777 1390 3083 1456 imperator
3113 1401 3344 1442 uxorem
3388 1401 3458 1442 ex
3487 1385 3697 1456 Opsicii

2117 1482 2384 1546 themate,
2413 1480 2868 1560 formosissimam
2893 1478 3079 1545 valde,
3101 1478 3327 1535 nomine
3368 1478 3695 1547 Eudociam,

2117 1589 2393 1631 coronans
2429 1573 2843 1644 Augustamque
2885 1571 3217 1628 renuntians
3245 1586 3312 1628 ac
3353 1573 3461 1628 sibi
3498 1572 3697 1644 conju-

2118 1684 2241 1739 gent
2269 1666 2563 1722 adhibens.
2588 1666 2668 1721 Ex
2699 1681 2766 1721 ea
2790 1671 3049 1735 suscepto
3087 1679 3260 1734 puero
3297 1664 3543 1723 masculo
3578 1675 3695 1721 tum

2120 1762 2239 1834 ipsa
2260 1761 2534 1816 exstincta
2558 1767 2643 1816 est
2673 1767 2792 1814 tum
2819 1769 3078 1828 suscepta
3102 1759 3309 1830 proles.

2186 1854 2277 1910 25.
2315 1852 2601 1923 Coemptis
2638 1850 2750 1908 Leo
2783 1851 3086 1922 imperator
3114 1849 3330 1907 adibus
3349 1865 3522 1923 prope
3555 1849 3698 1906 San-

2117 1958 2236 2004 ctos
2256 1946 2567 2017 Apostolos,
2587 1944 2662 2001 ibi
2686 1941 3146 2016 praemagnilicam
3167 1941 3456 1999 ecclesiam
3479 1952 3698 1998 exstru-

2118 2040 2218 2106 xit,
2253 2038 2492 2095 nomina:
2519 2037 2712 2109 prima:
2757 2051 2871 2093 sua:
2917 2035 3106 2092 uxoris
3143 2032 3201 2092 S.
3243 2033 3697 2106 TheOphanonts.

2185 2224 2278 2280 26.
2310 2221 2580 2279 Similiter
2607 2220 2774 2278 etiam
2823 2219 3118 2276 ecclesiam
3156 2214 3451 2276 mdiﬁcarit
3483 2215 3551 2272 ad
3587 2215 3698 2272 Το·

2118 2330 2238 2387 pos,
2280 2329 2418 2386 quos
2445 2322 2670 2378 vocant,
2708 2312 2766 2369 S.
2793 2310 3086 2381 Lazarum,
3121 2311 3372 2368 virorum
3406 2311 3698 2367 eunucho-

2119 2419 2239 2459 rum
2265 2405 2665 2459 monasterium
2692 2401 2943 2471 faciens;
2972 2402 3066 2459 ubi
3090 2411 3148 2457 et
3179 2401 3236 2458 S.
3265 2399 3458 2457 Lazari
3491 2415 3700 2471 corpus

2117 2514 2149 2555 e
2176 2497 2357 2570 Cypro
2399 2506 2458 2552 et
2485 2496 2670 2552 Marias
2701 2495 3034 2567 Magdalenae
3062 2494 3281 2566 Epheso
3311 2495 3548 2550 relatum
3596 2495 3698 2550 de-

2117 2590 2345 2661 posuit:
2383 2589 2662 2644 celebrata
2709 2587 2958 2658 ejusdem
3005 2586 3260 2644 ecclesia:
3303 2585 3385 2641 illi
3426 2586 3696 2642 eneenia.

2115 2680 2412 2752 Occupatis
2442 2687 2628 2734 autem
2677 2679 2980 2736 classiariis
3027 2679 3311 2735 struendis
3359 2675 3696 2750 ejuscemodi

2117 2773 2391 2836 ccclesiis.
2425 2781 2645 2843 captum
2674 2776 2732 2830 in
2764 2772 2955 2829 Sicilia
3005 2779 3091 2828 est
3137 2770 3576 2828 Tauromenium
3624 2769 3697 2828 ab

2118 2865 2289 2927 Afris,
2312 2863 2647 2935 negligentia
2698 2877 2796 2918 seu
2844 2862 3032 2933 potius
3075 2860 3392 2932 proditione
3417 2856 3696 2917 Eustathii

2117 2957 2395 3012 navalium
2427 2953 2716 3026 drnngarii
2746 2963 2802 3010 et
2822 2953 3094 3010 Caramali
3126 2953 3202 3008 ibi
3237 2961 3354 3010 tum
3376 2950 3700 3011 exsistentis

2109 3060 2166 3109 et
2191 3048 2470 3105 Michaelis
2493 3046 2772 3114 Characti,
2808 3047 3017 3116 ingenti
3050 3047 3212 3119 861
3248 3045 3375 3102 data
3406 3046 3700 3104 Romano-

2111 3161 2234 3200 rum
2266 3153 2466 3213 strage.
2509 3142 2570 3196 ln
2615 3141 2810 3198 urbem
2847 3141 3118 3206 reductis,
3165 3141 3235 3196 ab
3269 3140 3606 3210 imperatore
3639 3146 3699 3197 et

2111 3237 2424 3309 patriarcha
2453 3233 2787 3310 redargutis,
2811 3231 3088 3289 Charaeto
3122 3231 3503 3298 insimulante,
3534 3231 3701 3287 indi-

2109 3342 2198 3386 cta
2257 3329 2455 3384 mortis
2520 3325 2795 3383 sententia
2850 3333 2953 3380 est.
3004 3323 3333 3394 Quanquam
3382 3335 3610 3380 exorato
3663 3337 3697 3379 a

2109 3424 2335 3479 Nicolao
2381 3421 2697 3494 patriarcha
2744 3421 3084 3490 imperatore
3119 3417 3264 3474 facta
3312 3418 3509 3474 mortis
3533 3416 3696 3472 venia

2108 3530 2212 3574 est.
2243 3517 2571 3572 Monachum
2606 3514 2750 3569 inire
2780 3528 3132 3578 concessum,
3161 3511 3474 3569 Caramalin
3514 3509 3697 3566 Pieri-

2111 3613 2211 3676 dii,
2244 3609 2536 3666 Eustathio
2561 3608 2616 3662 in
2648 3607 2851 3662 Studii.
2874 3606 3046 3676 Capta
3067 3615 3151 3660 est
3176 3613 3232 3660 et
3257 3604 3495 3660 Lemnus
3517 3603 3698 3659 insula

2110 3708 2180 3762 ab
2212 3706 2501 3777 Agarenis,
2543 3702 2735 3757 multis
2778 3700 3089 3756 incolarum
3138 3697 3393 3754 abductis
3440 3695 3694 3765 captivis.

423 3784 759 3859 Καράμαλος
783 3785 863 3850 είς
889 3786 957 3841 τὰ
981 3789 1286 3859 Πικριδίου,
1325 3794 1353 3845 6
1377 3791 1435 3845 δὲ
1459 3790 1756 3861 semoto;
1784 3798 1864 3862 είς
1893 3799 2001 3855 τῶν
2049 3801 2327 3858 Σῖουδίου.
2379 3795 2714 3866 Παρελήιρθη
2763 3793 2820 3847 δὲ
2868 3795 2962 3847 καὶ
3029 3793 3251 3864 Λῆμνος
3311 3791 3346 3862 ἡ
3385 3791 3547 3861 νῆσος
3587 3787 3696 3840 ὑπὸ

422 3875 532 3933 τῶν
575 3878 917 3949 ’Δγαρηνῶν,
956 3878 1334 3951 αἰχμαλωσίαν
1365 3883 1564 3957 πολλὴν
1596 3890 1988 3960 πεποιηκότες.

494 3971 596 4039 κζ’.
640 3971 820 4046 Ἐντῇ
863 3975 1180 4046 προελεύσει
1231 3978 1289 4031 δὲ
1330 3979 1428 4050 τῆς
1487 3988 2002 4059 μεσοπεντηκοστῆς

423 4063 518 4119 τοῦ
554 4065 816 4135 βασιλέως
847 4067 1073 4132 Λέοντος
1102 4067 1422 4135 ἀνελθόντος
1454 4072 1537 4136 εις
1568 4073 1663 4128 τὸν
1692 4075 1848 4145 άγιον
1875 4080 2006 4134 Μώ-

423 4172 543 4212 κιον
569 4157 662 4212 καὶ
719 4156 1102 4227 είσοδεύοντος.
1169 4162 1260 4215 ὅτε
1309 4157 1442 4236 ἦλθε
1501 4164 1730 4238 πλησίον
1775 4173 2003 4237 σωλέας,

421 4249 657 4317 ἐξελθὼν
686 4267 770 4315 τις
815 4250 881 4304 εκ
935 4249 1030 4305 τοῦ
1086 4251 1342 4324 άμδωνος
1397 4255 1630 4312 δέδωκεν
1677 4260 1829 4332 αύτῷ
1869 4266 2007 4334 μετὰ

423 4343 624 4416 ῥάϐδου
653 4343 880 4415 ίσχυρᾶς
903 4343 998 4400 καὶ
1023 4345 1254 4416 παχείας
1275 4363 1290 4379 ο
1318 4348 1412 4402 καὶ
1438 4350 1486 4402 εί
1519 4349 1595 4422 μὴ
1611 4352 1645 4422 ἠ
1674 4352 1718 4385 ³·
1741 4357 1882 4426 φορὰ
1907 4358 2006 4428 τῆς

424 4435 622 4507 ῥάϐδου
657 4436 738 4501 είς
769 4434 1176 4508 πολυκάνδηλον
1215 4440 1612 4508 ὲμποδισθεῖσα
1643 4444 2006 4520 διεχαυνὼθη,

420 4527 669 4601 παρευθῦ
697 4527 768 4584 ἂν
796 4528 986 4584 τοῦτον
1025 4531 1303 4602 ἀπήλλαξε
1336 4534 1432 4588 τοῦ
1467 4536 1588 4607 ζῇν.
1618 4537 1727 4592 Τοῦ
1755 4540 1811 4593 δὲ
1835 4541 2008 4611 αἵμα-

419 4637 514 4687 τος
547 4620 794 4693 σφοδρῶς
821 4619 908 4695 [Ρ.
942 4620 1071 4695 557]
1099 4625 1495 4698 καταρρέοντος
1529 4632 1594 4682 ὲκ
1642 4631 1741 4702 τῆς
1773 4632 1868 4686 τοῦ
1907 4634 2007 4704 βα-

424 4714 618 4780 σιλέως
657 4713 928 4785 κεφαλῆς,
965 4716 1181 4788 ταραχή
1209 4734 1270 4771 τε
1299 4720 1395 4773 καὶ
1423 4722 1572 4792 φυγὴ
1593 4722 1703 4776 τῶν
1728 4725 2007 4796 ἀρχόντων

419 4807 661 4879 γάγονεν,
693 4809 788 4860 καὶ
812 4806 1000 4861 πολλοὶ
1029 4809 1088 4861 ὲν
1117 4808 1292 4883 ταύτῃ
1331 4810 1635 4868 ἀπώλοντο.
1679 4815 1739 4869 ’0
1767 4816 1824 4871 δὲ
1851 4817 2006 4872 ἀδελ-

421 4901 523 4972 φὺς
540 4897 707 4954 αὐτοῦ
737 4899 1091 4971 Ἀλέξανδρος
1109 4903 1518 4973 προεφασίσατο
1549 4905 1900 4978 νοσηλευθεὶς
1915 4910 2012 4964 καὶ

419 4993 484 5050 ού
517 4992 792 5064 κατῆλθεν
816 4992 878 5046 ιν
893 4993 959 5064 τῇ
992 4991 1206 5064 εἰσόδῳ,
1223 4992 1314 5057 ’ὡς
1339 4995 1404 5048 ὲκ
1422 4995 1612 5051 τούτου
1645 4995 1886 5054 ὕποπτον
1914 5001 2014 5056 αὐ.

422 5087 516 5142 τδν
539 5085 792 5156 γενέσθαι
817 5089 918 5159 τὴν
945 5087 1204 5158 τοιαύτην
1249 5087 1541 5158 ἐπιϐουλὴν
1570 5095 2006 5150 κατασκευάσαι.

422 5174 563 5232 οὔτε
583 5177 613 5230 6
644 5177 909 5248 Σαμωνᾶς
961 5177 1146 5248 παρῆν
1171 5178 1310 5244 ἐκεῖ,
1342 5178 1458 5233 ἀλλ’
1485 5174 1554 5251 ἦν
1576 5183 1827 5238 ἀπελθὼν
1860 5186 2001 5253 ἁγα-

421 5267 712 5340 γεῐνῑωὴν
745 5269 806 5322 εν
831 5267 911 5334 τῷ
931 5268 1180 5339 παλατίῳ
1208 5269 1343 5339 πρὸς
1373 5269 1434 5325 τὸ
1463 5275 1698 5328 συνεῖναι
1739 5274 1818 5345 τῷ
1845 5275 2001 5344 βασις

420 5363 527 5415 λεῐ.
555 5359 937 5431 Κρατηθέντος
967 5359 1026 5414 δι
1049 5359 1145 5414 τοῦ
1177 5360 1359 5424 δόντος
1389 5360 1483 5416 τὸν
1522 5361 1746 5432 βασιλέα
1787 5368 1883 5420 καὶ
1909 5368 2001 5433 ἑξ-

422 5453 763 5518 ετασθέντος,
797 5452 890 5507 καὶ
921 5450 1122 5517 πολλὰς
1162 5451 1426 5516 θασάνους
1452 5456 1546 5509 καὶ
1576 5459 1849 5528 τιμωρίας
1869 5461 2000 5514 ὑπο-

2178 3989 2271 4046 27.
2309 3987 2366 4044 In
2397 4000 2661 4057 processu
2705 3995 2888 4040 autem
2923 3982 3117 4038 medize
3161 3982 3533 4044 Pentecostes,
3564 3995 3691 4034 cum

2113 4082 2223 4139 Leo
2260 4082 2561 4151 imperator
2588 4078 2657 4133 ad
2685 4077 2739 4132 S.
2776 4076 2934 4131 Mocii
2967 4074 3307 4131 ascendisset
3332 4089 3396 4129 ac
3428 4072 3692 4142 templum

2113 4177 2370 4239 intraret,
2405 4173 2500 4228 ubi
2534 4173 2646 4244 jam
2679 4185 2846 4242 prope
2883 4169 3090 4224 soleam
3127 4168 3408 4239 attigerat,
3437 4180 3692 4238 egressus

2113 4266 2338 4338 quidam
2368 4281 2435 4319 ex
2468 4263 2706 4318 ambone
2734 4277 2859 4316 cum
2890 4260 3120 4315 robusto
3150 4260 3293 4315 fuste
3324 4274 3388 4315 ac
3410 4273 3596 4315 crasso
3634 4258 3693 4313 in

2111 4368 2277 4429 caput
2305 4357 2551 4428 impegit.
2587 4354 2663 4409 Ae
2693 4354 2801 4409 nisi
2831 4353 2995 4408 fustis
3019 4352 3132 4407 ictu
3161 4351 3458 4422 interiecto
3485 4349 3690 4406 cande-

2109 4452 2258 4507 labri
2289 4449 2556 4506 remissus
2582 4447 2780 4502 fuisset
2820 4461 2886 4502 ac
2933 4445 3269 4510 retardatus,
3299 4443 3592 4500 confestim
3637 4443 3691 4498 ei

2108 4545 2281 4602 vitam
2319 4542 2660 4599 abstulisset.
2702 4538 2915 4594 Cruore
2948 4543 3133 4592 autem
3166 4552 3198 4592 e
3231 4537 3414 4606 capite
3448 4536 3691 4606 impera-

2108 4632 2247 4687 toris
2277 4630 2505 4700 largiter
2545 4625 2832 4682 dimuente
2875 4624 3019 4680 facta
3067 4625 3311 4680 turbatio
3343 4635 3428 4682 est
3471 4640 3534 4681 ac
3565 4624 3692 4698 fuga

2106 4738 2422 4794 procerum,
2449 4720 2721 4792 multique
2753 4719 2808 4773 in
2845 4733 2908 4774 ea
2945 4717 3250 4788 perierunt.
3277 4717 3469 4773 Frater
3505 4726 3692 4774 autem

2111 4813 2314 4871 Leonis
2339 4812 2650 4870 Alexander
2681 4811 2936 4866 morbum
2984 4818 3297 4880 praetexens
3345 4810 3696 4867 desideratus

2111 4905 2168 4960 in
2200 4906 2451 4978 ingressu
2483 4912 2588 4969 est,
2619 4913 2681 4958 ut
2713 4903 2844 4958 inde
2897 4902 3139 4973 suspicio
3172 4902 3223 4957 ei
3279 4902 3572 4957 inoleverit
3613 4903 3690 4958 is-

2111 4999 2374 5054 tiusmodi
2409 4996 2715 5054 molitionis
2747 5004 3030 5051 auctorem
3068 4995 3247 5064 ipsum
3276 4995 3467 5050 fuisse.
3497 4993 3692 5050 Samo-

2112 5107 2213 5148 nas
2241 5107 2463 5164 quoque
2494 5107 2606 5148 non
2632 5100 2754 5148 erat
2788 5089 2888 5154 ibi,
2925 5087 3023 5145 sed
3061 5087 3278 5143 abierat
3309 5091 3478 5143 Zoem
3515 5089 3693 5143 addu-

2111 5193 2305 5240 cturus
2331 5186 2387 5239 in
2417 5186 2704 5256 palatium,
2741 5192 2801 5238 ut
2834 5196 2959 5237 cum
2987 5183 3320 5252 imperatore
3340 5181 3695 5252 csset.Capto

2111 5276 2206 5333 illo
2239 5281 2335 5348 qui
2379 5280 2548 5332 ictum
2578 5278 2905 5346 impegerat,
2951 5274 3251 5344 habitaque
3277 5274 3346 5328 de
3380 5275 3479 5329 illo
3536 5291 3690 5345 qua-

2112 5369 2315 5433 stione,
2348 5383 2415 5424 ac
2445 5384 2571 5424 cum
2599 5369 2805 5424 multos
2833 5362 2952 5423 dies
2999 5381 3110 5423 non
3131 5381 3306 5437 pauca
3335 5368 3695 5424 sustinuisset

2109 5462 2378 5532 supplicia
2413 5477 2477 5517 ac
2511 5469 2808 5526 tormenta,
2836 5459 2983 5530 quod
3014 5459 3152 5514 nihil
3195 5457 3588 5521 conﬁtebatur.
3621 5459 3690 5514 ad

1693 5553 1927 5610 VARUS
1973 5552 2382 5613 LECTIONES.

488 5640 527 5671 "
555 5640 630 5712 τῷ
675 5639 886 5712 βασιλεῖ
911 5641 1008 5695 καὶ
1045 5643 1123 5715 τῷ
1162 5645 1513 5718 πατριάρχῃῖ
1567 5647 1608 5680 ⁸⁸
1639 5649 1670 5718 ἡ
1703 5663 1811 5702 om.
1851 5647 1909 5702 Ρ.
