4090 6022
432 298 542 362 935

1698 286 2020 349 GEORGII
2063 284 2408 350 MONACHI

3597 288 3706 355 936

427 426 554 471 nam
579 408 856 462 territans.
894 406 1015 473 Quo
1056 420 1123 461 ex
1157 414 1402 474 tempore
1432 402 1667 475 Symeon
1710 404 1779 459 ad
1816 402 2017 459 bellum

2132 400 2500 472 καταπλήξας.
2560 398 2829 471 Δυθεὶσης
2878 394 2973 455 οὖν
3000 398 3184 455 ικτοτε
3213 401 3312 471 τῆς
3344 399 3568 472 εἱτρὴνης
3596 403 3703 455 Συ-

425 503 693 559 adversus
720 501 1065 557 Christianos
1092 512 1212 553 sese
1235 497 1497 553 accinxit.

496 706 550 760 Ἰ.
584 704 755 759 Porro
781 701 1088 755 Alexander
1120 703 1373 769 pransus,
1396 698 1491 752 Dei
1520 696 1596 751 ira
1624 693 1871 749 immisso
1894 694 2009 764 gla-

428 795 521 853 dio
555 796 898 857 vulneratus,
932 793 1103 847 multa
1136 793 1186 846 ei
1233 791 1518 861 sanguinis
1544 789 1595 843 vi
1635 804 1665 843 e
1695 789 1922 842 naribus
1948 802 2010 842 ac

429 884 704 957 pudendis
741 893 1087 952 erumpente,
1116 890 1242 953 post
1276 882 1503 937 biduum
1543 881 1765 944 occidit,
1804 881 2012 937 relictis

432 976 711 1031 tutoribus
738 976 959 1029 Nicolao
983 974 1313 1044 patriarcha,
1346 974 1629 1045 Stephano
1665 974 1926 1045 magistro
1956 987 2013 1031 et

429 1069 638 1124 Joanne
667 1067 833 1140 874
857 1068 1048 1132 Elada,
1077 1083 1294 1123 necnon
1320 1068 1531 1124 Joanne
1575 1077 1791 1123 rectore
1818 1078 1873 1124 et
1900 1068 2012 1124 Eu-

431 1163 642 1230 thymio
660 1170 716 1215 et
742 1158 993 1214 Basilitze
1010 1167 1065 1213 et
1084 1159 1494 1230 Gabrielopulo.
1523 1160 1751 1215 dimisso
1781 1160 2012 1230 imperio

430 1253 794 1312 Constantino
822 1253 1029 1322 nepoti,
1056 1253 1257 1307 Leonis
1282 1252 1631 1323 imperatoris
1658 1253 1791 1308 ﬁlio.
1819 1253 2013 1323 Sepul-

434 1355 526 1403 tus
550 1355 635 1403 est
662 1346 971 1402 Alexander
998 1345 1052 1401 in
1077 1346 1347 1417 sepulcris
1375 1360 1499 1401 eum
1532 1357 1687 1416 patre
1710 1362 1829 1402 suo.

544 1683 880 1743 IMPERIUM
930 1680 1389 1739 CONSTANTINI
1441 1680 1688 1737 LEONIS
1726 1679 1904 1736 FlLll.

2122 496 2272 565 μεὼν
2321 492 2775 567 παρεσκευάζετο
2804 494 3026 566 κινῆσαι
3064 494 3207 549 κατὰ
3228 492 3335 547 τῶν
3360 492 3705 563 Χριστιανῶν

2118 587 2282 641 ὅπλα.

2189 697 2254 764 ζ’.
2295 698 2645 771 Ἀλέξανδρος
2668 696 2724 753 δὲ
2743 701 3051 770 ἀριστήσας
3070 698 3163 753 καὶ
3190 700 3431 773 ῥομφαίᾳ
3454 696 3705 769 Θεηλίιτῳ

2116 791 2347 864 πληγεὶς
2374 793 2638 858 ἀνελθὼν,
2666 792 2901 861 αἵματος
2928 787 3130 844 πολλοῦ
3164 791 3230 843 ἐκ
3258 791 3368 843 τῶν
3396 790 3563 861 divi-3v
3608 789 3701 843 καὶ

2116 884 2224 938 τῶν
2251 884 2465 937 αἰδοίων
2492 884 2869 955 ἔκφερομένου
2903 881 3047 954 μετὰ
3098 880 3192 936 δύο
3233 880 3452 960 ῂμέρας
3482 878 3697 934 ἐτελεύ-

2116 993 2271 1047 τησε,
2298 976 2619 1030 καταλιπὼν
2646 974 2979 1045 ἐπιτρόπους
3023 972 3296 1028 Νικόλαον
3329 971 3700 1045 πατριάρχην,

2119 1067 2391 1137 Στέφανον
2418 1069 2724 1139 μάγιστρον
2747 1068 2847 1122 καὶ
2882 1066 3140 1139 Ἰωάννην
3178 1064 3377 1121 Ἐλαδᾶ
3396 1066 3493 1120 καὶ
3520 1066 3702 1121 ‘lwdv-

2118 1178 2217 1230 νην
2261 1161 2524 1233 ραίκτορα
2566 1161 2664 1215 καὶ
2692 1160 2968 1231 Εύθύμιον
2993 1159 3091 1215 καὶ
3125 1160 3221 1213 τὸν
3253 1156 3579 1228 Βασιλίτζην
3609 1156 3703 1210 καὶ

2118 1252 2208 1305 τὸν
2232 1252 2726 1324 Γαϐριηλόπουλον,
2763 1253 2936 1316 ἐάσας
2959 1250 3060 1323 τὴν
3084 1250 3367 1321 βασιλείαν
3406 1250 3700 1304 Κωνσταν-

2117 1344 2250 1416 τίνῳ
2278 1344 2483 1416 ἀνεψιῷ
2505 1346 2693 1408 αὑτοῦ.
2726 1346 2830 1417 υἱῷ
2857 1346 3085 1409 Λέοντος
3110 1344 3207 1399 τοῦ
3240 1344 3527 1416 βασιλέως.
3571 1343 3701 1397 Ἀπ-

2121 1437 2305 1489 έθεντο
2331 1436 2387 1490 δὲ
2426 1436 2776 1509 Ἀλέξανδρον
2807 1439 2865 1491 ὲν
2896 1440 3010 1502 τοῖς
3040 1439 3234 1507 τάφοις
3285 1436 3425 1507 μετὰ
3466 1434 3561 1490 τοῦ
3597 1451 3702 1489 πα-

2120 1528 2247 1597 τρὸς
2282 1527 2477 1583 αὑτοῦ.

2158 1682 2473 1737 ΒΛΣΙΛΕῘᾹ
2522 1682 3071 1739 ΚΩΝΣΤΑΝΤῘΝΟΥ
3120 1683 3287 1738 ΥΙΟΥ
3331 1682 3669 1738 ΔΕΟΝΤΟΣ.

508 1824 560 1877 ἱ.
596 1821 768 1876 Porro
785 1818 1197 1881 Constantinus,
1218 1815 1400 1869 Leone
1418 1823 1573 1884 patre
1591 1811 1863 1867 exstincto
1890 1825 2015 1865 cum

2192 1819 2274 1891 [Ρ.
2310 1821 2436 1893 565]
2471 1817 2541 1877 α’.
2566 1821 2979 1888 Κωνσταντῖνος
3022 1822 3090 1895 δὲ
3138 1821 3236 1875 τοῦ
3295 1821 3501 1891 πατρὸς
3532 1818 3701 1877 αὑτοῦ

435 1931 577 1987 puer
604 1913 789 1969 adhuc
816 1920 964 1967 esset
1003 1910 1227 1980 (quippe
1257 1909 1351 1979 qui
1393 1908 1689 1977 septimum
1719 1904 1895 1959 anatis
1924 1919 2020 1956 an—

438 2025 573 2065 num
600 2007 831 2080 ageret),
864 2007 933 2061 ab
959 2004 1272 2059 Alexandro
1309 2012 1505 2073 patruo
1546 2001 1599 2055 in
1633 1997 1867 2069 imperio
1895 1996 2024 2051 reli-

437 2108 563 2155 ctus
587 2099 692 2154 sub
733 2096 1010 2152 tutoribus
1038 2104 1180 2149 erat.
1214 2092 1507 2163 Imperavit
1535 2091 1721 2161 itaque
1748 2088 1850 2144 sub
1878 2095 2025 2142 tuto-

437 2192 599 2249 ribus
615 2207 743 2247 cum
780 2197 952 2245 matre
987 2196 1199 2259 septem
1233 2185 1371 2241 alios
1391 2198 1586 2249 annos,
1616 2198 1742 2239 cum
1776 2182 2024 2237 Romano

443 2300 577 2343 vero
630 2286 754 2356 ejus
802 2297 1017 2345 socero,
1070 2281 1149 2338 illi
1194 2279 1499 2348 subjectus,
1536 2278 1687 2333 alios.
1710 2274 1905 2346 viginti
1932 2288 2023 2327 sex

438 2393 659 2444 annos;
714 2376 866 2432 solus
896 2375 1134 2444 denique
1168 2372 1462 2443 imperium
1501 2371 1645 2425 rexit
1670 2382 1847 2424 annos
1866 2367 2029 2439 quin-

443 2470 643 2526 decim.
673 2470 852 2539 Atque
884 2468 1023 2522 adeo
1049 2465 1267 2534 imperii
1292 2465 1412 2535 ejus
1434 2477 1593 2518 omne
1612 2472 1830 2531 tempus
1854 2474 2029 2513 auno-

442 2581 567 2624 rum
589 2564 833 2634 quinque
854 2576 1019 2631 supra
1035 2559 1435 2631 quinquaginta
1457 2557 1635 2627 spatio
1652 2556 2026 2613 concluditur.

442 2656 677 2725 Arrepta
706 2657 893 2725 itaque
931 2652 1191 2709 Nicolaus
1216 2650 1528 2723 patriarcha
1566 2648 1702 2704 aulae
1736 2654 2027 2719 potestate,

445 2752 625 2818 utqui
660 2747 777 2816 ipse
801 2755 950 2801 tutor
980 2761 1104 2799 cum
1136 2744 1399 2815 magistro
1424 2740 1706 2812 Stephano
1739 2748 1795 2795 et
1820 2740 2030 2795 Joanne

446 2840 637 2905 Elatia,
691 2840 813 2909 ipso
872 2839 1079 2907 pariter
1136 2838 1419 2907 magistro,
1478 2845 1619 2899 erat,
1668 2832 1907 2904 publica:
1948 2833 2032 2889 rei

446 2950 635 2991 curam
671 2932 931 2997 habebat,
970 2932 1248 3001 rebusque
1282 2930 1351 2985 ad
1398 2929 1692 2998 imperium
1732 2926 2031 2999 spectanti-

446 3026 555 3085 bus
582 3028 775 3081 sedulo
809 3024 1058 3097 quotidie
1094 3038 1317 3095 operam
1350 3022 1610 3077 navabat.

2123 1910 2547 1982 τελευτήσαντος
2575 1915 2701 1977 παῖς
2735 1913 2818 1967 ἔτι
2846 1913 3130 1984 τυγχάνων
3154 1911 3404 1983 (ἕϐδομον
3453 1910 3563 1983 γὰρ
3588 1906 3704 1982 εἶχε

2123 2005 2224 2073 τῆς
2252 2004 2468 2074 ἡλικίας
2503 2004 2645 2077 ἔτος)
2679 2006 2772 2059 ὑπ’
2814 2004 3166 2075 Ἀλεξάνδρου
3205 2003 3301 2057 τοῦ
3348 2002 3491 2056 οεῑου
3540 2001 3702 2056 αὑτοῦ

2127 2096 2185 2149 ἐν
2211 2099 2275 2168 τῇ
2305 2096 2555 2171 βασιλείᾳ
2580 2098 2999 2162 καταλέλειπτο,
3034 2097 3139 2151 ὑπὸ
3166 2095 3483 2167 ἐπιτρόπων
3509 2094 3700 2150 τελῶν.

2141 2186 2521 2243 Ἐϐασίλευσεν
2580 2188 2674 2242 οὖν
2699 2190 2791 2242 ἐπὶ
2819 2188 2928 2242 τῶν
2958 2187 3124 2243 αὑτοῦ
3159 2186 3479 2258 ἐπιτρόπων
3507 2189 3603 2242 σὺν
3636 2188 3703 2256 τῇ

2132 2281 2303 2351 μητρὶ
2332 2280 2497 2349 ἔτερα
2542 2280 2637 2351 ἐτη
2668 2280 2829 2346 ἑπτὰ,
2860 2280 2980 2351 ἅμα
3027 2281 3083 2334 δὲ
3132 2279 3402 2350 Ῥωμανῷ
3460 2278 3708 2348 πενθερῷ

2129 2373 2295 2426 αύτοῦ
2321 2375 2379 2427 ὲν
2410 2374 2656 2445 ὑποταγῇ
2689 2373 2763 2427 ὦν
2780 2374 2945 2443 ἔτερα
2970 2374 3065 2443 ἔτη
3115 2373 3290 2426 εἴκοσι
3318 2371 3399 2436 ἓξ,
3438 2372 3711 2443 μονοκρά-

2130 2483 2242 2537 τωρ
2270 2466 2329 2519 δὲ
2366 2465 2458 2536 ἔτη
2483 2467 2804 2530 δεκαπέντε,
2837 2466 2914 2530 ὼς
2974 2462 3112 2520 εἶναι
3162 2464 3255 2519 τὸν
3287 2466 3467 2518 πάντα
3517 2463 3713 2534 χρόνον

2130 2558 2227 2626 τῆς
2253 2556 2531 2627 βασιλείας
2566 2558 2733 2613 αὐτοῦ
2765 2558 2860 2631 ἐτη
2887 2566 2982 2613 νε⁹.
3023 2558 3335 2628 Λασόμενος
3362 2551 3459 2612 οὖν
3484 2556 3582 2625 τῆς
3611 2555 3712 2609 τοῦ

2132 2651 2398 2706 παλατίου
2429 2652 2675 2718 ἐξουσίας
2699 2653 2728 2705 ὁ
2754 2654 3108 2725 πατριάρχης
3137 2651 3430 2715 Νικόλαος,
3462 2650 3557 2704 ἅτε
3584 2650 3683 2719 ἐπί

2131 2762 2332 2815 τροπος
2364 2747 2459 2800 καὶ
2485 2745 2649 2809 αὐτὸς
2677 2744 2754 2799 ὢν
2778 2746 2877 2801 σὺν
2900 2744 2979 2818 τῷ
3011 2745 3300 2817 μαγίστρῳ
3328 2743 3588 2816 Στεφάνῳ
3611 2740 3712 2796 καὶ

2131 2836 2210 2908 τῷ
2252 2838 2442 2911 Ἐλαδᾷ
2488 2838 2735 2913 Ἰωάννῃ,
2798 2841 2894 2892 καὶ
2923 2838 3076 2910 αὑτῷ
3126 2838 3430 2912 μαγίστρῳ,
3478 2837 3577 2903 τὴν
3608 2832 3711 2890 τοῦ

2134 2930 2315 2985 κοινοῦ
2344 2932 2605 3003 πρόνοιαν
2625 2934 2863 2987 ἐποιεῖτο
2896 2930 2993 2986 καὶ
3015 2931 3118 3002 τὴν
3149 2931 3411 3003 φροντίδα
3430 2928 3575 3002 εἶχεν
3596 2926 3712 2984 τῶν

2134 3026 2199 3094 τῇ
2241 3022 2490 3095 βασιλείᾳ
2515 3025 2825 3097 ἀνηκόντων
2854 3024 3200 3097 πραγμάτων
3226 3023 3519 3096 ὁσημέραι.

518 3141 573 3195 2.
604 3141 693 3197 Sic
728 3140 895 3211 igitur
926 3137 1141 3208 imperii
1175 3136 1338 3192 rebus
1368 3137 1705 3201 constitutis,
1738 3151 2029 3208 procerum

2206 3137 2271 3207 β’.
2320 3138 2410 3191 Ἐν
2437 3139 2651 3204 τούτοις
2682 3133 2777 3194 οὖν
2805 3141 2905 3211 τῆς
2928 3138 3207 3208 βασιλείας
3234 3137 3404 3208 οὔσης
3452 3134 3713 3208 δηλοῦται

450 3232 773 3304 quidam'ab
816 3231 954 3286 urbe
993 3229 1140 3301 regia
1176 3228 1537 3285 Constantino
1576 3230 1710 3285 Duci
1748 3229 2026 3300 legionum

452 3326 777 3391 domestico,
801 3334 862 3378 ut
896 3323 990 3394 qui
1018 3339 1144 3378 eum
1182 3338 1281 3378 ceu
1319 3322 1501 3377 virum
1532 3322 1724 3378 fortem
1752 3334 1809 3377 et
1846 3330 2028 3405 catum

456 3420 734 3491 probeque
780 3416 1021 3487 gerendo
1054 3416 1286 3485 imperio
1313 3432 1499 3486 parem
1528 3432 1871 3488 gnarumque
1901 3416 2029 3472 dili-

451 3523 666 3585 gerent,
685 3513 848 3583 875
869 3522 928 3567 ut
949 3510 1289 3582 ingrediatur
1305 3511 1655 3577 denuntiant,
1676 3512 1825 3567 nullo
1843 3512 2031 3569 labore

454 3607 612 3661 urbis
640 3620 864 3676 compos
909 3604 1127 3658 futurus
1153 3614 1209 3659 et
1243 3604 1298 3658 in
1339 3620 1397 3659 se
1437 3620 1619 3659 rerum
1663 3605 2032 3660 translaturus

453 3713 745 3756 summam.
789 3698 840 3753 Is
900 3706 1105 3759 autem,
1160 3705 1222 3749 ut
1272 3697 1361 3767 qui
1407 3699 1519 3767 jam
1566 3706 1693 3751 ante
1741 3698 2031 3768 imperium

453 3791 755 3847 somniaret
799 3789 1043 3858 scrtique
1082 3788 1359 3843 desiderio
1410 3804 1475 3843 ac
1522 3788 1849 3844 diadematis
1888 3804 2034 3842 nun-

454 3898 618 3955 quam
662 3896 771 3935 non
819 3889 1098 3944 aestuaret,
1150 3891 1353 3950 quanta
1404 3880 1560 3935 licuit
1619 3882 1926 3947 celeritate,
1976 3882 2032 3936 in

454 3974 647 4030 urbem
688 3974 893 4027 involat
938 3989 1061 4026 cum
1093 3973 1231 4027 lecta
1276 3990 1499 4029 suorum
1541 3988 1728 4036 manu,
1771 3989 1874 4029 nec
1917 3973 2034 4044 ipsa

455 4065 763 4137 spernenda
784 4065 1156 4130 multitudine,
1186 4074 1463 4135 noctuque
1488 4081 1587 4136 per
1607 4065 1886 4121 Michaelis
1904 4081 2035 4136 pro-

455 4157 759 4212 tovestiarii
786 4157 931 4212 haud
970 4158 1160 4226 procul
1193 4158 1262 4213 ab
1288 4173 1414 4213 arce
1463 4158 1661 4212 minori
1688 4157 2034 4231 obscureque

454 4253 597 4307 ostio
631 4251 931 4321 ingressus,
972 4250 1027 4303 in
1062 4250 1239 4304 soceri
1272 4251 1359 4304 sui
1400 4248 1652 4321 Gregora:
1700 4250 1909 4307 :edibus
1955 4251 2038 4308 in-

454 4345 663 4401 somnis
691 4359 817 4399 cum
841 4343 1009 4399 sociis
1037 4343 1355 4413 permansit.
1388 4342 1608 4398 Nicctas
1634 4358 1765 4399 vero
1789 4359 1819 4399 a
1851 4358 2036 4400 secre-

2132 3232 2529 3301 Κωνσταντὶνῳ
2556 3231 2637 3303 τῷ
2674 3233 2861 3299 Δουκὶ,
2909 3232 3217 3304 δομεστὶκῳ
3273 3231 3573 3304 ὑπάρχοντι
3599 3227 3717 3282 τῶν

2133 3326 2363 3396 σχολῶν.
2390 3326 2539 3398 ποιρὰ
2586 3342 2751 3380 τινων
2804 3325 2914 3380 τῶν
2944 3326 3004 3378 ὲν
3036 3328 3103 3396 τῇ
3138 3324 3293 3379 πόλει
3345 3321 3711 3399 μεγιστάνων.

2133 3419 2432 3488 φιλούντων
2461 3420 2629 3474 αὐτὸν
2657 3418 2733 3483 ὡς
2758 3417 3006 3490 ἀνδρεῖον
3034 3418 3129 3472 καὶ
3152 3420 3378 3493 νουνεχῆ
3407 3422 3501 3473 καὶ
3530 3411 3715 3475 καλῶς

2132 3511 2427 3580 δυνάμενον
2456 3511 2556 3583 τὴν
2587 3509 2867 3581 βασιλείαν
2899 3509 3288 3583 διακυϐερνᾷν,
3316 3512 3577 3568 εἰσελθεῖν
3617 3503 3718 3555 καὶ

2134 3603 2338 3672 ταύτης
2397 3603 2646 3675 ἐγκρατῆ
2703 3602 2957 3672 γενέσθαι
3006 3603 3260 3673 ἀπονητί.
3305 3602 3366 3659 Ὅ
3410 3607 3465 3659 δὲ
3491 3606 3584 3660 ᾰτε
3618 3613 3712 3664 καὶ

2135 3697 2403 3765 πρότερον
2448 3694 2617 3768 αὐτὴν
2667 3696 3027 3767 ὀνειροπολῶν
3080 3698 3177 3751 καὶ
3220 3696 3315 3751 τοῦ
3348 3698 3578 3769 στίφους
3621 3703 3712 3758 ἀεὶ

2135 3789 2548 3859 ἐφιέμενος,.ὡς
2578 3784 2693 3859 εἶχε
2722 3787 2942 3859 τάχους,
2989 3788 3090 3861 τὴν
3139 3787 3533 3860 βασιλεύουσαν
3574 3811 3711 3848 κιτ-

2137 3881 2331 3935 ἐλαϐεν
2362 3882 2478 3953 ἅμα
2504 3883 2616 3945 τοῖς
2670 3881 2770 3934 σὺν
2804 3880 2957 3953 αύτῷ
2998 3881 3274 3953 ὲγκρίτοις
3332 3883 3535 3948 ἱκανοῖς
3565 3884 3707 3941 οὖσι.

2138 3977 2247 4029 Καὶ
2268 3974 2461 4037 νυκτὸς
2486 3974 2575 4028 διὰ
2601 3974 2975 4045 παραπυλίδος
3000 3973 3261 4030 εἱσελοὼν
3300 3975 3395 4031 τοῦ
3429 3979 3709 4049 πρωτοϐι-

2139 4067 2386 4141 στιαρίου
2413 4065 2656 4138 Μιχαὴλ,
2682 4065 2849 4137 οὔσης
2878 4068 3106 4141 πλησίον
3143 4068 3512 4140 ἀκροπόλεως,
3549 4075 3608 4126 ἰν
3631 4074 3710 4143 τῷ

2136 4162 2271 4231 οἴκῳ
2296 4159 2391 4215 τοῦ
2417 4156 2681 4229 πενθεροῦ
2707 4157 2874 4212 αύτοῦ
2902 4158 3161 4231 Γρηγορᾶ
3200 4160 3406 4226 ἇῢπνος
3431 4164 3574 4234 μετὰ
3602 4165 3710 4222 τῶν

2139 4253 2408 4309 συνόντων
2438 4248 2587 4323 αύτῷ
2638 4250 2963 4306 διετέλεσεν.
3002 4252 3248 4322 Νικὴτας
3286 4254 3342 4307 δὲ
3383 4255 3705 4326 ἀσηκρῆτις,

2138 4347 2169 4401 ὁ
2203 4345 2341 4417 μετὰ
2390 4347 2566 4399 ταῦτα
2603 4344 3043 4416 πρωτονοτάριος
3095 4346 3360 4415 γεγονὼς,
3397 4348 3524 4420 τὴν,
3549 4350 3708 4404 κων-

454 4437 560 4505 tis,
614 4437 710 4509 qui
770 4449 958 4507 postea
1015 4438 1432 4507 protonotarius
1488 4436 1639 4503 fuit,
1691 4435 2029 4495 Constantini

2142 4436 2422 4492 σταντὶνου
2470 4435 2658 4507 ἄφιξιν
2707 4434 2785 4506 τῷ
2832 4436 3110 4509 πατρικίῳ
3166 4438 3564 4512 Κωνσταντίνῳ
3616 4441 3711 4496 καὶ

455 4527 751 4583 adventum
780 4524 1144 4581 Constantino
1171 4526 1403 4596 patricio
1431 4535 1487 4583 et
1515 4528 1786 4582 monacho
1810 4527 2029 4585 Eladico

2141 4529 2361 4601 μοναχῷ
2397 4527 2477 4599 τῷ
2538 4526 2803 4600 Ἐλαδικῷ
2852 4530 3268 4600 κατεμήνυσεν
3293 4532 3390 4586 καὶ
3431 4509 3601 4603 ἄμφω
3642 4536 3708 4606 τῇ

456 4619 735 4674 nuntiavit
759 4635 773 4681 ;
803 4618 1075 4689 amboque
1103 4618 1296 4673 eadem
1324 4627 1486 4674 nocte
1516 4619 1584 4675 ad
1613 4617 2033 4676 Constantinum

456 4707 659 4763 Ducem
710 4722 911 4762 venere
949 4724 964 4772 ;
1016 4708 1264 4777 initoque
1304 4709 1536 4763 consilio
1563 4748 1578 4772 .
1621 4726 1747 4767 cum
1800 4712 2074 4767 necdum-

458 4799 766 4863 diluxisset,
792 4797 886 4852 sed
922 4798 1103 4853 adhuc
1140 4800 1381 4853 tenebra:
1413 4810 1619 4865 essent.
1658 4817 1784 4856 cum
1826 4801 2041 4858 facibus

458 4889 806 4958 militumque
858 4905 969 4944 non
1013 4889 1119 4943 levi
1170 4900 1379 4944 armata
1428 4907 1591 4945 manu
1630 4890 1774 4947 Circi
1820 4903 2036 4963 portam

459 4979 748 5044 invadunt,
770 4982 1074 5051 faustisque
1108 4983 1596 5039 acclamationibus
1614 4983 2035 5039 Constantinum

463 5085 523 5130 ut
554 5075 937 5144 imperatorem
976 5076 1237 5129 salutant.
1280 5074 1357 5129 lbi
1394 5077 1512 5146 ejus
1549 5077 1741 5147 equiso
1782 5093 1811 5130 a
1847 5078 2037 5147 przesi-

462 5167 673 5229 diariis,
712 5167 889 5235 iisque
916 5166 1011 5237 qui
1040 5170 1180 5221 intra
1224 5176 1407 5239 portas
1432 5177 1607 5233 erant,
1636 5170 1822 5224 lancea
1862 5179 2039 5225 trans-

464 5259 603 5312 ﬁxus
628 5258 907 5314 occubuit.

533 5374 585 5427 5.
638 5373 755 5427 Non
806 5374 1081 5428 admissus
1134 5374 1318 5441 itaque
1348 5372 1744 5428 Constantinus
1775 5374 1870 5431 sed
1900 5375 2032 5429 sub-

465 5471 666 5526 motus,
695 5463 845 5517 velut
869 5462 1132 5517 daemonis
1154 5461 1435 5534 cujusdam
1465 5462 1643 5517 aﬂlatu
1668 5464 1827 5519 furiis
1858 5474 2033 5528 actus.

464 5567 585 5612 nec.
614 5568 732 5622 quo
769 5552 985 5623 imperii
1011 5568 1199 5607 amore
1223 5552 1505 5622 agebatur.
1555 5554 1702 5609 sanis
1732 5553 1866 5609 satis
1887 5571 2037 5609 mens

465 5650 533 5703 tis
584 5649 892 5701 rationibus
946 5648 1001 5702 in
1030 5647 1251 5701 Circum
1311 5662 1369 5702 se
1412 5648 1588 5700 tristis
1638 5648 1902 5717 vultuque
1942 5647 2039 5702 de-

466 5740 631 5794 misso
664 5740 958 5805 subducit,
1014 5740 1215 5793 malum
1267 5755 1427 5793 omen
1463 5748 1724 5808 reputans
1758 5740 2037 5793 sublatum

2136 4622 2274 4693 αὐτῇ
2301 4620 2462 4675 νυκτὶ
2492 4622 2631 4692 πρδς
2677 4618 2771 4673 τὸν
2803 4620 2985 4675 Δοῦκα
3030 4622 3443 4678 Κωνσταντῐνον
3477 4627 3710 4696 παρεγέ-

2137 4731 2326 4769 νοντοσ
2356 4713 2453 4767 καὶ
2480 4712 2678 4784 βουλὴν
2725 4714 3107 4785 ποιησάμενοι,
3150 4713 3303 4770 οὔπω
3350 4718 3449 4788 τῆς
3498 4717 3711 4788 ἡμέρας

2139 4805 2575 4875 καταλαϐούσης,
2596 4804 2710 4860 ἀλλ’
2744 4803 2827 4859 ἔτι
2867 4807 3087 4870 σκοτίας
3115 4805 3469 4877 οὗσης.ξμιτὰ
3494 4807 3709 4880 λαμπῶ-

2139 4896 2244 4950 δων
2272 4900 2367 4951 καὶ
2390 4896 2484 4949 τοῦ
2506 4895 2638 4950 λαοῦ
2658 4895 2855 4951 πολλοῦ
2881 4897 2974 4951 καὶ
2996 4898 3178 4952 ὃπλων
3207 4899 3308 4969 τὴν
3327 4899 3421 4953 τοῦ
3450 4900 3711 4971 ἱπποδρό-

2147 5007 2250 5060 μου
2294 4988 2472 5059 πύλην
2524 4991 3031 5061 καταλαμϐάνουσι,
3085 4993 3494 5046 Κωνσταντίνον
3542 4994 3713 5065 5591;-

2146 5079 2373 5149 μοῦντες
2406 5081 2483 5145 ὼς
2527 5082 2771 5152 βασιλέα.
2828 5081 2998 5137 Ἔνθα
3036 5084 3102 5152 δὴ
3133 5085 3161 5137 ό
3186 5084 3377 5141 τούτου
3407 5086 3714 5154 ἱπποκόμος

2141 5174 2459 5243 λογχευθεὶς
2499 5174 2650 5245 παρὰ
2667 5174 2777 5228 τῶν
2806 5175 2959 5237 ἐντὸς
2986 5175 3096 5229 τῶν
3127 5176 3222 5229 τοῦ
3249 5176 3583 5247 ἱπποδρόμου
3610 5194 3717 5233 πυ·

2142 5263 2250 5319 λῶν
2274 5265 2537 5337 ἀνῃρέθη.

2212 5377 2282 5447 γ’.
2302 5379 2394 5448 Μὴ
2406 5378 2614 5449 δεχθεὶς
2633 5374 2726 5433 οὖν
2744 5381 3167 5446 Κωνσταντῖνος,
3186 5382 3300 5435 ἀλλ’
3326 5383 3713 5456 ἀποσοσηθιὶς,

2142 5468 2331 5539 ὥσπερ
2359 5468 2466 5522 ύπό
2514 5486 2662 5533 τινος
2710 5469 3179 5541 ἇκὸακχευόμενος
3206 5470 3457 5543 δαίμονος
3504 5474 3596 5529 καὶ
3633 5477 3714 5546 μὴ

2142 5559 2486 5628 ἐφεστηκότα
2520 5558 2659 5629 ἔχων
2715 5559 2806 5612 τὸν
2854 5559 3116 5630 λογισμδν
3164 5561 3242 5632 τῷ
3289 5563 3387 5632 τῆς
3434 5563 3718 5634 βασιλείας

2145 5650 2325 5722 ἱρωτι,
2362 5654 2418 5703 ὲν
2447 5651 2523 5722 τῷ
2556 5653 2880 5723 ἱπποδρόμῳ
2900 5652 3258 5723 ὑπεχώρησεν
3286 5658 3514 5725 στυγνός
3540 5675 3596 5711 τε
3620 5663 3717 5715 καὶ

2149 5743 2418 5813 κατηφὴς.
2475 5745 2642 5799 κακὸν
2676 5744 2864 5797 οἰωνὸν
2908 5744 3005 5816 τὴν
3036 5745 3130 5799 τοῦ
3165 5749 3471 5816 ἱπποκόμου
3522 5752 3719 5816 κρίνας
