4090 6022
454 99 565 161 943

1723 95 2043 158 GEORGII
2084 93 2434 156 MONACHI

3623 94 3735 160 9H

453 211 591 264 alios
624 211 1033 276 conculcarcnt,
1075 210 1212 266 alios
1256 211 1442 267 hostes
1479 210 1839 282 perimet-cut.
1884 221 2024 266 tanta

2136 204 2243 259 λων
2271 205 2770 278 συμπατουμένων,
2795 208 2901 260 τῶν
2930 207 2988 260 δὲ
3007 206 3115 261 ὑπὸ
3141 205 3249 262 τῶν
3274 209 3550 280 πολεμίων
3573 210 3732 264 ἀναι-

458 304 741 358 ziominum
781 316 960 375 strage
998 315 1200 374 quanta
1253 320 1353 359 nec
1396 322 1426 360 a
1476 307 1677 360 smculo
1709 304 1899 360 audita
1925 316 2031 361 εει.

455 396 565 449 Leo
614 395 948 451 domesticus
999 396 1054 452 iu
1110 396 1490 452 Mesembriam
1546 411 1740 468 sospes
1779 407 2035 468 receptus

451 495 558 540 est.
591 489 798 543 Pmter
813 488 981 560 882
997 488 1137 544 alios
1164 503 1296 543 vero
1328 489 1385 543 in
1417 505 1612 560 pugna:
1644 490 2035 559 congressione

456 587 685 633 necatus
718 591 802 633 est
829 579 1225 638 Constantinus
1260 581 1392 636 Afer
1421 591 1478 637 et
1515 582 1757 638 Joannes
1799 581 2028 652 Crapso,

457 671 657 742 aliique
693 671 1006 729 oﬂiciaiium
1038 688 1443 746 procerumque
1466 674 1774 745 perplures.

527 764 614 818 Η.
666 765 861 821 Missus
905 766 1086 821 fuerat
1133 777 1189 824 et
1235 767 1517 823 Romanus
1544 769 1809 839 patricius
1840 770 2032 840 reique

455 854 664 910 navalis
719 855 1052 926 drungarius
1092 872 1219 912 cum
1271 858 1420 912 omni
1463 859 1658 922 classe,
1704 866 1765 912 ut
1791 857 2029 914 Danubii

453 947 640 1001 littora
670 948 875 1018 legeret
899 947 1138 1003 acLeoni
1161 949 1356 1005 Phoca:
1382 950 1660 1021 suppetias
1693 951 1833 1007 iret:
1869 951 2032 1008 Joan-

454 1053 556 1091 nes
593 1037 720 1092 item
749 1037 943 1108 Rogas,
986 1041 1065 1094 uti
1096 1039 1306 1094 dictum
1336 1049 1441 1106 est,
1467 1043 1561 1112 qui
1585 1041 1905 1098 Patzinacas
1933 1042 2033 1098 ad-

455 1130 700 1184 duceret.
757 1129 1038 1186 Romanus
1070 1131 1407 1202 drungarius
1431 1132 1485 1187 in
1509 1134 1779 1190 mandatis
1805 1149 2034 1207 accepe-

455 1232 541 1277 rat
568 1232 626 1277 ut
653 1237 751 1279 eos
771 1223 1064 1278 adversum
1100 1224 1364 1294 Bulgaros
1389 1225 1594 1280 auxilio
1616 1225 1833 1280 futurus
1859 1225 2031 1281 Leoni

455 1315 652 1371 Phoceu
693 1317 969 1386 trajiceret
1029 1317 1323 1387 Versisque
1372 1317 1452 1371 eis
1494 1318 1548 1371 in
1579 1318 1805 1372 dissidia
1836 1319 2030 1374 verbo-

455 1424 688 1478 rumque
711 1409 1094 1464 contentiones
1113 1449 1128 1473 ,
1160 1408 1413 1464 videntes
1442 1410 1762 1467 Patzinaees
1781 1411 1860 1467 sic
1886 1412 2031 1466 inter

455 1515 515 1555 se
548 1500 829 1557 discordes
863 1509 1026 1571 atque
1061 1502 1324 1566 rixantes,
1356 1501 1580 1557 domum
1620 1502 1854 1560 rediere.

526 1766 613 1821 18.
659 1768 777 1823 Jam
805 1782 936 1824 vero
967 1768 1124 1824 linito
1158 1770 1326 1831 bello,
1375 1786 1438 1825 ac
1478 1779 1590 1824 tum
1623 1772 1870 1826 Romano
1914 1780 2029 1825 tum

455 1858 599 1930 Boga
651 1860 709 1915 in
765 1859 957 1915 urbem
1013 1864 1274 1928 reversis,
1314 1876 1508 1917 eorum
1548 1871 1696 1918 mota
1729 1878 1894 1918 causa
1921 1869 2025 1917 est.

452 1952 717 2024 Adeoque
768 1953 823 2007 in
877 1963 1090 2010 tantum
1134 1954 1362 2011 Romani
1398 1957 1686 2026 drungarii
1719 1957 2030 2026 periculum

454 2045 704 2101 adductae
735 2061 845 2112 res,
883 2047 1277 2102 utamissionis
1297 2047 1567 2103 luminum
1601 2064 1765 2118 pmna
1792 2051 1868 2104 illi
1915 2060 2029 2104 sta-

454 2150 571 2196 tuta
592 2143 682 2208 sit,
707 2142 856 2196 velut
885 2143 977 2210 qui
1003 2143 1332 2214 negligentia
1361 2159 1457 2198 seu
1483 2145 1670 2215 potius
1698 2146 1867 2200 animi
1899 2161 2033 2216 pra-

456 2234 622 2288 vitate
662 2248 726 2287 ac
765 2235 1012 2302 nequitia
1055 2235 1375 2290 Patziuacas
1414 2251 1524 2289 non
1574 2236 1902 2307 trajecisset,
1933 2237 2029 2292 sed

452 2341 513 2381 se
544 2323 711 2381 citius
743 2325 1097 2382 subduxisset
1121 2368 1134 2389 ,
1168 2343 1230 2381 ac
1257 2343 1325 2382 ne
1359 2327 1633 2397 fugientes
1657 2328 1881 2398 quidem
1917 2329 2029 2384 Ro-

456 2432 648 2472 manos
698 2419 755 2472 in
801 2418 1035 2473 navibus
1086 2421 1409 2487 recepisset.
1462 2423 1538 2475 Ac
1585 2421 1659 2475 ita
1697 2430 1847 2477 certe
1896 2423 2034 2480 luis-

452 2520 557 2574 set,
601 2511 707 2566 nisi
767 2511 1128 2566 Constantino
1179 2512 1428 2584 Gongulo
1478 2523 1537 2568 et
1585 2513 1865 2584 Stephano
1919 2531 2034 2571 ma-

451 2605 672 2674 gistro,
723 2619 830 2673 qua
878 2603 1020 2672 apud
1088 2606 1388 2676 Augustam
1443 2622 1655 2662 summa
1705 2608 2033 2666 auctoritate

452 2697 752 2764 pollebant,
788 2698 1200 2752 eounitentibus
1225 2699 1278 2752 in
1305 2702 1644 2754 contrarium
1667 2700 1772 2756 lata
1808 2715 2031 2759 senten-

452 2788 525 2842 tia
553 2789 998 2844 illi-versa-essct.

524 2881 609 2934 i9.
664 2882 909 2951 Bulgaris
934 2891 1119 2936 autem
1152 2899 1250 2953 per
1276 2884 1331 2938 id
1365 2895 1581 2954 tempus
1613 2887 1840 2940 victoria
1871 2886 2033 2943 elatis

2145 298 2447 371 ρουμένων,
2474 301 2708 370 αἵματός
2742 319 2802 356 τε
2835 302 2994 373 χύσις
3028 302 3118 356 οἶα
3138 301 3198 368 ἐξ
3233 301 3432 367 αἰῶνος
3455 302 3558 359 οὐκ
3602 306 3734 373 ἐγέ-

2142 391 2305 446 νετο.’
2333 391 2489 447 Λέων
2531 395 2560 447 6
2609 393 2933 465 δομέατικος
2995 397 3056 449 ὲν
3105 395 3445 470 Μεσημϐριςι
3491 395 3731 467 διεσώθη

2143 482 2348 551 φυγών.
2397 482 2647 556 Ἐσφάγη
2678 485 2737 540 δὲ
2783 486 2922 556 πρὸς
2961 489 3073 551 τοῖς
3105 486 3291 550 ἄλλοις
3315 487 3378 542 ὲν
3402 489 3469 558 τῇ
3501 487 3597 541 τοῦ
3627 505 3729 540 πο-

2142 575 2310 646 λέμου
2349 576 2597 650 συμϐολῇ
2627 581 2725 633 καὶ
2756 580 3170 643 Κωνσταντῖνος
3202 581 3231 632 6
3269 578 3380 648 Λὶψ
3412 578 3507 633 καὶ
3548 580 3730 633 Ἰωάν-

2141 686 2241 740 νης
2268 670 2298 723 6
2327 669 2560 741 Γράψων
2583 673 2676 726 καὶ
2696 672 2848 726 ἄλλοι
2870 672 2978 728 τῶν
3004 673 3285 743 ἀρχόντων
3316 672 3513 727 ἱκανοί.

2214 760 2306 827 ιζ’.
2344 763 2650 835 ’Δπεστάλη
2676 765 2734 818 δὲ
2787 764 2910 818 τότε
2961 764 3058 818 καὶ
3099 764 3384 836 Ῥωμανὸς
3436 763 3727 834 πατρίκιος

2142 853 2237 907 καὶ
2271 852 2638 927 δρουγγάριος
2676 855 2753 911 ὢν
2777 857 2888 911 τῶν
2913 856 3182 927 πλωῖμων
3227 857 3366 927 μετὰ
3391 857 3598 920 παντὸς
3631 855 3720 909 τοῦ

2142 942 2330 996 στόλου
2355 945 2414 998 ὲν
2433 945 2512 1016 τῷ
2537 946 2818 1018 Δανουϐίῳ
2849 946 3082 1019 ποταμῷ
3114 947 3403 1019 βοηθήσων
3431 945 3626 1001 Λέοντι
3647 944 3714 1014 τῷ

2139 1034 2303 1107 Φωκᾷ
2328 1052 2344 1066 '
2384 1036 2522 1094 ἀλλὰ
2546 1037 2642 1091 καὶ
2684 1039 2940 1110 Ἰωάννης
2967 1039 2998 1091 6
3032 1040 3211 1108 Βογᾶς
3242 1042 3579 1107 καταγαγεῖν
3608 1039 3715 1092 Πα-

2138 1127 2424 1195 τζίνακας,
2474 1129 2548 1194 ὡς
2594 1130 2944 1204 προείρηται,
2975 1132 3364 1195 κελευσθέντος
3403 1131 3497 1185 τοῦ
3532 1130 3718 1201 δρουγ-

2139 1220 2335 1291 γαρίου
2376 1220 2660 1291 Ῥωμανοῦ
2693 1221 3026 1296 διαπερᾶσαι
3051 1224 3275 1289 τούτους
3318 1222 3466 1278 κατὰ
3494 1221 3722 1290 Βουλγά·

2142 1328 2272 1382 ρων,
2309 1309 2452 1365 ὥστε
2492 1315 2856 1387 συμμαχῆσαι
2885 1318 3076 1372 Λέοντι
3096 1318 3282 1388 Φωκᾷ.
3329 1315 3615 1387 Ῥωμανοῦ
3665 1313 3722 1366 δί

2139 1403 2234 1456 καὶ
2277 1403 2527 1458 Ἰωάννου
2566 1405 2660 1459 τοῦ
2689 1407 2834 1476 Βογᾶ
2876 1412 2959 1470 εις
3011 1409 3195 1482 ἔριδας
3243 1410 3341 1463 καλ⁵
3387 1407 3719 1477 λογομαχίας

2140 1493 2410 1563 ἐλθόντες,
2441 1497 2676 1566 ὁρῶντες
2704 1501 2904 1565 αὐτοὺς
2925 1503 2980 1556 οἱ
3019 1501 3357 1566 Πατζίνακοι
3389 1500 3529 1572 πρὸς
3558 1499 3723 1569 αλλή-

2062 1625 2106 1686 B
2137 1588 2263 1653 λους
2293 1590 2730 1665 διαμαχομένους
2770 1594 2868 1650 καὶ
2902 1595 3298 1662 στασιάζοντας
3351 1593 3720 1665 ὑπεχώρησαν

2133 1681 2214 1744 εἰς
2238 1682 2306 1736 τὰ
2339 1682 2468 1738 ἴδια.

2207 1771 2298 1843 ιη’.
2345 1775 2453 1832 Τοῦ
2484 1777 2726 1850 πολέμου
2752 1777 2812 1834 δὲ
2861 1778 2964 1851 ήδη
2993 1779 3147 1844 τέλος
3173 1777 3438 1844 λαϐόντος
3457 1777 3553 1831 καὶ
3587 1779 3718 1831 ὑπο-

2134 1867 2484 1939 στρεψάντων
2513 1869 2572 1923 ἐν
2620 1873 2689 1941 τῇ
2729 1870 2882 1928 πόλει
2920 1872 3014 1926 τοῦ
3065 1888 3126 1926 τε
3168 1871 3452 1944 Ῥωμανοῦ
3498 1869 3597 1924 καὶ
3623 1868 3719 1922 τοῦ

2133 1959 2298 2028 Bora,
2330 1961 2401 2014 τά
2441 1961 2560 2016 κατ’
2607 1963 2790 2018 αὐτῶν
2819 1965 3180 2037 ἐκινήθησαν,
3213 1968 3310 2020 καὶ
3354 1967 3433 2029 et;
3463 1963 3721 2019 τοσοῦτον

2132 2053 2377 2106 κίνδυνον
2425 2054 2519 2110 τὸν
2585 2056 2955 2130 δρουγγάριον
2996 2058 3286 2131 Ῥωμανὸν
3347 2059 3721 2130 περιέστησαν

2131 2146 2274 2201 ὥστε
2305 2148 2782 2215 καταδικάζουσαν
2811 2150 2996 2224 ψῆφον
3028 2155 3362 2225 ἀνήνεγκαν,
3387 2152 3499 2206 τῶν
3516 2150 3720 2221 ὀφθαλ-

2134 2241 2253 2311 μῶν
2281 2243 2616 2313 στερηθῆναι
2665 2244 2742 2308 ὡς
2774 2246 3028 2319 ἀμελείᾳ,
3069 2246 3372 2319 μᾶλλον,δὲ
3407 2245 3722 2318 κακουργίᾳ

2135 2330 2212 2402 μὴ
2240 2331 2646 2402 διαπεράσαντα
2685 2338 2810 2400 τοὺς
2844 2337 3216 2404 Πατζίνακας,
3252 2337 3370 2392 ἀλλ’
3426 2339 3718 2409 ὑποχωρή-

2135 2441 2305 2477 σαντα
2337 2425 2524 2495 τάχιον
2545 2432 2640 2481 καὶ
2674 2428 2814 2498 μηδὲ
2840 2429 2966 2491 τοὺς
2998 2430 3299 2500 φεύγοντας
3342 2431 3630 2502 Ῥωμαίων
3654 2431 3717 2484 ιν

2131 2519 2246 2580 τοῖς
2280 2517 2487 2582 πλοίοις
2513 2520 2932 2591 ὑποδεξάμενον.
2971 2523 3079 2576 Καὶ
3115 2522 3276 2576 τοῦτο
3307 2525 3375 2576 ἂν
3405 2523 3450 2555 ³¹
3481 2525 3722 2576 ἐπεπόν-

2133 2610 2237 2678 θει,
2269 2614 2316 2664 εἰ
2345 2612 2421 2684 μὴ
2458 2614 2607 2684 παρὰ
2636 2615 3053 2670 Κωνσταντίνου
3082 2617 3355 2688 Γογγύλου
3387 2617 3482 2671 καὶ
3504 2618 3716 2686 Στεφά-

2135 2720 2224 2757 νου
2258 2703 2354 2758 τοῦ
2389 2706 2715 2775 μαγίστρου,
2756 2708 2832 2770 ὡς
2865 2708 3184 2779 δυναμένων
3210 2710 3362 2781 παρὰ
3395 2715 3462 2782 τῇ
3498 2710 3718 2779 A6705-

2136 2811 2236 2866 στῃ
2265 2795 2456 2861 πολλὰ,
2488 2800 2555 2852 τὰ
2585 2801 2689 2867 τῆς
2713 2799 3015 2872 καταδίκης
3039 2803 3344 2874 ἀνετράπη.

2209 2887 2297 2959 [Ρ.
2324 2888 2452 2961 570]
2481 2890 2566 2944 ιϐ’.
2605 2891 2729 2946 Τῶν
2756 2894 2813 2946 δὲ
2847 2893 3175 2964 Βουλγάρων
3203 2895 3460 2966 τηνικάδε
3492 2899 3559 2968 τῇ
3587 2895 3717 2969 νίκῃ

450 2973 519 3027 ad
550 2973 830 3043 ipsamque
858 2974 1049 3028 urbem
1087 2977 1533 3040 excurrentibus,
1571 2992 1827 3049 egressus
1851 2978 1906 3034 in
1934 2994 2024 3036 eos

2134 2983 2589 3054 κατεπαρθέντων
2624 2987 2718 3040 καὶ
2746 2987 3268 3057 ἐκστρατευσάντων
3294 2989 3458 3060 μέχρι
3490 2989 3590 3058 τῆς
3618 2990 3717 3042 πό-

449 3067 662 3121 est‘Leo
689 3069 962 3136 legionum
982 3067 1319 3121 domesticus
1338 3075 1393 3122 et
1411 3068 1651 3125 Joannes
1671 3071 1839 3143 883
1858 3071 2029 3128 hetae—

452 3160 690 3223 riareha,
720 3159 995 3227 Ducisque
1028 3159 1174 3213 filius
1207 3160 1482 3226 Nicolaus,
1525 3162 1581 3217 in
1634 3163 1816 3218 locum
1861 3180 2025 3235 quem

449 3249 761 3318 Catasyrtas
803 3259 1020 3314 vocant,
1070 3266 1195 3305 cum
1245 3250 1562 3322 iungentibus
1592 3253 1800 3323 copiis;
1832 3264 2027 3311 noctu—

451 3357 557 3410 que
604 3358 666 3396 ex
713 3341 1013 3411 improviso
1068 3342 1410 3397 irruentibus
1459 3343 1517 3398 iu
1555 3361 1652 3400 eos
1686 3347 1936 3418 Bulgaris
1961 3364 2026 3404 ac

449 3432 753 3488 domestico
771 3432 824 3486 in
853 3433 1030 3501 fugam
1055 3447 1237 3496 verso,
1263 3434 1517 3489 Nicolaus
1541 3436 1702 3491 Ducis
1729 3439 1873 3494 [ilius
1896 3455 2021 3494 eum

447 3525 572 3580 allis
602 3526 790 3580 multis
815 3528 1032 3581 occisus
1061 3538 1164 3582 est.

514 3707 603 3760 20.
661 3709 986 3765 Theodorus
1026 3713 1210 3782 itaque
1269 3714 1622 3773 Constantini
1670 3721 2023 3790 imperatoris

447 3799 792 3868 paedagogus,
817 3800 1236 3860 Constantinum
1265 3810 1638 3866 accubitorem
1663 3812 1769 3869 hoc
1786 3815 2022 3872 molien~

446 3897 557 3943 tem
593 3892 1034 3950 animadverteris
1075 3908 1136 3952 ut
1168 3900 1459 3969 imperium
1494 3904 1546 3957 in
1590 3906 1830 3962 Leonem
1859 3925 2019 3966 suum

445 3995 508 4032 ex
539 3997 726 4038 sorore
776 3984 988 4040 aliiuem
1022 3992 1361 4058 transferret,
1388 3995 1748 4054 Constantino
1785 4001 2022 4072 impera-

450 4074 552 4126 tori
583 4085 778 4130 auctor
819 4087 903 4134 est
945 4091 1005 4134 ut
1040 4082 1347 4139 Romanum
1385 4088 1743 4159 drungarium
1775 4109 2020 4151 assumat

443 4166 595 4220 velut
621 4164 755 4221 olim
788 4169 962 4237 patris
998 4187 1216 4228 servum
1251 4175 1546 4245 ingenuum
1606 4181 1864 4253 illiusque
1892 4202 2018 4256 pro-

438 4271 607 4326 pensa
638 4260 920 4318 voluntate
942 4264 1177 4321 amicum
1208 4283 1270 4322 ac
1299 4273 1627 4336 studiosum,
1658 4286 1715 4329 ut
1746 4292 1868 4331 cum
1899 4279 2018 4348 ipso

2135 3076 2292 3140 λεως,
2326 3074 2552 3143 ἐξῆλθεν
2581 3078 2734 3132 Λέων
2769 3080 2798 3132 6
2846 3079 3169 3151 δομέστικος
3215 3080 3326 3135 τῶν
3357 3082 3567 3153 σχολῶν
3617 3082 3715 3136 καὶ

2147 3166 2401 3239 Ἰωάννης
2425 3171 2809 3242 έταιρειάρχης
2840 3173 2934 3226 καὶ
2953 3174 3224 3237 Νικόλαος
3255 3177 3283 3229 ό
3311 3175 3425 3239 υἱὸς
3455 3175 3549 3228 τοῦ
3575 3177 3712 3229 Δου-

2134 3260 2229 3323 κὸς
2256 3262 2336 3324 εἰς
2371 3262 2548 3332 χῶρον
2571 3263 2832 3335 Θρᾳκῷον
2859 3264 3003 3320 οὕτω
3030 3265 3322 3338 λεγόμενον
3345 3267 3712 3343 Κατασύρτας

2133 3353 2251 3424 ἅμα
2310 3357 2551 3428 πλείστῳ
2589 3359 2706 3429 λαῷ
2756 3360 2897 3415 κατὰ
2929 3362 3279 3434 Βουλγάρων.
3326 3364 3407 3435 Τῇ
3447 3363 3506 3416 δὲ
3551 3367 3713 3420 νυκτὶ

2132 3450 2413 3521 ἀδοκήτως
2447 3452 2824 3509 ἐπιπεσόντων
2875 3456 3060 3517 αὐτοῖς
3090 3457 3196 3510 τῶν
3253 3458 3583 3529 ὼυλγάρων
3613 3461 3713 3513 καὶ

2132 3541 2228 3596 τοῦ
2279 3543 2604 3613 δομεστξκου
2653 3547 2920 3615 φυγόντος
2975 3550 3188 3621 ἐσφάγη
3226 3550 3495 3614 Νικόλαος
3525 3554 3552 3606 ὁ
3592 3553 3714 3618 υἱὸς

2131 3634 2225 3688 τοῦ
2255 3636 2456 3698 Δουκδς
2478 3640 2570 3691 καὶ
2606 3638 2793 3692 πολλοὶ
2812 3640 2988 3711 ἕτεροι
3027 3644 3148 3708 μετ’
3178 3641 3366 3696 αὐτοῦ.

2203 3725 2273 3780 κ’.
2302 3725 2574 3798 Θεόδωρος
2627 3729 2720 3784 οὖν
2762 3732 2791 3784 6
2833 3731 2927 3784 τοῦ
2982 3731 3244 3802 βασιλέως
3290 3736 3710 3789 Κωνσταντξνου

2132 3819 2480 3888 παιδαγωγὸς
2533 3821 2678 3891 ὁρῶν
2728 3823 3140 3878 Κωνσταντῖνον
3204 3830 3715 3898 παρακοιμώμενον

2123 3913 2209 3974 εἰς
2235 3912 2440 3964 Λέοντα
2467 3912 2560 3966 τὸν
2589 3914 2718 3966 ἴδιον
2770 3912 3021 3986 γαμϐρὸν
3061 3915 3165 3987 τήν
3201 3915 3483 3987 βασιλείαν
3515 3936 3712 3989 σφετε-

2132 4003 2440 4072 ριζόμενον,
2475 4004 2720 4076 ὑπέθηκε
2747 4008 3145 4081 Κωνσταντξνῳ
3172 4009 3387 4080 βασιλεῖ
3425 4013 3710 4084 Ῥωμανὸν

2128 4093 2489 4165 δρουγγάριον
2525 4098 2896 4169 προϐαλέσθαι
2924 4101 3000 4165 ὼς
3021 4104 3290 4174 πατρικὸν
3321 4105 3491 4159 αὑτοῦ
3520 4108 3711 4162 δοῦλον

2128 4188 2220 4240 καὶ
2262 4186 2456 4243 εὔνουν
2501 4191 2568 4244 τὰ
2621 4193 2758 4262 πρὸς
2792 4194 2976 4260 αὐτὸν,
3007 4195 3181 4258 ἀκρᾶν
3284 4197 3381 4252 σὺν
3408 4199 3576 4272 αὐτῷ,
3614 4202 3708 4254 καὶ

2125 4282 2507 4350 διαῃυλάττειν
2561 4285 2745 4350 αὐτὸν,
2786 4288 2882 4340 καὶ
2912 4288 2968 4340 έν
2995 4283 3076 4350 οἷς
3105 4289 3172 4342 ἂν
3203 4289 3376 4343 δέοιτο
3415 4291 3706 4362 σύμμαχον

440 4360 677 4412 maneat,
731 4360 1028 4423 custosque
1073 4368 1130 4412 et
1177 4360 1374 4414 vindex
1439 4378 1605 4432 atque
1647 4366 1931 4433 defensor,
1962 4371 2017 4425 in

2131 4348 2271 4442 ἔχειν
2327 4375 2421 4426 καὶ
2474 4374 2686 4446 βοηθόν.
2720 4348 2986 4442 Πολλάκις
3025 4348 3116 4432 οὖν
3154 4381 3283 4450 περὶ
3311 4348 3502 4436 τούτου
3532 4348 3703 4454 λαῐη·

436 4441 641 4508 quibus
657 4459 879 4499 necesse
902 4446 1176 4512 habuerit,
1213 4453 1288 4507 illi
1325 4456 1571 4512 exsistat.
1604 4459 1680 4515 De
1713 4460 1797 4516 his
1829 4462 2013 4535 itaque

437 4533 583 4588 haud
629 4550 754 4590 raro
804 4538 1183 4610 interpellatus
1219 4546 1498 4603 Romanus
1530 4552 1815 4610 abnuerat.
1865 4533 2010 4625 Qua-

435 4633 660 4721 propter
697 4625 1091 4687 Constantinus
1135 4634 1252 4704 ipse
1306 4638 1605 4707 imperator
1648 4646 1859 4703 litteras
1892 4665 2015 4721 pro-

432 4713 551 4782 pria
583 4730 746 4771 manu
784 4731 1036 4777 cxaratas
1095 4727 1610 4802 subscriptioneque
1636 4713 1911 4804 ﬁrmatas:
1939 4741 2006 4797 ad

431 4820 560 4859 eum
594 4807 802 4873 mittit;
858 4812 1063 4880 quibus
1097 4815 1188 4871 ille
1231 4819 1288 4872 in
1342 4837 1538 4878 manus
1565 4828 1827 4896 acceptis,
1863 4831 2008 4888 Cou-

431 4900 733 4954 stantiuum
758 4905 1127 4962 accubitorem
1154 4914 1383 4982 ejusque
1405 4915 1606 4991 .aﬂines
1626 4935 1688 4975 ea
1715 4935 1772 4976 se
1799 4937 2012 4994 aggres-

433 5007 622 5046 surum
657 4996 911 5050 cautione
938 4999 993 5052 in
1028 5016 1086 5055 se
1118 5006 1346 5073 recepit.

500 5085 592 5139 2i.
645 5086 777 5158 Ejus
814 5089 998 5161 itaque
1051 5095 1128 5150 rei
1165 5097 1273 5153 late
1326 5113 1659 5174 per-vagante
1691 5108 1855 5175 fama,
1880 5127 2007 5167 eum

431 5177 715 5234 accubitor
748 5181 1053 5240 Romanum
1102 5202 1319 5259 urgeret
1354 5202 1415 5247 ut
1452 5210 1577 5251 cum
1625 5200 1799 5258 classe
1838 5204 2008 5273 proli-

429 5270 748 5334 cisecrctur,
799 5279 1129 5335 causabatur
1171 5283 1260 5336 ille
1292 5300 1355 5341 ac
1387 5289 1683 5345 excusabat
1710 5309 1820 5350 non
1839 5270 2006 5364 posse

2125 4463 2240 4527 θεὶς
2287 4464 2568 4536 Ῥωμανὸς
2603 4467 2894 4524 ἀπείπατο.
2946 4470 3336 4542 Γραμματεῖον
3359 4459 3508 4527 οὗνὸ
3545 4474 3703 4544 βασι-

2120 4557 2247 4621 λεὺς
2303 4559 2715 4626 Κωνσταντίνος
2768 4563 3074 4635 αὐτοχείρῳ
3126 4564 3464 4637 διαχαράξας
3511 4572 3698 4640 γραφῇ

2120 4649 2218 4703 καὶ
2274 4650 2571 4723 ὑπογραφῇ
2629 4651 3124 4724 διασφαλισάμενος
3169 4655 3490 4710 ἀπέστειλεν
3527 4661 3699 4731 αὐτῷ.

2120 4743 2298 4815 Ὅπερ
2329 4737 2488 4808 οὗτος
2521 4746 2616 4796 ἐπὶ
2675 4747 2864 4817 χεῖρας
2906 4744 3087 4801 λαϐὼν
3124 4747 3392 4821 ὑπέσχετο
3425 4753 3524 4822 τὴν
3558 4755 3698 4809 κατά

2118 4837 2214 4890 τοῦ
2250 4839 2752 4910 παρακοιμωμένου
2783 4840 3196 4896 Κωνσταντίνου
3236 4844 3330 4896 καὶ
3365 4843 3470 4899 τῶν
3491 4862 3698 4915 συγγιο

2116 4929 2224 4983 vth
2246 4930 2411 4984 αὐτοῦ
2441 4931 2690 4986 ἐπίθεσιν
2720 4925 2822 4987 ὧδε
2850 4935 3201 5006 ποιήσασθαι.

2185 5114 2291 5166 κα’.
2329 5113 2440 5184 Τῆς
2496 5114 2686 5184 φήμης
2729 5113 2823 5168 οὖν
2854 5131 3060 5188 ταυτης
3096 5118 3436 5195 διαθεούσης,
3474 5127 3568 5179 καὶ
3598 5128 3697 5182 τοῦ

2116 5205 2618 5276 παρακοιμωμένου
2697 5207 3116 5263 Κωνσταντινου
3180 5215 3694 5284 καταναγκάζοντος

2123 5297 2404 5365 Ῥωμανὸν
2434 5297 2764 5369 ἀποκινῆσαι
2795 5299 2934 5372 μετὰ
2974 5303 3068 5356 τοῦ
3100 5303 3311 5371 στόλου,
3339 5307 3501 5371 αὐτὸς
3527 5326 3684 5380 προε-

432 5377 491 5413 so
541 5363 657 5416 vela
717 5368 895 5421 ventis
942 5368 1071 5426 dare
1104 5389 1166 5428 ac
1192 5374 1701 5450 abnavigare,-cum
1752 5363 2003 5444 nondum

2131 5363 2375 5461 ρασέζετο
2399 5363 2677 5457 ἀδυνάτως
2701 5363 2849 5466 ἔχειν
2869 5395 2962 5449 τοῦ
2993 5398 3259 5454 ἀποπλεῖν
3278 5363 3353 5471 μὴ
3377 5363 3681 5459 τοῦ-στόλοι

491 5549 534 5578 ³⁷
567 5547 780 5619 ἃνΗιὶν
811 5549 870 5605 ΡΑ

1704 5503 1936 5562 νΑιιυε
1958 5506 2364 5566 LECTIONES.
