4090 6022
340 257 445 325 951

1601 252 1924 314 GEORGII
1957 250 2113 312 MON
2124 252 2301 310 ACHI

3493 233 3608 297 952

339 383 536 425 manus
562 366 915 438 imperatOris
943 374 1097 436 pater
1124 381 1244 437 eius
1294 369 1374 422 rei
1412 367 1633 423 nomine
1665 368 1921 457 indigna-

2033 364 2223 435 γνώμῃ
2261 362 2418 416 τοῦτο
2495 358 2892 428 πεποιηκότες,
2949 355 3026 416 ὡς
3074 344 3457 420 ἀγανακτῆσαι
3514 349 3619 399 ἐπὶ

335 470 426 517 tus
457 461 548 516 sit.

405 553 495 606 51.
538 549 724 607 Mense
761 550 1008 622 Augusto
1035 549 1268 606 detecta:
1308 551 1656 608 Constantini
1697 551 1914 608 Ctema‘

335 642 457 708 tini,
490 642 714 698 Davidis
757 641 1064 698 Camuliani
1100 653 1157 698 et
1202 643 1483 700 Michaelis
1529 658 1913 717 mangarorum

332 734 612 790 curatoris
655 734 889 791 insidia.
939 734 1045 802 Qui
1093 735 1418 791 verberibus
1451 737 1686 800 subacti,
1730 737 1918 794 bonis»

333 842 443 895 que
468 827 763 895 publicatis
793 841 894 897 per
925 825 1163 883 mediam
1196 829 1390 885 urbem
1420 845 1619 900 pompa
1649 829 1914 894 traducti,

333 918 532 973 exsilio
589 917 815 988 relegati
875 928 1023 974 sunt.
1066 919 1354 975 Adductus
1388 928 1446 975 et
1493 920 1605 976 Leo
1655 921 1918 991 magister

337 1025 400 1064 ac
438 1009 717 1081 legionum
772 1010 1114 1068 domesticus
1155 1013 1211 1067 in
1275 1014 1503 1079 urbem,
1539 1015 1801 1084 maloque
1835 1016 1921 1067 in.

338 1101 526 1157 sidens
579 1102 895 1172 ignominiae
942 1119 1110 1160 causa
1158 1119 1257 1173 per
1317 1105 1558 1160 medium
1591 1104 1771 1160 forum
1811 1113 1921 1159 tra-

338 1192 559 1249 ductus.

409 1308 599 1363 32-33.
642 1308 789 1375 Quin
817 1319 873 1362 et
900 1309 1009 1364 Zoe
1043 1310 1285 1380 Augusta
1307 1311 1654 1379 deprehensa
1686 1313 1920 1368 Romani

337 1395 466 1450 vite
529 1411 628 1466 per
675 1397 829 1452 cibos
890 1398 1196 1455 medicatos
1253 1401 1422 1470 890
1480 1401 1776 1468 insidiari,
1823 1417 1925 1474 per

339 1485 699 1543 Theocletem
749 1487 965 1542 servitii
1025 1489 1305 1543 notarium
1355 1491 1675 1557 instructos.
1744 1492 1926 1560 Quare

338 1574 486 1631 hanc
543 1590 767 1648 quoque
813 1578 940 1631 aula
1001 1577 1274 1647 dcjectam
1318 1578 1486 1649 inque
1531 1580 1778 1636 Petrium
1831 1582 1927 1636 ab—

336 1665 562 1722 ductam
614 1667 673 1722 in
717 1677 921 1724 sancta:
973 1670 1296 1738 Euphemize
1344 1673 1680 1726 monasterio
1727 1674 1929 1729 deton-

337 1757 562 1812 derunt.

409 1874 500 1928 54.
554 1873 818 1928 invitatos
860 1888 991 1928 vero
1021 1873 1088 1927 ad
1120 1876 1417 1943 prandium
1459 1892 1489 1932 a
1515 1876 1928 1950 Theophylacto

338 1963 574 2032 patricio
609 1973 665 2018 et
703 1963 905 2018 stabuli
943 1963 1145 2017 comite
1193 1961 1546 2018 Theodorum
1578 1963 1929 2021 Constantini

337 2055 692 2124 imperatoris
708 2054 1064 2124 paedagogum
1086 2054 1317 2123 ejusque
1345 2053 1575 2106 fratrem
1598 2054 1928 2122 Symeonem

341 2148 625 2216 ingressus
648 2145 1007 2200 excubiarum
1045 2145 1399 2214 drungarius,
1431 2144 1680 2198 Curcuas
1708 2156 1927 2196 nuncu-

338 2244 523 2304 patus.
569 2250 695 2289 cum
726 2235 902 2289 multo
928 2234 1210 2298 satellitio,
1248 2243 1499 2303 arreptos
1528 2233 1683 2286 velut
1726 2231 1927 2287 adver-

340 2338 436 2377 sus
484 2323 794 2377 Romanum
839 2322 1246 2384 machinantes,
1285 2320 1353 2374 ad
1395 2319 1679 2388 Opsicium
1722 2318 1779 2373 in
1811 2319 1929 2372 suis

343 2416 594 2484 ipsorum
629 2413 967 2468 suburbanis
1002 2412 1288 2481 relegavit.

409 2615 500 2668 35.
578 2613 783 2670 Mensis
852 2612 1196 2683 Septembris
1245 2612 1337 2665 die
1400 2610 1666 2681 vigesima
1730 2619 1927 2678 quarta

337 2705 626 2763 Romanus
669 2706 900 2762 Caasaris
935 2706 1172 2759 donatur
1205 2702 1514 2773 dignitate;
1557 2703 1761 2757 mensis
1795 2716 1929 2755 vero

339 2796 661 2853 Decembris
694 2796 784 2849 die
814 2796 1029 2848 decimo
1080 2793 1335 2862 septimo.
1364 2791 1649 2846 Dominica
1677 2791 1924 2856 Patrum,

341 2905 464 2957 quae
506 2897 594 2943 est
637 2895 766 2940 ante
801 2886 1060 2952 natalem,
1101 2885 1373 2954 imperiali
1407 2890 1698 2938 stemmate
1724 2898 1754 2936 a
1780 2880 1926 2937 Con-

340 2981 583 3032 stantlno
617 2976 950 3047 imperatore
974 2985 1030 3032 et
1057 2977 1283 3031 Nicolao
1326 2975 1637 3046 patriarcha
1665 2974 1924 3029 donatur.

340 3066 504 3122 Sexta
553 3069 739 3138 itaque
795 3067 1067 3128 Januarii,
1117 3083 1240 3135 qua:
1288 3067 1408 3120 dies
1437 3081 1594 3120 sacra
1623 3067 1923 3121 Lumiuum

341 3169 446 3221 est,
504 3175 733 3214 uxorem
786 3174 941 3212 suam
991 3159 1339 3214 Theodoram
1397 3160 1683 3229 Augustali
1718 3173 1925 3215 corona

339 3250 546 3318 donat;
624 3251 751 3305 Maii
825 3267 955 3305 vero
1010 3252 1222 3306 decima
1289 3251 1564 3321 septima,
1624 3250 1926 3306 indictione

341 3345 554 3414 quinta,
591 3343 1026 3414 Christophorus
1058 3344 1290 3399 Romani
1324 3344 1472 3400 ﬁlius
1504 3345 1804 3413 imperator
1835 3358 1925 3398 sa-

337 3436 570 3503 lutatur,
633 3452 699 3491 ac
754 3435 843 3491 die
893 3444 1093 3507 quarto
1142 3452 1307 3506 supra
1357 3437 1677 3508 vigesimum
1732 3438 1790 3493 in
1835 3435 1926 3491 die

341 3539 536 3585 sancto
555 3530 916 3585 Pentecostcs
939 3547 970 3583 a
1012 3528 1376 3585 Constantino
1401 3530 1736 3600 imperatore
1763 3543 1926 3584 coro-

342 3630 539 3684 natur;
593 3619 866 3690 amboque
913 3620 969 3674 bi
1018 3620 1121 3675 soli
1167 3621 1222 3673 in
1268 3634 1333 3674 ea
1385 3633 1586 3690 pompa
1634 3632 1926 3689 processe-

342 3723 495 3770 runt.

415 3807 534 3860 1-2.
581 3804 747 3861 Iunio
781 3814 965 3860 autem
1001 3821 1212 3872 mense,
1259 3807 1562 3863 indictione
1590 3815 1804 3872 octava,
1826 3804 1926 3861 die

341 3898 652 3961 Dominico,
709 3897 849 3953 facta
902 3898 1161 3955 Ecclesiae
1192 3899 1372 3954 unitio
1415 3907 1502 3954 est
1548 3899 1796 3954 Romano
1831 3912 1930 3953 au-

343 4002 533 4058 ctore,
580 3993 830 4062 nullique
891 4002 1018 4047 sunt
1077 4007 1308 4056 omnes,
1358 3993 1718 4064 metropolita‘,
1760 3988 1922 4061 891

337 4086 552 4157 pariter
579 4098 646 4139 ac
669 4085 882 4152 clerici,
915 4086 1011 4155 qui
1050 4101 1080 4138 a
1109 4084 1338 4141 Nicolao
1364 4092 1420 4139 et
1445 4083 1740 4155 Euthymio
1768 4081 1928 4138 scissi

342 4178 644 4235 schismate
677 4187 858 4235 erant.

413 4289 467 4343 5.
519 4287 725 4344 Octava
785 4288 1094 4352 Februarii,
1149 4287 1450 4343 indictione
1500 4302 1666 4352 nona,
1701 4288 1927 4343 mittens

2019 459 2194 528 τούτῳ
2225 454 2322 509 καὶ
2354 454 2444 507 τὸν
2478 449 2926 523 βασιλεοπάτωρα
2969 443 3266 514 Ῥωμανόν.

2095 546 2180 620 μ’.
2213 544 2340 619 574]
2377 545 2482 600 λα’.
2521 541 2818 611 Αὐγούστῳ
2877 537 2934 591 δὲ
2975 537 3106 608 μηνὶ
3146 535 3505 608 κατεμηνύθη
3538 533 3622 587 τὰ

2022 640 2124 711 τῆς
2178 632 2474 706 ἐπιϐουλῆς
2527 631 2943 690 Κωνσταντίνου
2985 627 3083 682 τοῦ
3128 628 3482 699 κτηματινοῦ
3517 627 3622 682 καὶ

2025 731 2194 786 Δαϐὶδ
2243 727 2629 799 Καμουλιανοῦ
2683 726 2779 778 καὶ
2849 720 3069 793 Μιχαὴλ
3125 723 3474 791 κουράτωρος
3506 718 3624 770 τῶν

2028 822 2365 894 μαγγάνων·
2425 819 2524 875 καὶ
2580 816 2881 889 τυφθέντες
2939 808 3088 869 οὗτοι
3117 816 3210 867 καὶ
3249 811 3623 883 δημευθέντες

2023 915 2111 968 διὰ
2145 912 2320 985 μέσης
2344 910 2558 982 διῆλθον
2581 911 2680 980 τῆς
2713 908 2921 969 πόλεως
2973 905 3066 959 καὶ
3115 904 3297 976 ὲξορίᾳ
3327 904 3623 974 παρεπέμ-

2026 1007 2264 1079 φθησαν.
2319 1004 2566 1074 Ἥγαγον
2592 1002 2650 1055 δὲ
2694 1001 2790 1054 καὶ
2847 999 3052 1052 Λέοντα
3083 999 3380 1067 μάγιστρον
3403 996 3499 1049 καὶ
3526 996 3624 1049 δο-

2031 1102 2290 1172 μέστικον
2343 1099 2453 1152 τῶν
2505 1096 2713 1168 σχολῶν
2762 1098 2821 1150 ιν
2859 1097 2929 1166 τῇ
2979 1093 3157 1157 πόλει,
3181 1093 3276 1146 καὶ
3306 1090 3527 1162 διῆλθεν
3557 1089 3625 1142 ὲν

2031 1194 2173 1265 μέση
2204 1194 2272 1264 τῇ
2308 1190 2490 1260 ἀγορᾷ
2515 1188 2724 1262 ἡμιόνῳ
2756 1183 3108 1256 ἐφεζόμενος»

2100 1302 2316 1375 λβ⁶ολγ’.
2359 1300 2649 1374 Ἐφωράθη
2680 1300 2737 1354 δὲ
2777 1300 2873 1354 καὶ
2912 1297 3034 1368 Ζωὴ
3063 1293 3352 1364 Αύγούστα
3395 1292 3629 1346 ἐπιϐου-

2029 1393 2264 1447 λεύουσα
2309 1392 2576 1461 Ῥωμανῷ
2629 1390 2720 1445 διὰ
2770 1386 3256 1459 πεφαρμαγμένων
3313 1383 3632 1454 βρωμάτων

2030 1487 2137 1541 ὑπὸ
2169 1485 2474 1556 Θεοκλήτου
2509 1483 2765 1555 νοταρίου
2808 1483 2909 1553 τῆς
2934 1479 3240 1549 ὑπουργίας
3287 1477 3628 1531 σκευασθέν-

2029 1595 2160 1634 των.
2187 1578 2300 1631 Καὶ
2347 1577 2558 1647 ταύτην
2605 1574 2703 1630 τοῦ
2735 1573 2998 1628 παλατὶου
3037 1567 3503 1630 καταϐιϐάζουσιν
3533 1565 3634 1618 καὶ

2031 1673 2114 1736 είς
2155 1669 2219 1722 τὸ
2257 1667 2490 1737 Πετρίον
2546 1669 2844 1736 ἀπάγουσι,
2882 1667 2951 1737 τῇ
2995 1666 3097 1735 τῆς
3135 1661 3298 1731 ἁγίας
3330 1657 3634 1730 Εὑφημῐας

2034 1763 2176 1831 μονῇ
2213 1758 2644 1828 άποκείραντες.

2099 1869 2194 1924 λδθ.
2224 1866 2590 1939 Προσεκλήθη
2619 1866 2678 1919 δὲ
2732 1867 2886 1937 παρὰ
2918 1865 3308 1938 Θεοφυλάκτου
3336 1860 3634 1933 πατρικίου

2029 1958 2128 2016 καὶ
2151 1957 2392 2029 κόμητος
2423 1955 2520 2011 τοῦ
2555 1957 2790 2012 στάϐλου
2835 1960 2916 2021 είς
2960 1958 3186 2028 ἄριστον
3217 1959 3246 2010 6
3271 1951 3636 2023 παιδαγωγδς

2029 2050 2445 2103 Κωνσταντίνου
2462 2049 2729 2119 βασιλέως
2753 2048 3032 2115 Θεόδωρος
3053 2051 3148 2102 καὶ
3164 2047 3394 2118 Συμεὼν
3407 2051 3436 2100 6
3465 2041 3639 2098 αὐτοῦ

2028 2138 2282 2208 ἀδελφός.
2326 2139 2648 2193 Ἐσθιόντων
2681 2130 2774 2189 οὖν
2836 2133 3088 2200 εἰσῆλθεν
3133 2141 3389 2196 ἰωαννης
3435 2127 3638 2198 δρουγ-

2027 2232 2225 2299 γάριος
2274 2230 2373 2300 τῆς
2425 2228 2618 2299 βίγλης
2677 2229 2706 2279 6
2759 2220 3085 2292 Κουρκούας
3141 2218 3441 2287 λεγόμενος
3489 2220 3632 2290 μετὰ

2029 2320 2288 2375 πλείστου
2318 2320 2474 2384 λαοῦ,
2508 2319 2602 2372 καὶ
2636 2315 2862 2375 τούτους
2905 2311 3229 2382 ἀναρπάσας
3259 2313 3340 2374 είς
3369 2312 3431 2364 τὸ
3480 2311 3636 2380 Ὀψί-

2031 2430 2147 2467 κιον
2182 2412 2446 2479 ἐξώρισεν
2495 2411 2555 2461 ἐν
2583 2408 2696 2466 τοῖς
2744 2404 2926 2458 αὐτῶν
2968 2403 3320 2472 προαστείοις
3362 2403 3442 2468 ὡς
3485 2406 3630 2456 κατὰ

2027 2507 2122 2560 τοῦ
2169 2500 2453 2573 Ῥωμαινοῦ
2495 2497 2863 2569 μελετῶντας.

2101 2621 2195 2672 λε’.
2235 2617 2465 2684 Εἰκοστῇ
2499 2614 2734 2686 τετάρτῃ
2785 2612 2879 2667 τοῦ
2929 2611 3310 2683 Σεπτεμϐρίου
3342 2612 3513 2684 μηνὸς
3543 2630 3630 2668 τι-

2033 2711 2203 2779 μᾶται
2254 2707 2532 2775 Ῥωμανὸς
2566 2709 2634 2776 τῇ
2665 2705 2762 2760 τοῦ
2798 2707 3080 2779 Καίσαρος
3103 2707 3252 2778 ἀξίᾳ,
3286 2707 3382 2760 καὶ
3407 2709 3626 2777 Amp.-

2029 2800 2170 2869 ϐρίῳ
2195 2799 2327 2870 μηνὶ
2359 2799 2560 2870 δεκάτῃ
2591 2798 2796 2870 ἐϐδόμῃ
2832 2802 2899 2869 τῇ
2944 2799 3055 2852 τῶν
3085 2800 3346 2871 Πατέρων
3369 2801 3627 2871 Κυριακῇ

2025 2891 2106 2962 τῷ
2127 2891 2226 2960 τῆς
2256 2890 2535 2960 βασιλείας
2564 2891 2825 2958 στέφεται
2858 2890 3152 2961 διαδήματι
3184 2891 3336 2962 παρὰ
3359 2890 3628 2962 βασιλέως

2031 2984 2439 3038 Ιεωνσταντίνου
2455 2981 2709 3053 γαμϐροῦ
2733 2983 2900 3037 αὐτοῦ
2925 2985 3020 3036 καὶ
3052 2984 3324 3038 Νικολάου
3351 2987 3626 3056 πατριάρ-

2033 3093 2167 3146 χου,
2231 3076 2322 3128 καὶ
2402 3075 2736 3146 Ἶανουαρίου
2792 3081 2881 3139 ς’,
2951 3078 3018 3147 τῇ
3088 3076 3197 3130 τῶν
3259 3076 3433 3144 ἁγίων
3502 3076 3624 3129 Φώ-

2032 3185 2140 3220 των
2168 3155 2376 3238 ἡμέρᾳ,
2437 3166 2626 3235 στέφει
2678 3166 2966 3236 Θεοδὼραν
2995 3168 3098 3234 τὴν
3147 3170 3385 3236 γυναῖκα
3430 3167 3619 3222 αὐτοῦ.

2031 3257 2194 3327 Μαΐῳ
2212 3257 2272 3310 δὲ
2305 3259 2439 3327 μηνὶ
2471 3256 2558 3322 ιζ’,
2595 3256 2928 3320 ίνδικτιῶνος
2956 3265 3020 3323 ε’,
3054 3260 3423 3331 Χριστοφόρος
3449 3261 3477 3312 6
3505 3260 3624 3320 υίὸς

2043 3348 2326 3416 Ῥωμανοῦ
2387 3334 2785 3420 ἀναγορεύεται
2842 3349 3121 3420 βασιλεὺς,
3170 3354 3425 3421 στέφεται
3466 3352 3523 3405 δὲ
3551 3355 3620 3422 τῇ

2034 3440 2108 3494 κδ’
2139 3440 2233 3495 τοῦ
2265 3441 2431 3497 αὐτοῦ
2463 3443 2637 3512 μηνὸς
2694 3442 2847 3514 παρὰ
2879 3443 3299 3498 Κωνσταντίνου
3329 3441 3618 3514 βασιλέως,

2031 3535 2097 3603 τῇ
2119 3532 2220 3600 τῆς
2254 3533 2414 3601 ἁγίας
2448 3534 2832 3604 Πεντηκοστῆς
2885 3534 3069 3604 ἡμέρᾳ
3090 3550 3104 3564 ·
3141 3535 3234 3588 καὶ
3274 3533 3424 3602 μόνοι
3471 3524 3621 3587 οὗτοι

2032 3627 2080 3678 ol
2106 3625 2199 3679 δύο
2227 3626 2286 3680 ἐν
2315 3626 2493 3699 ταύτῃ
2514 3629 2582 3698 τῇ
2614 3626 2935 3699 προελεύσει
2969 3626 3261 3695 προῆλθον.

2101 3807 2254 3878 σι’-β’.
2290 3807 2492 3879 Ἰουνίῳ
2517 3808 2576 3862 δὲ
2606 3808 2759 3879 μηνὶ,
2784 3805 3120 3869 ίνδικτιῶνος
3153 3803 3225 3876 η’,
3262 3803 3449 3875 ἡμέρᾳ.
3503 3803 3624 3854 Κυ-

2036 3905 2221 3973 ριακῇ,
2254 3903 2287 3972 ἠ
2315 3901 2416 3972 τῆς
2467 3899 2796 3972 Ἐκκλησίας
2822 3899 3048 3968 γέγονε»Ι
3073 3899 3268 3960 ἓνωσις
3294 3896 3446 3964 παρὰ
3478 3895 3616 3949 Ῥω-

2038 3997 2230 4070 μανοῦ,
2257 3997 2515 4052 ἁπάντων
2543 3995 2884 4074 ἑνωθέντων,
2945 3987 3363 4063 μητροπολιτῶν
3408 4003 3467 4040 τε
3521 3985 3624 4039 καὶ

2034 4088 2338 4160 κληρικῶν,
2368 4087 2478 4141 τῶν
2512 4085 2621 4140 ἀπὸ
2642 4078 2919 4140 Νικολάου
2947 4081 3294 4152 πατριάρχου
3325 4081 3420 4134 καὶ
3442 4077 3622 4131 Εὐθυ-

2038 4181 2160 4251 μίου
2191 4178 2611 4249 διεσχισμένων.

2104 4301 2177 4363 γ’.
2225 4291 2416 4364 Ὀγδόῃ
2467 4293 2524 4346 δε
2574 4289 2929 4361 Φεϐρουαρίῳ
2987 4288 3140 4361 μηνὶ,
3192 4284 3519 4345 ίνδικτιῶνος
3549 4279 3595 4336 θ’
3601 4323 3620 4349 ,

343 4379 626 4433 Romanus
665 4377 1007 4447 Stephanum
1031 4376 1354 4434 Calomariae
1387 4376 1581 4441 ﬁlium,
1607 4375 1764 4446 quasi
1789 4376 1927 4432 alle-

2033 4386 2361 4451 ἁποστείλας
2408 4385 2689 4456 Ῥωμανδς
2740 4384 2826 4455 [Ρ.
2861 4380 2995 4453 575]
3037 4378 3354 4451 ύπερορίζει
3390 4376 3483 4431 τὸν
3517 4376 3624 4445 μά-

343 4470 475 4522 etati
526 4483 684 4521 reum
733 4466 998 4537 imperii,
1066 4468 1120 4521 in
1173 4466 1434 4537 Antigoni
1495 4467 1736 4521 insulam
1785 4465 1929 4521 exsi—

343 4562 420 4617 lio
468 4561 710 4630 relegat,
760 4560 1134 4628 detondelque
1185 4565 1514 4614 monachum
1570 4574 1697 4612 cum
1750 4558 1932 4613 Theo-

345 4655 525 4724 phane
573 4652 825 4707 Ticliiota
861 4661 915 4705 et
949 4652 1120 4706 Paulo
1151 4651 1619 4723 Orphanotropho
1648 4649 1797 4705 illius
1826 4650 1927 4704 do-

345 4748 617 4803 mesticis.

417 4950 472 5003 4.
540 4949 1163 5018 Romanusimpcrator,
1199 4952 1430 5005 solemni
1468 4951 1534 5004 ad
1572 4951 1930 5008 tribunalium

353 5057 640 5111 processu,
675 5043 892 5096 cunctis
922 5042 1037 5097 illic
1071 5042 1394 5098 cohortibus
1437 5059 1562 5098 cum
1603 5045 1768 5099 armis
1802 5062 1936 5100 eon~

347 5133 608 5202 gregatis,
659 5134 1046 5202 recensitoque
1087 5135 1336 5188 exercitu
1397 5146 1622 5203 repente
1654 5137 1934 5192 Ruinauus

348 5237 406 5282 et
433 5226 834 5280 Constantinus
876 5226 1132 5280 celeriter
1181 5227 1248 5280 ad
1296 5229 1559 5298 palatium
1606 5230 1931 5284 redierunt:

349 5317 568 5374 delatus
622 5319 768 5374 enim
828 5319 1094 5374 Arsenius
1140 5335 1172 5374 a
1231 5319 1419 5374 Leone
1465 5322 1584 5391 ejus
1631 5319 1834 5376 famulo
1880 5328 1936 5376 et

352 5412 556 5467 Paulus
588 5412 920 5482 manglabita
956 5411 1186 5468 insidias
1217 5423 1469 5479 struere;
1498 5428 1670 5483 quare
1691 5414 1936 5469 verberi-

355 5501 458 5554 bus
507 5501 724 5555 subacti
778 5487 1049 5571 bonisque
1109 5503 1405 5571 publicatis
1465 5503 1660 5558 exsilio
1711 5504 1933 5575 relegati

355 5602 502 5647 sunt.
532 5592 661 5648 Erat
706 5602 837 5647 tunc
882 5594 1334 5649 administrante
1363 5594 1679 5664 reipublicae
1721 5596 1937 5665 adjutor

355 5698 422 5741 ac
457 5685 711 5740 minister
753 5686 980 5740 intimus
1014 5687 1252 5741 Joannes
1297 5686 1586 5757 presbyter
1637 5699 1838 5744 rector.
1885 5689 1937 5745 ls

2030 4496 2255 4549 γιστρον
2279 4478 2549 4544 Στέφανον
2587 4475 2679 4530 τὸν
2724 4476 2824 4542 τῆς
2855 4472 3217 4544 Καλομαρίας
3244 4471 3324 4534 εἰς
3349 4467 3451 4538 τὴν
3497 4469 3623 4521 ’Δν-

2029 4571 2246 4638 τιγόνου
2278 4569 2442 4639 νῆσον
2468 4568 2544 4630 ὡς
2566 4569 2666 4635 τῆς
2695 4566 2975 4638 βασιλείας
3004 4563 3255 4634 ἐφίεσθαι
3303 4575 3622 4632 κατηγορη-

2033 4662 2218 4722 θέντα,
2276 4660 2511 4730 μοναχὸν
2557 4660 2723 4712 αὑτὸν
2775 4656 3082 4726 ἀποκείρας
3155 4655 3275 4724 ἅμα
3356 4652 3623 4720 Θεοφάνει

2032 4752 2305 4826 Τειχιὼτῃ
2362 4753 2457 4807 καὶ
2513 4751 2713 4822 Παύλῳ
2777 4747 3242 4823 Ὀρφανοτρόφῳ,
3309 4743 3622 4816 ἀνθρώποις

2033 4849 2219 4904 αὐτοῦ.

2106 4962 2170 5018 δ’.
2207 4962 2463 5033 Ἐποίησε
2513 4962 2570 5015 δὲ
2605 4959 2890 5030 Ῥωμανδς
2938 4956 3193 5028 βασιλεὺς
3222 4954 3280 5006 ὲν
3309 4949 3624 5020 τῷτριϐου-

2036 5054 2203 5125 ναλίῳ
2228 5054 2550 5125 πρόκενσον,
2594 5051 2952 5121 συνηγμένων
2994 5045 3253 5100 ἁπάντων
3291 5043 3468 5094 ἐκεῖσε
3501 5037 3623 5108 μεθ’

2035 5145 2237 5199 ὅπλων.
2262 5143 2370 5196 Τοῦ
2400 5143 2692 5212 ὰδνουμίου
2725 5143 2784 5194 δὲ
2834 5138 3128 5209 γενομένου
3177 5134 3442 5205 αἰφνίδιον
3483 5129 3622 5182 Ῥωσ

2040 5235 2212 5306 μανὸς
2235 5235 2328 5287 καὶ
2360 5234 2773 5294 Κωνσταντῖνος
2825 5229 2985 5301 τάχει
3031 5227 3212 5298 πολλῷ
3242 5228 3324 5288 είς
3353 5223 3416 5276 τδ
3447 5220 3623 5275 παλά-

2036 5343 2152 5380 τιον
2204 5324 2673 5396 ὑποστρέφουσιν·
2729 5320 2979 5394 ἐμηνύθη
3035 5318 3146 5388 γὰρ
3197 5315 3348 5386 παρὰ
3389 5313 3624 5372 Λέοντος

2037 5417 2329 5488 ἀνθρώπου
2401 5415 2494 5470 τοῦ
2568 5415 2846 5487 Ἀρσενίου
2898 5417 2934 5487 ἠ
2967 5413 3132 5468 αὐτοῦ
3189 5408 3286 5464 τοῦ
3339 5405 3624 5476 Ἀρσενίου

2036 5507 2301 5578 ἐπιϐουλὴ
2353 5509 2448 5562 καὶ
2481 5507 2696 5561 Παύλου
2730 5506 3128 5577 μαγκλαϐίτου,
3171 5503 3222 5555 οἳ
3262 5500 3359 5555 καὶ
3386 5499 3624 5566 τυφθὲν-

2038 5617 2127 5663 τες
2161 5600 2252 5653 καὶ
2278 5598 2641 5670 δημευθέντες
2661 5597 3056 5670 ὲξωρίσθησαν.
3078 5592 3188 5649 Ἦν
3216 5593 3274 5649 δὲ
3300 5593 3418 5647 τότε
3441 5608 3624 5661 παραρ-

2037 5686 2380 5744 δνναστεύων
2417 5689 2446 5742 ὁ
2483 5687 2854 5764 πρεσϐύτερος
2893 5688 3144 5758 Ἰωάννης
3189 5686 3218 5738 ὁ
3247 5685 3515 5756 ραίκτωρ.
3561 5681 3625 5743 ὃς
