4090 6022
377 326 480 388 953

1476 329 1670 392 γιΤΑε
1705 329 2263 394 BECENTIORUM
2305 333 2502 395 IMPP.

3529 331 3636 394 9M

371 442 573 496 Λέοντα
595 447 688 494 τὸν
712 441 804 496 τοῦ
847 444 1124 515 Ἀρσενίου
1147 445 1404 515 ἐποίησεν
1435 445 1846 518 ὲδδομαδάριον,
1868 444 1945 517 τῷ

2066 446 2293 502 Leonem
2326 447 2546 502 Arsenii
2574 447 2940 504 domesticum
2961 442 3093 503 iecit
3121 438 3638 509 hebdomadarium.

374 531 583 603 βασιλεῖ
603 534 791 588 τοῦτον
820 535 1269 607 προσοικειὼσας.

445 718 510 775 ε’.
556 721 805 789 Ἐγένετο
827 723 887 777 δέ
912 741 995 789 τις
1046 724 1356 791 Ῥεντάκιος
1390 729 1448 781 ἐν
1485 724 1721 793 Ἑλλάδι,
1757 746 1953 799 συγγε-

376 813 472 884 νὴς
492 811 570 867 ῶν
595 816 810 886 Νικήτα
834 817 1147 891 πατρικίου,
1180 820 1506 882 ἀπαίδευτός
1532 838 1589 874 τε
1618 824 1713 876 καὶ
1747 840 1957 894 πατρα-

378 903 553 969 λοίας,
584 906 646 970 ὃς
671 907 766 962 τὸν
804 909 1001 964 ἑαυτοῦ
1034 910 1245 982 πατέρα
1274 913 1627 968 καταδιώκων
1671 913 1951 982 φονεῦσαι,

376 998 680 1072 ἐπειδήπερ
704 1005 911 1066 ἐκεῖνος
961 1005 1183 1073 φεύγων
1235 1006 1400 1061 αὑτοῦ
1447 1007 1546 1076 τὴν
1598 1007 1847 1062 ἐπίθεσιν
1897 1009 1956 1061 ἐν

379 1093 550 1164 πλοίῳ
571 1093 828 1148 εἰσελθὼν
859 1096 1074 1163 ἐξέπλει
1108 1098 1204 1152 καὶ
1226 1100 1376 1168 παρὰ
1412 1100 1522 1153 τῶν
1553 1100 1787 1171 Κρητῶν
1828 1119 1957 1155 κατ-

379 1186 604 1258 εσχέθη,
629 1179 786 1250 οὗτος
821 1191 850 1242 ό
888 1188 1200 1254 Ῥεντάκιος
1245 1191 1431 1246 ἄδειαν
1461 1190 1640 1262 εὑρὼν
1673 1191 1853 1245 πάντα
1890 1193 1959 1245 τὰ

378 1279 475 1332 τοῦ
505 1279 709 1349 πατρὸς
732 1280 898 1334 αὐτοῦ
931 1283 1209 1353 ὲληῖσατο,
1239 1284 1335 1337 καὶ
1362 1285 1421 1336 ὲν
1451 1285 1518 1352 τῇ
1545 1282 1698 1336 πόλει
1721 1283 1959 1338 ἀνελθὼν

382 1375 449 1444 τῇ
477 1373 707 1443 Μεγάλῃ
763 1371 858 1428 τοῦ
906 1374 1060 1428 Θεοῦ⁸
1092 1375 1361 1446 ἐκκλησίᾳ
1414 1376 1778 1446 προσέφυγεν.
1825 1376 1960 1430 Ῥω-

387 1466 554 1536 μανδς
570 1466 626 1518 δὲ
644 1466 673 1519 6
697 1466 950 1535 βασιλεὺς
977 1467 1077 1530 τὰς
1099 1467 1266 1522 αὑτοῦ
1293 1467 1519 1536 ἀταξίας
1549 1473 1642 1522 καὶ
1667 1469 1960 1542 λεηλασίας

382 1555 718 1627 καταμαθὼν
739 1558 927 1612 τοῦτον
953 1560 1057 1630 τῆς
1106 1559 1406 1632 ἐκκλησίας
1462 1561 1759 1630 ἐξαγαγεῖν
1807 1565 1964 1617 ἐδουο

381 1646 620 1702 λεύσατο
643 1650 740 1704 καὶ
760 1649 1074 1706 παιδεῦσαι.
1103 1651 1164 1707 '0
1182 1652 1239 1706 δὲ
1265 1652 1483 1722 ψευδεῖς
1504 1655 1792 1719 ἐπιστολὰς
1825 1658 1964 1726 πρὸς

385 1739 734 1811 Βουλγάρους
769 1743 1120 1814 πλασάμενος
1156 1746 1289 1818 πρὸς
1319 1747 1518 1810 αὐτοὺς
1534 1746 1578 1778 “
1593 1749 1964 1820 αὐτομολῆσαι

384 1832 764 1889 ἐϐουλεύσατο.
783 1834 1094 1908 Κρατηθεὶς
1113 1836 1170 1892 δὲ
1201 1839 1296 1891 καὶ
1322 1838 1602 1910 ἐλεγχθεὶς
1628 1843 1753 1905 τοὺς
1767 1842 1965 1911 ὀφθαλ-

387 1922 523 1995 μοὺς
556 1927 967 1995 ἀποστερεῖται.

462 2015 540 2080 ς’.
578 2016 702 2071 Τῶν
729 2018 788 2072 δὲ
827 2018 1156 2090 Βουλγάρων
1206 2019 1371 2084 πάλιν
1405 2021 1773 2088 ἐξελασάντων
1805 2025 1965 2094 μέχρι

387 2109 785 2182 Κατασυρτῶν,
836 2114 979 2182 μετὰ
1007 2112 1064 2166 δὲ
1115 2113 1216 2185 τὴν
1246 2113 1567 2181 δομεστίκου
1610 2116 1965 2187 ’Δδρελαστοῦ

386 2201 668 2273 τελευτὴν,
724 2204 1038 2278 προεῦλήθη
1088 2205 1260 2270 Πόθος
1296 2207 1326 2258 ό
1367 2205 1462 2261 τοῦ
1507 2209 1774 2279 Ἀργυροῦ
1809 2209 1962 2280 δομέο

389 2310 575 2358 στικος
603 2293 715 2350 τῶν
743 2295 972 2367 σχολῶν,
1032 2298 1129 2353 καὶ
1178 2298 1342 2370 μέχρι
1386 2298 1785 2371 Θερμοπόλεως
1829 2302 1967 2371 μετὰ

386 2385 496 2440 τῶν
523 2387 822 2457 ταγμάτων
840 2387 1071 2456 ἐξελθὼν
1096 2390 1394 2444 ἀπέστειλε
1411 2391 1631 2462 Μιχαὴλ
1647 2390 1739 2446 τόν
1766 2394 1967 2464 Μωροο

386 2477 600 2544 λέοντος
654 2481 773 2535 υἱὸν
827 2483 1210 2554 τοποτηρητὴν
1268 2481 1397 2536 ὅντα
1450 2485 1576 2547 τοὺς
1624 2483 1966 2554 Βουλγάρους

389 2571 902 2642 κατασκοπήσονταο
954 2574 1015 2628 '0
1053 2575 1111 2628 δὲ
1150 2575 1475 2645 ἀπροόπτως
1508 2575 1584 2646 τῷ
1615 2575 1759 2647 λόχῳ
1788 2578 1967 2631 αὐτῶν

388 2661 646 2714 είσελθὼν
673 2661 784 2716 ἔσω
833 2662 1061 2727 πολλοὺς
1093 2663 1193 2734 μὲν
1220 2663 1330 2718 τῶν
1366 2664 1692 2736 Βουλγόφων
1723 2667 1958 2731 ἀνεῖλεν,

389 2752 624 2822 πληγελς
657 2753 714 2807 δὲ
740 2755 836 2809 καὶ
869 2754 1033 2820 αὐτὸς
1086 2755 1348 2811 είσελθὼν
1381 2759 1441 2811 ὲν
1475 2759 1540 2827 τῇ
1571 2758 1725 2812 πόλει
1753 2756 1967 2812 ἐτελεύ·

387 2862 575 2917 τησεν.

460 2934 526 3000 ζ·
571 2935 847 3010 Ἒμηνῦθη
871 2937 929 2992 δὲ
949 2937 1075 2993 τότε
1122 2937 1212 2994 διὰ
1240 2939 1545 3011 Θεοκλήτου
1587 2930 1841 3013 νοταρίου
1866 2940 1968 3013 τῆς

390 3028 696 3101 ὑπουργίας
725 3033 760 3098 ἡ
792 3031 936 3086 κατὰ
978 3030 1264 3103 Ῥωμανοῦ
1293 3033 1388 3087 τοῦ
1412 3033 1672 3104 βασᾶἑως
1702 3035 1964 3107 ὲπιὸουλὴ

2053 540 2374 609 imperatori
2437 538 2834 596 commendans
2898 541 3065 611 inque
3111 542 3232 613 ejus
3275 539 3506 612 gratiam
3557 543 3630 595 in-

2052 633 2300 687 sinuans.

2125 725 2177 781 5.
2233 725 2358 781 Fuit
2383 726 2682 780 Rentacius
2705 725 2928 796 quidam
2966 724 3019 779 in
3044 723 3276 788 Graecia,
3308 723 3514 779 Nicetae
3541 737 3641 793 pa-

2057 820 2218 874 tricio
2253 820 2539 888 sanguinis
2581 818 2996 874 necessitudine
3052 819 3417 888 coniunctus,
3472 816 3641 872 homo

2056 909 2302 966 insolens
2350 917 2406 965 et
2453 910 2747 980 parricida.
2805 909 2856 965 Is
2911 924 3034 965 cum
3078 919 3290 980 patrem
3343 923 3536 963 necem
3584 909 3637 962 ei

2058 1002 2313 1059 illaturus
2352 1015 2800 1074 persequeretur,
2842 1021 2907 1060 ac
2941 1014 3098 1074 pater
3149 1004 3299 1061 illius
3339 1010 3450 1064 vim
3483 1008 3639 1064 luro-

2058 1113 2291 1170 remque
2319 1097 2609 1154 declinans
2647 1115 2951 1155 conscensa
2985 1102 3111 1155 navi
3138 1118 3167 1157 a
3189 1101 3479 1159 Saracenis
3508 1102 3617 1160 Crc
3705 1089 3712 1096 ’

2060 1191 2309 1247 tensibus
2345 1191 2490 1246 inter
2531 1191 2897 1262 navigandum
2949 1191 3144 1248 fuisset
3177 1203 3393 1263 captus.
3432 1206 3635 1251 nactus

2059 1283 2341 1338 licentiam
2401 1283 2574 1353 patris
2621 1284 2806 1338 omnia
2859 1283 3095 1352 diripuit
3147 1293 3314 1354 atque
3383 1287 3640 1347 vastavit.

2060 1376 2367 1446 urbemque
2422 1384 2614 1446 petens
2661 1376 2715 1430 in
2763 1376 3010 1448 Magnam
3051 1377 3146 1432 Dei
3176 1379 3468 1434 ecclesiam
3510 1395 3638 1450 pro-

2060 1468 2221 1538 fugit.
2278 1468 2562 1523 Romanus
2613 1483 2742 1522 vero
2794 1467 3094 1538 imperator
3127 1509 3142 1534 ,
3191 1468 3358 1540 892
3418 1469 3640 1541 cognita

2063 1561 2304 1617 li'ominis
2346 1563 2650 1631 petulantia
2701 1577 2767 1617 ac
2823 1563 3067 1632 rapinis,
3119 1563 3353 1618 ecclesia
3398 1564 3640 1622 educere

2064 1663 2333 1709 statuerat
2355 1655 2613 1725 iustaque
2644 1653 3127 1709 animadversione
3156 1655 3376 1724 punire.
3429 1654 3499 1710 At
3547 1657 3643 1712 illc

2066 1741 2218 1799 falsis
2265 1743 2335 1798 ad
2374 1743 2638 1814 Bulgaros
2687 1743 2955 1800 confectis
3003 1744 3205 1800 litteris
3239 1745 3307 1800 ad
3349 1746 3476 1802 illos
3510 1762 3645 1803 con-

2071 1835 2258 1908 fugere
2303 1836 2726 1892 deliberaverat.
2769 1837 2977 1892 Tentus
3017 1838 3202 1907 itaque
3242 1851 3307 1893 ac
3354 1836 3642 1895 convictus

2069 1929 2288 1985 amissis
2323 1929 2624 1985 luminibus
2650 1929 2773 1984 luit.

2137 2020 2192 2076 6.
2245 2022 2493 2092 Bulgaris
2545 2031 2728 2077 autem
2787 2023 2855 2078 ad
2917 2021 3229 2094 Catasyrtas
3289 2040 3462 2095 usque
3522 2036 3646 2094 post

2068 2108 2340 2166 Adrelasti
2372 2108 2656 2165 domestici
2686 2123 2942 2165 occasum
2978 2109 3162 2165 denuo
3194 2111 3640 2177 excurrentibus,

2068 2202 2278 2257 Potbus
2309 2203 2553 2274 Argyrus
2582 2203 2896 2257 scholarum
2931 2203 3270 2258 domesticus
3306 2203 3641 2274 praeﬁcitur;

2067 2296 2372 2366 castrisque
2399 2296 2467 2351 ad
2513 2295 2926 2366 ThermOpolim
2967 2295 3160 2366 positis
3177 2297 3494 2352 Michaelem
3525 2297 3641 2353 M0.

2067 2388 2309 2443 roleonis
2343 2387 2516 2443 lilium
2552 2389 2789 2460 legatum
2820 2388 3115 2459 Bulgarum
3151 2399 3360 2445 motum
3390 2391 3642 2460 explora-

2068 2488 2186 2535 tum
2218 2480 2388 2536 misit.
2443 2480 2498 2536 Is
2537 2483 2834 2552 improvise
2887 2482 2943 2536 in
2978 2482 3339 2553 Bulgarorum
3387 2484 3646 2555 delapsus

2068 2589 2306 2630 cuneum
2327 2575 2552 2631 multam
2576 2576 2798 2647 quidem
2820 2576 3181 2647 Bulg‘arorum
3195 2577 3345 2632 dedit
3365 2589 3604 2648 stragem
3628 2599 3644 2633 :

2067 2682 2259 2722 verum
2303 2667 2421 2738 ipse
2448 2682 2671 2738 quoque
2705 2677 2932 2739 accepto
2959 2669 3190 2724 vulnere
3230 2669 3284 2723 in
3323 2668 3517 2724 urbem
3556 2670 3643 2724 in-
3730 2669 3733 2675 ’

2067 2773 2290 2829 gressus
2317 2766 2570 2814 mortuus
2592 2768 2699 2815 est.

2132 2935 2189 2993 7.
2222 2936 2303 2992 Eo
2335 2944 2583 3006 tempore
2603 2933 2834 2991 detectae
2859 2950 2891 2990 a
2911 2933 3211 2990 Tbeocleto
3235 2932 3400 2989 cilicii
3431 2933 3648 2992 notario

2067 3038 2290 3087 structa:
2345 3031 2591 3086 Romano
2627 3028 2948 3099 imperatori
2987 3027 3201 3083 insidia:
3227 3027 3498 3082 Anastasii
3552 3041 3645 3082 sa—

402 3120 759 3176 Ἀναστασίου
808 3121 1170 3195 σακελλαρίου
1221 3126 1315 3180 καὶ
1344 3127 1606 3196 ἄρχοντος
1639 3125 1736 3179 τοῦ
1764 3145 1960 3198 χρυσο-

2067 3124 2276 3180 cellarii
2325 3131 2383 3178 et
2445 3121 2749 3177 aurificinse
2806 3120 3088 3192 praepositi
3121 3160 3139 3184 ,
3205 3127 3263 3175 et
3321 3119 3648 3175 Theodoriti

390 3216 592 3288 χοείου,
618 3219 710 3273 καὶ
732 3217 1083 3292 Θεοδωρήτου
1132 3221 1471 3288 κοιτωνίτου,
1508 3223 1602 3276 καὶ
1646 3222 1962 3296 Δημητρίου

2066 3216 2417 3281 cubicularii,
2454 3230 2519 3270 ac
2549 3213 2813 3270 Demetrii
2834 3215 3013 3268 mrarii
3051 3213 3251 3284 privati
3285 3213 3511 3277 notarii,
3543 3226 3650 3268 nec

394 3310 676 3381 βασιλικοῦ
735 3311 990 3385 νοταρίου
1035 3313 1132 3367 τοῦ
1167 3313 1398 3380 εἰδικοῦ,
1427 3316 1522 3369 καὶ
1569 3317 1838 3371 Νικολάου
1868 3319 1963 3372 τοῦ

2066 3327 2177 3366 non
2208 3308 2417 3364 Nicolai
2445 3307 2692 3362 Cubitzis
2725 3313 2784 3362 et
2826 3305 3097 3362 Theodoti
3132 3305 3511 3376 protocarabi;
3550 3306 3649 3375 qui

388 3403 709 3474 Κουϐάτζη,
743 3405 840 3459 καὶ
861 3405 1115 3461 Θεοδότου
1147 3407 1600 3480 πρωτοκαράϐου,
1640 3408 1690 3462 οῖ
1711 3413 1803 3464 καὶ
1824 3410 1964 3482 ὑπὲρ

2066 3413 2122 3462 et
2146 3403 2508 3459 Constantino
2539 3401 2729 3470 utique
2769 3395 3086 3470 imperatori
3117 3398 3437 3454 studebant.
3495 3398 3651 3492 Con:

392 3497 808 3551 Κωνσταντίνου
848 3497 1114 3569 βασιλέως
1145 3498 1307 3570 δῆθεν
1345 3498 1681 3566 ἐσπούδαζον
1704 3519 1719 3532 ·
1757 3501 1852 3555 καὶ
1900 3502 1965 3573 δὴ

2066 3498 2197 3553 victi
2220 3512 2372 3561 vero,
2403 3494 2730 3550 verberibus
2753 3493 2967 3548 subacti
2989 3507 3052 3548 ac
3082 3508 3181 3563 per
3205 3491 3446 3546 mediam
3483 3491 3651 3547 delati

391 3589 736 3660 ἐλεγχθέντες
772 3590 1085 3663 ἑτύφθησαν
1129 3591 1226 3644 καὶ
1251 3592 1310 3644 ὲν
1349 3594 1417 3663 τῇ
1465 3595 1607 3665 μέσῃ
1635 3592 1848 3664 διῆλθον
1873 3595 1966 3649 καὶ

2067 3590 2289 3653 urbem,
2335 3588 2392 3643 in
2436 3587 2688 3641 exsilium
2720 3585 2883 3656 ejecti
2910 3593 3061 3640 sunt.
3095 3582 3471 3638 Theodoritus
3493 3597 3649 3638 seor-

393 3683 675 3756 ὑπερόριοι
700 3685 1064 3756 κατέστησαν.
1092 3682 1152 3738 '0
1173 3683 1229 3736 δὲ
1243 3683 1588 3756 Θεοδώρητος
1602 3685 1682 3758 [Ρ.
1705 3686 1832 3760 576]
1862 3687 1966 3760 ἰδίᾳ

2068 3699 2190 3740 sum
2214 3682 2271 3737 in
2297 3680 2608 3736 Triconcho
2632 3679 2823 3734 Palatii
2851 3693 3046 3742 caesus,
3065 3677 3180 3747 ipse
3208 3691 3427 3746 quoque
3456 3675 3650 3730 exsilio

396 3776 456 3828 ὲν
507 3774 587 3848 τῷ
641 3774 922 3846 λεγομένῳ
977 3777 1268 3849 Τρικόγχῳ
1297 3777 1393 3833 τοῦ
1427 3779 1696 3836 παλατίου
1743 3780 1969 3849 τυφθεὶς

395 3869 490 3923 καὶ
530 3868 696 3932 αὐτὸς
726 3867 1024 3942 ἐξωρίσθη.
1059 3869 1168 3924 Τδν
1192 3870 1250 3924 δὲ
1303 3871 1661 3943 σακελλάριον
1703 3873 1971 3929 Ἀναστά-

396 3979 513 4016 σιον
531 3962 836 4033 ἀπέκειραν
867 3962 927 4015 ἐν
959 3965 1029 4033 τῇ
1063 3964 1198 4034 μονῇ
1246 3963 1356 4017 τῶν
1392 3964 1693 4034 Ἐλεγμῶν,
1724 3965 1851 4022 ἔνθα
1877 3969 1974 4024 καὶ

393 4057 642 4127 τελευτᾷ.
667 4055 781 4126 Τῆς
804 4055 1060 4126 τοιαύτης
1077 4055 1134 4110 δὲ
1153 4059 1482 4128 προφάσεως
1504 4058 1802 4130 λαϐόμενος
1841 4061 1976 4115 Ῥω-

399 4149 570 4217 μανδς
621 4149 714 4203 τὸν
758 4147 988 4219 βασιλέα
1041 4150 1454 4205 Κωνσταντῖνον
1500 4152 1823 4216 ύποδιὸάζει
1877 4154 1977 4208 καὶ

394 4240 649 4311 δεύτερον
702 4240 1051 4313 καθίστησιν,
1100 4241 1267 4296 αὐτὸν
1310 4239 1370 4296 δὲ
1412 4242 1646 4314 προάγει
1674 4243 1756 4308 είς
1787 4241 1847 4297 τδ
1877 4242 1978 4315 ἐμ-

395 4331 653 4403 προσθεν.
783 4397 809 4414 ο

463 4425 594 4496 η-θθ.
611 4424 774 4479 Ἐκστ
782 4424 995 4495 ρατεύει
1010 4425 1066 4479 δὲ
1085 4426 1246 4480 πάλιν
1261 4425 1490 4496 Συμεὼν
1503 4427 1645 4480 κατᾶ
1659 4425 1971 4498 Ῥωμαίων,

395 4516 494 4573 καὶ
521 4518 704 4590 πλήθη
733 4518 1063 4590 Βουλγάρων
1087 4518 1420 4583 ἀποστείλας
1435 4519 1551 4591 ἃμα
1577 4521 1852 4591 Καυκάνῳ
1873 4523 1968 4575 καὶ

391 4607 628 4682 Μηνικῷ
670 4609 768 4663 καὶ
796 4610 1025 4681 ἑτέροις,
1059 4611 1318 4665 ἐκέλευσε
1351 4611 1495 4666 κατὰ
1522 4612 1624 4682 τῆς
1653 4612 1863 4674 πόλεως
1886 4613 1969 4666 ὅτι

392 4703 625 4775 τάχιστα
673 4701 1004 4770 ἐξελαύνειν.
1059 4702 1369 4766 Διελθόντες
1399 4702 1494 4758 οὖν
1543 4697 1688 4759 οὗτοι
1733 4704 1822 4758 διὰ
1859 4703 1968 4759 τῶν

392 4794 536 4865 ὀρῶν
565 4789 730 4865 ἦλθον
759 4793 923 4865 μέχρι
980 4794 1090 4849 τῶν
1137 4795 1467 4864 Μαγγλαὸᾶ.
1515 4797 1626 4866 Τὴν
1679 4797 1859 4851 αὐτῶν
1908 4796 1968 4851 δὲ

394 4886 580 4956 ἔφοδον
604 4885 798 4957 μαθὼν
825 4888 856 4940 ό
889 4885 1141 4957 βασιλεὺς
1175 4887 1474 4957 Ῥωμανδς,
1503 4887 1859 4959 λογισάμενος
1893 4889 1969 4960 μὴ

390 4981 464 5034 τὰ
490 4979 599 5033 τῶν
629 4977 829 5050 Πηγῶν
853 4979 1092 5034 παλάτια
1140 4980 1234 5034 καὶ
1281 4979 1344 5033 τὸ
1395 4980 1588 5034 Στενὺν
1613 4979 1970 5045 κατελθόντες

394 5069 775 5141 ἑμπρήσωσιν,
824 5069 1077 5140 Ἰωάννην
1137 5071 1424 5142 ραίκτωρα
1477 5071 1798 5126 ἀποστέλλει
1853 5073 1971 5141 ἅμα

393 5161 584 5214 Λέοντι
608 5161 704 5215 καὶ
734 5160 894 5230 Πόθῳ
925 5162 1038 5225 τοῖς
1075 5163 1360 5232 Ἀργυροῖς
1386 5163 1722 5234 λεγομένοις,
1745 5163 1970 5234 ἔχοντας

396 5252 518 5322 μεθ’
545 5251 756 5306 ἑαυτῶν
787 5251 988 5323 πλῆθος
1021 5255 1205 5308 ἱκανὸν
1229 5255 1294 5309 εκ
1324 5272 1384 5309 τε
1417 5255 1528 5309 τῶν
1557 5256 1854 5327 βασιλικῶν
1876 5257 1971 5311 καὶ

391 5342 492 5424 ⁴τῇς
547 5343 823 5414 ἑταιρείας
853 5345 950 5398 καὶ
992 5344 1100 5399 τῶν
1151 5347 1467 5417 ταγμάτων.
1519 5341 1616 5411 Οἷς
1681 5348 1845 5416 συνῆν
1874 5347 1970 5403 καὶ

408 5432 643 5515 Ἀλέξιος
677 5437 1010 5509 όπατρίκιος
1039 5439 1133 5493 καὶ
1167 5438 1529 5511 δρουγγᾶριος
1560 5440 1671 5494 τῶν
1706 5439 1970 5510 πλωῒμων

393 5524 423 5576 ό
452 5527 762 5605 Μωοηλῑι,⁸³
794 5529 936 5599 μετὰ
981 5531 1076 5585 τού
1107 5530 1240 5585 λαοῦ
1301 5530 1491 5586 αὑτοῦ.
1521 5527 1629 5585 Ἦν
1666 5531 1724 5585 δὲ
1779 5531 1820 5584 ε’
1860 5531 1970 5585 τῶν

397 5618 680 5688 Νηστιιῶν
707 5622 961 5695 ἑὸδομάς.
989 5622 1347 5689 Διατάξαντες
1370 5623 1465 5678 οὖν
1492 5624 1585 5677 τὸν
1613 5623 1744 5678 λαδν
1773 5625 1833 5675 ὲν
1854 5624 1970 5687 τοῖς

2069 3777 2343 3848 relegatus
2398 3782 2505 3831 est.
2567 3771 2913 3828 Anastasinm
2961 3785 3133 3842 porro
3179 3768 3551 3826 Sacellarinm.
3589 3770 3651 3824 in

2071 3872 2424 3941 Elcgmorum
2470 3866 2865 3923 monasterium
2918 3865 3143 3919 caesarie
3181 3863 3518 3929 multarunt,
3553 3862 3650 3918 ubi

2070 3961 2236 4033 893
2265 3969 2323 4016 et
2353 3958 2612 4017 moritur.
2665 3957 2743 4012 Eo
2770 3957 3053 4011 Romanus
3091 3962 3355 4024 praetequ
3399 3969 3465 4009 ac
3492 3969 3654 4010 occa-

2074 4054 2229 4109 sione
2284 4050 2710 4107 Constantinum
2754 4048 3142 4116 imperatorem
3192 4045 3385 4116 dejicit
3439 4059 3504 4099 ac
3559 4060 3651 4099 se-

2074 4144 2261 4202 cundo
2311 4142 2510 4200 ordine
2557 4141 2869 4207 constituit,
2923 4138 3143 4210 sibique
3184 4138 3299 4208 ipse
3331 4138 3541 4207 primas
3568 4145 3652 4192 at-

2077 4237 2295 4295 tribuit-

2147 4414 2267 4470 8-9.
2309 4411 2545 4484 Symeon
2600 4425 2732 4466 vero
2779 4407 3044 4464 adversus
3097 4408 3375 4462 Romanos
3432 4420 3650 4460 rursum

2005 4482 2260 4577 I)copias
2297 4482 2528 4571 educit;
2573 4503 2848 4573 missaque
2889 4502 3247 4571 Bulgarorum
3299 4497 3652 4552 multitudine

2075 4617 2201 4658 cum
2230 4600 2485 4656 Caucann
2513 4608 2572 4653 et
2601 4597 2813 4652 Menico
2851 4595 3106 4664 aliisque,
3147 4593 3370 4648 mandat
3398 4603 3458 4647 ut
3487 4606 3652 4662 quam

2074 4691 2361 4750 celerrime
2377 4689 2640 4744 adversus
2657 4687 2851 4741 urbem
2871 4683 3135 4754 impetum
3153 4684 3349 4737 ferant.
3369 4682 3652 4752 Superatis

2075 4786 2259 4854 itaque
2286 4782 2587 4848 montibus,
2617 4788 2673 4835 et
2701 4795 2798 4851 per
2817 4793 2913 4833 eos
2934 4777 3234 4848 dirigentes
3257 4777 3384 4834 iter.
3407 4777 3473 4830 ad
3503 4776 3652 4830 Man-

2075 4878 2234 4949 glaba
2263 4889 2437 4944 usque
2461 4881 2847 4946 pervenerant.
2884 4870 3114 4942 Cognita
3155 4879 3336 4922 autem
3371 4868 3651 4922 Romanus

2076 4969 2374 5038 imperator
2416 4966 2613 5020 horum
2650 4962 2991 5032 irruptione,
3031 4962 3239 5016 veritus
3267 4977 3335 5015 ne
3383 4963 3648 5030 charum

2075 5059 2256 5131 regias
2307 5056 2455 5113 aedes
2503 5055 2842 5125 Stcuumque
2892 5054 3019 5109 inde
3070 5052 3226 5106 effusi
3269 5051 3648 5114 incenderent,

2074 5157 2344 5214 Joannem
2375 5161 2642 5209 rectorem
2665 5167 2771 5205 una
2792 5165 2916 5205 cum
2940 5149 3122 5203 Leone
3145 5157 3200 5201 et
3224 5146 3395 5200 Potho
3429 5145 3653 5214 Argyris

2078 5249 2358 5320 irejussit,
2378 5247 2560 5302 valido
2583 5261 2648 5300 ex
2671 5242 3016 5315 praetorianis
3031 5250 3087 5295 et
3117 5238 3396 5294 fmdcratis
3418 5238 3651 5306 aliisque

2075 5343 2396 5401 cohortibus
2446 5339 2680 5396 conﬂato
2729 5337 2995 5392 exercitu.
3058 5332 3256 5387 Adibat
3314 5340 3369 5384 et
3429 5330 3650 5384 Alexius

2078 5434 2281 5490 Musele
2305 5430 2568 5502 patricius
2602 5428 2793 5498 reique
2815 5426 3022 5480 navalis
3050 5424 3401 5492 drungarius,
3437 5437 3558 5476 cum
3584 5421 3648 5472 iis

2077 5528 2254 5598 copiis
2281 5525 2484 5596 quibus
2519 5521 2806 5593 praefectus
2848 5529 2986 5575 erat.
3031 5517 3305 5588 Agebatur
3343 5517 3530 5585 quinta
3569 5516 3648 5584 je-

2071 5621 2358 5692 juniorum
2406 5614 2767 5673 hebdomada.
2822 5612 2881 5670 In
2930 5611 3328 5681 campestribus
3376 5610 3552 5676 ilaqm:
3587 5622 3645 5660 δι,

1657 5715 1891 5772 νΛιιιιΕ
1945 5716 2235 5773 ιιςοτιοΝ
2245 5715 2350 5772 ES.

469 5815 512 5848 δ’
538 5814 734 5879 αὐτοὺς
767 5813 1012 5873 additum
1047 5828 1079 5869 ο
1107 5828 1159 5887 p.
1186 5812 1293 5871 247
1323 5827 1374 5869 c.
1461 5811 1507 5845 “
1536 5811 1783 5868 Μουσελὲ
1812 5827 1866 5884 p.
1899 5811 2004 5868 ωε
2040 5827 2070 5868 c
2094 5811 2153 5867 d.
