4090 6022
377 312 486 378 959

1641 307 1961 373 GEORGII
2004 302 2347 373 MONACHI

3532 317 3643 380 960

374 421 564 490 reique
610 419 822 475 navalis
869 417 1201 489 drungarius
1251 431 1477 489 repente
1522 436 1651 475 cum
1697 437 1951 493 egressus

2055 440 2148 494 νης
2174 424 2462 494 πατρίκιος
2486 421 2581 475 καὶ
2612 421 2973 494 δρουγγάριος
3004 421 3101 475 τοῦ
3134 420 3406 491 πλωϊμου,
3435 430 3465 480 ο
3512 427 3639 482 Ῥω...

375 512 611 566 insulam
644 512 823 583 petiit,
866 511 1034 583 898
1062 522 1426 581 consertaque
1459 527 1639 583 pugna
1680 515 1957 585 Agareno-

375 619 495 658 rum
530 604 633 659 sub
671 620 740 660 eo
770 605 943 660 aciem
980 605 1121 660 fudit
1152 604 1490 676 fugavitque.
1523 608 1642 677 lpse
1687 607 1957 676 Tripolita

370 711 514 767 aegre
541 697 668 769 fuga
700 698 934 753 salutem
955 695 1219 767 expediit.

444 873 533 927 Π.
568 871 754 928 Mense
788 872 1127 942 Septembri,
1175 873 1486 931 indictione
1532 876 1794 939 secunda,
1850 874 1954 946 Sy-

375 978 535 1019 meon
566 964 834 1034 Bulgaria:
871 967 1131 1038 princeps
1163 984 1288 1023 cum
1341 970 1601 1025 omnibus
1635 970 1810 1038 copiis
1850 969 1951 1023 ad-

373 1072 565 1113 versus
618 1058 943 1130 Byzantium
996 1061 1281 1130 profectus
1344 1075 1430 1118 est
1476 1078 1609 1118 :-ac
1661 1062 1953 1119 Thraciam

372 1154 595 1223 quidem
636 1162 695 1209 et
737 1153 1111 1210 Macedoniam
1156 1157 1473 1226 populatur,
1504 1158 1955 1214 succenditvero

372 1247 556 1301 omnia
588 1255 644 1303 et
671 1249 892 1313 evertit,
921 1248 1259 1318 arboresque
1295 1250 1549 1306 succidit.
1588 1250 1670 1304 Ad
1698 1251 1956 1307 Blacher-

372 1353 472 1393 nas
499 1354 674 1409 usque
712 1353 837 1395 cum
871 1340 1135 1404 venisset,
1174 1341 1457 1397 Nicolaum
1489 1341 1859 1412 patriarcliam
1889 1359 1955 1399 ac

370 1444 665 1498 procerum
697 1432 984 1500 quosdam,
1027 1433 1357 1504 quibuscum
1400 1434 1469 1488 de
1504 1450 1635 1503 pace
1666 1442 1949 1501 tractaret,

370 1522 439 1576 ad
460 1536 520 1577 se
542 1522 687 1577 mitti
716 1524 951 1595 rogavit.
980 1525 1130 1580 Datis
1154 1526 1337 1596 itaque
1368 1528 1625 1597 utrinque
1662 1529 1952 1585 obsidibus

367 1614 645 1681 exierunt,
671 1617 912 1685 primum
940 1618 1162 1687 quidem
1192 1619 1527 1688 patriarcha,
1559 1632 1674 1675 tum
1718 1620 1949 1677 Michael

2058 514 2201 577 δινδς
2234 514 2764 584 κατονομαζόμενος,
2792 514 3075 586 αἰφνιδίως
3110 515 3340 572 ἐπέθετο
3366 519 3517 590 αὐτῷ
3548 522 3642 575 καὶ

2058 611 2157 678 τὴν
2201 610 2361 679 νῆσον
2393 606 2729 661 κατέλαϐεν·
2766 608 2861 661 καὶ
2897 607 3140 679 πολέμου
3176 608 3477 677 γεγονότος,
3504 610 3642 665 Θεοῦ

2059 699 2326 770 συνεργίᾳ
2358 701 2409 754 οἰ
2443 701 2536 754 ὑπ’
2586 699 2751 754 αὑτὸν
2781 701 3080 771 τρίπονται
3120 702 3433 775 ’Δγαρηνολη
3481 705 3611 770 μόνο

2055 791 2115 844 δὲ
2146 792 2176 844 6
2210 788 2545 861 Τριπολίτης
2575 790 2724 861 φυγῇ
2748 788 3099 854 διασώζεται.

2127 880 2214 947 ιζ’.
2252 882 2611 955 Σεπτεμϐρίῳ
2664 882 2723 938 δὲ
2750 882 2905 953 μηνὶ,
2940 884 3272 948 ῑνϐικτιῶνος
3298 883 3367 954 β’,
3412 886 3648 955 Συμεὼν

2057 972 2162 1048 [δὲ]
2186 978 2215 1029 6
2260 974 2447 1045 ἄρχων
2478 974 2564 1048 [Ρ.
2596 974 2725 1047 579]
2754 973 3096 1044 Βουλγαρίας
3147 978 3455 1046 πανστρατὶ
3501 972 3647 1029 κατὸ¹

2056 1067 2686 1131 Κωνσταντινουπόλεως
2713 1066 3088 1139 ἂκστρατεύει,
3121 1070 3218 1124 καὶ
3239 1066 3491 1137 ληῖζεται
3540 1070 3640 1139 μὲν

2055 1154 2281 1227 Θρᾴκην
2308 1174 2368 1209 τε
2391 1154 2484 1210 καί
2516 1157 2882 1225 Μακεδονίαν,
2909 1159 3207 1231 ἐμπυρίζει
3232 1159 3294 1213 δέ
3328 1161 3507 1215 πάντα
3547 1159 3641 1214 καὶ

2056 1248 2427 1318 καταστρέφει
2450 1249 2546 1303 καὶ
2575 1246 2941 1319 δενδροτομεῖ.
2969 1251 3152 1322 Μέχρι
3185 1251 3513 1323 Βλαχερνῶν
3542 1268 3643 1305 πα-

2057 1338 2423 1409 ραγενόμενος
2464 1338 2810 1410 ἐπεζήτησεν
2847 1341 2894 1371 ⁸³
2935 1340 3087 1411 αὐτῷ
3130 1341 3509 1412 ἀποσταλῆναι
3546 1341 3641 1397 τὸν

2057 1435 2407 1503 πατριάρχην
2422 1432 2693 1487 Νικόλαον
2712 1434 2804 1488 καί
2821 1450 2979 1498 τινας
2992 1435 3105 1492 τῶν
3129 1437 3474 1505 μεγιστάνων
3495 1435 3637 1505 diqu-

2054 1528 2184 1592 περὶ
2206 1526 2433 1596 εἰρήνης
2454 1526 2637 1589 αὐτοῖς
2665 1528 2973 1598 συντυχεῖν.
3011 1526 3245 1581 Ἔλασον
3269 1526 3366 1582 οὖν
3394 1529 3637 1599 ὁμήρους

2056 1617 2185 1687 παρ’
2208 1617 2457 1689 ἀλλήλων
2486 1619 2812 1688 ἀμφότεροι,
2844 1619 2937 1673 καὶ
2960 1617 3181 1692 ἐξῆλθον
3227 1621 3496 1693 πρότερον
3538 1625 3638 1693 μὲν

368 1708 634 1776 patricius
653 1718 1017 1779 cognomento
1030 1709 1327 1780 Stypiotes,
1344 1720 1401 1765 et
1427 1710 1669 1767 Joannes
1688 1712 1951 1783 mysticus

2055 1712 2079 1762 6
2138 1698 2518 1781 πατριάρχης,
2568 1705 2688 1764 εἶτα
2731 1712 2951 1783 Μιχαὴλ
2987 1711 3277 1783 πατρίκιος
3311 1715 3340 1766 6
3370 1730 3639 1784 προσαγο-

370 1772 665 1868 rerumque
698 1799 1260 1856 administrandarum
1288 1802 1607 1873 imperatori
1642 1806 1861 1876 adiutor
1884 1820 1950 1861 ac

2058 1772 2364 1874 ρευόμενος-
2386 1772 2730 1873 ἐτυπιώτης,
2768 1772 2864 1859 κᾶι
2904 1772 3162 1877 ζῐιυάννης
3188 1772 3448 1876 μυ-στικός
3464 1824 3525 1861 τε
3540 1772 3640 1861 καὶ

369 1892 625 1948 minister
650 1893 1032 1951 intimusJam
1051 1896 1200 1951 enim
1222 1896 1462 1953 Joannes
1497 1907 1677 1955 rector
1698 1900 1950 1957 criminis

2055 1894 2541 1965 παραδυναστεύων
2559 1912 2575 1927 ’
2590 1895 2692 1967 ἤδη
2716 1895 2824 1968 γὰρ
2839 1896 3095 1967 Ἰωάννης
3116 1897 3146 1949 6
3162 1896 3407 1966 ραίκτωρ
3421 1893 3640 1968 διαϐλη-

369 1982 586 2039 delatus
610 1987 753 2057 apud
784 1987 1193 2057 imperatorem,
1214 1990 1594 2061 aegritudinem
1618 2003 1948 2062 praetexens,

369 2076 494 2134 aula
548 2093 863 2136 excesserat
916 2092 1083 2151 atque
1127 2083 1181 2137 in
1230 2099 1332 2138 suo
1384 2087 1739 2151 monasterio,
1801 2089 1948 2157 quod

369 2168 518 2225 haud
550 2173 742 2243 procul
769 2173 1087 2230 Galacrenis
1116 2181 1220 2238 est,
1254 2176 1511 2232 monachi
1550 2179 1657 2233 ritu
1686 2181 1952 2237 detonsus

370 2265 570 2322 fuerat.

441 2357 529 2412 18.
566 2358 753 2427 Legati
785 2360 952 2429 igitur
979 2378 1105 2417 cum
1129 2363 1400 2434 Symeone
1423 2366 1491 2419 de
1515 2381 1646 2435 pace
1674 2367 1951 2437 colloque-

372 2448 592 2505 bantur.
626 2449 864 2521 Symeon
893 2468 1028 2508 vero
1058 2454 1167 2509 illis
1205 2456 1512 2522 repudiatis
1551 2457 1730 2524 ipsum
1776 2458 1951 2526 impe-

371 2549 609 2596 ratorem
654 2542 845 2598 videre
880 2544 1111 2615 ejusque
1148 2561 1445 2615 congressu
1476 2547 1584 2600 frui
1619 2548 1948 2617 expetebat:

369 2642 523 2689 certo
544 2634 695 2689 enim
730 2634 907 2691 relatu
931 2637 1003 2692 de
1038 2638 1159 2707 ejus
1203 2639 1497 2707 prudentia
1529 2647 1583 2695 et
1624 2640 1951 2695 fortitudine

370 2725 749 2797 sapientiaque
778 2740 1087 2799 acceperat.
1127 2732 1385 2801 Pergrata
1413 2746 1476 2785 ea
1508 2748 1596 2786 res
1623 2731 1729 2785 fuit
1751 2730 1953 2787 Roma-

346 2832 464 2884 .no,
492 2820 695 2888 quippe
733 2820 826 2891 qui
860 2822 1010 2890 pacis
1043 2822 1323 2877 desiderio
1357 2824 1649 2877 tenebatur
1674 2839 1739 2878 ac
1767 2824 1953 2892 quoti-

369 2907 549 2964 dianis
582 2912 840 2981 utrinque
867 2912 1110 2969 caedibus
1140 2914 1305 2969 finem
1350 2915 1636 2985 imponere
1668 2916 1948 2971 studebat.

372 2999 539 3057 Mittit
573 3002 758 3075 itaque
784 3005 877 3075 qui
904 3006 971 3060 ad
1006 3022 1157 3062 mare
1193 3008 1249 3061 in
1272 3006 1539 3063 Cosmidii
1564 3010 1747 3065 littore
1786 3010 1951 3065 tutis-

371 3094 565 3148 simam
597 3097 1012 3151 exscensionem
1054 3108 1353 3161 struerent,
1379 3114 1489 3167 quo
1533 3098 1656 3153 loco
1696 3102 1951 3169 praetoria
1979 3119 2023 3177 ε

372 3185 529 3239 navis
550 3200 614 3241 ac
633 3187 876 3242 triremis
896 3189 1216 3257 appellcnda
1239 3201 1403 3245 esset.
1430 3190 1576 3245 Loco
1602 3192 1768 3260 igitur
1792 3192 1953 3248 undi-

370 3291 478 3348 que
502 3279 863 3345 communito,
886 3280 1055 3352 899
1086 3284 1140 3337 in
1164 3283 1344 3338 medio
1370 3285 1535 3354 jussit
1564 3295 1779 3355 septum
1808 3286 1950 3348 ﬁeri,

371 3370 467 3426 ubi
538 3386 848 3428 sermonem
884 3374 1135 3430 collaturi
1190 3387 1372 3432 erant.
1403 3378 1628 3434 Interim
1688 3379 1949 3449 Symeon,

370 3462 541 3519 misso
567 3479 792 3519 suorum
822 3466 1127 3535 manipulo,
1154 3477 1356 3524 sanctae
1376 3470 1473 3526 Dei
1498 3469 1795 3527 Genitricis
1813 3480 1951 3527 tem-

370 3556 542 3626 plum,
569 3557 717 3627 quod
758 3558 815 3612 in
843 3559 984 3630 Pega
1021 3567 1125 3625 est,
1161 3562 1426 3627 incendit,
1458 3578 1523 3617 ac
1557 3563 1951 3620 circumvicina

369 3665 601 3719 quaeque
639 3650 747 3722 igni
804 3651 1063 3722 ferroque
1116 3656 1397 3720 vastavit;
1444 3671 1550 3724 qua
1606 3671 1665 3711 re
1707 3656 1947 3712 alienum

370 3741 535 3812 plane
574 3757 605 3796 a
647 3757 780 3812 pace
815 3745 1083 3814 prodebat
1116 3746 1385 3809 animum,
1415 3762 1666 3817 vanaque
1683 3764 1809 3803 eum
1847 3749 1951 3804 im-

369 3840 677 3904 peratorem
702 3850 797 3905 spe
833 3836 1099 3893 deludere
1130 3838 1276 3892 haud
1305 3839 1603 3893 obscurum
1629 3851 1767 3894 erat.

442 3927 526 3982 l9.
555 3926 795 3984 Veniens
818 3939 999 3985 autem
1036 3931 1338 3998 imperator
1367 3947 1489 3985 cum
1530 3932 1754 3994 Nicolao
1781 3932 1948 4001 patri-

369 4018 559 4083 archa,
601 4021 669 4075 ad
714 4030 965 4076 sanctum
1018 4023 1297 4093 ingressus
1342 4024 1606 4088 loculum,
1641 4040 1837 4080 manus
1881 4025 1950 4079 ad

369 4125 564 4181 preces
603 4114 868 4169 extendit.
904 4114 1043 4169 Tum
1078 4130 1287 4184 pronus
1320 4114 1374 4169 in
1406 4127 1613 4171 terram
1654 4117 1952 4185 procidens

368 4217 587 4258 sacrum
615 4204 857 4259 ubertim
887 4206 1065 4261 solum
1107 4206 1237 4262 illud
1265 4207 1521 4277 lacrymis
1552 4208 1783 4275 rigabat,
1812 4208 1951 4264 inte-

370 4294 791 4349 meratissimam
808 4296 904 4349 Dei
932 4296 1269 4353 Genitricem
1293 4298 1661 4354 obsecransut
1687 4299 1947 4353 inflexum

368 4384 681 4454 durumque
730 4388 951 4459 tyranni
1017 4389 1352 4460 superbique
1402 4390 1691 4454 Symeonis
1756 4401 1949 4462 pectus

2051 1986 2167 2051 θεὶς
2187 1988 2324 2058 πρὸς
2353 1988 2443 2042 τὸν
2470 1988 2718 2058 βασιλέα,
2736 1987 3026 2043 ἀσθένειαν
3050 1986 3526 2060 προφασισάμενος
3544 1988 3641 2042 τοῦ

2052 2078 2316 2132 παλατίου
2343 2077 2704 2150 κατεληλύθει
2735 2078 2829 2134 καὶ
2857 2080 2917 2133 ἐν
2945 2080 3013 2150 τῇ
3038 2077 3208 2133 αὐτοῦ
3239 2082 3378 2151 μονῇ
3404 2078 3638 2149 πλησίον

2052 2170 2423 2243 Γαλακρηνῶν
2454 2171 2733 2245 ἀπεκάρη.

2127 2354 2216 2419 ιη’.
2252 2349 2317 2401 Oi
2348 2347 2448 2417 μὲν
2472 2346 2568 2402 οὖν
2598 2347 2736 2419 μετὰ
2764 2347 2993 2418 Συμεὼν
3034 2349 3164 2418 περὶ
3208 2349 3437 2420 εἰρήνης
3467 2351 3640 2404 διελέ-

2051 2458 2234 2508 γοντο,
2262 2440 2292 2492 6
2318 2440 2377 2493 δὲ
2408 2440 2607 2502 αὐτοὺς
2635 2439 3023 2511 ἀπεπέμψατο,
3050 2440 3215 2495 αὐτὸν
3253 2441 3311 2495 δέ
3336 2442 3429 2495 τὸν
3487 2441 3641 2511 βασι-

2051 2533 2148 2586 λέα
2190 2532 2468 2598 Ῥωμανδν
2510 2531 2697 2603 ἐζήτει
2741 2531 3065 2587 θεάσασθαι.
3105 2534 3262 2604 Παρὰ
3320 2534 3535 2588 πολλῶν
3580 2535 3640 2589 δι

2052 2624 2516 2693 πεπληροφόρητο
2547 2624 2679 2695 περί
2725 2640 2785 2677 τε
2829 2624 2934 2692 τῆς
2974 2622 3141 2678 αὐτοῦ
3191 2626 3514 2697 φρονήσεως
3544 2629 3639 2681 καὶ

2053 2714 2280 2786 ἀνδρίας
2329 2714 2423 2768 καὶ
2471 2716 2573 2786 τῆς
2604 2716 2896 2780 συνέσεως.
2934 2715 2994 2771 ⁸0
3028 2715 3211 2770 τοίνυν
3245 2716 3500 2787 βασιλεὺς
3543 2719 3639 2772 ἐπὶ

2052 2808 2243 2860 τούτου
2270 2808 2479 2879 σφόδρα
2500 2808 2908 2877 ἠγαλλιάσατο·
2942 2808 3131 2863 ἐπόθει
3160 2811 3270 2878 γὰρ
3298 2810 3399 2880 τὴν
3414 2810 3637 2882 εἰρήνην

2053 2896 2150 2952 καὶ
2181 2897 2243 2951 τὸ
2277 2898 2472 2966 στῆναι
2527 2896 2628 2960 τὰς
2670 2898 2794 2951 καθ’
2832 2898 3073 2968 ἑκάστην
3106 2898 3475 2970 ἐγγινομένας
3529 2899 3638 2955 τῶν

2054 2990 2305 3060 αίμὰτων
2331 2989 2612 3059 ἐκχύσεις.
2648 2990 3000 3053 Ἀποστείλας
3023 2990 3116 3045 οὖν
3143 2994 3202 3046 ἐν
3230 2992 3638 3065 τῷ-Κοσμιὸίου

2055 3084 2287 3153 αἰγιαλῷ
2337 3084 2743 3137 κατεσκεύασεν
2796 3085 2855 3137 ἐν
2888 3085 2955 3155 τῇ
2991 3084 3240 3157 θαλάσσῃ
3282 3087 3637 3159 ὀχυρωτάτην

2055 3180 2344 3242 ἀπόϐασιν,
2370 3177 2513 3231 ὥστε
2538 3179 2637 3248 τὴν
2660 3177 2950 3250 βασιλικὴν
2972 3181 3211 3251 τριήρην
3240 3179 3636 3235 διεκπλέουσαν

2054 3270 2113 3324 ἐν
2159 3272 2299 3341 αὐτῇ
2356 3269 2846 3341 προσορμίζεσθαι.
2908 3270 3265 3341 Περιφράξας
3311 3272 3407 3327 οὖν
3464 3274 3634 3343 αὐτὴν

2055 3362 2318 3417 πάντοθεν
2334 3362 2681 3433 διατείχισμα
2710 3362 2874 3433 μέσον
2908 3362 3160 3429 γενέσθαι
3191 3364 3548 3433 προσέταξεν,
3576 3369 3631 3418 ἐν

2053 3450 2098 3527 ᾧ
2119 3458 2368 3529 ἀλλήλοις
2391 3457 2616 3529 ἔμελλον
2637 3458 2868 3527 ὁμιλεῖν.
2916 3457 3272 3521 Ἀποστείλας
3296 3458 3390 3512 οὖν
3411 3458 3634 3530 Σδμεὼν

2052 3556 2145 3610 τὸν
2189 3554 2287 3622 τῆς
2339 3552 2647 3623 ὑπεραγίας
2668 3550 2938 3605 Θεοτόκου
2988 3552 3117 3605 ναὸν
3145 3551 3240 3605 τὸν
3270 3553 3330 3604 ἐν
3377 3554 3443 3623 τῇ
3475 3555 3633 3623 um;

2054 3648 2353 3717 ἐνέπρησεν
2384 3644 2476 3698 καὶ
2527 3644 2596 3698 τὰ
2639 3643 2800 3713 πέριξ
2827 3641 2992 3697 αὑτοῦ
3016 3642 3338 3714 σύμπαντα,
3373 3644 3529 3715 δῆλος
3556 3642 3636 3699 ὧν

2052 3739 2303 3795 ἐντεῦθεν
2336 3740 2411 3810 μὴ
2441 3738 2541 3809 τὴν
2567 3737 2792 3808 εἰρήνην
2821 3735 3045 3803 ἐθέλων,
3064 3735 3182 3791 ἀλλν
3214 3735 3397 3789 ἐλπίσι
3433 3735 3638 3808 tas-teth-

2055 3850 2171 3905 ροις
2204 3831 2397 3886 τοῦτον
2425 3829 2735 3896 ἐξαπατῶν.

2128 3924 2220 3979 ιθι,
2272 3923 2731 3993 Παραγενόμενος
2759 3922 2816 3975 δὲ
2851 3923 2911 3975 ἐν
2954 3920 3290 3991 Βλαχίρναις
3321 3922 3351 3974 6
3385 3917 3637 3988 βασιλεὺς

2056 4019 2173 4087 ἅμα
2202 4016 2454 4087 Νικολάῳ
2483 4017 2563 4088 τῷ
2591 4016 2906 4087 πατριάρχῃ
2949 4015 3009 4067 ἐν
3033 4018 3102 4085 τῇ
3134 4014 3267 4085 ἁγίᾳ
3300 4011 3447 4085 σορῷ
3514 4015 3635 4066 εἰσ-

2054 4108 2184 4181 ῆλθε
2213 4106 2429 4169 καὶτὰς
2459 4110 2648 4175 χεῖρας
2668 4104 2930 4169 ἐξέτεινεν
2955 4105 3035 4167 εἰς
3060 4104 3252 4174 εὐχὴν.
3288 4098 3406 4158 εἶτα
3422 4099 3637 4173 πρηνὴς

2056 4199 2237 4255 πεσὼν
2292 4198 2352 4253 τὸ
2404 4198 2563 4266 ἅγιον
2599 4196 2795 4266 ἔδαφος
2842 4196 3021 4250 ἐκεῖνο
3066 4198 3180 4260 τοῖς
3220 4194 3454 4263 δάκρυσι
3498 4209 3633 4247 ειιατ⁵

2057 4292 2282 4364 ἐϐρεχε,
2329 4291 2428 4359 τὴν
2490 4291 2871 4369 πανάχραντον
2921 4287 3185 4342 Θεοτόκον
3218 4285 3515 4341 ἀντιϐολῶν
3538 4284 3639 4356 τὴν

2054 4385 2286 4456 ἁκαμπῆ
2311 4382 2406 4437 καὶ
2426 4383 2748 4451 ἀμείλικτον
2778 4381 2877 4434 τοῦ
2916 4379 3189 4451 τυράννου
3220 4380 3317 4433 καὶ
3350 4376 3640 4450 ὑπερηφά-

368 4476 643 4532 emolliret
668 4487 725 4534 et
756 4479 822 4533 ad
853 4480 1315 4548 pacisineundam
1344 4484 1697 4538 concordiam
1722 4484 1951 4539 induce-

2055 4493 2145 4529 νου
2176 4474 2402 4547 Συμεὼν
2429 4474 2659 4545 καρδίαν
2706 4471 2944 4541 μαλάξαι
2982 4470 3051 4525 τὰ
3083 4470 3220 4542 πρὸς
3248 4470 3476 4541 εἰρήνην
3508 4486 3638 4521 συν·-

369 4575 473 4621 ret.
515 4568 683 4625 Sacra
719 4569 885 4641 igitur
920 4582 1162 4627 reserata
1195 4574 1378 4629 arcula
1401 4613 1415 4635 ,
1455 4575 1511 4627 in
1544 4590 1651 4643 qua
1682 4590 1953 4631 veneran-

368 4658 501 4714 dum
530 4671 731 4718 sanctas
762 4664 856 4718 Dei
881 4664 1177 4720 Genitricis
1202 4667 1502 4736 repositum
1531 4667 1812 4736 palliolum
1842 4677 1948 4732 est,

365 4762 548 4817 eoque
598 4748 726 4804 inde
777 4750 1074 4820 imperator
1123 4752 1362 4818 sublato,
1431 4769 1535 4808 nec
1581 4755 1743 4809 aliter
1784 4770 1949 4824 quam

373 4838 601 4896 thorace
629 4843 890 4911 quodam,
924 4844 1091 4899 nullis
1132 4846 1257 4899 telis
1295 4848 1509 4915 pervio,
1549 4857 1852 4917 assumpto,
1888 4862 1954 4901 ac

370 4948 533 5002 quam
560 4933 615 4988 in
642 4935 990 4990 immaculata
1018 4936 1114 4992 Dei
1135 4937 1411 4993 Genitricc
1438 4939 1751 5002 collocarat,
1785 4940 1955 5009 galea:

372 5024 566 5090 instar,
621 5024 730 5082 ﬁde
782 5026 889 5081 sibi
939 5026 1211 5095 adhibita,
1267 5029 1398 5084 tutis
1444 5030 1656 5084 scilicet
1708 5029 1955 5085 munitus

372 5116 540 5171 armis
566 5132 723 5173 sacra
741 5118 860 5175 avde
880 5121 1185 5191 egreditur.
1216 5121 1341 5176 Suis
1366 5123 1548 5192 itaque
1572 5120 1870 5176 classiariis
1890 5138 1955 5178 ac

372 5209 638 5263 comitatu
666 5212 875 5282 clypeis
924 5215 1206 5283 armisque
1248 5213 1372 5267 aliis
1419 5214 1591 5283 probe
1629 5216 1954 5273 instructus.

376 5301 431 5355 in
477 5302 656 5357 locum
698 5304 1064 5363 constitutum
1097 5322 1222 5360 eum
1252 5306 1524 5377 Symeone
1559 5316 1825 5361 tractatus
1858 5322 1954 5361 ve-

375 5405 457 5447 ιιιι
482 5436 493 5448 .

445 5484 536 5540 20.
579 5487 732 5543 Feria
756 5491 946 5560 quinta
969 5502 1110 5558 erat,
1136 5508 1261 5548 cum
1294 5494 1409 5549 haec
1424 5499 1572 5564 gesta
1587 5500 1735 5553 sunt,
1753 5492 1954 5545 mensis

380 5578 706 5635 Novembris
722 5582 814 5637 die
843 5584 1054 5639 decima
1075 5600 1247 5654 noua,
1268 5587 1401 5642 hora
1418 5585 1527 5640 diei
1549 5589 1765 5654 quarta.
1794 5581 1960 5635 Venit.

2057 4569 2267 4625 θόσθαι.
2304 4568 2379 4621 Τὸ
2404 4566 2562 4636 ἆγιον
2589 4561 2683 4619 οὖν
2706 4564 2962 4643 κιϐᾠςιον
2989 4564 3383 4628 διανοίξαντες,
3418 4561 3547 4616 ἔνθα
3577 4563 3644 4616 τὸ

2058 4660 2258 4715 σεπτὸν
2272 4662 2373 4730 τῆς
2404 4658 2713 4730 ὑπεραγίας
2733 4656 3004 4711 Θεοτόκου
3041 4655 3640 4727 τεθησαύρισταιώμοο

2058 4760 2270 4827 φόριον,
2299 4752 2396 4809 καλ
2426 4752 2586 4807 τοῦτο
2614 4751 2827 4805 ἐκεῖθεν
2855 4750 2885 4803 6
2909 4749 3167 4821 βασιλεὺς
3189 4748 3514 4818 ἀνελόμενος
3541 4747 3639 4802 καὶ

2058 4848 2246 4917 ὥσπερ
2276 4846 2400 4900 τινὰ
2429 4845 2658 4915 θώρακα
2675 4843 3046 4913 ἁδιάρῤηκτον
3070 4840 3524 4912 περιϐαλόμενος,
3543 4840 3640 4894 καὶ

2058 4940 2158 5008 τὴν
2199 4938 2383 4991 πίστιν
2418 4936 2517 5007 τὴν
2561 4936 2643 4999 εἰς
2670 4934 2770 5004 τὴν
2796 4934 3033 5004 ἄμωμον
3074 4930 3339 4987 θεοτόκον
3365 4927 3451 4986 οἵα
3480 4949 3640 5004 περι-

2060 5030 2364 5099 κεφαλαίαν
2386 5027 2511 5081 τινὰ
2542 5024 2923 5097 περιθέμενος,
2952 5024 3120 5092 ἔξεισι
3161 5024 3257 5078 τοῦ
3287 5022 3415 5081 ναοῦ
3449 5023 3641 5087 ὅπλοις

2060 5120 2328 5190 ἀσφαλέσι
2375 5116 2876 5189 περιφραξάμενος.
2929 5113 3015 5187 [Ρ.
3050 5112 3178 5185 580}
3227 5112 3334 5168 Τὸν
3362 5115 3460 5169 σὺν
3490 5112 3642 5185 αὐτῷ

2056 5209 2151 5263 οὖν
2203 5209 2386 5263 στόλον
2434 5206 2627 5260 ἀσπίσι
2674 5222 2735 5257 τε
2763 5203 2860 5257 καὶ
2887 5203 3071 5266 ὅπλοις
3104 5203 3375 5270 ἀσφαλέσι
3407 5218 3643 5257 κατακο·

2060 5304 2277 5373 σμήσας
2304 5301 2396 5354 τὸν
2429 5298 2735 5368 ὡρισμένον
2762 5297 2928 5351 τόπον
2981 5295 3246 5349 κατέλαϐε
3284 5294 3640 5364 σονομιλῆσαι

2058 5395 2133 5465 τῷ
2156 5391 2406 5462 Συμεών.

2133 5488 2369 5555 Πέμπτη
2398 5476 2489 5536 οὖν
2519 5480 2701 5552 ἡμέρα
2729 5475 2799 5552 ἦν
2842 5480 2929 5533 ὅτε
2964 5476 3135 5532 ταῦτα
3166 5477 3405 5544 ἐγένετο,
3433 5475 3500 5531 ιθ¹
3542 5477 3639 5532 τοῦ

2067 5574 2375 5645 Νοεμϐρίου
2404 5573 2592 5650 μηνὸς,
2614 5572 2652 5626 δ’
2684 5570 2742 5626 δὲ
2768 5572 2866 5641 τῆς
2896 5570 3105 5641 ἡμέρας
3130 5564 3269 5640 ὥρα.
3299 5566 3642 5641 Παρεγινετο

1674 5672 1903 5729 VARUS
1938 5666 2337 5727 LECTIONES.

456 5770 492 5799 ⁵¹
520 5770 864 5840 απεζήτησεν
919 5773 976 5827 Ρ.
