4090 6022
432 113 534 189 θὸἰ

1535 120 1731 184 νΙΤιΕ
1766 118 2325 185 RECENTIORUM
2361 123 2545 185 IMPP

3589 131 3696 194 962

429 240 659 312 Συμεὼν
717 237 920 307 πλῆθος
975 235 1203 308 ἄπειρον
1248 233 1610 306 ιπαγόμενος,
1664 238 1746 300 είς
1803 235 2004 301 πολλὰς

2118 245 2162 293 et
2182 236 2419 309 Symeon
2453 239 2845 296 innumerabili
2867 257 3038 313 prope
3060 243 3297 315 stipatus
3323 243 3698 314 exercitus,in

430 331 759 407 διῃρημένον
776 328 1128 402 παρατάξεις,
1145 327 1255 380 τῶν
1269 327 1365 399 μὲν
1383 327 1766 399 χρυσασπίδων
1776 331 1870 382 καὶ
1886 345 2021 400 χρυ-

433 424 756 494 σοδοράτων,
775 421 883 476 τῶν
899 422 954 474 δὲ
970 421 1421 492 ἀργυροασπίδων
1437 424 1532 476 καὶ
1544 423 2017 495 ἀργυροδοράτων,

430 515 539 570 τῶν
558 516 616 570 δὲ
647 515 798 588 πάσῃ
811 515 990 571 ὃπλων
1007 515 1166 586 χροιᾷ
1195 516 1646 586 κεκοσμημένων,
1665 516 1885 572 πάντων
1919 537 2019 572 πειυ

432 608 766 680 φραγμένων
787 607 1014 678 σιδήρῳ,
1054 607 1104 660 οἳ
1140 606 1306 679 μέσον
1339 607 1520 661 αὐτῶν
1549 608 1885 679 διειληφότες
1927 611 2022 664 τὸν

432 697 656 769 Συμεὼν
678 699 752 763 ὠς
771 688 997 770 βαὸιλέα
1024 699 1309 769 εὐφήμουν
1329 701 1395 771 τῇ
1412 700 1523 754 τῶν
1537 701 1825 773 Ῥωμαίων
1839 707 2015 774 φωνῇ.

433 793 641 855 Πάντες
664 792 722 846 δὲ
739 793 790 845 οἱ
812 792 915 862 τῆς
936 793 1245 865 συγκλήτου
1273 792 1482 864 βουλῆς
1513 796 1624 858 τοῖς
1655 795 1893 866 τείχεσιν
1923 797 2019 865 ἑφ-

435 885 673 949 εστῶτες
691 884 961 955 ἐθεώρουν
976 885 1047 938 τὰ
1058 878 1451 956 δρώμενα.“Ην
1468 883 1561 940 οὖν
1581 887 1711 941 ἰδεῖν
1725 888 1824 960 τὴν
1838 889 2017 961 ψυχὴν

435 977 729 1047 βασιλικὴν
755 975 832 1047 τῷ
861 977 976 1032 ὄντι
995 978 1092 1034 καὶ
1111 979 1513 1053 μεγαλόφρονα,
1535 980 1633 1035 καὶ
1659 982 1941 1054 θαυμάσαι
1956 983 2020 1038 τὸ

431 1068 528 1122 τοῦ
561 1070 910 1141 φρονήματος
939 1072 1366 1143 ἀκατάπληκτον
1401 1073 1496 1128 καὶ
1547 1074 1608 1127 τὸ
1656 1076 1758 1143 τῆς
1793 1077 2018 1148 ἀνδρίας

434 1162 796 1232 παράστημα,
828 1162 979 1226 ὅπως
1021 1165 1296 1238 τοσαύτην
1330 1165 1612 1237 πολεμίων
1648 1168 1792 1237 ὁρῶν
1819 1171 2014 1240 ἐπιφο-

437 1252 538 1323 ρὰν
559 1253 622 1305 οὐ
650 1254 973 1326 κατεπλάγη
1025 1257 1119 1309 καὶ
1148 1257 1529 1329 ὑπεχώρησεν,
1561 1259 1678 1313 ἀλλ’
1711 1260 1902 1332 ὥσπερ
1935 1264 2019 1327 εἰς

433 1343 609 1414 φίλιον
661 1345 855 1419 χωρῶν
922 1348 1121 1418 πλῆθος
1179 1349 1280 1419 τὴν
1332 1348 1515 1422 ψυχὴν
1557 1350 1731 1416 οὕτως
1767 1353 2015 1424 ἁτρεμὴς

431 1436 622 1509 ἀπῄει,
659 1439 819 1508 μόνον
844 1437 968 1510 οὐχὶ
996 1442 1112 1504 τοῖς
1163 1440 1447 1513 πολεμίοις
1493 1442 1602 1496 τῶν
1632 1443 1890 1514 ὑπηκόων
1932 1445 2016 1501 δι·⁸

433 1529 556 1593 δοὺς
594 1531 933 1602 ἀντίλυτρον.

506 1620 612 1678 ua'.
642 1624 867 1694 Πρῶτος
898 1620 994 1681 οὖν
1021 1627 1078 1679 ἐν
1112 1628 1179 1698 τῇ
1206 1626 1438 1700 ῥηθείσῃ
1472 1628 1761 1700 ἀναϐἀθρᾳ
1782 1632 2019 1684 καταλαμ-

435 1715 546 1770 ϐὼν
566 1717 660 1771 τὸν
687 1716 920 1788 Συμεὼν
961 1718 1254 1789 ἐξεδέχετο.
1298 1720 1458 1774 Ἐπεὶ
1511 1719 1570 1774 δὲ
1598 1722 1786 1792 ὅμηρα
1817 1721 1880 1787 ἐξ
1908 1726 2018 1793 ἀμ-

434 1810 681 1879 φοτέρων
705 1803 1021 1882 ῑλήφθησαν
1051 1810 1161 1865 τῶν
1192 1811 1397 1883 μερῶν,
1440 1814 1535 1868 καὶ
1562 1813 1664 1886 τὴν
1697 1816 2021 1888 ἀποϐάθραν

433 1904 484 1956 οι
523 1904 827 1974 Βοὺλγαροι
871 1905 1304 1977 διηρευνήσαντο
1332 1908 1379 1940 ⁸⁸
1410 1907 1678 1980 ἀκριϐῶς,
1714 1911 1880 1980 μήπω
1935 1928 2020 1976 τις

435 1995 589 2060 δόλος
615 1996 651 2067 ἢ
674 1996 863 2065 ἐνέδρα
886 1999 1164 2069 τυγχάνει,
1197 1998 1438 2069 κατῆλθε
1464 1999 1692 2071 Συμεὼν
1718 2002 1812 2055 τοῦ
1849 2001 2017 2056 laneo

436 2089 532 2143 καὶ
584 2091 720 2160 πρὸς
748 2091 839 2144 τὸν
882 2090 1111 2161 βασιλέα
1173 2091 1448 2162 εἰσῆλθεν.
1504 2091 1914 2163 Ἀσπασὰμενοι
1961 2095 2018 2147 δὲ

435 2181 696 2251 ἀλλήλους
717 2182 941 2253 εἰρήνης
969 2182 1166 2252 λόγους
1186 2182 1469 2254 ἐκίνησαν.
1496 2184 1690 2239 Εἰπεῖν
1719 2185 1776 2239 δὲ
1796 2181 2017 2253 λέγεται

434 2275 528 2325 τὸν
575 2273 799 2343 βασιλέα
838 2276 974 2344 πρὸς
1030 2275 1294 2346 Συμεών·
1346 2275 1597 2338 Ἀκήκοά
1641 2293 1715 2332 σε
1759 2277 2016 2349 θεοσεϐῆ

435 2350 752 2432 ἀνθρώπων
783 2365 930 2419 ὄντα
955 2366 1053 2420 καί
1090 2367 1456 2435 Χριστιανὸν
1479 2367 1777 2438 ὑπάρχειν
1805 2370 2020 2437 ἀληθι-

433 2451 564 2518 νὸν,
600 2454 815 2518 βλέπω
870 2453 940 2508 δὲ
999 2455 1068 2508 τὰ
1106 2457 1252 2526 ἔργα
1300 2457 1588 2528 μηδαμῶς
1644 2459 1770 2525 τοῖς
1813 2461 2019 2529 λόγοις

434 2546 867 2625 συμϐαίνοντα.
902 2547 1096 2601 Ἰδιον
1121 2549 1239 2618 μὲν
1296 2551 1407 2620 γὰρ
1444 2552 1764 2618 θεοσεϐοῦς
1797 2553 2018 2622 ἀνδρὸς

436 2638 532 2688 καὶ
563 2638 932 2705 Χριστιανοῦ
984 2640 1051 2692 τὸ
1083 2641 1199 2707 τήν
1235 2641 1483 2710 εἰρήνην
1509 2641 1755 2713 ἀγαπᾷν
1774 2646 1870 2698 καὶ
1904 2645 2020 2711 τὴν

433 2727 594 2792 ἀ;·ἀπ
602 2746 678 2796 ην
704 2731 1095 2794 ἀσπάζεσθαι,
1112 2733 1281 2800 εἴπερ
1297 2737 1330 2788 ό
1344 2735 1489 2802 Θεὸς
1501 2735 1702 2805 ἀγάπη
1724 2737 1822 2790 καὶ
1846 2735 2020 2792 ἔστιν

435 2820 532 2876 καὶ
567 2823 824 2891 λέγεται,
866 2824 1126 2891 ἀσεϐοῦς
1174 2824 1243 2878 δὲ
1273 2824 1373 2880 καί
1394 2826 1660 2881 ἀπίστου
1690 2827 1757 2881 τὸ
1788 2829 2019 2897 χαίρειν

2121 331 2321 386 multas
2351 332 2648 387 distributo
2687 348 2898 389 turmas
2943 342 3110 404 atque
3135 336 3302 391 acies.
3339 334 3568 392 Militum
3603 339 3696 394 alii

2119 424 2330 494 elypeis
2362 424 2643 495 hastisque
2677 426 2908 490 auratis,
2950 428 3042 482 alii
3088 437 3320 498 argento
3368 430 3699 500 splendidis,

2119 517 2300 572 omnis
2341 517 2434 572 alii
2480 518 2684 573 coloris
2729 520 2899 574 armis
2948 519 3202 576 instructi
3249 529 3414 590 atque
3463 525 3640 577 ornati
3681 541 3697 588 ;

2119 611 2304 667 cuncti
2329 612 2478 668 ferro
2511 612 2890 669 circumcincti
2922 620 3098 669 erant.
3123 613 3189 669 lli
3216 616 3454 670 medium
3484 631 3700 671 assumo

2119 713 2272 774 ptum
2300 706 2466 777 900
2490 709 2838 779 Symeonem,
2877 715 2938 762 ut
2971 707 3358 779 imperatorem
3390 725 3454 764 ac
3489 725 3695 780 regem.

2120 797 2365 852 Romana
2399 799 2584 871 lingua
2613 800 2812 855 faustis
2849 799 3082 856 vocibus
3113 801 3506 855 acelamabant.
3529 801 3699 856 Sena-

2122 897 2211 944 tus
2240 890 2424 945 omnis
2450 893 2626 946 muris
2652 891 2979 956 insidentes,
3007 892 3274 963 quidquid
3308 893 3472 962 hujus
3501 892 3701 949 fabulae

2117 991 2260 1046 erat,
2319 983 2665 1050 spectabant.
2716 982 2827 1037 Res
2869 997 3002 1037 vero
3052 992 3300 1052 spectata
3355 982 3698 1052 dignissima,

2117 1073 2304 1144 regius
2327 1088 2456 1128 vere
2475 1083 2641 1145 atque
2669 1073 2924 1130 excelsus
2944 1075 3294 1144 imperatoris
3321 1076 3538 1130 animus
3555 1075 3658 1129 fuit
3680 1091 3696 1140 ;

2117 1165 2256 1220 mira
2301 1179 2390 1220 res
2438 1165 2709 1226 interrita:
2744 1166 2836 1222 illa
2873 1167 3077 1221 mentis
3113 1170 3421 1222 constantia
3449 1174 3506 1222 et
3554 1181 3697 1237 pra:-

2117 1257 2295 1314 sentia
2319 1273 2384 1313 ac
2413 1257 2702 1324 fortitudo,
2731 1258 3011 1330 quomodo
3045 1268 3248 1314 tantam
3285 1261 3526 1314 hostium
3563 1275 3699 1316 con-

2117 1349 2378 1406 ﬂuentem
2404 1353 2815 1407 multitudinem
2841 1351 3038 1407 videns
3063 1353 3144 1407 sic
3168 1352 3382 1422 placide
3407 1352 3696 1423 processit,

2116 1454 2331 1500 tantum
2358 1460 2468 1498 non
2503 1445 2742 1499 animam
2765 1445 3006 1514 pretium
3031 1444 3425 1514 redemptionis
3448 1445 3703 1500 hostibus

2119 1552 2222 1608 pro
2250 1536 2490 1592 subditis
2519 1536 2782 1592 oﬂ'erens.

2189 1630 2280 1684 21.
2313 1629 2535 1684 Primus
2566 1631 2752 1700 itaque
2802 1628 2870 1684 ad
2899 1644 3042 1693 eam,
3090 1645 3252 1700 quam
3300 1629 3572 1696 dicebam,
3608 1644 3704 1687 ex-

2120 1720 2468 1776 scensionem
2485 1722 2713 1777 veniens
2733 1720 3058 1792 Symconem
3082 1721 3524 1790 praestolabatur.
3549 1722 3703 1778 Datis

2119 1823 2256 1864 vero
2286 1809 2551 1878 utrinque
2577 1808 2889 1872 obsidibus,
2913 1825 2976 1864 ac
2991 1826 3117 1865 cum
3145 1809 3360 1881 Bulgari
3386 1812 3703 1869 exscensio-

2120 1890 2248 1954 nent
2277 1897 2570 1968 diligenter
2603 1899 2954 1964 lustrassent,
2998 1915 3068 1956 ne
3096 1901 3225 1970 quis
3255 1900 3419 1957 dolus
3449 1901 3704 1960 subesset

2119 1996 2215 2044 aut
2270 1989 2482 2045 insidia:
2527 1990 2787 2056 laterent,
2844 1990 3082 2058 Symeon
3133 2006 3279 2060 equo
3311 1991 3574 2048 desiliens
3630 1992 3702 2047 ad

2119 2081 2511 2152 imperatorem
2554 2080 2801 2137 intravit.
2832 2081 2913 2136 lbi
2948 2097 3076 2136 cum
3111 2096 3171 2138 se
3217 2093 3412 2138 mutuo
3443 2084 3702 2140 consalu-

2121 2183 2350 2236 tassent,
2387 2174 2456 2229 de
2485 2190 2621 2244 pace
2648 2174 2924 2244 colloquia
2953 2173 3067 2228 orsi
3098 2183 3249 2228 sunt.
3283 2173 3488 2230 Ferunt
3513 2185 3701 2232 autem

2121 2264 2426 2321 Romanum
2449 2269 2508 2322 in
2537 2268 2654 2323 haec
2673 2267 2846 2322 verba
2869 2265 3195 2338 Symeonem
3223 2268 3523 2322 allocutum
3545 2283 3697 2324 esse:

2119 2357 2307 2414 Audiui
2332 2367 2380 2413 te
2418 2361 2682 2414 hominem
2731 2359 3038 2430 religiosum
3082 2358 3284 2430 Deique
3336 2359 3591 2413 cultorem
3639 2375 3704 2416 ac

2119 2468 2236 2506 vere
2269 2452 2629 2507 Christianum
2681 2469 2809 2518 esse,
2846 2454 2995 2507 uideo
3013 2462 3191 2507 autem
3223 2468 3386 2523 opera
3433 2470 3539 2510 non
3568 2456 3703 2510 satis
3750 2474 3756 2480 ’

2118 2544 2284 2598 verbis
2298 2554 2668 2600 consentanea.
2679 2544 2966 2614 Proprium
2985 2551 3125 2599 enim
3137 2553 3212 2599 est
3228 2546 3453 2600 hominis
3471 2547 3705 2618 religiosi

2119 2634 2318 2706 Deique
2349 2636 2567 2690 cultoris
2585 2654 2649 2690 ac
2670 2636 2976 2699 Christiani,
3007 2646 3063 2691 ut
3093 2653 3279 2708 pacem
3313 2647 3360 2691 et
3387 2639 3704 2694 charitatem

2118 2728 2278 2791 colat,
2297 2729 2721 2799 quandoquidem
2750 2729 2885 2784 Deus
2909 2731 3142 2784 charitas
3162 2741 3236 2783 est
3251 2737 3302 2784 et
3327 2739 3700 2799 nuncupatur;

2119 2821 2269 2890 impii
2294 2828 2471 2874 autem
2500 2829 2549 2874 et
2589 2820 2873 2892 irreligiosi
2906 2830 2953 2876 et
2985 2820 3234 2888 inﬁdelis,
3270 2830 3327 2876 ut
3357 2823 3580 2877 aedibus
3613 2823 3702 2877 in-

434 2914 696 2981 σφαγαῖς
732 2917 829 2970 καὶ
852 2918 1104 2985 αἵίιασιν
1123 2917 1342 2984 ἀδίκως
1379 2919 1776 2988 ἐκχεομένοις.
1807 2921 1876 2974 ΕΖ
1900 2921 2014 2990 μὲν

2118 2915 2359 2984 justeque
2406 2915 2534 2983 fusis
2589 2916 2860 2969 cruoribus
2909 2919 3159 2986 gaudeat.
3213 2914 3272 2973 Si
3322 2919 3488 2988 igitur
3546 2934 3703 2973 uerus

433 3004 551 3061 οὖν
576 3006 809 3076 ἀληθὴς
830 3005 1188 3075 Χριστὶανὸς
1216 3008 1528 3080 ὑπάρχεις,
1559 3011 1755 3076 καθὼς
1780 3017 2014 3082 πεπλη-

430 3097 832 3167 ροφορήμεθα,
880 3100 1121 3167 στῆσόν
1160 3117 1304 3155 ποτε
1356 3104 1461 3168 τὰς
1485 3103 1735 3171 ἀδίκους
1776 3107 2019 3175 σφαγὰς

433 3188 532 3242 καὶ
588 3190 696 3257 τὰς
748 3188 868 3244 τῶν
925 3191 1194 3246 ἀνοσίων
1241 3193 1508 3260 αἱμάτων
1555 3183 1858 3264 exit/mete,
1920 3196 2018 3249 καὶ

432 3280 683 3337 σπεῖσαι
717 3283 846 3352 μεθ’
871 3280 1044 3350 ἡμῶν
1073 3283 1450 3350 Χριστιανῶν
1471 3285 1721 3354 εἰρήνην
1741 3288 2016 3354 Χριστια-

429 3371 536 3437 νὸς
571 3370 669 3428 καί
690 3371 874 3439 αὐτὸς
900 3370 1099 3427 ὤνκαὶ
1129 3374 1585 3444 ὀνομαζόμενος,
1626 3376 1727 3429 καί
1745 3377 1831 3446 μὴ
1875 3379 2018 3433 θέλε

425 3464 802 3532 μολύνεσθαι
855 3465 1228 3532 Χριστιανῶν
1268 3466 1475 3531 δεξιὰν
1509 3468 1762 3537 αἵμασιν
1801 3472 2014 3539 όμοπί‹

431 3569 594 3609 στων
618 3555 1010 3624 Χριστιανῶν.
1043 3559 1390 3626 Ἄνθρωπος
1420 3555 1593 3614 εἶκαὶ
1621 3560 1807 3627 αὐτὸς
1841 3564 2020 3618 θάνα-

432 3664 540 3700 τον
560 3647 919 3715 προσδοκῶν
956 3649 1053 3702 καὶ
1081 3650 1425 3705 ἀνάστασιν
1458 3653 1556 3706 καὶ
1581 3653 2015 3708 ἀνταπόδοσιν.

434 3738 708 3807 Σήμερον
753 3741 1066 3808 ὑπάρχεις,
1097 3745 1195 3796 καὶ
1236 3745 1445 3811 αὔριον
1475 3747 1563 3810 είς
1591 3747 1763 3798 κόνιν
1808 3745 2018 3800 διαλυ-

433 3831 616 3899 θήσῃ.
649 3828 750 3895 Εἷς
773 3833 1029 3900 πυρετὸς
1050 3834 1215 3888 ἅπαν
1238 3837 1596 3890 κατασϐέσει
1617 3839 1686 3890 τὸ
1713 3838 2014 3908 φρύαγμα.

440 3926 577 3978 Τίνα
615 3921 730 3979 οὖν
783 3926 970 3994 λόγον
1017 3925 1232 3992 δώσεις
1283 3925 1364 3993 τῷ
1405 3926 1528 3992 Θεῷ
1564 3927 1696 3982 ἐκεῖ
1729 3930 2015 3983 ἀπελθὼν

433 4011 586 4081 ὑπὲρ
631 4011 750 4069 τῶν
786 4014 1009 4067 ἀδίκων
1062 4015 1348 4085 agat/tribu;
1393 4019 1544 4081 ποίῳ
1591 4019 1892 4086 προσώπῳ
1937 4020 2017 4083 τῷ

433 4104 663 4175 φοϐερῷ
699 4108 797 4160 καὶ
829 4105 1037 4173 δικαίῳ
1065 4105 1436 4173 ἐνατενίσεις
1484 4108 1658 4178 κριτῇ
1674 4126 1694 4175 ;
1724 4111 1789 4165 El
1824 4114 2015 4165 πλού-

435 4211 544 4249 του
592 4193 746 4263 ἐρῶν
804 4193 993 4249 ταῦτα
1048 4194 1262 4262 ποιεῖς,
1310 4194 1395 4268 [Ρ.
1441 4196 1568 4270 581]
1623 4199 1737 4267 ἐγώ
1797 4217 1869 4254 ἰε
1920 4218 2022 4255 κα-

2120 3005 2448 3060 Christianus
2487 3024 2558 3070 es,
2590 3007 2802 3077 qualem
2830 3017 2880 3062 te
2906 3018 3044 3062 certo
3065 3010 3449 3075 existimamus,
3487 3010 3704 3065 tandem

2118 3098 2405 3168 aliquando
2446 3100 2570 3152 siste
2604 3100 2831 3170 injustas
2859 3099 3046 3165 cades,
3085 3100 3349 3170 ﬁnemque
3389 3100 3548 3170 facito
3578 3101 3706 3170 fun-

2117 3191 2277 3244 dendi
2296 3193 2570 3245 innoxium
2597 3193 2928 3260 sanguinem,
2955 3208 3017 3245 ac
3045 3207 3230 3260 pacem
3259 3191 3524 3246 nobiscum
3550 3190 3704 3248 Chri-

2113 3285 2303 3337 stianis
2344 3299 2618 3354 compone,
2665 3283 2824 3353 901
2867 3285 2959 3354 qui
2995 3285 3105 3354 ipse
3148 3282 3480 3339 Christianus
3522 3285 3594 3339 sis
3653 3295 3706 3338 et

2115 3376 2311 3430 dicaris
2342 3392 2362 3440 ;
2407 3393 2500 3429 nec
2532 3376 2961 3429 Christianorum
2994 3377 3239 3428 dexteras
3278 3374 3703 3431 Christianorum

2113 3468 2296 3522 itidem
2328 3483 2390 3522 ac
2429 3469 2668 3522 eamdem
2703 3468 2987 3522 colentium
3029 3465 3189 3536 fidem
3223 3467 3495 3521 cruoribus
3536 3465 3704 3535 pollui

2113 3564 2280 3614 sinas.
2310 3559 2430 3629 Ipse
2467 3576 2671 3629 quoque
2704 3562 2859 3614 homo
2890 3575 2965 3623 es,
3007 3561 3097 3629 qui
3140 3565 3362 3612 mortem
3386 3566 3437 3611 et
3463 3572 3703 3614 resurre-

2116 3653 2340 3704 ctionem
2369 3659 2420 3703 et
2457 3651 2854 3704 retributionem
2870 3657 3151 3720 exspectes.
3188 3649 3354 3703 Hodie
3382 3650 3438 3702 in
3469 3650 3594 3703 vivis
3623 3665 3699 3716 es,

2120 3750 2169 3794 et
2202 3758 2322 3796 cras
2347 3743 2399 3794 in
2419 3740 2686 3808 pulverem
2710 3740 3029 3794 dissolveris.
3061 3739 3239 3792 Febris
3265 3755 3370 3792 una
3400 3739 3699 3809 superbiam

2117 3833 2322 3887 omnem
2351 3831 2616 3887 dissolvet.
2658 3831 2832 3896 Quam
2856 3847 2978 3898 ergo
3015 3830 3292 3887 rationem.
3323 3836 3446 3881 ante
3467 3825 3702 3882 tribunal

2117 3921 2217 3974 Dei
2238 3923 2570 3986 constitutus,
2615 3920 2723 3974 Deo
2758 3921 3059 3972 redditurus
3089 3936 3143 3973 es
3180 3934 3274 3989 pro
3298 3920 3508 3987 injustis
3537 3918 3696 3972 cludi-

2119 4014 2258 4066 bus?
2317 4015 2429 4079 Quo
2456 4012 2604 4068 vultu
2653 4016 2707 4066 in
2759 4013 3087 4065 tremendum
3112 4012 3423 4080 justumque
3462 4009 3702 4078 judicent

2117 4105 2294 4158 oculos
2325 4103 2612 4157 intendes?
2634 4100 2691 4156 Si
2718 4112 2767 4154 te
2799 4101 3100 4153 divitiarum
3123 4096 3309 4166 cupido
3339 4096 3409 4149 ad
3438 4095 3700 4164 ejusmodi

2118 4199 2360 4268 facinora
2389 4195 2635 4267 impellit,
2662 4211 2756 4266 ego
2779 4204 2828 4246 te
2859 4193 2968 4246 illis
2989 4192 3058 4245 ad
3097 4192 3398 4244 satietatem
3429 4187 3643 4258 explebo
3677 4204 3699 4253 ,-

437 4285 696 4353 τακόρως
738 4283 848 4339 τοῦ
891 4284 1377 4355 ἐπιθυμουμένου
1449 4287 1773 4356 ἐμπλήσω·
1824 4293 2012 4346 αόνον

2121 4291 2272 4344 modo
2324 4290 2532 4343 contine
2574 4288 2868 4350 dexteram,
2921 4300 3098 4351 pacem
3150 4280 3501 4350 amplectere,
3543 4279 3700 4350 dilige

435 4375 687 4442 ἐπίσχες
747 4372 862 4441 τὴν
905 4372 1112 4437 δεξιάν
1137 4390 1279 4430 σου.
1313 4377 1627 4433 Ἄσπασαι
1681 4378 1796 4448 τὴν
1855 4383 2016 4451 sipri-

435 4483 574 4536 νην.
623 4465 968 4538 Ἀτάπησον
1019 4467 1136 4535 τὴν
1183 4469 1489 4539 ὁμόνοιαν.
1542 4471 1645 4524 ἵνα
1683 4474 1784 4528 καὶ
1835 4476 2018 4541 αὐτὸς

428 4559 578 4623 ,βίον
607 4557 796 4628 ζήσῃς
819 4559 1126 4626 εἰρηνικὸν
1166 4561 1265 4614 καὶ
1291 4562 1667 4632 ἀναίμακτον
1694 4565 1796 4618 καὶ
1822 4565 2014 4635 ἀπρά-

437 4665 654 4721 γμονα,
693 4648 797 4704 καὶ
852 4653 907 4704 al
955 4651 1297 4718 Χριστιανοὶ
1336 4656 1680 4709 παύσονταί
1723 4673 1866 4712 ποτε
1897 4657 2016 4713 τῶν

425 4741 787 4810 συμφορῶν,
812 4744 910 4794 καὶ
930 4743 1269 4797 παύσονται
1286 4745 1427 4811 τοὺς
1442 4748 1836 4815 Χριστιανοὺς
1855 4749 2018 4805 dicat.

433 4834 606 4906 μεῖν’
662 4835 738 4887 οὐ
773 4833 944 4901 θέμις
998 4837 1106 4901 γὰρ
1139 4832 1346 4902 αὐτοῖς
1408 4838 1602 4905 αίρειν
1638 4839 1801 4895 ὅπλα
1863 4846 2016 4898 κατὰ

442 4927 808 4997 ὁμοπιστων.
831 4924 1085 4980 Τοσαῦτα
1101 4925 1196 4980 οὖν
1219 4926 1393 4982 εἰπὼν
1416 4929 1444 4981 ὁ
1463 4929 1716 4999 βασιλεὺς
1737 4932 2012 5002 ἐσίγησεν.

438 5019 716 5080 “mea;
745 5014 838 5073 οὖν
888 5017 1113 5088 Συμεὼν
1164 5019 1266 5092 τὴν
1295 5019 1488 5075 τούτου
1545 5023 1877 5077 ταπείνωσιν
1921 5025 2016 5079 καὶ

438 5115 564 5178 τοὺς
596 5113 788 5179 λόγους
817 5108 983 5163 αὐτοῦ
1022 5109 1315 5165 κατένευσε
1356 5113 1458 5182 τὴν
1505 5115 1732 5186 εἰρήνην
1775 5119 2010 5186 ποιησα-

2119 4380 2475 4444 concordiam,
2525 4385 2584 4430 ut
2624 4388 2674 4430 et
2716 4379 2826 4447 ipse
2865 4381 3028 4429 vitam
3065 4371 3417 4441 tranquillam
3464 4385 3592 4440 agas
3637 4383 3701 4422 ac

2117 4475 2450 4528 incruentam
2498 4469 2730 4540 nihilque
2749 4455 3065 4531 sollicitam,
3102 4482 3164 4518 ac
3197 4466 3409 4518 tandem
3438 4461 3697 4516 Christia-

2120 4583 2310 4620 norum
2341 4564 2485 4618 mala
2530 4564 2691 4631 ﬁnem
2737 4562 3019 4631 accipiant,
3066 4570 3226 4626 atque
3267 4555 3362 4610 alii
3388 4556 3522 4609 alios
3549 4554 3701 4609 Chri-

2118 4660 2320 4713 stianos
2349 4656 2714 4711 contrucidare
2742 4656 3010 4709 desinant.
3043 4650 3170 4707 Haec
3210 4651 3287 4705 ita
3326 4650 3545 4705 locutus
3593 4647 3700 4701 im-

2121 4760 2341 4822 perator
2363 4749 2650 4806 conticuit.
2671 4749 2936 4818 Bulgarus
2965 4746 3132 4817 igitur
3158 4743 3306 4799 illius
3330 4741 3700 4798 humilitatem

2121 4859 2188 4898 ac
2232 4857 2517 4899 sermones
2546 4857 2668 4899 cum
2703 4839 3059 4896 veneratione
3090 4837 3320 4892 miratus
3355 4849 3545 4906 pacem
3581 4832 3700 4887 fieri

2123 4938 2336 4991 annuit.
2383 4935 2522 4992 Cum
2573 4950 2632 4990 se
2689 4935 2876 5003 itaque
2918 4932 3154 4988 invicem
3206 4926 3438 4985 osculati
3491 4933 3700 4989 essent,

2122 5029 2518 5094 discesserunt,
2571 5029 2904 5098 imperatore
2945 5021 3254 5094 magniﬁcis
3280 5019 3442 5076 donis
3470 5018 3700 5090 Symco-

2123 5132 2246 5172 nem
2278 5127 2594 5188 prosecuto.

440 5207 588 5263 σθαι.
669 5204 1069 5274 ’Δσπασάμενοι
1116 5204 1214 5259 οὖν
1266 5206 1532 5278 ἀλλήλους
1578 5209 2035 5281 διεχωρξοθησαν,
2068 5211 2265 5282 δώροις
2303 5212 2750 5283 μεγαλοπρεπέσι
2815 5209 2909 5263 τοῦ
2980 5206 3242 5279 βασιλέως
3296 5202 3698 5274 δεξιωσαμένου

439 5297 532 5353 τὸν
563 5297 809 5369 Συμεών.

512 5395 616 5462 up’.
647 5391 713 5442 Ὃ
740 5389 797 5444 δὲ
829 5389 949 5445 τότε
996 5389 1310 5463 συμϐέϐηκε
1354 5393 1686 5468 διηγήσομαι
1725 5394 2009 5466 τεράστιόν

2187 5394 2277 5448 εξ.
2309 5392 2466 5461 Quod
2511 5407 2644 5449 vero
2679 5400 2812 5445 tunc
2841 5385 3063 5453 accidit,
3099 5383 3358 5450 referam,
3396 5396 3512 5438 rem
3563 5395 3696 5438 sane

1737 5488 1971 5546 VARUE
2009 5488 2413 5548 LECTIONES.

569 5580 619 5613 "
639 5577 1085 5652 διεριιυνήσαντες
1112 5576 1172 5632 Ρ.
