4090 6022
395 114 494 173 967

1660 96 1982 158 GEORGII
2018 96 2365 157 HONACHI

3552 103 3659 167 968

399 220 635 279 triarcha
673 219 991 288 Stephanus
1021 231 1146 272 cum
1186 216 1524 283 Theophane
1549 209 1982 283 protovestiario

2105 209 2435 279 πατριάρχης
2459 207 2729 277 Στέφανος
2755 211 2872 279 ἄμα
2892 207 3158 279 Θεοφάνει
3185 207 3229 244 ⁸⁸
3261 211 3665 283 πρωτοϐεστια-

396 328 453 372 et
484 315 651 370 Maria
675 311 1066 381 ChristOpbori
1104 310 1213 365 tilia
1250 308 1623 377 universoque
1658 313 1876 366 senatu,
1908 303 1976 357 ad

396 408 760 465 sanctissimae
810 405 905 459 Dei
953 401 1252 460 Genitricis
1279 401 1344 455 ad
1389 400 1579 470 Pegas,
1615 399 1842 454 Petrum
1871 396 1979 451 Ma-

397 502 647 567 riamque
670 496 975 559 benedixit,
1006 506 1061 548 et
1090 492 1366 563 nuptiales
1407 491 1643 545 corslias
1670 503 1865 544 eorum
1899 503 1984 542 ca-

398 594 609 661 pitibus
673 587 978 657 imposuit,
1042 600 1300 654 sponsam
1360 582 1526 653 906
1580 580 1983 636 comitantibus

401 682 739 751 Theophane
784 678 1212 749 protovestiario
1255 685 1310 731 et
1351 674 1589 745 Georgio
1650 672 1980 729 Sursubulo.

399 778 675 831 instructa
703 789 839 829 vero
865 781 1189 843 sumptuosa
1219 786 1284 826 ac
1330 766 1729 840 praemagnilica
1770 780 1983 829 mensa,

400 867 728 937 cunctisque
747 866 811 921 ad
840 866 1155 935 nuptiarum
1179 863 1449 918 solemnia
1477 860 1856 931 spectantibus
1878 857 1985 913 rite

402 958 800 1028 splendideque
825 957 1081 1028 peractis,
1120 956 1488 1025 Theophanes
1526 951 1988 1024 protovcstiarius

404 1066 514 1105 una
564 1066 689 1104 cum
727 1050 895 1104 Maria
940 1047 1328 1118 Christophori
1368 1043 1720 1115 imperatoris
1765 1042 1878 1097 ﬁlia
1928 1041 1987 1097 in

406 1142 601 1196 urbem
633 1155 890 1195 reversus
919 1146 1018 1197 est.
1060 1138 1250 1192 Tertio
1302 1145 1484 1192 autem
1534 1150 1565 1190 a
1596 1134 1807 1205 nuptiis
1846 1133 1989 1188 cele-

406 1235 581 1291 bratis
602 1234 692 1290 die
727 1234 1010 1289 Romanus
1045 1236 1343 1301 imperator
1382 1229 1435 1283 in
1460 1230 1729 1299 Pegarum
1755 1241 1989 1282 exscen—

408 1328 565 1384 sione
594 1327 944 1399 magniﬁcum
974 1326 1185 1396 paravit
1211 1324 1548 1387 convivium,
1579 1320 1776 1376 sericis
1802 1320 1990 1374 aulaeis

409 1420 717 1478 convestita
764 1420 1041 1475 machina.
1089 1419 1209 1483 Quo
1256 1418 1377 1472 loco
1412 1414 1669 1485 epulatus
1709 1412 1991 1466 Romanus

411 1515 714 1585 imperator
738 1526 865 1567 cum
903 1511 1068 1566 Petro
1090 1510 1323 1580 Bulgaro
1354 1522 1569 1562 necnon
1625 1506 1990 1559 Constantino

410 1620 617 1677 genero
650 1619 718 1660 ac
743 1602 1140 1673 Christopboro
1177 1600 1309 1655 ﬁlio.
1349 1599 1605 1669 Bulgaris
1628 1611 1793 1667 porro
1824 1596 1988 1649 etiam

409 1705 577 1768 atque
599 1698 766 1752 etiam
787 1695 1080 1752 obstinatis
1099 1694 1300 1749 animis
1322 1692 1703 1748 adnitentibus
1721 1699 1783 1744 ut
1807 1689 1991 1757 priore

408 1793 534 1849 loco
580 1790 1013 1860 Christophorus
1069 1803 1131 1844 ac
1176 1797 1292 1841 tum
1352 1786 1752 1841 Constantinus
1798 1781 1994 1836 faustis

411 1885 689 1942 cminibus
712 1892 877 1953 atque
902 1880 1134 1936 vocibus
1163 1883 1561 1949 imperatorum
1592 1891 1746 1931 more
1777 1877 1994 1944 accipe-

412 1986 587 2038 retur,
634 1990 828 2029 eorum
870 1974 1157 2028 Romanus
1200 1972 1500 2041 imperator
1531 1969 1692 2024 enixe
1737 1967 1995 2039 ﬂagitatis

412 2071 627 2131 annuit,
652 2083 715 2122 ac
736 2066 884 2135 quod
922 2066 1197 2137 petierant
1225 2063 1456 2119 exstitit.

484 2160 671 2214 33-34.
726 2158 865 2213 Tum
917 2171 1051 2211 vero
1096 2155 1355 2209 omnibus
1401 2153 1719 2221 nuptiarum
1764 2152 1997 2223 expletis

415 2251 700 2307 solemniis
730 2258 786 2304 et
814 2248 1047 2319 gaudiis,
1086 2262 1150 2302 ac
1179 2262 1305 2301 cum
1334 2247 1444 2316 jam
1474 2244 1645 2299 Maria
1677 2261 1803 2300 cum
1835 2246 1998 2299 Petro

415 2344 533 2398 viro
549 2357 650 2397 suo
669 2343 721 2396 in
765 2340 1075 2412 Bulgariam
1109 2346 1256 2393 esset
1294 2338 1636 2409 profectura,
1670 2336 1735 2391 ad
1775 2334 1998 2390 Hebdo-

417 2451 567 2488 inum
637 2448 811 2503 usque
848 2448 879 2486 a
926 2431 1251 2502 parentibus
1310 2446 1420 2484 una
1478 2445 1603 2484 cum
1663 2428 2000 2498 Theophane

417 2526 836 2595 protevestiario
880 2523 1197 2580 deducitur.
1239 2522 1432 2592 lbique
1477 2537 1603 2577 cum
1654 2521 1818 2577 Petro
1860 2536 1999 2589 epu-

417 2622 536 2688 lati,
557 2622 707 2693 quod
759 2623 813 2676 in
848 2621 1128 2677 discessus
1174 2621 1464 2690 procinctu
1507 2630 1647 2684 erat,
1678 2620 1873 2690 puella-
1895 2618 2004 2672 cir-

419 2714 654 2769 cumfusi
710 2714 962 2783 copiosas
1017 2712 1582 2782 iunduntlacrymas,
1632 2718 1870 2780 quantas
1901 2724 2003 2780 par

417 2818 558 2871 erat,
571 2807 662 2876 qui
680 2807 1009 2861 charissimo
1030 2805 1257 2876 pignore
1275 2806 1538 2859 continuo
1554 2804 1804 2873 privandi
1823 2812 2001 2870 erant;

2082 302 2184 373 ρίῳ
2236 302 2330 356 καὶ
2378 303 2565 373 Μαρία
2619 305 2686 373 τῇ
2742 302 2839 356 τοῦ
2883 302 3263 375 Χριστοφόρου
3300 306 3535 381 θυγατρὶ
3572 316 3667 367 καὶ

2082 394 2230 465 πάσῃ
2266 396 2330 464 τῇ
2366 393 2656 463 συγκλήτῳ
2682 396 2762 456 είς
2796 397 2889 449 τὸν
2915 396 3043 450 ναὸν
3069 397 3168 468 τῆς
3201 398 3509 469 ὐπεραγίας
3537 406 3669 459 Θεο-

2081 486 2242 540 τόκου
2278 488 2368 541 τὸν
2393 488 2492 556 τῆς
2518 486 2737 558 Πηγῆς.
2774 489 2868 541 καὶ
2898 488 3206 561 εὐλόγησαν
3241 493 3449 565 Πέτρον
3476 514 3535 549 τε
3575 501 3672 553 καὶ

2084 577 2326 648 Μαρίαν,
2361 577 2453 630 καὶ
2482 579 2609 641 τοὺς
2639 581 2945 647 νυμφικοὺς
2991 582 3291 653 στεφάνους
3319 587 3443 647 ταῖς
3486 588 3673 643 αὐτῶν

2085 670 2367 741 ἐπέθηκαν
2420 673 2682 739 κεφαλαῖς
2706 713 2722 736 ,
2780 676 3307 747 παρανυμφεῦοντος
3363 679 3672 751 Θεοφάνους

2087 764 2595 835 πρωτοὸεστιαρίου
2620 766 2712 819 καὶ
2730 765 2768 818 Γ
2771 768 3008 837 εωργίου
3034 769 3495 839 Σουρσουόούλου.
3520 775 3671 843 Λαμυ

2088 856 2234 926 πρᾶς
2271 856 2329 908 δὲ.
2378 859 2475 910 καὶ
2522 858 2847 923 πολυτελοῦς
2882 860 3171 927 γεγονυίας
3216 864 3528 935 τραπέζης,
3578 869 3672 920 καὶ

2088 949 2304 1003 πάντων
2332 950 2442 1003 τῶν
2470 951 2796 1022 εἰθισμένων
2830 956 2943 1015 τοῖς
2982 954 3181 1024 γάμοις
3224 956 3467 1028 φαιδρῶς
3488 961 3673 1012 ἐπιτεο

2087 1039 2408 1104 λεσθέντων,
2444 1042 2697 1111 εἰσῆλθεν
2719 1043 3003 1113 Θεοφάνης
3035 1046 3538 1118 πρωτοϐεστιαριος
3556 1047 3675 1118 ἃμα

2088 1136 2280 1208 Μαρίᾳ
2300 1139 2367 1208 τῇ
2398 1138 2634 1209 θυγατρὶ
2660 1139 2752 1192 τοῦ
2798 1138 3064 1211 βασιλέως
3093 1143 3470 1216 Χριστοφὸρου
3504 1147 3563 1198 ἐν
3606 1147 3672 1216 τῇ

2090 1229 2268 1282 πόλει.
2300 1229 2378 1300 Τῇ
2406 1227 2449 1283 δ’
2477 1230 2533 1283 δὲ
2555 1230 2650 1285 τοῦ
2679 1232 2861 1303 γάμου
2887 1234 3072 1306 ἡμέρα
3095 1236 3355 1307 ἐποίησεν
3381 1239 3409 1290 ό
3427 1237 3678 1307 βασιλεὺς

2102 1318 2385 1391 Ῥωμανὸς
2415 1323 2651 1394 εὐωχίαν
2682 1325 2946 1395 λαμπρὰν
2975 1328 3031 1380 ὲν
3065 1330 3131 1398 τῇ
3159 1327 3271 1382 τῶν
3304 1329 3506 1399 Πηγῶν
3535 1332 3674 1384 άπο·

2093 1412 2271 1483 σάθρᾳ
2300 1414 2395 1467 τοῦ
2420 1415 2705 1484 βασιλικοῦ
2731 1418 3031 1488 δρόμωνος,
3060 1423 3483 1494 περικοσμήσας
3504 1425 3679 1496 αὐτὴν

2095 1506 2378 1575 ὑφάσμασι
2429 1514 2695 1579 σηρικοίς.
2737 1511 2909 1567 Ἔνθα
2953 1516 3299 1587 συνειστιάθη
3341 1514 3622 1587 Ῥωμανὸς
3650 1520 3680 1570 ό

2096 1597 2347 1667 βαστιλεὺς
2378 1601 2570 1670 Πέτρῳ
2612 1602 2908 1678 Βουλγάρῳ
2939 1606 3055 1677 ἅμα
3088 1609 3495 1682 Κωνσταντίνῳ
3529 1627 3680 1680 γαμ-

2095 1690 2212 1761 ϐρῷ
2236 1693 2332 1745 καί
2372 1692 2456 1765 [Ρ.
2494 1694 2620 1768 584]
2652 1697 3012 1768 Χριστοφόρῳ
3045 1699 3168 1771 υίῷ.
3201 1702 3321 1756 Τῶν
3358 1702 3414 1757 δὲ
3442 1704 3682 1772 Βουλγάε

2098 1801 2204 1854 ρων
2235 1785 2488 1841 ἔνστασιν
2517 1791 2577 1841 οὑ
2615 1794 2822 1861 μικρὰν
2869 1795 3255 1863 ποιησαμένων
3295 1797 3567 1869 πρότερον
3592 1800 3679 1853 εὐ.

2095 1877 2439 1945 φημισθῆναι
2470 1881 2865 1952 Χριστοτρόρον,
2896 1880 2997 1936 εἶθ’
3028 1884 3202 1950 οὕτως
3242 1889 3678 1953 Κωνσταντῖνον,

2095 1969 2279 2035 ὑπεῖξε
2315 1974 2380 2041 τῇ
2412 1974 2661 2027 ἐνστάσει
2687 1976 2891 2028 τούτων
2917 1979 2944 2029 ὁ
2972 1976 3226 2047 βασιλεὺς
3259 1978 3561 2053 Ῥωμανδς,
3586 1984 3681 2036 καὶ

2097 2062 2320 2131 γέγονεν
2351 2066 2487 2135 ὅπερ
2527 2068 2629 2137 ῂτή
2641 2084 2821 2121 σαντο.

2169 2155 2373 2223 λγ⁹υλδ¹.
2431 2158 2650 2223 Ἐπειδὴ
2672 2162 2727 2214 δὲ
2754 2164 2931 2216 πάντα
2966 2167 3035 2218 τὰ
3065 2166 3158 2218 ἐπὶ
3186 2168 3299 2229 τοῖς
3323 2167 3526 2235 γάμοις
3559 2184 3681 2220 συν-

2098 2252 2482 2337 ετελέσθησαν,
2525 2254 2720 2324 ἔμελλε
2752 2257 2809 2310 δὲ
2838 2258 3029 2329 Μαρία
3058 2258 3158 2328 ἤδη
3193 2259 3292 2329 τὴν
3336 2260 3471 2328 πρὸς
3516 2262 3680 2313 Βουλ-

2098 2347 2297 2414 γαρίαν
2328 2348 2427 2401 σὺν
2466 2347 2546 2419 τῷ
2584 2349 2743 2421 ἀνδρὶ
2779 2351 2950 2421 αὐτῆς
2992 2353 3183 2422 Πέτρῳ
3214 2354 3331 2405 ὁδὸν
3377 2354 3601 2419 ὁδεύειν,
3631 2356 3679 2408 oi

2099 2435 2303 2504 ταύτης
2340 2442 2519 2507 γονεῖς
2553 2441 2717 2513 μέχρι
2748 2442 2842 2496 τοῦ
2888 2444 3155 2514 Ἐϐδὸμου
3189 2446 3514 2516 συνεξῆλθον
3542 2449 3681 2518 αὐτῇ

2099 2529 2215 2600 ἅμα
2260 2530 2527 2601 Θεοφάνει
2568 2534 3077 2607 πριιηοϐεστιαρίῳ,
3113 2538 3208 2590 καὶ
3240 2540 3681 2603 συνεστιαθέντες

2101 2624 2280 2676 ἐκεῖσε
2317 2624 2527 2696 Πέτρῳ,
2564 2626 2754 2699 ἐπειδὴ
2789 2627 3016 2697 ἔμελλεν
3045 2628 3328 2701 ἀπαίρειν,
3362 2632 3685 2701 περιχυθένο

2101 2733 2193 2778 τες
2238 2718 2305 2786 τῇ
2357 2718 2589 2789 θυγατρὶ
2620 2717 2714 2771 καὶ
2747 2718 2920 2773 πολλὰ
2952 2720 3319 2790 καταχέαντες
3346 2721 3559 2791 δάκρυα
3590 2721 3683 2776 καὶ

2104 2808 2203 2860 ὅσα
2256 2808 2403 2871 εἰκὸς
2467 2809 2558 2862 ἐπὶ
2617 2812 2875 2883 στερήσει
2930 2810 3240 2881 σπλάγχνου
3288 2814 3681 2883 περιποθήτου.

419 2913 797 2967 generumque
826 2912 987 2952 suum
1025 2892 1352 2959 exosculati,
1383 2904 1551 2965 atque
1581 2896 1702 2965 ejus
1740 2894 2002 2948 manibus

2105 2901 2193 2953 τόν
2217 2918 2274 2952 τε
2305 2902 2489 2954 αὑτων
2518 2902 2773 2975 γαμϐρὸν
2803 2903 3183 2974 ἀσπασάμενοι
3210 2905 3305 2958 καὶ
3333 2905 3537 2976 ταύτην
3566 2908 3687 2969 ταῖς

421 2989 673 3057 deposita
704 2986 813 3041 (ilia
842 3003 904 3041 ac
932 2986 1265 3053 contradita,
1304 2985 1361 3040 in
1386 2984 1593 3054 regiam
1623 2991 2000 3039 revertuntur.

421 3077 594 3132 Maria
622 3077 724 3131 viri
748 3075 968 3146 Bulgari
996 3075 1251 3132 manibus
1274 3076 1497 3142 tradita,
1529 3074 1733 3143 gaudio
1764 3076 1927 3128 mista
1950 3081 2006 3129 et

423 3168 669 3232 tristitia,
695 3168 749 3222 in
782 3168 1092 3238 Bulgariam
1118 3169 1224 3223 iter
1252 3167 1513 3223 habebat.
1546 3166 1806 3221 Dolorem
1835 3164 2004 3220 facie-

422 3260 518 3315 bat
547 3261 695 3330 quod
734 3260 1131 3316 amantissimis
1159 3261 1504 3331 parentibus,
1544 3259 1707 3327 907
1737 3257 1886 3328 quod
1916 3273 2007 3312 re-

422 3353 529 3426 giis
566 3353 797 3414 aedibus,
831 3353 979 3422 quod
1014 3358 1454 3409 necessariorum
1485 3351 1839 3420 aﬂiniumque
1875 3365 2009 3404 con-

424 3446 719 3500 suetudine
789 3445 1227 3510 destituebatur;
1279 3459 1585 3513 rursusque
1637 3443 1839 3514 gaudio
1888 3452 2008 3498 erat

425 3538 571 3609 quod
606 3540 721 3592 viro
748 3539 862 3608 regi
893 3539 1075 3593 locata
1100 3538 1577 3610 Bulgarorumque
1614 3537 1835 3591 domina
1863 3542 2010 3592 esset

428 3632 791 3686 consalutata.
828 3632 947 3686 lbat
989 3631 1175 3702 itaque
1207 3630 1531 3701 splendidas
1559 3629 1666 3685 sibi
1712 3638 2010 3700 exportans

426 3739 562 3791 opes
580 3740 642 3778 ac
669 3724 1012 3794 omnigenas,
1034 3739 1208 3793 eaque
1233 3722 1568 3793 supellectili
1602 3722 1867 3776 instructa
1890 3736 2010 3789 quae

428 3824 483 3871 et
514 3832 805 3871 numerum
834 3816 1084 3872 excedat.
1258 3824 1265 3829 ”

499 3908 589 3964 33.
617 3910 772 3964 Tunc
796 3926 927 3965 vero
955 3910 1122 3965 etiam
1144 3926 1173 3965 a
1204 3909 1461 3965 Melitene
1486 3908 1553 3965 ad
1579 3911 1886 3965 Romanum
1910 3912 2013 3963 im-

431 4010 743 4071 peratorem
788 4002 951 4074 legati
993 4002 1268 4058 advenere
1311 4002 1463 4072 pacis
1505 4002 1713 4058 foedera
1747 4013 2013 4073 pactaque

432 4094 746 4151 offerentes.
770 4096 882 4151 Nec
908 4096 1083 4150 multo
1110 4102 1234 4164 p‘ost
1273 4096 1442 4151 etiam
1468 4096 1761 4167 Apochaps
1798 4098 2013 4151 Amoris

430 4202 622 4255 nepos,
659 4187 776 4257 ipse
817 4187 1103 4242 Mclitenes
1145 4202 1384 4255 ameras,
1417 4203 1521 4245 nec
1549 4204 1660 4241 non
1714 4189 2009 4259 Aposalath

2109 2991 2272 3043 αὐτοῦ
2304 2992 2459 3061 χερσὶ
2478 2991 2848 3062 παραθέμενοι
2876 2994 2936 3046 ἐν
2956 2995 3070 3057 τοῖς
3101 2993 3392 3064 βασιλείοις
3423 2994 3688 3065 ὑπέστρε-

2107 3083 2235 3152 ψαν.
2267 3084 2457 3155 Μαρία
2487 3084 2544 3138 δὲ
2573 3086 2974 3157 Βουλγαρικαῖς
3004 3087 3372 3158 παραδοθεῖσα
3402 3086 3560 3158 χερσὶ
3591 3086 3689 3157 τὴν

2108 3179 2203 3231 ἐπὶ
2232 3178 2571 3249 Βουλγαρίαν
2602 3179 2792 3251 ἀπῄει,
2825 3181 3097 3251 χαίρουσά
3133 3196 3194 3232 τε
3228 3178 3344 3250 ἅμα
3372 3181 3465 3233 καὶ
3493 3182 3692 3233 λυπου-

2115 3270 2274 3341 μένη,
2334 3272 2653 3343 λυπουμένη
2720 3274 2822 3339 μὲν
2885 3274 2973 3343 ἐφ’
3024 3269 3107 3337 οἷς
3159 3274 3363 3341 γονέων
3419 3274 3691 3342 φιλτάτων

2112 3361 2403 3433 ἐστέρηται
2436 3362 2527 3413 καί
2561 3361 2852 3432 βασιλείων
2902 3362 3067 3415 οἴκων
3114 3361 3211 3414 καὶ
3247 3360 3538 3430 συνηθείας
3581 3360 3692 3413 τῶν

2111 3454 2260 3520 γένει
2290 3451 2725 3523 προσοικούντων
2752 3451 2820 3517 ⁵⁵,
2840 3452 3109 3520 χαίρουσα
3124 3449 3179 3501 δὲ
3205 3448 3279 3511 ὡς
3304 3448 3513 3518 βασιλεί
3527 3464 3696 3519 προσ-

2114 3546 2361 3615 ηρμόσιθη
2408 3546 2560 3614 ἀνδρὶ
2606 3544 2702 3595 καὶ
2749 3544 3006 3596 δέσποινα
3034 3540 3362 3611 Βουλγάρων
3417 3556 3699 3610 προσηγοσι

2116 3639 2305 3707 ρεύθη.
2357 3637 2548 3707 ’Λπῂει
2591 3638 2773 3689 τοίνυν
2824 3636 3054 3689 πλοῦτον
3091 3634 3526 3704 ὲπικομιζομένη
3557 3633 3699 3702 λαμο

2116 3732 2251 3799 πρὸν
2281 3731 2370 3782 καὶ
2406 3731 2722 3801 παντοδαπῆ
2756 3729 2849 3781 καὶ
2884 3727 3082 3798 σκευὴν
3116 3726 3512 3797 ἀναρίθμητον.

2185 3904 2281 3959 λε’.
2316 3907 2450 3960 Τότε
2482 3906 2538 3959 δὲ
2568 3907 2663 3959 καὶ
2688 3907 2952 3977 πρέσϐεις
2991 3906 3130 3977 πρὸς
3166 3905 3258 3960 τὸν
3289 3905 3516 3976 βασιλέα
3557 3906 3696 3958 Ῥω-

2118 4003 2288 4071 μανὸν
2345 4004 2409 4054 ἐκ
2455 4002 2554 4070 τῆς
2600 4003 2911 4072 Μελιτηνῆς
2964 4002 3352 4079 παρεγένοντο,
3408 4000 3699 4069 εἰρηνικὰς

2118 4094 2350 4157 σπονδὰς
2379 4096 2471 4147 ἐπὶ
2497 4095 2557 4147 τὸ
2585 4094 2812 4163 ποιῆσαι
2858 4094 3046 4148 πάκτα
3080 4094 3440 4166 παρέχοντες.
3471 4094 3605 4147 Μετ’
3634 4095 3697 4146 οὐ

2120 4189 2254 4241 πολὺ
2275 4186 2332 4239 δὲ
2370 4187 2467 4241 καὶ
2506 4186 2751 4257 Ἀπόχαψ
2782 4188 2809 4239 ὁ
2840 4185 2934 4241 τοῦ
2989 4187 3170 4255 Ἀμερ
3199 4186 3438 4254 ἔγγονος,
3477 4186 3701 4256 ἁμηρᾶς

433 4278 635 4332 ducum
688 4278 1111 4335 strenuissimus
1153 4279 1645 4349 nobilissimusque
1679 4296 1744 4335 ac
1773 4280 2002 4350 locuple

2120 4278 2196 4331 ὢν
2216 4278 2549 4347 Μελιτηνῆς,
2589 4279 2685 4330 xui.
2713 4279 2743 4331 ὁ
2786 4276 3090 4330 ’Δποσαλὰθ
3118 4276 3447 4345 στρατηγὸς,
3482 4274 3703 4343 εὐγενέο

433 4370 701 4433 tissimus,
728 4386 794 4426 ex
841 4369 1099 4427 Melitene
1120 4382 1418 4437 venerunt;
1455 4371 1851 4441 magniﬁceque
1884 4389 2018 4427 con-

433 4462 680 4517 venienti
713 4463 927 4519 honore
956 4479 1021 4519 ac
1069 4464 1222 4520 cultu
1269 4481 1299 4520 a
1329 4466 1577 4520 Romano
1611 4466 1853 4533 suscepti
1888 4482 2017 4535 per-

434 4569 706 4623 cussoque
747 4553 899 4625 pacis
928 4554 1140 4612 fmdere
1180 4555 1248 4610 ad
1284 4572 1385 4611 sua
1424 4556 1731 4612 redierunt.
1773 4557 2019 4627 Indeque

434 4645 600 4699 sociis
645 4645 843 4700 adlecti
900 4661 965 4701 ac
1009 4646 1265 4703 fmderati
1306 4646 1572 4702 adversus
1626 4648 1859 4703 tribules
1891 4665 2021 4705 suos

426 4734 716 4805 Agarenos
744 4750 870 4791 cum
904 4737 1168 4792 Romanis
1200 4736 1268 4792 ad
1302 4736 1446 4793 bella
1496 4738 2018 4807 proﬁcnscebantur,

436 4841 502 4882 ac
536 4827 803 4897 triumphi
854 4830 1040 4899 specie
1082 4846 1206 4885 cum
1240 4828 1435 4885 iisdem
1464 4831 1712 4901 captivos
1748 4846 1878 4887 suos
1921 4832 2024 4886 du—

436 4926 625 4972 centes
662 4920 938 4981 (mirando
972 4935 1102 4976 sane
1148 4921 1465 4989 spectaculo
1519 4931 1576 4975 et
1599 4922 1869 4987 inaudito,
1921 4924 2019 4977 im-

436 5009 767 5080 piorumque
800 5009 1198 5066 Saracenorum
1231 5010 1555 5066 atﬂictarum
1580 5026 1767 5067 rerum
1791 5012 2021 5084 indicio)

439 5102 637 5156 urbem
667 5102 1144 5175 ingrediebantur.
1192 5104 1408 5159 Mortuo
1450 5113 1632 5159 autem
1675 5106 2022 5176 Apocliapso,

440 5192 565 5249 viro
592 5193 869 5264 prudente
894 5209 959 5250 ac
982 5194 1251 5263 sapiente,
1282 5194 1667 5249 Melitenenscs
1694 5211 1883 5264 pacem
1913 5197 2027 5253 dis-

438 5285 676 5340 solvere.
716 5284 922 5343 lteruni
968 5286 1135 5358 igitur
1165 5288 1433 5345 adversus
1469 5305 1565 5346 cos
1597 5290 2023 5360 proﬁciscuntur

435 5376 721 5447 legionum
750 5377 1089 5435 domesticus
1108 5379 1349 5436 Joannes
1369 5380 1607 5436 Crocoas
1636 5397 1759 5436 cum
1785 5384 2025 5439 cohorti-

2123 4387 2315 4432 στατος
2347 4371 2439 4423 καὶ
2471 4368 2723 4432 πλούσιος
2754 4369 2850 4432 ὢν,
2876 4372 2942 4421 ὲκ
2971 4366 3277 4437 Μελιτηνῆς
3311 4366 3699 4436 παρεγένοντο.

2136 4461 2552 4531 Ἀποδεχθέντες
2581 4461 2677 4515 οἷον
2707 4462 2961 4530 μεγάλως
3002 4460 3139 4531 μετὰ
3177 4459 3278 4527 τῆς
3315 4456 3703 4530 προσηκούσης

2122 4556 2289 4625 τιμῆς
2332 4555 2485 4625 παρὰ
2523 4549 2807 4625 Ῥωμανοῦ
2863 4554 2959 4607 καὶ
3013 4553 3280 4623 σύμφωνα
3325 4553 3549 4623 εἰρήνης
3582 4568 3703 4604 ποια

2125 4648 2356 4718 ήσαντες
2397 4646 2747 4719 ὑπέστρεψαν
2794 4647 2876 4710 εἰς
2907 4644 2978 4698 τὰ
3012 4645 3139 4699 ἴδια.
3171 4646 3399 4698 Ἔκτοτε
3430 4644 3486 4697 δὲ
3516 4642 3704 4707 συνεξ-

2126 4740 2454 4810 εστράτευον
2476 4742 2586 4803 τοῖς
2603 4738 2893 4807 Ῥωμαίοις
2918 4736 3064 4791 κατὰ
3082 4737 3193 4790 τῶν
3223 4735 3517 4806 ὁμοφύλων
3540 4737 3707 4803 ’Δγα-

2129 4832 2328 4904 ρηνῶν,
2358 4832 2414 4885 ἐν
2443 4851 2501 4885 τε
2533 4835 2645 4895 τοῖς
2672 4832 2961 4895 ἐπινικίοις
2981 4831 3201 4900 συνεισή
3213 4846 3401 4900 ρχοντο
3419 4830 3531 4891 τοῖς
3565 4828 3705 4881 Ῥω·-

2131 4924 2313 4995 μαίοις
2358 4925 2417 4976 ὲν
2460 4926 2528 4994 τῇ
2580 4922 2751 4987 πόλει,
2783 4920 3164 4991 αίχμαλώτους
3201 4921 3428 4985 ἄγοντες
3474 4920 3706 4989 Ἀγαρτι-

2127 5016 2250 5079 νούς
2273 5031 2288 5047 ·
2323 5016 2462 5085 ὅπερ
2484 5010 2551 5086 ἦν
2581 5013 2896 5084 θαυμαστὸν
2934 5013 3026 5066 καὶ
3055 5009 3359 5082 παράδοξον
3384 5009 3582 5077 δεῖγμα
3604 4997 3729 5078 τῆς

2125 5109 2237 5163 τῶν
2263 5108 2441 5163 ἀθέων
2485 5108 2803 5178 ’Λγαρηνῶν
2836 5106 3151 5175 δυστυχίας.
3186 5104 3616 5171 Τελευτήσαντος
3650 5099 3709 5155 δὲ

2126 5202 2222 5256 τοῦ
2255 5202 2522 5271 Ἀπὸχαψ,
2556 5202 2751 5271 ἀνδρὸς
2774 5200 3041 5272 φρονίμου
3072 5197 3167 5252 καὶ
3182 5195 3408 5251 συνετοῦ
3439 5192 3709 5247 καίδυνα·

2129 5292 2247 5355 τοῦ,
2282 5294 2533 5347 διέλυσαν
2571 5294 2673 5364 τὴν
2704 5296 2929 5363 εἰρήνην
2961 5294 3011 5345 οί
3049 5292 3146 5363 τὴν
3176 5289 3488 5357 Μελιτηνὴν
3522 5302 3710 5339 κατοιο

2131 5383 2380 5449 minus.
2427 5386 2914 5459 Ἐκστρατεύουσιν
2967 5371 3063 5441 οὖν
3108 5382 3230 5438 κατ’
3272 5382 3455 5438 αὐτῶν
3490 5381 3650 5437 πάλιν
3682 5379 3711 5431 'o'

1743 5477 1974 5535 VARI/ﬁ
2016 5478 2414 5538 LELTIONES.

510 5565 557 5597 ⁸³
591 5563 869 5637 Θεοδώρου
897 5564 959 5620 Ρ.
1038 5566 1084 5598 ⁸⁸
1116 5570 1506 5640 προσηκόντων
1536 5585 1588 5640 p.
1620 5569 1723 5624 257
1754 5569 1810 5625 li.
