  <div class='ocr_page' id='page_1' title='image "/cluster/home/n/w/nwhite01/storage/ocr_20150623/109/mdp.39015032333737/490.png"; bbox 0 0 4090 6022; ppageno 0'>
   <div class='ocr_carea' id='block_1_1' title="bbox 409 178 519 244">
    <p class='ocr_par' dir='ltr' id='par_1_1' title="bbox 409 178 519 244">
     <span class='ocr_line' id='line_1_1' title="bbox 409 178 519 244; baseline 0.018 -2"><span class='ocrx_word' id='word_1_1' title='bbox 409 178 519 244; x_wconf 81' lang='lat'><strong>969</strong></span> 
     </span>
    </p>
   </div>
   <div class='ocr_carea' id='block_1_2' title="bbox 1510 173 2537 240">
    <p class='ocr_par' dir='ltr' id='par_1_2' title="bbox 1510 173 2537 240">
     <span class='ocr_line' id='line_1_2' title="bbox 1510 173 2537 240; baseline -0.002 0"><span class='ocrx_word' id='word_1_2' title='bbox 1510 177 1710 240; x_wconf 71' lang='lat' dir='ltr'><strong>VITA‘J</strong></span> <span class='ocrx_word' id='word_1_3' title='bbox 1741 173 2298 237; x_wconf 74' lang='lat' dir='ltr'><strong>RECENTIORUM</strong></span> <span class='ocrx_word' id='word_1_4' title='bbox 2338 177 2537 240; x_wconf 84' lang='lat' dir='ltr'><strong>IMPP.</strong></span> 
     </span>
    </p>
   </div>
   <div class='ocr_carea' id='block_1_3' title="bbox 3568 181 3676 245">
    <p class='ocr_par' dir='ltr' id='par_1_3' title="bbox 3568 181 3676 245">
     <span class='ocr_line' id='line_1_3' title="bbox 3568 181 3676 245; baseline -0.037 -1"><span class='ocrx_word' id='word_1_5' title='bbox 3568 181 3676 245; x_wconf 75' lang='lat'><strong>970</strong></span> 
     </span>
    </p>
   </div>
   <div class='ocr_carea' id='block_1_4' title="bbox 404 286 1987 365">
    <p class='ocr_par' dir='ltr' id='par_1_4' title="bbox 404 286 1987 364">
     <span class='ocr_line' id='line_1_4' title="bbox 404 286 1987 364; baseline -0.004 -18"><span class='ocrx_word' id='word_1_6' title='bbox 404 307 467 347; x_wconf 79' lang='grc' dir='ltr'><strong>τε</strong></span> <span class='ocrx_word' id='word_1_7' title='bbox 488 288 808 364; x_wconf 81' lang='grc' dir='ltr'><strong>δομέστικος</strong></span> <span class='ocrx_word' id='word_1_8' title='bbox 829 291 938 346; x_wconf 79' lang='grc' dir='ltr'><strong>τῶν</strong></span> <span class='ocrx_word' id='word_1_9' title='bbox 963 289 1168 364; x_wconf 81' lang='grc' dir='ltr'><strong>σχολῶν</strong></span> <span class='ocrx_word' id='word_1_10' title='bbox 1196 289 1448 362; x_wconf 75' lang='grc' dir='ltr'><strong>Ἰωάννης</strong></span> <span class='ocrx_word' id='word_1_11' title='bbox 1469 291 1498 344; x_wconf 85' lang='grc' dir='ltr'><strong>ό</strong></span> <span class='ocrx_word' id='word_1_12' title='bbox 1521 289 1768 361; x_wconf 63' lang='grc' dir='ltr'><strong>Κρονίδας</strong></span> <span class='ocrx_word' id='word_1_13' title='bbox 1790 287 1832 320; x_wconf 82' lang='grc'><strong>³⁷</strong></span> <span class='ocrx_word' id='word_1_14' title='bbox 1852 286 1987 359; x_wconf 70' lang='grc' dir='ltr'><strong>μετὰ</strong></span> 
     </span>
    </p>
   </div>
   <div class='ocr_carea' id='block_1_5' title="bbox 2092 286 3675 365">
    <p class='ocr_par' dir='ltr' id='par_1_5' title="bbox 2097 287 3675 365">
     <span class='ocr_line' id='line_1_5' title="bbox 2097 287 3675 365; baseline 0.004 -24"><span class='ocrx_word' id='word_1_15' title='bbox 2097 287 2201 344; x_wconf 85' lang='lat' dir='ltr'><strong>bus</strong></span> <span class='ocrx_word' id='word_1_16' title='bbox 2228 298 2285 344; x_wconf 84' lang='lat' dir='ltr'><strong>et</strong></span> <span class='ocrx_word' id='word_1_17' title='bbox 2310 289 2641 362; x_wconf 86' lang='lat' dir='ltr'><strong>legionibus,</strong></span> <span class='ocrx_word' id='word_1_18' title='bbox 2685 291 2981 363; x_wconf 73' lang='lat' dir='ltr'><strong>Meliusque</strong></span> <span class='ocrx_word' id='word_1_19' title='bbox 3030 294 3312 350; x_wconf 81' lang='lat' dir='ltr'><strong>Armeniis</strong></span> <span class='ocrx_word' id='word_1_20' title='bbox 3365 293 3675 365; x_wconf 67' lang='lat' dir='ltr'><strong>praefectus.</strong></span> 
     </span>
    </p>
   </div>
   <div class='ocr_carea' id='block_1_6' title="bbox 404 384 1993 457">
    <p class='ocr_par' dir='ltr' id='par_1_6' title="bbox 404 384 1993 457">
     <span class='ocr_line' id='line_1_6' title="bbox 404 384 1993 457; baseline -0.003 -15"><span class='ocrx_word' id='word_1_21' title='bbox 404 386 516 442; x_wconf 82' lang='grc' dir='ltr'><strong>τῶν</strong></span> <span class='ocrx_word' id='word_1_22' title='bbox 529 386 786 457; x_wconf 76' lang='grc' dir='ltr'><strong>θεμάτων</strong></span> <span class='ocrx_word' id='word_1_23' title='bbox 807 387 903 441; x_wconf 83' lang='grc' dir='ltr'><strong>καὶ</strong></span> <span class='ocrx_word' id='word_1_24' title='bbox 931 385 1042 439; x_wconf 80' lang='grc' dir='ltr'><strong>τῶν</strong></span> <span class='ocrx_word' id='word_1_25' title='bbox 1065 386 1367 457; x_wconf 81' lang='grc' dir='ltr'><strong>ταγμάτων</strong></span> <span class='ocrx_word' id='word_1_26' title='bbox 1380 385 1474 440; x_wconf 73' lang='grc' dir='ltr'><strong>καὶ</strong></span> <span class='ocrx_word' id='word_1_27' title='bbox 1504 386 1532 438; x_wconf 84' lang='grc' dir='ltr'><strong><em>ὁ</em></strong></span> <span class='ocrx_word' id='word_1_28' title='bbox 1563 384 1777 456; x_wconf 74' lang='grc' dir='ltr'><strong>Μηλίοις</strong></span> <span class='ocrx_word' id='word_1_29' title='bbox 1793 386 1838 416; x_wconf 77' lang='grc'><strong>⁸⁸</strong></span> <span class='ocrx_word' id='word_1_30' title='bbox 1855 384 1993 455; x_wconf 84' lang='grc' dir='ltr'><strong>μετά</strong></span> 
     </span>
    </p>
   </div>
   <div class='ocr_carea' id='block_1_7' title="bbox 403 475 1992 550">
    <p class='ocr_par' dir='ltr' id='par_1_7' title="bbox 403 475 1992 550">
     <span class='ocr_line' id='line_1_7' title="bbox 403 475 1992 550; baseline -0.002 -19"><span class='ocrx_word' id='word_1_31' title='bbox 403 477 515 532; x_wconf 80' lang='grc' dir='ltr'><strong>τῶν</strong></span> <span class='ocrx_word' id='word_1_32' title='bbox 538 475 862 550; x_wconf 65' lang='grc' dir='ltr'><strong>Ἀρμενίων,</strong></span> <span class='ocrx_word' id='word_1_33' title='bbox 893 477 991 532; x_wconf 63' lang='grc' dir='ltr'><strong>καί⁵</strong></span> <span class='ocrx_word' id='word_1_34' title='bbox 1024 476 1228 542; x_wconf 74' lang='grc' dir='ltr'><strong>πολλὰς</strong></span> <span class='ocrx_word' id='word_1_35' title='bbox 1275 477 1556 548; x_wconf 77' lang='grc' dir='ltr'><strong>προνομάς</strong></span> <span class='ocrx_word' id='word_1_36' title='bbox 1593 475 1716 530; x_wconf 87' lang='grc' dir='ltr'><strong>καθ’</strong></span> <span class='ocrx_word' id='word_1_37' title='bbox 1750 478 1992 547; x_wconf 75' lang='grc' dir='ltr'><strong>ἑκάστην</strong></span> 
     </span>
    </p>
   </div>
   <div class='ocr_carea' id='block_1_8' title="bbox 408 570 1994 643">
    <p class='ocr_par' dir='ltr' id='par_1_8' title="bbox 408 570 1994 643">
     <span class='ocr_line' id='line_1_8' title="bbox 408 570 1994 643; baseline 0 -18"><span class='ocrx_word' id='word_1_38' title='bbox 408 570 748 642; x_wconf 72' lang='grc' dir='ltr'><strong>ποιούμενοι,</strong></span> <span class='ocrx_word' id='word_1_39' title='bbox 783 573 876 627; x_wconf 76' lang='grc' dir='ltr'><strong>καὶ</strong></span> <span class='ocrx_word' id='word_1_40' title='bbox 902 575 1024 636; x_wconf 78' lang='grc' dir='ltr'><strong>ταῖς</strong></span> <span class='ocrx_word' id='word_1_41' title='bbox 1049 570 1333 642; x_wconf 73' lang='grc' dir='ltr'><strong>συνεχέσιν</strong></span> <span class='ocrx_word' id='word_1_42' title='bbox 1361 571 1684 642; x_wconf 71' lang='grc' dir='ltr'><strong>ἐπιδρομαῖς</strong></span> <span class='ocrx_word' id='word_1_43' title='bbox 1711 570 1994 643; x_wconf 81' lang='grc' dir='ltr'><strong>αίχμαλω-</strong></span> 
     </span>
    </p>
   </div>
   <div class='ocr_carea' id='block_1_9' title="bbox 375 662 1993 741">
    <p class='ocr_par' dir='ltr' id='par_1_9' title="bbox 375 662 1993 741">
     <span class='ocr_line' id='line_1_9' title="bbox 375 662 1993 741; baseline -0.002 -23"><span class='ocrx_word' id='word_1_44' title='bbox 375 733 382 741; x_wconf 88' lang='lat'><em>_</em></span> <span class='ocrx_word' id='word_1_45' title='bbox 405 663 650 729; x_wconf 61' lang='grc' dir='ltr'><strong>κτίζοντες</strong></span> <span class='ocrx_word' id='word_1_46' title='bbox 666 663 888 728; x_wconf 80' lang='grc' dir='ltr'><strong>τούτους</strong></span> <span class='ocrx_word' id='word_1_47' title='bbox 913 665 1009 718; x_wconf 84' lang='grc' dir='ltr'><strong>καὶ</strong></span> <span class='ocrx_word' id='word_1_48' title='bbox 1033 662 1331 734; x_wconf 74' lang='grc' dir='ltr'><strong>ληΐζοντες,</strong></span> <span class='ocrx_word' id='word_1_49' title='bbox 1349 662 1429 727; x_wconf 81' lang='grc' dir='ltr'><strong>είς</strong></span> <span class='ocrx_word' id='word_1_50' title='bbox 1444 662 1714 734; x_wconf 75' lang='grc' dir='ltr'><strong>τοσαύτην</strong></span> <span class='ocrx_word' id='word_1_51' title='bbox 1732 665 1993 717; x_wconf 82' lang='grc' dir='ltr'><strong>στένωσιν</strong></span> 
     </span>
    </p>
   </div>
   <div class='ocr_carea' id='block_1_10' title="bbox 372 745 1994 830">
    <p class='ocr_par' dir='ltr' id='par_1_10' title="bbox 372 745 1994 830">
     <span class='ocr_line' id='line_1_10' title="bbox 372 745 1994 830; baseline -0.001 -20"><span class='ocrx_word' id='word_1_52' title='bbox 372 745 507 828; x_wconf 53' lang='grc' dir='ltr'><strong>’τὴν</strong></span> <span class='ocrx_word' id='word_1_53' title='bbox 554 755 864 830; x_wconf 75' lang='grc' dir='ltr'><strong>Μελιτηνὴν</strong></span> <span class='ocrx_word' id='word_1_54' title='bbox 907 755 1277 828; x_wconf 83' lang='grc' dir='ltr'><strong>περιέστησαν</strong></span> <span class='ocrx_word' id='word_1_55' title='bbox 1327 755 1415 829; x_wconf 79' lang='grc' dir='ltr'><strong>[Ρ.</strong></span> <span class='ocrx_word' id='word_1_56' title='bbox 1452 755 1762 824; x_wconf 69' lang='grc' dir='ltr'><strong>5851ὅιστε</strong></span> <span class='ocrx_word' id='word_1_57' title='bbox 1822 755 1994 827; x_wconf 83' lang='grc' dir='ltr'><strong>αὐτὴν</strong></span> 
     </span>
    </p>
   </div>
   <div class='ocr_carea' id='block_1_11' title="bbox 409 846 1995 920">
    <p class='ocr_par' dir='ltr' id='par_1_11' title="bbox 409 846 1995 920">
     <span class='ocr_line' id='line_1_11' title="bbox 409 846 1995 920; baseline -0.001 -17"><span class='ocrx_word' id='word_1_58' title='bbox 409 848 799 920; x_wconf 80' lang='grc' dir='ltr'><strong>συντομώτατα</strong></span> <span class='ocrx_word' id='word_1_59' title='bbox 814 848 1155 920; x_wconf 76' lang='grc' dir='ltr'><strong>ὲκπορθῆσαι</strong></span> <span class='ocrx_word' id='word_1_60' title='bbox 1180 848 1277 902; x_wconf 73' lang='grc' dir='ltr'><strong>καὶ</strong></span> <span class='ocrx_word' id='word_1_61' title='bbox 1295 846 1401 912; x_wconf 71' lang='grc' dir='ltr'><strong>ἕως</strong></span> <span class='ocrx_word' id='word_1_62' title='bbox 1428 848 1661 919; x_wconf 77' lang='grc' dir='ltr'><strong>ἐδάφους</strong></span> <span class='ocrx_word' id='word_1_63' title='bbox 1686 849 1995 918; x_wconf 81' lang='grc' dir='ltr'><strong>καταστρὲ-</strong></span> 
     </span>
    </p>
   </div>
   <div class='ocr_carea' id='block_1_12' title="bbox 407 931 1990 1014">
    <p class='ocr_par' dir='ltr' id='par_1_12' title="bbox 407 931 1990 1014">
     <span class='ocr_line' id='line_1_12' title="bbox 407 931 1990 1014; baseline -0.001 -19"><span class='ocrx_word' id='word_1_64' title='bbox 407 940 529 1010; x_wconf 69' lang='grc' dir='ltr'><strong>ψαι.</strong></span> <span class='ocrx_word' id='word_1_65' title='bbox 550 942 613 995; x_wconf 76' lang='grc' dir='ltr'><strong>οὐ</strong></span> <span class='ocrx_word' id='word_1_66' title='bbox 648 940 812 1014; x_wconf 81' lang='grc' dir='ltr'><strong>μόνον</strong></span> <span class='ocrx_word' id='word_1_67' title='bbox 832 940 889 995; x_wconf 76' lang='grc' dir='ltr'><strong>δὲ</strong></span> <span class='ocrx_word' id='word_1_68' title='bbox 916 939 1146 1012; x_wconf 82' lang='grc' dir='ltr'><strong>ταύτην,</strong></span> <span class='ocrx_word' id='word_1_69' title='bbox 1178 931 1317 996; x_wconf 74' lang='grc' dir='ltr'><strong>ἀλλὰ</strong></span> <span class='ocrx_word' id='word_1_70' title='bbox 1347 941 1442 995; x_wconf 73' lang='grc' dir='ltr'><strong>καὶ</strong></span> <span class='ocrx_word' id='word_1_71' title='bbox 1474 941 1576 1004; x_wconf 84' lang='grc' dir='ltr'><strong>τὰς</strong></span> <span class='ocrx_word' id='word_1_72' title='bbox 1596 940 1832 1011; x_wconf 81' lang='grc' dir='ltr'><strong>ὁμόρους</strong></span> <span class='ocrx_word' id='word_1_73' title='bbox 1849 939 1990 1011; x_wconf 80' lang='grc' dir='ltr'><strong>αὐτῇ</strong></span> 
     </span>
    </p>
   </div>
   <div class='ocr_carea' id='block_1_13' title="bbox 409 1033 1994 1109">
    <p class='ocr_par' dir='ltr' id='par_1_13' title="bbox 409 1033 1994 1109">
     <span class='ocr_line' id='line_1_13' title="bbox 409 1033 1994 1109; baseline -0.001 -20"><span class='ocrx_word' id='word_1_74' title='bbox 409 1035 597 1099; x_wconf 81' lang='grc' dir='ltr'><strong>πόλεις</strong></span> <span class='ocrx_word' id='word_1_75' title='bbox 621 1035 718 1089; x_wconf 75' lang='grc' dir='ltr'><strong>καὶ</strong></span> <span class='ocrx_word' id='word_1_76' title='bbox 738 1034 926 1109; x_wconf 79' lang='grc' dir='ltr'><strong>χώρας</strong></span> <span class='ocrx_word' id='word_1_77' title='bbox 953 1035 1293 1106; x_wconf 68' lang='grc' dir='ltr'><strong>πολυφόρους</strong></span> <span class='ocrx_word' id='word_1_78' title='bbox 1323 1050 1385 1089; x_wconf 77' lang='grc' dir='ltr'><strong>τε</strong></span> <span class='ocrx_word' id='word_1_79' title='bbox 1415 1035 1581 1099; x_wconf 74' lang='grc' dir='ltr'><strong>οὔσας</strong></span> <span class='ocrx_word' id='word_1_80' title='bbox 1603 1033 1699 1089; x_wconf 73' lang='grc' dir='ltr'><strong>καὶ</strong></span> <span class='ocrx_word' id='word_1_81' title='bbox 1730 1034 1994 1096; x_wconf 86' lang='grc' dir='ltr'><strong>πιοτάτας</strong></span> 
     </span>
    </p>
   </div>
   <div class='ocr_carea' id='block_1_14' title="bbox 408 1123 1994 1200">
    <p class='ocr_par' dir='ltr' id='par_1_14' title="bbox 408 1123 1994 1200">
     <span class='ocr_line' id='line_1_14' title="bbox 408 1123 1994 1200; baseline -0.001 -18"><span class='ocrx_word' id='word_1_82' title='bbox 408 1131 504 1184; x_wconf 74' lang='grc' dir='ltr'><strong>καὶ</strong></span> <span class='ocrx_word' id='word_1_83' title='bbox 531 1129 698 1193; x_wconf 81' lang='grc' dir='ltr'><strong>ἄλλας</strong></span> <span class='ocrx_word' id='word_1_84' title='bbox 720 1129 767 1162; x_wconf 68' lang='grc'><strong>⁸9</strong></span> <span class='ocrx_word' id='word_1_85' title='bbox 793 1128 996 1193; x_wconf 78' lang='grc' dir='ltr'><strong>πολλὰς</strong></span> <span class='ocrx_word' id='word_1_86' title='bbox 1017 1129 1278 1200; x_wconf 78' lang='grc' dir='ltr'><strong>παρέχειν</strong></span> <span class='ocrx_word' id='word_1_87' title='bbox 1305 1127 1622 1199; x_wconf 81' lang='grc' dir='ltr'><strong>προσόδους.</strong></span> <span class='ocrx_word' id='word_1_88' title='bbox 1657 1128 1700 1181; x_wconf 80' lang='grc' dir='ltr'><strong>Τ</strong></span> <span class='ocrx_word' id='word_1_89' title='bbox 1704 1125 1875 1195; x_wconf 79' lang='grc' dir='ltr'><strong>αὐτην</strong></span> <span class='ocrx_word' id='word_1_90' title='bbox 1901 1123 1994 1180; x_wconf 77' lang='grc' dir='ltr'><strong>οὖν</strong></span> 
     </span>
    </p>
   </div>
   <div class='ocr_carea' id='block_1_15' title="bbox 406 1215 1994 1292">
    <p class='ocr_par' dir='ltr' id='par_1_15' title="bbox 406 1215 1994 1292">
     <span class='ocr_line' id='line_1_15' title="bbox 406 1215 1994 1292; baseline -0.004 -20"><span class='ocrx_word' id='word_1_91' title='bbox 406 1223 506 1292; x_wconf 76' lang='grc' dir='ltr'><strong>τὴν</strong></span> <span class='ocrx_word' id='word_1_92' title='bbox 527 1215 932 1290; x_wconf 70' lang='grc' dir='ltr'><strong>⁶⁰”Μελιτηνὴν</strong></span> <span class='ocrx_word' id='word_1_93' title='bbox 977 1220 1058 1282; x_wconf 88' lang='grc' dir='ltr'><strong>είς</strong></span> <span class='ocrx_word' id='word_1_94' title='bbox 1093 1218 1480 1289; x_wconf 69' lang='grc' dir='ltr'><strong>κσυρττωρίαν</strong></span> <span class='ocrx_word' id='word_1_95' title='bbox 1524 1217 1994 1285; x_wconf 70' lang='grc' dir='ltr'><strong>ἀποκαταστήσας</strong></span> 
     </span>
    </p>
   </div>
   <div class='ocr_carea' id='block_1_16' title="bbox 405 1306 1993 1382">
    <p class='ocr_par' dir='ltr' id='par_1_16' title="bbox 405 1306 1993 1382">
     <span class='ocr_line' id='line_1_16' title="bbox 405 1306 1993 1382; baseline -0.003 -18"><span class='ocrx_word' id='word_1_96' title='bbox 405 1312 434 1364; x_wconf 83' lang='grc' dir='ltr'><strong>δ</strong></span> <span class='ocrx_word' id='word_1_97' title='bbox 465 1308 722 1382; x_wconf 74' lang='grc' dir='ltr'><strong>βασιλεὺς</strong></span> <span class='ocrx_word' id='word_1_98' title='bbox 770 1309 972 1376; x_wconf 76' lang='grc' dir='ltr'><strong>πολλὰς</strong></span> <span class='ocrx_word' id='word_1_99' title='bbox 1018 1306 1267 1381; x_wconf 79' lang='grc' dir='ltr'><strong>χιλιάδας</strong></span> <span class='ocrx_word' id='word_1_100' title='bbox 1313 1308 1544 1381; x_wconf 79' lang='grc' dir='ltr'><strong>χρυσίου</strong></span> <span class='ocrx_word' id='word_1_101' title='bbox 1601 1309 1694 1363; x_wconf 76' lang='grc' dir='ltr'><strong>καὶ</strong></span> <span class='ocrx_word' id='word_1_102' title='bbox 1726 1306 1993 1381; x_wconf 79' lang='grc' dir='ltr'><strong>ἀργυρίου</strong></span> 
     </span>
    </p>
   </div>
   <div class='ocr_carea' id='block_1_17' title="bbox 405 1399 1751 1473">
    <p class='ocr_par' dir='ltr' id='par_1_17' title="bbox 405 1399 1751 1473">
     <span class='ocr_line' id='line_1_17' title="bbox 405 1399 1751 1473; baseline -0.001 -17"><span class='ocrx_word' id='word_1_103' title='bbox 405 1401 617 1456; x_wconf 68' lang='grc' dir='ltr'><strong>ἐκεῖθεν</strong></span> <span class='ocrx_word' id='word_1_104' title='bbox 654 1400 1120 1473; x_wconf 79' lang='grc' dir='ltr'><strong>δασμοφορεϊσθαι</strong></span> <span class='ocrx_word' id='word_1_105' title='bbox 1150 1399 1387 1472; x_wconf 78' lang='grc' dir='ltr'><strong>ὲτησίως</strong></span> <span class='ocrx_word' id='word_1_106' title='bbox 1426 1399 1751 1472; x_wconf 80' lang='grc' dir='ltr'><strong>πεποίηκεν.</strong></span> 
     </span>
    </p>
   </div>
   <div class='ocr_carea' id='block_1_18' title="bbox 475 1492 1996 1571">
    <p class='ocr_par' dir='ltr' id='par_1_18' title="bbox 475 1492 1996 1571">
     <span class='ocr_line' id='line_1_18' title="bbox 475 1492 1996 1571; baseline -0.004 -21"><span class='ocrx_word' id='word_1_107' title='bbox 475 1496 588 1562; x_wconf 84' lang='grc' dir='ltr'><strong>λς’.</strong></span> <span class='ocrx_word' id='word_1_108' title='bbox 653 1493 1026 1568; x_wconf 83' lang='grc' dir='ltr'><strong>Κατηγορήθη</strong></span> <span class='ocrx_word' id='word_1_109' title='bbox 1085 1495 1144 1548; x_wconf 81' lang='grc' dir='ltr'><strong>δὲ</strong></span> <span class='ocrx_word' id='word_1_110' title='bbox 1206 1493 1456 1571; x_wconf 46' lang='lat' dir='ltr'><strong>Neutra;</strong></span> <span class='ocrx_word' id='word_1_111' title='bbox 1528 1493 1830 1566; x_wconf 83' lang='grc' dir='ltr'><strong>μάγιστρος</strong></span> <span class='ocrx_word' id='word_1_112' title='bbox 1899 1492 1996 1546; x_wconf 71' lang='grc' dir='ltr'><strong>καὶ</strong></span> 
     </span>
    </p>
   </div>
   <div class='ocr_carea' id='block_1_19' title="bbox 406 1580 1994 1663">
    <p class='ocr_par' dir='ltr' id='par_1_19' title="bbox 406 1580 1994 1663">
     <span class='ocr_line' id='line_1_19' title="bbox 406 1580 1994 1663; baseline -0.003 -18"><span class='ocrx_word' id='word_1_113' title='bbox 406 1590 671 1663; x_wconf 77' lang='grc' dir='ltr'><strong>πενθερὸς</strong></span> <span class='ocrx_word' id='word_1_114' title='bbox 725 1588 1104 1662; x_wconf 80' lang='grc' dir='ltr'><strong>Χριστοφόρου</strong></span> <span class='ocrx_word' id='word_1_115' title='bbox 1149 1580 1418 1657; x_wconf 82' lang='grc' dir='ltr'><strong>βασιλέως</strong></span> <span class='ocrx_word' id='word_1_116' title='bbox 1477 1585 1554 1651; x_wconf 83' lang='grc' dir='ltr'><strong>ὡς</strong></span> <span class='ocrx_word' id='word_1_117' title='bbox 1604 1585 1994 1656; x_wconf 75' lang='grc' dir='ltr'><strong>ὑποτιθέμενος</strong></span> 
     </span>
    </p>
   </div>
   <div class='ocr_carea' id='block_1_20' title="bbox 404 1678 1991 1755">
    <p class='ocr_par' dir='ltr' id='par_1_20' title="bbox 404 1678 1991 1755">
     <span class='ocr_line' id='line_1_20' title="bbox 404 1678 1991 1755; baseline -0.003 -18"><span class='ocrx_word' id='word_1_118' title='bbox 404 1681 730 1755; x_wconf 26' lang='grc' dir='ltr'><strong>αὑτῷηκατὰ</strong></span> <span class='ocrx_word' id='word_1_119' title='bbox 755 1681 852 1737; x_wconf 82' lang='grc' dir='ltr'><strong>τοῦ</strong></span> <span class='ocrx_word' id='word_1_120' title='bbox 885 1682 1018 1737; x_wconf 84' lang='grc' dir='ltr'><strong>ίδίου</strong></span> <span class='ocrx_word' id='word_1_121' title='bbox 1055 1680 1312 1752; x_wconf 76' lang='grc' dir='ltr'><strong>γενέσθαι</strong></span> <span class='ocrx_word' id='word_1_122' title='bbox 1344 1678 1553 1750; x_wconf 74' lang='grc' dir='ltr'><strong>πατρὸς</strong></span> <span class='ocrx_word' id='word_1_123' title='bbox 1580 1680 1677 1734; x_wconf 61' lang='grc' dir='ltr'><strong>καὶ</strong></span> <span class='ocrx_word' id='word_1_124' title='bbox 1703 1678 1804 1750; x_wconf 69' lang='grc' dir='ltr'><strong>τῆς</strong></span> <span class='ocrx_word' id='word_1_125' title='bbox 1834 1679 1991 1751; x_wconf 84' lang='grc' dir='ltr'><strong>βασι-</strong></span> 
     </span>
    </p>
   </div>
   <div class='ocr_carea' id='block_1_21' title="bbox 403 1767 1991 1843">
    <p class='ocr_par' dir='ltr' id='par_1_21' title="bbox 403 1767 1991 1843">
     <span class='ocr_line' id='line_1_21' title="bbox 403 1767 1991 1843; baseline -0.002 -14"><span class='ocrx_word' id='word_1_126' title='bbox 403 1778 556 1841; x_wconf 84' lang='grc' dir='ltr'><strong>λείας</strong></span> <span class='ocrx_word' id='word_1_127' title='bbox 597 1775 762 1831; x_wconf 77' lang='grc' dir='ltr'><strong>αὑτὸν</strong></span> <span class='ocrx_word' id='word_1_128' title='bbox 811 1774 1061 1843; x_wconf 79' lang='grc' dir='ltr'><strong>ὲξεῶσαι.</strong></span> <span class='ocrx_word' id='word_1_129' title='bbox 1099 1774 1303 1828; x_wconf 81' lang='grc' dir='ltr'><strong>Τοῦτον</strong></span> <span class='ocrx_word' id='word_1_130' title='bbox 1347 1767 1444 1829; x_wconf 79' lang='grc' dir='ltr'><strong>οὖν</strong></span> <span class='ocrx_word' id='word_1_131' title='bbox 1496 1769 1857 1843; x_wconf 75' lang='grc' dir='ltr'><strong>ἐξαγαγόντες</strong></span> <span class='ocrx_word' id='word_1_132' title='bbox 1888 1769 1991 1842; x_wconf 80' lang='grc' dir='ltr'><strong>τῆς</strong></span> 
     </span>
    </p>
   </div>
   <div class='ocr_carea' id='block_1_22' title="bbox 407 1866 1989 1946">
    <p class='ocr_par' dir='ltr' id='par_1_22' title="bbox 407 1866 1989 1946">
     <span class='ocr_line' id='line_1_22' title="bbox 407 1866 1989 1946; baseline -0.004 -20"><span class='ocrx_word' id='word_1_133' title='bbox 407 1873 615 1946; x_wconf 78' lang='grc' dir='ltr'><strong>πόλεως</strong></span> <span class='ocrx_word' id='word_1_134' title='bbox 639 1871 944 1942; x_wconf 79' lang='grc' dir='ltr'><strong>άπέκειραν</strong></span> <span class='ocrx_word' id='word_1_135' title='bbox 969 1869 1226 1942; x_wconf 75' lang='grc' dir='ltr'><strong>μοναχὸν,</strong></span> <span class='ocrx_word' id='word_1_136' title='bbox 1248 1866 1679 1939; x_wconf 77' lang='grc' dir='ltr'><strong>ὑπερορίσαντες</strong></span> <span class='ocrx_word' id='word_1_137' title='bbox 1709 1867 1768 1920; x_wconf 69' lang='grc' dir='ltr'><strong>ἐν</strong></span> <span class='ocrx_word' id='word_1_138' title='bbox 1787 1867 1867 1936; x_wconf 82' lang='grc' dir='ltr'><strong>τῷ</strong></span> <span class='ocrx_word' id='word_1_139' title='bbox 1888 1866 1989 1920; x_wconf 84' lang='grc' dir='ltr'><strong>αὐ-</strong></span> 
     </span>
    </p>
   </div>
   <div class='ocr_carea' id='block_1_23' title="bbox 402 1962 878 2034">
    <p class='ocr_par' dir='ltr' id='par_1_23' title="bbox 402 1962 878 2034">
     <span class='ocr_line' id='line_1_23' title="bbox 402 1962 878 2034; baseline 0.002 -17"><span class='ocrx_word' id='word_1_140' title='bbox 402 1965 498 2018; x_wconf 75' lang='grc' dir='ltr'><strong>τοῦ</strong></span> <span class='ocrx_word' id='word_1_141' title='bbox 537 1962 878 2034; x_wconf 80' lang='grc' dir='ltr'><strong>προαστείῳ.</strong></span> 
     </span>
    </p>
   </div>
   <div class='ocr_carea' id='block_1_24' title="bbox 475 2046 1990 2126">
    <p class='ocr_par' dir='ltr' id='par_1_24' title="bbox 475 2046 1990 2126">
     <span class='ocr_line' id='line_1_24' title="bbox 475 2046 1990 2126; baseline -0.003 -17"><span class='ocrx_word' id='word_1_142' title='bbox 475 2055 576 2120; x_wconf 78' lang='grc' dir='ltr'><strong>λζ’.</strong></span> <span class='ocrx_word' id='word_1_143' title='bbox 607 2057 756 2124; x_wconf 73' lang='grc' dir='ltr'><strong>Μηνὶ</strong></span> <span class='ocrx_word' id='word_1_144' title='bbox 787 2055 845 2111; x_wconf 75' lang='grc' dir='ltr'><strong>δὲ</strong></span> <span class='ocrx_word' id='word_1_145' title='bbox 889 2053 1095 2126; x_wconf 82' lang='grc' dir='ltr'><strong>Ἰουλίῳ</strong></span> <span class='ocrx_word' id='word_1_146' title='bbox 1125 2060 1217 2126; x_wconf 82' lang='grc' dir='ltr'><strong>ιη’,</strong></span> <span class='ocrx_word' id='word_1_147' title='bbox 1254 2051 1586 2116; x_wconf 81' lang='grc' dir='ltr'><strong>ίνδικτιῶνος</strong></span> <span class='ocrx_word' id='word_1_148' title='bbox 1616 2046 1690 2118; x_wconf 82' lang='grc' dir='ltr'><strong>ς’,</strong></span> <span class='ocrx_word' id='word_1_149' title='bbox 1718 2051 1990 2122; x_wconf 67' lang='grc' dir='ltr'><strong>Στέφανος</strong></span> 
     </span>
    </p>
   </div>
   <div class='ocr_carea' id='block_1_25' title="bbox 402 2142 1990 2222">
    <p class='ocr_par' dir='ltr' id='par_1_25' title="bbox 402 2142 1990 2222">
     <span class='ocr_line' id='line_1_25' title="bbox 402 2142 1990 2222; baseline -0.006 -15"><span class='ocrx_word' id='word_1_150' title='bbox 402 2153 433 2207; x_wconf 82' lang='grc' dir='ltr'><strong>ὁ</strong></span> <span class='ocrx_word' id='word_1_151' title='bbox 483 2150 832 2222; x_wconf 79' lang='grc' dir='ltr'><strong>πατριάρχης</strong></span> <span class='ocrx_word' id='word_1_152' title='bbox 877 2149 1130 2218; x_wconf 74' lang='grc' dir='ltr'><strong>τελευτᾷ,</strong></span> <span class='ocrx_word' id='word_1_153' title='bbox 1171 2147 1406 2218; x_wconf 80' lang='grc' dir='ltr'><strong>ποιήσας</strong></span> <span class='ocrx_word' id='word_1_154' title='bbox 1457 2145 1554 2216; x_wconf 77' lang='grc' dir='ltr'><strong>ἔτη</strong></span> <span class='ocrx_word' id='word_1_155' title='bbox 1591 2142 1633 2216; x_wconf 81' lang='grc' dir='ltr'><strong>β’</strong></span> <span class='ocrx_word' id='word_1_156' title='bbox 1666 2144 1760 2199; x_wconf 70' lang='grc' dir='ltr'><strong>καὶ</strong></span> <span class='ocrx_word' id='word_1_157' title='bbox 1814 2148 1990 2216; x_wconf 76' lang='grc' dir='ltr'><strong>μῆνας</strong></span> 
     </span>
    </p>
   </div>
   <div class='ocr_carea' id='block_1_26' title="bbox 407 2237 1988 2315">
    <p class='ocr_par' dir='ltr' id='par_1_26' title="bbox 407 2237 1988 2315">
     <span class='ocr_line' id='line_1_26' title="bbox 407 2237 1988 2315; baseline -0.006 -15"><span class='ocrx_word' id='word_1_158' title='bbox 407 2251 496 2301; x_wconf 86' lang='grc' dir='ltr'><strong>ια’.</strong></span> <span class='ocrx_word' id='word_1_159' title='bbox 521 2244 844 2315; x_wconf 76' lang='grc' dir='ltr'><strong>Δεκεμϐρίῳ</strong></span> <span class='ocrx_word' id='word_1_160' title='bbox 875 2242 934 2296; x_wconf 83' lang='grc' dir='ltr'><strong>δὲ</strong></span> <span class='ocrx_word' id='word_1_161' title='bbox 974 2241 1106 2315; x_wconf 68' lang='grc' dir='ltr'><strong>μηνὶ</strong></span> <span class='ocrx_word' id='word_1_162' title='bbox 1145 2241 1208 2295; x_wconf 73' lang='grc' dir='ltr'><strong>ιδ’</strong></span> <span class='ocrx_word' id='word_1_163' title='bbox 1237 2241 1430 2310; x_wconf 77' lang='grc' dir='ltr'><strong>ἄγουσι</strong></span> <span class='ocrx_word' id='word_1_164' title='bbox 1454 2238 1728 2312; x_wconf 81' lang='grc' dir='ltr'><strong>Τρύφωνα</strong></span> <span class='ocrx_word' id='word_1_165' title='bbox 1752 2237 1988 2310; x_wconf 66' lang='grc' dir='ltr'><strong>μοναχῦν</strong></span> 
     </span>
    </p>
   </div>
   <div class='ocr_carea' id='block_1_27' title="bbox 401 2330 1988 2409">
    <p class='ocr_par' dir='ltr' id='par_1_27' title="bbox 401 2330 1988 2409">
     <span class='ocr_line' id='line_1_27' title="bbox 401 2330 1988 2409; baseline -0.006 -16"><span class='ocrx_word' id='word_1_166' title='bbox 401 2340 462 2394; x_wconf 81' lang='grc' dir='ltr'><strong>ὲν</strong></span> <span class='ocrx_word' id='word_1_167' title='bbox 486 2338 565 2409; x_wconf 86' lang='grc' dir='ltr'><strong>τῷ</strong></span> <span class='ocrx_word' id='word_1_168' title='bbox 607 2335 841 2407; x_wconf 71' lang='grc' dir='ltr'><strong>ὐψικίῳ</strong></span> <span class='ocrx_word' id='word_1_169' title='bbox 869 2335 1196 2407; x_wconf 83' lang='grc' dir='ltr'><strong>μονάζοντα,</strong></span> <span class='ocrx_word' id='word_1_170' title='bbox 1221 2333 1314 2387; x_wconf 75' lang='grc' dir='ltr'><strong>ἐπ’</strong></span> <span class='ocrx_word' id='word_1_171' title='bbox 1335 2333 1594 2403; x_wconf 77' lang='grc' dir='ltr'><strong>εὐλαϐείᾳ</strong></span> <span class='ocrx_word' id='word_1_172' title='bbox 1618 2330 1713 2386; x_wconf 71' lang='grc' dir='ltr'><strong>καὶ</strong></span> <span class='ocrx_word' id='word_1_173' title='bbox 1737 2331 1988 2403; x_wconf 78' lang='grc' dir='ltr'><strong>ἁγιότητι</strong></span> 
     </span>
    </p>
   </div>
   <div class='ocr_carea' id='block_1_28' title="bbox 406 2425 1989 2504">
    <p class='ocr_par' dir='ltr' id='par_1_28' title="bbox 406 2425 1989 2504">
     <span class='ocr_line' id='line_1_28' title="bbox 406 2425 1989 2504; baseline -0.005 -18"><span class='ocrx_word' id='word_1_174' title='bbox 406 2431 880 2504; x_wconf 77' lang='grc' dir='ltr'><strong>μαρτυρούμενον,</strong></span> <span class='ocrx_word' id='word_1_175' title='bbox 931 2427 1028 2483; x_wconf 79' lang='grc' dir='ltr'><strong>καὶ</strong></span> <span class='ocrx_word' id='word_1_176' title='bbox 1080 2426 1456 2499; x_wconf 79' lang='grc' dir='ltr'><strong>χειροτονοῦσι</strong></span> <span class='ocrx_word' id='word_1_177' title='bbox 1494 2425 1846 2498; x_wconf 74' lang='grc' dir='ltr'><strong>πατριάρχην</strong></span> <span class='ocrx_word' id='word_1_178' title='bbox 1896 2427 1989 2478; x_wconf 71' lang='grc' dir='ltr'><strong>ἐπὶ</strong></span> 
     </span>
    </p>
   </div>
   <div class='ocr_carea' id='block_1_29' title="bbox 405 2510 1987 2596">
    <p class='ocr_par' dir='ltr' id='par_1_29' title="bbox 405 2510 1987 2596">
     <span class='ocr_line' id='line_1_29' title="bbox 405 2510 1987 2596; baseline -0.004 -18"><span class='ocrx_word' id='word_1_179' title='bbox 405 2528 582 2596; x_wconf 71' lang='grc' dir='ltr'><strong>χρόνῳ</strong></span> <span class='ocrx_word' id='word_1_180' title='bbox 613 2523 763 2596; x_wconf 83' lang='grc' dir='ltr'><strong>ρητῷ</strong></span> <span class='ocrx_word' id='word_1_181' title='bbox 783 2525 852 2590; x_wconf 66' lang='grc' dir='ltr'><strong>δι’,</strong></span> <span class='ocrx_word' id='word_1_182' title='bbox 889 2524 1084 2595; x_wconf 81' lang='grc' dir='ltr'><strong>μέχρις</strong></span> <span class='ocrx_word' id='word_1_183' title='bbox 1116 2521 1184 2576; x_wconf 78' lang='grc' dir='ltr'><strong>ἄν</strong></span> <span class='ocrx_word' id='word_1_184' title='bbox 1210 2521 1292 2585; x_wconf 83' lang='grc' dir='ltr'><strong>είς</strong></span> <span class='ocrx_word' id='word_1_185' title='bbox 1333 2519 1535 2591; x_wconf 85' lang='grc' dir='ltr'><strong>μέτρον</strong></span> <span class='ocrx_word' id='word_1_186' title='bbox 1568 2520 1786 2591; x_wconf 73' lang='grc' dir='ltr'><strong>ἡλικίας</strong></span> <span class='ocrx_word' id='word_1_187' title='bbox 1805 2510 1987 2591; x_wconf 73' lang='grc' dir='ltr'><strong>φθάσῃ</strong></span> 
     </span>
    </p>
   </div>
   <div class='ocr_carea' id='block_1_30' title="bbox 404 2602 1989 2688">
    <p class='ocr_par' dir='ltr' id='par_1_30' title="bbox 404 2602 1989 2688">
     <span class='ocr_line' id='line_1_30' title="bbox 404 2602 1989 2688; baseline -0.003 -15"><span class='ocrx_word' id='word_1_188' title='bbox 404 2619 783 2688; x_wconf 80' lang='grc' dir='ltr'><strong>Θεοφύλσίκτος</strong></span> <span class='ocrx_word' id='word_1_189' title='bbox 839 2618 870 2672; x_wconf 86' lang='grc' dir='ltr'><strong>ό</strong></span> <span class='ocrx_word' id='word_1_190' title='bbox 930 2616 1027 2671; x_wconf 79' lang='grc' dir='ltr'><strong>τοῦ</strong></span> <span class='ocrx_word' id='word_1_191' title='bbox 1086 2615 1350 2687; x_wconf 78' lang='grc' dir='ltr'><strong>βασιλέως</strong></span> <span class='ocrx_word' id='word_1_192' title='bbox 1398 2602 1684 2684; x_wconf 72' lang='grc' dir='ltr'><strong>Ῥωμανοΰ</strong></span> <span class='ocrx_word' id='word_1_193' title='bbox 1747 2609 1882 2680; x_wconf 70' lang='grc' dir='ltr'><strong>υίὸς,</strong></span> <span class='ocrx_word' id='word_1_194' title='bbox 1927 2615 1989 2669; x_wconf 78' lang='grc' dir='ltr'><strong>ὃν</strong></span> 
     </span>
    </p>
   </div>
   <div class='ocr_carea' id='block_1_31' title="bbox 403 2704 1984 2783">
    <p class='ocr_par' dir='ltr' id='par_1_31' title="bbox 403 2704 1984 2783">
     <span class='ocr_line' id='line_1_31' title="bbox 403 2704 1984 2783; baseline -0.001 -17"><span class='ocrx_word' id='word_1_195' title='bbox 403 2712 629 2783; x_wconf 58' lang='lat' dir='ltr'><strong>Ipsum:</strong></span> <span class='ocrx_word' id='word_1_196' title='bbox 681 2710 1027 2782; x_wconf 86' lang='grc' dir='ltr'><strong>πατριάρχην</strong></span> <span class='ocrx_word' id='word_1_197' title='bbox 1077 2709 1407 2781; x_wconf 80' lang='grc' dir='ltr'><strong>χειροτονεῖν</strong></span> <span class='ocrx_word' id='word_1_198' title='bbox 1463 2704 1984 2764; x_wconf 72' lang='grc' dir='ltr'><strong>Κωνσταντινουπό-</strong></span> 
     </span>
    </p>
   </div>
   <div class='ocr_carea' id='block_1_32' title="bbox 402 2806 561 2869">
    <p class='ocr_par' dir='ltr' id='par_1_32' title="bbox 402 2806 561 2869">
     <span class='ocr_line' id='line_1_32' title="bbox 402 2806 561 2869; baseline 0 -9"><span class='ocrx_word' id='word_1_199' title='bbox 402 2806 561 2869; x_wconf 80' lang='grc' dir='ltr'><strong>λεως.</strong></span> 
     </span>
    </p>
   </div>
   <div class='ocr_carea' id='block_1_33' title="bbox 469 2972 2059 3071">
    <p class='ocr_par' dir='ltr' id='par_1_33' title="bbox 469 2972 2059 3071">
     <span class='ocr_line' id='line_1_33' title="bbox 469 2972 2059 3071; baseline 0.003 -38"><span class='ocrx_word' id='word_1_200' title='bbox 469 2981 572 3052; x_wconf 86' lang='grc' dir='ltr'><strong>λη’.</strong></span> <span class='ocrx_word' id='word_1_201' title='bbox 628 2975 819 3035; x_wconf 84' lang='grc' dir='ltr'><strong>Εἱκάδι</strong></span> <span class='ocrx_word' id='word_1_202' title='bbox 862 2978 922 3035; x_wconf 83' lang='grc' dir='ltr'><strong>δὲ</strong></span> <span class='ocrx_word' id='word_1_203' title='bbox 971 2979 1201 3052; x_wconf 73' lang='grc' dir='ltr'><strong>πέμπτῃ</strong></span> <span class='ocrx_word' id='word_1_204' title='bbox 1236 2972 1330 3034; x_wconf 76' lang='grc' dir='ltr'><strong>τοῦ</strong></span> <span class='ocrx_word' id='word_1_205' title='bbox 1366 2977 1533 3034; x_wconf 74' lang='grc' dir='ltr'><strong>αὐτοῦ</strong></span> <span class='ocrx_word' id='word_1_206' title='bbox 1571 2979 1741 3053; x_wconf 83' lang='grc' dir='ltr'><strong>μηνὸς</strong></span> <span class='ocrx_word' id='word_1_207' title='bbox 1776 2980 1986 3054; x_wconf 81' lang='grc' dir='ltr'><strong>χειμὼν</strong></span> <span class='ocrx_word' id='word_1_208' title='bbox 2014 3011 2059 3071; x_wconf 76' lang='lat' dir='ltr'><strong><em>C</em></strong></span> 
     </span>
    </p>
   </div>
   <div class='ocr_carea' id='block_1_34' title="bbox 398 3071 1984 3147">
    <p class='ocr_par' dir='ltr' id='par_1_34' title="bbox 398 3071 1984 3147">
     <span class='ocr_line' id='line_1_34' title="bbox 398 3071 1984 3147; baseline 0 -19"><span class='ocrx_word' id='word_1_209' title='bbox 398 3075 676 3145; x_wconf 79' lang='grc' dir='ltr'><strong>ἀφόρητος</strong></span> <span class='ocrx_word' id='word_1_210' title='bbox 725 3078 970 3144; x_wconf 85' lang='grc' dir='ltr'><strong>γέγονεν,</strong></span> <span class='ocrx_word' id='word_1_211' title='bbox 1020 3072 1162 3128; x_wconf 84' lang='grc' dir='ltr'><strong>ὥστε</strong></span> <span class='ocrx_word' id='word_1_212' title='bbox 1209 3071 1696 3146; x_wconf 62' lang='grc' dir='ltr'><strong>κρυπαλλωθῆναι</strong></span> <span class='ocrx_word' id='word_1_213' title='bbox 1728 3075 1828 3147; x_wconf 74' lang='grc' dir='ltr'><strong>τὴν</strong></span> <span class='ocrx_word' id='word_1_214' title='bbox 1880 3076 1984 3146; x_wconf 78' lang='grc' dir='ltr'><strong>γῆν</strong></span> 
     </span>
    </p>
   </div>
   <div class='ocr_carea' id='block_1_35' title="bbox 354 3161 1983 3248">
    <p class='ocr_par' dir='ltr' id='par_1_35' title="bbox 354 3161 1983 3248">
     <span class='ocr_line' id='line_1_35' title="bbox 354 3161 1983 3248; baseline 0.01 -43"><span class='ocrx_word' id='word_1_215' title='bbox 354 3199 358 3205; x_wconf 96' lang='grc'><strong>.</strong></span> <span class='ocrx_word' id='word_1_216' title='bbox 397 3168 492 3222; x_wconf 68' lang='grc' dir='ltr'><strong>ἐπὶ</strong></span> <span class='ocrx_word' id='word_1_217' title='bbox 524 3168 739 3239; x_wconf 78' lang='grc' dir='ltr'><strong>ἡμέρας</strong></span> <span class='ocrx_word' id='word_1_218' title='bbox 771 3172 876 3237; x_wconf 80' lang='grc' dir='ltr'><strong>ρκ’.</strong></span> <span class='ocrx_word' id='word_1_219' title='bbox 910 3161 1073 3221; x_wconf 79' lang='grc' dir='ltr'><strong>Ὅθεν</strong></span> <span class='ocrx_word' id='word_1_220' title='bbox 1104 3167 1199 3219; x_wconf 65' lang='grc' dir='ltr'><strong>καί¹</strong></span> <span class='ocrx_word' id='word_1_221' title='bbox 1227 3167 1421 3235; x_wconf 82' lang='grc' dir='ltr'><strong>γέγονε</strong></span> <span class='ocrx_word' id='word_1_222' title='bbox 1460 3165 1634 3237; x_wconf 83' lang='grc' dir='ltr'><strong>μέγας</strong></span> <span class='ocrx_word' id='word_1_223' title='bbox 1671 3166 1831 3248; x_wconf 61' lang='grc' dir='ltr'><strong>λιμὸς</strong></span> <span class='ocrx_word' id='word_1_224' title='bbox 1854 3167 1983 3232; x_wconf 86' lang='grc' dir='ltr'><strong>τοὺς</strong></span> 
     </span>
    </p>
   </div>
   <div class='ocr_carea' id='block_1_36' title="bbox 397 3256 1983 3334">
    <p class='ocr_par' dir='ltr' id='par_1_36' title="bbox 397 3256 1983 3334">
     <span class='ocr_line' id='line_1_36' title="bbox 397 3256 1983 3334; baseline 0 -19"><span class='ocrx_word' id='word_1_225' title='bbox 397 3261 620 3316; x_wconf 83' lang='grc' dir='ltr'><strong>πώποτε</strong></span> <span class='ocrx_word' id='word_1_226' title='bbox 647 3261 978 3334; x_wconf 82' lang='grc' dir='ltr'><strong>γενομένους</strong></span> <span class='ocrx_word' id='word_1_227' title='bbox 1008 3261 1111 3315; x_wconf 80' lang='grc' dir='ltr'><strong>ὑπε</strong></span> <span class='ocrx_word' id='word_1_228' title='bbox 1122 3256 1505 3332; x_wconf 81' lang='grc' dir='ltr'><strong>ρόαλλόμενος,</strong></span> <span class='ocrx_word' id='word_1_229' title='bbox 1535 3261 1632 3314; x_wconf 80' lang='grc' dir='ltr'><strong>καὶ</strong></span> <span class='ocrx_word' id='word_1_230' title='bbox 1657 3259 1889 3326; x_wconf 75' lang='grc' dir='ltr'><strong>Θάνατος</strong></span> <span class='ocrx_word' id='word_1_231' title='bbox 1917 3263 1983 3315; x_wconf 78' lang='grc' dir='ltr'><strong>ἐκ</strong></span> 
     </span>
    </p>
   </div>
   <div class='ocr_carea' id='block_1_37' title="bbox 394 3349 1982 3424">
    <p class='ocr_par' dir='ltr' id='par_1_37' title="bbox 394 3349 1982 3424">
     <span class='ocr_line' id='line_1_37' title="bbox 394 3349 1982 3424; baseline -0.002 -14"><span class='ocrx_word' id='word_1_232' title='bbox 394 3355 552 3410; x_wconf 80' lang='grc' dir='ltr'><strong>τοῦδε</strong></span> <span class='ocrx_word' id='word_1_233' title='bbox 573 3353 765 3420; x_wconf 76' lang='grc' dir='ltr'><strong>πολὺς,</strong></span> <span class='ocrx_word' id='word_1_234' title='bbox 794 3354 872 3419; x_wconf 86' lang='grc' dir='ltr'><strong>ὠς</strong></span> <span class='ocrx_word' id='word_1_235' title='bbox 905 3353 980 3424; x_wconf 84' lang='grc' dir='ltr'><strong>μὴ</strong></span> <span class='ocrx_word' id='word_1_236' title='bbox 995 3352 1255 3408; x_wconf 76' lang='grc' dir='ltr'><strong>δύνασθαι</strong></span> <span class='ocrx_word' id='word_1_237' title='bbox 1274 3352 1403 3415; x_wconf 81' lang='grc' dir='ltr'><strong>τοὺς</strong></span> <span class='ocrx_word' id='word_1_238' title='bbox 1428 3350 1639 3418; x_wconf 79' lang='grc' dir='ltr'><strong>ζῶντας</strong></span> <span class='ocrx_word' id='word_1_239' title='bbox 1662 3349 1982 3423; x_wconf 76' lang='grc' dir='ltr'><strong>ἐκκομίζειν</strong></span> 
     </span>
    </p>
   </div>
   <div class='ocr_carea' id='block_1_38' title="bbox 393 3439 1981 3516">
    <p class='ocr_par' dir='ltr' id='par_1_38' title="bbox 393 3439 1981 3516">
     <span class='ocr_line' id='line_1_38' title="bbox 393 3439 1981 3516; baseline -0.001 -15"><span class='ocrx_word' id='word_1_240' title='bbox 393 3447 524 3511; x_wconf 75' lang='grc' dir='ltr'><strong>τοὺς</strong></span> <span class='ocrx_word' id='word_1_241' title='bbox 549 3445 875 3510; x_wconf 82' lang='grc' dir='ltr'><strong>τεθνεῶτας.</strong></span> <span class='ocrx_word' id='word_1_242' title='bbox 917 3446 976 3499; x_wconf 88' lang='lat'><strong>&#39;0</strong></span> <span class='ocrx_word' id='word_1_243' title='bbox 991 3445 1049 3500; x_wconf 74' lang='grc' dir='ltr'><strong>δὲ</strong></span> <span class='ocrx_word' id='word_1_244' title='bbox 1071 3443 1328 3516; x_wconf 77' lang='grc' dir='ltr'><strong>βασιλεὺς</strong></span> <span class='ocrx_word' id='word_1_245' title='bbox 1366 3439 1652 3515; x_wconf 78' lang='grc' dir='ltr'><strong>Ῥωμανδς</strong></span> <span class='ocrx_word' id='word_1_246' title='bbox 1677 3445 1777 3516; x_wconf 85' lang='grc' dir='ltr'><strong>τὴν</strong></span> <span class='ocrx_word' id='word_1_247' title='bbox 1803 3445 1981 3516; x_wconf 82' lang='grc' dir='ltr'><strong>ἀπόρ-</strong></span> 
     </span>
    </p>
   </div>
   <div class='ocr_carea' id='block_1_39' title="bbox 398 3533 1976 3614">
    <p class='ocr_par' dir='ltr' id='par_1_39' title="bbox 398 3533 1976 3614">
     <span class='ocr_line' id='line_1_39' title="bbox 398 3533 1976 3614; baseline -0.001 -20"><span class='ocrx_word' id='word_1_248' title='bbox 398 3544 562 3614; x_wconf 80' lang='grc' dir='ltr'><strong>ρητον</strong></span> <span class='ocrx_word' id='word_1_249' title='bbox 583 3542 630 3572; x_wconf 79' lang='grc'><strong>⁸⁸</strong></span> <span class='ocrx_word' id='word_1_250' title='bbox 661 3540 879 3610; x_wconf 73' lang='grc' dir='ltr'><strong>εκείνην</strong></span> <span class='ocrx_word' id='word_1_251' title='bbox 915 3537 1036 3610; x_wconf 83' lang='grc' dir='ltr'><strong>βίαν</strong></span> <span class='ocrx_word' id='word_1_252' title='bbox 1072 3539 1439 3610; x_wconf 82' lang='grc' dir='ltr'><strong>κατανοήσας,</strong></span> <span class='ocrx_word' id='word_1_253' title='bbox 1474 3533 1633 3605; x_wconf 77' lang='grc' dir='ltr'><strong>ἀξίαν</strong></span> <span class='ocrx_word' id='word_1_254' title='bbox 1669 3538 1773 3610; x_wconf 80' lang='grc' dir='ltr'><strong>τῆς</strong></span> <span class='ocrx_word' id='word_1_255' title='bbox 1809 3538 1976 3593; x_wconf 81' lang='grc' dir='ltr'><strong>αὐτοῦ</strong></span> 
     </span>
    </p>
   </div>
   <div class='ocr_carea' id='block_1_40' title="bbox 397 3629 1980 3704">
    <p class='ocr_par' dir='ltr' id='par_1_40' title="bbox 397 3629 1980 3704">
     <span class='ocr_line' id='line_1_40' title="bbox 397 3629 1980 3704; baseline -0.001 -18"><span class='ocrx_word' id='word_1_256' title='bbox 397 3630 721 3702; x_wconf 79' lang='grc' dir='ltr'><strong>συμπαθοῦς</strong></span> <span class='ocrx_word' id='word_1_257' title='bbox 763 3631 860 3685; x_wconf 74' lang='grc' dir='ltr'><strong>καὶ</strong></span> <span class='ocrx_word' id='word_1_258' title='bbox 887 3630 1182 3701; x_wconf 82' lang='grc' dir='ltr'><strong>ὲλεήμονος</strong></span> <span class='ocrx_word' id='word_1_259' title='bbox 1225 3631 1439 3700; x_wconf 83' lang='grc' dir='ltr'><strong>φύσεως</strong></span> <span class='ocrx_word' id='word_1_260' title='bbox 1486 3629 1747 3701; x_wconf 87' lang='grc' dir='ltr'><strong>πρόνοιαν</strong></span> <span class='ocrx_word' id='word_1_261' title='bbox 1786 3631 1980 3704; x_wconf 75' lang='grc' dir='ltr'><strong>ἐποιή-</strong></span> 
     </span>
    </p>
   </div>
   <div class='ocr_carea' id='block_1_41' title="bbox 395 3722 1978 3797">
    <p class='ocr_par' dir='ltr' id='par_1_41' title="bbox 395 3722 1978 3797">
     <span class='ocr_line' id='line_1_41' title="bbox 395 3722 1978 3797; baseline 0.001 -19"><span class='ocrx_word' id='word_1_262' title='bbox 395 3742 547 3790; x_wconf 77' lang='grc' dir='ltr'><strong>σατο,</strong></span> <span class='ocrx_word' id='word_1_263' title='bbox 586 3725 810 3787; x_wconf 83' lang='grc' dir='ltr'><strong>πολλαῖς</strong></span> <span class='ocrx_word' id='word_1_264' title='bbox 840 3724 1233 3795; x_wconf 81' lang='grc' dir='ltr'><strong>ὲλεημοσὺναις</strong></span> <span class='ocrx_word' id='word_1_265' title='bbox 1263 3723 1365 3793; x_wconf 74' lang='grc' dir='ltr'><strong>τὴν</strong></span> <span class='ocrx_word' id='word_1_266' title='bbox 1394 3725 1458 3777; x_wconf 84' lang='grc' dir='ltr'><strong>ὲκ</strong></span> <span class='ocrx_word' id='word_1_267' title='bbox 1489 3724 1582 3777; x_wconf 85' lang='grc' dir='ltr'><strong>τοῦ</strong></span> <span class='ocrx_word' id='word_1_268' title='bbox 1607 3722 1770 3792; x_wconf 76' lang='grc' dir='ltr'><strong>λἰμοῦ</strong></span> <span class='ocrx_word' id='word_1_269' title='bbox 1796 3742 1978 3797; x_wconf 82' lang='grc' dir='ltr'><strong>παρα·</strong></span> 
     </span>
    </p>
   </div>
   <div class='ocr_carea' id='block_1_42' title="bbox 392 3813 1978 3890">
    <p class='ocr_par' dir='ltr' id='par_1_42' title="bbox 392 3813 1978 3890">
     <span class='ocr_line' id='line_1_42' title="bbox 392 3813 1978 3890; baseline -0.001 -19"><span class='ocrx_word' id='word_1_270' title='bbox 392 3817 780 3890; x_wconf 82' lang='grc' dir='ltr'><strong>μυθησάμενός</strong></span> <span class='ocrx_word' id='word_1_271' title='bbox 808 3814 1049 3869; x_wconf 76' lang='grc' dir='ltr'><strong>ἔνδειανο</strong></span> <span class='ocrx_word' id='word_1_272' title='bbox 1083 3813 1360 3886; x_wconf 74' lang='grc' dir='ltr'><strong>ἀνέφραξὲ</strong></span> <span class='ocrx_word' id='word_1_273' title='bbox 1390 3831 1451 3868; x_wconf 82' lang='grc' dir='ltr'><strong>τε</strong></span> <span class='ocrx_word' id='word_1_274' title='bbox 1493 3813 1677 3886; x_wconf 86' lang='grc' dir='ltr'><strong>θυρίσι</strong></span> <span class='ocrx_word' id='word_1_275' title='bbox 1703 3814 1798 3868; x_wconf 70' lang='grc' dir='ltr'><strong>καὶ</strong></span> <span class='ocrx_word' id='word_1_276' title='bbox 1829 3832 1978 3870; x_wconf 83' lang='grc' dir='ltr'><strong>σανι-</strong></span> 
     </span>
    </p>
   </div>
   <div class='ocr_carea' id='block_1_43' title="bbox 386 3905 1978 3979">
    <p class='ocr_par' dir='ltr' id='par_1_43' title="bbox 386 3905 1978 3979">
     <span class='ocr_line' id='line_1_43' title="bbox 386 3905 1978 3979; baseline -0.001 -16"><span class='ocrx_word' id='word_1_277' title='bbox 386 3907 601 3978; x_wconf 76' lang='grc' dir='ltr'><strong>δὼμασι</strong></span> <span class='ocrx_word' id='word_1_278' title='bbox 634 3907 736 3972; x_wconf 77' lang='grc' dir='ltr'><strong>τάς</strong></span> <span class='ocrx_word' id='word_1_279' title='bbox 780 3907 892 3961; x_wconf 84' lang='grc' dir='ltr'><strong>τῶν</strong></span> <span class='ocrx_word' id='word_1_280' title='bbox 938 3906 1187 3975; x_wconf 70' lang='grc' dir='ltr'><strong>ἐμϐόλων</strong></span> <span class='ocrx_word' id='word_1_281' title='bbox 1216 3907 1400 3970; x_wconf 84' lang='grc' dir='ltr'><strong>στοὰς,</strong></span> <span class='ocrx_word' id='word_1_282' title='bbox 1451 3907 1529 3969; x_wconf 85' lang='grc' dir='ltr'><strong>ὡς</strong></span> <span class='ocrx_word' id='word_1_283' title='bbox 1565 3905 1640 3978; x_wconf 81' lang='grc' dir='ltr'><strong>μὴ</strong></span> <span class='ocrx_word' id='word_1_284' title='bbox 1675 3906 1778 3978; x_wconf 82' lang='grc' dir='ltr'><strong>τὴν</strong></span> <span class='ocrx_word' id='word_1_285' title='bbox 1823 3909 1978 3979; x_wconf 87' lang='grc' dir='ltr'><strong>χιόνα</strong></span> 
     </span>
    </p>
   </div>
   <div class='ocr_carea' id='block_1_44' title="bbox 394 3995 1976 4071">
    <p class='ocr_par' dir='ltr' id='par_1_44' title="bbox 394 3995 1976 4071">
     <span class='ocr_line' id='line_1_44' title="bbox 394 3995 1976 4071; baseline -0.001 -16"><span class='ocrx_word' id='word_1_286' title='bbox 394 4002 490 4055; x_wconf 66' lang='grc' dir='ltr'><strong>καὶ</strong></span> <span class='ocrx_word' id='word_1_287' title='bbox 533 4001 595 4055; x_wconf 80' lang='grc' dir='ltr'><strong>τδ</strong></span> <span class='ocrx_word' id='word_1_288' title='bbox 622 3996 796 4071; x_wconf 75' lang='grc' dir='ltr'><strong>ψῦχος</strong></span> <span class='ocrx_word' id='word_1_289' title='bbox 833 4000 1047 4053; x_wconf 77' lang='grc' dir='ltr'><strong>ἐκεῖθεν</strong></span> <span class='ocrx_word' id='word_1_290' title='bbox 1085 3998 1391 4052; x_wconf 78' lang='grc' dir='ltr'><strong>ἐπεισιέναι</strong></span> <span class='ocrx_word' id='word_1_291' title='bbox 1424 3999 1535 4060; x_wconf 71' lang='grc' dir='ltr'><strong>τοῖς</strong></span> <span class='ocrx_word' id='word_1_292' title='bbox 1585 3997 1802 4069; x_wconf 75' lang='grc' dir='ltr'><strong>πένησι.</strong></span> <span class='ocrx_word' id='word_1_293' title='bbox 1840 3995 1976 4053; x_wconf 87' lang='grc' dir='ltr'><strong>Τότε</strong></span> 
     </span>
    </p>
   </div>
   <div class='ocr_carea' id='block_1_45' title="bbox 393 4089 1977 4162">
    <p class='ocr_par' dir='ltr' id='par_1_45' title="bbox 393 4089 1977 4162">
     <span class='ocr_line' id='line_1_45' title="bbox 393 4089 1977 4162; baseline -0.003 -16"><span class='ocrx_word' id='word_1_294' title='bbox 393 4091 492 4146; x_wconf 80' lang='grc' dir='ltr'><strong>καὶ</strong></span> <span class='ocrx_word' id='word_1_295' title='bbox 517 4092 616 4156; x_wconf 83' lang='grc' dir='ltr'><strong>τὰς</strong></span> <span class='ocrx_word' id='word_1_296' title='bbox 643 4091 946 4162; x_wconf 74' lang='grc' dir='ltr'><strong>λεγομένας</strong></span> <span class='ocrx_word' id='word_1_297' title='bbox 977 4090 1186 4162; x_wconf 81' lang='grc' dir='ltr'><strong>άρκλας</strong></span> <span class='ocrx_word' id='word_1_298' title='bbox 1214 4091 1272 4142; x_wconf 83' lang='grc' dir='ltr'><strong>ὲν</strong></span> <span class='ocrx_word' id='word_1_299' title='bbox 1303 4090 1438 4143; x_wconf 75' lang='grc' dir='ltr'><strong>πᾶσι</strong></span> <span class='ocrx_word' id='word_1_300' title='bbox 1468 4089 1841 4143; x_wconf 79' lang='grc' dir='ltr'><strong>κατεσκεύασε</strong></span> <span class='ocrx_word' id='word_1_301' title='bbox 1862 4091 1977 4153; x_wconf 77' lang='grc' dir='ltr'><strong>τοῖς</strong></span> 
     </span>
    </p>
   </div>
   <div class='ocr_carea' id='block_1_46' title="bbox 393 4177 1976 4258">
    <p class='ocr_par' dir='ltr' id='par_1_46' title="bbox 393 4177 1976 4258">
     <span class='ocr_line' id='line_1_46' title="bbox 393 4177 1976 4258; baseline -0.002 -20"><span class='ocrx_word' id='word_1_302' title='bbox 393 4186 667 4257; x_wconf 73' lang='grc' dir='ltr'><strong>ἐμϐόλοις.</strong></span> <span class='ocrx_word' id='word_1_303' title='bbox 720 4183 964 4258; x_wconf 76' lang='grc' dir='ltr'><strong>ἄργυρόν</strong></span> <span class='ocrx_word' id='word_1_304' title='bbox 1019 4201 1079 4238; x_wconf 86' lang='grc' dir='ltr'><strong>τε</strong></span> <span class='ocrx_word' id='word_1_305' title='bbox 1127 4183 1270 4238; x_wconf 78' lang='grc' dir='ltr'><strong>κατὰ</strong></span> <span class='ocrx_word' id='word_1_306' title='bbox 1307 4182 1454 4254; x_wconf 82' lang='grc' dir='ltr'><strong>μῆνα</strong></span> <span class='ocrx_word' id='word_1_307' title='bbox 1501 4177 1612 4246; x_wconf 78' lang='grc' dir='ltr'><strong>τοίς</strong></span> <span class='ocrx_word' id='word_1_308' title='bbox 1646 4183 1705 4236; x_wconf 77' lang='grc' dir='ltr'><strong>ὲν</strong></span> <span class='ocrx_word' id='word_1_309' title='bbox 1749 4181 1976 4247; x_wconf 84' lang='grc' dir='ltr'><strong>ταύταις</strong></span> 
     </span>
    </p>
   </div>
   <div class='ocr_carea' id='block_1_47' title="bbox 393 4272 1978 4350">
    <p class='ocr_par' dir='ltr' id='par_1_47' title="bbox 393 4272 1978 4350">
     <span class='ocr_line' id='line_1_47' title="bbox 393 4272 1978 4350; baseline -0.004 -16"><span class='ocrx_word' id='word_1_310' title='bbox 393 4275 822 4350; x_wconf 78' lang='grc' dir='ltr'><strong>κατακειμένοις</strong></span> <span class='ocrx_word' id='word_1_311' title='bbox 875 4273 1072 4348; x_wconf 65' lang='grc' dir='ltr'><strong>πένησι</strong></span> <span class='ocrx_word' id='word_1_312' title='bbox 1109 4275 1350 4330; x_wconf 81' lang='grc' dir='ltr'><strong>δίδοσθαι</strong></span> <span class='ocrx_word' id='word_1_313' title='bbox 1400 4272 1703 4341; x_wconf 76' lang='grc' dir='ltr'><strong>διετάξατο,</strong></span> <span class='ocrx_word' id='word_1_314' title='bbox 1740 4277 1833 4328; x_wconf 71' lang='grc' dir='ltr'><strong>καὶ</strong></span> <span class='ocrx_word' id='word_1_315' title='bbox 1907 4274 1978 4328; x_wconf 74' lang='grc' dir='ltr'><strong>τὰ</strong></span> 
     </span>
    </p>
   </div>
   <div class='ocr_carea' id='block_1_48' title="bbox 2097 379 3681 458">
    <p class='ocr_par' dir='ltr' id='par_1_48' title="bbox 2097 379 3681 458">
     <span class='ocr_line' id='line_1_48' title="bbox 2097 379 3681 458; baseline 0.003 -22"><span class='ocrx_word' id='word_1_316' title='bbox 2097 379 2160 436; x_wconf 88' lang='lat' dir='ltr'><strong>Hi</strong></span> <span class='ocrx_word' id='word_1_317' title='bbox 2188 383 2390 439; x_wconf 87' lang='lat' dir='ltr'><strong>multas</strong></span> <span class='ocrx_word' id='word_1_318' title='bbox 2412 385 2659 455; x_wconf 87' lang='lat' dir='ltr'><strong>quotidie</strong></span> <span class='ocrx_word' id='word_1_319' title='bbox 2686 396 2910 456; x_wconf 82' lang='lat' dir='ltr'><strong>agentes</strong></span> <span class='ocrx_word' id='word_1_320' title='bbox 2944 387 3179 458; x_wconf 71' lang='lat' dir='ltr'><strong>przedas,</strong></span> <span class='ocrx_word' id='word_1_321' title='bbox 3210 387 3560 458; x_wconf 82' lang='lat' dir='ltr'><strong>assiduisque</strong></span> <span class='ocrx_word' id='word_1_322' title='bbox 3585 402 3681 441; x_wconf 78' lang='lat' dir='ltr'><strong>ex-</strong></span> 
     </span>
    </p>
   </div>
   <div class='ocr_carea' id='block_1_49' title="bbox 2095 475 3681 551">
    <p class='ocr_par' dir='ltr' id='par_1_49' title="bbox 2095 475 3681 551">
     <span class='ocr_line' id='line_1_49' title="bbox 2095 475 3681 551; baseline 0.003 -22"><span class='ocrx_word' id='word_1_323' title='bbox 2095 475 2451 532; x_wconf 86' lang='lat' dir='ltr'><strong>cursionibus</strong></span> <span class='ocrx_word' id='word_1_324' title='bbox 2505 486 2675 533; x_wconf 89' lang='lat' dir='ltr'><strong>totam</strong></span> <span class='ocrx_word' id='word_1_325' title='bbox 2731 478 2840 535; x_wconf 90' lang='lat' dir='ltr'><strong>late</strong></span> <span class='ocrx_word' id='word_1_326' title='bbox 2893 480 3174 551; x_wconf 83' lang='lat' dir='ltr'><strong>regionem</strong></span> <span class='ocrx_word' id='word_1_327' title='bbox 3227 480 3559 551; x_wconf 87' lang='lat' dir='ltr'><strong>populantes</strong></span> <span class='ocrx_word' id='word_1_328' title='bbox 3617 494 3681 534; x_wconf 84' lang='lat' dir='ltr'><strong>ac</strong></span> 
     </span>
    </p>
   </div>
   <div class='ocr_carea' id='block_1_50' title="bbox 2092 563 3676 638">
    <p class='ocr_par' dir='ltr' id='par_1_50' title="bbox 2092 563 3676 638">
     <span class='ocr_line' id='line_1_50' title="bbox 2092 563 3676 638; baseline 0.002 -18"><span class='ocrx_word' id='word_1_329' title='bbox 2092 563 2262 637; x_wconf 66' lang='lat'><strong>908</strong></span> <span class='ocrx_word' id='word_1_330' title='bbox 2288 566 2536 638; x_wconf 85' lang='lat' dir='ltr'><strong>captivos</strong></span> <span class='ocrx_word' id='word_1_331' title='bbox 2575 567 2863 632; x_wconf 86' lang='lat' dir='ltr'><strong>ducentes,</strong></span> <span class='ocrx_word' id='word_1_332' title='bbox 2897 569 2953 624; x_wconf 91' lang='lat' dir='ltr'><strong>in</strong></span> <span class='ocrx_word' id='word_1_333' title='bbox 2983 576 3164 625; x_wconf 84' lang='lat' dir='ltr'><strong>tantas</strong></span> <span class='ocrx_word' id='word_1_334' title='bbox 3197 569 3507 625; x_wconf 79' lang='lat' dir='ltr'><strong>Melitenem</strong></span> <span class='ocrx_word' id='word_1_335' title='bbox 3543 567 3676 624; x_wconf 88' lang='lat' dir='ltr'><strong>adc-</strong></span> 
     </span>
    </p>
   </div>
   <div class='ocr_carea' id='block_1_51' title="bbox 2092 662 3678 734">
    <p class='ocr_par' dir='ltr' id='par_1_51' title="bbox 2092 662 3678 734">
     <span class='ocr_line' id='line_1_51' title="bbox 2092 662 3678 734; baseline 0.001 -20"><span class='ocrx_word' id='word_1_336' title='bbox 2092 668 2296 730; x_wconf 78' lang='lat' dir='ltr'><strong>geruut</strong></span> <span class='ocrx_word' id='word_1_337' title='bbox 2353 662 2634 733; x_wconf 79' lang='lat' dir='ltr'><strong>angustias</strong></span> <span class='ocrx_word' id='word_1_338' title='bbox 2695 671 2755 718; x_wconf 89' lang='lat' dir='ltr'><strong>ut</strong></span> <span class='ocrx_word' id='word_1_339' title='bbox 2806 663 3138 719; x_wconf 85' lang='lat' dir='ltr'><strong>brevissimo</strong></span> <span class='ocrx_word' id='word_1_340' title='bbox 3205 673 3453 734; x_wconf 88' lang='lat' dir='ltr'><strong>tempore</strong></span> <span class='ocrx_word' id='word_1_341' title='bbox 3505 664 3678 734; x_wconf 82' lang='lat' dir='ltr'><strong>ipsam</strong></span> 
     </span>
    </p>
   </div>
   <div class='ocr_carea' id='block_1_52' title="bbox 2093 758 3677 831">
    <p class='ocr_par' dir='ltr' id='par_1_52' title="bbox 2093 758 3677 831">
     <span class='ocr_line' id='line_1_52' title="bbox 2093 758 3677 831; baseline 0.004 -23"><span class='ocrx_word' id='word_1_342' title='bbox 2093 758 2533 826; x_wconf 83' lang='lat' dir='ltr'><strong>expugnaverint</strong></span> <span class='ocrx_word' id='word_1_343' title='bbox 2559 774 2625 816; x_wconf 84' lang='lat' dir='ltr'><strong>ac</strong></span> <span class='ocrx_word' id='word_1_344' title='bbox 2665 759 2784 814; x_wconf 89' lang='lat' dir='ltr'><strong>solo</strong></span> <span class='ocrx_word' id='word_1_345' title='bbox 2819 767 2982 816; x_wconf 87' lang='lat' dir='ltr'><strong>tenus</strong></span> <span class='ocrx_word' id='word_1_346' title='bbox 3008 761 3374 831; x_wconf 77' lang='lat' dir='ltr'><strong>aequaverint.</strong></span> <span class='ocrx_word' id='word_1_347' title='bbox 3403 762 3517 817; x_wconf 87' lang='lat' dir='ltr'><strong>Nec</strong></span> <span class='ocrx_word' id='word_1_348' title='bbox 3557 775 3677 816; x_wconf 83' lang='lat' dir='ltr'><strong>eam</strong></span> 
     </span>
    </p>
   </div>
   <div class='ocr_carea' id='block_1_53' title="bbox 2095 847 3682 926">
    <p class='ocr_par' dir='ltr' id='par_1_53' title="bbox 2095 847 3682 926">
     <span class='ocr_line' id='line_1_53' title="bbox 2095 847 3682 926; baseline 0.005 -26"><span class='ocrx_word' id='word_1_349' title='bbox 2095 847 2282 913; x_wconf 81' lang='lat' dir='ltr'><strong>modo,</strong></span> <span class='ocrx_word' id='word_1_350' title='bbox 2304 850 2401 905; x_wconf 89' lang='lat' dir='ltr'><strong>sed</strong></span> <span class='ocrx_word' id='word_1_351' title='bbox 2431 859 2488 906; x_wconf 91' lang='lat' dir='ltr'><strong>et</strong></span> <span class='ocrx_word' id='word_1_352' title='bbox 2521 851 2948 909; x_wconf 87' lang='lat' dir='ltr'><strong>circumvieinas</strong></span> <span class='ocrx_word' id='word_1_353' title='bbox 2978 855 3146 910; x_wconf 86' lang='lat' dir='ltr'><strong>urbes</strong></span> <span class='ocrx_word' id='word_1_354' title='bbox 3173 863 3342 926; x_wconf 86' lang='lat' dir='ltr'><strong>atque</strong></span> <span class='ocrx_word' id='word_1_355' title='bbox 3376 853 3581 925; x_wconf 80' lang='lat' dir='ltr'><strong>Oppida</strong></span> <span class='ocrx_word' id='word_1_356' title='bbox 3622 862 3682 910; x_wconf 90' lang='lat' dir='ltr'><strong>et</strong></span> 
     </span>
    </p>
   </div>
   <div class='ocr_carea' id='block_1_54' title="bbox 2096 940 3683 1018">
    <p class='ocr_par' dir='ltr' id='par_1_54' title="bbox 2096 940 3683 1018">
     <span class='ocr_line' id='line_1_54' title="bbox 2096 940 3683 1018; baseline 0.004 -22"><span class='ocrx_word' id='word_1_357' title='bbox 2096 940 2351 1013; x_wconf 78' lang='lat' dir='ltr'><strong>regiones</strong></span> <span class='ocrx_word' id='word_1_358' title='bbox 2397 942 2770 1002; x_wconf 82' lang='lat' dir='ltr'><strong>feracissimas</strong></span> <span class='ocrx_word' id='word_1_359' title='bbox 2815 947 3161 1018; x_wconf 87' lang='lat' dir='ltr'><strong>opimasque,</strong></span> <span class='ocrx_word' id='word_1_360' title='bbox 3213 963 3277 1004; x_wconf 90' lang='lat' dir='ltr'><strong>ac</strong></span> <span class='ocrx_word' id='word_1_361' title='bbox 3310 964 3432 1018; x_wconf 76' lang='lat' dir='ltr'><strong>qua:</strong></span> <span class='ocrx_word' id='word_1_362' title='bbox 3479 946 3683 1003; x_wconf 82' lang='lat' dir='ltr'><strong>multos</strong></span> 
     </span>
    </p>
   </div>
   <div class='ocr_carea' id='block_1_55' title="bbox 2096 1031 3684 1110">
    <p class='ocr_par' dir='ltr' id='par_1_55' title="bbox 2096 1031 3684 1110">
     <span class='ocr_line' id='line_1_55' title="bbox 2096 1031 3684 1110; baseline 0.006 -23"><span class='ocrx_word' id='word_1_363' title='bbox 2096 1043 2402 1103; x_wconf 81' lang='lat' dir='ltr'><strong>proventus</strong></span> <span class='ocrx_word' id='word_1_364' title='bbox 2427 1037 2748 1093; x_wconf 79' lang='lat' dir='ltr'><strong>exhibeant.</strong></span> <span class='ocrx_word' id='word_1_365' title='bbox 2782 1031 2936 1093; x_wconf 76' lang='lat' dir='ltr'><strong>lianc</strong></span> <span class='ocrx_word' id='word_1_366' title='bbox 2975 1039 3144 1110; x_wconf 81' lang='lat' dir='ltr'><strong>igitur</strong></span> <span class='ocrx_word' id='word_1_367' title='bbox 3171 1039 3483 1096; x_wconf 79' lang='lat' dir='ltr'><strong>Melitenem</strong></span> <span class='ocrx_word' id='word_1_368' title='bbox 3514 1039 3684 1110; x_wconf 88' lang='lat' dir='ltr'><strong>impe-</strong></span> 
     </span>
    </p>
   </div>
   <div class='ocr_carea' id='block_1_56' title="bbox 2097 1128 3684 1204">
    <p class='ocr_par' dir='ltr' id='par_1_56' title="bbox 2097 1128 3684 1204">
     <span class='ocr_line' id='line_1_56' title="bbox 2097 1128 3684 1204; baseline 0.004 -23"><span class='ocrx_word' id='word_1_369' title='bbox 2097 1136 2246 1182; x_wconf 83' lang='lat' dir='ltr'><strong>rator</strong></span> <span class='ocrx_word' id='word_1_370' title='bbox 2295 1128 2347 1182; x_wconf 90' lang='lat' dir='ltr'><strong>in</strong></span> <span class='ocrx_word' id='word_1_371' title='bbox 2387 1130 2726 1186; x_wconf 85' lang='lat' dir='ltr'><strong>curatoriam</strong></span> <span class='ocrx_word' id='word_1_372' title='bbox 2770 1130 3028 1204; x_wconf 82' lang='lat' dir='ltr'><strong>redigens</strong></span> <span class='ocrx_word' id='word_1_373' title='bbox 3067 1131 3182 1203; x_wconf 85' lang='lat' dir='ltr'><strong>(alii</strong></span> <span class='ocrx_word' id='word_1_374' title='bbox 3226 1132 3564 1203; x_wconf 83' lang='lat' dir='ltr'><strong>provinciam</strong></span> <span class='ocrx_word' id='word_1_375' title='bbox 3599 1133 3684 1188; x_wconf 87' lang='lat' dir='ltr'><strong>di-</strong></span> 
     </span>
    </p>
   </div>
   <div class='ocr_carea' id='block_1_57' title="bbox 2096 1221 3394 1296">
    <p class='ocr_par' dir='ltr' id='par_1_57' title="bbox 2096 1221 3394 1296">
     <span class='ocr_line' id='line_1_57' title="bbox 2096 1221 3394 1296; baseline 0.004 -19"><span class='ocrx_word' id='word_1_376' title='bbox 2096 1221 2272 1292; x_wconf 87' lang='lat' dir='ltr'><strong>cant).</strong></span> <span class='ocrx_word' id='word_1_377' title='bbox 2310 1223 2482 1277; x_wconf 83' lang='lat' dir='ltr'><strong>multa</strong></span> <span class='ocrx_word' id='word_1_378' title='bbox 2507 1224 2654 1279; x_wconf 84' lang='lat' dir='ltr'><strong>eruit</strong></span> <span class='ocrx_word' id='word_1_379' title='bbox 2690 1225 2811 1279; x_wconf 84' lang='lat' dir='ltr'><strong>auri</strong></span> <span class='ocrx_word' id='word_1_380' title='bbox 2838 1225 3168 1296; x_wconf 81' lang='lat' dir='ltr'><strong>argentique</strong></span> <span class='ocrx_word' id='word_1_381' title='bbox 3203 1225 3394 1282; x_wconf 85' lang='lat' dir='ltr'><strong>millia.</strong></span> 
     </span>
    </p>
   </div>
   <div class='ocr_carea' id='block_1_58' title="bbox 2165 1487 3685 1559">
    <p class='ocr_par' dir='ltr' id='par_1_58' title="bbox 2165 1487 3685 1559">
     <span class='ocr_line' id='line_1_58' title="bbox 2165 1487 3685 1559; baseline -0.001 -16"><span class='ocrx_word' id='word_1_382' title='bbox 2165 1488 2260 1544; x_wconf 76' lang='lat'><strong>56.</strong></span> <span class='ocrx_word' id='word_1_383' title='bbox 2305 1489 2532 1545; x_wconf 80' lang='lat' dir='ltr'><strong>Delatus</strong></span> <span class='ocrx_word' id='word_1_384' title='bbox 2565 1499 2700 1544; x_wconf 86' lang='lat' dir='ltr'><strong>vero</strong></span> <span class='ocrx_word' id='word_1_385' title='bbox 2733 1487 2984 1544; x_wconf 83' lang='lat' dir='ltr'><strong>criminis</strong></span> <span class='ocrx_word' id='word_1_386' title='bbox 3021 1497 3106 1545; x_wconf 85' lang='lat' dir='ltr'><strong>est</strong></span> <span class='ocrx_word' id='word_1_387' title='bbox 3150 1488 3371 1544; x_wconf 78' lang='lat' dir='ltr'><strong>Nicctas</strong></span> <span class='ocrx_word' id='word_1_388' title='bbox 3420 1487 3685 1559; x_wconf 84' lang='lat' dir='ltr'><strong>magister</strong></span> 
     </span>
    </p>
   </div>
   <div class='ocr_carea' id='block_1_59' title="bbox 2097 1580 3684 1654">
    <p class='ocr_par' dir='ltr' id='par_1_59' title="bbox 2097 1580 3684 1654">
     <span class='ocr_line' id='line_1_59' title="bbox 2097 1580 3684 1654; baseline -0.001 -16"><span class='ocrx_word' id='word_1_389' title='bbox 2097 1599 2162 1639; x_wconf 89' lang='lat' dir='ltr'><strong>ac</strong></span> <span class='ocrx_word' id='word_1_390' title='bbox 2190 1582 2578 1653; x_wconf 75' lang='lat' dir='ltr'><strong>Christophori</strong></span> <span class='ocrx_word' id='word_1_391' title='bbox 2602 1583 2958 1654; x_wconf 81' lang='lat' dir='ltr'><strong>imperatoris</strong></span> <span class='ocrx_word' id='word_1_392' title='bbox 2975 1599 3156 1649; x_wconf 89' lang='lat' dir='ltr'><strong>socer,</strong></span> <span class='ocrx_word' id='word_1_393' title='bbox 3177 1592 3237 1637; x_wconf 87' lang='lat' dir='ltr'><strong>ut</strong></span> <span class='ocrx_word' id='word_1_394' title='bbox 3257 1583 3349 1653; x_wconf 85' lang='lat' dir='ltr'><strong>qui</strong></span> <span class='ocrx_word' id='word_1_395' title='bbox 3375 1580 3684 1637; x_wconf 78' lang='lat' dir='ltr'><strong>rebellandi</strong></span> 
     </span>
    </p>
   </div>
   <div class='ocr_carea' id='block_1_60' title="bbox 2097 1676 3684 1749">
    <p class='ocr_par' dir='ltr' id='par_1_60' title="bbox 2097 1676 3684 1749">
     <span class='ocr_line' id='line_1_60' title="bbox 2097 1676 3684 1749; baseline 0 -17"><span class='ocrx_word' id='word_1_396' title='bbox 2097 1677 2365 1733; x_wconf 84' lang='lat' dir='ltr'><strong>adversus</strong></span> <span class='ocrx_word' id='word_1_397' title='bbox 2416 1686 2629 1748; x_wconf 83' lang='lat' dir='ltr'><strong>patrem</strong></span> <span class='ocrx_word' id='word_1_398' title='bbox 2664 1690 2903 1749; x_wconf 87' lang='lat' dir='ltr'><strong>eumque</strong></span> <span class='ocrx_word' id='word_1_399' title='bbox 2939 1678 3081 1733; x_wconf 88' lang='lat' dir='ltr'><strong>solio</strong></span> <span class='ocrx_word' id='word_1_400' title='bbox 3127 1676 3459 1733; x_wconf 90' lang='lat' dir='ltr'><strong>deturbandi</strong></span> <span class='ocrx_word' id='word_1_401' title='bbox 3489 1686 3684 1734; x_wconf 76' lang='lat' dir='ltr'><strong>auctor</strong></span> 
     </span>
    </p>
   </div>
   <div class='ocr_carea' id='block_1_61' title="bbox 2098 1768 3682 1840">
    <p class='ocr_par' dir='ltr' id='par_1_61' title="bbox 2098 1768 3682 1840">
     <span class='ocr_line' id='line_1_61' title="bbox 2098 1768 3682 1840; baseline 0.001 -16"><span class='ocrx_word' id='word_1_402' title='bbox 2098 1771 2190 1825; x_wconf 88' lang='lat' dir='ltr'><strong>ille</strong></span> <span class='ocrx_word' id='word_1_403' title='bbox 2219 1769 2438 1825; x_wconf 82' lang='lat' dir='ltr'><strong>fuisset.</strong></span> <span class='ocrx_word' id='word_1_404' title='bbox 2475 1768 2745 1835; x_wconf 82' lang='lat' dir='ltr'><strong>Quocirca</strong></span> <span class='ocrx_word' id='word_1_405' title='bbox 2781 1769 2921 1825; x_wconf 90' lang='lat' dir='ltr'><strong>urbe</strong></span> <span class='ocrx_word' id='word_1_406' title='bbox 2953 1770 3192 1840; x_wconf 80' lang='lat' dir='ltr'><strong>ejectum</strong></span> <span class='ocrx_word' id='word_1_407' title='bbox 3222 1769 3554 1824; x_wconf 89' lang='lat' dir='ltr'><strong>monachum</strong></span> <span class='ocrx_word' id='word_1_408' title='bbox 3581 1768 3682 1826; x_wconf 86' lang='lat' dir='ltr'><strong>de-</strong></span> 
     </span>
    </p>
   </div>
   <div class='ocr_carea' id='block_1_62' title="bbox 2096 1857 3577 1926">
    <p class='ocr_par' dir='ltr' id='par_1_62' title="bbox 2096 1857 3577 1926">
     <span class='ocr_line' id='line_1_62' title="bbox 2096 1857 3577 1926; baseline 0.001 -10"><span class='ocrx_word' id='word_1_409' title='bbox 2096 1861 2422 1926; x_wconf 90' lang='lat' dir='ltr'><strong>tonderunt,</strong></span> <span class='ocrx_word' id='word_1_410' title='bbox 2447 1861 2628 1918; x_wconf 79' lang='lat' dir='ltr'><strong>exsilii</strong></span> <span class='ocrx_word' id='word_1_411' title='bbox 2650 1861 2709 1917; x_wconf 88' lang='lat' dir='ltr'><strong>in</strong></span> <span class='ocrx_word' id='word_1_412' title='bbox 2738 1857 3066 1919; x_wconf 89' lang='lat' dir='ltr'><strong>suburbano</strong></span> <span class='ocrx_word' id='word_1_413' title='bbox 3097 1877 3200 1920; x_wconf 88' lang='lat' dir='ltr'><strong>suo</strong></span> <span class='ocrx_word' id='word_1_414' title='bbox 3231 1862 3577 1919; x_wconf 86' lang='lat' dir='ltr'><strong>damnatum.</strong></span> 
     </span>
    </p>
   </div>
   <div class='ocr_carea' id='block_1_63' title="bbox 2169 2043 3684 2112">
    <p class='ocr_par' dir='ltr' id='par_1_63' title="bbox 2169 2043 3684 2112">
     <span class='ocr_line' id='line_1_63' title="bbox 2169 2043 3684 2112; baseline 0.003 -12"><span class='ocrx_word' id='word_1_415' title='bbox 2169 2045 2258 2100; x_wconf 79' lang='lat'><strong>37.</strong></span> <span class='ocrx_word' id='word_1_416' title='bbox 2301 2043 2505 2100; x_wconf 78' lang='lat' dir='ltr'><strong>Mensis</strong></span> <span class='ocrx_word' id='word_1_417' title='bbox 2535 2043 2666 2101; x_wconf 81' lang='lat' dir='ltr'><strong>Julii</strong></span> <span class='ocrx_word' id='word_1_418' title='bbox 2707 2043 2801 2100; x_wconf 90' lang='lat' dir='ltr'><strong>die</strong></span> <span class='ocrx_word' id='word_1_419' title='bbox 2854 2043 3068 2100; x_wconf 86' lang='lat' dir='ltr'><strong>decima</strong></span> <span class='ocrx_word' id='word_1_420' title='bbox 3112 2055 3331 2112; x_wconf 85' lang='lat' dir='ltr'><strong>octava,</strong></span> <span class='ocrx_word' id='word_1_421' title='bbox 3379 2044 3684 2104; x_wconf 87' lang='lat' dir='ltr'><strong>indictione</strong></span> 
     </span>
    </p>
   </div>
   <div class='ocr_carea' id='block_1_64' title="bbox 2097 2136 3684 2210">
    <p class='ocr_par' dir='ltr' id='par_1_64' title="bbox 2097 2136 3684 2210">
     <span class='ocr_line' id='line_1_64' title="bbox 2097 2136 3684 2210; baseline 0.003 -19"><span class='ocrx_word' id='word_1_422' title='bbox 2097 2145 2275 2204; x_wconf 81' lang='lat' dir='ltr'><strong>sexta,</strong></span> <span class='ocrx_word' id='word_1_423' title='bbox 2301 2137 2538 2192; x_wconf 84' lang='lat' dir='ltr'><strong>moritur</strong></span> <span class='ocrx_word' id='word_1_424' title='bbox 2582 2136 2901 2208; x_wconf 85' lang='lat' dir='ltr'><strong>Stephanus</strong></span> <span class='ocrx_word' id='word_1_425' title='bbox 2934 2139 3273 2210; x_wconf 82' lang='lat' dir='ltr'><strong>patriarcha,</strong></span> <span class='ocrx_word' id='word_1_426' title='bbox 3301 2154 3430 2195; x_wconf 83' lang='lat' dir='ltr'><strong>cum</strong></span> <span class='ocrx_word' id='word_1_427' title='bbox 3470 2141 3522 2197; x_wconf 91' lang='lat' dir='ltr'><strong>ei</strong></span> <span class='ocrx_word' id='word_1_428' title='bbox 3559 2156 3684 2196; x_wconf 85' lang='lat' dir='ltr'><strong>mu-</strong></span> 
     </span>
    </p>
   </div>
   <div class='ocr_carea' id='block_1_65' title="bbox 2097 2229 3684 2300">
    <p class='ocr_par' dir='ltr' id='par_1_65' title="bbox 2097 2229 3684 2300">
     <span class='ocr_line' id='line_1_65' title="bbox 2097 2229 3684 2300; baseline 0.004 -16"><span class='ocrx_word' id='word_1_429' title='bbox 2097 2232 2216 2285; x_wconf 82' lang='lat' dir='ltr'><strong>neri</strong></span> <span class='ocrx_word' id='word_1_430' title='bbox 2248 2230 2558 2300; x_wconf 53' lang='lat' dir='ltr'><strong>praefuisset</strong></span> <span class='ocrx_word' id='word_1_431' title='bbox 2589 2246 2769 2286; x_wconf 88' lang='lat' dir='ltr'><strong>annos</strong></span> <span class='ocrx_word' id='word_1_432' title='bbox 2798 2229 2940 2286; x_wconf 90' lang='lat' dir='ltr'><strong>duos</strong></span> <span class='ocrx_word' id='word_1_433' title='bbox 2966 2247 3186 2289; x_wconf 86' lang='lat' dir='ltr'><strong>menses</strong></span> <span class='ocrx_word' id='word_1_434' title='bbox 3213 2232 3495 2290; x_wconf 88' lang='lat' dir='ltr'><strong>undecim.</strong></span> <span class='ocrx_word' id='word_1_435' title='bbox 3527 2230 3684 2290; x_wconf 79' lang='lat' dir='ltr'><strong>Men-</strong></span> 
     </span>
    </p>
   </div>
   <div class='ocr_carea' id='block_1_66' title="bbox 2096 2323 3684 2398">
    <p class='ocr_par' dir='ltr' id='par_1_66' title="bbox 2096 2323 3684 2398">
     <span class='ocr_line' id='line_1_66' title="bbox 2096 2323 3684 2398; baseline 0.004 -21"><span class='ocrx_word' id='word_1_436' title='bbox 2096 2324 2174 2378; x_wconf 83' lang='lat' dir='ltr'><strong>sis</strong></span> <span class='ocrx_word' id='word_1_437' title='bbox 2221 2332 2406 2378; x_wconf 88' lang='lat' dir='ltr'><strong>autem</strong></span> <span class='ocrx_word' id='word_1_438' title='bbox 2452 2323 2772 2380; x_wconf 83' lang='lat' dir='ltr'><strong>Decembris</strong></span> <span class='ocrx_word' id='word_1_439' title='bbox 2800 2333 2997 2396; x_wconf 89' lang='lat' dir='ltr'><strong>quarta</strong></span> <span class='ocrx_word' id='word_1_440' title='bbox 3036 2323 3272 2391; x_wconf 86' lang='lat' dir='ltr'><strong>decima,</strong></span> <span class='ocrx_word' id='word_1_441' title='bbox 3328 2325 3684 2398; x_wconf 79' lang='lat' dir='ltr'><strong>Tryphonem</strong></span> 
     </span>
    </p>
   </div>
   <div class='ocr_carea' id='block_1_67' title="bbox 2096 2413 3688 2492">
    <p class='ocr_par' dir='ltr' id='par_1_67' title="bbox 2096 2413 3688 2492">
     <span class='ocr_line' id='line_1_67' title="bbox 2096 2413 3688 2492; baseline 0.003 -22"><span class='ocrx_word' id='word_1_442' title='bbox 2096 2413 2382 2471; x_wconf 82' lang='lat' dir='ltr'><strong>adducum</strong></span> <span class='ocrx_word' id='word_1_443' title='bbox 2413 2418 2470 2470; x_wconf 88' lang='lat' dir='ltr'><strong>in</strong></span> <span class='ocrx_word' id='word_1_444' title='bbox 2523 2414 2749 2487; x_wconf 86' lang='lat' dir='ltr'><strong>Opsicio</strong></span> <span class='ocrx_word' id='word_1_445' title='bbox 2780 2417 3136 2483; x_wconf 86' lang='lat' dir='ltr'><strong>monachum,</strong></span> <span class='ocrx_word' id='word_1_446' title='bbox 3175 2418 3356 2473; x_wconf 80' lang='lat' dir='ltr'><strong>virum</strong></span> <span class='ocrx_word' id='word_1_447' title='bbox 3412 2417 3688 2492; x_wconf 79' lang='lat' dir='ltr'><strong>religiosis</strong></span> 
     </span>
    </p>
   </div>
   <div class='ocr_carea' id='block_1_68' title="bbox 2097 2507 3686 2584">
    <p class='ocr_par' dir='ltr' id='par_1_68' title="bbox 2097 2507 3686 2584">
     <span class='ocr_line' id='line_1_68' title="bbox 2097 2507 3686 2584; baseline 0.004 -22"><span class='ocrx_word' id='word_1_448' title='bbox 2097 2507 2349 2564; x_wconf 86' lang='lat' dir='ltr'><strong>moribus</strong></span> <span class='ocrx_word' id='word_1_449' title='bbox 2387 2523 2418 2563; x_wconf 86' lang='lat' dir='ltr'><strong>a</strong></span> <span class='ocrx_word' id='word_1_450' title='bbox 2467 2509 2761 2565; x_wconf 85' lang='lat' dir='ltr'><strong>sanctitate</strong></span> <span class='ocrx_word' id='word_1_451' title='bbox 2794 2510 3112 2580; x_wconf 85' lang='lat' dir='ltr'><strong>probatum,</strong></span> <span class='ocrx_word' id='word_1_452' title='bbox 3158 2507 3530 2583; x_wconf 51' lang='lat' dir='ltr'><strong>ordinant&#39;que</strong></span> <span class='ocrx_word' id='word_1_453' title='bbox 3585 2528 3686 2584; x_wconf 84' lang='lat' dir='ltr'><strong>pa-</strong></span> 
     </span>
    </p>
   </div>
   <div class='ocr_carea' id='block_1_69' title="bbox 2097 2599 3685 2673">
    <p class='ocr_par' dir='ltr' id='par_1_69' title="bbox 2097 2599 3685 2673">
     <span class='ocr_line' id='line_1_69' title="bbox 2097 2599 3685 2673; baseline 0.004 -18"><span class='ocrx_word' id='word_1_454' title='bbox 2097 2599 2399 2656; x_wconf 79' lang='lat' dir='ltr'><strong>triarcbam</strong></span> <span class='ocrx_word' id='word_1_455' title='bbox 2431 2601 2502 2656; x_wconf 83' lang='lat' dir='ltr'><strong>ad</strong></span> <span class='ocrx_word' id='word_1_456' title='bbox 2530 2610 2742 2657; x_wconf 75' lang='lat' dir='ltr'><strong>certum</strong></span> <span class='ocrx_word' id='word_1_457' title='bbox 2776 2611 3017 2673; x_wconf 84' lang='lat' dir='ltr'><strong>tempus,</strong></span> <span class='ocrx_word' id='word_1_458' title='bbox 3047 2603 3226 2660; x_wconf 90' lang='lat' dir='ltr'><strong>donec</strong></span> <span class='ocrx_word' id='word_1_459' title='bbox 3259 2605 3472 2660; x_wconf 89' lang='lat' dir='ltr'><strong>scilicet</strong></span> <span class='ocrx_word' id='word_1_460' title='bbox 3497 2601 3685 2662; x_wconf 85' lang='lat' dir='ltr'><strong>Theo-</strong></span> 
     </span>
    </p>
   </div>
   <div class='ocr_carea' id='block_1_70' title="bbox 2097 2691 3687 2765">
    <p class='ocr_par' dir='ltr' id='par_1_70' title="bbox 2097 2691 3687 2765">
     <span class='ocr_line' id='line_1_70' title="bbox 2097 2691 3687 2765; baseline 0.004 -18"><span class='ocrx_word' id='word_1_461' title='bbox 2097 2693 2389 2765; x_wconf 81' lang='lat' dir='ltr'><strong>phylactus</strong></span> <span class='ocrx_word' id='word_1_462' title='bbox 2418 2696 2652 2751; x_wconf 78' lang='lat' dir='ltr'><strong>Romani</strong></span> <span class='ocrx_word' id='word_1_463' title='bbox 2686 2691 2830 2752; x_wconf 80' lang='lat' dir='ltr'><strong>ﬁlius</strong></span> <span class='ocrx_word' id='word_1_464' title='bbox 2858 2704 3088 2753; x_wconf 84' lang='lat' dir='ltr'><strong>maturae</strong></span> <span class='ocrx_word' id='word_1_465' title='bbox 3115 2701 3296 2754; x_wconf 58' lang='lat' dir='ltr'><strong>aetatis</strong></span> <span class='ocrx_word' id='word_1_466' title='bbox 3322 2714 3496 2754; x_wconf 89' lang='lat' dir='ltr'><strong>annos</strong></span> <span class='ocrx_word' id='word_1_467' title='bbox 3516 2701 3687 2755; x_wconf 86' lang='lat' dir='ltr'><strong>attin-</strong></span> 
     </span>
    </p>
   </div>
   <div class='ocr_carea' id='block_1_71' title="bbox 2091 2788 3684 2864">
    <p class='ocr_par' dir='ltr' id='par_1_71' title="bbox 2091 2788 3684 2864">
     <span class='ocr_line' id='line_1_71' title="bbox 2091 2788 3684 2864; baseline 0.005 -23"><span class='ocrx_word' id='word_1_468' title='bbox 2091 2795 2269 2858; x_wconf 80' lang='lat' dir='ltr'><strong>geret,</strong></span> <span class='ocrx_word' id='word_1_469' title='bbox 2323 2799 2486 2858; x_wconf 84' lang='lat' dir='ltr'><strong>quem</strong></span> <span class='ocrx_word' id='word_1_470' title='bbox 2537 2788 2906 2859; x_wconf 86' lang='lat' dir='ltr'><strong>patriarcham</strong></span> <span class='ocrx_word' id='word_1_471' title='bbox 2957 2790 3308 2862; x_wconf 88' lang='lat' dir='ltr'><strong>Cpolitanum</strong></span> <span class='ocrx_word' id='word_1_472' title='bbox 3369 2793 3684 2864; x_wconf 66' lang='lat' dir='ltr'><strong>prmiecturi</strong></span> 
     </span>
    </p>
   </div>
   <div class='ocr_carea' id='block_1_72' title="bbox 2097 2889 2276 2936">
    <p class='ocr_par' dir='ltr' id='par_1_72' title="bbox 2097 2889 2276 2936">
     <span class='ocr_line' id='line_1_72' title="bbox 2097 2889 2276 2936; baseline -0.011 0"><span class='ocrx_word' id='word_1_473' title='bbox 2097 2889 2276 2936; x_wconf 85' lang='lat' dir='ltr'><strong>erant.</strong></span> 
     </span>
    </p>
   </div>
   <div class='ocr_carea' id='block_1_73' title="bbox 2165 2974 3678 3050">
    <p class='ocr_par' dir='ltr' id='par_1_73' title="bbox 2165 2974 3678 3050">
     <span class='ocr_line' id='line_1_73' title="bbox 2165 2974 3678 3050; baseline 0.002 -20"><span class='ocrx_word' id='word_1_474' title='bbox 2165 2975 2253 3030; x_wconf 35' lang='lat'><strong>38‘.</strong></span> <span class='ocrx_word' id='word_1_475' title='bbox 2288 2974 2550 3045; x_wconf 81' lang='lat' dir='ltr'><strong>Ejusdem</strong></span> <span class='ocrx_word' id='word_1_476' title='bbox 2579 2976 2790 3031; x_wconf 85' lang='lat' dir='ltr'><strong>mensis</strong></span> <span class='ocrx_word' id='word_1_477' title='bbox 2820 2976 2913 3032; x_wconf 90' lang='lat' dir='ltr'><strong>die</strong></span> <span class='ocrx_word' id='word_1_478' title='bbox 2944 2976 3208 3049; x_wconf 78' lang='lat' dir='ltr'><strong>vigesima</strong></span> <span class='ocrx_word' id='word_1_479' title='bbox 3243 2979 3433 3047; x_wconf 88' lang='lat' dir='ltr'><strong>quinta</strong></span> <span class='ocrx_word' id='word_1_480' title='bbox 3465 2979 3678 3050; x_wconf 82' lang='lat' dir='ltr'><strong>gravis-</strong></span> 
     </span>
    </p>
   </div>
   <div class='ocr_carea' id='block_1_74' title="bbox 2092 3066 3680 3130">
    <p class='ocr_par' dir='ltr' id='par_1_74' title="bbox 2092 3066 3680 3130">
     <span class='ocr_line' id='line_1_74' title="bbox 2092 3066 3680 3130; baseline 0.004 -7"><span class='ocrx_word' id='word_1_481' title='bbox 2092 3066 2232 3123; x_wconf 88' lang='lat' dir='ltr'><strong>sima</strong></span> <span class='ocrx_word' id='word_1_482' title='bbox 2257 3069 2434 3125; x_wconf 69' lang='lat' dir='ltr'><strong>smviit</strong></span> <span class='ocrx_word' id='word_1_483' title='bbox 2456 3077 2513 3124; x_wconf 89' lang='lat' dir='ltr'><strong>et</strong></span> <span class='ocrx_word' id='word_1_484' title='bbox 2545 3068 2914 3126; x_wconf 72' lang='lat' dir='ltr'><strong>intolerabilis</strong></span> <span class='ocrx_word' id='word_1_485' title='bbox 2940 3070 3139 3130; x_wconf 80' lang='lat' dir='ltr'><strong>hiems.</strong></span> <span class='ocrx_word' id='word_1_486' title='bbox 3171 3071 3311 3127; x_wconf 85' lang='lat' dir='ltr'><strong>adeo</strong></span> <span class='ocrx_word' id='word_1_487' title='bbox 3343 3079 3403 3126; x_wconf 91' lang='lat' dir='ltr'><strong>ut</strong></span> <span class='ocrx_word' id='word_1_488' title='bbox 3430 3072 3551 3128; x_wconf 88' lang='lat' dir='ltr'><strong>dies</strong></span> <span class='ocrx_word' id='word_1_489' title='bbox 3578 3071 3680 3129; x_wconf 72' lang='grc' dir='ltr'><strong>ιεο</strong></span> 
     </span>
    </p>
   </div>
   <div class='ocr_carea' id='block_1_75' title="bbox 2094 3157 3678 3236">
    <p class='ocr_par' dir='ltr' id='par_1_75' title="bbox 2094 3157 3678 3236">
     <span class='ocr_line' id='line_1_75' title="bbox 2094 3157 3678 3236; baseline 0.006 -22"><span class='ocrx_word' id='word_1_490' title='bbox 2094 3167 2243 3214; x_wconf 81' lang='lat' dir='ltr'><strong>terra</strong></span> <span class='ocrx_word' id='word_1_491' title='bbox 2272 3157 2398 3231; x_wconf 78' lang='lat' dir='ltr'><strong>gelu</strong></span> <span class='ocrx_word' id='word_1_492' title='bbox 2425 3161 2685 3216; x_wconf 78' lang='lat' dir='ltr'><strong>concreta</strong></span> <span class='ocrx_word' id='word_1_493' title='bbox 2707 3162 3036 3234; x_wconf 84' lang='lat' dir='ltr'><strong>obriguerit.</strong></span> <span class='ocrx_word' id='word_1_494' title='bbox 3071 3162 3188 3218; x_wconf 82' lang='lat' dir='ltr'><strong>Hoc</strong></span> <span class='ocrx_word' id='word_1_495' title='bbox 3220 3163 3344 3236; x_wconf 83' lang='lat' dir='ltr'><strong>gelu</strong></span> <span class='ocrx_word' id='word_1_496' title='bbox 3380 3165 3678 3224; x_wconf 74' lang='lat' dir='ltr'><strong>subseCuta</strong></span> 
     </span>
    </p>
   </div>
   <div class='ocr_carea' id='block_1_76' title="bbox 2089 3253 3682 3331">
    <p class='ocr_par' dir='ltr' id='par_1_76' title="bbox 2089 3253 3682 3331">
     <span class='ocr_line' id='line_1_76' title="bbox 2089 3253 3682 3331; baseline 0.006 -22"><span class='ocrx_word' id='word_1_497' title='bbox 2089 3253 2285 3321; x_wconf 79' lang='lat' dir='ltr'><strong>fames,</strong></span> <span class='ocrx_word' id='word_1_498' title='bbox 2317 3262 2524 3326; x_wconf 82' lang='lat' dir='ltr'><strong>quanta</strong></span> <span class='ocrx_word' id='word_1_499' title='bbox 2547 3265 2676 3313; x_wconf 88' lang='lat' dir='ltr'><strong>ante</strong></span> <span class='ocrx_word' id='word_1_500' title='bbox 2700 3268 2986 3328; x_wconf 86' lang='lat' dir='ltr'><strong>nunquam</strong></span> <span class='ocrx_word' id='word_1_501' title='bbox 3028 3257 3350 3324; x_wconf 82' lang='lat' dir='ltr'><strong>exstiterat;</strong></span> <span class='ocrx_word' id='word_1_502' title='bbox 3387 3272 3566 3331; x_wconf 79' lang='lat' dir='ltr'><strong>exque</strong></span> <span class='ocrx_word' id='word_1_503' title='bbox 3582 3260 3682 3319; x_wconf 70' lang='lat' dir='ltr'><strong>illa</strong></span> 
     </span>
    </p>
   </div>
   <div class='ocr_carea' id='block_1_77' title="bbox 2087 3346 3680 3420">
    <p class='ocr_par' dir='ltr' id='par_1_77' title="bbox 2087 3346 3680 3420">
     <span class='ocr_line' id='line_1_77' title="bbox 2087 3346 3680 3420; baseline 0.006 -18"><span class='ocrx_word' id='word_1_504' title='bbox 2087 3348 2302 3404; x_wconf 68' lang='lat' dir='ltr'><strong>crebrae</strong></span> <span class='ocrx_word' id='word_1_505' title='bbox 2330 3346 2499 3420; x_wconf 73' lang='lat'><strong>909</strong></span> <span class='ocrx_word' id='word_1_506' title='bbox 2527 3349 2664 3405; x_wconf 84' lang='lat' dir='ltr'><strong>adeo</strong></span> <span class='ocrx_word' id='word_1_507' title='bbox 2693 3361 2900 3406; x_wconf 88' lang='lat' dir='ltr'><strong>mortes</strong></span> <span class='ocrx_word' id='word_1_508' title='bbox 2931 3360 2992 3405; x_wconf 92' lang='lat' dir='ltr'><strong>ut</strong></span> <span class='ocrx_word' id='word_1_509' title='bbox 3022 3366 3126 3407; x_wconf 90' lang='lat' dir='ltr'><strong>nec</strong></span> <span class='ocrx_word' id='word_1_510' title='bbox 3155 3350 3399 3408; x_wconf 65' lang='lat' dir='ltr'><strong>lcrendis</strong></span> <span class='ocrx_word' id='word_1_511' title='bbox 3442 3353 3680 3411; x_wconf 85' lang='lat' dir='ltr'><strong>mortuis</strong></span> 
     </span>
    </p>
   </div>
   <div class='ocr_carea' id='block_1_78' title="bbox 2092 3437 3676 3514">
    <p class='ocr_par' dir='ltr' id='par_1_78' title="bbox 2092 3437 3676 3514">
     <span class='ocr_line' id='line_1_78' title="bbox 2092 3437 3676 3514; baseline 0.005 -22"><span class='ocrx_word' id='word_1_512' title='bbox 2092 3437 2203 3492; x_wconf 80' lang='lat' dir='ltr'><strong>vivi</strong></span> <span class='ocrx_word' id='word_1_513' title='bbox 2230 3437 2567 3496; x_wconf 80' lang='lat' dir='ltr'><strong>suﬂicerent.</strong></span> <span class='ocrx_word' id='word_1_514' title='bbox 2613 3438 2788 3495; x_wconf 86' lang='lat' dir='ltr'><strong>Porro</strong></span> <span class='ocrx_word' id='word_1_515' title='bbox 2817 3441 3098 3497; x_wconf 81' lang='lat' dir='ltr'><strong>Romanus</strong></span> <span class='ocrx_word' id='word_1_516' title='bbox 3140 3442 3441 3514; x_wconf 78' lang='lat' dir='ltr'><strong>imperator</strong></span> <span class='ocrx_word' id='word_1_517' title='bbox 3467 3453 3676 3500; x_wconf 82' lang='lat' dir='ltr'><strong>tantam</strong></span> 
     </span>
    </p>
   </div>
   <div class='ocr_carea' id='block_1_79' title="bbox 2089 3529 3678 3606">
    <p class='ocr_par' dir='ltr' id='par_1_79' title="bbox 2089 3529 3678 3606">
     <span class='ocr_line' id='line_1_79' title="bbox 2089 3529 3678 3606; baseline 0.006 -21"><span class='ocrx_word' id='word_1_518' title='bbox 2089 3529 2205 3586; x_wconf 85' lang='lat' dir='ltr'><strong>vim</strong></span> <span class='ocrx_word' id='word_1_519' title='bbox 2254 3531 2406 3595; x_wconf 89' lang='lat' dir='ltr'><strong>mali,</strong></span> <span class='ocrx_word' id='word_1_520' title='bbox 2438 3540 2496 3588; x_wconf 91' lang='lat' dir='ltr'><strong>et</strong></span> <span class='ocrx_word' id='word_1_521' title='bbox 2543 3546 2708 3604; x_wconf 87' lang='lat' dir='ltr'><strong>quam</strong></span> <span class='ocrx_word' id='word_1_522' title='bbox 2739 3534 2889 3589; x_wconf 90' lang='lat' dir='ltr'><strong>nulla</strong></span> <span class='ocrx_word' id='word_1_523' title='bbox 2937 3535 3238 3591; x_wconf 88' lang='lat' dir='ltr'><strong>verborum</strong></span> <span class='ocrx_word' id='word_1_524' title='bbox 3273 3537 3356 3593; x_wconf 81' lang='lat' dir='ltr'><strong>vis</strong></span> <span class='ocrx_word' id='word_1_525' title='bbox 3400 3537 3678 3606; x_wconf 77' lang='lat' dir='ltr'><strong>explicare</strong></span> 
     </span>
    </p>
   </div>
   <div class='ocr_carea' id='block_1_80' title="bbox 2089 3624 3674 3700">
    <p class='ocr_par' dir='ltr' id='par_1_80' title="bbox 2089 3624 3674 3700">
     <span class='ocr_line' id='line_1_80' title="bbox 2089 3624 3674 3700; baseline 0.004 -20"><span class='ocrx_word' id='word_1_526' title='bbox 2089 3624 2284 3694; x_wconf 89' lang='lat' dir='ltr'><strong>possit,</strong></span> <span class='ocrx_word' id='word_1_527' title='bbox 2315 3624 2696 3691; x_wconf 87' lang='lat' dir='ltr'><strong>considerans,</strong></span> <span class='ocrx_word' id='word_1_528' title='bbox 2741 3628 3167 3682; x_wconf 85' lang='lat' dir='ltr'><strong>convenientem</strong></span> <span class='ocrx_word' id='word_1_529' title='bbox 3214 3624 3318 3700; x_wconf 81' lang='lat' dir='ltr'><strong>pro</strong></span> <span class='ocrx_word' id='word_1_530' title='bbox 3349 3637 3539 3686; x_wconf 89' lang='lat' dir='ltr'><strong>tenera</strong></span> <span class='ocrx_word' id='word_1_531' title='bbox 3574 3636 3674 3687; x_wconf 76' lang='lat' dir='ltr'><strong>sua</strong></span> 
     </span>
    </p>
   </div>
   <div class='ocr_carea' id='block_1_81' title="bbox 2088 3712 3671 3787">
    <p class='ocr_par' dir='ltr' id='par_1_81' title="bbox 2088 3712 3671 3787">
     <span class='ocr_line' id='line_1_81' title="bbox 2088 3712 3671 3787; baseline 0.002 -15"><span class='ocrx_word' id='word_1_532' title='bbox 2088 3715 2436 3786; x_wconf 75' lang='lat' dir='ltr'><strong>btmignaque</strong></span> <span class='ocrx_word' id='word_1_533' title='bbox 2465 3717 2520 3770; x_wconf 83' lang='lat' dir='ltr'><strong>in</strong></span> <span class='ocrx_word' id='word_1_534' title='bbox 2546 3717 2783 3772; x_wconf 82' lang='lat' dir='ltr'><strong>miseros</strong></span> <span class='ocrx_word' id='word_1_535' title='bbox 2816 3712 3000 3773; x_wconf 88' lang='lat' dir='ltr'><strong>indole</strong></span> <span class='ocrx_word' id='word_1_536' title='bbox 3031 3732 3222 3773; x_wconf 87' lang='lat' dir='ltr'><strong>curam</strong></span> <span class='ocrx_word' id='word_1_537' title='bbox 3267 3719 3352 3774; x_wconf 87' lang='lat' dir='ltr'><strong>eis</strong></span> <span class='ocrx_word' id='word_1_538' title='bbox 3395 3720 3671 3787; x_wconf 85' lang='lat' dir='ltr'><strong>adhibuit.</strong></span> 
     </span>
    </p>
   </div>
   <div class='ocr_carea' id='block_1_82' title="bbox 2088 3809 3674 3886">
    <p class='ocr_par' dir='ltr' id='par_1_82' title="bbox 2088 3809 3674 3886">
     <span class='ocr_line' id='line_1_82' title="bbox 2088 3809 3674 3886; baseline 0.004 -22"><span class='ocrx_word' id='word_1_539' title='bbox 2088 3809 2236 3879; x_wconf 82' lang='lat' dir='ltr'><strong>larga</strong></span> <span class='ocrx_word' id='word_1_540' title='bbox 2257 3809 2733 3880; x_wconf 80' lang='lat' dir='ltr'><strong>eleemosynarum</strong></span> <span class='ocrx_word' id='word_1_541' title='bbox 2764 3809 3090 3880; x_wconf 79' lang='lat' dir='ltr'><strong>praebitione</strong></span> <span class='ocrx_word' id='word_1_542' title='bbox 3114 3811 3277 3868; x_wconf 76' lang='lat' dir='ltr'><strong>famis</strong></span> <span class='ocrx_word' id='word_1_543' title='bbox 3314 3813 3674 3886; x_wconf 87' lang='lat' dir='ltr'><strong>indigentiam</strong></span> 
     </span>
    </p>
   </div>
   <div class='ocr_carea' id='block_1_83' title="bbox 2087 3894 3674 3972">
    <p class='ocr_par' dir='ltr' id='par_1_83' title="bbox 2087 3894 3674 3972">
     <span class='ocr_line' id='line_1_83' title="bbox 2087 3894 3674 3972; baseline 0.004 -17"><span class='ocrx_word' id='word_1_544' title='bbox 2087 3901 2293 3956; x_wconf 88' lang='lat' dir='ltr'><strong>solans.</strong></span> <span class='ocrx_word' id='word_1_545' title='bbox 2327 3894 2648 3956; x_wconf 83' lang='lat' dir='ltr'><strong>Porticuum</strong></span> <span class='ocrx_word' id='word_1_546' title='bbox 2682 3917 2914 3972; x_wconf 77' lang='lat' dir='ltr'><strong>quaeque</strong></span> <span class='ocrx_word' id='word_1_547' title='bbox 2948 3903 3121 3970; x_wconf 89' lang='lat' dir='ltr'><strong>spatia</strong></span> <span class='ocrx_word' id='word_1_548' title='bbox 3157 3902 3416 3959; x_wconf 82' lang='lat' dir='ltr'><strong>fenestris</strong></span> <span class='ocrx_word' id='word_1_549' title='bbox 3457 3905 3674 3961; x_wconf 88' lang='lat' dir='ltr'><strong>tabula-</strong></span> 
     </span>
    </p>
   </div>
   <div class='ocr_carea' id='block_1_84' title="bbox 2089 3990 3673 4065">
    <p class='ocr_par' dir='ltr' id='par_1_84' title="bbox 2089 3990 3673 4065">
     <span class='ocr_line' id='line_1_84' title="bbox 2089 3990 3673 4065; baseline 0.004 -21"><span class='ocrx_word' id='word_1_550' title='bbox 2089 3993 2278 4062; x_wconf 76' lang='lat' dir='ltr'><strong>tisque&#39;</strong></span> <span class='ocrx_word' id='word_1_551' title='bbox 2293 3990 2595 4059; x_wconf 71' lang='lat' dir='ltr'><strong>obsu&#39;uxit,</strong></span> <span class='ocrx_word' id='word_1_552' title='bbox 2613 4003 2681 4045; x_wconf 92' lang='lat' dir='ltr'><strong>ne</strong></span> <span class='ocrx_word' id='word_1_553' title='bbox 2698 4006 2797 4062; x_wconf 84' lang='lat' dir='ltr'><strong>per</strong></span> <span class='ocrx_word' id='word_1_554' title='bbox 2820 4007 2884 4046; x_wconf 87' lang='lat' dir='ltr'><strong>ea</strong></span> <span class='ocrx_word' id='word_1_555' title='bbox 2903 3992 2993 4045; x_wconf 76' lang='lat' dir='ltr'><strong>nix</strong></span> <span class='ocrx_word' id='word_1_556' title='bbox 3016 3991 3369 4063; x_wconf 80' lang='lat' dir='ltr'><strong>frigusquein</strong></span> <span class='ocrx_word' id='word_1_557' title='bbox 3396 4005 3673 4065; x_wconf 81' lang='lat' dir='ltr'><strong>pauperes</strong></span> 
     </span>
    </p>
   </div>
   <div class='ocr_carea' id='block_1_85' title="bbox 2088 4084 3674 4158">
    <p class='ocr_par' dir='ltr' id='par_1_85' title="bbox 2088 4084 3674 4158">
     <span class='ocr_line' id='line_1_85' title="bbox 2088 4084 3674 4158; baseline 0.002 -18"><span class='ocrx_word' id='word_1_558' title='bbox 2088 4094 2452 4158; x_wconf 76' lang='lat' dir='ltr'><strong>grassaretur.</strong></span> <span class='ocrx_word' id='word_1_559' title='bbox 2490 4084 2630 4139; x_wconf 88' lang='lat' dir='ltr'><strong>Tum</strong></span> <span class='ocrx_word' id='word_1_560' title='bbox 2664 4100 2760 4141; x_wconf 88' lang='lat' dir='ltr'><strong>eas</strong></span> <span class='ocrx_word' id='word_1_561' title='bbox 2802 4100 3023 4156; x_wconf 83' lang='lat' dir='ltr'><strong>quoque</strong></span> <span class='ocrx_word' id='word_1_562' title='bbox 3050 4095 3188 4156; x_wconf 87' lang='lat' dir='ltr'><strong>quas</strong></span> <span class='ocrx_word' id='word_1_563' title='bbox 3223 4097 3426 4142; x_wconf 89' lang='lat' dir='ltr'><strong>vocant</strong></span> <span class='ocrx_word' id='word_1_564' title='bbox 3455 4087 3674 4143; x_wconf 85' lang='lat' dir='ltr'><strong>arculas</strong></span> 
     </span>
    </p>
   </div>
   <div class='ocr_carea' id='block_1_86' title="bbox 2087 4176 3670 4249">
    <p class='ocr_par' dir='ltr' id='par_1_86' title="bbox 2087 4176 3670 4249">
     <span class='ocr_line' id='line_1_86' title="bbox 2087 4176 3670 4249; baseline -0.001 -17"><span class='ocrx_word' id='word_1_565' title='bbox 2087 4194 2149 4233; x_wconf 86' lang='lat' dir='ltr'><strong>ac</strong></span> <span class='ocrx_word' id='word_1_566' title='bbox 2190 4178 2537 4249; x_wconf 77' lang='lat' dir='ltr'><strong>proiecturas</strong></span> <span class='ocrx_word' id='word_1_567' title='bbox 2587 4176 2644 4231; x_wconf 88' lang='lat' dir='ltr'><strong>in</strong></span> <span class='ocrx_word' id='word_1_568' title='bbox 2701 4177 2920 4231; x_wconf 87' lang='lat' dir='ltr'><strong>cunctis</strong></span> <span class='ocrx_word' id='word_1_569' title='bbox 2963 4177 3274 4247; x_wconf 83' lang='lat' dir='ltr'><strong>porticibus</strong></span> <span class='ocrx_word' id='word_1_570' title='bbox 3307 4179 3670 4244; x_wconf 79' lang='lat' dir='ltr'><strong>construxit;</strong></span> 
     </span>
    </p>
   </div>
   <div class='ocr_carea' id='block_1_87' title="bbox 2086 4269 3674 4341">
    <p class='ocr_par' dir='ltr' id='par_1_87' title="bbox 2086 4269 3674 4341">
     <span class='ocr_line' id='line_1_87' title="bbox 2086 4269 3674 4341; baseline -0.001 -16"><span class='ocrx_word' id='word_1_571' title='bbox 2086 4279 2487 4340; x_wconf 81' lang='lat' dir='ltr'><strong>nummumque</strong></span> <span class='ocrx_word' id='word_1_572' title='bbox 2549 4279 2870 4340; x_wconf 86' lang='lat' dir='ltr'><strong>argenteum</strong></span> <span class='ocrx_word' id='word_1_573' title='bbox 2939 4271 3130 4340; x_wconf 86' lang='lat' dir='ltr'><strong>egenis</strong></span> <span class='ocrx_word' id='word_1_574' title='bbox 3190 4270 3305 4325; x_wconf 86' lang='lat' dir='ltr'><strong>illic</strong></span> <span class='ocrx_word' id='word_1_575' title='bbox 3356 4269 3674 4341; x_wconf 73' lang='lat' dir='ltr'><strong>iacentibus</strong></span> 
     </span>
    </p>
   </div>
   <div class='ocr_carea' id='block_1_88' title="bbox 391 4363 1987 4444">
    <p class='ocr_par' dir='ltr' id='par_1_88' title="bbox 391 4365 1977 4444">
     <span class='ocr_line' id='line_1_88' title="bbox 391 4365 1977 4444; baseline -0.003 -20"><span class='ocrx_word' id='word_1_576' title='bbox 391 4374 629 4444; x_wconf 78' lang='grc' dir='ltr'><strong>μηνιατα</strong></span> <span class='ocrx_word' id='word_1_577' title='bbox 652 4367 907 4441; x_wconf 82' lang='grc' dir='ltr'><strong>τριμίσια</strong></span> <span class='ocrx_word' id='word_1_578' title='bbox 941 4369 1000 4424; x_wconf 81' lang='grc' dir='ltr'><strong>ὲν</strong></span> <span class='ocrx_word' id='word_1_579' title='bbox 1032 4367 1156 4432; x_wconf 80' lang='grc' dir='ltr'><strong>ταῖς</strong></span> <span class='ocrx_word' id='word_1_580' title='bbox 1185 4365 1526 4439; x_wconf 72' lang='grc' dir='ltr'><strong>ἐκκλησίαις,</strong></span> <span class='ocrx_word' id='word_1_581' title='bbox 1548 4367 1792 4438; x_wconf 82' lang='grc' dir='ltr'><strong>ἀργύρου</strong></span> <span class='ocrx_word' id='word_1_582' title='bbox 1816 4369 1977 4435; x_wconf 76' lang='grc' dir='ltr'><strong>ἐγκε-</strong></span> 
     </span>
    </p>
   </div>
   <div class='ocr_carea' id='block_1_89' title="bbox 2092 4363 3672 4444">
    <p class='ocr_par' dir='ltr' id='par_1_89' title="bbox 2092 4363 3672 4436">
     <span class='ocr_line' id='line_1_89' title="bbox 2092 4363 3672 4436; baseline -0.001 -15"><span class='ocrx_word' id='word_1_583' title='bbox 2092 4373 2221 4436; x_wconf 83' lang='lat' dir='ltr'><strong>quot</strong></span> <span class='ocrx_word' id='word_1_584' title='bbox 2252 4365 2535 4420; x_wconf 87' lang='lat' dir='ltr'><strong>mensibus</strong></span> <span class='ocrx_word' id='word_1_585' title='bbox 2556 4363 2771 4434; x_wconf 83' lang='lat' dir='ltr'><strong>erogari</strong></span> <span class='ocrx_word' id='word_1_586' title='bbox 2805 4364 3100 4433; x_wconf 83' lang='lat' dir='ltr'><strong>praecepit;</strong></span> <span class='ocrx_word' id='word_1_587' title='bbox 3134 4372 3419 4422; x_wconf 88' lang='lat' dir='ltr'><strong>menstrua</strong></span> <span class='ocrx_word' id='word_1_588' title='bbox 3447 4379 3672 4434; x_wconf 86' lang='lat' dir='ltr'><strong>quoque</strong></span> 
     </span>
    </p>
   </div>
   <div class='ocr_carea' id='block_1_90' title="bbox 386 4455 1987 4535">
    <p class='ocr_par' dir='ltr' id='par_1_90' title="bbox 386 4459 1968 4535">
     <span class='ocr_line' id='line_1_90' title="bbox 386 4459 1968 4535; baseline -0.003 -18"><span class='ocrx_word' id='word_1_589' title='bbox 386 4463 739 4535; x_wconf 83' lang='grc' dir='ltr'><strong>χαραγμένου</strong></span> <span class='ocrx_word' id='word_1_590' title='bbox 773 4460 1020 4532; x_wconf 79' lang='grc' dir='ltr'><strong>χιλιάδας</strong></span> <span class='ocrx_word' id='word_1_591' title='bbox 1052 4461 1142 4531; x_wconf 77' lang='grc' dir='ltr'><strong>ιβ’.</strong></span> <span class='ocrx_word' id='word_1_592' title='bbox 1175 4461 1251 4515; x_wconf 76' lang='grc' dir='ltr'><strong>Οὐ</strong></span> <span class='ocrx_word' id='word_1_593' title='bbox 1289 4460 1428 4532; x_wconf 82' lang='grc' dir='ltr'><strong>μόνα</strong></span> <span class='ocrx_word' id='word_1_594' title='bbox 1456 4459 1513 4514; x_wconf 70' lang='grc' dir='ltr'><strong>δὲ</strong></span> <span class='ocrx_word' id='word_1_595' title='bbox 1541 4459 1775 4531; x_wconf 79' lang='grc' dir='ltr'><strong>ταῦταῆ</strong></span> <span class='ocrx_word' id='word_1_596' title='bbox 1825 4472 1968 4530; x_wconf 88' lang='grc' dir='ltr'><strong>συμ-</strong></span> 
     </span>
    </p>
   </div>
   <div class='ocr_carea' id='block_1_91' title="bbox 2092 4455 3669 4535">
    <p class='ocr_par' dir='ltr' id='par_1_91' title="bbox 2092 4455 3669 4528">
     <span class='ocr_line' id='line_1_91' title="bbox 2092 4455 3669 4528; baseline -0.002 -15"><span class='ocrx_word' id='word_1_597' title='bbox 2092 4459 2319 4514; x_wconf 82' lang='lat' dir='ltr'><strong>lrimisia</strong></span> <span class='ocrx_word' id='word_1_598' title='bbox 2356 4474 2455 4528; x_wconf 84' lang='lat' dir='ltr'><strong>per</strong></span> <span class='ocrx_word' id='word_1_599' title='bbox 2496 4457 2778 4512; x_wconf 75' lang='lat' dir='ltr'><strong>ecclesias</strong></span> <span class='ocrx_word' id='word_1_600' title='bbox 2808 4455 3147 4526; x_wconf 80' lang='lat' dir='ltr'><strong>pauperibus</strong></span> <span class='ocrx_word' id='word_1_601' title='bbox 3172 4456 3339 4526; x_wconf 87' lang='lat' dir='ltr'><strong>jussit</strong></span> <span class='ocrx_word' id='word_1_602' title='bbox 3381 4455 3669 4516; x_wconf 87' lang='lat' dir='ltr'><strong>distribui.</strong></span> 
     </span>
    </p>
   </div>
   <div class='ocr_carea' id='block_1_92' title="bbox 387 4544 1987 4626">
    <p class='ocr_par' dir='ltr' id='par_1_92' title="bbox 387 4549 1972 4626">
     <span class='ocr_line' id='line_1_92' title="bbox 387 4549 1972 4626; baseline -0.002 -16"><span class='ocrx_word' id='word_1_603' title='bbox 387 4555 568 4626; x_wconf 73' lang='grc' dir='ltr'><strong>παθὴς</strong></span> <span class='ocrx_word' id='word_1_604' title='bbox 597 4555 785 4625; x_wconf 76' lang='grc' dir='ltr'><strong>ἐκείνη</strong></span> <span class='ocrx_word' id='word_1_605' title='bbox 821 4549 1374 4626; x_wconf 73' lang='grc' dir='ltr'><strong>ψυχὴδιετυπὼσατο</strong></span> <span class='ocrx_word' id='word_1_606' title='bbox 1401 4551 1513 4606; x_wconf 80' lang='grc' dir='ltr'><strong>τῶν</strong></span> <span class='ocrx_word' id='word_1_607' title='bbox 1555 4552 1806 4623; x_wconf 82' lang='grc' dir='ltr'><strong>πενήτων</strong></span> <span class='ocrx_word' id='word_1_608' title='bbox 1833 4566 1972 4624; x_wconf 83' lang='grc' dir='ltr'><strong>προ-</strong></span> 
     </span>
    </p>
   </div>
   <div class='ocr_carea' id='block_1_93' title="bbox 2092 4544 3670 4626">
    <p class='ocr_par' dir='ltr' id='par_1_93' title="bbox 2092 4544 3670 4624">
     <span class='ocr_line' id='line_1_93' title="bbox 2092 4544 3670 4624; baseline -0.003 -17"><span class='ocrx_word' id='word_1_609' title='bbox 2092 4552 2297 4624; x_wconf 74' lang='lat' dir='ltr'><strong>argenti</strong></span> <span class='ocrx_word' id='word_1_610' title='bbox 2329 4549 2530 4620; x_wconf 80' lang='lat' dir='ltr'><strong>signati</strong></span> <span class='ocrx_word' id='word_1_611' title='bbox 2572 4548 2864 4604; x_wconf 87' lang='lat' dir='ltr'><strong>duodecim</strong></span> <span class='ocrx_word' id='word_1_612' title='bbox 2888 4547 3078 4602; x_wconf 82' lang='lat' dir='ltr'><strong>millia.</strong></span> <span class='ocrx_word' id='word_1_613' title='bbox 3127 4544 3316 4618; x_wconf 82' lang='lat' dir='ltr'><strong>Neque</strong></span> <span class='ocrx_word' id='word_1_614' title='bbox 3341 4547 3461 4603; x_wconf 66' lang='lat' dir='ltr'><strong>haec</strong></span> <span class='ocrx_word' id='word_1_615' title='bbox 3490 4548 3670 4604; x_wconf 91' lang='lat' dir='ltr'><strong>solum</strong></span> 
     </span>
    </p>
   </div>
   <div class='ocr_carea' id='block_1_94' title="bbox 383 4639 1987 4723">
    <p class='ocr_par' dir='ltr' id='par_1_94' title="bbox 383 4643 1977 4723">
     <span class='ocr_line' id='line_1_94' title="bbox 383 4643 1977 4723; baseline -0.002 -18"><span class='ocrx_word' id='word_1_616' title='bbox 383 4650 674 4723; x_wconf 80' lang='grc' dir='ltr'><strong>νοουμένη,</strong></span> <span class='ocrx_word' id='word_1_617' title='bbox 713 4649 850 4705; x_wconf 85' lang='grc' dir='ltr'><strong>ἀλλὰ</strong></span> <span class='ocrx_word' id='word_1_618' title='bbox 887 4652 981 4704; x_wconf 50' lang='grc' dir='ltr'><strong>καὶ</strong></span> <span class='ocrx_word' id='word_1_619' title='bbox 1008 4643 1132 4704; x_wconf 74' lang='grc' dir='ltr'><strong>καθ’</strong></span> <span class='ocrx_word' id='word_1_620' title='bbox 1175 4647 1388 4720; x_wconf 72' lang='grc' dir='ltr'><strong>ἡμέραν</strong></span> <span class='ocrx_word' id='word_1_621' title='bbox 1417 4649 1569 4720; x_wconf 75' lang='grc' dir='ltr'><strong>τρεῖς</strong></span> <span class='ocrx_word' id='word_1_622' title='bbox 1609 4647 1757 4718; x_wconf 67' lang='grc' dir='ltr'><strong>αὐτῷ</strong></span> <span class='ocrx_word' id='word_1_623' title='bbox 1789 4665 1977 4702; x_wconf 86' lang='grc' dir='ltr'><strong>συνεσ-</strong></span> 
     </span>
    </p>
   </div>
   <div class='ocr_carea' id='block_1_95' title="bbox 2092 4639 3670 4723">
    <p class='ocr_par' dir='ltr' id='par_1_95' title="bbox 2092 4639 3670 4712">
     <span class='ocr_line' id='line_1_95' title="bbox 2092 4639 3670 4712; baseline -0.001 -14"><span class='ocrx_word' id='word_1_624' title='bbox 2092 4641 2482 4700; x_wconf 71' lang='lat' dir='ltr'><strong>misericordiae</strong></span> <span class='ocrx_word' id='word_1_625' title='bbox 2547 4645 2757 4712; x_wconf 85' lang='lat' dir='ltr'><strong>pronus</strong></span> <span class='ocrx_word' id='word_1_626' title='bbox 2807 4641 2926 4712; x_wconf 83' lang='lat' dir='ltr'><strong>ejus</strong></span> <span class='ocrx_word' id='word_1_627' title='bbox 2977 4639 3198 4695; x_wconf 90' lang='lat' dir='ltr'><strong>animus</strong></span> <span class='ocrx_word' id='word_1_628' title='bbox 3248 4656 3670 4712; x_wconf 79' lang='lat' dir='ltr'><strong>pauper-umque</strong></span> 
     </span>
    </p>
   </div>
   <div class='ocr_carea' id='block_1_96' title="bbox 382 4722 1987 4815">
    <p class='ocr_par' dir='ltr' id='par_1_96' title="bbox 382 4722 1970 4815">
     <span class='ocr_line' id='line_1_96' title="bbox 382 4722 1970 4815; baseline -0.002 -18"><span class='ocrx_word' id='word_1_629' title='bbox 382 4744 520 4798; x_wconf 83' lang='grc' dir='ltr'><strong>θίειν</strong></span> <span class='ocrx_word' id='word_1_630' title='bbox 551 4722 793 4815; x_wconf 74' lang='grc' dir='ltr'><strong>πένητας</strong></span> <span class='ocrx_word' id='word_1_631' title='bbox 844 4742 1150 4808; x_wconf 78' lang='grc' dir='ltr'><strong>διετάξατο,</strong></span> <span class='ocrx_word' id='word_1_632' title='bbox 1203 4741 1253 4797; x_wconf 82' lang='grc' dir='ltr'><strong>οἶ</strong></span> <span class='ocrx_word' id='word_1_633' title='bbox 1297 4741 1394 4797; x_wconf 75' lang='grc' dir='ltr'><strong>καὶ</strong></span> <span class='ocrx_word' id='word_1_634' title='bbox 1427 4741 1532 4795; x_wconf 72' lang='grc' dir='ltr'><strong>ἀνὰ</strong></span> <span class='ocrx_word' id='word_1_635' title='bbox 1561 4739 1622 4794; x_wconf 82' lang='grc' dir='ltr'><strong>ἓν</strong></span> <span class='ocrx_word' id='word_1_636' title='bbox 1664 4736 1970 4812; x_wconf 79' lang='grc' dir='ltr'><strong>ἐλάμϐανον</strong></span> 
     </span>
    </p>
   </div>
   <div class='ocr_carea' id='block_1_97' title="bbox 2092 4722 3673 4815">
    <p class='ocr_par' dir='ltr' id='par_1_97' title="bbox 2092 4732 3673 4807">
     <span class='ocr_line' id='line_1_97' title="bbox 2092 4732 3673 4807; baseline -0.004 -13"><span class='ocrx_word' id='word_1_637' title='bbox 2092 4738 2331 4794; x_wconf 86' lang='lat' dir='ltr'><strong>liberalis</strong></span> <span class='ocrx_word' id='word_1_638' title='bbox 2358 4736 2612 4807; x_wconf 87' lang='lat' dir='ltr'><strong>provisor</strong></span> <span class='ocrx_word' id='word_1_639' title='bbox 2643 4732 3030 4798; x_wconf 84' lang='lat' dir='ltr'><strong>constituerat,</strong></span> <span class='ocrx_word' id='word_1_640' title='bbox 3063 4733 3159 4789; x_wconf 90' lang='lat' dir='ltr'><strong>sed</strong></span> <span class='ocrx_word' id='word_1_641' title='bbox 3180 4742 3237 4790; x_wconf 89' lang='lat' dir='ltr'><strong>et</strong></span> <span class='ocrx_word' id='word_1_642' title='bbox 3275 4741 3390 4789; x_wconf 87' lang='lat' dir='ltr'><strong>tres</strong></span> <span class='ocrx_word' id='word_1_643' title='bbox 3419 4732 3673 4804; x_wconf 86' lang='lat' dir='ltr'><strong>quotidie</strong></span> 
     </span>
    </p>
   </div>
   <div class='ocr_carea' id='block_1_98' title="bbox 380 4823 1987 4909">
    <p class='ocr_par' dir='ltr' id='par_1_98' title="bbox 380 4828 1973 4909">
     <span class='ocr_line' id='line_1_98' title="bbox 380 4828 1973 4909; baseline -0.002 -20"><span class='ocrx_word' id='word_1_644' title='bbox 380 4836 648 4908; x_wconf 85' lang='grc' dir='ltr'><strong>νόμισμα.</strong></span> <span class='ocrx_word' id='word_1_645' title='bbox 681 4834 914 4909; x_wconf 81' lang='grc' dir='ltr'><strong>Τετράδι</strong></span> <span class='ocrx_word' id='word_1_646' title='bbox 958 4834 1016 4888; x_wconf 82' lang='grc' dir='ltr'><strong>δὲ</strong></span> <span class='ocrx_word' id='word_1_647' title='bbox 1061 4834 1158 4888; x_wconf 78' lang='grc' dir='ltr'><strong>καὶ</strong></span> <span class='ocrx_word' id='word_1_648' title='bbox 1192 4834 1520 4906; x_wconf 79' lang='grc' dir='ltr'><strong>παρασκευῇ</strong></span> <span class='ocrx_word' id='word_1_649' title='bbox 1551 4836 1702 4904; x_wconf 78' lang='grc' dir='ltr'><strong>τρεῖς</strong></span> <span class='ocrx_word' id='word_1_650' title='bbox 1742 4828 1973 4902; x_wconf 78' lang='grc' dir='ltr'><strong>πένητες</strong></span> 
     </span>
    </p>
   </div>
   <div class='ocr_carea' id='block_1_99' title="bbox 2092 4823 3668 4909">
    <p class='ocr_par' dir='ltr' id='par_1_99' title="bbox 2092 4823 3668 4901">
     <span class='ocr_line' id='line_1_99' title="bbox 2092 4823 3668 4901; baseline -0.005 -15"><span class='ocrx_word' id='word_1_651' title='bbox 2092 4835 2350 4901; x_wconf 76' lang='lat' dir='ltr'><strong>)auperes</strong></span> <span class='ocrx_word' id='word_1_652' title='bbox 2380 4842 2567 4884; x_wconf 87' lang='lat' dir='ltr'><strong>secum</strong></span> <span class='ocrx_word' id='word_1_653' title='bbox 2605 4823 2896 4880; x_wconf 90' lang='lat' dir='ltr'><strong>comedere</strong></span> <span class='ocrx_word' id='word_1_654' title='bbox 2923 4823 3119 4889; x_wconf 85' lang='lat' dir='ltr'><strong>voluit,</strong></span> <span class='ocrx_word' id='word_1_655' title='bbox 3143 4823 3240 4895; x_wconf 86' lang='lat' dir='ltr'><strong>qui</strong></span> <span class='ocrx_word' id='word_1_656' title='bbox 3269 4824 3470 4896; x_wconf 77' lang='lat' dir='ltr'><strong>singuli</strong></span> <span class='ocrx_word' id='word_1_657' title='bbox 3498 4840 3668 4880; x_wconf 84' lang='lat' dir='ltr'><strong>num-</strong></span> 
     </span>
    </p>
   </div>
   <div class='ocr_carea' id='block_1_100' title="bbox 382 4921 1987 5006">
    <p class='ocr_par' dir='ltr' id='par_1_100' title="bbox 382 4924 1972 5006">
     <span class='ocr_line' id='line_1_100' title="bbox 382 4924 1972 5006; baseline 0 -27"><span class='ocrx_word' id='word_1_658' title='bbox 382 4929 612 5000; x_wconf 72' lang='grc' dir='ltr'><strong>μοναχοὶ</strong></span> <span class='ocrx_word' id='word_1_659' title='bbox 667 4927 1002 5006; x_wconf 71' lang='grc' dir='ltr'><strong>συνήσθιον,</strong></span> <span class='ocrx_word' id='word_1_660' title='bbox 1049 4926 1111 4981; x_wconf 85' lang='grc' dir='ltr'><strong>τδ</strong></span> <span class='ocrx_word' id='word_1_661' title='bbox 1161 4925 1550 4997; x_wconf 71' lang='grc' dir='ltr'><strong>τετυπωμένον</strong></span> <span class='ocrx_word' id='word_1_662' title='bbox 1599 4924 1972 4996; x_wconf 78' lang='grc' dir='ltr'><strong>λαμϐάνοντες</strong></span> 
     </span>
    </p>
   </div>
   <div class='ocr_carea' id='block_1_101' title="bbox 2092 4921 3667 5006">
    <p class='ocr_par' dir='ltr' id='par_1_101' title="bbox 2092 4921 3667 4996">
     <span class='ocr_line' id='line_1_101' title="bbox 2092 4921 3667 4996; baseline -0.003 -16"><span class='ocrx_word' id='word_1_663' title='bbox 2092 4941 2191 4981; x_wconf 89' lang='lat' dir='ltr'><strong>nos</strong></span> <span class='ocrx_word' id='word_1_664' title='bbox 2219 4923 2468 4996; x_wconf 87' lang='lat' dir='ltr'><strong>singulos</strong></span> <span class='ocrx_word' id='word_1_665' title='bbox 2517 4922 2881 4993; x_wconf 69' lang='lat' dir='ltr'><strong>eleemosynaa</strong></span> <span class='ocrx_word' id='word_1_666' title='bbox 2927 4922 3036 4976; x_wconf 88' lang='lat' dir='ltr'><strong>ritu</strong></span> <span class='ocrx_word' id='word_1_667' title='bbox 3081 4923 3421 4993; x_wconf 88' lang='lat' dir='ltr'><strong>acciperent.</strong></span> <span class='ocrx_word' id='word_1_668' title='bbox 3455 4921 3667 4989; x_wconf 83' lang='lat' dir='ltr'><strong>Quarta</strong></span> 
     </span>
    </p>
   </div>
   <div class='ocr_carea' id='block_1_102' title="bbox 378 5013 1987 5093">
    <p class='ocr_par' dir='ltr' id='par_1_102' title="bbox 378 5014 1973 5093">
     <span class='ocr_line' id='line_1_102' title="bbox 378 5014 1973 5093; baseline -0.001 -23"><span class='ocrx_word' id='word_1_669' title='bbox 378 5020 627 5089; x_wconf 84' lang='grc' dir='ltr'><strong>νόμισμα</strong></span> <span class='ocrx_word' id='word_1_670' title='bbox 675 5017 930 5083; x_wconf 74' lang='grc' dir='ltr'><strong>ἕκαστος.</strong></span> <span class='ocrx_word' id='word_1_671' title='bbox 990 5016 1080 5093; x_wconf 78' lang='grc' dir='ltr'><strong>[Ρ.</strong></span> <span class='ocrx_word' id='word_1_672' title='bbox 1125 5016 1253 5090; x_wconf 75' lang='grc'><strong>586]</strong></span> <span class='ocrx_word' id='word_1_673' title='bbox 1285 5017 1460 5087; x_wconf 83' lang='grc' dir='ltr'><strong>Ὀπιρ</strong></span> <span class='ocrx_word' id='word_1_674' title='bbox 1490 5014 1549 5070; x_wconf 79' lang='grc' dir='ltr'><strong>δὲ</strong></span> <span class='ocrx_word' id='word_1_675' title='bbox 1577 5016 1636 5069; x_wconf 76' lang='grc' dir='ltr'><strong>ὲν</strong></span> <span class='ocrx_word' id='word_1_676' title='bbox 1657 5017 1770 5079; x_wconf 84' lang='grc' dir='ltr'><strong>τοῖς</strong></span> <span class='ocrx_word' id='word_1_677' title='bbox 1808 5023 1973 5084; x_wconf 84' lang='grc' dir='ltr'><strong>μονα-</strong></span> 
     </span>
    </p>
   </div>
   <div class='ocr_carea' id='block_1_103' title="bbox 2092 5013 3668 5093">
    <p class='ocr_par' dir='ltr' id='par_1_103' title="bbox 2092 5013 3668 5084">
     <span class='ocr_line' id='line_1_103' title="bbox 2092 5013 3668 5084; baseline -0.004 -12"><span class='ocrx_word' id='word_1_678' title='bbox 2092 5025 2254 5074; x_wconf 74' lang='grc' dir='ltr'><strong>ιιιιοιη</strong></span> <span class='ocrx_word' id='word_1_679' title='bbox 2316 5015 2452 5071; x_wconf 82' lang='lat' dir='ltr'><strong>feria</strong></span> <span class='ocrx_word' id='word_1_680' title='bbox 2505 5021 2561 5071; x_wconf 89' lang='lat' dir='ltr'><strong>et</strong></span> <span class='ocrx_word' id='word_1_681' title='bbox 2595 5027 2891 5084; x_wconf 86' lang='lat' dir='ltr'><strong>parasceve</strong></span> <span class='ocrx_word' id='word_1_682' title='bbox 2944 5023 3057 5069; x_wconf 90' lang='lat' dir='ltr'><strong>tres</strong></span> <span class='ocrx_word' id='word_1_683' title='bbox 3098 5028 3305 5084; x_wconf 86' lang='lat' dir='ltr'><strong>egenos</strong></span> <span class='ocrx_word' id='word_1_684' title='bbox 3361 5013 3668 5069; x_wconf 86' lang='lat' dir='ltr'><strong>monachos</strong></span> 
     </span>
    </p>
   </div>
   <div class='ocr_carea' id='block_1_104' title="bbox 382 5105 1987 5185">
    <p class='ocr_par' dir='ltr' id='par_1_104' title="bbox 382 5107 1971 5185">
     <span class='ocr_line' id='line_1_104' title="bbox 382 5107 1971 5185; baseline -0.004 -18"><span class='ocrx_word' id='word_1_685' title='bbox 382 5113 628 5185; x_wconf 84' lang='grc' dir='ltr'><strong>στηρίοις</strong></span> <span class='ocrx_word' id='word_1_686' title='bbox 687 5111 870 5168; x_wconf 81' lang='grc' dir='ltr'><strong>εἰώθει</strong></span> <span class='ocrx_word' id='word_1_687' title='bbox 920 5111 1188 5180; x_wconf 78' lang='grc' dir='ltr'><strong>γίνεσθαι.</strong></span> <span class='ocrx_word' id='word_1_688' title='bbox 1239 5108 1383 5163; x_wconf 81' lang='grc' dir='ltr'><strong>ὥστε</strong></span> <span class='ocrx_word' id='word_1_689' title='bbox 1431 5109 1492 5162; x_wconf 85' lang='grc' dir='ltr'><strong>ὲν</strong></span> <span class='ocrx_word' id='word_1_690' title='bbox 1537 5107 1616 5178; x_wconf 84' lang='grc' dir='ltr'><strong>τῷ</strong></span> <span class='ocrx_word' id='word_1_691' title='bbox 1648 5107 1824 5179; x_wconf 80' lang='grc' dir='ltr'><strong>καιρῷ</strong></span> <span class='ocrx_word' id='word_1_692' title='bbox 1872 5108 1971 5179; x_wconf 87' lang='grc' dir='ltr'><strong>τῆς</strong></span> 
     </span>
    </p>
   </div>
   <div class='ocr_carea' id='block_1_105' title="bbox 2092 5105 3663 5185">
    <p class='ocr_par' dir='ltr' id='par_1_105' title="bbox 2092 5105 3663 5178">
     <span class='ocr_line' id='line_1_105' title="bbox 2092 5105 3663 5178; baseline -0.004 -15"><span class='ocrx_word' id='word_1_693' title='bbox 2092 5124 2283 5166; x_wconf 75' lang='lat' dir='ltr'><strong>pensa!</strong></span> <span class='ocrx_word' id='word_1_694' title='bbox 2331 5107 2514 5164; x_wconf 90' lang='lat' dir='ltr'><strong>socios</strong></span> <span class='ocrx_word' id='word_1_695' title='bbox 2559 5106 2882 5172; x_wconf 82' lang='lat' dir='ltr'><strong>adhibebat,</strong></span> <span class='ocrx_word' id='word_1_696' title='bbox 2916 5107 3011 5178; x_wconf 87' lang='lat' dir='ltr'><strong>qui</strong></span> <span class='ocrx_word' id='word_1_697' title='bbox 3065 5115 3122 5163; x_wconf 92' lang='lat' dir='ltr'><strong>et</strong></span> <span class='ocrx_word' id='word_1_698' title='bbox 3159 5105 3262 5178; x_wconf 85' lang='lat' dir='ltr'><strong>ipsi</strong></span> <span class='ocrx_word' id='word_1_699' title='bbox 3297 5105 3663 5163; x_wconf 87' lang='lat' dir='ltr'><strong>constitutum</strong></span> 
     </span>
    </p>
   </div>
   <div class='ocr_carea' id='block_1_106' title="bbox 2078 5199 3664 5273">
    <p class='ocr_par' dir='ltr' id='par_1_106' title="bbox 2078 5199 3664 5273">
     <span class='ocr_line' id='line_1_106' title="bbox 2078 5199 3664 5273; baseline -0.003 -15"><span class='ocrx_word' id='word_1_700' title='bbox 2078 5217 2364 5258; x_wconf 91' lang='lat' dir='ltr'><strong>nummum</strong></span> <span class='ocrx_word' id='word_1_701' title='bbox 2390 5201 2591 5268; x_wconf 83' lang='lat' dir='ltr'><strong>singuli</strong></span> <span class='ocrx_word' id='word_1_702' title='bbox 2618 5201 2986 5273; x_wconf 89' lang='lat' dir='ltr'><strong>accipiebant.</strong></span> <span class='ocrx_word' id='word_1_703' title='bbox 3011 5199 3280 5272; x_wconf 83' lang='lat' dir='ltr'><strong>Quodque</strong></span> <span class='ocrx_word' id='word_1_704' title='bbox 3307 5201 3362 5255; x_wconf 92' lang='lat' dir='ltr'><strong>in</strong></span> <span class='ocrx_word' id='word_1_705' title='bbox 3389 5208 3664 5256; x_wconf 85' lang='lat' dir='ltr'><strong>monaste-</strong></span> 
     </span>
    </p>
   </div>
   <div class='ocr_carea' id='block_1_107' title="bbox 2078 5291 3660 5365">
    <p class='ocr_par' dir='ltr' id='par_1_107' title="bbox 2078 5291 3660 5365">
     <span class='ocr_line' id='line_1_107' title="bbox 2078 5291 3660 5365; baseline -0.002 -15"><span class='ocrx_word' id='word_1_706' title='bbox 2078 5297 2179 5350; x_wconf 90' lang='lat' dir='ltr'><strong>riis</strong></span> <span class='ocrx_word' id='word_1_707' title='bbox 2228 5295 2338 5349; x_wconf 93' lang='lat' dir='ltr'><strong>ritu</strong></span> <span class='ocrx_word' id='word_1_708' title='bbox 2375 5293 2623 5365; x_wconf 87' lang='lat' dir='ltr'><strong>legitimo</strong></span> <span class='ocrx_word' id='word_1_709' title='bbox 2671 5301 2945 5359; x_wconf 87' lang='lat' dir='ltr'><strong>servatur,</strong></span> <span class='ocrx_word' id='word_1_710' title='bbox 2979 5304 3040 5349; x_wconf 91' lang='lat' dir='ltr'><strong>ut</strong></span> <span class='ocrx_word' id='word_1_711' title='bbox 3071 5295 3216 5351; x_wconf 88' lang='lat' dir='ltr'><strong>inter</strong></span> <span class='ocrx_word' id='word_1_712' title='bbox 3252 5291 3660 5350; x_wconf 89' lang='lat' dir='ltr'><strong>comedendum</strong></span> 
     </span>
    </p>
   </div>
   <div class='ocr_carea' id='block_1_108' title="bbox 381 5201 1966 5274">
    <p class='ocr_par' dir='ltr' id='par_1_108' title="bbox 381 5201 1966 5274">
     <span class='ocr_line' id='line_1_108' title="bbox 381 5201 1966 5274; baseline -0.003 -15"><span class='ocrx_word' id='word_1_713' title='bbox 381 5207 678 5271; x_wconf 74' lang='grc' dir='ltr'><strong>ἑστιάσεως</strong></span> <span class='ocrx_word' id='word_1_714' title='bbox 695 5205 1006 5274; x_wconf 81' lang='grc' dir='ltr'><strong>ἀνάγνωσιν</strong></span> <span class='ocrx_word' id='word_1_715' title='bbox 1023 5203 1288 5274; x_wconf 86' lang='grc' dir='ltr'><strong>γίνεσθαι,</strong></span> <span class='ocrx_word' id='word_1_716' title='bbox 1307 5201 1467 5255; x_wconf 80' lang='grc' dir='ltr'><strong>τοῦτο</strong></span> <span class='ocrx_word' id='word_1_717' title='bbox 1483 5201 1576 5255; x_wconf 75' lang='grc' dir='ltr'><strong>καὶ</strong></span> <span class='ocrx_word' id='word_1_718' title='bbox 1593 5201 1754 5266; x_wconf 80' lang='grc' dir='ltr'><strong>αὐτὸς</strong></span> <span class='ocrx_word' id='word_1_719' title='bbox 1771 5202 1966 5268; x_wconf 76' lang='grc' dir='ltr'><strong>ἐποίει,</strong></span> 
     </span>
    </p>
   </div>
   <div class='ocr_carea' id='block_1_109' title="bbox 373 5293 1971 5370">
    <p class='ocr_par' dir='ltr' id='par_1_109' title="bbox 373 5293 1971 5370">
     <span class='ocr_line' id='line_1_109' title="bbox 373 5293 1971 5370; baseline -0.001 -20"><span class='ocrx_word' id='word_1_720' title='bbox 373 5297 576 5369; x_wconf 85' lang='grc' dir='ltr'><strong>διπλῆν</strong></span> <span class='ocrx_word' id='word_1_721' title='bbox 620 5297 800 5370; x_wconf 77' lang='grc' dir='ltr'><strong>ἑαυτῷ</strong></span> <span class='ocrx_word' id='word_1_722' title='bbox 827 5297 927 5352; x_wconf 84' lang='grc' dir='ltr'><strong>καὶ</strong></span> <span class='ocrx_word' id='word_1_723' title='bbox 954 5299 1068 5360; x_wconf 75' lang='grc' dir='ltr'><strong>τοῖς</strong></span> <span class='ocrx_word' id='word_1_724' title='bbox 1103 5295 1392 5367; x_wconf 86' lang='grc' dir='ltr'><strong>δαιτυμόσι</strong></span> <span class='ocrx_word' id='word_1_725' title='bbox 1422 5294 1520 5366; x_wconf 79' lang='grc' dir='ltr'><strong>τὴν</strong></span> <span class='ocrx_word' id='word_1_726' title='bbox 1551 5293 1832 5365; x_wconf 80' lang='grc' dir='ltr'><strong>τράπεζαν</strong></span> <span class='ocrx_word' id='word_1_727' title='bbox 1863 5311 1971 5349; x_wconf 66' lang='grc' dir='ltr'><strong>παρ</strong></span> 
     </span>
    </p>
   </div>
   <div class='ocr_carea' id='block_1_110' title="bbox 1705 5474 2387 5554">
    <p class='ocr_par' dir='ltr' id='par_1_110' title="bbox 1705 5474 2387 5554">
     <span class='ocr_line' id='line_1_110' title="bbox 1705 5474 2387 5554; baseline 0.003 -27"><span class='ocrx_word' id='word_1_728' title='bbox 1705 5474 1939 5554; x_wconf 48' lang='lat' dir='ltr'><strong>vigans:</strong></span> <span class='ocrx_word' id='word_1_729' title='bbox 1978 5474 2387 5534; x_wconf 78' lang='lat' dir='ltr'><strong>LECTIONES.</strong></span> 
     </span>
    </p>
   </div>
   <div class='ocr_carea' id='block_1_111' title="bbox 447 5593 3658 5718">
    <p class='ocr_par' dir='ltr' id='par_1_111' title="bbox 447 5593 3658 5718">
     <span class='ocr_line' id='line_1_111' title="bbox 447 5593 3658 5672; baseline -0.003 -14"><span class='ocrx_word' id='word_1_730' title='bbox 447 5602 494 5637; x_wconf 77' lang='lat'><strong>&quot;&#39;</strong></span> <span class='ocrx_word' id='word_1_731' title='bbox 518 5604 632 5658; x_wconf 76' lang='grc' dir='ltr'><strong>κου</strong></span> <span class='ocrx_word' id='word_1_732' title='bbox 675 5604 842 5666; x_wconf 75' lang='grc' dir='ltr'><strong>κούας</strong></span> <span class='ocrx_word' id='word_1_733' title='bbox 874 5617 928 5672; x_wconf 89' lang='lat' dir='ltr'><strong>p.</strong></span> <span class='ocrx_word' id='word_1_734' title='bbox 954 5600 1134 5656; x_wconf 67' lang='lat' dir='ltr'><strong>257d.</strong></span> <span class='ocrx_word' id='word_1_735' title='bbox 1212 5600 1257 5632; x_wconf 80' lang='lat'><strong>&quot;</strong></span> <span class='ocrx_word' id='word_1_736' title='bbox 1285 5597 1492 5660; x_wconf 84' lang='grc' dir='ltr'><strong>Μελίας</strong></span> <span class='ocrx_word' id='word_1_737' title='bbox 1560 5637 1574 5651; x_wconf 95' lang='grc'><strong>.</strong></span> <span class='ocrx_word' id='word_1_738' title='bbox 1607 5593 1716 5650; x_wconf 70' lang='grc'><strong>958</strong></span> <span class='ocrx_word' id='word_1_739' title='bbox 1743 5610 1796 5650; x_wconf 87' lang='lat' dir='ltr'><strong>a.</strong></span> <span class='ocrx_word' id='word_1_740' title='bbox 1857 5597 1902 5630; x_wconf 81' lang='lat'><strong>&#39;°</strong></span> <span class='ocrx_word' id='word_1_741' title='bbox 1933 5597 2100 5661; x_wconf 79' lang='grc' dir='ltr'><strong>ἄλλας</strong></span> <span class='ocrx_word' id='word_1_742' title='bbox 2129 5598 2248 5660; x_wconf 82' lang='grc' dir='ltr'><strong>οἵας</strong></span> <span class='ocrx_word' id='word_1_743' title='bbox 2281 5605 2426 5651; x_wconf 83' lang='lat' dir='ltr'><strong>recte</strong></span> <span class='ocrx_word' id='word_1_744' title='bbox 2445 5595 2624 5664; x_wconf 65' lang='lat' dir='ltr'><strong>p.258</strong></span> <span class='ocrx_word' id='word_1_745' title='bbox 2653 5594 2707 5650; x_wconf 77' lang='grc' dir='ltr'><strong>ί).</strong></span> <span class='ocrx_word' id='word_1_746' title='bbox 2801 5596 2845 5627; x_wconf 81' lang='lat'><strong>&#39;°</strong></span> <span class='ocrx_word' id='word_1_747' title='bbox 2879 5595 2977 5666; x_wconf 78' lang='grc' dir='ltr'><strong>τὴν</strong></span> <span class='ocrx_word' id='word_1_748' title='bbox 3003 5609 3113 5650; x_wconf 90' lang='lat' dir='ltr'><strong>om.</strong></span> <span class='ocrx_word' id='word_1_749' title='bbox 3145 5593 3206 5649; x_wconf 84' lang='lat' dir='ltr'><strong>P.</strong></span> <span class='ocrx_word' id='word_1_750' title='bbox 3282 5594 3322 5625; x_wconf 82' lang='lat'><strong>&quot;</strong></span> <span class='ocrx_word' id='word_1_751' title='bbox 3345 5593 3658 5666; x_wconf 70' lang='grc' dir='ltr'><strong>σημείωσαι</strong></span> 
     </span>
     <span class='ocr_line' id='line_1_112' title="bbox 450 5609 2981 5718; baseline 0 0"><span class='ocrx_word' id='word_1_752' title='bbox 450 5621 716 5718; x_wconf 54' lang='lat' dir='ltr'><strong>imam.ng</strong></span> <span class='ocrx_word' id='word_1_753' title='bbox 748 5673 1044 5718; x_wconf 71' lang='lat' dir='ltr'><strong>Tadmmvo:</strong></span> <span class='ocrx_word' id='word_1_754' title='bbox 1077 5670 1420 5718; x_wconf 75' lang='grc' dir='ltr'><strong>πατοιὰογου</strong></span> <span class='ocrx_word' id='word_1_755' title='bbox 1459 5609 1553 5718; x_wconf 54' lang='lat' dir='ltr'><strong>{ex</strong></span> <span class='ocrx_word' id='word_1_756' title='bbox 1575 5667 1724 5718; x_wconf 82' lang='grc' dir='ltr'><strong>όητῶ</strong></span> <span class='ocrx_word' id='word_1_757' title='bbox 1759 5667 1954 5718; x_wconf 80' lang='grc' dir='ltr'><strong>γοόνω.</strong></span> <span class='ocrx_word' id='word_1_758' title='bbox 1984 5685 2173 5718; x_wconf 73' lang='lat' dir='ltr'><strong>mnmo</strong></span> <span class='ocrx_word' id='word_1_759' title='bbox 2204 5666 2264 5718; x_wconf 85' lang='lat' dir='ltr'><strong>P.</strong></span> <span class='ocrx_word' id='word_1_760' title='bbox 2318 5667 2362 5699; x_wconf 76' lang='grc'><strong>⁵³</strong></span> <span class='ocrx_word' id='word_1_761' title='bbox 2396 5666 2670 5718; x_wconf 72' lang='grc' dir='ltr'><strong>ἀφόρητον</strong></span> <span class='ocrx_word' id='word_1_762' title='bbox 2703 5684 2753 5718; x_wconf 89' lang='lat' dir='ltr'><strong>n.</strong></span> <span class='ocrx_word' id='word_1_763' title='bbox 2797 5664 2902 5718; x_wconf 74' lang='lat'><strong>258</strong></span> <span class='ocrx_word' id='word_1_764' title='bbox 2928 5667 2981 5718; x_wconf 87' lang='lat' dir='ltr'><strong>d.</strong></span> 
     </span>
    </p>
   </div>
   <div class='ocr_carea' id='block_1_112' title="bbox 380 5664 2981 5744">
    <p class='ocr_par' dir='ltr' id='par_1_112' title="bbox 380 5664 2981 5744">
     <span class='ocr_line' id='line_1_113' title="bbox 380 5664 2981 5744; baseline -0.003 -17"><span class='ocrx_word' id='word_1_765' title='bbox 380 5664 716 5744; x_wconf 71' lang='grc' dir='ltr'><strong>χειροτονίαν</strong></span> <span class='ocrx_word' id='word_1_766' title='bbox 748 5664 1044 5742; x_wconf 72' lang='grc' dir='ltr'><strong>Τρύᾠωνος</strong></span> <span class='ocrx_word' id='word_1_767' title='bbox 1077 5670 1420 5739; x_wconf 82' lang='grc' dir='ltr'><strong>πατριάρχου</strong></span> <span class='ocrx_word' id='word_1_768' title='bbox 1459 5664 1550 5720; x_wconf 71' lang='grc' dir='ltr'><strong>ἐπὶ</strong></span> <span class='ocrx_word' id='word_1_769' title='bbox 1573 5667 1724 5739; x_wconf 82' lang='grc' dir='ltr'><strong>ρητῶ</strong></span> <span class='ocrx_word' id='word_1_770' title='bbox 1757 5667 1954 5738; x_wconf 82' lang='grc' dir='ltr'><strong>χρόνῳ.</strong></span> <span class='ocrx_word' id='word_1_771' title='bbox 1984 5685 2173 5740; x_wconf 82' lang='lat' dir='ltr'><strong>margo</strong></span> <span class='ocrx_word' id='word_1_772' title='bbox 2204 5666 2264 5720; x_wconf 83' lang='lat' dir='ltr'><strong>P.</strong></span> <span class='ocrx_word' id='word_1_773' title='bbox 2318 5667 2362 5699; x_wconf 76' lang='grc'><strong>⁵³</strong></span> <span class='ocrx_word' id='word_1_774' title='bbox 2396 5666 2670 5737; x_wconf 78' lang='grc' dir='ltr'><strong>ἀφόρητον</strong></span> <span class='ocrx_word' id='word_1_775' title='bbox 2702 5684 2753 5738; x_wconf 87' lang='lat' dir='ltr'><strong>p.</strong></span> <span class='ocrx_word' id='word_1_776' title='bbox 2797 5664 2902 5721; x_wconf 72' lang='lat'><strong>258</strong></span> <span class='ocrx_word' id='word_1_777' title='bbox 2928 5664 2981 5721; x_wconf 72' lang='grc' dir='ltr'><strong>ἄ.</strong></span> 
     </span>
    </p>
   </div>
   <div class='ocr_carea' id='block_1_113' title="bbox 702 5758 3218 5834">
    <p class='ocr_par' dir='ltr' id='par_1_113' title="bbox 702 5758 3218 5834">
     <span class='ocr_line' id='line_1_114' title="bbox 702 5758 3218 5834; baseline -0.003 0"><span class='ocrx_word' id='word_1_778' title='bbox 702 5769 974 5834; x_wconf 73' lang='grc' dir='ltr'><strong>Ριτιιοι..</strong></span> <span class='ocrx_word' id='word_1_779' title='bbox 1012 5767 1131 5830; x_wconf 79' lang='lat' dir='ltr'><strong>Gn.</strong></span> <span class='ocrx_word' id='word_1_780' title='bbox 1165 5765 1326 5830; x_wconf 70' lang='lat' dir='ltr'><strong>CIX.</strong></span> <span class='ocrx_word' id='word_1_781' title='bbox 3144 5758 3218 5820; x_wconf 77' lang='lat'><strong>31</strong></span> 
     </span>
    </p>
   </div>
  </div>
