4090 6022
538 248 637 311 97!

1798 255 2115 317 GEORGII
2158 255 2503 320 MONACHI

3692 258 3805 324 972

536 360 697 415 lectio
726 359 1011 424 habeatur,
1041 357 1145 414 hoc
1176 372 1233 417 et
1271 361 1359 417 ille
1396 363 1707 433 pmstabat,
1743 365 1848 420 sibi
1896 369 2011 438 ipse
2046 374 2106 422 et

2215 369 2479 439 ρατιθεὶς,
2508 369 2648 425 ὥστε
2697 368 2757 423 τὸ
2789 369 2888 440 μὲν
2939 368 3097 439 σῶμα
3140 369 3436 443 τρέφεσθαι
3470 373 3537 444 τῇ
3576 374 3804 446 συνήθει

534 451 782 507 convivis
805 450 1080 522 duplicem
1105 468 1387 524 apponens
1404 470 1671 523 mensam,
1695 466 1753 512 ut
1780 468 1893 514 tum
1911 474 2111 531 corpus

534 557 799 603 consueto
842 546 966 601 cibo
1017 546 1281 613 aleretur,
1340 559 1457 604 tum
1500 550 1684 606 anima
1734 552 2111 608 doctrinarum

533 639 815 710 voluptate
836 640 1232 696 obiectaretur.
1250 639 1464 709 Quibus
1499 644 1590 699 ille
1617 644 1911 716 diligenter
1931 656 2111 702 atten-

532 729 669 782 dens
695 730 961 792 animum,
991 731 1184 800 spiritu
1209 730 1409 789 mentis
1430 744 1820 806 compunctus,
1844 737 2114 809 lacryma-

534 836 653 875 rum
688 823 836 894 large
867 822 1048 878 fontes
1075 824 1385 882 emittebat.

599 914 767 983 910
807 915 897 969 59.
931 914 1063 985 Eius
1096 931 1228 971 vero
1256 915 1419 973 tidem
1448 935 1577 991 erga
1616 922 1938 985 monachos,
1970 938 2109 993 quos

530 1011 842 1075 prasertim
895 1009 1159 1065 sanctitas
1210 1026 1275 1067 ac
1314 1011 1510 1083 religio
1549 1014 1728 1069 claros
1772 1015 2109 1079 reddiderat,

529 1108 734 1169 quanta
784 1100 973 1166 fuerit,
1028 1102 1152 1173 quis
1202 1105 1377 1173 possit
1428 1105 1726 1160 enarrare?
1776 1107 1977 1160 Eorum
2015 1122 2111 1161 nc-

529 1206 618 1244 mo
668 1192 723 1245 in
762 1200 1119 1261 conspectum
1162 1194 1435 1257 veniebat,
1488 1193 1580 1249 cui
1620 1203 1777 1251 actus
1817 1212 1947 1251 suos
1984 1211 2111 1250 cum

530 1282 719 1337 multis
768 1283 1024 1355 lacrymis
1071 1300 1183 1341 non
1230 1296 1554 1357 exponeret.
1598 1287 1735 1344 Cum
1777 1298 1960 1344 autem
2007 1288 2113 1344 tide

530 1373 920 1429 devotissimus
972 1389 1035 1431 ac
1085 1391 1296 1434 summe
1350 1379 1690 1434 orthodoxus
1740 1389 1906 1444 esset,
1962 1380 2114 1435 urbis

526 1481 720 1521 omnes
765 1468 1027 1524 ecclesias
1074 1470 1366 1541 pellucidis
1426 1472 1615 1527 subtili
1673 1473 1907 1527 stamine
1939 1474 2115 1543 pepli:

527 1572 929 1629 Ccrcorumque
960 1574 1025 1613 ac
1049 1559 1363 1630 lampadem
1414 1561 1573 1632 cepia
1603 1560 1889 1632 splendide
1946 1577 2109 1616 exor-

528 1650 713 1711 nahat,
768 1664 831 1703 ac
876 1651 1195 1706 decorabat.
1250 1650 1358 1707 Sed
1406 1660 1463 1707 et
1516 1653 1801 1708 monachis
1850 1653 1907 1709 in
1951 1669 2109 1709 men-

2215 466 2413 533 τροφῇ,
2463 463 2562 534 τὴν
2622 461 2679 517 δέ
2728 462 2905 534 ψυχὴν
2956 464 3023 534 τῇ
3092 464 3416 536 καταλληλῳ
3452 466 3560 520 τῶν
3619 467 3800 534 λόγων

2219 556 2562 629 ἐπεντρυφᾷν
2613 555 2796 626 ἡδονῇ,
2841 547 2925 620 οἷς
2972 555 3182 620 ἐκεῖνος
3212 555 3489 627 ἐπιμελῶς
3519 559 3801 628 προσέχων

2217 649 2308 703 τὸν
2364 647 2489 703 νοῦν
2532 647 2898 704 κατενύσσετο
2940 646 3041 721 τὴν
3089 646 3268 723 ψυχὴν
3316 649 3413 704 καὶ
3452 650 3655 715 πολλάς
3703 651 3797 705 δα-

2218 741 2405 813 κρύων
2433 739 2585 813 ηφίει
2615 738 2820 813 πηγάς.

2285 911 2381 969 λθ⁹.
2415 914 2529 983 Τὴν
2564 916 2622 968 δὲ
2650 915 2837 971 πίστιν
2873 919 2945 990 ἢν
2972 915 3244 988 ἐκέκτητο
3288 917 3426 989 πρὸς
3450 920 3662 984 πάντας
3694 920 3792 990 μὲν

2218 1007 2515 1077 μοναχοὺς,
2552 1008 2789 1078 μάλιστα
2817 1007 2874 1063 δέ
2901 1009 3027 1073 τοὺς
3055 1009 3150 1063 ἐπὶ
3179 1008 3461 1081 ἁγιωσύνῃ
3476 1008 3790 1081 διαΰθήτους

2218 1100 2312 1154 καὶ
2365 1099 2623 1173 εὐλαϐείᾳ
2680 1101 2765 1166 τίς
2808 1100 2875 1156 ἂν
2942 1102 3308 1173 διηγήσαιτος
3362 1104 3475 1157 Οὐκ
3532 1104 3791 1157 ἐθεάσατο

2217 1190 2326 1261 γάρ
2356 1206 2487 1244 ποτε
2522 1192 2759 1262 μοναχδν
2793 1192 2999 1263 ἀρετῆς
3042 1194 3409 1263 ἀντεχόμενον
3433 1233 3446 1253 .
3482 1186 3639 1262 ᾧτινι
3695 1195 3793 1257 τὰς

2217 1279 2415 1335 ἑαυτοῦ
2456 1280 2683 1352 πράξεις
2719 1282 2820 1337 σὺν
2846 1283 3062 1347 πολλοῖς
3093 1282 3194 1336 οὐκ
3224 1282 3555 1354 ἐξηγόρευσε
3590 1282 3791 1354 δάκρυ-

2217 1389 2322 1427 σιν.
2367 1372 2696 1436 Πιστύτατος
2719 1371 2776 1426 δὲ
2804 1372 2881 1427 ὢν
2918 1373 3011 1427 καὶ
3050 1374 3461 1448 ὀρθοδοξότατος
3486 1374 3666 1439 πάσας
3696 1375 3792 1440 τὰς

2214 1466 2314 1536 τῆς
2344 1465 2553 1531 πόλεως
2583 1465 2880 1536 ἐκκλησίας
2921 1465 3144 1529 πέπλοις
3164 1467 3449 1535 διαφανέσι
3476 1466 3572 1522 καὶ
3608 1484 3797 1537 φωτα-

2215 1558 2445 1628 γωγίαις
2489 1557 2770 1630 λαμπραῖς
2819 1558 3152 1629 κατεκόσμει
3206 1560 3302 1613 καὶ
3347 1560 3789 1633 κατεφαίὸρννεν.

2229 1647 2388 1703 Ἀλλά
2422 1652 2517 1703 καὶ
2543 1651 2655 1713 τοῖς
2683 1648 2739 1702 ἐν
2772 1649 2882 1711 τοῖς
2906 1648 3060 1719 ὄρεσι
3090 1651 3363 1718 μοναχοῖς,
3392 1650 3468 1719 τῷ
3492 1666 3547 1701 τε
3590 1648 3791 1719 Ὀλύμο

530 1740 697 1804 tibus,
746 1750 861 1796 tum
904 1760 1101 1814 nempe
1148 1743 1380 1816 Olympo
1423 1753 1538 1799 tum
1585 1744 1833 1819 Cymina,
1861 1754 1918 1801 et
1945 1762 2108 1817 quem

2222 1761 2309 1813 πῳ
2356 1743 2450 1799 καὶ
2486 1742 2565 1813 τῷ
2611 1742 2848 1814 Κυμηνᾷ
2881 1717 3053 1795 ⁶⁸Ϋκαὶ
3079 1745 3146 1814 τῇ
3187 1743 3379 1813 Χρυσῇ
3422 1717 3787 1812 κατονομαζο-

527 1843 729 1889 vocant
803 1837 1019 1890 Petram
1093 1851 1354 1900 auream,
1428 1845 1484 1891 ct
1548 1836 1810 1892 Barachci
1886 1847 2107 1905 monte,

527 1928 681 1983 nullo
731 1944 971 1999 unquam
1039 1937 1287 1999 tempore
1338 1929 1551 1985 destitit
1601 1924 1781 1985 annua
1837 1931 2109 2004 stipendia

527 2022 749 2076 mittere
796 2037 1099 2091 eorumque
1144 2038 1229 2077 res
1273 2036 1470 2077 curare
1526 2038 1588 2075 ac
1636 2038 1718 2077 eis
1758 2022 2105 2093 prospicere;

525 2113 732 2183 quique
784 2114 927 2169 inter
988 2114 1111 2168 illos
1156 2115 1390 2170 actionis
1442 2115 1592 2170 cultu
1647 2132 1711 2170 ac
1768 2114 2108 2185 contempla-

528 2207 679 2262 tione
733 2206 1061 2277 spectabiles
1110 2216 1334 2271 essent,
1390 2206 1458 2261 ad
1519 2223 1578 2262 se
1644 2222 1957 2271 accersere,
2014 2222 2111 2262 eo-

527 2316 759 2371 rumque
790 2316 1013 2371 precum
1056 2299 1312 2371 sutlragia
1342 2297 1663 2371 decerpere.
1701 2301 1810 2355 Nec
1834 2300 1885 2354 id
1922 2300 2106 2367 modo,

524 2393 621 2449 sed
678 2403 737 2449 et
780 2394 1037 2463 religiosa
1074 2392 1473 2447 exercitatione
1521 2393 1770 2457 inclusis,
1815 2400 1872 2447 et
1920 2393 2015 2463 qui
2048 2409 2109 2448 se

524 2486 933 2557 angustissimis
996 2485 1294 2557 tuguriolis
1365 2485 1518 2540 velut
1582 2497 1802 2540 carcere
1867 2483 2111 2540 abdidis-

513 2585 649 2631 sent
670 2618 685 2643 ,
718 2577 933 2632 cunctis
953 2576 1192 2648 denique
1217 2576 1567 2644 monasteriis
1602 2585 1836 2632 statutas
1862 2593 2109 2633 annonas

524 2670 946 2727 subministrare
990 2685 1097 2725 non
1158 2670 1430 2727 cessabat.
1478 2670 1587 2725 llas
1637 2673 1789 2727 velut
1833 2688 1865 2727 e
1920 2672 2109 2728 multis

523 2775 726 2829 paucas
757 2760 862 2815 viri
901 2760 1134 2817 virtutes
1173 2761 1663 2832 eleemosynasque
1706 2761 2106 2831 percurrimus.

594 2853 684 2908 60.
741 2852 903 2909 Petro
949 2861 1133 2909 autem
1190 2854 1428 2927 Bulgaro
1473 2854 1711 2911 Joannes
1760 2855 1930 2911 frater
1981 2872 2107 2911 cum

524 2946 647 3000 aliis
698 2946 986 3016 Symeouis
1053 2946 1379 3015 proceribus
1430 2947 1633 3002 struxit
1693 2947 1938 3003 insidias.
2002 2948 2107 3004 De-

526 3036 817 3105 prehensis
854 3035 984 3100 illis,
1020 3037 1260 3092 Joannes
1292 3036 1516 3107 quidem
1556 3038 1882 3094 verberibus
1916 3054 2109 3096 emen-

523 3129 688 3183 datus
726 3130 780 3183 in
820 3144 1043 3185 carcere
1089 3130 1431 3199 includitur;
1477 3132 1675 3200 reliqui
1729 3132 1947 3188 acerbis
1980 3150 2111 3204 sup-

525 3223 709 3293 pliciis
750 3222 963 3278 subacti
997 3230 1146 3278 sunt.
1197 3222 1405 3278 Horum
1440 3223 1720 3279 Romanus
1746 3225 2047 3295 imperator
2080 3243 2110 3283 ε

524 3317 688 3371 Petro
745 3318 952 3372 certior
1004 3316 1181 3372 factus
1227 3315 1494 3373 Joannem
1555 3319 1888 3374 monachum
1946 3321 2107 3392 911

524 3412 690 3478 (eum
728 3410 822 3481 qui
869 3420 1052 3466 rector
1094 3412 1415 3483 exstiterat)
1458 3412 1653 3479 mittit,
1692 3424 1956 3484 pnetextu
1984 3416 2112 3486 qui-

524 3503 651 3559 dem
698 3503 1005 3559 redimendi
1059 3506 1329 3575 eaptivos,
1383 3520 1444 3561 re
1502 3504 1620 3575 ipsa
1664 3521 1798 3561 vero
1848 3517 1909 3563 ut
1948 3507 2115 3563 Joan-

526 3612 652 3651 nem
702 3606 923 3669 caperet
969 3607 1026 3652 et
1064 3597 1383 3670 Byzantium
1430 3597 1696 3665 duceret;
1743 3600 1891 3670 quod
1930 3611 1989 3657 et
2035 3600 2111 3657 ita

524 3692 775 3764 contigit.
824 3691 1042 3763 Quippe
1082 3707 1209 3747 cum
1255 3692 1466 3748 Joanne
1513 3708 1709 3749 navem
1760 3693 2043 3765 ingressus
2078 3708 2111 3750 a

526 3781 854 3838 Hcsembria
897 3784 954 3837 in
1000 3781 1192 3836 urbem
1240 3781 1410 3837 venit.
1460 3781 1575 3836 Nec
1615 3782 1791 3837 multo
1826 3792 1951 3852 post
1983 3798 2113 3855 pro-

523 3877 668 3946 iecto
708 3873 964 3929 monachi
1000 3871 1216 3938 habitu,
1254 3888 1381 3928 cum
1416 3873 1607 3928 uxoris
1653 3875 1940 3945 amplexus
1959 3890 2111 3947 que-

527 3977 713 4031 reret,
777 3967 1083 4037 imperator
1143 3964 1221 4021 illi
1277 3963 1425 4021 {edes
1482 3967 1784 4037 assignavit
1830 3968 2112 4039 multaque

526 4058 753 4113 omnino
795 4058 997 4129 praedia
1050 4057 1329 4124 contulit;
1366 4071 1594 4111 uxorem
1629 4072 1851 4127 quoque
1897 4074 1966 4115 ex
2010 4075 2111 4115 sua

528 4149 703 4220 ipsius
766 4148 1221 4204 Armeniacorum
1301 4147 1477 4217 patria
1537 4148 1589 4203 ei
1650 4148 1885 4215 locavit,
1945 4158 2112 4221 atque

528 4245 581 4299 in
610 4243 841 4299 Caesaris
862 4243 1027 4297 domo
1054 4240 1456 4313 praemagniﬁce
1480 4241 1703 4313 nuptias
1732 4241 1886 4304 fecit.
1914 4242 2111 4299 ducto.

527 4337 682 4391 ribus
722 4350 937 4405 sponsa:
979 4332 1380 4405 Christophoro
1418 4334 1750 4405 imperatore
1798 4349 1863 4391 ac
1896 4334 2111 4394 Joanne

528 4427 800 4485 monacho
833 4434 1141 4483 cxrectore.

598 4608 692 4665 ιι.
751 4604 953 4663 Mensis
994 4603 1175 4661 Martii
1218 4604 1308 4661 die
1358 4604 1637 4675 secunda,
1698 4606 1795 4680 qui
1848 4607 1905 4664 in
1966 4609 2108 4677 foro,

526 4699 803 4757 columnis
844 4698 958 4753 illic
995 4697 1191 4753 ordine
1238 4698 1461 4764 erectis,
1510 4696 1782 4756 Cosmitcs
1820 4700 2112 4771 impositus

527 4800 669 4855 erat,
722 4789 929 4845 decidit
975 4805 1039 4844 ac
1079 4791 1231 4844 viros
1275 4803 1371 4845 sex
1411 4787 1635 4844 occidit.
1689 4789 1941 4861 Magnum
1972 4807 2111 4862 quo-

529 4901 637 4958 que
674 4900 737 4940 ac
774 4882 1125 4940 formidabile
1166 4882 1223 4938 in
1272 4882 1375 4938 fori
1410 4882 1628 4951 porticu
1677 4884 1977 4940 excitatum
2019 4885 2107 4940 in-

531 4978 807 5041 cendium,
846 4974 991 5032 haud
1026 4975 1215 5045 procul
1268 4990 1297 5028 a
1347 4976 1554 5045 templo
1606 4986 1810 5033 sanctae
1840 4977 2104 5047 Πείρου-α’,

531 5069 671 5125 adeo
709 5079 769 5123 ut
797 5084 923 5139 pars
966 5067 1057 5123 illa
1098 5066 1202 5122 fori
1248 5082 1411 5138 quam
1442 5068 1642 5123 cerarii
1671 5076 1729 5125 et
1755 5084 1922 5140 quam
1951 5070 2110 5141 pelli-

536 5162 679 5217 tiarii
717 5160 955 5215 artiﬁces
987 5168 1275 5230 occupant,
1313 5159 1379 5215 ad
1407 5159 1633 5215 Pslchas
1661 5176 1834 5233 usque
1870 5161 1979 5234 igni
2008 5162 2109 5218 ab~

535 5265 749 5324 sumpta
794 5253 883 5309 sit.

606 5350 694 5401 49..
748 5347 993 5401 Mortuus
1036 5356 1219 5400 autem
1270 5353 1356 5401 est
1395 5345 1825 5417 Christophorus
1876 5347 2116 5418 impera-

2223 1837 2363 1909 μένῃ
2395 1834 2574 1908 πέτρᾳ.
2594 1836 2687 1889 καὶ
2707 1833 2787 1905 τῷ
2826 1833 2921 1888 τοῦ
2962 1834 3240 1906 Βαραχέος
3262 1835 3308 1865 ⁸⁸
3346 1836 3483 1905 ὄρει,
3506 1836 3569 1889 οὐ
3598 1834 3789 1889 διέλει-

2218 1944 2322 1981 πεν
2348 1927 2597 1999 ἐτησίους
2628 1927 2792 1998 ρόγας
2815 1924 3223 1991 ἐξαποστέλλων
3245 1930 3337 1991 ⁸⁵⁵,
3365 1928 3459 1983 καὶ⁵
3489 1930 3791 1999 φροντίζων

2218 2020 2425 2076 τούτων
2476 2019 2571 2074 καὶ
2615 2021 3034 2092 προνοούμενος,
3079 2021 3319 2084 καὶτοὺς
3344 2021 3681 2092 ὀνομαστοὺς
3702 2022 3791 2075 ἐπὶ

2220 2112 2416 2183 πράξει
2458 2113 2550 2165 καὶ
2598 2110 2802 2183 θεωρίᾳ
2852 2111 3327 2184 μετακαλούμενος
3377 2112 3454 2177 ὡς
3485 2113 3673 2177 αὑτὸν,
3701 2113 3794 2167 καὶ

2216 2205 2325 2258 τῶν
2354 2201 2729 2275 εὐχῶνμῦτῶν
2746 2202 2847 2266 τὰς
2877 2202 3123 2272 εὐλογίας
3154 2202 3389 2274 τρυγῶν.
3416 2203 3491 2257 Οὐ
3527 2202 3689 2273 μόνον
3712 2203 3795 2271 δὲ,

2217 2296 2353 2351 ἀλλὰ
2380 2297 2476 2351 καὶ
2506 2297 2619 2359 τοῖς
2641 2295 2732 2350 διὰ
2764 2294 2857 2349 τὸν
2879 2292 3014 2349 Θεὸν
3046 2293 3384 2364 ἐγκλείστοις
3422 2296 3517 2348 καὶ
3566 2296 3795 2359 ἑαυτοὺς

2216 2392 2276 2445 έν
2312 2391 2667 2453 στενωτάτοις
2696 2390 2868 2453 οῖκοις
2917 2386 3235 2462 καθείρξασι
3264 2388 3357 2444 καὶ
3386 2389 3521 2443 πᾶσι
3552 2391 3665 2451 τοῖς
3696 2405 3796 2459 μο-

2217 2482 2533 2553 ναστηρίοις
2575 2483 2674 2546 τὰς
2728 2480 2979 2552 ἐτησίους
3008 2479 3199 2553 ρόγας.
3229 2479 3296 2545 ἃς
3329 2478 3687 2548 διετύπωσεν,
3724 2479 3791 2533 οὐ

2216 2578 2482 2633 διέλειπεν
2508 2574 2876 2648 ἐπιχορηγῶν.
2929 2574 3115 2631 Ταῦτα
3156 2574 3233 2639 ὡς
3293 2576 3360 2629 ἐκ
3390 2573 3599 2630 πολλῶν
3626 2573 3791 2641 ὀλίγα

2216 2670 2326 2726 τῶν
2358 2669 2605 2742 ἀπείρων
2626 2667 2794 2725 αὑτοῦ
2820 2666 3265 2741 κατορθωμάτων
3290 2665 3388 2721 καὶ
3410 2664 3793 2739 ἐλεημοσυνῶν

2216 2763 2588 2836 διεξήλθομεν.

2291 2864 2367 2927 μ’.
2418 2857 2614 2927 Πέτρῳ
2665 2855 2723 2910 δέ
2752 2855 2833 2928 τῷ
2882 2853 3175 2925 Βουλγάρῳ
3200 2852 3425 2908 ἐπέθετο
3465 2853 3722 2924 Ἰωάννης
3758 2854 3785 2906 ὁ

2214 2949 2444 3020 ἁδελφὸς
2498 2949 2667 3004 αὐτοῦ
2719 2947 2860 3020 μετὰ
2917 2948 3013 3002 καὶ
3053 2944 3258 3015 ἐτέρων
3311 2945 3658 3016 μεγιστάνων
3694 2944 3786 2998 τοῦ

2216 3039 2460 3113 Συμεών·
2494 3042 2590 3096 καὶ
2639 3038 3003 3113 φωραθέντων
3054 3026 3238 3092 αύτῶν
3287 3038 3317 3092 6
3364 3036 3470 3108 μιν
3535 3037 3793 3108 Ἰωάννης

2210 3133 2475 3189 τύπτεται
2507 3132 2605 3187 καὶ
2635 3130 2942 3199 ἐγκλείεται
2975 3130 3215 3202 φυλακῇ,
3239 3129 3289 3182 oi
3322 3127 3381 3182 δέ
3422 3127 3602 3181 λοιποὶ
3620 3145 3791 3198 τιμω-

2214 3224 2358 3297 ρίαις
2403 3222 2466 3277 οὐ
2494 3224 2615 3285 ταῖς
2650 3219 2943 3292 τυχούσαις
2980 3217 3407 3275 ὑποϐάλλονται.
3436 3218 3623 3272 Ταῦτα
3653 3217 3794 3289 δῆλα

2212 3315 2541 3386 ποιήσαντος
2567 3313 2775 3386 Πέτρου
2807 3310 2886 3385 τῷ
2916 3309 3125 3383 βασιλεῖ
3154 3310 3445 3380 Ῥωμανῷ,
3471 3308 3795 3365 ἀπέστειλεν

2213 3409 2243 3462 ὁ
2274 3406 2527 3479 βασιλεὺς
2558 3406 2649 3460 τὸν
2684 3405 2916 3478 μοναχδν
2953 3404 3226 3474 Ἰωάννην,
3272 3401 3333 3466 ὃς
3367 3402 3613 3472 ἐγεγόνει
3650 3403 3781 3474 ῥαί-

2213 3516 2387 3572 κτωρ,
2433 3499 2705 3569 προφάσει
2737 3496 2838 3568 μέν
2880 3495 2959 3561 ὡς
3006 3495 3336 3566 ποιήσασθαι
3382 3493 3639 3565 άλλάγιον
3681 3492 3794 3548 τῶν

2212 3592 2604 3665 κρατουμένων
2628 3588 3013 3663 αίχμαλώτων,
3051 3590 3118 3662 τῇ
3162 3588 3220 3642 δέ
3245 3586 3475 3663 ἀληθεία
3500 3591 3795 3659 κατασχεῖν

2224 3684 2481 3756 Ἰωάννην
2504 3686 2601 3740 καὶ
2634 3685 2693 3738 ἐν
2723 3673 3298 3738 Κωνσταντινουπόλει
3331 3682 3583 3752 ἀγαγεῖν.
3603 3680 3794 3736 Εἰσελ-

2212 3774 2325 3832 θὼν
2345 3777 2454 3849 γάρ
2493 3777 2609 3848 ἅμα
2631 3774 2713 3847 τῷ
2751 3773 2970 3847 Ἰωάννῃ
2997 3775 3055 3829 ἐν
3085 3772 3255 3847 πλοίῳ
3293 3774 3404 3829 ἀπὸ
3427 3774 3795 3846 Μεσημϐρίας

2211 3866 2374 3946 ἦλθεν
2398 3874 2457 3926 ἐν
2483 3873 2550 3943 τῇ
2584 3869 2762 3924 πόλιν
2797 3868 2894 3923 καὶ
2928 3868 3048 3940 μετ’
3075 3869 3141 3924 οὐ
3188 3867 3324 3922 πολὺ
3354 3866 3545 3922 τούτου
3585 3868 3650 3922 τὸ
3697 3887 3798 3938 po-

2212 3964 2441 4037 ναχικὺν
2472 3963 2663 4035 σχῆμα
2689 3961 3099 4033 άπορῤίψαντος
3148 3960 3242 4014 καὶ
3271 3961 3505 4031 γυναῖκα
3530 3957 3797 4031 ἐπιζητή-

2214 4075 2428 4124 σαντος,
2454 4057 2687 4113 δέδωκεν
2706 4058 2854 4129 αὐτῷ
2882 4061 2910 4113 6
2948 4057 3203 4128 βασιλεὺς
3235 4054 3383 4111 οἷκον
3412 4056 3507 4110 καὶ
3536 4061 3794 4127 κτήματα

2214 4150 2512 4222 πάμπολλα
2555 4150 2651 4204 καὶ
2678 4152 2912 4220 γυναῖκα
2954 4152 3019 4207 ἐκ
3046 4152 3147 4222 τῆς
3184 4148 3351 4204 αὑτοῦ
3395 4148 3651 4220 πατρίδος
3693 4150 3792 4220 τῆς

2210 4243 2321 4298 τῶν
2356 4241 2729 4315 Ἀρμενιακῶν
2756 4242 3107 4315 ὁρμωμένην,
3147 4243 3327 4312 γάμον
3353 4257 3413 4294 τε
3439 4239 3696 4310 λαμπρὸν
3732 4246 3788 4294 ἐν

2211 4338 2280 4407 τῇ
2301 4335 2399 4389 τοῦ
2425 4337 2705 4408 Καίσαρος
2742 4336 2893 4407 οἰκία
2940 4335 3267 4405 πεποίηκεν,
3297 4335 3677 4406 Χριστοφόρου
3700 4334 3793 4406 βα-

2141 4432 2187 4488 D
2217 4429 2411 4493 σιλέως
2458 4429 2555 4484 καὶ
2608 4429 2857 4484 Ἰωάννου
2900 4427 3176 4500 μοναχοῦ,
3208 4427 3306 4483 τοῦ
3352 4428 3641 4498 γεγονότος
3674 4431 3791 4501 put.

2215 4540 2431 4596 κτορος,
2459 4522 3063 4595 παρανυμφευσάντων.

2284 4614 2374 4688 [Ρ.
2408 4613 2539 4688 587]
2576 4612 2690 4686 μα’.
2714 4612 2948 4685 Μαρτίῳ
2969 4611 3027 4668 δὲ
3059 4611 3191 4685 μηνὶ
3223 4609 3407 4685 ἡμέρᾳ
3443 4610 3487 4682 β’
3510 4611 3784 4683 κοσμήτης

2216 4706 2417 4761 ἔπεσεν
2459 4707 2518 4760 ἐν
2556 4703 2637 4777 τῷ
2682 4704 2836 4777 φόρῳ
2862 4704 2929 4757 ἐκ
2959 4702 3067 4759 τῶν
3098 4703 3378 4775 στοιχηδὸν
3413 4702 3717 4775 ἱσταμένων
3740 4703 3788 4735 ⁸⁸

2216 4796 2397 4851 ἐκεῖσε
2416 4795 2594 4849 κίοσιν
2618 4795 3008 4873 ἐπικειμένων,
3045 4793 3142 4848 καὶ
3161 4793 3482 4849 ἀπέκτεινεν
3497 4792 3695 4865 ἄνδρας
3714 4791 3791 4856 ς’.

2216 4888 2413 4958 Γέγονε
2437 4887 2495 4943 δέ
2522 4889 2619 4943 καὶ
2642 4886 2971 4960 ἐμπρησμὸς
3002 4886 3173 4958 μέγας
3208 4885 3303 4940 καὶ
3327 4884 3559 4957 φοϐερὸς
3585 4886 3669 4949 είς
3699 4884 3794 4938 τὸν

2217 4979 2312 5035 τοῦ
2342 4982 2509 5056 φόρου
2537 4977 2786 5051 ἐμσολον,
2821 4976 3051 5048 πλησίον
3078 4976 3173 5031 τοῦ
3204 4976 3334 5033 ναοῦ
3357 4979 3459 5049 τῆς
3486 4976 3795 5048 ὕπεραγίας

2219 5071 2511 5140 Θεοτὸκου,
2557 5072 2697 5128 ὥστε
2742 5070 3089 5141 κατακαῆναι
3124 5068 3196 5126 τά
3233 5085 3295 5124 τε
3326 5069 3674 5142 κηροταιιλεῖα
3697 5071 3797 5125 καὶ

2221 5166 2291 5222 τὰ
2324 5167 2594 5239 γουνάρια
2627 5166 2723 5221 τοῦ
2755 5166 2924 5239 φόρου
2961 5166 3132 5239 μέχρι
3160 5160 3271 5222 τῶν
3302 5161 3512 5234 Ψιχῶν.

2292 5347 2402 5420 μβ’.
2446 5346 2796 5420 Ἐτελεύτησε
2840 5347 2897 5405 δέ
2926 5348 3303 5422 Χριστοφόρος
3343 5347 3374 5404 ὁ
3401 5347 3657 5421 βασιλεὺς
3686 5367 3794 5422 μη-

538 5451 622 5495 ιυι·
663 5453 851 5495 mense
909 5440 1181 5509 Augusto,
1240 5437 1539 5495 indictione
1582 5448 1809 5509 quarta,
1870 5440 2110 5497 Romano

2221 5440 2310 5503 νὸς
2344 5437 2655 5508 Αὐγούστου
2688 5479 2702 5504 ,
2752 5437 3085 5505 ίνδικτιῶνος
3139 5434 3210 5505 δ’,
3260 5436 3432 5494 πολλὰ
3479 5438 3793 5511 κοψαμένου

1792 5556 2025 5615 VARUE
2060 5556 2485 5615 LECTIONES..

692 5654 909 5731 Ῐίιξμινᾷ
948 5666 1001 5724 p.
1024 5650 1130 5706 259
1159 5650 1212 5706 d.
1282 5651 1327 5684 ⁸⁸
1355 5649 1657 5721 Βαραχαιου
1693 5653 1763 5706 ib.
1825 5652 2110 5723 “'Lrgcba

2216 5695 2229 5719 ,
2263 5623 2695 5720 ὲξαπῖστέλλειν.
2740 5653 2785 5688 ⁸⁵
2816 5651 2928 5709 imo
2961 5650 3072 5707 τῶν
3100 5652 3213 5719 τοῖς
3245 5667 3331 5731 στ.
3367 5650 3675 5723 ἱσταμένοις
3696 5648 3781 5709 Cf.

540 5743 593 5797 p.
615 5725 720 5779 260
749 5724 806 5777 d.
