4090 6022
394 288 502 351 975

1666 276 1992 341 GEORGII
2036 270 2383 335 MONACIII

3575 265 3685 323 9ῗῦ

392 400 651 472 septima.
702 399 767 453 iii
820 398 887 454 ad
949 399 1142 453 urbem
1198 412 1376 469 usque
1433 404 1797 453 excurrentes
1853 408 1986 449 cun-

2121 388 2197 442 ιαὶ
2249 386 2697 458 καταδραμόντες
2753 384 2916 458 μέχρι
2978 384 3081 459 τῆς
3136 385 3345 449 πόλεως
3391 381 3690 454 ἑληῖσαντο

392 503 514 550 ctus
555 506 655 565 per
694 492 989 555 Thraciam
1043 491 1237 547 obvios
1274 489 1460 561 praeda
1506 488 1763 559 abegere.
1797 485 1995 540 Missus

394 587 583 657 itaque
647 583 1021 653 TheOphanes
1070 583 1339 653 patricius
1391 578 1857 651 protovestiarius
1895 576 1997 631 itu-

394 679 648 749 periique
698 675 1028 731 administer
1072 690 1138 730 ac
1187 675 1448 745 princeps
1490 683 1749 737 senatus,
1794 680 1856 728 ut
1902 686 1998 743 pa-

394 786 517 825 cem
565 785 692 824 cum
737 769 819 823 eis
866 774 1227 838 componeret
1280 767 1639 836 captivosque
1700 764 1995 834 reciperet.

396 864 570 919 Porro
599 861 971 931 'l‘heOphanes
1002 858 1172 931 91ﬁ,
1217 857 1540 914 admiranda
1591 857 1889 928 prudentia
1935 872 2002 911 ac

396 954 697 1027 sagacitate
738 953 847 1008 illis
877 967 1012 1007 usus
1038 959 1241 1007 cuncta
1271 967 1339 1008 ex
1372 959 1504 1007 voto
1539 949 1815 1013 confecit,
1852 949 2001 1003 mul-

399 1056 511 1102 tam
550 1062 618 1101 ex
661 1045 774 1101 illis
813 1059 884 1100 eo
929 1043 1157 1099 nomine
1201 1042 1422 1099 laudem
1470 1057 1535 1097 ac
1574 1042 1999 1097 admirationem

402 1146 760 1195 consecutus.
847 1136 1079 1205 Quando
1152 1146 1212 1191 et
1290 1136 1573 1191 Romanus
1658 1134 2000 1204 imperator,

400 1241 607 1303 quanta
641 1230 1051 1302 magniﬁcentia
1087 1236 1143 1286 et
1169 1228 1511 1285 humanitate
1546 1238 1855 1299 praestaret,
1889 1244 2005 1283 ma-

399 1324 667 1383 nifestum
716 1324 881 1390 fecit,
932 1323 1106 1378 nullis
1155 1322 1475 1392 sumptibus
1517 1336 1777 1393 parcens,
1822 1321 2004 1376 solum

404 1422 467 1468 ut
499 1414 883 1469 liberarentur
912 1412 1140 1483 captivi.

472 1506 564 1561 69.
592 1504 823 1559 Loeavit
847 1518 984 1558 vero
998 1503 1288 1559 Romanus
1317 1503 1620 1573 imperator
1639 1502 2006 1559 Consmntino

405 1595 651 1652 ﬁliorum
675 1605 809 1651 natu
836 1596 1067 1653 minimo
1090 1612 1319 1651 uxorem
1350 1597 1640 1661 Helenam,
1664 1597 1890 1652 Adriani
1918 1612 2008 1666 pa-

2099 484 2282 537 πᾶσαν
2305 481 2581 553 Θρακῴαν
2610 480 2811 551 ψυχήν.
2856 477 3166 550 ’Δπεστάλη
3196 476 3291 534 οὖν
3337 479 3368 531 6
3396 476 3688 548 πατρίκιος

2098 575 2380 643 Θεοφάνης
2436 574 2467 627 6
2522 572 3020 645 πρωτοσεστιάριος
3061 572 3158 627 καὶ
3195 567 3692 643 παραδυναστεύων

2103 670 2224 741 μετ’
2256 668 2439 724 αὐτῶν
2495 667 2721 737 ποιῆσαι
2770 665 3061 735 ἁλλάγιον,
3116 664 3176 729 ὃς
3224 664 3325 719 καὶ
3368 662 3691 734 θαυμασίως

2100 760 2198 814 καὶ
2222 758 2463 822 συνετῶς
2496 757 2696 821 αὐτοὺς
2723 754 3000 828 μετελθὼν
3032 757 3247 826 ὅσαπερ
3277 752 3539 827 ἠϐούλετο
3559 767 3696 808 κατ-

2100 852 2404 925 επράεατο,
2448 850 2621 904 πολλὰ
2665 850 2800 921 παρ’
2849 848 3032 904 αὺτῶν
3068 848 3164 903 ἐπὶ
3191 848 3260 919 τῇ
3295 847 3555 918 φρονήσει
3595 843 3697 899 καὶ

2102 944 2365 1017 εὐϐουλίᾳ
2405 943 2716 1007 ἐπαινεθείς
2749 958 2808 996 τε
2837 940 2933 997 καὶ
2967 940 3329 1009 θαυμασθείςο
3367 939 3458 994 ὅτε
3503 936 3597 992 καὶ
3632 938 3701 991 τὸ

2106 1037 2484 1109 μεγαλόψυχον
2533 1035 2701 1093 αὐτοῦ
2761 1035 2857 1089 καὶ
2915 1033 3305 1105 φιλάνθρωπον
3354 1035 3383 1088 6
3437 1030 3697 1103 βασιλεὺς

2114 1131 2400 1203 Ῥωμανὸς
2427 1129 2761 1195 ἐπεδείξατο,
2798 1126 3027 1199 μηδενὸς
3060 1128 3391 1197 φεισάμενος
3416 1126 3698 1198 χρήματος

2103 1226 2245 1297 πρὸς
2288 1222 2390 1296 τὴν
2423 1222 2537 1279 τῶν
2578 1220 2947 1294 αἰχμαλώτων
2980 1219 3306 1292 ἀνάρρυσιν.

2182 1490 2291 1560 μο¹.
2340 1490 2612 1560 Ἠγάγετο
2665 1488 2722 1542 δὲ
2758 1489 2993 1559 γυναῖκα
3035 1488 3065 1541 6
3108 1486 3366 1559 βασιλεὺς
3421 1486 3704 1558 Ῥωμανδς

2106 1583 2189 1656 τῷ
2217 1582 2515 1653 τελευταίῳ
2562 1578 2729 1635 αὐτοῦ
2786 1580 2890 1653 υἰῷ
2946 1581 3349 1649 Κωνσταντίνῳ
3400 1579 3464 1632 ὲκ
3505 1578 3701 1649 γένους

409 1689 554 1745 tricii
598 1689 799 1753 ﬁliam,
838 1690 1038 1760 stirpis
1075 1689 1453 1756 Armeniaci»;
1500 1705 1610 1760 qua
1648 1702 1703 1745 et
1749 1690 2009 1745 defuncta

2121 1678 2219 1732 τῶν
2260 1673 2662 1748 Ἀρμενιακῶν,
2699 1671 2938 1743 τοῦνομα
2979 1672 3202 1743 Ἑλένην
3222 1712 3237 1738 ,
3278 1670 3375 1726 τοῦ
3406 1672 3703 1743 πατρικίου

410 1783 623 1838 mensis
652 1783 947 1839 Februarii
970 1782 1060 1837 die
1086 1782 1263 1837 altera
1300 1754 1536 1837 alteram
1562 1784 1614 1838 ei
1645 1783 2011 1853 Tthphano-

2126 1768 2413 1842 Ἀδριανοῦ
2487 1768 2807 1839 θυγατέραο
2969 1768 3066 1821 καὶ
3128 1766 3537 1837 τελευτησάσης
3591 1766 3705 1819 Φε-

372 1894 375 1895 ν
408 1887 535 1928 nem
570 1872 795 1927 nomine
822 1881 1055 1940 nuptum
1090 1869 1342 1926 tradidit.

480 2050 570 2106 50.
618 2047 769 2105 Junii
821 2050 1031 2108 mensis
1084 2047 1412 2115 undecima,
1460 2045 1768 2103 indictione
1819 2050 2013 2117 quinta

415 2144 654 2206 decima,
703 2143 867 2195 [tussi
914 2141 1186 2195 instructa
1226 2140 1402 2195 classe
1450 2140 1518 2200 ad
1551 2140 1744 2197 decem
1787 2140 2013 2196 navium

414 2235 594 2293 millia
618 2233 887 2288 adversus
915 2230 1238 2304 Byzantium
1273 2231 1626 2303 navigarunt.
1657 2232 1857 2286 Missus
1881 2246 2015 2286 vero

414 2341 503 2386 est
548 2342 676 2385 cum
708 2326 1033 2382 triremibus
1053 2334 1107 2381 et
1146 2326 1456 2388 celocibus.
1488 2332 1764 2395 quotquot
1791 2324 1847 2379 in
1874 2324 2015 2381 urbe

415 2421 724 2485 exstabant,
747 2419 1117 2490 Theophanes
1135 2420 1404 2490 patricius
1418 2417 1727 2489 subadiuva
1743 2426 1798 2474 et
1822 2426 2014 2489 proto-

416 2514 751 2578 vestiarius;
789 2512 1170 2583 instructaque
1221 2523 1278 2567 et
1325 2522 1516 2581 paratu
1556 2512 1758 2577 classe,
1818 2513 2015 2585 jejunii

418 2624 483 2663 ac
537 2607 903 2677 lacrymarum
941 2606 1194 2676 apprime
1254 2604 1517 2675 praesidio
1561 2606 1835 2670 munitus,
1874 2606 2020 2661 Rus-

417 2714 511 2757 sos
555 2700 943 2770 Opericlaatur,
1002 2700 1195 2753 navale
1241 2714 1368 2753 cum
1416 2698 1498 2753 eis
1536 2707 1817 2754 certamen
1862 2714 2017 2754 com-

418 2792 717 2854 missurus.
759 2791 1012 2862 Cumque
1066 2792 1149 2846 illi
1198 2792 1311 2862 jam
1353 2792 1639 2847 venissent
1706 2806 1772 2847 ac
1838 2789 2019 2847 Pharo

419 2886 909 2957 propinquassent,
965 2883 1084 2955 ipse
1136 2885 1202 2940 ad
1245 2883 1446 2939 Euxini
1492 2884 1682 2939 tauces
1721 2885 2019 2939 stationem

421 2978 664 3043 habens,
737 2978 795 3033 in
848 2978 974 3037 loco
1036 2992 1203 3047 quem
1270 2976 1499 3032 nierum
1561 2985 1763 3032 vocant
1817 2978 1927 3046 (ac
1973 2976 2021 3030 si

426 3072 689 3142 templum
720 3069 911 3141 dicas)
932 3079 1161 3141 repente
1194 3070 1249 3123 in
1291 3083 1389 3123 eos
1416 3069 1834 3140 impressionem
1864 3068 2023 3124 fecit.
2053 3105 2096 3168 ο

421 3163 644 3225 Primus
674 3164 861 3234 itaque
887 3177 988 3218 sua
1023 3163 1142 3232 ipse
1167 3176 1472 3217 occurrens
1495 3162 1681 3218 celoce
1713 3177 1843 3216 cum
1869 3162 2015 3217 Rus,

425 3259 666 3309 stcarum
725 3252 951 3310 navium
996 3254 1171 3309 aciem
1222 3252 1508 3318 dissolvit,
1563 3261 1677 3308 tum
1727 3254 2018 3324 plerasque

422 3357 733 3419 praeparato
768 3348 893 3418 igne
925 3345 1097 3417 915
1142 3344 1334 3402 Graeco
1372 3345 1640 3410 incendit,
1679 3346 1924 3417 reliquas
1960 3347 2019 3403 in

424 3440 609 3511 fugam
657 3442 844 3499 vertit.
898 3438 1073 3512 Quem
1114 3454 1258 3510 pone
1313 3451 1515 3496 secuta:
1568 3456 1737 3495 naves
1792 3441 2021 3511 reliqua:

424 3550 489 3589 ac.
532 3533 784 3591 triremes
832 3532 1076 3593 hostium
1135 3532 1362 3602 penitus
1424 3533 1601 3589 aciem
1662 3531 1903 3599 fudere;
1956 3548 2021 3590 ac

422 3625 613 3693 plures
655 3622 883 3692 quidem
926 3624 1153 3682 navium
1196 3638 1325 3679 cum
1377 3623 1698 3681 vectoribus
1743 3624 2021 3694 profundo

423 3733 692 3782 mersere,
726 3718 930 3773 multos
962 3728 1302 3780 straverunt,
1333 3717 1604 3787 plurimos
1654 3719 1812 3773 vivos
1860 3734 2023 3790 cepe-

425 3820 575 3868 runt.
630 3812 762 3878 Qua:
816 3812 961 3868 cladi
1021 3812 1349 3882 superstites
1400 3811 1553 3868 fuere
1600 3812 1888 3882 reliquiae,
1952 3820 2021 3869 ad

426 3904 763 3960 Dricntalem
806 3905 1040 3974 plagam,
1086 3904 1154 3958 ad
1192 3904 1374 3958 locum
1416 3905 1586 3975 Sgora
1618 3904 1828 3959 dictum
1865 3906 2021 3976 traje-

426 4005 645 4052 ccrunt.
702 3996 781 4051 lbi
832 3996 1040 4055 Bardas
1078 4011 1305 4066 quoque
1344 3996 1614 4064 patricius
1669 3998 1872 4052 missus
1894 4014 2022 4054 cum

425 4086 676 4157 equitum
721 4086 932 4141 delecta
975 4100 1142 4143 manu
1189 4086 1255 4140 ad
1313 4087 1556 4142 hostium
1605 4086 1711 4142 iter
1750 4096 1896 4143 terra
1939 4090 2024 4144 in—

427 4180 858 4249 tcrcipiendum,
877 4180 932 4236 in
958 4195 1152 4235 eorum
1178 4180 1469 4237 cohortem
1488 4182 1623 4236 satis
1645 4197 2021 4248 numerosam,

427 4274 493 4327 ad
554 4274 929 4343 pabulandum
981 4274 1199 4344 aliaque
1259 4276 1571 4331 necessaria
1628 4276 1695 4331 ad
1754 4277 2025 4349 Bithynia:

426 4375 615 4433 partes
674 4367 935 4427 missam,
1008 4363 1241 4429 incidit,
1300 4365 1619 4433 ingentique
1664 4378 1785 4418 eam
1842 4375 2025 4438 strage

2115 1862 2394 1935 ϐρουαρίῳ
2429 1863 2591 1934 μηνὶ,
2633 1861 2968 1925 ἰνδικτιῶνος
3015 1857 3083 1931 β’,
3116 1858 3314 1931 ἑτέραν
3348 1858 3523 1927 τούτῳ
3568 1875 3693 1912 συν-

2114 1956 2327 2025 ἔζευξε.

2104 2120 2107 2121 ν
2185 2058 2249 2104 ν’.
2290 2050 2492 2119 Ἰουνίῳ
2536 2049 2593 2104 δὲ
2622 2049 2755 2120 μηνί
2786 2047 2876 2111 ια’,
2915 2047 3250 2109 ἰνδικτιῶνος
3280 2054 3363 2111 ιε’,
3392 2044 3702 2100 κατέπλευ-

2113 2162 2217 2198 σαν
2242 2144 2293 2198 οἰ
2321 2141 2463 2207 Ῥὼς
2496 2143 2640 2197 κατά
2671 2141 3304 2205 Κωνσταντινουπὸλεως
3340 2139 3481 2211 μετὰ
3502 2138 3710 2193 πλοίων

2114 2237 2370 2308 χιλιάδων
2431 2236 2585 2291 δέκα.
2654 2233 2963 2306 Ἀπεστὰλη
3026 2234 3085 2288 δὲ
3136 2234 3261 2288 κατ’
3319 2232 3503 2287 αὐτῶν
3565 2230 3705 2303 μετὰ

2112 2328 2360 2402 τριηρῶν
2389 2330 2487 2383 κα).
2519 2326 2836 2399 δρομώνων,
2860 2328 2960 2381 ὅσα
2998 2327 3096 2381 καὶ
3125 2325 3322 2397 ἔτυχον
3356 2328 3419 2380 ὲν
3437 2327 3504 2397 τῇ
3528 2324 3703 2389 πόλει,

2116 2426 2146 2478 6
2184 2422 2473 2495 πατρίκιος
2501 2422 2784 2490 Θεοφάνης
2824 2421 2855 2473 6
2888 2418 3385 2491 παραδυναστεύων
3432 2419 3528 2474 καὶ
3561 2436 3709 2489 πρω-

2116 2515 2515 2587 τοϐεστιάριος·
2564 2513 2662 2567 καὶ
2696 2511 2790 2564 τόν
2828 2528 2888 2575 τε
2938 2513 3129 2568 στόλον
3154 2509 3608 2582 ,προευτρεπίσας
3646 2525 3705 2562 τε

2119 2613 2212 2666 καὶ
2250 2612 2703 2683 ἑτοιμασάμενος,
2725 2611 2824 2664 καὶ
2851 2608 3080 2681 νηστείᾳ
3100 2608 3194 2662 καὶ
3219 2606 3487 2677 δάκρυσιν
3519 2603 3709 2661 ἑαυτὸν

2119 2702 2513 2774 κατοχυρώσας
2555 2702 2633 2765 ὼς
2674 2702 2932 2773 μάλιστα,
2980 2701 3107 2764 τοὺς
3156 2697 3292 2762 Ῥὼς
3325 2698 3708 2770 προσεδέχετο,

2120 2797 2625 2869 καταναυμαχῆσαι
2674 2796 2875 2860 αὐτοὺς
2926 2794 3159 2866 μέλλων.
3217 2793 3376 2847 Ἐπεὶ
3409 2792 3468 2847 δὲ
3511 2792 3711 2846 ἐκεῖνοι

2122 2891 2426 2946 κατέλαϐον
2458 2891 2553 2946 καὶ
2613 2889 2844 2961 πλησίον
2878 2886 2974 2943 τοῦ
3011 2889 3193 2958 Φάρου
3242 2886 3516 2956 ἐγένοντο,
3555 2876 3715 2948 οὗτος

2123 2984 2260 3056 πρὸς
2307 2982 2387 3055 τῷ
2419 2982 2515 3038 τοῦ
2554 2981 2812 3046 Εὐξείνου
2847 2981 3050 3036 πόντου
3091 2980 3322 3050 στόματι
3359 2976 3719 3050 παρεδρεύων

2130 3079 2187 3130 ὲν
2218 3075 2296 3146 τῷ
2338 3075 2492 3146 Ἱερῷ
2523 3073 2805 3145 λεγομένῳ
2847 3070 3045 3143 ἁθρόον
3077 3068 3289 3133 τούτοις
3325 3067 3573 3122 ἐπέθετο.
3605 3067 3717 3119 Καὶ

2126 3167 2193 3242 δὴ
2216 3167 2431 3239 πρῶτος
2455 3166 2536 3235 τῷ
2568 3164 2754 3236 οἰκείῳ
2793 3162 3034 3235 δρόμωνι
3071 3158 3437 3240 διεκπλεύσας
3467 3156 3553 3231 [Ρ.
3588 3154 3715 3231 58θῇ

2126 3265 2226 3335 τήν
2251 3280 2316 3316 τε
2342 3260 2600 3327 σύνταξιν
2622 3259 2733 3312 τῶν
2769 3253 3090 3311 Ῥωσιακῶν
3122 3252 3328 3307 πλοίων
3352 3250 3597 3305 διέλυσεν
3620 3248 3717 3305 καὶ

2126 3354 2203 3425 τῷ
2233 3352 2626 3422 έσκευασμένῳ
2677 3348 2814 3421 πυρὶ
2873 3348 3101 3402 πλεῖστα
3148 3344 3519 3414 κατέφλεξεν,
3546 3342 3614 3397 τὰ
3655 3341 3715 3395 δὲ

2126 3424 2289 3503 λοιπᾶ
2321 3447 2590 3518 ἐτρέψατο
2619 3447 2699 3508 εἰς
2727 3444 2930 3512 φυγὴν,
2955 3441 3033 3504 ὡς
3066 3424 3378 3501 ἀκολούθως
3405 3437 3501 3490 καὶ
3528 3436 3578 3491 οἰ
3608 3434 3717 3488 λοι-

2129 3540 2223 3594 ποὶ
2252 3539 2533 3611 δρόμωνες
2555 3538 2649 3591 καὶ
2670 3536 2729 3588 αἰ
2758 3534 3008 3604 τριήρεις
3033 3526 3485 3600 ἐπεκδραμοῦσαι
3502 3525 3716 3579 τελείαν

2129 3632 2459 3704 εἰργάσαντο
2495 3627 2596 3699 τὴν
2618 3627 2848 3700 τροπὴν,
2892 3625 2987 3679 καὶ
3024 3622 3197 3677 πολλὰ
3232 3619 3333 3692 μὲν
3381 3619 3547 3674 πλοῖα
3581 3632 3720 3673 κατ-

2130 3727 2327 3782 έδυσαν
2356 3724 2657 3794 αὓτανδρα,
2694 3720 2927 3784 πολλοὺς
2950 3717 3007 3772 δὲ
3029 3717 3404 3789 κατέτρωσαν,
3430 3713 3718 3776 πλείστους

2128 3822 2185 3876 δὲ
2229 3820 2439 3886 ζῶντας
2481 3814 2800 3871 συνέλαϐον.
2848 3815 2913 3868 Oi
2963 3809 3408 3884 περιλειφθέντες
3432 3806 3525 3862 οὖν
3546 3808 3623 3870 εἰς
3652 3805 3721 3859 τὸ

2128 3916 2229 3985 τῆς
2272 3911 2567 3981 ’Δνατολῆς
2611 3910 2777 3980 μέρος
2809 3909 2891 3971 εἰς
2912 3908 2982 3960 τὰ
3015 3905 3212 3977 Σγῶρα
3237 3904 3285 3937 ⁸⁸
3315 3901 3585 3972 λεγόμενα
3615 3918 3720 3955 κα-

2130 4005 2475 4058 ταπλέουσιν.
2521 3999 2828 4070 Ἀπεστὰλη
2864 3998 2925 4052 δὲ
2946 3996 3068 4051 τότε
3099 3996 3195 4050 καὶ
3228 3994 3442 4064 Βάρδας
3461 3996 3489 4047 6
3519 3993 3720 4055 Φωκᾶς

2132 4098 2225 4151 διὰ
2252 4098 2357 4167 γῆς
2389 4097 2529 4168 μετὰ
2559 4095 2769 4148 ἱππέων
2796 4093 3071 4163 ὲγκρίτων
3098 4089 3468 4160 παρατρέχειν
3496 4084 3719 4149 αὐτούς.

2135 4191 2243 4245 Καὶ
2274 4190 2338 4262 δὴ
2368 4190 2575 4243 τούτων
2599 4188 2887 4257 σύνταγμα
2910 4184 3096 4238 ἰκανὸν
3116 4180 3557 4237 ἀποστειλάντων
3584 4178 3722 4249 πρὸς

2131 4284 2201 4338 τὰ
2228 4285 2330 4355 τῆς
2358 4282 2609 4345 Βιϐυνίας
2635 4280 2779 4351 μέρη
2800 4277 2942 4332 ὥστε
2979 4276 3050 4330 τὰ
3079 4274 3218 4347 πρὸς
3246 4272 3457 4346 τροφὴν
3492 4276 3588 4326 καὶ
3617 4271 3722 4341 τὴν

2133 4373 2301 4447 ἄλλην
2325 4373 2517 4444 χρείαν
2537 4373 2720 4436 αὐτοῖς
2742 4368 3097 4442 πορίσασθαι,
3121 4367 3431 4439 περιτυχὼν
3450 4364 3531 4439 τῷ
3547 4362 3723 4418 τοιού·

426 4457 571 4513 fudit
628 4465 685 4512 et
752 4456 1137 4512 internecione
1200 4456 1427 4513 delevit.
1491 4457 1600 4512 Sed
1660 4464 1720 4512 et
1782 4457 2017 4515 Joannes

2132 4485 2211 4539 τῳ
2248 4466 2594 4537 συντάγματι
2620 4467 2647 4519 6
2680 4464 2971 4536 εἰρημένος
3006 4460 3220 4533 Βάρδας
3244 4460 3276 4514 6
3298 4460 3494 4522 Φωκεῖς
3531 4456 3720 4520 κακῶς

427 4553 690 4620 magister
754 4548 995 4604 Crocoas
1048 4565 1111 4604 ac
1159 4550 1441 4621 legionum
1503 4550 1845 4607 domesticus
1900 4566 2027 4605 cum

429 4645 669 4699 Asiatico
728 4644 877 4698 omni
938 4644 1187 4698 exercitu
1244 4654 1446 4713 praesto
1508 4643 1650 4709 fuit,
1712 4645 2028 4716 multosque

429 4737 734 4791 Russorum
763 4751 792 4790 a
822 4736 1040 4807 reliquo
1068 4737 1288 4806 agmine
1334 4737 1473 4791 alios
1503 4738 1611 4792 alio
1667 4738 1915 4794 divulsos
1949 4738 2031 4795 of-

430 4829 664 4885 fendens
695 4830 940 4895 sustulit,
981 4830 1053 4883 ita
1085 4845 1216 4884 sane
1244 4839 1307 4883 ut
1349 4831 1471 4902 ejus
1508 4831 1848 4901 agressionis
1876 4840 2027 4887 metu

431 4922 486 4983 in
525 4922 642 4976 suis
671 4937 730 4977 se
759 4922 1000 4999 navibus
1026 4922 1270 4979 adunata
1294 4922 1472 4979 classe
1503 4922 1889 4991 continerent,
1921 4939 2027 4980 nec

429 5030 665 5087 usquam
703 5030 995 5070 excurrere
1030 5014 1323 5071 auderent.

502 5300 589 5352 fil.
634 5300 698 5353 lli
740 5316 908 5370 porro
952 5301 1198 5371 ingentia
1246 5301 1598 5372 maximaque
1642 5304 1782 5358 mala
1824 5320 2025 5376 perpe-

433 5401 739 5456 traverunt,
790 5409 917 5449 cum
954 5394 1193 5449 necdum
1234 5394 1360 5450 illos
1403 5392 1665 5451 Romanae
1689 5398 1863 5467 c0piae
1897 5400 2025 5469 jun-

434 5487 661 5539 xiasent.
710 5484 844 5538 Nam
891 5483 1123 5539 Stenum
1185 5501 1372 5549 omne,
1423 5485 1573 5556 quod
1623 5497 1849 5554 vocant,
1900 5490 2025 5560 igne

438 5587 731 5633 vastarant.
789 5578 866 5633 Ea
904 5578 1015 5633 illis
1057 5592 1197 5647 quos
1238 5578 1488 5647 captivos
1543 5590 1839 5649 ceperant,
1889 5584 2028 5639 alios

2131 4560 2357 4624 τούτους
2390 4558 2669 4628 διέθηκεν,
2694 4557 3043 4629 τρεψάμενος
3090 4554 3186 4608 καὶ
3233 4549 3590 4624 κατασφάξας
3619 4550 3716 4603 αύ-

2131 4654 2279 4716 τούς.
2306 4651 2560 4723 Κατῆλθε
2592 4650 2649 4704 δὲ
2671 4649 2976 4722 τηνικαῦτα
2997 4647 3093 4703 καὶ
3127 4646 3382 4716 Ἰωάννης
3416 4643 3716 4715 μάγιστρος

2133 4746 2227 4800 καί
2257 4744 2581 4815 δομέστικος
2622 4743 2736 4798 τῶν
2763 4742 2973 4815 σχολῶν
3003 4742 3034 4795 6
3060 4740 3105 4795 Κ
3116 4739 3311 4811 ροκόας
3343 4739 3385 4771 ⁸⁷
3415 4737 3559 4809 μετὰ
3584 4753 3723 4789 παν-

2131 4838 2223 4903 τὸς
2267 4836 2364 4891 τοῦ
2416 4838 2519 4908 τῆς
2568 4837 2868 4907 ’Λνατολῆς
2908 4833 3342 4904 στρατεύματος,
3391 4829 3723 4885 καὶτούτων

2131 4933 2364 4998 πολλοὺς
2393 4933 2729 5004 διέφθειρεν,
2771 4929 3097 4994 ἀποσπὰδας
3125 4927 3255 5001 τῇδε
3291 4926 3515 4981 κάκεῖσε
3548 4941 3724 4979 κατα-

2130 5024 2450 5096 λαμϐάνων,
2482 5024 2622 5078 ὥστε
2661 5022 3031 5084 συσταλέντας
3054 5020 3255 5083 αὐτοὺς
3282 5016 3392 5071 δέει
3422 5015 3523 5087 τῆς
3554 5015 3723 5068 αὐτοῦ

2131 5116 2431 5182 ἐπιθέσεως
2479 5117 2662 5189 μένειν
2694 5116 2909 5188 ἀθρόως
2959 5114 3054 5167 ἐπὶ
3100 5112 3172 5166 τὰ
3212 5110 3390 5165 οἰκεῖα
3417 5105 3578 5161 πλοῖα.
3624 5107 3725 5161 καὶ

2135 5211 2388 5284 μηδαμοῦ
2409 5210 2714 5282 διατρέχειν
2738 5207 3113 5279 κατατολμᾷν.

2204 5311 2306 5359 να’.
2361 5302 2540 5357 Πολλὰ
2575 5303 2634 5357 δὲ
2681 5303 2779 5358 καὶ
2825 5303 3062 5374 μέγιστα
3112 5297 3261 5353 κακὰ
3306 5290 3456 5350 οὗτοι
3491 5290 3723 5363 διεπράο

2133 5395 2293 5462 ξαντο
2332 5396 2439 5468 πρὸ
2464 5397 2560 5452 τοῦ
2591 5397 2653 5452 τὸ
2696 5396 3004 5468 Ῥωμαϊκὸν
3045 5392 3368 5463 στράτευμα
3414 5383 3723 5443 κατελθεῖν.

2134 5492 2209 5547 Τό
2250 5509 2308 5545 τε
2355 5492 2462 5563 γὰρ
2515 5490 2710 5546 Στενδν
2753 5489 3050 5561 λεγόμενον
3079 5486 3227 5542 ἅπαν
3261 5481 3591 5551 ἐνέπρησαν,
3624 5474 3727 5531 καὶ

2133 5584 2228 5649 οὓς
2264 5585 2675 5658 συνελάμϐανον
2707 5584 3089 5657 αἰχμαλώτους
3134 5580 3265 5646 τοὺς
3323 5577 3421 5649 μὲν
3462 5574 3727 5631 ἀνεσταύ-

1741 5675 1976 5735 VARIxE
2037 5680 2448 5738 LECTIONES.

510 5765 553 5795 εί
585 5768 764 5835 Σγὸρα
800 5782 850 5835 p.
890 5765 998 5822 “263
1034 5768 1088 5822 b.
1170 5767 1212 5799 "
1253 5768 1573 5836 Κουρκούας
1609 5770 1681 5821 ib.
