4090 6022
542 127 610 191 77
1609 138 1809 204 VITIE
1849 138 2416 206 R-ECENTIORUM
2452 143 2663 207 IMPP.

3682 139 3791 202 97%

502 256 653 333 ρουν,
696 241 821 308 τοὺς
856 241 911 298 δὲ
955 246 1019 315 τῇ
1077 248 1149 319 γῇ
1223 250 1736 333 προσεπαττάλευον
1759 292 1776 319 ,
1838 254 1967 317 τοὺς
2036 251 2086 308 δί

2199 260 2366 309 terra:
2411 255 2793 327 conﬁgebant,
2843 255 2982 309 alios
3029 252 3184 309 velut
3222 249 3291 306 ad
3332 258 3532 304 metam
3575 261 3791 304 erectos

495 330 691 408 ὥσπερ
767 338 1009 403 σκοποὺς
1078 332 1339 408 ίστῶντες
1395 340 1576 414 βέλεσι
1667 345 2028 413 κατετόξευον
2078 364 2095 380 ο

500 424 662 492 ὅσους
734 425 794 482 δὲ
856 429 955 484 τοῦ
1017 432 1354 503 ἱερατικοῦ⁹
1386 434 1599 508 κλήρου
1657 439 2096 512 συνελάμϐανον,

2198 343 2513 416 jaculorum
2559 344 2736 401 imbre
2773 344 3129 416 itnpetebant.
3161 341 3445 412 Quotquot
3467 341 3634 411 916
3660 356 3793 396 vero

2203 437 2562 494 sacerdotalis
2601 454 2667 493 ac
2707 437 2980 494 clericalis
3019 437 3235 493 militias
3276 433 3789 505 deprehendcbant,

496 513 725 573 ὄπισθεν
791 519 895 586 τὰς
957 526 1154 598 χεῖρας
1231 525 1564 599 δεσμοῦντες
1618 528 1784 601 ἥλους
1820 533 2086 606 nemo,

2203 529 2273 585 iis
2307 539 2459 586 retro
2492 532 2697 588 vinctis
2725 531 2985 587 manibus
3018 545 3117 602 per
3150 529 3393 584 medium
3417 535 3583 596 caput
3606 526 3794 583 clavos

476 608 645 704 laeve
681 609 889 704 Αμέσης
973 615 1077 687 τῆς
1124 618 1373 688 κεφαλῆς
1430 618 1615 675 αὐτῶν
1666 623 2049 695 κατεπήγνυον
2079 642 2094 657 υ

497 700 726 769 πολλοὺς
763 721 826 760 τε
876 707 1071 777 άγίους
1131 711 1299 777 ναοὺς
1336 713 1416 786 τῷ
1471 714 1608 786 πυρὶ
1660 715 2094 789 παραδεδώκασι.

494 790 792 863 Χειμῶνος
829 795 889 852 δὲ
934 798 1039 871 ἠδη
1089 801 1453 875 ἐνισταμένου
1482 844 1503 873 ,
1562 806 1659 862 καὶ
1719 808 1939 881 τροφῆς
1985 810 2097 866 άπ-

493 883 751 956 οροῦντες
788 931 806 957 ,
846 889 917 945 τό
965 908 1028 945 τε
1060 893 1293 950 ἐπελθὸν
1357 898 1681 970 στράτευμα
1726 898 1965 969 δεδιότες
1993 904 2095 967 τάς

497 992 560 1031 τε
598 980 1022 1053 ναυμαχοῦντας
1067 985 1343 1058 τριήρεις,
1376 988 1773 1049 ἐϐουλεύσαντο
1810 991 1881 1047 τὰ
1918 996 2094 1049 οίκεῖα

496 1070 850 1129 καταλαϐεῖν.
882 1075 993 1131 Καὶ
1019 1076 1088 1150 δὴ
1105 1076 1294 1135 λαθεῖν
1324 1080 1419 1137 τὸν
1457 1081 1648 1140 στόλον
1671 1085 2092 1154 σπουδάζοντες,

495 1161 860 1239 Σεπτεμϐρίῳ
889 1169 1044 1240 μηνὶ,
1094 1174 1160 1225 ιε’
1189 1170 1533 1240 ἰνδικτιῶνος
1576 1175 1938 1233 άπιπλεῦσαι
1961 1178 2092 1252 ,ὡρ-

497 1254 742 1326 μηκότες
801 1258 898 1315 hct
954 1259 1027 1317 τὰ
1080 1261 1329 1338 Spaan
1384 1265 1531 1339 μέρη
1588 1267 1745 1340 παρὰ
1782 1268 2094 1342 Θεοφάνους

497 1352 793 1421 πατρικίου
838 1352 1256 1429 ὑιιτιιιντήθησαν⁸
1297 1359 1364 1416 οὐ
1414 1360 1526 1434 γάρ
1574 1361 1769 1419 ἔλαθον
1794 1364 1900 1438 τὴν
1923 1364 2092 1421 αὑτοῦ

493 1439 963 1519 ιγρηγορωτάτην
997 1449 1096 1503 καὶ
1126 1448 1388 1519 γενναίαν
1419 1450 1622 1527 ψυχήν.
1644 1452 1823 1521 Εὐθὺς
1855 1454 1950 1510 οὖν
1968 1456 2091 1513 δευς

493 1531 629 1607 τέρα
656 1538 937 1612 ναυμαχία
961 1541 1318 1611 συνάπτεται,
1354 1544 1453 1601 καὶ
1473 1544 1707 1603 πλεῖστα
1730 1547 1895 1604 πλοῖα
1927 1534 2088 1605 ἐπόν-

490 1643 671 1683 τωσεν
705 1632 803 1685 καὶ
844 1632 1080 1700 πολλοὺς
1119 1634 1331 1695 τούτων
1378 1639 1709 1696 ἀπέκτεινεν
1736 1643 1767 1698 6
1798 1643 2087 1717 είρημένος

490 1718 658 1793 ἀνὴρ.
711 1721 916 1795 Ὀλίγοι
942 1727 1000 1782 δι
1026 1729 1169 1801 μετὰ
1191 1731 1304 1787 τῶν
1335 1731 1540 1789 πλοίων
1562 1733 1965 1805 περισωθέντες
1996 1737 2092 1791 καὶ

491 1811 552 1866 ιν
592 1815 664 1886 τῇ
694 1813 801 1885 τῆς
853 1816 1060 1891 Κοίλης
1098 1823 1498 1896 περιπεσόντες
1526 1826 1670 1898 ἀκτῇ
1704 1827 1900 1894 νυκτὸς
1933 1827 2093 1881 ὲπελι-

490 1902 694 1978 θοῠσης
721 1905 950 1979 ἔφυγον.
973 1910 1259 1986 Θεοφάνης
1278 1916 1338 1971 δὲ
1360 1917 1391 1972 6
1431 1918 1727 1990 πατρίκιος
1760 1918 1906 1990 μετὰ.
1928 1920 2089 1992 νίκης

488 1993 750 2068 λαμπρᾶς
791 1998 887 2054 καὶ
913 2000 1025 2057 τῶν
1059 2002 1338 2075 μεγίστων
1378 2007 1725 2081 ὑπέστρεψεν
1765 2009 2085 2083 τροπαίων,

489 2090 587 2142 καὶ
608 2089 849 2164 ιντίμως
870 2094 966 2149 καὶ
994 2094 1436 2172 μεγαλοπρεπῶς
1465 2098 1742 2177 ὑπεδέχθη
1779 2101 1880 2157 καὶ
1906 2118 2087 2175 παρα-

489 2179 837 2255 κοιμὼμενος
879 2186 1145 2259 ἐτιμήθη.

560 2455 652 2529 ῘΡ.
686 2455 817 2531 590]
846 2458 949 2530 νβ’.
1020 2459 1178 2517 Ἐπεὶ
1233 2463 1292 2519 δὲ
1331 2465 1363 2520 6
1390 2465 1585 2539 ῥηθεὶς
1626 2467 1887 2542 Ἰωάννης
1919 2471 2087 2543 μάγι-

488 2565 654 2620 στρος
678 2552 708 2605 6
736 2553 994 2624 Κροκόας
1032 2556 1258 2629 ἄριστός
1288 2575 1375 2625 τις
1401 2560 1624 2631 ιγένετο
1665 2562 1737 2618 τὰ
1778 2564 2079 2637 πολεμικὰ,

488 2642 664 2700 πολλά
686 2662 744 2699 τε
773 2647 867 2701 καὶ
888 2649 1109 2720 μεγάλα
1131 2651 1403 2724 ἀνέστησε
1428 2655 1691 2726 τρόπαια,
1716 2658 1811 2713 καὶ
1842 2659 1913 2715 τὰ
1950 2661 2086 2715 Ῥω-

492 2736 669 2805 μαῖκά
707 2737 1013 2797 ἐπλάτυνεν
1041 2743 1190 2816 ὅρια,
1229 2744 1495 2813 πλείστας
1520 2765 1583 2803 τε
1613 2748 1802 2816 πόλεις
1845 2752 2084 2825 ἐπόρθη-

490 2843 586 2882 σεν
630 2830 741 2884 τῶν
777 2832 1121 2906 ’ΛγαρηνῶΨ
1161 2836 1252 2893 διὰ
1290 2828 1355 2893 δέ
1399 2839 1462 2895 τδ
1490 2843 1795 2916 περιφανὲς
1841 2847 1943 2918 τῆς
1990 2846 2085 2901 τοῦ

2202 623 2416 680 ferreos
2466 624 2786 697 adigebant.
2846 625 3042 680 Multas
3084 640 3369 680 sacrarum
3410 622 3614 691 aedium
3658 622 3791 677 sub-

2195 716 2352 786 jecta.
2398 714 2617 773 ﬂamma
2667 716 3116 773 combusserunt.
3167 716 3465 786 Ingruente
3508 728 3642 770 vero
3677 716 3792 786 jam

2200 806 2420 873 hieme.
2461 818 2519 864 et
2567 824 2693 866 cum
2733 824 2832 866 eos
2873 809 3222 885 necessarius
3265 813 3605 863 commeatus
3648 805 3786 861 deli-

2200 910 2390 967 ceret,
2444 900 2582 956 dum
2641 909 2788 958 terra
2844 902 3124 959 exercitus
3180 902 3236 956 in
3290 917 3352 957 se
3408 901 3674 972 impetum
3726 915 3793 957 ac

2198 988 2395 1046 navale
2441 991 2697 1063 prtelium
2746 994 2973 1058 timent,
3028 992 3252 1049 domum
3314 993 3521 1048 reverti
3581 992 3792 1047 consti-

2198 1091 2450 1142 tuerunt.
2497 1084 2578 1141 Ac
2622 1100 2757 1143 sane
2821 1087 3053 1143 classem
3114 1086 3289 1142 latere
3343 1088 3480 1141 dum
3534 1085 3786 1151 student,

2197 1192 2391 1234 mense
2432 1176 2783 1249 Septembre,
2838 1179 3144 1236 indictione
3191 1180 3385 1250 quinta
3443 1178 3680 1246 decima,
3719 1179 3786 1233 ad

2196 1269 2451 1328 Thracia:
2497 1281 2696 1342 portus
2753 1272 3112 1328 transfretare
3169 1274 3447 1347 aggressi,
3499 1288 3662 1342 quem
3703 1272 3786 1327 di-

2194 1359 2413 1431 cebam,
2466 1360 2861 1433 Theophanem
2911 1363 3203 1432 patricium
3257 1362 3478 1417 obviam
3515 1361 3785 1417 habuere.

2193 1453 2386 1525 Neque
2452 1455 2604 1511 enim
2677 1454 2784 1509 viri
2846 1454 3269 1509 solertissimum
3336 1469 3401 1507 ac
3465 1453 3786 1524 pervigilem

2194 1547 2441 1603 animum
2508 1562 2727 1618 unaque
2810 1545 3177 1602 fortissimum
3256 1543 3592 1601 fefellerunt.
3664 1544 3787 1601 Mox

2191 1639 2364 1712 igitur
2408 1638 2623 1698 navalis
2665 1638 2854 1693 denuo
2909 1654 3093 1710 pugna
3146 1638 3550 1704 committitur;
3609 1638 3786 1708 pluri-

2189 1747 2407 1805 maque
2460 1732 2704 1790 hostium
2749 1732 3057 1787 submersae
3104 1747 3316 1797 naves,
3369 1731 3531 1785 multi
3578 1730 3784 1797 occisi,

2188 1826 2308 1896 ejus
2379 1824 2584 1889 Marte,
2642 1838 2810 1895 quem
2876 1824 3169 1889 dicebam,
3222 1823 3349 1879 viri.
3425 1823 3592 1879 Pauci
3658 1838 3785 1879 cum

2188 1916 2424 1973 navibus
2462 1917 2605 1973 cladi
2654 1916 2917 1973 subducti
2961 1918 3130 1987 inque
3171 1913 3356 1972 Cocles
3399 1932 3657 1986 asperum
3692 1916 3787 1971 lit-

2188 2014 2280 2062 tus
2317 2008 2493 2063 evecti
2542 2008 2838 2079 ingruente
2877 2018 3038 2065 nocte
3082 2007 3210 2079 fuga
3253 2018 3571 2064 evaserunt.
3606 2009 3786 2064 Theo.

2185 2099 2402 2170 phanes
2430 2114 2565 2154 vero
2608 2099 2881 2170 patricius
2924 2115 3050 2153 cum
3101 2098 3303 2170 insigni
3343 2100 3580 2154 victoria
3612 2099 3788 2153 maxi-

2186 2192 2404 2263 misque
2480 2194 2702 2264 tropaeis
2792 2207 3052 2248 reversus
3119 2192 3429 2249 honorifice
3512 2208 3579 2248 ac
3666 2208 3787 2248 ma-

2186 2286 2387 2359 gnifice
2444 2289 2775 2359 suscipitur,
2846 2303 2910 2343 ac
2968 2287 3307 2344 accubitoris
3369 2288 3634 2361 dignitate
3683 2304 3775 2344 or-

2187 2388 2376 2436 natur.

2258 2472 2351 2529 52.
2398 2472 2542 2540 Quia
2575 2488 2711 2528 vero
2765 2472 2949 2529 dictus
2991 2474 3235 2530 Joannes
3258 2474 3521 2547 magister
3544 2472 3785 2531 Crocoa:

2186 2568 2649 2638 praestantissima
2711 2568 2920 2624 virtute
2976 2568 3126 2624 bello
3176 2568 3443 2631 fulserat,
3500 2570 3782 2646 multaque

2186 2677 2253 2718 ac
2299 2676 2497 2733 magna
2554 2670 2809 2718 erexerat
2868 2672 3108 2733 tropma,
3169 2672 3333 2734 atque
3387 2662 3619 2719 Romani
3674 2668 3781 2718 im-

2188 2751 2329 2821 perii
2382 2749 2522 2808 lines
2574 2753 2687 2807 late
2732 2752 3074 2829 pgotulerat,
3141 2754 3521 2823 plurimasque
3579 2756 3786 2825 Agare-

2187 2858 2390 2898 norum
2440 2843 2608 2898 urbes
2667 2852 2979 2909 everterat,
3037 2844 3296 2915 quodque
3357 2845 3465 2900 viri
3519 2845 3783 2901 illustris-

486 2919 685 3034 άΪδρΫς
735 2925 938 3034 ἀρετῆς
971 2926 1256 3034 Woelfﬁn
1297 2930 1625 3034 ὀιβασιλεὺς
1675 2934 1959 3006 Ῥωμανδς
2005 2941 2086 3003 εἰς

2190 2935 2329 2990 sima
2388 2937 2568 2992 virtus
2627 2947 2810 3001 esset,
2875 2938 3213 3010 cogitaverat
3274 2938 3559 2994 Romanus
3602 2939 3781 3011 impe-

487 3012 582 3067 τὸν
612 3014 812 3070 ἑαυτοῦ
835 3015 1063 3087 ἔγγονον
1102 3017 1411 3093 Ῥωμανδν,
1450 3022 1544 3078 τὸν
1570 3024 1639 3079 ἐκ
1666 3025 1764 3080 τοῦ
1795 3028 2086 3084 Κωνσταν-

484 3105 636 3160 τίνου
681 3107 778 3163 τοῦ
814 3108 937 3164 υίοῧ
982 3111 1176 3177 αὐτοῦ.
1205 3114 1307 3185 τὴν
1340 3114 1533 3171 τούτου
1561 3116 1841 3191 θυγατέρα
1872 3120 2083 3176 ἀναλα-

487 3195 629 3254 ϐεῖν.
654 3198 857 3255 Φθόνου
888 3202 946 3256 δὲ
970 3203 1123 3275 αὐτῷ
1137 3203 1237 3277 τῆς
1262 3207 1525 3279 τοιαύτης
1552 3209 1742 3266 ἕνεκεν
1770 3211 2085 3280 ὑποθέσεως

490 3291 646 3364 παρὰ
665 3292 778 3347 τῶν
806 3293 1017 3351 λοιπῶν
1042 3295 1314 3368 βασιλέων
1352 3300 1671 3372 κινηθέντος
1692 3303 1951 3362 ἐκπίπτει
1979 3308 2081 3380 τῆς

485 3384 688 3455 ἀρχῆς,
727 3386 1050 3458 δομέοτικος
1097 3390 1161 3445 δὲ
1210 3392 1666 3451 ἁντικαθίσταται
1715 3398 1746 3452 6
1788 3400 2083 3473 πατρίκιος

484 3477 829 3555 Πανθήριος,
873 3485 1149 3557 συγγενὴς
1229 3484 1310 3543 ὢν
1380 3488 1478 3544 τοῦ
1544 3488 1815 3563 βασιλέως
1866 3494 2080 3567 Ῥωμαο

484 3586 601 3628 νου.

555 3659 656 3735 νγ’.
728 3664 1087 3735 ἰνϐικτιῶνος
1143 3670 1218 3739 α’,
1278 3672 1579 3747 Ἀπριλλίῳ
1634 3677 1793 3748 μηνὶ,
1840 3678 2083 3752 ἐπῆλθον

484 3755 649 3809 πάλιν
695 3758 749 3811 οι
792 3757 1027 3831 Τοῦρκοι
1074 3762 1217 3832 μετὰ
1251 3764 1517 3836 πλείστης
1574 3766 1885 3840 δυνάμεως.
1933 3772 1995 3826 '0
2022 3773 2081 3826 δὲ

481 3848 777 3921 πατρίκιος
828 3850 1116 3926 Θεοφάνης
1174 3857 1205 3911 6
1272 3860 1782 3933 παρακοιμώμενος
1846 3862 2080 3930 ἐξελθὼν

482 3940 719 4008 σπονδὰς
740 3944 1027 4017 εἰρηνικὰς
1060 3948 1286 4021 ἐποίησε
1312 3951 1432 4020 μετ’
1463 3953 1670 4024 αὐτῶν,
1692 3956 1940 4028 ὁμήρους
1966 3960 2079 4015 τῶν

480 4034 745 4108 ἐμφανῶν
779 4036 1212 4109 ἀναλαϐόμενος·
1251 4041 1313 4107 ἐξ
1359 4045 1421 4098 οὒ
1474 4047 1570 4099 καὶ
1595 4047 1794 4120 συνέϐη
1824 4051 1918 4105 ἐπὶ
1951 4052 2078 4123 χρό-

480 4143 596 4194 νοις
622 4124 666 4182 ε¹
690 4127 794 4202 τὴν
819 4131 1049 4203 εἰρήνην
1078 4132 1538 4207 διαφυλαχθῆναι.

548 4304 644 4365 νδ.
667 4308 942 4382 Δευτέρας
970 4312 1030 4368 δὲ
1067 4312 1407 4377 ίνδικτιῶνος
1435 4317 1465 4370 6
1497 4315 1758 4388 βασιλεὺς
1797 4321 2080 4397 Ῥωμανὸς
2105 4330 2161 4392 D

480 4399 793 4471 Πασχάλιον
847 4406 1349 4477 πρωτοσπαθάριον
1403 4411 1499 4463 καὶ
1544 4414 1855 4485 στρατηγὸν
1882 4418 2078 4488 Λογγι.

479 4489 711 4566 ϐαρείας
750 4492 890 4568 πρὸς
938 4495 1032 4549 τὸν
1088 4496 1234 4569 ρῆγα
1287 4499 1573 4572 Φραγγίας
1606 4502 1861 4573 Οὕγουνα
1911 4509 1956 4541 σο
1989 4512 2077 4577 ἐξ..

478 4584 794 4675 απέστειλε.
844 4584 946 4661 τὴν
994 4588 1166 4645 αὐτοῦ
1213 4590 1493 4665 θυγατέρα
1524 4596 1803 4667 ἐπιζητῶν
1825 4599 1907 4664 είς
1938 4602 2071 4675 νύμ-

477 4693 590 4748 φην
629 4674 899 4749 Ῥωμανῷ
924 4678 1003 4751 τῷ
1031 4680 1135 4753 υῑῷ
1164 4680 1261 4736 τοῦ
1293 4684 1551 4757 γαμϐροῦ
1573 4686 1739 4743 αὑτοῦ
1776 4691 2072 4747 Κωνσταν⁹

475 4770 650 4825 τίνου·
714 4769 787 4842 ἢν
848 4777 947 4827 καὶ
1007 4773 1299 4830 ἀναλαϐὼν
1348 4779 1376 4832 6
1429 4780 1723 4851 είρημένος
1761 4782 2076 4856 Πασχάλιος

480 4862 623 4932 μετά
656 4862 893 4921 πλούτου
933 4866 1136 4922 πολλοῦ
1175 4868 1235 4923 ἒν
1254 4871 1323 4942 τῇ
1358 4871 1512 4926 πόλει
1549 4874 1849 4947 ἀνήγαγεν.
1877 4879 2076 4949 Γέγονε

476 4956 536 5012 δὲ
586 4957 617 5011 6
642 4958 824 5029 γάμος
853 4959 1224 5035 Σεπτεμϐρίῳ
1259 4964 1397 5036 μηνὶ
1428 4967 1766 5035 ίνδικτιῶνος
1790 4976 1862 5041 γ’.
1894 4974 2075 5045 Ζήσα-

480 5065 552 5103 σα
574 5049 673 5121 ἔτη
692 5050 759 5118 ε’,
789 5051 1148 5124 δτελεύτησεν
1175 5055 1240 5109 έν
1253 5058 1377 5122 ταῖς
1400 5057 1641 5132 ἡμέραις
1668 5061 1773 5133 τῆς
1799 5064 2075 5136 αὐτοκρα-

477 5140 668 5213 τορίας
697 5143 1112 5200 κωνσταντίνου
1156 5144 1254 5202 τοῦ
1298 5147 1473 5223 αὐτῆς
1525 5151 1817 5226 πενθεροῦ.

549 5324 644 5383 νε⁹.
699 5326 930 5402 Ἃνέμου
984 5330 1043 5387 δέ
1092 5331 1271 5406 βιαίου
1316 5334 1524 5409 σφόδρα
1575 5338 2068 5404 καταπνεύσαντος

479 5417 803 5494 Δεκεμϐρίῳ
847 5423 1002 5494 μηνὶ,
1043 5426 1095 5480 ot
1137 5424 1423 5503 λεγόμενοι
1466 5429 1527 5484 έν
1562 5429 1640 5504 τῷ
1668 5429 1878 5504 ἱππικῷ
1900 5431 2067 5503 δῆμοι

2191 3035 2345 3084 rator
2376 3030 2543 3102 917
2608 3039 2673 3085 ut
2738 3033 2861 3102 ejus
2915 3030 3086 3086 lilium
3153 3032 3402 3086 Romano
3465 3035 3652 3101 nepoti
3712 3051 3781 3090 ex

2188 3120 2556 3179 Constantino
2602 3123 2716 3179 lilio
2761 3140 2986 3181 uxorem
3025 3127 3340 3182 ascisceret.
3374 3123 3619 3183 Conﬂata
3648 3144 3782 3184 vero

2190 3214 2323 3270 hinc
2370 3215 2495 3271 viro
2553 3216 2902 3286 reliquorum
2949 3219 3321 3290 Augustorum
3376 3218 3604 3286 invidia,
3665 3219 3782 3274 olli-

2187 3307 2276 3365 cio
2317 3317 2594 3365 movetur.
2628 3310 2803 3381 Hujus
2850 3328 3016 3382 porro
3050 3313 3172 3369 loco
3198 3313 3539 3369 domesticus
3570 3316 3776 3369 conSti-

2187 3402 2367 3459 tuitur
2408 3404 2743 3460 Pantherius
2787 3404 3087 3477 patricius,
3145 3405 3375 3461 Romani
3427 3407 3779 3477 imperatoris

2185 3495 2554 3567 propinquus.

2256 3670 2348 3726 55.
2405 3671 2715 3728 lndictione
2767 3672 2983 3743 prima,
3050 3687 3239 3727 mense
3306 3674 3518 3744 Aprili,
3584 3690 3779 3731 rursus

2187 3765 2353 3822 Turei
2408 3781 2533 3820 cum
2602 3766 2920 3838 ingentibus
2989 3765 3163 3836 c0piis
3230 3765 3492 3821 Romanae
3548 3765 3779 3824 ditionis

2186 3857 2326 3914 ﬁnes
2374 3859 2715 3912 invaserunt.
2777 3858 3044 3929 Egressus
3087 3871 3222 3911 vero
3267 3856 3633 3926 Theophanes
3681 3873 3778 3926 pa-

2187 3951 2383 4008 tricius
2435 3951 2725 4006 aceubitor
2789 3950 2942 4020 pacis
3003 3964 3128 4004 cum
3169 3948 3251 4002 eis
3314 3946 3493 4002 foedus
3548 3963 3777 4016 percus-

2186 4042 2261 4096 sit
2335 4040 2577 4110 acceptis
2616 4039 2907 4096 obsidibus
2950 4053 3016 4093 ex
3069 4037 3486 4092 illustrioribus.
3524 4035 3773 4107 "ineque

2185 4134 2322 4190 adeo
2353 4133 2583 4205 contigit
2616 4132 2672 4187 in
2709 4146 2885 4187 annos
2911 4131 3157 4202 quinque
3190 4145 3379 4199 pacem
3414 4129 3773 4200 intluciasque

2182 4226 2413 4282 servari.

2260 4319 2348 4373 56.
2413 4317 2664 4372 Secunda
2720 4332 2889 4389 porro
2957 4313 3262 4370 indictione
3325 4314 3608 4369 Romanus
3673 4315 3774 4371 im-

2186 4424 2413 4486 perator
2470 4410 2818 4467 Paschalium
2874 4408 3381 4480 protospathariutn
3433 4424 3498 4463 ac
3556 4407 3771 4477 Longa-

2184 4507 2394 4562 bardize
2424 4504 2622 4561 ducem
2668 4501 2736 4557 ad
2779 4500 3064 4572 Hugonem
3096 4500 3249 4554 misit
3288 4500 3532 4554 Francia)
3562 4515 3767 4570 regem,

2182 4600 2305 4673 ejus
2363 4598 2528 4651 tiliam
2591 4594 2844 4648 Romano
2895 4589 3240 4647 Constantini
3286 4589 3476 4659 generi
3523 4590 3611 4645 sui
3658 4590 3770 4646 lilio

2181 4705 2442 4759 Sponsam
2493 4686 2827 4757 exquirens;
2886 4698 3052 4754 quam
3108 4692 3165 4737 et
3220 4696 3538 4747 assumens,
3602 4697 3768 4751 quem

2179 4784 2333 4847 dixi,
2397 4778 2719 4837 Paschalius
2776 4792 2902 4834 cum
2961 4776 3133 4831 multa
3200 4774 3541 4844 supellectile
3599 4783 3765 4845 atque

2177 4876 2380 4947 opibus
2451 4875 2509 4929 in
2589 4872 2784 4927 urbem
2861 4868 3097 4924 induxit.
3181 4865 3483 4921 Cclebratze
3531 4868 3762 4936 nuptiae,

2177 4984 2369 5027 mense
2422 4963 2772 5038 Septembri.
2840 4960 3143 5017 indictione
3210 4960 3391 5015 tertia.
3446 4960 3594 5015 Vixit
3639 4977 3763 5015 cum

2175 5059 2301 5116 viro
2372 5071 2547 5112 annos
2625 5057 2923 5126 quinque;
2996 5062 3224 5121 tumque
3296 5048 3437 5105 vivis
3511 5064 3762 5120 exemth

2178 5162 2304 5219 est,
2364 5164 2492 5206 cum
2560 5145 2959 5204 Constantinus
3014 5144 3161 5199 illius
3221 5158 3379 5197 socer
3446 5143 3562 5213 ipse
3617 5159 3764 5197 sunt-

2178 5254 2302 5296 mus
2339 5238 2644 5309 imperator
2682 5243 2832 5292 esset
2860 5249 3113 5304 unusque
3153 5248 3338 5288 rerum
3369 5233 3663 5302 potiretur.

2248 5333 2338 5388 55.
2397 5330 2582 5386 Mense
2639 5336 2823 5383 autem
2876 5325 3198 5389 Decembri,
3253 5324 3437 5380 valido
3488 5325 3759 5379 concitato

2176 5434 2343 5484 vento
2366 5433 2530 5495 atque
2558 5422 2802 5484 turbine,
2846 5419 3014 5490 918
3042 5418 3136 5489 qui
3174 5419 3228 5473 in
3254 5418 3373 5473 [οι-ο
3420 5433 3485 5471 ex
3526 5418 3761 5471 adverso

1786 5523 2023 5583 VARI/IS
2057 5523 2347 5585 LECTION
2360 5521 2459 5578 iis.

553 5612 603 5647 "
631 5612 862 5686 οθγωνα
888 5631 944 5690 p.
970 5615 1078 5673 267
1105 5618 1163 5674 d.
