4090 6022
312 137 422 205 9ῗ9

1603 141 1927 205 GEORGII
1960 141 2315 207 MONACHI

3507 137 3615 201 930

312 260 453 331 regii
489 257 615 315 solii
645 256 819 315 erecti
852 262 1016 325 sunt,
1053 258 1134 313 sic
1170 257 1328 324 dicti,
1361 259 1509 315 demi
1545 270 1905 327 corruerunt,

2016 263 2411 331 κατέπεσον,οι
2440 259 2777 327 άπεναντίας
2805 258 2901 315 τοῦ
2930 257 3213 332 βασιλικοῦ
3232 258 3425 329 θρόνου
3449 257 3578 327 ἑτύγ
3604 285 3617 296 -

307 351 707 424 subiectosque
745 349 951 422 gradus
995 360 1054 407 et
1090 366 1367 408 marmora
1394 362 1451 408 et
1483 352 1915 410 intercolumnia

310 444 721 500 contriverunt.
778 444 923 500 Anni
977 453 1164 500 autem
1216 454 1473 503 vertente
1525 446 1774 513 circulo,
1814 464 1913 504 eo.

311 533 439 594 dem
467 536 591 609 ipso
623 550 837 604 mense,
882 536 1197 595 Romanum
1231 540 1630 611 imperatorem
1663 542 1787 613 ejus
1819 519 1915 597 illii

312 630 441 685 aula
480 628 832 703 deiecerunt.

382 723 472 779 56.
525 722 810 780 Edessena
852 732 1042 780 autem
1075 724 1333 792 civitate,
1381 724 1440 782 in
1465 741 1576 797 qua
1613 725 1918 782 venerandi

309 815 521 873 Christi
569 814 783 888 eillgics
854 816 1031 874 linteo
1079 833 1344 889 expressa
1391 827 1545 883 erat,
1596 834 1627 873 a
1668 818 1919 873 Romano

309 910 563 966 exercitu
626 908 855 966 obsessa
921 919 980 968 et
1031 910 1102 965 ad
1158 920 1440 968 extremas
1494 910 1777 983 angustias
1833 926 1922 967 re-

312 1001 478 1059 dacta
518 1003 796 1060 miserunt
835 1003 1102 1075 Oppidani
1133 1002 1204 1059 ad
1246 1004 1561 1062 Romanum
1608 1004 1917 1076 imperato-

314 1109 435 1150 rem
482 1102 740 1152 oratores
801 1106 1068 1168 rogantes
1139 1096 1279 1153 solvi
1349 1096 1738 1164 obsidionem,
1796 1097 1919 1169 ejus

314 1186 567 1242 muneris
603 1186 795 1259 gratia:
827 1202 1045 1243 sacram
1074 1186 1283 1244 Christi
1335 1186 1419 1245 sic
1445 1201 1763 1259 expressam
1798 1186 1918 1243 επὶ-

314 1278 462 1351 giem
495 1293 558 1335 se
581 1278 813 1336 daturos
847 1279 1121 1349 polliciti;
1155 1280 1642 1353 huiusque-ipsius
1670 1280 1919 1337 muneris

316 1372 498 1428 vicem
546 1388 617 1429 ex
667 1372 787 1428 suis
828 1372 1050 1429 vinctos
1098 1372 1433 1429 illustriores
1474 1372 1721 1443 recipere
1765 1380 1921 1443 pete-

318 1467 491 1532 bant,
531 1464 797 1537 bullaque
846 1480 1015 1521 aurea
1065 1481 1190 1523 eam
1231 1466 1315 1522 eis
1355 1466 1606 1537 praestari
1654 1464 1819 1520 fidem
1856 1471 1917 1518 ut

314 1574 427 1615 non
463 1558 705 1629 amplius
743 1559 1006 1615 Romanae
1030 1559 1207 1629 copia:
1253 1559 1596 1616 Edessenam
1634 1557 1918 1630 regionem

2021 373 2221 426 χανον,
2259 357 2355 410 καὶ⁵
2412 352 2746 426 συνίτριψαν
2794 353 2866 408 τά
2915 369 2976 407 τε
3023 351 3381 406 ὑποκάτωθεν
3436 350 3617 405 αὐτῶν

2022 447 2202 523 βάθρα
2233 449 2331 503 καὶ
2360 449 2431 504 τά
2466 448 2672 521 στήθεα
2710 445 3005 520 λεγόμενα.
3043 444 3254 516 Χρόνου
3283 442 3341 498 δὲ
3384 460 3582 517 περικυ
3603 473 3617 483 -

2021 538 2351 604 πλεύσαντος
2380 537 2460 609 τῷ
2499 536 2653 610 αὐτῷ
2679 537 2814 610 μηνὶ
2842 536 2937 592 τὸν
2982 534 3215 607 βασιλέα
3256 532 3540 607 Ῥωμανδν
3563 534 3617 586 οι

2022 633 2130 687 υἱοὶ
2162 631 2333 688 αὐτοῦ
2361 631 2459 687 τοῦ
2494 630 2767 686 παλατίου
2800 631 3143 701 κατήγαγον.

2092 731 2205 791 νς’.
2232 725 2349 796 Τῆς
2380 723 2440 778 δὲ
2472 723 2689 786 πόλεως
2733 723 2983 795 Ἐδέσης,
3003 725 3064 777 ὲν
3165 720 3227 774 τδ
3246 719 3343 775 τοῦ
3376 718 3617 792 Χριστοῦ

2019 817 2203 892 τίμιον
2248 819 2550 891 ἐκμαγεῖον
2603 817 2889 885 ἀπέκειτο,
2945 816 3101 888 παρὰ
3155 817 3251 872 τοῦ
3304 814 3616 889 Ῥωμαϊκοῦ

2020 909 2500 986 πολιορκουμένης
2555 912 2974 985 στρατεύματος
3000 913 3097 968 καὶ
3126 912 3210 975 είς
3247 912 3496 985 ἀνάγκην
3522 929 3618 984 με-

2019 1004 2217 1079 γίστην
2252 1007 2711 1079 περιισταμένης,
2747 1006 3079 1063 ἀπέστειλαν
3123 1007 3174 1060 oi
3220 1006 3427 1077 ταύτης
3470 1007 3617 1075 οἰκή-

2016 1112 2179 1166 τορες
2211 1096 2349 1167 πρὸς
2380 1098 2474 1152 τὸν
2504 1096 2737 1167 βασιλέα
2774 1097 3059 1168 Ῥωμανὸν
3092 1095 3615 1168 διαπρεσϐευόμενοι

2016 1187 2120 1259 την
2139 1186 2461 1259 πολιορκίαν
2497 1187 2752 1260 λυθῆναι,
2781 1187 2843 1242 τδ
2870 1186 2964 1242 τοῦ
2985 1187 3224 1259 Χριστοῦ
3260 1188 3416 1256 ἅγιον
3443 1188 3618 1258 ἐκμα-

2019 1281 2170 1348 γεῐον
2198 1280 2469 1353 παρέχειν
2507 1280 2995 1354 ὶπαγγειλάμενοι.
3036 1278 3212 1351 ’Υπὲρ
3233 1281 3338 1350 τῆς
3356 1280 3615 1349 τοιαύτης

2017 1370 2078 1428 δὲ
2107 1374 2332 1445 χάριτος
2363 1373 2622 1447 δεσμίους
2672 1375 2949 1447 ᾐτήσαντο
2967 1371 3079 1428 τῶν
3104 1371 3366 1444 ὶμφανῶν
3412 1370 3613 1426 ἀπολαο

2020 1467 2160 1536 δεῖν,
2190 1468 2567 1544 χρυσόσουλλά
2585 1485 2644 1522 τε
2681 1466 2871 1522 λαϐεῖν
2901 1466 3042 1522 ὥστε
3073 1465 3171 1539 τὴν
3195 1465 3407 1521 τούτων
3432 1465 3616 1539 χώραν

2024 1560 2224 1633 μηκέτι
2269 1563 2426 1635 παρὰ
2466 1563 2566 1617 τοῦ
2619 1562 2909 1633 Ῥωμαίων
2958 1559 3196 1633 στρατοῦ
3246 1559 3553 1631 ληίζεσθαι·
3586 1557 3617 1611 δ

313 1651 692 1707 devastarent.
731 1651 887 1718 Quod
932 1659 991 1707 et
1031 1650 1241 1708 factum
1268 1660 1373 1708 est.
1407 1652 1570 1707 Missa
1603 1650 1786 1720 itaque
1823 1664 1905 1703 sa-

2016 1656 2077 1726 δὴ
2112 1655 2198 1729 [Ρ.
2262 1654 2391 1731 591]
2435 1657 2533 1711 καὶ⁵
2559 1655 2807 1726 γέγονεν.
2861 1652 2969 1709 τοῦ
3025 1653 3085 1708 δὲ
3123 1654 3284 1722 άγίου
3315 1652 3615 1724 ἐκμαγείου

313 1760 411 1801 cra
437 1743 615 1815 eiligie
637 1758 700 1799 ac
723 1742 971 1809 sudario,
990 1742 1216 1813 jamque
1239 1741 1386 1798 haud
1411 1740 1604 1813 procul
1632 1741 1914 1811 Byzantio.

314 1836 687 1909 Theophanes
742 1835 1013 1905 patricius
1069 1846 1130 1891 et
1192 1835 1486 1891 accubitor
1546 1833 1614 1889 ad
1666 1833 1914 1905 Sagarim

314 1928 549 1985 fluvium
590 1942 849 1999 egressus
897 1942 1025 1983 cum
1074 1942 1363 1985 cereorum
1408 1926 1702 1997 splendido
1744 1940 1912 1997 appa-

317 2028 443 2074 ratu
502 2033 863 2090 congruoque
926 2018 1081 2074 cultu
1140 2025 1198 2075 et
1254 2018 1489 2073 canticis
1549 2016 1628 2071 illi
1693 2015 1913 2073 obviam

317 2111 622 2182 processit;
667 2111 986 2180 mensisque
1018 2110 1250 2183 Augusti
1296 2111 1492 2181 quinta
1536 2110 1750 2166 decima
1788 2123 1914 2165 eum

314 2205 415 2261 illo
466 2206 521 2260 in
568 2205 763 2261 urbem
806 2205 1059 2269 intravit,
1113 2204 1453 2275 imperatore
1499 2205 1557 2259 in
1592 2202 1917 2259 Blachernis

313 2298 647 2364 constituto,
685 2298 780 2353 ubi
808 2307 866 2354 et
901 2296 1142 2370 efﬁgiem
1172 2298 1374 2355 devote
1410 2296 1678 2353 adoravit.
1709 2296 1917 2353 Postri-

313 2393 407 2449 die
432 2408 568 2447 vero
596 2392 666 2448 ad
702 2392 943 2447 Auream
975 2403 1193 2462 portam
1221 2390 1480 2447 exierunt
1512 2400 1630 2447 tum
1673 2391 1913 2462 impera-

315 2485 451 2542 toris
477 2485 592 2541 duo
640 2484 762 2549 filii,
796 2483 1114 2555 Stephanus
1142 2495 1201 2539 et
1228 2484 1649 2549 Constantinus,
1681 2491 1801 2539 tum
1845 2483 1915 2539 il-

312 2579 426 2635 lius
452 2593 624 2649 gener
665 2576 1068 2635 Constantinus
1113 2576 1283 2647 919
1328 2591 1457 2632 cum
1500 2574 1915 2647 Theophylacto

314 2671 674 2744 patriarcha,
722 2669 1025 2741 debitaque
1074 2669 1286 2725 honore
1331 2679 1651 2739 susceptum
1695 2683 1913 2722 sacrum

313 2767 547 2836 pignus,
583 2763 852 2819 universo
880 2769 1077 2818 senatu
1118 2770 1405 2832 praeeunte
1442 2761 1789 2831 maximaque
1821 2754 1925 2815 ce’

312 2874 536 2916 reorum
562 2866 731 2929 atque
761 2855 1077 2926 lampadum
1102 2856 1241 2911 silva
1265 2855 1629 2926 praelucente,
1663 2853 1915 2924 adusque

314 2962 519 3009 sancue
564 2951 663 3007 Dei
711 2949 1001 3021 sapientia:
1042 2948 1310 3020 templum
1351 2948 1591 3019 pedibus
1627 2947 1911 3012 detulere,

2018 1747 2429 1813 ἀποσταλέντος
2458 1748 2553 1805 καὶ
2579 1750 2681 1822 ήδη
2704 1750 2772 1820 τῇ
2801 1745 3372 1818 κωνσταντινουπόλει
3392 1742 3619 1815 πλησιάο

2019 1857 2235 1910 σιντος,
2279 1840 2615 1913 Θεοφάνηςό
2640 1838 2931 1911 πατρίκιος
2973 1839 3069 1894 καὶ
3115 1834 3614 1911 παρακοιμώμενος

2019 1936 2077 1989 ἑν
2106 1933 2183 2005 τῷ
2220 1933 2453 2007 ποταμῷ
2487 1933 2762 2005 Σαγγάρῳ
2806 1929 3042 1998 ἐξελθὼν
3093 1930 3407 2002 ὑπήντησεν
3463 1926 3615 1998 αὐτῷ

2020 2024 2164 2095 μετὰ
2184 2025 2555 2095 φωταγωγίας
2596 2025 2693 2079 καὶ
2728 2024 2829 2093 τῆς
2866 2021 3097 2094 δεούσης
3122 2019 3291 2092 τιμῆς
3349 2018 3445 2074 καὶ
3479 2017 3615 2091 ὑμν-

2016 2118 2205 2187 ῳδίας.
2238 2119 2350 2174 Καὶ
2372 2121 2439 2192 τῇ
2470 2116 2533 2174 ιε’
2562 2116 2659 2173 τοῦ
2690 2114 3009 2186 Αὐγούστου
3052 2112 3222 2187 μηνὸς
3250 2113 3349 2168 σὺν
3376 2112 3522 2182 αύτῷ
3548 2114 3613 2167 ἐν

2016 2211 2085 2282 τῇ
2112 2209 2266 2264 πόλει
2294 2209 2572 2280 εἰσῆλθον,
2594 2206 2692 2263 τοῦ
2725 2206 2987 2281 βασιλέως
3010 2206 3068 2259 ὲν
3095 2203 3428 2276 Βλαχέρναις
3456 2200 3612 2265 δντος

2017 2306 2185 2359 κάκεῖ
2221 2305 2359 2360 αὑτδ
2398 2304 2909 2378 προσκυνήσαντος.
2953 2300 3033 2373 Τῇ
3063 2300 3124 2354 δι
3158 2298 3424 2369 ἐπαύριον
3457 2293 3612 2366 ἐξῆλ-

2018 2400 2111 2453 θον
2149 2400 2209 2452 ὲν
2233 2400 2299 2470 τῇ
2322 2397 2517 2471 Χρυσῇ
2557 2396 2740 2471 πόρτῃ
2762 2396 2818 2449 oi
2847 2411 2905 2449 τε
2934 2394 3030 2448 τοῦ
3073 2392 3343 2465 βασιλέως
3370 2390 3465 2445 δύο
3502 2386 3610 2443 uio!

2018 2491 2296 2562 Στέφανός
2323 2508 2385 2545 τε
2417 2491 2514 2547 καὶ
2538 2489 2956 2552 Κωνσταντῖνος
2985 2487 3081 2542 καὶ⁵
3107 2486 3138 2539 ό
3165 2482 3417 2557 γαμΰρὸς
3443 2479 3609 2538 αὑτοῦ

2018 2586 2433 2650 Κωνσταντῐνος
2479 2584 2580 2639 σὺν
2615 2582 2695 2655 τῷ
2729 2581 3053 2655 πατριάρχῃ
3090 2576 3478 2647 Θεοφυλάιιτῳο
3514 2574 3610 2628 καὶ

2021 2682 2163 2752 μετὰ
2207 2678 2308 2749 τῆς
2359 2677 2591 2749 δεούσης
2640 2675 2802 2731 τοῦτο
2857 2672 3223 2735 ἀναλαϐόντες
3275 2668 3465 2740 τιμῆς,
3509 2665 3611 2737 τῆς

2020 2772 2329 2844 συγκλήτου
2358 2771 2541 2841 πάσης
2574 2766 3063 2842 προπορευομένης
3102 2764 3199 2819 καὶ
3247 2759 3608 2835 φωταγωγίας

2021 2864 2290 2937 μεγίστης
2339 2860 2718 2932 προαγούσης,
2777 2859 2942 2930 μέχρι
2991 2853 3086 2910 τοῦ
3139 2851 3297 2922 άγίου
3330 2850 3463 2904 ναοῦ
3507 2848 3609 2918 τῆς

2034 2958 2224 3028 Ἀγίας
2251 2955 2347 3012 τοῦ
2371 2956 2511 3010 Θεοῦ
2536 2954 2741 3025 Σοφίας
2776 2951 2917 3022 πεζῇ
2946 2949 3289 3020 διεκόμισαν,
3320 2944 3419 2999 καὶ
3446 2958 3611 3016 ιιιροσ⁹

313 3054 478 3115 atque
506 3042 620 3099 illic
641 3010 968 3099 adoratione
994 3010 1516 3111 mysticoque-cultu
1541 3048 1831 3110 acceptum
1856 3010 1911 3094 in

2294 3010 2481 3100 cuius
2509 3045 2568 3100 εν
2594 3010 2674 3116 ετξ)
2704 3010 2958 3112 παλατίῳ
2989 3010 3289 3111 ἀνήγαγον.

313 3137 580 3207 palatium
610 3136 871 3192 intulere.

385 3230 476 3284 57.
503 3228 601 3284 llis
632 3244 769 3283 vero
810 3228 1008 3284 diebus
1034 3236 1344 3284 monstrum
1370 3227 1651 3298 quoddam
1678 3243 1743 3283 ac
1778 3242 1911 3298 por-

310 3333 529 3378 tentum
581 3320 969 3377 Armeniacum
997 3322 1051 3376 in
1079 3320 1274 3377 urbem
1307 3321 1586 3377 invectum
1613 3330 1719 3385 est,
1752 3320 1909 3392 pueri

308 3415 524 3472 scilicet
550 3412 662 3470 duo
677 3414 1042 3481 cohaerentes,
1069 3430 1179 3470 uno
1196 3425 1354 3471 utero
1374 3414 1559 3478 eﬂ'usi,
1583 3414 1705 3471 aliis
1732 3429 1906 3470 mem-

308 3509 428 3564 bris
455 3508 717 3565 omnibus
744 3508 997 3577 corporis
1047 3508 1268 3577 integri,
1301 3524 1331 3562 a
1393 3508 1688 3563 ventriculi
1724 3517 1907 3563 tamen

308 3618 407 3659 ore
435 3608 493 3659 et
529 3602 675 3657 intra
711 3600 914 3673 pubem
951 3602 1093 3657 inter
1124 3617 1183 3656 se
1226 3601 1498 3663 concreti,
1531 3612 1696 3671 atque
1738 3600 1907 3656 vulti-

307 3698 413 3753 bus
439 3694 716 3752 obversis.
758 3693 827 3749 lli
854 3693 949 3750 diu
981 3693 1037 3749 in
1089 3690 1229 3749 urbe
1263 3693 1497 3755 versati;
1528 3708 1594 3750 ac
1626 3708 1754 3749 cum
1785 3708 1906 3749 om-

306 3804 410 3847 nes
438 3802 543 3844 ceu
575 3788 819 3843 immane
850 3785 1132 3857 quoddam
1168 3793 1491 3855 portentum
1540 3784 1719 3840 oculis
1741 3799 1908 3841 usur—

305 3890 528 3953 parent,
554 3880 838 3937 Romanus
869 3879 1176 3951 imperator
1222 3876 1373 3932 velut
1395 3878 1599 3932 malum
1626 3875 1905 3949 quoddam

308 3992 476 4033 omen
501 3990 566 4031 ea
594 3973 827 4045 expulit.
861 3972 999 4028 Cum
1028 3981 1214 4027 autem
1254 3972 1408 4027 solus
1448 3971 1560 4041 jam
1586 3968 1902 4026 Constanti-

309 4084 419 4125 nus
441 4081 628 4123 rerum
656 4062 953 4134 potiretur,
984 4062 1185 4117 iterum
1214 4062 1447 4133 ingressi
1484 4069 1632 4117 sunt.
1657 4060 1781 4118 Uno
1804 4076 1904 4116 au-

312 4172 426 4216 tem
452 4174 523 4215 ex
547 4158 630 4214 eis
660 4165 901 4221 mortuo,
935 4154 1098 4225 periti
1159 4155 1389 4225 quidam
1424 4154 1625 4211 medici
1658 4153 1904 4211 coheres

311 4262 569 4311 scentem
595 4261 905 4307 emortuam
958 4258 1171 4321 partem
1206 4248 1396 4305 subtili
1446 4258 1567 4305 arte
1617 4255 1903 4318 putavere,

2088 3230 2184 3295 v;".
2226 3226 2317 3281 ’Ev
2372 3224 2602 3290 ταύταις
2658 3223 2715 3278 δὲ
2768 3222 2889 3286 ταῖς
2942 3219 3179 3291 ἡμέραις
3233 3213 3521 3287 ’Δρμένιόν
3554 3229 3607 3266 τι

2014 3324 2180 3396 τέρας
2212 3323 2280 3392 τῇ
2308 3318 2463 3374 πόλει
2495 3317 2871 3388 ἐπεδήμησεν,
2907 3315 3097 3377 παῖδες
3148 3310 3419 3381 συμφυεῖς
3446 3308 3611 3378 sppe-

2015 3434 2103 3481 νες
2133 3418 2199 3470 ἐκ
2231 3415 2362 3487 μιᾶς
2392 3410 2746 3486 προελθόντες
2775 3406 3041 3477 γαστρὸς,
3077 3404 3209 3458 σῶοι
3254 3402 3355 3474 μὲν
3384 3400 3478 3455 καὶ
3506 3398 3607 3471 ἆρ-

2010 3527 2119 3565 τιοι
2145 3507 2326 3563 πάντα
2347 3506 2417 3560 τὰ
2451 3502 2589 3577 μέλη
2621 3500 2717 3555 τοῦ
2748 3499 3027 3569 σώματος,
3062 3495 3172 3550 ἀπὸ
3197 3495 3256 3549 δὲ
3274 3491 3370 3548 τοῦ
3400 3492 3606 3562 στόμα-

2012 3621 2104 3670 τος
2129 3603 2231 3673 τῆς
2269 3599 2509 3672 γαστρὸς
2547 3596 2641 3651 καὶ
2674 3594 2839 3667 μέχρι
2885 3592 2998 3646 τῶν
3046 3585 3435 3660 ὑπογαστρίων
3465 3601 3609 3654 συμ-

2012 3696 2322 3767 πεφυκότες
2376 3693 2471 3748 καὶ
2521 3691 2773 3762 ἀλλήλοις
2807 3688 3152 3759 ὑπάρχοντες
3174 3680 3602 3753 ἀντιπρόσωποι.

2012 3790 2079 3845 Οἵ
2104 3791 2199 3845 ἐπὶ
2247 3788 2500 3843 πλεῖστον
2554 3789 2623 3857 τῇ
2678 3782 2833 3837 πόλει
2878 3777 3347 3851 ἐνδιατρίψαντες,
3376 3778 3472 3828 καὶ
3502 3773 3608 3825 ὑπὸ

2010 3885 2233 3941 πάντων
2259 3882 2334 3946 ὡς
2364 3880 2601 3946 ἐξαίσιόν
2630 3896 2683 3932 τι
2712 3878 2879 3947 τέρας
2926 3871 3218 3945 ὁρώμενοι,
3268 3870 3369 3940 τῆς
3401 3866 3605 3929 πόλεως

2008 3978 2082 4043 ὡς
2108 3975 2347 4047 πονηρός
2369 3991 2455 4037 τις
2488 3973 2682 4034 οἰωνός
2708 3968 3075 4039 ἐξηλάθησαν.
3136 3961 3263 4018 Ἐπὶ
3289 3962 3352 4017 δὲ
3381 3960 3477 4033 τῆς
3504 3976 3602 4029 μου

2010 4065 2369 4139 νοκρατορίας
2426 4061 2842 4117 Κωνσταντίνου
2878 4058 3040 4111 πάλιν
3086 4054 3411 4128 είσηλδοσαν
3433 4068 3448 4082 °
3478 4053 3604 4106 ἐπεὶ

2008 4156 2065 4212 δὲ
2085 4156 2115 4210 ό
2146 4156 2331 4227 ἕτερος
2360 4152 2545 4208 αὐτῶν
2590 4150 2897 4220 ἐτεθνήκει,
2950 4146 3128 4218 ἰατροί
3168 4160 3318 4210 τινες
3349 4143 3607 4214 ιμπειροι

2008 4250 2071 4305 τὸ
2105 4245 2617 4319 συγκεκολλημένον
2669 4243 2837 4314 μέρος
2866 4240 3120 4311 διέτεμον
3149 4237 3389 4308 εὐφυῶς,
3428 4235 3608 4290 ἑλπίδι

310 4346 432 4401 fore
475 4352 762 4415 sperantes
795 4349 858 4395 ut
895 4340 991 4396 illo
1026 4339 1274 4396 remedio
1295 4338 1435 4395 alter
1470 4339 1763 4396 incolumis
1791 4355 1905 4397 ser-

2016 4341 2110 4397 τοῦ
2138 4342 2233 4396 τὸν
2264 4340 2454 4411 ἓτερον
2500 4336 2785 4410 ζήσεσθαι,
2817 4335 2877 4398 ὃς
2931 4335 3081 4403 τρεῖς
3109 4330 3324 4405 ἡμέρας
3358 4326 3608 4394 ἑπισιοὺς

312 4447 572 4503 varetur;
598 4435 695 4508 qui
716 4445 898 4491 tamen
932 4432 1049 4506 ipse
1072 4432 1259 4489 triduo
1287 4446 1572 4506 superstes
1590 4434 1749 4492 obiit.

372 4530 463 4585 58.
499 4530 784 4585 Romanus
812 4542 984 4599 porro
1010 4525 1339 4599 imperator,
1370 4526 1450 4581 uti
1476 4542 1506 4582 a
1537 4526 1701 4584 nobis
1732 4528 1788 4583 in
1812 4544 1906 4586 su-

311 4621 633 4696 perioribus
675 4619 887 4677 dictum
918 4626 1026 4685 est,
1067 4632 1195 4675 cum
1225 4632 1355 4690 erga
1386 4618 1689 4676 monachos
1713 4635 1911 4678 omnes

311 4716 479 4772 ﬁdem
538 4714 832 4788 plurimam
878 4711 1113 4770 haberet
1140 4712 1464 4781 cultumque
1497 4712 1565 4767 iis
1594 4711 1907 4780 adhiberet,

311 4825 427 4882 prae
458 4808 691 4879 reliquis
714 4816 897 4864 tamen
920 4804 1239 4877 eximieque
1268 4805 1525 4877 Sergium
1558 4805 1737 4862 virum
1792 4824 1911 4865 mo-

312 4900 528 4961 nastica
562 4900 912 4957 institutione
935 4899 1267 4970 praeclarum
1287 4899 1636 4955 observabat.
1667 4900 1797 4959 Erat
1819 4900 1911 4959 hic

311 4994 558 5068 magistri
605 4992 817 5051 Cosme
844 4993 1016 5049 frater
1048 4992 1215 5065 920
1243 4992 1422 5047 Photii
1461 4994 1788 5063 patriarchae
1814 5011 1910 5051 ne-

312 5104 438 5163 pos,
468 5088 642 5145 animi
699 5086 1047 5161 ingenuitate
1104 5101 1269 5155 quam
1326 5088 1533 5144 carnali
1585 5090 1911 5163 cognatione

311 5184 577 5242 nobilior.
612 5182 692 5241 Ad
721 5198 992 5239 summam
1031 5181 1182 5237 enim
1210 5181 1474 5239 virtutem
1504 5183 1907 5258 scientiamque

313 5288 588 5344 evaserat,
614 5288 676 5334 ut
700 5293 803 5333 nec
827 5288 949 5333 utra
977 5285 1266 5346 prrestaret
1314 5276 1554 5333 discerni
1586 5277 1747 5334 facile
1783 5296 1907 5347 pos-

314 5383 435 5437 set;
490 5370 572 5427 sic
628 5368 893 5425 nimirum
948 5378 1206 5424 accurate
1258 5370 1517 5439 omnique
1566 5370 1906 5440 perfectione

316 5471 613 5535 utramque
642 5462 979 5521 cxcolucrat.
1019 5462 1273 5518 Florebat
1308 5462 1360 5517 in
1388 5479 1453 5519 eo
1485 5464 1629 5522 inter
1659 5467 1763 5521 alia
1796 5468 1907 5525 dis-

2012 4436 2391 4508 ἐτελεύτησεν.

2084 4538 2189 4605 νη⁹.
2238 4532 2298 4586 '0
2325 4531 2385 4586 δὲ
2430 4528 2710 4601 Ῥωμανδς
2752 4529 2783 4582 ό
2826 4526 3104 4600 βασιλεὺς,
3137 4524 3211 4590 ὡς
3240 4522 3502 4594 ἀνωτέρω
3530 4523 3609 4577 εί-

2013 4643 2201 4702 ρηται,
2229 4627 2292 4681 ιν
2320 4626 2486 4679 πᾶσιν
2509 4623 2769 4696 μοναχοῐς
2804 4620 2988 4674 πίστιν
3032 4620 3297 4690 ἐκέκτητο
3342 4616 3601 4690 ἄμετρον,

2011 4720 2386 4792 διαφερόντως
2405 4717 2461 4773 δὲ
2488 4716 2654 4789 ιτίμα
2676 4714 2769 4771 καὶ
2793 4713 3161 4785 ύπερεσέσετο
3183 4712 3410 4781 Σέργιον
3430 4709 3523 4764 τδν
3551 4711 3607 4763 ἰν

2018 4815 2315 4889 μονασταίς
2336 4812 2741 4883 διαλάμποντα,
2790 4808 2852 4873 δς
2884 4808 3113 4879 ἁδελφὸς
3166 4807 3270 4870 μὲν
3314 4803 3410 4859 τοῦ
3443 4804 3610 4875 μαγί-

2016 4927 2183 4982 στρου
2236 4908 2451 4979 ὑπῆρχε
2500 4905 2724 4975 Κοσμᾶ,
2779 4902 3002 4973 ἀνεψιὸς
3053 4897 3231 4954 δὲτοῦ
3260 4897 3607 4970 πατριάρχου

2013 5002 2221 5057 Φωτίου
2246 5018 2259 5031 ·
2319 4999 2379 5055 ὃν
2430 4996 2591 5053 πλέον
2621 4997 2721 5069 τῆς
2754 4994 3027 5069 σαρκικῆς
3062 4991 3449 5062 εύσυγγενιίας
3475 4991 3520 5024 ⁸⁸
3570 4991 3605 5060 ἡ

2014 5096 2156 5151 κατὰ
2181 5092 2359 5165 ψυχὴν
2405 5091 2570 5164 ἐτίμα
2594 5091 2862 5159 εὐγένεια.
2912 5086 3141 5159 ’Δρετῆς
3184 5085 3295 5157 γὰρ
3323 5086 3403 5149 είς
3436 5084 3605 5153 ἄκρον

2016 5190 2107 5244 καὶ⁵
2138 5187 2393 5257 γνώσεως
2437 5186 2662 5258 ἤλασεν,
2718 5185 2794 5249 ὡς
2842 5180 3098 5253 δυσχερὶς
3136 5175 3278 5234 εἶναι
3305 5177 3606 5247 διακρίνειν

2016 5283 2233 5356 ποτέρῳ
2260 5281 2463 5353 μᾶλλον
2496 5277 2868 5333 ἐπλεονέκτειο
2896 5274 3069 5338 οὕτως
3090 5275 3175 5338 είς
3205 5273 3374 5345 ἄκρον
3409 5270 3605 5323 ἐκατέ-

2018 5394 2120 5447 ραν
2145 5375 2472 5447 ἐξήσκησεν.
2521 5372 2782 5443 Ἑπήνθει
2819 5387 2877 5423 τε
2912 5367 3061 5439 αὐτῷ
3100 5367 3237 5439 πρὸς
3270 5367 3381 5428 τοῖς
3422 5362 3608 5425 ἄλλοις

2016 5468 2111 5523 καὶ
2142 5467 2205 5521 τὸ
2226 5467 2321 5537 τῆς
2353 5466 2685 5539 διακρίσεως
2738 5464 2983 5536 χάρισμα
3018 5460 3110 5514 καὶ
3153 5460 3211 5513 τὸ
3270 5456 3458 5528 χάριεν
3512 5452 3605 5509 τοῦ

1601 5560 1831 5620 νΛΒΙΕ
1860 5563 2273 5624 LECTIONES.

382 5653 426 5691 ’δ
462 5655 777 5725 συγγενείας
806 5672 857 5727 p.
886 5655 991 5711 269
1037 5658 1090 5711 b.
