4090 6022
352 136 455 204 981

1445 135 1647 198 ΥῙΤᾸΞ
1687 130 2250 197 RECENTIORUM
2300 128 2507 197 IMPP.

3511 125 3622 192 932

351 254 518 326 ἤθους
551 249 645 307 καὶ
665 248 726 304 τὸ
749 248 972 321 μέτριον
987 247 1084 303 τοῦ
1103 249 1474 322 φρονήματος.
1493 247 1570 302 ού
1592 247 1662 318 τὰ
1670 264 1703 320 ρ
1722 247 1934 301 ἀνέστια

2058 244 2302 301 :retionis
2357 245 2563 300 donum
2624 257 2946 313 morumque
2980 242 3173 313 gratia,
3240 240 3410 299 animi
3433 259 3629 304 sensus

349 349 453 411 τὰς
479 344 648 417 ὀφρῦς
669 345 746 408 ὡς
769 346 818 399 οἰ
843 344 940 399 νύν
997 344 1176 413 σοφοὶ,
1207 343 1329 398 οὐδὲ
1380 341 1599 408 ἀλαζών
1630 360 1714 406 τις
1761 343 1936 398 ὲίόκει

353 437 447 494 καὶ
473 439 848 510 ὑπερήφανος,
875 435 1016 492 ἀλλὰ
1028 435 1124 491 τὸν
1144 436 1304 507 λόγον
1336 436 1438 509 μὲν
1459 431 1576 508 εἶχε
1601 434 1936 508 γλυκύτερον

355 528 574 602 μελιτος
602 529 1003 596 ἀποστάζοντα,
1024 531 1088 586 τὸ
1121 523 1258 603 ἦθος
1284 527 1344 585 δι
1379 531 1580 596 πάγων
1608 528 1706 584 καὶ
1739 527 1935 583 σταθε-

354 619 468 692 ρὸν,
502 619 592 695 [Ρ.
619 619 750 696 599]
771 621 1031 680 ταπεινὸν
1051 621 1108 678 δι
1129 620 1193 676 τδ
1217 621 1499 695 ρρόνημα.
1528 620 1735 677 Τοῦτον
1755 621 1822 692 δὴ
1845 621 1937 675 τὸν

348 711 600 783 ἀοίδιμον
620 712 984 779 ἀδιαλείπτως
1031 713 1154 787 μεθ’
1189 712 1386 770 ἑαυτοῦ
1419 709 1567 786 εῖχεν
1597 713 1628 767 δ
1659 712 1936 784 βασιλεὺς,

351 806 552 860 κανόνα
574 805 744 868 δντως
758 805 857 860 καὶ
885 805 1138 879 στάθμην
1161 804 1255 860 τὸν
1278 803 1447 862 αὐτοῦ
1477 803 1596 876 βίον
1623 804 1712 860 ἀεὶ
1741 803 1939 876 ῥυθμίο

350 898 533 964 ζοντα.
569 899 667 962 Ὃς
705 896 878 953 πολλά
926 898 1164 971 παρῄνει
1207 896 1287 970 τῷ
1325 896 1542 970 βασιλεῖ
1585 896 1698 952 τῶν
1730 895 1938 951 παίδων

347 990 729 1062 ιπιμελεῖσθαι
780 990 878 1047 καὶ
931 990 1009 1064 μὴ
1037 990 1406 1055 ἀπαιδεύτως
1445 991 1545 1062 {ds
1564 991 1647 1056 εἰς
1671 988 1940 1064 πονηρίαν

349 1081 723 1148 ικκλίνοντας,
758 1083 836 1155 μή
860 1096 994 1136 ποτε
1028 1080 1230 1147 αὐτοὺς
1259 1078 1426 1136 πάθοι
1455 1080 1520 1135 τὸ
1538 1076 1636 1136 τοῦ
1677 1078 1821 1147 Ἠλὶ,
1853 1097 1940 1135 τι·-

352 1165 674 1246 μωριανίκ
697 1171 805 1244 τῆς
843 1171 954 1229 τῶν
983 1172 1195 1230 παίδων
1236 1171 1591 1245 παρανομίας
1620 1171 1868 1236 ἰκτίσας.

425 1389 521 1500 νϐ’.
569 1445 788 1518 Ἐπειδή
841 1444 901 1502 δὲ
952 1443 1046 1502 τοῦ
1100 1443 1368 1501 παλατίου
1415 1445 1609 1500 τοῦτον
1638 1446 1691 1501 οἰ
1753 1443 1946 1512 παῖδες

353 1538 669 1609 κατήγαγον
706 1537 805 1594 καὶ
831 1537 891 1592 ἐν
914 1541 981 1610 τῇ
1017 1535 1220 1611 Πρὼτῃ
1251 1538 1402 1608 νήσῳ
1445 1534 1738 1608 ἐξώρισαν,
1777 1536 1942 1592 πάλιν

2040 334 2331 392 modestia.
2378 335 2570 405 Neque
2621 333 2772 390 enim
2827 332 3120 404 supercilia
3162 335 3496 405 attrabebat,
3545 337 3630 394 uti

2039 435 2315 484 nostrates
2341 428 2618 498 sapientes
2646 425 2700 482 in
2739 441 2891 480 more
2927 427 3167 496 positum
3200 428 3424 496 habent.
3452 447 3633 505 neque

2039 535 2171 577 vero
2200 529 2550 591 arrogantem
2576 534 2641 576 ac
2662 518 2965 590 superbum
3005 520 3351 591 pratfcrebat,
3385 525 3481 580 sed
3513 540 3635 582 scr.

2040 627 2131 668 mo
2156 611 2236 668 illi
2259 613 2420 668 melle
2443 613 2663 669 dulcior
2705 629 2772 669 ex
2799 630 2895 670 ore
2917 613 3177 671 stillabat.
3208 615 3389 673 Firma
3424 617 3638 676 indoles

2041 718 2106 760 ac
2132 715 2435 770 constans;
2495 721 2695 762 sensus
2729 707 2900 764 animi
2943 709 3228 766 modestus
3271 724 3337 765 ac
3387 710 3635 768 humilis.

2039 794 2200 854 llunc
2229 797 2413 870 itaque
2441 799 2624 853 virum
2663 798 2927 872 inclytum
2974 802 3273 873 imperator
3304 818 3412 859 una
3447 819 3637 860 secum

2041 888 2307 946 continuo
2331 889 2589 955 habebat,
2619 890 2689 946 ad
2719 893 2879 964 cujus
2908 908 3162 950 normam
3190 903 3359 965 atque
3393 897 3636 968 regulam

2041 981 2170 1038 vita:
2192 997 2308 1038 suae
2355 983 2599 1039 rationes
2631 995 3012 1056 componeret.
3054 987 3311 1044 Manebat
3339 989 3432 1044 ille
3465 990 3642 1047 serio—

2042 1089 2154 1147 que
2208 1074 2539 1132 hortabatur
2585 1086 2647 1133 ut
2695 1078 3000 1134 liberorum
3050 1097 3241 1137 curam
3288 1093 3495 1155 ageret,
3537 1101 3640 1142 nec

2043 1166 2485 1240 indiseiplinatos
2519 1171 2587 1225 ad
2621 1172 2928 1242 nequitiam
2962 1173 3245 1231 declinare
3307 1176 3540 1240 sineret.
3569 1193 3640 1234 ne

2043 1260 2191 1318 idem
2220 1269 2385 1334 atque
2419 1261 2540 1319 lleli
2573 1264 2652 1320 illi
2680 1265 2982 1332 accideret,
3003 1285 3069 1324 ac
3096 1268 3401 1325 liberorum
3424 1270 3640 1342 piacula

2044 1355 2164 1429 ipse
2191 1358 2406 1428 lueret;
2437 1359 2666 1430 quodet
2700 1359 2774 1415 ita
2806 1361 3029 1418 accidit.

2122 1448 2212 1505 59.
2247 1447 2404 1516 Quod
2432 1465 2565 1506 vero
2586 1449 3009 1522 anla'dcjectum
3038 1452 3200 1508 liberi
3233 1454 3286 1508 in
3309 1453 3528 1510 Protem
3559 1469 3644 1509 m-

2042 1541 2218 1596 sulam
2241 1541 2646 1614 relegaverant,
2676 1542 2828 1600 hunc
2861 1561 3054 1599 rursus
3087 1544 3460 1602 calamitatem
3501 1546 3645 1603 sola-

353 1627 543 1684 τοῦτον
571 1623 687 1702 εἶχε
713 1627 829 1685 τῶν
853 1628 1150 1700 συμφορῶν
1180 1627 1532 1699 παραμύθιον
1560 1626 1789 1683 καὶτῶν
1823 1623 1940 1682 ολι.

2058 1631 2185 1689 tium
2211 1648 2276 1689 ac
2294 1649 2671 1690 aerumnarum
2702 1637 3199 1708 angustiarumque
3231 1638 3356 1694 lene
3386 1636 3641 1694 levamen

351 1729 502 1801 ψεων
530 1727 872 1784 ἀασώδυνον
901 1728 1217 1800 φάρμακον.
1247 1719 1318 1799 ᾯ
1348 1725 1515 1796 συνῆν
1558 1726 1682 1780 τότε
1716 1726 1812 1780 καὶ
1836 1727 1942 1780 no—

352 1821 613 1888 λύευκτος
647 1820 882 1894 μοναχδς
907 1819 1331 1883 εύλαδέστατος,
1361 1819 1457 1873 καὶ
1478 1817 1641 1884 αὐτὸς
1663 1820 1732 1872 τὰ
1755 1819 1943 1874 εἰκότα

357 1912 877 1987 παραμυθούμενος·
917 1913 977 1978 ὃς
1015 1910 1113 1968 τοῦ
1167 1913 1512 1983 πατριάρχου
1557 1910 1942 1982 Θεοφυλάκτου

355 2007 784 2078 τελευτήσαντος
824 2005 1174 2082 πατριάρχης
1203 2005 1299 2058 ἐπὶ
1328 2003 1425 2058 τοῦ
1457 2002 1724 2075 βασιλέως
1782 2005 1944 2059 Κων-

360 2100 643 2157 στανιὶνου
674 2101 1085 2176 προχειρίζεται
1112 2100 1765 2166 Κωνσταντινουπόλεως.

434 2283 499 2350 ξ’.
547 2281 702 2339 Ἐπεὶ
740 2283 800 2339 δὲ
853 2283 1069 2350 πολλοῖς
1097 2285 1324 2357 τρόποις
1343 2284 1594 2357 βούλεται
1627 2284 1656 2337 ὁ
1683 2283 1816 2349 Θεὸς
1841 2283 1949 2338 oti)-

361 2371 478 2439 ζειν
498 2375 596 2430 τὸν
617 2376 924 2446 ἄνθρωπον,
946 2378 1294 2451 συνεχώρησε
1321 2377 1418 2432 καὶ
1437 2377 1529 2432 τὸν
1545 2376 1770 2449 βασιλέα
1813 2377 1948 2431 Ῥω·-

366 2469 537 2540 μανδν
559 2467 813 2544 ἀδοκήτῳ
855 2474 1179 2543 περιπεσεῖν
1209 2472 1490 2544 συμφορᾷ,
1543 2469 1631 2524 ἵνα
1676 2470 1747 2525 δι’
1775 2467 1955 2542 αύτῆζ

367 2564 759 2636 σωφρονισθεὶς
787 2567 884 2619 καὶ
905 2564 1014 2620 τῶν
1039 2565 1260 2621 οἰκείων
1288 2567 1348 2619 ὲν
1383 2563 1738 2636 συναισθήσει
1769 2580 1951 2636 παραυ

368 2657 682 2726 πτωμάτων
712 2658 1002 2730 γενόμενος
1031 2659 1308 2730 σωτηρίας
1335 2657 1566 2730 ἀξιωθῇ.
1597 2655 1952 2730 Συνεχὼρησε

368 2745 478 2818 γὰρ
529 2746 903 2819 ἔπαναστῆναι
951 2747 1102 2820 αὐτῷ
1132 2749 1227 2802 τὸν
1277 2748 1392 2802 υἰὸν
1429 2747 1598 2802 αὑτοῦ
1659 2746 1950 2818 Στέφανον,

367 2841 557 2913 ὥσπερ
585 2841 718 2896 ποτὲ
784 2840 1092 2897 Ἀσεσαλὼν
1128 2841 1402 2913 ἐπανέστη
1451 2839 1532 2912 τῷ
1563 2840 1750 2911 οἰκείῳ
1787 2841 1954 2911 πατρὶ⁵

366 2932 448 3004 τῷ
474 2933 660 2988 Δαείδ.
691 2934 1028 3006 Συμόούλοις
1053 2931 1150 2990 οὖν
1175 2927 1332 3001 οὗτος
1362 2935 1502 3006 πρὸς
1543 2932 1703 2988 τοῦτο
1747 2934 1953 3006 χρησά-

2043 1724 2299 1781 habebat.
2320 1725 2524 1781 Aderat
2545 1727 2709 1783 etiam
2727 1721 2935 1799 pariter
2949 1730 3279 1801 Polyeuctus
3301 1730 3645 1787 rever-endis-

2043 1817 2222 1872 simus
2271 1817 2602 1885 monachus,
2628 1818 2723 1890 qui
2758 1819 2875 1891 ipse
2919 1821 3151 1893 perinde
3184 1839 3249 1879 ac
3285 1839 3450 1894 quem
3497 1822 3647 1881 dice-

2047 1908 2196 1976 bam,
2227 1907 2476 1981 Sergius,
2521 1910 2740 1968 adversi
2764 1928 2926 1969 casus
2957 1916 3264 1971 molestiam
3311 1917 3648 1974 convenien—

2044 2006 2135 2056 ter
2187 2010 2428 2072 apteque
2483 2002 2752 2060 leniebat.
2827 2005 2928 2062 llic
2986 2015 3177 2077 postea
3229 2007 3643 2082 Theophylacto

2048 2092 2307 2150 humanis
2325 2103 2584 2167 exempto
2607 2112 2636 2151 a
2661 2097 3022 2155 Constantino
3051 2100 3387 2173 imperatore
3410 2101 3644 2175 patriaa-

2048 2184 2153 2240 cha
2175 2193 2473 2255 provectus
2501 2199 2606 2243 est.

2115 2277 2278 2349 321
2338 2278 2429 2334 60.
2483 2278 2942 2352 Quandoquidem
2999 2290 3185 2339 autem
3253 2283 3398 2342 Deus
3453 2284 3646 2342 multis

2051 2369 2234 2424 modis
2271 2370 2507 2426 salutem
2539 2371 2752 2427 homini
2785 2383 3048 2443 praestare
3081 2375 3395 2442 constituit,
3438 2375 3642 2433 Roma-

2052 2476 2185 2516 num
2219 2462 2616 2533 imperatorem
2650 2466 2793 2521 citra
2823 2481 3045 2523 omnem
3080 2469 3552 2539 exspectationem
3588 2470 3646 2526 in

2050 2553 2427 2610 calamitatem
2461 2556 2710 2614 incidere
2740 2559 3019 2630 permisit,
3053 2568 3116 2616 ut
3150 2559 3203 2617 is
3228 2561 3320 2617 illa
3346 2562 3646 2635 castigatus

2058 2660 2125 2701 ac
2156 2646 2226 2703 de
2250 2645 2560 2718 superioris
2610 2647 2738 2705 vita:
2770 2649 2992 2706 delictis
3040 2650 3357 2709 admonitus
3410 2653 3644 2711 salutem

2055 2749 2512 2810 consequeretur.
2547 2740 2804 2796 Permisit
2823 2757 3062 2813 namque
3096 2741 3438 2815 Stephanum
3468 2745 3646 2803 tilium

2059 2827 2112 2882 in
2169 2843 2298 2884 eum
2338 2829 2650 2903 insurgere,
2707 2832 2788 2886 uti
2859 2833 2993 2888 olim
3054 2832 3314 2890 Absalom
3365 2837 3422 2892 in
3476 2837 3642 2894 Davi-

2058 2920 2184 2976 dem
2269 2929 2489 2993 patrem
2562 2939 2747 2979 suum.
2801 2923 3029 2980 Mariani
3078 2925 3267 2997 itaque
3316 2931 3646 2986 exmonachi

372 3002 533 3096 μενος
557 3025 638 3098 τῷ
659 3043 722 3082 τε
747 3002 865 3083 ἀπὸ
886 3028 1141 3101 μωαχῶν
1160 3002 1430 3100 Μαριανῷ
1453 3025 1551 3082 καὶ
1571 3002 1852 3098 Baetasin
1874 3024 1954 3098 τῷ

2058 3015 2261 3088 Argiri,
2321 3017 2621 3090 Basiliique
2672 3020 3104 3089 protospatharii
3156 3022 3466 3092 Petinacis,
3512 3040 3647 3083 nec-

371 3117 854 3190 πρωτοσπαθαρίῳ
903 3117 986 3192 τῷ
1046 3118 1355 3193 Πετεινὰκῃ
1419 3118 1515 3173 καὶ
1563 3115 1822 3188 Μανουὴλ
1878 3116 1956 3188 τῷ

371 3209 678 3283 Κουρτίκῃ,
705 3210 1027 3267 συνειδότων
1047 3211 1198 3284 αύτῷ
1213 3212 1310 3266 καὶ
1335 3211 1446 3266 τῶν
1467 3209 1644 3267 ἄλλων
1668 3209 1955 3282 βασιλέων,

365 3303 559 3359 τοῦτον
618 3303 715 3360 τοῦ
769 3305 1040 3362 παλατίου
1092 3305 1282 3371 κακῶς
1337 3306 1620 3376 κατήγαγε
1651 3307 1749 3360 καὶ
1785 3304 1844 3360 ὲν
1889 3306 1956 3378 τῇ

371 3395 572 3471 Πρώτη
606 3398 760 3472 νήσῳ
785 3397 1037 3471 ιξορίσας
1057 3399 1241 3472 ἔκειρε
1267 3399 1520 3472 μοναχόν.

441 3487 514 3541 α’.
553 3486 890 3562 ’Υπελείφϐη
935 3489 1032 3544 οὖν
1080 3490 1443 3562 αὐτοκράτωρ
1493 3490 1901 3555 Κωνσταντῖνος
1927 3489 1960 3542 ὸ

373 3581 565 3635 τούτου
589 3581 840 3653 γαμϐρός
857 3598 874 3612 ο
893 3582 955 3649 ὃς
979 3582 1297 3658 παραυτίκα
1318 3583 1533 3655 nava
1558 3580 1653 3637 τδν
1672 3581 1766 3637 τοῦ
1793 3583 1962 3639 Φωκᾶ

375 3675 441 3744 τῇ
465 3671 558 3728 τοῦ
592 3672 898 3748 μαγίστρου
935 3673 1066 3748 ἀξίᾳ
1120 3675 1394 3748 τιμήσας,
1444 3673 1622 3746 χρόνῳ
1653 3672 1835 3746 πολλῷ
1860 3673 1961 3748 τὴν

375 3768 436 3820 ἐν
467 3765 728 3838 πολέμοις
757 3767 1123 3841 ἀνδραγαθίαν
1157 3767 1591 3846 ἑπιδειξᾴμενον,
1637 3769 1961 3840 δομὲστικον

375 3861 485 3915 τῶν
511 3861 722 3934 σχολῶν
744 3863 1178 3935 προχειρίζεται,
1200 3858 1321 3920 εἷτα
1339 3861 1643 3931 Βασίλειον,
1664 3858 1710 3934 ᾧ
1730 3864 1963 3938 ἐπίκλην

378 3957 738 4029 Πετεινάκης.
760 3956 1053 4027 πατρίκιον
1093 3957 1189 4012 καὶ
1217 3956 1393 4029 μέγαν
1424 3956 1835 4032 ἑταιρειάρχην.
1869 3958 1963 4030 Τῷ

375 4049 432 4104 δὲ
463 4049 560 4105 τοῦ
590 4049 781 4120 γένους
807 4049 919 4105 τῶν
955 4049 1242 4124 ’Δργυρῶν
1288 4050 1559 4122 Μαριανῷ
1590 4049 1663 4105 τὰ
1691 4050 1964 4123 μοναχικὰ

376 4144 655 4210 ἀποδύσας
682 4145 975 4216 πατρίκιον
995 4145 1093 4201 καὶ
1111 4144 1332 4218 κόμητα
1357 4143 1455 4199 τοῦ
1477 4143 1712 4202 στὰϐλου
1731 4146 1965 4218 πεποίη-

379 4253 497 4303 κεν,
514 4237 777 4304 ὡσαύτως
805 4239 901 4295 καί
923 4238 1184 4315 Πανουηλ
1209 4238 1303 4294 τδν
1328 4239 1627 4310 λεγόμενον
1652 4237 1964 4312 Κουρτίκην

2055 3123 2169 3166 non
2217 3109 2487 3167 Manuelis
2535 3110 2778 3168 Curticis
2839 3113 3086 3169 consiliis
3137 3115 3364 3184 abusus,
3411 3119 3650 3176 consciis

2056 3201 2223 3257 etiam
2241 3201 2475 3274 reliquis
2491 3202 2947 3274 imperatoribus,
2972 3213 3187 3275 patrem
3218 3208 3339 3264 aula
3357 3225 3646 3281 perperam

2030 3290 2398 3360 deturbavit,
2429 3292 2596 3364 inque
2629 3294 2794 3352 Prote
2834 3294 3015 3352 insula
3047 3299 3349 3370 relegatum
3387 3303 3648 3360 monachi

2057 3381 2168 3438 ritu
2199 3381 2477 3440 detondit.

2131 3475 2185 3530 ί.
2218 3474 2618 3534 Constantinus
2646 3478 2833 3550 itaque
2871 3479 3105 3537 Romani
3150 3499 3321 3555 gener
3348 3484 3671 3557 imperator.

2061 3567 2288 3625 relictus
2313 3577 2418 3624 est.
2451 3569 2805 3629 Isconfestim
2836 3572 3069 3629 Bardam
3098 3575 3297 3632 Phoeae
3327 3574 3502 3634 filium
3532 3595 3647 3635 ma-

2061 3661 2215 3733 gistri
2239 3661 2508 3733 dignitate
2536 3670 2784 3730 auctum,
2825 3665 3030 3738 quippe
3073 3667 3224 3741 longi
3258 3671 3529 3741 temporis
3549 3687 3646 3727 ex-

2062 3753 2338 3825 perientia
2391 3753 2606 3810 bellicis
2651 3755 2992 3815 facinoribus
3039 3759 3186 3816 clara
3231 3763 3434 3832 saepius
3486 3763 3652 3820 laude

2060 3844 2312 3901 functum
2363 3854 2529 3917 atque
2581 3847 2899 3917 probatum,
2953 3849 3232 3922 legionum
3285 3852 3652 3911 domesticum

2061 3936 2330 4008 pnefecit.
2379 3938 2521 3994 Tum
2567 3939 2850 4006 Basilium,
2884 3941 2973 3998 cui
3005 3958 3308 4015 cognomen
3341 3945 3649 4014 Petinaees,

2061 4031 2356 4104 patricium
2384 4042 2536 4088 creat
2576 4048 2644 4089 ac
2671 4049 2930 4107 magnum
2973 4035 3411 4094 hetaeriarcham.
3453 4039 3653 4097 Maria-

2061 4138 2198 4180 num
2232 4123 2574 4196 Argyrorum
2628 4126 2803 4199 stirpe
2861 4136 3066 4195 satum,
3112 4129 3365 4187 detracto
3395 4133 3654 4190 monachi

2066 4215 2259 4272 habitu
2304 4215 2525 4286 patricii
2555 4217 2880 4275 decoratum
2909 4219 3120 4287 infulis,
3153 4224 3416 4280 comitem
3447 4225 3654 4281 stabuli

381 4331 670 4405 πατρίκιον
717 4332 814 4388 καὶ
865 4311 1233 4406 δμυηὰριον
1288 4331 1390 4403 τῆς
1447 4331 1643 4406 βίγλης
1662 4352 1680 4367 ·
1712 4311 1956 4401 οὕστινας

2067 4311 2218 4370 facit.
2244 4312 2512 4370 Similiter
2538 4329 2761 4386 quoque
2790 4315 3096 4371 Manuelem
3139 4316 3351 4373 dictum
3372 4317 3656 4375 Curticem

380 4426 530 4498 τρεῖς
549 4424 613 4479 ού
647 4424 788 4496 μετὰ
815 4424 987 4482 πολὺν
1035 4427 1227 4498 χρόνον
1250 4427 1286 4499 ἡ
1328 4424 1426 4480 τοῦ
1451 4424 1588 4481 Θεοῦ
1617 4426 1806 4483 δικαία
1837 4427 1964 4499 κρίο

385 4534 496 4582 σις.
530 4515 618 4591 [Ρ.
646 4513 881 4590 59316);
903 4516 984 4581 είς
1012 4513 1250 4587 mm
1280 4513 1491 4590 Κυρίου
1524 4514 1967 4587 παροινήσαντας

388 4611 482 4665 καὶ
499 4610 694 4683 χεῖρας
713 4605 920 4674 ἀδίκως
939 4607 1327 4674 ιπιδαὶρντας,
1345 4610 1447 4679 τῆς
1470 4604 1754 4680 βασιλείας
1775 4607 1970 4678 ὀρεγο-

389 4702 584 4775 μινους
602 4742 620 4766 .
657 4698 960 4772 μετῆλθεν
989 4701 1084 4755 ἰπὶ
1104 4697 1434 4756 καθοσιώσει
1460 4698 1571 4771 γὰρ
1595 4697 1972 4771 καταληφθέν-

387 4809 479 4858 τες
511 4793 775 4866 ικάτερος
798 4791 982 4848 αὐτῶν
1017 4793 1278 4865 οίκτίστιρ
1322 4789 1546 4866 θανάτῳ
1565 4789 1629 4847 τὺ
1661 4790 1764 4864 ζῇν
1792 4788 1972 4865 ἀπέρο

389 4888 584 4962 ρηεαν.
615 4886 702 4942 τὰ
733 4885 794 4940 οι
815 4885 949 4958 περὶ
984 4884 1168 4941 αὐτῶν
1193 4882 1508 4957 πλατύτερὰ
1533 4900 1595 4940 τε
1623 4882 1722 4938 καὶ
1750 4879 1976 4956 ιπεεερ-

387 4975 773 5050 γαστικὼτερα
825 4975 888 5032 ιν
934 4979 1005 5049 τῇ
1040 4975 1431 5050 προηγουμίνῃ
1453 4975 1717 5049 ἐξηγήσει
1743 4972 1976 5047 ἐκθήσο-

394 5088 512 5144 μαι.

467 5247 713 5322 β¹.Μετὰ
745 5248 806 5303 δὲ
860 5252 914 5320 μ’
952 5247 1186 5322 ἠμίρας,
1231 5249 1302 5321 τῇ
1357 5246 1438 5312 κζ’
1489 5248 1588 5302 τοῦ
1644 5248 1978 5320 Ἰανουαρίου

405 5342 594 5416 μηνὸς,
626 5340 977 5406 ὑποπτεύσας
1005 5341 1414 5405 κωνσταντῖνος
1447 5340 1540 5394 τὸν
1593 5343 1719 5396 τότε
1757 5340 1984 5412 βασιλέα

403 5435 676 5506 Στέφανον
714 5432 810 5488 καὶ
836 5433 1249 5491 Κωνσταντῖνον
1299 5433 1392 5488 τὸν
1422 5427 1652 5502 ἀδελφὺν
1707 5432 1874 5487 αὐτοῦ
1909 5433 1982 5503 μή

403 5545 535 5585 ποτε
565 5528 688 5585 κατ’
709 5527 877 5583 αὐτοῦ
899 5527 968 5583 τὰ
986 5527 1150 5599 ὅμοια
1185 5523 1526 5598 πράξωνται,
1563 5527 1657 5581 καὶ
1687 5526 1985 5595 λογισάμε-

404 5639 520 5691 νος,
534 5623 672 5696 ὅπερ
701 5617 771 5695 ἦν
797 5620 967 5690 είκδς,
999 5623 1081 5679 ὄτι
1108 5619 1273 5678 εἰτοῦ
1309 5620 1438 5678 ἰδίου
1475 5620 1679 5692 πατρὸς
1714 5620 1813 5675 οὐκ
1837 5620 1985 5690 ἐφεί-

2068 4406 2365 4478 patricium
2407 4416 2466 4464 et
2511 4407 2873 4464 cxcubiarum
2920 4409 3309 4481 drungariurn;
3358 4426 3500 4483 quos
3545 4422 3659 4469 tres

2069 4499 2239 4567 viros,
2270 4499 2429 4556 brevi
2459 4500 2752 4572 interiecto
2804 4509 3076 4573 tempore,
3100 4503 3250 4575 justa
3282 4504 3377 4560 Dei
3408 4505 3544 4560 ultio
3574 4507 3662 4560 in-

2071 4601 2262 4648 secuta
2283 4602 2390 4659 est,
2439 4591 2590 4664 quod
2621 4591 2681 4650 in
2728 4592 3016 4650 Christum
3067 4594 3279 4651 domini
3330 4595 3657 4655 debacchati

2071 4690 2262 4740 essent
2289 4697 2355 4740 ac
2396 4684 2588 4756 inique
2620 4683 2680 4742 in
2710 4699 2838 4741 eum
2888 4700 3087 4742 manus
3142 4685 3479 4758 iniecissent,
3533 4705 3660 4748 cum

2076 4772 2292 4830 scilicet
2319 4772 2631 4845 imperandi
2668 4774 2846 4832 libido
2879 4792 2979 4833 eos
3001 4777 3336 4836 incessisset.
3362 4778 3662 4854 Maiestatis

2075 4867 2228 4922 enim
2267 4866 2346 4922 rei
2391 4866 2559 4940 922
2606 4869 2816 4939 peracti
2866 4869 3182 4927 miserando
3227 4888 3458 4944 prorsus
3511 4876 3664 4932 exitu

2077 4959 2278 5016 horum
2308 4961 2550 5031 quilibet
2575 4960 2748 5018 vitam
2777 4962 2988 5018 ﬁnierc.
3004 4964 3281 5020 Caeterum
3305 4983 3428 5038 quze
3447 4969 3515 5025 ad
3541 4971 3665 5028 illos

2079 5061 2330 5124 spectant
2367 5052 2548 5109 fusius
2569 5053 2970 5126 operosiusque
3003 5072 3296 5128 exsequar,
3322 5061 3416 5118 ubi
3441 5077 3507 5118 ex
3533 5080 3669 5137 pro-

2082 5148 2231 5204 fesso
2252 5162 2369 5205 rem
2399 5162 2524 5204 sunt
2549 5156 2894 5206 narraturus.

2151 5241 2207 5297 2.
2244 5240 2379 5298 Post
2427 5239 2550 5297 dies
2594 5239 2976 5312 quadraginta,
3030 5244 3278 5301 Januarii
3337 5250 3543 5306 mensis
3576 5249 3666 5307 die

2085 5335 2323 5406 septimo
2355 5350 2525 5406 supra
2545 5333 2897 5407 vigesimum,
2931 5348 3222 5408 suspectos
3276 5341 3488 5397 habens
3518 5342 3666 5400 Con-

2087 5428 2372 5486 stantinus
2391 5428 2736 5499 Stephanum
2761 5429 3153 5500 imperatorem
3179 5433 3410 5504 ejusque
3440 5435 3668 5493 fratrem

2087 5519 2530 5586 Constantinum,
2596 5535 2667 5575 ne
2726 5520 2948 5591 quando
3003 5521 3058 5576 in
3118 5537 3177 5576 sc
3237 5538 3459 5593 quoque
3515 5526 3668 5596 paria

2090 5619 2462 5680 attentareut;
2491 5627 2556 5669 ac
2581 5628 2769 5671 secum
2819 5623 3100 5686 reputans,
3134 5616 3280 5686 quod
3323 5627 3381 5672 et
3405 5633 3501 5688 par
3526 5631 3666 5684 erat.
