4090 6022
445 280 554 348 993

1793 279 2067 344 REGUM
2109 285 2254 346 LIB.
2288 285 2336 347 Ῐ.

3608 287 3720 351 99δ

525 396 618 460 Ὧς
643 394 702 450 δέ
743 409 888 459 τινες
919 393 1130 464 ἔφησαν
1162 393 1267 466 (3),
1307 394 1390 448 ὅτι
1434 393 1597 464 μόνος
1635 398 1665 448 ὸ
1702 394 1860 450 Λέων
1904 397 2016 451 καθ

2204 399 2275 454 Ut
2307 413 2438 452 vero
2472 398 2729 452 nonnulli
2753 399 2909 454 aiunt
2943 416 2956 453 :
2990 399 3152 455 Solus
3179 399 3292 455 Leo
3339 413 3448 455 una
3478 402 3716 471 quadam

442 486 504 541 ἓν
537 503 591 541 τι
634 487 803 557 μέρος
836 483 1166 557 προσϐαλὼν
1215 484 1546 558 Βουλγάροις
1575 489 1839 555 γενναίοις
1893 504 2030 543 κατ-

441 578 765 651 ηγωνίζετο,
816 579 894 642 ὡς
957 577 1170 632 ἐνθένδε
1224 578 1495 651 μεγίστην
1549 579 1885 634 ἀποίσασθοι
1939 578 2029 632 εὐ-

441 676 666 728 κλειαν·
713 675 743 727 ὁ
781 673 840 726 δὲ
886 672 1142 742 βασιλεὺς
1166 673 1267 743 τὴν
1295 672 1436 746 πρὸς
1463 672 1812 745 ὑποστροφὴν
1844 673 2032 744 τρίϐον

440 766 748 837 ἐστήριξεν,
777 765 888 819 τῶν
915 766 1178 835 ὑπηκόων
1203 765 1435 822 πλεῖστα
1464 765 1925 837 καταιτιώμενος,
1946 767 2025 830 ὡς

442 853 519 926 μὴ
563 855 1006 926 πεφροπικότων
1055 855 1167 909 τῶν
1228 857 1525 928 ἐγγράφων
1591 857 1773 928 ὅρκων
1823 857 2029 926 αὐτῶν,

440 947 577 1002 ἀλλὰ
605 946 1074 1019 προσχωρούντων
1095 949 1176 1012 είς
1196 948 1532 1013 διαστάσεις,
1562 949 1620 1016 ἒξ
1647 943 1836 1021 ὦνπερ
1863 944 2030 1022 ἧτται

441 1041 857 1112 συμσαίνουσιν,
891 1040 1206 1113 προστάξας
1256 1041 1334 1114 τῷ
1388 1042 1582 1096 Λέοντι
1633 1040 1774 1112 μετά
1807 1041 1902 1095 τοῦ
1933 1043 2029 1096 ὐπ’

438 1134 606 1189 αὐτὸν
636 1133 1050 1206 στρατεύματος
1083 1134 1190 1200 ἔξω
1217 1134 1604 1207 προσεδρεύειν
1660 1134 1762 1204 τῆς
1812 1134 2026 1200 πόλεως

436 1225 526 1281 διὰ
547 1226 648 1297 τὴν
681 1226 915 1298 μερικὴν
948 1227 1114 1279 αὐτοῦ
1143 1226 1281 1298 πρὸς
1310 1225 1650 1297 Βουλγάρους
1673 1226 2022 1298 καθυπερτέ-

346 1313 350 1317 ⁴
445 1336 631 1390 ρησιν,
665 1320 746 1382 είς
768 1319 831 1372 τὸ
865 1319 940 1390 μὴ
964 1319 1192 1383 τούτους
1213 1318 1562 1392 ὀλιγανδρίας
1594 1320 1690 1374 καὶ
1729 1319 2028 1389 φυγαδείας

449 1414 775 1485 Ῥωμαϊκῆς
795 1413 1053 1468 τοσοῦτον
1083 1412 1271 1468 λοιπὸν
1301 1413 1615 1485 ὑφορᾶσθαι
1634 1415 1700 1469 ’³.
1747 1416 1869 1485 Ἀφ’
1895 1407 1973 1469 ὧν
1997 1416 2028 1468 ὁ

2135 499 2292 561 parte
2321 506 2609 560 aggressus
2632 491 2899 563 Bulgaros
2921 501 3147 547 strenue
3187 492 3628 564 depugnaverat,
3656 506 3718 550 ut

2134 582 2268 638 binc
2290 583 2583 637 maximam
2618 592 2927 653 reportaret
2973 584 3201 654 gloriam
3243 605 3258 636 -.
3289 584 3592 654 imperator
3616 603 3716 640 au-

2135 681 2244 729 tem
2267 673 2337 727 ad
2386 673 2778 729 revertendum
2828 675 2934 728 iter
2989 674 3269 744 ingressus
3329 684 3434 738 est,
3469 675 3722 730 subditus

2132 765 2435 834 plurimum
2458 765 2716 834 culpans,
2745 766 2905 836 quasi
2958 782 3069 820 non
3117 777 3406 822 curassent
3449 769 3719 838 scriptum

2123 859 2539 930 jusjurandum,
2571 857 2666 914 sed
2689 858 2911 913 abirent
2933 859 2985 913 in
3014 860 3243 916 dissidia
3270 876 3340 916 ex
3365 862 3569 932 quibus
3596 863 3714 917 cla-

2130 949 2228 1006 des
2249 950 2546 1014 exsistunt,
2574 952 2730 1021 iusso
2755 950 2946 1006 Leone
3004 967 3133 1006 cum
3167 968 3269 1007 suo
3286 954 3534 1009 exercitu
3560 965 3716 1010 extra

2131 1042 2331 1098 urbem
2377 1043 2675 1110 excubare,
2718 1044 2847 1114 quia
2881 1044 3000 1115 ipse
3028 1058 3128 1114 pro
3156 1055 3312 1116 parte
3339 1063 3438 1101 sua
3464 1044 3721 1118 Bulgaris

2131 1135 2390 1205 superior
2423 1136 2472 1207 5
2500 1137 2718 1200 fuisset,
2753 1151 2822 1191 ne
2850 1136 2939 1191 isti
2977 1139 3091 1209 jam
3133 1138 3200 1194 de
3226 1139 3492 1195 Romanis
3525 1140 3718 1211 pauci-

2131 1228 2264 1291 tatis
2289 1237 2347 1282 et
2375 1227 2687 1300 fugacitatis
2711 1228 3030 1299 opinionem
3063 1231 3291 1285 nimiam
3332 1234 3713 1302 conciperent.

2129 1318 2289 1374 Unde
2319 1318 2526 1373 factum
2562 1327 2624 1373 ut
2646 1319 2903 1374 militaris
2951 1320 3253 1376 multitudo
3285 1333 3577 1378 accusaret
3609 1325 3713 1379 im-

2130 1411 2406 1480 peratoris
2439 1411 2878 1480 simplicitatem,
2906 1427 2973 1468 ac
3024 1413 3192 1469 nimis
3245 1415 3540 1471 remissum
3583 1432 3714 1473 eum

440 1504 831 1577 στρατιωτικὸς
868 1505 1128 1575 σύλλογος
1177 1505 1549 1578 κατελοιδὸρει
1605 1505 1702 1561 τοῦ
1761 1506 2016 1578 βασιλέως

2123 1503 2418 1575 iudicaret,
2472 1504 2782 1574 ducemque
2834 1503 3076 1560 Leonem
3118 1522 3226 1562 una
3267 1521 3401 1564 voce
3433 1509 3502 1564 ad
3534 1510 3713 1581 impe«

438 1598 721 1668 ἀφέλειαν,
752 1599 849 1652 καὶ
887 1597 1113 1652 ἔκλυτον
1140 1592 1334 1654 τοῦτον
1362 1598 1757 1670 ἐπεψηφίζετο,
1791 1599 1889 1652 καὶ
1934 1598 2016 1652 τὸν

2132 1598 2283 1652 rium
2336 1597 2590 1668 eligeret.
2625 1595 2726 1651 lllo
2764 1607 2951 1652 autem
3002 1598 3277 1668 prohmda
3334 1599 3717 1660 sollicitudine

443 1690 752 1764 στρατηγὸν
773 1689 979 1745 Λέοντα
1004 1689 1313 1761 συμφώνως
1337 1693 1417 1756 είς
1440 1690 1721 1761 βασιλείαν
1757 1692 2016 1763 προέκρι-

2128 1705 2252 1747 sese
2279 1693 2647 1747 contrahente
2676 1691 2745 1745 ad
2782 1689 2986 1746 famam
3037 1693 3350 1756 electionis,
3388 1702 3450 1749 ut
3482 1694 3614 1750 olim
3655 1696 3713 1751 in

438 1800 548 1838 νεν.
578 1783 684 1838 Τοῦ
709 1783 768 1838 δὲ
804 1782 1074 1853 ἀχλυώδει
1127 1785 1339 1856 ἀγωνίᾳ
1367 1785 1464 1837 καὶ
1495 1783 1664 1855 πολλῇ
1701 1785 2015 1853 συμπεσόν-

2128 1796 2298 1857 ponte
2343 1787 2527 1842 Julius
2579 1787 2782 1854 Caesar,
2824 1787 3055 1843 Michael
3110 1787 3454 1844 Amoriensis
3499 1789 3718 1846 occisu-

436 1889 530 1936 τος
589 1873 726 1944 πρὸς
773 1873 932 1944 λόγον
983 1876 1085 1946 τῆς
1130 1875 1495 1946 ἀναρρήσεως
1530 1873 1648 1947 (4),
1679 1873 1863 1936 καθώς
1894 1890 2016 1926 ποτε

2130 1894 2256 1932 rum
2289 1879 2581 1934 afﬁrmavit
2624 1881 2730 1935 nisi
2767 1884 2822 1936 in
2853 1897 2974 1935 eam
3007 1881 3341 1945 consentiat,
3380 1895 3446 1937 ac
3494 1880 3711 1938 solum-

439 1967 585 2022 κατά
627 1968 879 2039 γέφυραν
908 1969 1074 2023 Γαΐου
1123 1968 1219 2022 τοῦ
1265 1967 1568 2038 Καίσαρος,
1603 1966 1825 2038 Μιχαὴλ
1876 1966 1909 2020 ὀ
1965 1966 2016 2031 ἐξ

2128 1970 2295 2026 modo
2321 1987 2656 2028 consensum
2690 1973 2811 2045 ejus
2831 1974 3146 2043 expetebat,
3174 1975 3462 2031 introitum
3491 1991 3626 2032 vero
3648 1976 3710 2033 in

451 2059 712 2133 ’Δμορίου
764 2063 1086 2134 ἀναιρήσειν
1140 2061 1332 2118 τοῦτον
1383 2060 1814 2132 διεμαρτύρατο,
1847 2061 1898 2113 εί
1945 2058 2016 2130 μὴ

2124 2062 2323 2118 urbem
2352 2073 2411 2119 et
2441 2065 2498 2119 in
2522 2065 2695 2135 ipsam
2727 2069 2933 2136 regiam
2959 2066 3176 2122 facilem
3199 2084 3258 2125 se
3282 2069 3555 2126 facturum
3583 2087 3710 2142 pro-

433 2154 611 2229 ταύτῃ
669 2157 984 2212 κατάθοιτο.
1047 2157 1158 2211 Καὶ
1212 2155 1314 2227 τὴν
1356 2155 1457 2226 μὲν
1506 2154 1804 2208 κατάθεσιν
1851 2151 2016 2206 αὐτοῦ

2125 2153 2310 2221 misit;
2347 2156 2496 2224 quod
2528 2165 2587 2212 et
2613 2173 2673 2213 re
2705 2157 2821 2228 ipsa
2855 2160 3167 2228 prmstitum
3211 2160 3280 2214 ab
3316 2162 3435 2233 ipso
3468 2173 3708 2220 etexer-

436 2246 598 2316 μόνον
630 2247 852 2319 ἀπῄτει,
878 2248 980 2319 τὴν
1007 2248 1064 2302 δὲ
1093 2248 1255 2320 μέχρι
1284 2249 1385 2316 τῆς
1422 2248 1636 2311 πόλεως
1686 2245 1781 2301 καὶ
1837 2244 2020 2300 αὐτῶν
2121 2246 2258 2302 citu.

431 2341 542 2394 τῶν
591 2341 940 2412 βασιλείωνίδ
973 2342 1179 2396 εἴσοδον
1212 2342 1436 2413 ποιῆσαι
1467 2341 1660 2414 ῥᾳδίαν
1713 2339 2007 2413 ὑπέσχετο,
2049 2339 2173 2410 ἥτις
2207 2341 2289 2405 είς
2323 2339 2486 2413 ἔργον
2527 2344 2664 2416 παρ’
2692 2341 2859 2396 αὐτοῦ
2914 2341 3008 2397 τοῦ
3075 2345 3485 2419 στρατεύματος
3556 2367 3709 2405 τετεο

435 2438 647 2495 λείωτο.

505 2534 618 2604 Πρὸ
637 2535 679 2566 ⁸⁵
707 2532 764 2586 δέ
785 2550 848 2600 γε
877 2529 1105 2598 τούτων,
1133 2531 1413 2602 γενομένῳ
1436 2531 1515 2601 τῷ
1543 2530 1754 2600 βασιλεῖ
1786 2530 2008 2602 Μιχαὴλ

431 2626 664 2695 πλησίον
694 2626 792 2695 τῆς
822 2625 1032 2689 πόλεως
1062 2623 1163 2697 (5),
1222 2627 1464 2695 συναντᾷ
1508 2623 1688 2696 τούτῳ
1740 2625 1880 2695 ἀνήρ
1928 2641 2011 2688 τις

432 2719 543 2770 τῶν
573 2718 880 2788 ἐπισήμων,
931 2717 1034 2786 τὴν
1073 2715 1182 2770 τῶν
1211 2715 1412 2785 τειχῶν
1463 2716 1794 2786 κηδεμονίαν
1845 2732 2009 2768 πεπι-

436 2810 754 2879 στευμένος,
793 2807 904 2860 τῶν
944 2805 1308 2872 Ἐξαϐουλίων
1335 2809 1399 2860 ὲκ
1430 2808 1642 2874 γένους,
1669 2804 1913 2874 ἀφοσιῶν
1941 2805 2013 2859 τά

433 2899 601 2968 εθιμα
661 2899 893 2970 βασιλεῖ,
943 2899 1040 2952 καὶ
1098 2901 1165 2970 τῇ
1213 2899 1474 2972 δυστυχία
1543 2898 2011 2968 συναλγυνύμενος

431 2992 764 3046 ἐπυνθάνετό
790 3009 855 3060 γε
884 2992 997 3065 (6)·
1049 3011 1070 3045 ι
1103 2993 1199 3058 Τίς
1227 2992 1295 3046 ἂν
1347 2993 1457 3063 εἴη,
1504 2986 1549 3046 ὧ
1583 2993 1843 3058 δέσποτα,
1899 2992 2009 3046 τῶν

430 3085 884 3157 στρατηγούντων
944 3085 1128 3150 ὲαθεὶς
1156 3087 1217 3140 ἐν
1252 3085 1331 3157 τῷ
1373 3087 1640 3157 ἐπιλοίπῳ
1698 3085 1945 3158 πρατῷς
1984 3104 2003 3138 ι

440 3175 501 3230 ⁸0
532 3177 591 3230 δέ
622 3193 793 3250 φησιο
855 3197 874 3231 ι
908 3177 1061 3232 Λέων
1104 3179 1136 3234 δ
1179 3177 1273 3232 τοῦ
1325 3183 1379 3232 α’
1430 3178 1665 3249 θέματος
1709 3178 2016 3250 ὲξηγούμευ

428 3287 522 3334 νος
549 3270 649 3342 (7),
687 3268 828 3342 ἀνὴρ
857 3271 1118 3342 ἀγχίνους
1145 3271 1241 3325 καὶ
1281 3270 1576 3341 εὐθύτητος
1608 3271 1946 3344 ὲξεχόμενος.
1989 3293 2010 3326 ι

446 3363 508 3418 '0
542 3364 599 3417 δὲ
637 3365 849 3435 ἀντέφη
876 3363 1194 3429 ἀλυσιτελὲς
1234 3363 1375 3420 εἶναι
1407 3367 1460 3419 εί
1491 3366 1656 3436 μόνος
1709 3366 1805 3420 τοῦ
1838 3368 2016 3421 τοιού-

428 3466 524 3504 του
550 3451 886 3521 καθηγοῖτο.
939 3471 958 3504 ι
997 3452 1120 3523 δίχα
1167 3453 1316 3518 τινὸς
1351 3453 1462 3508 τῶν
1511 3455 1622 3509 σῶν
1648 3455 1867 3512 οἰκείων
1908 3457 2013 3511 6m-

427 3541 664 3613 ηρετῶν.
701 3562 723 3594 ι
783 3544 893 3598 Τοῦ
937 3544 993 3598 δὲ
1047 3545 1314 3616 βασιλέως
1383 3548 1537 3602 οὐδὲν
1590 3549 1700 3602 τῶν
1752 3551 2015 3606 ἐναντίων

430 3635 889 3708 ὐφορωμένου¹⁶,
940 3638 1303 3709 ἀπολογισμοί
1353 3657 1499 3703 τινες
1551 3641 1685 3711 παρ’
1738 3641 1904 3698 αὐτοῦ
1934 3642 2016 3715 τῷ

440 3729 769 3801 Ἐξαδουλίῳ
798 3731 1237 3802 προύτίθεντο¹⁷,
1280 3733 1356 3796 ὡς
1389 3733 1466 3804 μὴ
1492 3736 1851 3807 τυραννήσειν
1878 3737 2012 3790 ποτὲ

428 3822 906 3893 βουληθησομένου
959 3821 1056 3876 τοῦ
1115 3822 1371 3887 Λέοντος.
1417 3824 1608 3895 ’Δπῄει
1657 3826 1951 3896 τοιγαροῦν
1982 3829 2012 3880 ὁ

426 3914 788 3986 αὐτοκράτωρ
839 3914 976 3983 πρὸς
1039 3915 1106 3968 τά
1167 3915 1418 3984 βασίλεια
1468 3919 1528 3971 οὐ
1564 3917 1706 3989 μετά
1735 3918 1872 3973 πολύ
1906 3918 2007 3990 (8),

425 4009 525 4063 καὶ
553 4011 588 4080 ἡ
620 4009 718 4062 τοῦ
750 4010 1021 4080 τυράννου
1053 4008 1284 4072 Λέοντος
1314 4009 1615 4080 ἀνάῥρησις
1641 4008 2006 4080 διηγγέλλετο.

425 4101 574 4174 Πρὸς
598 4101 759 4156 τοῦτο
800 4100 896 4156 τοῦ
933 4101 1202 4172 βασιλέως
1259 4102 1483 4172 Μιχαὴλ
1536 4103 2005 4173 δυσχεραίνοντος,

425 4197 706 4267 παρῄνουν
759 4197 903 4260 τινὲς
961 4196 1112 4268 αὐτῷ
1168 4196 1304 4249 πᾶσι
1353 4196 1579 4265 τρόποις
1635 4195 1716 4265 τῷ
1760 4197 2009 4270 τυράννῳ

426 4291 672 4363 στερρῶς
700 4290 1092 4355 ἀντιτάξασθαι
1111 4307 1127 4320 ο
1163 4291 1194 4342 ὁ
1221 4289 1279 4342 δὲ
1328 4289 1588 4359 γαλήνιος
1613 4289 1691 4342 ὢν
1717 4293 1785 4361 τῇ
1813 4289 2006 4363 γνώμῃ

2187 2528 2294 2584 Sed
2329 2529 2650 2599 priusquam
2686 2526 2807 2586 haec
2837 2529 3264 2597 perﬁcerentur,
3311 2548 3434 2587 cum
3456 2533 3567 2603 jam
3601 2535 3709 2588 im-

2119 2630 2347 2693 perator
2381 2621 2608 2676 Michael
2645 2621 2973 2676 accessisset
3005 2622 3071 2677 ad
3114 2620 3333 2688 urbem,
3383 2626 3627 2680 occurrit
3653 2628 3708 2682 ei

2117 2713 2205 2768 vir
2232 2712 2459 2782 quidam
2485 2727 2552 2766 ex
2576 2710 2879 2775 nobilibus,
2915 2713 3181 2767 mtenium
3216 2728 3406 2768 curam
3439 2714 3544 2769 sibi
3576 2730 3710 2770 con-

2117 2803 2382 2860 creditam
2423 2803 2654 2865 habens,
2686 2818 2717 2858 e
2747 2801 2956 2858 familia
3009 2804 3437 2869 Exabuliorum,
3467 2822 3675 2863 censue

2098 2899 2189 2952 tis
2211 2894 2408 2951 oiliciis
2453 2911 2587 2966 erga
2645 2895 3035 2965 imperatorem
3082 2898 3391 2969 defungens
3430 2916 3495 2955 ac
3527 2916 3707 2970 super

2117 2988 2428 3044 calamitate
2456 2982 2781 3051 condolens,
2816 2991 3231 3061 qumrebatque.
3260 3011 3279 3042 ι
3319 2990 3425 3058 Qui
3446 3009 3513 3047 ex
3543 2995 3706 3048 duci-

2117 3081 2222 3135 bus
2243 3091 2391 3136 esset
2414 3081 2643 3136 relictus
2679 3081 2735 3135 in
2760 3083 3062 3137 exercitu.»
3086 3081 3225 3138 Tum
3252 3085 3364 3150 ille,
3397 3105 3416 3135 ι
3449 3085 3581 3150 Leo,
3613 3088 3700 3142 in—

2116 3173 2258 3243 quit,
2293 3173 2473 3244 primo
2510 3173 2743 3228 themati
2795 3175 3112 3244 praefectus,
3158 3176 3244 3230 vir
3282 3177 3594 3233 industrius
3645 3190 3703 3233 et

2111 3265 2347 3336 iustitia:
2386 3266 2667 3322 addictus.
2696 3286 2715 3316 ι
2748 3267 2818 3322 At
2839 3269 2884 3323 is
2906 3270 3127 3339 negavlt
3151 3284 3273 3325 esse
3294 3272 3608 3326 conSul‘tum
3641 3285 3702 3327 ut

2119 3357 2170 3412 is
2193 3359 2347 3413 solus
2373 3359 2425 3414 ei
2450 3359 2531 3414 rei
2563 3360 2770 3430 praasit,
2823 3380 2841 3412 ι
2871 3361 3086 3431 abSqne
3119 3361 3306 3432 aliquo
3354 3365 3702 3434 imperatori-4

2115 3450 2316 3505 intimo
2355 3450 2634 3506 ministro.
2671 3469 2689 3501 ι
2742 3449 3016 3507 (laterum
3055 3453 3354 3522 imperator
3401 3454 3543 3508 nihil
3593 3457 3693 3509 adv-

2114 3541 2262 3596 versi
2297 3544 2590 3612 suspicans
2626 3542 2793 3596 etiam
2841 3543 3085 3597 rationes
3127 3543 3390 3613 quasdam
3420 3557 3700 3613 propone~

2112 3633 2229 3699 bat,
2252 3639 2410 3704 quasi
2446 3648 2730 3704 nunquam
2785 3635 3138 3705 tyrannidem
3163 3645 3312 3691 esset
3340 3634 3702 3692 aﬂ‘eCtaturizs

2113 3726 2335 3798 GLeo.
2388 3727 2596 3783 Abibat
2623 3727 2796 3798 igitur
2848 3728 3148 3798 imperator
3200 3728 3256 3783 in
3309 3729 3536 3800 regiam,
3597 3745 3700 3784 nec

2113 3822 2289 3875 multo
2315 3829 2444 3892 post
2484 3820 2597 3876 Leo
2626 3821 2929 3890 imperator
2955 3821 3273 3876 declaratos
3308 3821 3693 3878 nuntiabatur.

2112 3913 2247 3968 Eam
2284 3929 2401 3970 rem
2440 3927 2582 3986 aegre
2625 3913 2836 3970 ferente
2869 3914 3133 3970 Blichaele
3183 3914 3541 3983 imperatore.
3572 3930 3696 3969 sua.-

2113 4007 2324 4062 debant
2348 4009 2398 4063 ei
2420 4010 2643 4078 quidam
2671 4019 2732 4062 ut
2756 4008 3015 4062 omnibus
3043 4007 3221 4062 modis
3253 4017 3485 4081 tyranno
3517 4007 3694 4062 ﬁrml—

2114 4108 2199 4152 ter
2229 4114 2350 4152 sese
2376 4108 2700 4168 opponeret.
2729 4099 2798 4151 At
2829 4098 2920 4152 ille
2961 4114 3086 4152 cum
3109 4108 3258 4152 esset
3281 4097 3481 4167 placidi
3517 4097 3694 4152 animi

2111 4207 2214 4246 nec
2245 4192 2515 4263 sanguine
2551 4191 2841 4263 gauderet,
2883 4190 3110 4245 arcebat
3135 4205 3333 4244 omnes
3385 4189 3554 4251 caede,
3597 4190 3692 4243 Dei

2110 4285 2374 4340 mandato
2403 4301 2559 4354 aequa
2597 4293 2782 4340 mente
2824 4284 3216 4354 acquiescens,
3266 4281 3404 4338 adeo
3441 4281 3694 4336 utetiam

427 4384 523 4435 καὶ
557 4383 655 4451 οὐχ
680 4382 996 4452 αἱμοχαρὴς
1023 4380 1120 4451 τὴν
1152 4380 1500 4450 προαίρεσιν,
1531 4380 1769 4448 ἀπεῖργε·
1795 4381 2005 4443 πάντας

2119 4380 2411 4449 quemdam
2444 4395 2516 4433 ex
2541 4378 2848 4433 domestico
2897 4375 3234 4439 ministerio,
3264 4375 3696 4440 Exarrltontem,

428 4476 765 4547 μιαιφονίας,
797 4476 874 4546 τῷ
901 4475 997 4528 τοῦ
1024 4474 1160 4527 Θεοῦ
1203 4472 1592 4543 προστάγματι
1642 4471 2006 4541 εὐγνωμόνως

424 4566 858 4634 ὲπικλινόμενος,
892 4566 985 4616 καὶ
1007 4563 1262 4617 τοσοῦτον
1287 4562 1426 4616 ὥστε
1459 4564 1554 4618 καί
1584 4580 1709 4618 τινα
1743 4563 1844 4632 τῆς
1871 4580 2003 4618 κατ-

424 4659 652 4713 οικιδίου
687 4657 992 4729 θεραπείας
1015 4653 1184 4708 αὐτοῦ
1209 4654 1320 4724 (9),
1352 4654 1445 4708 τὸν
1483 4654 1832 4726 Ἐξάρχοντα.
1866 4657 2012 4708 στεῖ-

2119 4470 2370 4525 mitteret
2391 4467 2461 4524 ad
2489 4469 2734 4524 Leonem
2785 4483 2912 4522 cum
2963 4466 3271 4537 insignibus
3318 4465 3695 4536 imperatoris,

2111 4562 2542 4633 hortareturque
2571 4572 2828 4618 senatum
2855 4562 3076 4617 obviam
3112 4560 3163 4617 ei
3201 4561 3304 4626 ire,
3327 4574 3396 4614 ne
3426 4557 3536 4613 ulla
3562 4573 3691 4614 san-

2120 4654 2303 4724 guinis
2349 4654 2637 4710 christiani
2685 4662 2841 4724 gutta
2904 4650 3285 4708 eil‘underetur
3368 4650 3454 4706 sui
3503 4665 3697 4708 causa.

1711 4767 1944 4822 VARM'J
1984 4765 2274 4828 LECTION
2283 4769 2386 4826 ES.

491 4888 536 4922 ¹³
570 4885 890 4958 ὑφωρᾶσθαι
912 4886 975 4942 L.
1055 4885 1102 4917 “
1129 4883 1420 4959 βασιλειῶν
1446 4882 1511 4939 L.
1594 4884 1640 4916 ¹⁸
1675 4884 1814 4953 πρὸς
1839 4883 1902 4940 L.
1979 4882 2026 4914 ¹⁶
2045 4884 2408 4957 ὐφωρομένου
2438 4885 2498 4942 L.
2579 4886 2624 4918 "
2652 4886 2983 4956 προύτίθετο
3009 4882 3074 4941 1...

1580 5002 1826 5060 STEPH.
1861 5003 2207 5061 BEBGLERI
2249 5006 2478 5074 ΝΟΤιΕ,

497 5129 574 5198 (3)
603 5128 680 5199 De
707 5127 815 5182 hac
840 5125 1221 5199 discrepantia
1243 5127 1411 5199 hujus
1439 5128 1685 5199 historia:
1707 5135 1765 5182 et
1790 5125 1998 5199 Chron.

417 5210 542 5278 post
568 5198 823 5268 TbeOph.
855 5199 972 5254 sive
1017 5198 1468 5266 Continuatores,
1500 5215 1557 5270 p.
1592 5198 1681 5264 10,
1721 5199 1858 5255 edit.
1895 5198 2001 5254 Pa-

422 5285 571 5422 Ϊδίι)
600 5340 748 5396 Mera
805 5340 1091 5397 simulatio
1133 5330 1260 5397 fuit.
1291 5341 1557 5406 Zonaras.
1603 5355 1660 5410 P-
1694 5339 1818 5395 ⁵98·
1868 5340 2004 5395 edi"

421 5411 904 5565 Pf‘igi‘hﬁled.renus,
953 5498 1011 5554 p.
1047 5482 1171 5552 484,
1201 5483 1557 5540 edit.-Paris.
1607 5483 1995 5541 Continuator.

418 5554 556 5607 edit.
594 5555 766 5608 Paris.

488 5622 566 5692 (6)
596 5624 783 5679 Potius
814 5641 874 5676 τε
902 5639 1004 5694 pro
1036 5642 1121 5694 γε.

489 5693 565 5764 (7)
597 5697 841 5764 Apparet
905 5693 1142 5764 primum
1180 5696 1362 5753 thema
1409 5695 1581 5753 fuisse
1606 5697 1679 5766 τὺ,
1711 5696 1988 5750 Ἀνατολι-

420 5765 535 5830 κόν,
575 5766 864 5833 Orientale,
901 5782 1026 5821 nam
1080 5785 1134 5837 p.
1187 5769 1227 5838 ,4
1276 5769 1566 5824 dicebatur
1611 5765 1990 5826 orientalibus

2105 5130 2416 5201 prmfectus.

2180 5202 2256 5274 (8)
2296 5205 2412 5274 l’ra:
2462 5220 2522 5258 se
2565 5205 2674 5260 fert
2708 5212 2765 5259 et
2803 5202 2897 5256 τοῦ
2934 5205 3057 5273 μετ’
3081 5203 3144 5258 οὐ
3174 5201 3333 5269 πολύ,
3367 5211 3424 5258 ιιι
3461 5201 3688 5274 quidem

2108 5272 2306 5328 Besius
2328 5273 2642 5344 descripsit.
2671 5275 2923 5344 quamvis
2941 5272 3061 5329 non
3091 5275 3225 5329 satis
3238 5272 3541 5344 apparen‘te
3568 5275 3684 5336 τοῦ,

2108 5358 2213 5398 nec
2236 5346 2375 5399 adeo
2411 5343 2589 5400 locum
2624 5343 2860 5401 habente
2886 5344 3015 5410 hic;
3057 5354 3131 5415 et
3183 5347 3243 5398 οὺ
3286 5343 3406 5415 μετ’
3422 5345 3482 5397 οὐ
3523 5345 3683 5406 πολύ,

2111 5416 2346 5487 utalius
2373 5416 2425 5470 in
2482 5419 2730 5487 margine
2755 5414 2990 5487 Bosiani.
3028 5414 3138 5487 Nec
3167 5414 3297 5470 hoc
3321 5425 3553 5470 rectum.
3597 5415 3686 5487 4E:

2152 5485 2286 5539 riori
2339 5487 2445 5557 legi
2495 5485 2703 5556 posset,
2775 5486 3024 5555 βασίλεια
3075 5486 3242 5540 αὐτοῦ
3285 5487 3409 5557 μετ’
3427 5488 3488 5540 οὐ
3519 5485 3681 5540 πολύ.

2130 5556 2216 5636 los
2264 5556 2540 5626 poswrius
2597 5559 2904 5614 retinemus
2954 5558 3235 5614 levissima
3299 5556 3442 5611 facta
3505 5565 3687 5610 muta-

2103 5634 2274 5681 tione.

2170 5697 2245 5770 (9)
2270 5699 2482 5756 Mallem
2501 5699 2684 5759 αὐτόν.
2718 5709 2776 5756 ει
2809 5699 3095 5770 praemisso
3123 5706 3419 5755 commate.
