3982 6046
264 207 410 280 1045
1574 215 1790 278 REGU
1803 217 1848 276 Μ

1954 215 2052 278 ΙΒ.
2090 214 2174 275 ΙΙ.
3396 205 3530 268 1046

261 323 395 378 ὶσόα
431 322 594 394 μέγα,
631 341 652 375 ε
702 322 959 397 Ἐλέησόν
989 344 1080 399 με,
1132 324 1349 397 άληθῶς
1394 324 1618 397 βασιλεῦ
1650 324 1784 398 (80).
1823 343 1844 378 ι

1954 324 2145 388 vitam,
2182 335 2373 377 mense
2403 317 2756 391 Octobrijam
2794 317 2903 391 [ιδ
2941 317 3144 376 medio.
3187 314 3306 370 Mox
3350 325 3534 373 autem

273 414 565 488 Ἐρομένου
593 417 650 472 δδ
671 417 764 471 τοῦ
790 416 1060 489 βασιλέως
1089 420 1254 476 αὐτὸν
1297 420 1353 474 εί
1381 436 1527 483 τινες
1571 417 1683 472 εἶεν
1722 435 1848 490 κρυ·

1954 414 2174 486 cugnito
2205 413 2470 468 rebellem
2502 411 2876 475 interfectum,
2903 411 3069 464 etiam
3102 409 3452 465 Auastasium
3471 427 3539 466 ex

263 507 407 575 φίως
455 509 861 578 συνεγνωκότες
912 511 1014 581 τῆς
1067 511 1336 575 ἀπονοίας
1389 509 1564 581 αὐτῷ,
1603 507 1746 581 τάχα
1778 508 1846 562 ἂν

1954 506 2095 580 Byza
2124 505 2445 563 constrictis
2472 505 2729 560 manibus
2765 503 3110 576 pedibusque
3142 504 3209 559 ad
3240 504 3536 575 imperato-

264 600 479 654 πολλῶν
506 606 731 658 κατεεπε
758 602 970 675 ψευδῶς
991 604 1103 658 τῶν
1146 603 1448 674 βασιλικῶν
1488 603 1658 672 φίλων
1679 619 1692 631 ·
1727 601 1844 657 ἀλλ’

1954 616 2071 658 rem
2109 599 2416 665 adducunt,
2451 614 2616 671 quem
2646 599 2840 654 eadem
2883 613 2992 668 qua
3020 596 3141 655 falsi
3176 598 3417 654 nominis
3445 614 3543 670 pa.

278 691 530 763 Ἰωάννης
575 696 715 766 ἀνὴρ
742 696 1034 766 ἐπίκλησιν
1073 696 1450 763 Ἔξασούλλιος
1485 695 1621 767 (81).
1653 697 1711 749 ὲν
1743 711 1848 752 πα-

1954 701 2097 749 trem
2125 692 2458 748 condemnat
2485 707 2664 763 poma.

262 785 494 853 τρικίοις
538 784 736 855 τελῶν,
763 787 857 843 τὸν
905 790 1170 863 τύραννον
1222 788 1455 860 ἐπέσχεν
1477 789 1682 857 letater
1707 785 1844 860 (82),
1887 787 2064 858 φήσας
2093 783 2174 857 τῷ
2209 785 2423 856 βασιλεῖ
2452 784 2528 848 ὡς
2555 783 2617 838 οὐ
2656 783 2775 837 δέον
2825 781 2966 836 κατὰ
3022 783 3193 854 φίλων
3251 782 3530 838 πιστεύειν

264 876 506 949 ἐχθροῖς.
572 879 712 936 Ἀλλ’
760 883 793 936 ό
856 882 960 954 μὲν
1021 883 1285 956 τύραννος
1339 882 1513 949 οὕτως
1564 881 1846 954 δυστυχὰ
1880 881 2250 951 καταστρέφει
2295 880 2387 934 τὸν
2431 880 2546 951 βίον
2602 877 2772 949 μηνὸς
2815 877 3150 948 Ὀκτιυϐρὶου
3237 878 3354 950 (85)
3435 895 3537 948 με·

268 973 492 1039 σοῦντος
537 975 672 1048 ἤδη·
721 976 886 1042 εὐθὺς
926 978 984 1031 δὲ
1032 979 1128 1033 καὶ
1176 977 1537 1034 Ἀναστάσιον
1588 977 1642 1031 οί
1686 977 1735 1010 ⁷⁸
1781 978 1847 1031 ὲκ
1885 975 2064 1044 Βύζης
2084 973 2221 1046 (81),
2245 974 2435 1047 ἐπειδὴ
2457 974 2550 1028 τὸν
2595 971 2916 1044 ἀποστάτην
2960 971 3162 1042 ἔμαθον
3195 971 3531 1046 ἀνῃρῆσθαι,

267 1071 602 1141 πεδήσαντες
631 1073 820 1141 χεῖρας
859 1071 952 1126 καὶ
984 1071 1151 1136 πόδας
1181 1071 1320 1144 πρὸς
1342 1068 1569 1140 βασιλέα
1590 1064 1937 1141 κομίζουσιν,
1970 1067 2155 1122 ὅντινα
2182 1066 2249 1138 δὴ
2283 1067 2350 1137 τῇ
2416 1065 2555 1137 αὐτῇ
2589 1061 2702 1136 (85)
2756 1062 2852 1119 τοῦ
2910 1062 3275 1136 ψευδωνύμου
3336 1067 3541 1141 πατρὸς

268 1163 622 1228 καταδικάζει
646 1164 830 1236 ποινῇ.

351 1256 506 1311 Ἐπεὶ
533 1255 591 1309 δέ
617 1254 730 1330 (86)
773 1273 918 1321 τινες
942 1256 1054 1310 τῶν
1079 1255 1175 1310 τοῦ
1206 1258 1473 1331 τυράννου
1513 1256 1612 1327 τὴν
1651 1254 1848 1311 καλου-

2027 1249 2303 1306 Οαιιεηιω
2349 1246 2575 1320 quidam
2621 1261 2688 1300 ex
2735 1244 2951 1317 tyranni
3005 1246 3233 1302 asseclis
3275 1255 3544 1318 occupata

270 1349 443 1420 μένην
484 1349 684 1404 Πάνιον
732 1348 1099 1419 κατασχόντες
1134 1349 1310 1416 πόλιν,
1353 1349 1484 1421 ἄρτι
1525 1348 1626 1422 μὲν
1653 1348 1846 1404 τούτου

1956 1342 2095 1400 urbe
2149 1358 2274 1414 quae
2321 1340 2533 1397 Panion
2596 1339 2832 1406 dicitur,
2867 1353 3026 1406 cum,
3071 1340 3326 1412 quamvis
3377 1341 3545 1396 modo

266 1442 662 1514 ἁπεφθορότος,
699 1444 782 1506 είς
801 1443 864 1497 τὸ
883 1443 1143 1514 πολεμεῖν
1175 1441 1390 1514 βασιλεῖ
1413 1443 1714 1514 διέγνωσαν
1747 1459 1848 1497 καο

1954 1437 2290 1506 interempto
2314 1435 2433 1500 illo,
2465 1433 2675 1490 bellum
2700 1447 2894 1504 gerere
2927 1441 3123 1490 contra
3153 1434 3543 1505 imperatorem

267 1534 554 1605 ταστῆναι,
579 1535 714 1606 πρὸς
741 1536 809 1607 ἦν
834 1535 947 1609 (87)
980 1536 1150 1591 ἐλθὼν
1176 1539 1206 1590 ὁ
1233 1535 1488 1608 βασιλεὺς
1512 1534 1731 1607 Μιχαὴλ
1751 1534 1848 1590 καὶ

1954 1529 2306 1595 statuissent,
2362 1527 2431 1583 ad
2482 1542 2606 1583 eam
2656 1525 2852 1581 urbem
2906 1527 3189 1598 profectus
3245 1527 3546 1600 imperator

267 1626 463 1695 λόγους
514 1626 827 1697 εἰρηνικοὺς
880 1629 1300 1700 προτεινόμενος
1354 1627 1607 1700 οὐδαμῶς
1668 1625 1845 1681 πείθει

1955 1620 2184 1678 Michael
2229 1634 2518 1679 sermones
2557 1617 2818 1690 pacificos
2859 1619 3210 1689 praetendens
3249 1621 3542 1692 haudqua-

2624 1726 2765 1732 ,μω
3370 1731 3376 1732 ,

269 1717 602 1774 καταθέσθαι
631 1720 700 1774 τά
728 1721 890 1788 ὅπλα,
938 1722 1151 1790 γίνεται
1177 1721 1243 1794 δή
1290 1739 1344 1776 τι
1386 1722 1573 1778 θεόθεν
1618 1723 1848 1794 σημεῖον

1954 1730 2117 1786 quam
2172 1713 2454 1785 persuasit
2507 1720 2568 1768 ut
2617 1726 2772 1767 arma
2822 1710 3184 1784 deponerent.
3240 1713 3328 1770 Fit
3358 1723 3542 1771 autem

266 1815 486 1880 αὐτοῖς·
548 1817 774 1888 σεισμὸς
831 1816 943 1887 γὰρ
993 1814 1223 1885 σφοδρὸς
1273 1816 1334 1869 τό
1376 1833 1434 1869 τε
1481 1817 1660 1887 τεῖχος
1714 1832 1849 1870 κατ-

269 1905 431 1962 έόαλε
461 1908 572 1981 (88)
598 1909 694 1963 καὶ
711 1911 824 1973 τοῖς
849 1909 942 1962 τοῦ
967 1907 1231 1979 βασιλέως
1259 1907 1358 1980 τὴν
1374 1909 1455 1971 εἰς
1480 1907 1848 1962 πόλινδέδωκε

270 1999 507 2071 πάροδον
527 2018 541 2032 ο
569 2000 599 2054 δ
614 2003 725 2065 τοῖς
754 2000 1180 2070 σεισμοσκόποις
1201 2002 1427 2072 σημεῖον
1446 2000 1637 2071 ἥττης,
1665 1997 1788 2055 ὅθεν
1804 2000 1849 2032 ⁷⁵

268 2092 566 2162 γεγένηται
612 2093 770 2146 τοῦτο
795 2092 932 2161 (89).
967 2091 1131 2146 Ἀλλὰ
1166 2090 1232 2162 δὴ
1266 2090 1362 2144 καί
1412 2090 1706 2160 Ἡράκλεια
1737 2089 1848 2163 (90)

269 2186 305 2254 ἡ
339 2183 509 2239 πάλαι
543 2185 803 2256 Πέρινθος
832 2184 1160 2256 καλουμένη,
1193 2185 1260 2238 τὰ
1289 2184 1386 2238 τοῦ
1425 2184 1691 2254 τυράννου
1728 2182 1851 2238 λίαν

270 2276 524 2338 νοσοῦσα.
594 2276 733 2347 πρὸς
757 2275 880 2348 ζτὴν
916 2277 1006 2330 διὰ
1047 2275 1158 2332 τῶν
1215 2276 1310 2332 τοῦ
1360 2275 1626 2346 βασιλέως
1675 2275 1850 2345 λόγων

272 2366 569 2437 θεραπείαν
599 2370 860 2440 ἀντέσχεν
879 2385 892 2399 ο
924 2368 1048 2424 ὅθεν
1099 2369 1166 2441 δὴ
1197 2369 1297 2441 τῆς
1339 2370 1404 2423 ὲκ
1436 2367 1529 2423 τοῦ
1559 2369 1850 2424 θαλαττίου

274 2459 480 2530 μέρους
511 2459 605 2515 τοῦ
641 2463 856 2532 τείχους
875 2461 1180 2533 ἐπιδρομῆς
1196 2462 1305 2517 τῶν
1339 2462 1638 2533 βασιλικῶν
1657 2480 1852 2536 πειρα-

275 2551 431 2608 θεῐσα
471 2555 822 2626 στρατιωτῶν
852 2553 1138 2610 ἁλίσκεται
1166 2572 1228 2608 τε
1268 2556 1361 2608 καὶ
1393 2555 1495 2624 τῆς
1521 2556 1852 2628 τυραννικῆς

271 2643 676 2698 ἀπαλλάττεται
718 2645 876 2698 νόσου
941 2645 1222 2716 ἀναιμωτὶ
1267 2645 1524 2714 καθάπαξ
1584 2644 1691 2700 ὑπὸ
1741 2647 1853 2702 τῶν

269 2735 532 2792 ἐναντίων
565 2737 834 2808 ληφθεῖσα
850 2736 1247 2793 ⁷⁸..Ἐντεῦθεν
1277 2737 1341 2809 δὴ
1381 2738 1640 2810 βασιλεὺς
1673 2744 1852 2796 πάντα

274 2829 524 2900 κατήκοα
582 2829 764 2885 λαϐὼν
811 2830 1008 2886 ἑαυτοῦ
1050 2831 1190 2904 πρὸς
1237 2830 1338 2904 τὴν
1395 2831 1642 2902 βασιλίδα
1694 2833 1852 2890 πόλιν

273 2917 580 2986 ὑπονοστεῖ,
623 2922 722 2976 καὶ
767 2924 1002 2996 ἱππικὴν
1034 2923 1359 2988 ἐπιτελέσας
1380 2923 1674 2996 άμίλλησιν
1694 2925 1851 2979 οὐδὲν

271 3011 573 3084 άνήκεστον
614 3015 728 3086 (91)
764 3018 878 3080 τοῖς
912 3014 1242 3082 στασιώταις
1286 3019 1545 3081 ποιεῖται,
1587 3016 1727 3090 πλὴν
1755 3017 1851 3072 τοῦ

1950 1808 2220 1865 divinitus
2241 1805 2556 1878 prodigium
2583 1804 2758 1877 ipsis:
2791 1822 2919 1862 nam
2954 1816 3116 1863 terras
3157 1814 3341 1862 motus
3372 1809 3541 1864 vehe-

1951 1919 2115 1960 mens
2140 1903 2306 1960 simul
2342 1917 2563 1958 murum
2587 1901 2808 1975 dejecit,
2847 1911 2904 1958 et
2929 1903 2998 1958 iis
3024 1903 3119 1973 qui
3147 1919 3272 1960 cum
3303 1904 3546 1974 impera-

1953 2005 2072 2056 tore
2120 2004 2281 2053 erant
2337 1995 2392 2066 ip
2450 1994 2644 2051 urbem
2706 1995 3058 2067 ingrediendi
3099 1997 3315 2066 copiam
3366 1998 3540 2055 fecit:

1951 2089 2102 2162 quod
2150 2087 2683 2159 contemplatoribus
2709 2097 2766 2144 et
2794 2090 3208 2161 conjectoribus
3237 2101 3399 2148 terras
3419 2109 3542 2149 mo-

1953 2191 2110 2240 tuum
2143 2183 2362 2253 signum
2387 2188 2474 2238 est
2508 2181 2704 2249 cladis,
2739 2181 2887 2238 unde
2913 2183 3081 2238 etiam
3108 2182 3165 2238 id
3205 2182 3410 2239 factum
3434 2193 3540 2242 est.

1952 2273 2098 2340 Quin
2129 2280 2188 2328 et
2211 2269 2498 2337 Heraclea,
2521 2285 2644 2341 quae
2677 2271 2809 2327 olim
2836 2272 3136 2329 Perinthus
3159 2273 3329 2340 dicta,
3359 2275 3542 2332 rebel-

1951 2363 2123 2420 lionis
2156 2361 2352 2418 morbo
2386 2360 2648 2417 laborans
2672 2360 2742 2418 ad
2769 2362 2938 2418 verba
2968 2363 3318 2435 imperatoris
3342 2366 3540 2423 volun-

1957 2463 2127 2513 tatem
2153 2469 2285 2526 erga
2323 2455 2475 2526 ipsos
2503 2455 2848 2512 declarantia
2874 2456 3154 2513 obstinata
3186 2457 3314 2514 fuit.
3347 2457 3539 2531 Itaque

1952 2561 2022 2602 ex
2061 2545 2339 2602 maritima
2364 2554 2522 2616 parte
2559 2547 2704 2602 muri
2741 2547 3113 2606 incursionem
3157 2549 3545 2620 imperatorio~

1952 2655 2078 2695 rum
2107 2646 2334 2711 experta
2379 2641 2652 2706 militum,
2695 2639 2914 2712 capitur
2953 2648 3010 2699 et
3051 2641 3371 2699 rebellionis
3403 2643 3542 2700 libe-

1954 2741 2114 2789 ratur
2157 2733 2354 2789 morbo
2396 2733 2518 2789 sine
2550 2735 2698 2790 caede
2725 2743 2781 2788 et
2809 2733 3076 2806 sanguine
3107 2733 3177 2789 ab
3208 2733 3540 2792 adversariis

1954 2833 2244 2896 occupata.
2288 2823 2438 2883 .Hinc
2484 2826 2804 2896 imperator,
2856 2833 3146 2897 postquam
3190 2827 3375 2882 omnia
3431 2827 3537 2886 sibi

1954 2919 2299 2992 subiecerat,
2358 2920 2418 2976 in
2479 2919 2897 2990 imperatoriam
2964 2919 3163 2976 urbem
3219 2917 3536 2988 revertitur,

1952 3012 2357 3082 celebratisque
2405 3011 2557 3068 ludis
2613 3011 2953 3068 circensibus
3007 3012 3213 3067 nullam
3272 3014 3538 3070 saevitiam

271 3081 372 3157 aut
391 3105 565 3178 μέσης
589 3081 687 3175 τεῆς
709 3081 1082 3180 ’ἱπποδρομίας
1116 3110 1200 3171 είς
1224 3081 1295 3164 τὰ
1325 3109 1502 3164 ὀπίσω
1532 3081 1848 3181 δεδεμίένους

1955 3110 2179 3159 exercet
2219 3081 2282 3158 in
2315 3103 2587 3170 rebelles,
2637 3102 2744 3157 nisi
2799 3113 2858 3157 ut
2908 3118 3008 3173 per
3047 3103 3289 3159 medium
3329 3104 3536 3161 circum

272 3193 374 3257 τὰς
397 3197 584 3267 χεῖρας
609 3198 770 3262 ἱέναι,
798 3198 892 3252 καί
919 3214 1072 3263 τινας
1090 3197 1254 3263 εὐθὺς
1281 3199 1625 3268 φυγαδεῦσαι
1644 3199 1849 3256 αὐτῶν.

273 3285 387 3344 Καὶ
414 3287 560 3343 οὕτω
587 3289 911 3361 θριαμϐεύει
948 3288 1050 3360 τὴν
1074 3288 1254 3361 νίκην.

355 3472 481 3528 Ἐπὶ
505 3473 699 3544 χρόνου
724 3475 769 3506 "
805 3473 917 3548 (92)
965 3475 1022 3528 δὲ
1056 3477 1114 3531 ὲν
1155 3468 1203 3544 ᾧ
1237 3476 1546 3530 ἀποστασία
1575 3475 1848 3548 προϐεϐή-

271 3581 362 3618 κει
390 3566 423 3635 ἡ
451 3564 644 3635 Omna,
671 3566 843 3632 άδεῶς
869 3569 978 3622 άπὸ
1013 3568 1293 3633 Ἱσπανίας
1339 3569 1632 3640 Ἀγαρηνοὶ
1656 3568 1847 3640 ἐδῄουν

267 3655 372 3727 τὴν
403 3656 734 3726 Ῥωμαῒτιδα
778 3659 884 3728 γῆν
911 3660 1010 3715 σὺν
1051 3660 1185 3714 δέκα
1235 3661 1615 3734 περικαμπέσι
1659 3662 1845 3726 ναυσὶ,

271 3749 414 3802 κατὰ
446 3749 504 3806 δέ
547 3766 700 3814 τινας
732 3757 800 3819 κ’,
834 3751 1026 3824 τρόπῳ
1063 3750 1255 3824 τοιῷδε
1281 3769 1297 3785 ο
1330 3753 1724 3824 Πῳσὼχθισαν
1777 3754 1844 3824 τῇ

271 3838 428 3913 χώρᾳ
457 3841 640 3896 αὐτῶν
668 3840 755 3896 διὰ
793 3842 856 3897 τὸ
896 3845 973 3914 μὴ
1007 3844 1272 3914 πιοτάτην
1313 3843 1582 3914 ὑπάρχειν
1617 3842 1714 3897 καὶ
1753 3841 1846 3895 εὖ·

269 3949 461 4004 φορον,
502 3932 598 3988 καὶ
635 3933 772 4005 πρὸς
827 3933 938 4006 (93)
995 3933 1087 3989 τὸν
1149 3935 1396 4009 ἀρχηγὸν
1455 3935 1639 3989 αὑτῶν
1692 3931 1849 3990 εἶπον

297 4026 585 4097 Απόχαψιν
640 4026 775 4099 (94).
815 4045 834 4078 ι
890 4023 1065 4099 Ἀρον
1117 4029 1265 4099 ἡμᾶς
1309 4026 1420 4083 τῶν
1457 4025 1712 4081 ἐντεῦθεν
1752 4025 1850 4081 καὶ

267 4119 526 4189 ἀπάγαγε
555 4120 638 4184 είς
679 4121 893 4192 εὔγειον
923 4122 1106 4188 τόπον,
1146 4118 1242 4175 καὶ
1267 4119 1562 4190 εὐζοκῖιμεν
1586 4120 1786 4174 ἐκεῖσε.
1822 4138 1841 4171 ι

265 4201 372 4261 Ὠν
415 4212 531 4274 τοῖς
569 4210 754 4280 λόγοις
788 4209 1164 4282 παρακληθεὶς
1212 4210 1479 4277 γενναίων
1507 4209 1716 4278 ἀνδρῶν
1750 4211 1846 4265 καὶ

267 4299 515 4355 εὑόπλων
575 4303 761 4356 στόλον
799 4302 1142 4374 εὐτρέπισεν,
1193 4301 1255 4365 ιε
1292 4295 1372 4358 ὧν
1425 4300 1619 4357 πασῶν
1663 4305 1844 4371 νήσων

1957 3195 2214 3252 manibus
2261 3205 2388 3267 post
2424 3204 2573 3266 terga
2607 3195 2807 3251 vinctis
2840 3196 3018 3260 irent,
3050 3205 3106 3252 et
3131 3197 3243 3270 46
3270 3198 3539 3270 quosdam

1954 3304 2148 3345 eorum
2190 3289 2373 3345 statim
2429 3289 2484 3345 in
2511 3288 2764 3344 exsilium
2796 3297 3002 3361 ageret.
3029 3289 3209 3360 Atque
3239 3291 3321 3346 sic
3344 3291 3539 3348 trium-

1956 3382 2145 3453 phavit
2167 3382 2239 3437 ob
2271 3381 2580 3437 victoriam.
2706 3383 2710 3387 ’

2025 3473 2298 3545 Tempore
2330 3485 2514 3530 autem
2543 3491 2654 3546 quo
2688 3473 2920 3531 rebellio
2967 3474 3191 3531 Thomas
3249 3474 3536 3548 grassaba-

1955 3573 2066 3630 tur,
2122 3565 2358 3635 Agareni
2403 3566 2685 3638 Hispanici
2733 3581 2928 3623 secure
2973 3575 3032 3623 et
3078 3568 3312 3624 licenter
3353 3575 3537 3623 vasta-

1953 3657 2087 3714 bant
2116 3657 2418 3714 Romanam
2443 3659 2710 3716 ditionem
2741 3673 2866 3715 cum
2902 3659 3094 3715 decem
3142 3659 3397 3715 rotundis
3433 3675 3534 3715 na-

1949 3749 2134 3818 vibus,
2160 3758 2255 3806 aut
2284 3751 2590 3807 secundum
2612 3751 2750 3808 alios
2778 3751 2996 3822 viginti,
3019 3752 3124 3808 hac
3152 3753 3404 3808 ratione:
3433 3751 3533 3809 0f-

1948 3842 2322 3899 fendebantur
2367 3858 2468 3899 sua
2510 3844 2768 3915 regione,
2810 3844 2959 3914 quod
3001 3860 3110 3901 non
3141 3856 3289 3904 esset
3315 3846 3535 3921 pinguis

1949 3951 2054 3994 nec
2072 3936 2291 4004 fertilis,
2312 3944 2478 4010 atque
2500 3937 2568 3994 ad
2592 3937 2788 3994 ducem
2820 3955 2982 3994 suum
3007 3939 3356 4010 Apocbapsin
3383 3940 3537 3996 dixe-

1949 4037 2117 4085 runt:
2153 4047 2174 4081 ι
2212 4029 2366 4084 Tolle
2411 4044 2513 4086 nos
2552 4028 2682 4084 hinc
2712 4039 2769 4086 et
2806 4031 2988 4087 abduc
3029 4033 3084 4086 in
3123 4032 3419 4088 fecundum
3442 4047 3533 4088 so-

1950 4121 2090 4187 lum,
2121 4130 2182 4177 ut
2214 4121 2356 4177 bene
2385 4121 2637 4176 vivamus
2675 4122 2806 4177 illic.
2845 4143 2864 4176 ι
2907 4123 3152 4190 Quorum
3182 4124 3364 4181 verbis
3403 4140 3531 4196 per—

1953 4223 2139 4268 motus
2186 4213 2429 4268 strenuis
2471 4213 2608 4268 viris
2656 4224 2715 4269 et
2779 4215 2918 4272 bene
2976 4216 3203 4272 armatis
3268 4216 3528 4272 instruxit

1949 4305 2202 4364 classem.
2252 4321 2377 4360 cum
2409 4304 2615 4376 quibus
2639 4321 2831 4362 omnes
2871 4308 3077 4363 insulas
3115 4308 3167 4362 in
3203 4318 3528 4379 potestatem

1543 4463 1784 4519 VARIE
1817 4462 2225 4520 ιεοτιονιιε.

339 4556 387 4633 'f
421 4555 486 4633 οἱ
499 4569 612 4610 om.
640 4556 703 4612 L.
779 4557 824 4591 ⁷⁸
852 4555 999 4630 ὅθεν]
1034 4541 1164 4616 fort.
1193 4556 1391 4613 ὁπόθεν
1433 4557 1641 4614 cladem
1668 4559 1783 4630 fore
1804 4577 1957 4632 aqua
1987 4571 2141 4630 parte
2173 4562 2331 4616 ruina
2354 4562 2499 4631 facta
2529 4564 2712 4633 fuerit.

265 4626 444 4701 χρόνῳ
463 4626 525 4682 ι.

2845 4566 2890 4596 ⁷⁸
2918 4563 3199 4635 λειφθεῖσα
3227 4564 3288 4620 L.
3364 4563 3408 4594 ”
3433 4564 3526 4619 ἐπὶ

1420 4738 1671 4796 STEPH.
1709 4741 2058 4802 BERGLERI
2083 4746 2319 4804 NOTAE.

478 4860 641 4945 cont.
673 4877 728 4933 p.
756 4861 1075 4945 {iniisdem
1108 4861 1222 4917 fere
1255 4858 1462 4916 verbis.
1486 4858 1649 4916 Ccdr.
1672 4862 1840 4918 etiam
1875 4867 1919 4922 ῐ)
2023 4868 2134 4936 (89)
2167 4868 2639 4945 llomumiritieus.
2660 4871 2967 4945 Mquidem
2993 4871 3076 4945 vel
3097 4882 3314 4929 sutores
3336 4877 3520 4945 conje-

265 4950 323 5002 p.
355 4931 481 4996 507,
519 4931 746 5002 Zonfp.
783 4933 905 4987 158.

338 5003 453 5074 (81)
489 5002 652 5058 Cont.
682 4999 740 5057 et
765 5002 926 5058 Cedr.
956 5001 997 5056 l.
1031 5017 1083 5057 c.
1109 5001 1245 5056 Zon.
1295 5015 1351 5071 p.
1410 5000 1512 5057 159
1557 4999 1658 5054 lin.
1728 5004 1844 5074 pri-

335 5143 452 5215 (82)
481 5142 643 5215 Cont.
677 5159 732 5214 p.
762 5143 850 5215 44,
879 5144 1015 5200 Zon.
1049 5159 1102 5214 p.
1133 5142 1255 5206 139,
1298 5141 1460 5200 Cedr.
1491 5156 1546 5211 p.
1574 5140 1699 5200 507.

337 5213 448 5286 (85)
479 5213 642 5286 Qont.
673 5213 728 5286 p.
763 5213 886 5286 507.

490 5283 850 5358 Co_n_t._'p._4i,
882 5286 1014 5358 Zon.
1049 5301 1104 5357 p.
1136 5286 1256 5358 159.
1297 5286 1389 5342 ubi
1421 5287 1640 5358 Βιζύης,
1670 5286 1836 5344 Cedr.

265 5370 323 5425 p.
349 5355 509 5429 ξολ-
532 5354 624 5429 ubi
652 5355 842 5429 itidem
871 5354 1109 5429 ,Βιζὺης
1159 5356 1240 5413 uti
1288 5365 1346 5413 et
1379 5374 1434 5429 p.
1457 5354 1585 5415 506'
1608 5361 1663 5416 in
1711 5359 1838 5413 ﬁne.

340 5424 636 5487 ’85)Ccdr.
668 5442 703 5496 p
742 5426 844 5481 508
867 5427 1046 5484 initio.

270 5496 634 5630 βέξὲοοηι.
686 5513 741 5568 p.
770 5497 840 5552 Μ
885 5499 942 5553 in
1018 5497 1165 5565 ﬁne,
1200 5497 1355 5555 'Zon.
1398 5516 1452 5571 [ι.
1498 5501 1620 5567 139,
1672 5503 1836 5561 (ἰοιιιο.

338 5634 452 5709 (ξι)
481 5634 682 5709 Posuit
705 5647 900 5709 auctor
936 5637 1002 5707 ἢν
1037 5654 1136 5709 pro
1161 5640 1386 5707 ταύτην.

334 5705 448 5778 (88)
469 5705 628 5765 Cont.
657 5723 710 5780 p.
743 5709 832 5776 15,
865 5705 997 5768 Zon.
1033 5705 1086 5780 ρ.
1124 5709 1246 5780 139,
1279 5705 1432 5768 cedri
1479 5729 1532 5783 [ν.
1570 5711 1693 5772 508.

1943 4949 2099 4997 ctura
2135 4941 2351 5009 assequi
2381 4951 2660 5011 poterunt,
2692 4943 2737 4996 si
2775 4944 2951 4998 hostis
3004 4943 3294 5000 intraverit
3333 4941 3521 5002 obses-

1943 5025 2059 5069 sam
2090 5011 2310 5076 urbem,
2353 5011 2594 5066 urbanos
2623 5013 2800 5069 victos
2829 5013 3024 5067 videri.

2014 5080 2127 5152 (90)
2158 5080 2316 5152 Cont.
2354 5098 2407 5151 p.
2440 5083 2530 5147 45,
2556 5084 2688 5137 Znn.
2716 5100 2768 5152 p.
2805 5085 2925 5147 159,
2960 5084 3124 5138 Cedr.

2013 5149 2127 5223 (91)
2156 5151 2315 5223 Cont.
2430 5153 2522 5223 45,
2556 5153 2688 5207 Ζοιι.
2716 5149 2770 5223 p.
2802 5155 2922 5215 159,
2947 5154 3110 5209 Cedr.

2017 5221 2127 5292 (92)
2152 5221 2311 5278 Cont.
2350 5221 2406 5292 p.
2439 5222 2529 5286 46,
2559 5223 2695 5278 Ζοη.

2015 5291 2128 5358 (95)
2165 5292 2298 5346 Zon.

3162 5102 3218 5154 p.
3245 5086 3366 5140 3308.

3143 5173 3195 5225 p.
3229 5156 3352 5212 508.

2730 5240 2784 5293 p.
2819 5227 2939 5296 139,
2975 5225 3137 5281 Ccdr.
3166 5243 3219 5296 p.
3251 5227 3373 5282 508.

2342 5310 2397 5364 p.
2442 5293 2562 5356 139,
2590 5294 2754 5349 Cedr.
2788 5311 2841 5363 p.
2876 5294 3000 5350 508.

2017 5362 2072 5435 (9
2087 5362 2359 5435 ηΕειιΙυέ
2385 5364 2758 5435 Agarcnorum
2778 5362 3162 5434 Hispanorum.
3179 5368 3273 5434 qui
3289 5379 3342 5423 et
3358 5369 3518 5424 Ἀπό-

1946 5432 2075 5511 χαψ.
2109 5433 2327 5504 Syllaba
2370 5432 2459 5511 illa
2497 5435 2802 5511 terminalis
2827 5432 3048 5511 additur
3072 5439 3148 5511 ad
3171 5432 3518 5511 distinguen-

1943 5506 2054 5578 dos
2081 5515 2363 5578 casus,_ut_.
2395 5505 2447 5578 in
2474 5505 2626 5578 aliis:
2666 5507 2912 5578 Ἀπόχαψ
2939 5509 3082 5578 apud
3109 5508 3271 5564 Cont.
3331 5505 3383 5578 ᾖ.
3425 5511 3515 5573 46,

1941 5584 1998 5628 et
2013 5571 2173 5648 (Zedr.
2191 5575 2388 5648 p._598.
2410 5573 2579 5648 Apud,
2595 5576 2743 5648 Sym.
2765 5571 2897 5648 1.ng
2915 5571 3016 5648 p.11
3031 5579 3046 5634 1
3061 5581 3090 5633 I-
3105 5571 3512 5635 vocatur'lnéé

1942 5643 2070 5716 χαψ,
2119 5643 2259 5715 apUd
2290 5645 2424 5700 Zon.
2442 5643 2500 5715 p.
2541 5643 2650 5702 159
2680 5643 2868 5718 Ἀχάψῖ
