3982 6046
248 256 377 324 ιιδι

1573 265 1889 328 JOSEPHI
1927 266 2243 329 GENESII

3390 257 3524 323 1152

240 372 581 443 Chrysochir
613 375 872 447 equitans
914 377 1127 433 invenit
1156 378 1361 435 fossam
1391 378 1497 437 sibi
1537 382 1831 453 ubjectam,

1941 386 2120 441 πιστῶ
2146 385 2229 456 τῷ
2246 383 2597 456 Σωτῆρίέμου
2614 381 2735 447 Θεῷ
2753 382 2873 437 κατ’
2901 382 3076 452 αὐτήν
3102 398 3164 450 γε
3190 378 3287 451 τὴν
3320 381 3532 450 ἡμέραν

242 482 405 535 quam
428 483 609 537 equus
627 471 748 542 ejus
777 470 1058 527 transilire
1092 473 1539 532 reformidavitet
1557 475 1835 533 titubavit.

243 557 398 614 Unde
429 558 767 632 Chrysochir
785 563 898 633 jam
938 563 1008 618 ad
1046 563 1329 622 Pulladem
1362 565 1639 636 respicere
1670 570 1836 641 plane

243 664 355 707 non
380 652 666 723 cogitavit,
686 653 784 709 sed
817 656 990 726 magis
1017 663 1146 711 ante
1169 671 1232 713 se
1261 656 1506 721 videbat,
1538 674 1610 715 ne
1634 659 1690 715 in
1717 659 1834 715 fus-

244 757 361 798 sam
388 743 698 800 incideret:
734 755 898 816 atque
926 746 1184 802 Pullades
1209 763 1339 803 eum
1366 749 1507 805 clam
1534 749 1636 805 sub
1668 749 1836 806 axilla

243 836 497 892 vulnerat
524 846 733 895 conto:
789 838 884 908 qui
930 853 1058 893 cum
1106 839 1501 911 peturbaretur
1538 840 1646 897 hoc
1696 841 1832 907 ictu,

242 942 421 997 equus
445 930 567 1000 ejus
592 931 922 986 commotior
952 930 1132 986 factus
1150 946 1277 986 eum
1310 931 1535 1003 dejecit.
1563 931 1836 991 Desiliens

244 1022 413 1091 igitur
433 1038 580 1096 equo
607 1039 678 1079 ex
716 1024 990 1081 ministris
1019 1026 1141 1095 ejus
1180 1024 1669 1096 coniunctissimus
1705 1028 1834 1083 Dia-

242 1113 488 1173 conitzes
515 1118 742 1173 nomine
795 1120 984 1188 (quem
1018 1117 1131 1173 Leo
1156 1117 1574 1175 laudatissimus
1597 1121 1838 1193 impera-

242 1217 331 1262 tor
361 1222 691 1263 conversum
717 1225 748 1263 a
780 1209 933 1265 cultu
977 1209 1275 1265 abominali
1313 1209 1741 1267 Paulinistarum
1763 1212 1835 1269 ad

240 1297 550 1365 meliorem,
571 1301 863 1355 constituit
890 1316 1357 1367 mensuratorem,
1375 1312 1436 1359 ut
1458 1305 1834 1360 Romanorum

240 1409 499 1451 sermone
528 1394 803 1465 vocatur),
836 1396 1067 1467 ejusque
1091 1404 1258 1466 caput
1300 1405 1494 1453 tenens
1531 1398 1754 1453 fovebat
1780 1408 1838 1455 et

240 1486 474 1542 curabat
517 1487 753 1559 genibus
806 1491 923 1544 suis
974 1488 1316 1559 impositum.
1365 1490 1836 1562 Supervenicntes

242 1590 424 1633 autem
446 1578 606 1650 126
626 1589 891 1650 praetores
912 1590 1208 1650 occupant,
1227 1590 1501 1652 caputque
1522 1591 1829 1654 amputant,

240 1670 388 1742 quod
422 1671 798 1743 imperatoria
843 1673 957 1728 Deo
1004 1682 1271 1729 coronato
1315 1684 1575 1744 tanquam
1626 1676 1832 1732 donum

242 1764 535 1819 miserunt.

1937 476 2233 533 ἀποδοῦναί
2271 493 2356 531 σοι
2386 476 2458 530 τὰ
2484 475 2845 548 χαριστήρια.
2864 494 2885 530 ι
2932 473 3208 537 Ἰππάζων
3236 473 3291 526 δὲ
3328 475 3357 523 6
3388 474 3531 545 Χρυο

1938 572 2127 641 σόχειρ
2150 569 2397 640 εὑρίσκει
2413 567 2623 640 τάφρον
2644 567 2779 637 πρὸς
2794 568 2909 632 τοῖς
2926 566 3180 628 ὶνωπίοις
3205 563 3372 621 αὑτοῦ
3391 564 3529 633 (37),

1935 661 2005 735 ἢν
2030 664 2060 718 6
2084 662 2254 728 ἵππος
2280 660 2449 716 αὐτοῦ
2479 661 2803 733 ὕπερπηδᾷν
2838 698 2852 713 .
2881 698 2896 714 .
2931 699 2947 715 .
2977 698 2993 713 .
3030 698 3046 714 .
3084 657 3278 713 τούτου
3308 655 3531 710 διὼκλα-

1937 752 2030 819 ξεν
2059 752 2199 826 (58).
2228 751 2392 806 Ὅθεν
2426 753 2457 807 6
2481 750 2583 818 μὲν
2606 751 2919 822 Χρυσόχειρ
2938 746 3038 802 τοῦ
3064 745 3256 803 λοιποῦ
3285 746 3419 817 ὁρᾷν
3441 744 3534 797 τὸν

1936 842 2254 915 Πουλλάδην
2304 841 2415 896 οὐδ’
2464 842 2607 907 δλως
2656 838 3000 914 ἐφρόντιζεν,
3056 838 3208 910 ἑώρα
3238 838 3296 894 δὲ
3330 838 3533 911 μᾶλλον

1936 936 2230 993 κατέναντι
2273 934 2467 1002 αὑτοῦ,
2528 935 2619 990 ῑνα
2662 937 2738 1005 μὴ
2775 932 2855 1005 τῷ
2903 936 3006 1006 τῆς
3041 932 3253 1004 τάφρου
3308 932 3533 1003 περιιτέ-

1937 1043 2085 1082 σειεν
2115 1025 2230 1099 (39)
2259 1024 2524 1097 πτώματι
2549 1043 2564 1059 ο
2601 1026 2696 1081 καὶ
2735 1025 3015 1097 λαθραίως
3047 1024 3216 1081 αὐτὸν
3240 1027 3269 1079 6
3290 1024 3535 1079 Πουὶλά-

1935 1119 2034 1191 δης
2063 1118 2204 1176 κατὰ
2222 1118 2322 1191 τὴν
2356 1119 2646 1191 μασχάλην
2671 1117 2968 1190 τιτρώσκει
2996 1119 3173 1191 κοντῷ
3196 1118 3311 1193 (40)
3332 1134 3345 1146 °
3374 1112 3436 1173 οὗ
3462 1121 3531 1191 τῇ

1936 1209 2121 1283 πληγῇ
2142 1211 2514 1284 ταραχθέντος
2533 1213 2564 1266 6
2587 1212 2753 1277 ἵππος
2785 1212 3111 1283 παρέσφηλὲ
3143 1228 3203 1267 τε
3234 1212 3335 1267 καὶ
3362 1210 3529 1267 αὐτὸν

1936 1306 2378 1377 άπεκρήμνισεν.
2426 1305 2692 1369 Καταδὰς
2721 1300 2816 1360 οὖν
2846 1308 2876 1359 6
2904 1304 3016 1358 τῶν
3056 1304 3196 1375 πρὸς
3226 1303 3531 1377 θεραπείαν

1934 1399 2104 1454 αὐτοῦ
2164 1400 2527 1465 οἰκειότατος,
2578 1392 2624 1469 ᾧ
2651 1400 2697 1432 ⁸⁸
2744 1398 3103 1470 Διακονίτζης
3130 1398 3193 1452 τδ
3221 1397 3535 1469 φημιζόμε-

1938 1510 2029 1548 νον
2059 1492 2176 1563 (ιι)
2225 1492 2306 1564 (ὃν
2353 1493 2507 1547 Λέων
2539 1495 2568 1549 6
2598 1492 2846 1565 ἀοίδιμος
2883 1492 3141 1564 βασιλεὺς
3170 1490 3535 1545 άλλοιωθέντα

1935 1585 2037 1656 τὴν
2058 1586 2195 1659 πρὸς
2217 1586 2280 1641 τὸ
2306 1589 2555 1659 κρεῖττον
2573 1588 2863 1643 ἀλλοίωσιν
2891 1588 2957 1640 ἐκ
2986 1585 3088 1657 τῆς
3118 1586 3373 1657 μυσαρᾱς
3395 1584 3534 1656 θρηο

1938 1676 2129 1743 σκείας
2157 1678 2269 1733 τῶν
2297 1678 2735 1747 Παυλιανιστῶν,
2757 1679 3179 1752 προεχειρίσατο
3210 1677 3522 1752 μηνσουρά-

1862 1755 1904 1810 Β
1930 1788 2085 1844 τωρα
2108 1772 2179 1839 ",
2216 1772 2355 1844 ὅπερ
2405 1774 2558 1842 φωνῇ
2600 1771 2889 1843 Ῥωμαίων
2937 1770 3084 1827 οὕτω
3118 1768 3527 1844 προσαγορεύε-

242 1859 381 1930 ται),
417 1861 511 1914 καὶ
544 1859 738 1914 τούτου
774 1859 873 1932 τὴν
912 1861 1158 1934 κεφαλὴν
1182 1862 1456 1932 βαστάξας
1477 1863 1677 1935 ἠξίωσε
1718 1866 1947 1938 κομιδῆς
2013 1866 2221 1940 ταύτην
2288 1867 2469 1933 ἐνθεὶς
2497 1869 2611 1931 τοῖς
2639 1865 2807 1921 αὑτοῦ
2834 1865 3089 1936 γόνασιν·
3130 1866 3191 1920 ὃν
3218 1866 3530 1938 εὑρηκότες

239 1961 291 2013 οἱ
358 1959 728 2029 στρατηλάται
780 1960 1047 2031 κατέσχον
1100 1961 1196 2014 καὶ
1245 1960 1601 2033 διατεμόντες
1648 1962 1825 2036 αὐτὴν
1860 1963 2170 2031 σπουδαίως
2188 1964 2269 2037 τῷ
2299 1963 2613 2033 θεοστέπτῳ
2634 1964 2835 2020 ἄνακτι
2866 1963 3139 2038 Βασιλείῳ
3199 1963 3277 2028 ὡς
3350 1960 3528 2035 δῶρον

241 2051 569 2121 ἀνέπεμψαν
597 2053 732 2123 (42).

314 2146 445 2203 Erat
475 2158 659 2205 autem
686 2152 742 2205 in
768 2151 1005 2221 publicis
1023 2153 1329 2209 commodis
1350 2162 1407 2209 et
1437 2155 1577 2226 reip.
1597 2156 1834 2227 negotiis

240 2240 507 2296 curandis
544 2242 850 2312 imperator
887 2244 1369 2316 diligentissimus,
1409 2262 1534 2302 cum
1568 2248 1837 2318 plurimas

241 2350 332 2391 res
368 2344 620 2405 gereret,
655 2336 730 2390 ita
763 2346 823 2391 ut
858 2347 1104 2409 tempore
1127 2341 1324 2411 jejunii
1374 2340 1430 2396 in
1468 2341 1589 2412 ejus
1624 2341 1836 2396 hebdo-

242 2430 498 2487 madibus
520 2440 645 2502 post
675 2431 977 2489 discessum
1006 2445 1327 2491 senatorum
1360 2451 1427 2491 ex
1452 2437 1624 2505 regia,
1653 2436 1833 2491 intra-

242 2532 328 2579 ret
366 2523 421 2578 in
467 2534 766 2591 secretum,
812 2526 905 2580 ubi
958 2528 1244 2599 vectigalia
1278 2538 1336 2583 et
1373 2529 1585 2584 reditus
1622 2529 1833 2600 publici

241 2618 579 2686 colliguntur
600 2636 614 2684 ;
638 2634 871 2691 quaeque
892 2618 965 2675 ibi
994 2621 1397 2677 intervenirent
1417 2622 1831 2688 controversiae,

239 2722 336 2764 eas
372 2707 733 2780 dijudiearet.

312 2888 371 2943 In
403 2889 699 2945 venatione
732 2905 899 2960 porro
929 2899 987 2944 et
1015 2907 1125 2961 p..a
1166 2899 1222 2947 et
1264 2907 1497 2947 onerum
1528 2895 1832 2964 gestatione

239 2990 297 3035 et
314 2978 546 3035 saltibus
561 2980 790 3036 omnino
814 2981 1120 3037 excellebat
1146 2982 1383 3037 Basilius
1408 2982 1732 3053 imperator,
1756 2985 1831 3040 ita

2014 2151 2156 2224 Περὶ
2170 2151 2228 2207 δὲ
2248 2152 2349 2216 τὰς
2368 2150 2723 2221 κοινωφελεῖς
2737 2151 2784 2183 ⁸⁸
2809 2149 3039 2222 πράξεις
3054 2149 3297 2214 τοιοῦτος
3317 2150 3535 2223 ὑπῆρχε

1944 2242 2581 2317 μεριμνηματικώτατος
2601 2243 2629 2297 6
2661 2240 2917 2313 βασιλεὺς
2940 2241 3077 2315 (45).
3112 2243 3253 2313 μετά
3283 2260 3345 2313 γε
3378 2244 3535 2298 πλεί-

1941 2353 2086 2391 στων
2112 2336 2223 2390 τῶν
2244 2334 2375 2406 παρ’
2405 2335 2575 2389 αὑτοῦ
2607 2336 2652 2367 ⁸⁸
2677 2335 3203 2406 διαπεπραγμένων,
3226 2334 3367 2389 ὥστε
3391 2336 3535 2391 κατά

1937 2429 2033 2481 τὸν
2079 2426 2410 2497 ἐγκρατείας
2459 2424 2655 2497 καιρὸν
2701 2424 2795 2477 ἐπὶ
2835 2424 3137 2495 ἑϐδομάσιν
3159 2426 3351 2494 αὐτῆς,
3392 2425 3534 2497 μετά

1938 2521 2039 2592 τὴν
2109 2518 2485 2591 συγκλητικὴν
2544 2517 2657 2572 τῶν
2728 2517 3025 2589 βασιλείων
3075 2518 3534 2590 άπαναχὼρησιν,

1936 2612 2209 2668 είσίεσθαι
2236 2610 2315 2682 τῷ
2344 2610 2609 2681 σεκρέτῳ,
2640 2608 2769 2663 ἔνθα
2795 2611 2855 2663 αἱ
2878 2609 3203 2681 εἰσπράξεις
3231 2609 3342 2664 τῶν
3359 2610 3535 2681 δημο-

1940 2709 2072 2763 σίων
2100 2706 2578 2778 πεφορολόγηνται
2612 2705 2747 2776 (Η),
2782 2704 3010 2759 κάκεῖσε
3041 2704 3140 2767 τὰς
3180 2704 3531 2775 συμπιπτού-

1939 2819 2040 2867 σας
2066 2800 2511 2873 ἀμφισϐητήσεις
2541 2797 2945 2869 πραγματικῶς
2977 2796 3313 2854 διαλύεσθαι.

2023 2895 2114 2949 Ἐν
2144 2894 2202 2947 δὲ
2229 2895 2349 2958 ταῖς
2386 2892 2498 2963 (45)
2530 2893 2676 2946 κατὰ
2701 2891 3035 2961 κυνηγεσίαν
3065 2892 3162 2944 καὶ
3198 2890 3535 2960 σφαιρισμὸν

1937 2983 2275 3059 ἀχθοφορίαν
2303 3000 2365 3039 τε
2413 2982 2511 3036 καὶ
2540 2982 2677 3053 πρὸς
2733 2982 2956 3052 ἅλματα
3009 2983 3355 3054 γενναιότησι
3386 2981 3530 3035 πάνυ

244 3086 302 3127 ιιι
332 3074 388 3128 in
417 3073 709 3128 venatione
740 3082 1029 3143 superaret
1053 3072 1453 3140 Ccntauros,in
1480 3074 1588 3145 pila
1615 3075 1829 3131 Alcinoi

1941 3076 2243 3148 περιδέξιος
2272 3070 2340 3146 ἦν
2379 3076 2407 3127 6
2433 3073 2569 3139 ἄναξ
2602 3073 2906 3138 Βασίλειος,
2945 3073 3085 3128 ὥστε
3120 3081 3260 3127 κατὰ
3298 3088 3532 3144 κυνηγε-

242 3167 387 3237 regis
410 3165 648 3237 juvenes
680 3166 787 3237 pila
819 3165 1076 3221 ludentes
1108 3166 1397 3233 vinceret,
1442 3168 1500 3224 in
1525 3170 1676 3225 lucta
1702 3170 1830 3225 Ari-

1941 3169 2060 3221 σίαν
2082 3185 2182 3238 μεν
2208 3168 2521 3237 καθυπερτε
2534 3170 2646 3235 ρείν
2675 3166 2790 3220 τῶν
2830 3167 3166 3236 Κενταύρων
3195 3166 3332 3238 (46),
3386 3166 3532 3221 κατᾶ

242 3268 376 3312 stato
402 3265 461 3313 et
496 3257 669 3312 IEaco
703 3258 974 3312 valentior
1012 3260 1227 3329 ipsique
1257 3258 1481 3314 llerculi
1523 3276 1623 3332 par
1656 3269 1826 3328 esset,

1941 3260 1987 3314 δὲ
2025 3258 2357 3332 σφαιρισμδν
2389 3258 2672 3311 ’Λλκινὸου
2721 3258 2818 3312 τοῦ
2871 3258 3138 3329 βασιλέως
3168 3256 3533 3328 ὑπερϐάλλειν

240 3359 599 3423 pmverteret
654 3350 885 3407 saltibus
933 3351 1224 3418 Achillem,
1266 3360 1430 3422 atque
1471 3351 1525 3406 in
1575 3353 1831 3410 tollendis

1941 3351 2059 3414 τοὺς
2086 3350 2440 3421 σφαιριστάς,
2474 3350 2618 3405 κατὰ
2645 3350 2828 3421 πάλην
2867 3350 3183 3423 Ἀρισταίου
3211 3348 3530 3403 καὶΔίακοῦ

240 3444 400 3499 facile
431 3460 598 3498 manu
632 3444 898 3498 oneribus
921 3444 1153 3498 multum
1184 3452 1473 3516 praestaret
1496 3444 1831 3511 Heetori,ita

1941 3444 2311 3515 ἀλκιμώτερος
2340 3444 2439 3499 καὶ
2489 3443 2661 3497 αὐτοῦ
2733 3443 3069 3516 Ἡρακλέους
3104 3444 3149 3476 ⁷⁸
3202 3444 3528 3513 ἐφάμιλλος,

242 3547 301 3592 ut
327 3548 387 3593 et
417 3537 471 3591 in
502 3536 889 3606 ipsum,etiam
922 3538 1041 3590 sine
1067 3551 1169 3607 ope
1194 3534 1456 3589 catilovis
1484 3535 1829 3591 attollentem

1941 3534 2485 3607 ὗπεραναεεϐηκέναι
2537 3538 2592 3590 δὲ
2655 3538 2767 3601 τοῖς
2826 3538 3149 3608 πηδήμασιν
3214 3536 3527 3608 ⁹Δχιλλέως,

239 3644 403 3693 onus,
420 3628 720 3698 quadraret
742 3636 916 3698 poetae
946 3643 1192 3692 carmen,

1941 3630 2075 3685 κατά
2096 3646 2156 3683 τε
2190 3631 2251 3683 τὸ
2303 3630 2348 3661 ¹¹
2407 3628 2598 3700 φέρειν
2648 3631 2790 3702 ἄχθη
2834 3630 3034 3701 ῥαδίως
3066 3630 3225 3703 χερσὶ
3259 3626 3443 3699 πολλῷ
3481 3628 3530 3663 ⁷⁸

236 3722 611 3791 διενηνοχέναι
661 3719 756 3773 τοῦ
806 3720 1093 3789 Ἕκτορος,
1152 3720 1228 3784 ὡς
1264 3722 1358 3774 καὶ
1393 3720 1686 3793 ὲπάὐτῷ,
1724 3723 1819 3778 καὶ
1851 3722 1980 3795 δίχα
2015 3722 2112 3778 τοῦ
2174 3723 2563 3793 άγκυλομήτου
2620 3723 2743 3787 Διὸς
2796 3723 2855 3774 ὲν
2926 3725 2991 3793 τῇ
3034 3721 3195 3793 ἄρσει
3248 3724 3310 3777 τὸ
3364 3721 3529 3794 ἄχθος

240 3816 619 3886 κουφίζοντος,
654 3816 715 3869 τὸ
746 3818 1030 3887 ποιητικὸν
1054 3816 1185 3881 ἔπος
1212 3820 1801 3891 προσαρμοσθήσεται·

382 3904 478 3978 Via:
503 3906 637 3960 illud
664 3908 772 3961 bini
806 3918 1119 3978 praestantes
1151 3912 1334 3964 robore
1362 3912 1562 3965 cunctis

380 3976 459 4055 Qa
487 3986 630 4055 terra
667 3980 721 4055 in
744 3976 961 4055 currum
990 3991 1194 4055 possent
1221 3983 1542 4048 subvolvere,
1576 3984 1758 4055 quales

379 4046 533 4103 Nunc
552 4051 787 4104 homines
805 4046 1005 4113 vivunt,
1028 4052 1151 4105 tulit
1170 4054 1279 4123 ipse
1296 4055 1433 4124 quod
1452 4064 1506 4108 ut
1522 4046 1630 4110 leue
1648 4056 1827 4109 solus:

240 4143 306 4221 in.
331 4148 486 4220 disco
530 4172 713 4219 autem
738 4166 995 4237 jaciendo
1028 4167 1311 4223 llalimede
1350 4181 1407 4223 et
1438 4168 1627 4241 Ulysse
1659 4186 1826 4241 supe-

241 4256 394 4321 rior,
444 4255 756 4312 Erechtheo
804 4264 883 4311 et
912 4256 1157 4313 Celmete
1220 4259 1504 4329 equitandi
1560 4261 1827 4333 peritior,

239 4348 653 4417 Eurymedonte
681 4360 845 4419 atque
870 4350 1129 4405 Alemone
1152 4351 1307 4421 127
1324 4351 1568 4423 pugilatu
1594 4351 1823 4421 lirrnior,

239 4444 293 4499 in
326 4460 492 4500 cursu
525 4443 970 4499 Aristomedonte
1004 4445 1316 4515 Dictzeoqne
1348 4462 1411 4501 ac
1442 4447 1633 4502 Priaso
1672 4446 1827 4502 velo-

220 4536 375 4603 cior,
406 4536 458 4590 in
493 4535 803 4607 sagittando
837 4532 1131 4607 Hymenaeo
1172 4545 1228 4591 et
1256 4538 1475 4592 Asterio
1510 4538 1673 4610 longe
1698 4539 1831 4594 dex-

239 4631 431 4685 terior.
465 4628 541 4683 Ex
573 4627 776 4700 quibus
806 4629 1139 4698 paucissima
1175 4630 1471 4686 ascribam.

2080 3912 2150 3965 Τὸ
2182 3910 2236 3963 δ’
2267 3910 2339 3965 οὔ
2373 3926 2444 3961 κε
2474 3908 2568 3961 δύ’
2597 3906 2775 3973 ἀνέρε
2804 3904 2999 3973 δήμου
3027 3907 3252 3974 ἀρίστω
3272 3907 3386 3974 (47)

1946 3982 2219 4048 Ῥηϊδίως
2248 3980 2341 4034 ἐπ’
2365 3978 2606 4048 ἄμαξαν
2632 3977 2744 4048 ἀπ’Δ
2764 3976 2980 4048 οὔδεος
3015 3979 3382 4048 ὀχλίσσειαν
3402 3978 3449 4048 ’.⁸

1926 4044 2049 4107 οἷοὶ
2076 4044 2208 4107 νῦκ
2226 4044 2439 4121 ,βροτὸί
2458 4050 2595 4103 sla"
2626 4050 2659 4102 ό
2679 4044 2746 4101 δέ
2768 4066 2877 4116 μιν
2901 4047 3015 4115 ρἐ
3037 4044 3239 4103 πάλλε
3258 4049 3356 4101 καί
3380 4044 3526 4115 οἷος·

1933 4168 1993 4221 ἑν
2022 4167 2078 4219 δὲ
2110 4164 2189 4238 τῷ
2220 4164 2497 4218 δισκεύειν
2529 4162 2831 4233 Ἀλιμήδου
2857 4163 2951 4217 καὶ
2983 4162 3286 4225 Ὀδυσσέως
3302 4162 3533 4235 ὑπέρτε-

1935 4276 2050 4331 ρος,
2091 4255 2395 4334 Ἐρεχθέως
2422 4256 2478 4309 δὲ
2511 4255 2606 4308 καὶ
2634 4254 2931 4325 Κέλμητος
2955 4252 3075 4324 (48)
3100 4252 3223 4317 καθ’
3256 4254 3532 4308 ίππασὶαν

1928 4346 2881 4424 τεχνημονὲστερος,Εὑρυμέδοντός
2905 4364 2962 4399 τε
2986 4345 3083 4399 καλ
3104 4347 3415 4421 ξἈλκμονος
3426 4365 3532 4400 κα-

1929 4446 2000 4499 τὰ
2032 4441 2361 4513 πυτμαχίαν
2390 4440 2769 4511 στερρότερος,
2798 4439 2927 4512 περί
2950 4438 3226 4510 τεδρόμον
3250 4439 3532 4510 (ιθγλρι.

1931 4536 2285 4609 στομέδοντος
2339 4534 2598 4589 Δικναίου
2656 4549 2714 4585 τε
2765 4533 2862 4586 καὶ
2914 4532 3163 4603 Πριάσου
3223 4534 3529 4605 ὠκύτερος,

1932 4630 2031 4685 καὶ
2093 4632 2152 4686 ὲν
2188 4630 2268 4701 τῷ
2320 4626 2652 4694 τοξάζεσθαι
2723 4628 3021 4699 Ὑμεναίου
3090 4630 3188 4683 καὶ
3249 4629 3531 4700 ’Δστερίου

1942 4722 2128 4794 πολλῷ
2153 4722 2579 4793 εὑστοχώτερος.
2647 4720 2738 4787 Ἓξ
2757 4714 2834 4775 ὧν
2861 4719 3106 4789 ὀλίγιστα
3134 4721 3529 4793 διαγράψομαι,

1537 4838 1775 4895 VARle
1816 4841 2225 4899 LECTIONES.

312 4934 355 4966 ⁸⁸
479 4936 505 4985 ὁ
534 4934 595 4987 Ι..

241 5009 282 5036 "
322 5005 533 5058 πολλῶν
564 5007 621 5059 Ι..

674 4936 716 4959 ⁸⁷
757 4933 1173 4999 μινσουρατωρα
1205 4930 1261 4985 L.
1348 4933 1390 4965 “'
1413 4933 1757 5001 κοινοφυλεῖς
1796 4932 1857 4987 L.
1937 4935 1983 4967 ”
2020 4938 2147 5004 παρ’
2181 4935 2363 4989 αὐτῶν
2397 4934 2460 4989 ι..

704 5006 747 5037 ⁷⁸
775 5004 1066 5074 ὀχλήσειαν
1086 5004 1136 5057 οἳ
1168 5004 1261 5057 νῦν
1295 5004 1475 5073 βροτοὶ
1508 5005 1593 5057 είς
1623 5022 1636 5035 ·
1662 5004 1690 5057 ὃ
1716 5005 1771 5057 δὲ
1803 5007 1910 5076 μὴν
1941 5007 2042 5077 ῥέα
2072 5008 2211 5061 πάλε
2244 5006 2309 5061 L.

2541 4934 2587 4965 τ’
2629 4933 2947 5003 Ἠρακλέως
2983 4931 3045 4988 ι..
3126 4929 3169 4958 ⁷¹
3203 4947 3397 4988 τοοιιι.
3464 4932 3529 4988 ι.-

1425 5100 1674 5158 STEPII.
1703 5100 2046 5159 BERGLERI
2081 5104 2318 5159 ΝΟΤίΕ.

314 5201 424 5260 (37)
458 5199 646 5255 Const.
683 5199 885 5269 Porph.
916 5216 967 5269 p.
1000 5199 1119 5255 ΠΟ.
1157 5200 1338 5255 Nostri
1385 5200 1501 5257 lere
1530 5200 1716 5256 verbis
1768 5208 1825 5256 et

242 5288 297 5341 p.
325 5272 417 5324 ΓΗ
452 5270 579 5341 init.

316 5342 428 5409 (38)
449 5340 612 5397 Cedr.
642 5357 696 5403 p.
720 5341 844 5395 573.

314 5413 424 5483 (59)
450 5413 529 5467 Ita
554 5414 819 5483 scriptum
848 5428 946 5480 per
976 5430 1044 5465 ει.

317 5482 430 5555 (40)
457 5484 646 5539 Const.
684 5483 887 5555 Porph.
925 5500 980 5553 p.
1012 5484 1136 5545 151.
1159 5483 1322 5539 Cedr.
1346 5500 1401 5555 p.
1431 5485 1555 5539 573.

315 5554 430 5628 (il)
458 5555 648 5628 gonst.
681 5554 889 5628 Porph.
922 5571 975 5626 p.
1022 5556 1141 5620 171,
1173 5554 1422 5628 (Σαὼ-ξι).
1450 5557 1574 5612 575.

316 5624 432 5696 (42)
455 5624 650 5696 Const.
687 5626 892 5693 Porph.
916 5624 974 5694 p.
1003 5627 1124 5683 171.
1156 5626 1318 5682 Cedr.
1340 5624 1393 5696 pi.
1434 5628 1559 5681 575.

319 5695 435 5762 (43)
466 5695 557 5750 Sic
575 5698 697 5751 sine
724 5697 1074 5757 transitione.
1107 5698 1226 5754 sine
1260 5695 1621 5755 connexione.

320 5768 435 5827 (ιι)
462 5765 633 5822 Const
695 5767 895 5835 Porph.
938 5783 990 5837 p.
1022 5770 1143 5823 lti‘Z.

2006 5203 2121 5273 (43)
2158 5204 2235 5257 lta
2262 5204 2528 5271 scriptum
2563 5198 2669 5271 [1'],
2708 5214 2818 5253 non
2849 5200 2991 5273 ταῖς.

2006 5268 2117 5342 (46)
2143 5268 2465 5343 Sequuntur
2494 5268 3061 5343 nugaenugacissimae
3082 5268 3397 5343 stultissimi
3422 5269 3523 5323 bo-

1932 5339 2136 5399 minis':
2172 5339 2381 5398 habent
2406 5339 2598 5397 tamen
2627 5339 2838 5411 aliquid
2869 5339 3292 5412 philologicum,
3323 5356 3523 5412 quani-

1931 5417 2017 5471 vis
2046 5414 2344 5470 ostentatio
2377 5415 2449 5468 sit
2481 5412 2735 5482 puerilis.

2004 5485 2262 5553 (67)Vid.
2303 5480 2496 5539 Const;
2531 5482 2733 5553 Porph.
2769 5498 2823 5553 p.
2868 5480 2990 5536 167.

2008 5498 2121 5553 (ιι)
2147 5498 2262 5539 για.
2303 5498 2495 5539 uonst.
2531 5498 2733 5553 rorpn.
2868 5498 2990 5562 τοί.

2008 5557 2117 5626 (58)
2146 5556 2225 5610 lta
2267 5557 2422 5627 prius
2454 5556 2753 5624 scripserat
2804 5553 3067 5618 ibrartus,
3098 5550 3301 5608 deinde
3328 5552 3529 5623 exigua

1932 5628 2118 5683 littera
2142 5627 2271 5682 fecit
2299 5641 2569 5696 apparere
2628 5642 2657 5676 ν
2687 5640 2786 5694 pro
2822 5642 2880 5693 μ.

2004 5699 2113 5770 (t9)
2147 5691 2421 5768 Scriptum
2455 5712 2551 5767 per
2575 5714 2625 5759 υ,
2662 5691 2847 5765 potius
2870 5712 2918 5747 ν.
2958 5691 3040 5765 [1']
