  <div class='ocr_page' id='page_1' title='image "/cluster/home/n/w/nwhite01/storage/ocr_20150623/109/mdp.39015032333737/582.png"; bbox 0 0 3982 6046; ppageno 0'>
   <div class='ocr_carea' id='block_1_1' title="bbox 453 189 589 257">
    <p class='ocr_par' dir='ltr' id='par_1_1' title="bbox 453 189 589 257">
     <span class='ocr_line' id='line_1_1' title="bbox 453 189 589 257; baseline 0.022 -3"><span class='ocrx_word' id='word_1_1' title='bbox 453 189 589 257; x_wconf 79' lang='lat'><strong>1153</strong></span> 
     </span>
    </p>
   </div>
   <div class='ocr_carea' id='block_1_2' title="bbox 1803 183 2395 248">
    <p class='ocr_par' dir='ltr' id='par_1_2' title="bbox 1803 183 2395 248">
     <span class='ocr_line' id='line_1_2' title="bbox 1803 183 2395 248; baseline 0.003 -2"><span class='ocrx_word' id='word_1_2' title='bbox 1803 183 2079 246; x_wconf 82' lang='lat' dir='ltr'><strong>REGUM</strong></span> <span class='ocrx_word' id='word_1_3' title='bbox 2114 183 2260 246; x_wconf 79' lang='lat' dir='ltr'><strong>LIB.</strong></span> <span class='ocrx_word' id='word_1_4' title='bbox 2293 184 2395 248; x_wconf 85' lang='lat' dir='ltr'><strong>IV.</strong></span> 
     </span>
    </p>
   </div>
   <div class='ocr_carea' id='block_1_3' title="bbox 3593 180 3729 244">
    <p class='ocr_par' dir='ltr' id='par_1_3' title="bbox 3593 180 3729 244">
     <span class='ocr_line' id='line_1_3' title="bbox 3593 180 3729 244; baseline 0 -2"><span class='ocrx_word' id='word_1_5' title='bbox 3593 180 3729 244; x_wconf 73' lang='lat' dir='ltr'><strong>“Si</strong></span> 
     </span>
    </p>
   </div>
   <div class='ocr_carea' id='block_1_4' title="bbox 524 298 2057 381">
    <p class='ocr_par' dir='ltr' id='par_1_4' title="bbox 524 300 2032 381">
     <span class='ocr_line' id='line_1_4' title="bbox 524 300 2032 381; baseline -0.008 -17"><span class='ocrx_word' id='word_1_6' title='bbox 524 307 616 381; x_wconf 79' lang='grc' dir='ltr'><strong>τῷ</strong></span> <span class='ocrx_word' id='word_1_7' title='bbox 646 307 856 380; x_wconf 66' lang='grc' dir='ltr'><strong>βασιλ-εἶ</strong></span> <span class='ocrx_word' id='word_1_8' title='bbox 887 323 1018 361; x_wconf 85' lang='grc' dir='ltr'><strong>ποτε</strong></span> <span class='ocrx_word' id='word_1_9' title='bbox 1044 306 1171 377; x_wconf 72' lang='grc' dir='ltr'><strong>περὶ</strong></span> <span class='ocrx_word' id='word_1_10' title='bbox 1196 305 1370 376; x_wconf 78' lang='grc' dir='ltr'><strong>θήραν</strong></span> <span class='ocrx_word' id='word_1_11' title='bbox 1397 300 1795 374; x_wconf 75' lang='grc' dir='ltr'><strong>ἐνδιατρίϐοντι</strong></span> <span class='ocrx_word' id='word_1_12' title='bbox 1817 301 1875 368; x_wconf 74' lang='grc' dir='ltr'><strong>ἐξ</strong></span> <span class='ocrx_word' id='word_1_13' title='bbox 1898 300 2032 372; x_wconf 81' lang='grc' dir='ltr'><strong>ὖλης</strong></span> 
     </span>
    </p>
   </div>
   <div class='ocr_carea' id='block_1_5' title="bbox 2159 298 3727 381">
    <p class='ocr_par' dir='ltr' id='par_1_5' title="bbox 2204 298 3727 373">
     <span class='ocr_line' id='line_1_5' title="bbox 2204 298 3727 373; baseline -0.001 -17"><span class='ocrx_word' id='word_1_14' title='bbox 2204 299 2343 356; x_wconf 86' lang='lat' dir='ltr'><strong>Cum</strong></span> <span class='ocrx_word' id='word_1_15' title='bbox 2371 301 2676 373; x_wconf 72' lang='lat' dir='ltr'><strong>imperator</strong></span> <span class='ocrx_word' id='word_1_16' title='bbox 2694 299 2994 372; x_wconf 83' lang='lat' dir='ltr'><strong>aliquando</strong></span> <span class='ocrx_word' id='word_1_17' title='bbox 3025 298 3078 354; x_wconf 93' lang='lat' dir='ltr'><strong>in</strong></span> <span class='ocrx_word' id='word_1_18' title='bbox 3110 305 3310 352; x_wconf 67' lang='lat' dir='ltr'><strong>venatu</strong></span> <span class='ocrx_word' id='word_1_19' title='bbox 3339 304 3507 360; x_wconf 84' lang='lat' dir='ltr'><strong>esset,</strong></span> <span class='ocrx_word' id='word_1_20' title='bbox 3533 310 3562 350; x_wconf 92' lang='lat' dir='ltr'><strong>e</strong></span> <span class='ocrx_word' id='word_1_21' title='bbox 3589 298 3727 354; x_wconf 63' lang='lat' dir='ltr'><strong>silva</strong></span> 
     </span>
    </p>
   </div>
   <div class='ocr_carea' id='block_1_6' title="bbox 457 383 2035 471">
    <p class='ocr_par' dir='ltr' id='par_1_6' title="bbox 457 383 2035 471">
     <span class='ocr_line' id='line_1_6' title="bbox 457 383 2035 471; baseline -0.009 -15"><span class='ocrx_word' id='word_1_22' title='bbox 457 418 542 466; x_wconf 88' lang='grc' dir='ltr'><strong>τις</strong></span> <span class='ocrx_word' id='word_1_23' title='bbox 586 397 956 471; x_wconf 73' lang='grc' dir='ltr'><strong>παμμεγέθης</strong></span> <span class='ocrx_word' id='word_1_24' title='bbox 1013 396 1214 468; x_wconf 78' lang='grc' dir='ltr'>ἔλαφος</span> <span class='ocrx_word' id='word_1_25' title='bbox 1259 397 1338 459; x_wconf 86' lang='grc' dir='ltr'><strong>είς</strong></span> <span class='ocrx_word' id='word_1_26' title='bbox 1375 392 1542 467; x_wconf 68' lang='grc' dir='ltr'><strong>μέσον</strong></span> <span class='ocrx_word' id='word_1_27' title='bbox 1588 390 1942 462; x_wconf 65' lang='grc' dir='ltr'><strong>πεφοίτηκεν,</strong></span> <span class='ocrx_word' id='word_1_28' title='bbox 1973 383 2035 443; x_wconf 74' lang='grc' dir='ltr'>οὗ</span> 
     </span>
    </p>
   </div>
   <div class='ocr_carea' id='block_1_7' title="bbox 455 482 2038 558">
    <p class='ocr_par' dir='ltr' id='par_1_7' title="bbox 455 482 2038 558">
     <span class='ocr_line' id='line_1_7' title="bbox 455 482 2038 558; baseline -0.006 -12"><span class='ocrx_word' id='word_1_29' title='bbox 455 494 564 547; x_wconf 88' lang='grc' dir='ltr'><strong>τῶν</strong></span> <span class='ocrx_word' id='word_1_30' title='bbox 596 489 862 551; x_wconf 73' lang='grc' dir='ltr'><strong>ὀπισθίων</strong></span> <span class='ocrx_word' id='word_1_31' title='bbox 920 488 1100 545; x_wconf 81' lang='grc' dir='ltr'>ποδῶν</span> <span class='ocrx_word' id='word_1_32' title='bbox 1156 489 1394 558; x_wconf 69' lang='grc' dir='ltr'><strong>ἐπαφεὶς</strong></span> <span class='ocrx_word' id='word_1_33' title='bbox 1441 485 1680 557; x_wconf 84' lang='grc' dir='ltr'><strong>κορύνην</strong></span> <span class='ocrx_word' id='word_1_34' title='bbox 1721 486 1751 539; x_wconf 89' lang='grc' dir='ltr'><strong>ό</strong></span> <span class='ocrx_word' id='word_1_35' title='bbox 1787 482 2038 556; x_wconf 75' lang='grc' dir='ltr'><strong>βασιλεὺς</strong></span> 
     </span>
    </p>
   </div>
   <div class='ocr_carea' id='block_1_8' title="bbox 451 574 2039 654">
    <p class='ocr_par' dir='ltr' id='par_1_8' title="bbox 451 574 2039 654">
     <span class='ocr_line' id='line_1_8' title="bbox 451 574 2039 654; baseline -0.007 -15"><span class='ocrx_word' id='word_1_36' title='bbox 451 585 548 639; x_wconf 81' lang='grc' dir='ltr'><strong>καὶ</strong></span> <span class='ocrx_word' id='word_1_37' title='bbox 606 583 1022 654; x_wconf 78' lang='grc' dir='ltr'><strong>κατευτυχήσας</strong></span> <span class='ocrx_word' id='word_1_38' title='bbox 1061 579 1288 644; x_wconf 76' lang='grc' dir='ltr'><strong>τούτους</strong></span> <span class='ocrx_word' id='word_1_39' title='bbox 1347 578 1650 635; x_wconf 76' lang='grc' dir='ltr'><strong>διέθλασεν.</strong></span> <span class='ocrx_word' id='word_1_40' title='bbox 1689 575 1764 630; x_wconf 77' lang='grc' dir='ltr'><strong>τὸ</strong></span> <span class='ocrx_word' id='word_1_41' title='bbox 1803 574 1939 631; x_wconf 75' lang='grc' dir='ltr'><strong>αὐτὸ</strong></span> <span class='ocrx_word' id='word_1_42' title='bbox 1975 575 2039 647; x_wconf 78' lang='grc' dir='ltr'><strong>δὴ</strong></span> 
     </span>
    </p>
   </div>
   <div class='ocr_carea' id='block_1_9' title="bbox 450 667 2042 744">
    <p class='ocr_par' dir='ltr' id='par_1_9' title="bbox 450 667 2042 744">
     <span class='ocr_line' id='line_1_9' title="bbox 450 667 2042 744; baseline -0.006 -14"><span class='ocrx_word' id='word_1_43' title='bbox 450 675 612 730; x_wconf 88' lang='grc' dir='ltr'><strong>τοῦτο</strong></span> <span class='ocrx_word' id='word_1_44' title='bbox 646 674 742 729; x_wconf 76' lang='grc' dir='ltr'><strong>καὶ</strong></span> <span class='ocrx_word' id='word_1_45' title='bbox 773 675 870 728; x_wconf 63' lang='lat' dir='ltr'><strong>int</strong></span> <span class='ocrx_word' id='word_1_46' title='bbox 900 673 1050 744; x_wconf 86' lang='grc' dir='ltr'><strong>λύκῳ</strong></span> <span class='ocrx_word' id='word_1_47' title='bbox 1079 672 1496 743; x_wconf 82' lang='grc' dir='ltr'><strong>κατεπεπράχει</strong></span> <span class='ocrx_word' id='word_1_48' title='bbox 1541 668 1677 740; x_wconf 85' lang='grc'><strong>(50).</strong></span> <span class='ocrx_word' id='word_1_49' title='bbox 1713 667 2042 739; x_wconf 78' lang='grc' dir='ltr'><strong>Σφαιριζόν-</strong></span> 
     </span>
    </p>
   </div>
   <div class='ocr_carea' id='block_1_10' title="bbox 449 759 2042 836">
    <p class='ocr_par' dir='ltr' id='par_1_10' title="bbox 449 759 2042 836">
     <span class='ocr_line' id='line_1_10' title="bbox 449 759 2042 836; baseline -0.006 -14"><span class='ocrx_word' id='word_1_50' title='bbox 449 785 562 822; x_wconf 89' lang='grc' dir='ltr'><strong>των</strong></span> <span class='ocrx_word' id='word_1_51' title='bbox 591 766 650 821; x_wconf 77' lang='grc' dir='ltr'><strong>δι</strong></span> <span class='ocrx_word' id='word_1_52' title='bbox 669 765 816 821; x_wconf 80' lang='grc' dir='ltr'><strong>κατὰ</strong></span> <span class='ocrx_word' id='word_1_53' title='bbox 847 766 910 820; x_wconf 77' lang='grc' dir='ltr'><strong>τὸ</strong></span> <span class='ocrx_word' id='word_1_54' title='bbox 956 763 1096 836; x_wconf 74' lang='grc' dir='ltr'><strong>πρὸς</strong></span> <span class='ocrx_word' id='word_1_55' title='bbox 1126 764 1197 820; x_wconf 77' lang='grc' dir='ltr'><strong>τὰ</strong></span> <span class='ocrx_word' id='word_1_56' title='bbox 1239 763 1491 835; x_wconf 83' lang='grc' dir='ltr'><strong>βασίλεια</strong></span> <span class='ocrx_word' id='word_1_57' title='bbox 1535 760 1804 834; x_wconf 77' lang='grc' dir='ltr'><strong>μέσαυλον</strong></span> <span class='ocrx_word' id='word_1_58' title='bbox 1833 760 1866 833; x_wconf 77' lang='grc' dir='ltr'>ἢ</span> <span class='ocrx_word' id='word_1_59' title='bbox 1899 759 2042 814; x_wconf 82' lang='grc' dir='ltr'><strong>κατὰ</strong></span> 
     </span>
    </p>
   </div>
   <div class='ocr_carea' id='block_1_11' title="bbox 451 851 2043 930">
    <p class='ocr_par' dir='ltr' id='par_1_11' title="bbox 451 851 2043 930">
     <span class='ocr_line' id='line_1_11' title="bbox 451 851 2043 930; baseline -0.006 -17"><span class='ocrx_word' id='word_1_60' title='bbox 451 858 631 930; x_wconf 76' lang='grc' dir='ltr'><strong>χῶρον</strong></span> <span class='ocrx_word' id='word_1_61' title='bbox 658 858 710 892; x_wconf 68' lang='grc'><strong>⁷⁸</strong></span> <span class='ocrx_word' id='word_1_62' title='bbox 760 857 947 913; x_wconf 85' lang='grc' dir='ltr'><strong>ῐππων</strong></span> <span class='ocrx_word' id='word_1_63' title='bbox 977 856 1380 930; x_wconf 75' lang='grc' dir='ltr'><strong>ἁμιλλητήριον</strong></span> <span class='ocrx_word' id='word_1_64' title='bbox 1404 895 1422 921; x_wconf 85' lang='grc'><strong>,</strong></span> <span class='ocrx_word' id='word_1_65' title='bbox 1457 855 1714 909; x_wconf 73' lang='grc' dir='ltr'><strong>οὐδέποτε</strong></span> <span class='ocrx_word' id='word_1_66' title='bbox 1745 854 1846 924; x_wconf 77' lang='grc' dir='ltr'><strong>τῆς</strong></span> <span class='ocrx_word' id='word_1_67' title='bbox 1879 851 2043 922; x_wconf 78' lang='grc' dir='ltr'><strong>σφαίο</strong></span> 
     </span>
    </p>
   </div>
   <div class='ocr_carea' id='block_1_12' title="bbox 455 946 2044 1023">
    <p class='ocr_par' dir='ltr' id='par_1_12' title="bbox 455 946 2044 1023">
     <span class='ocr_line' id='line_1_12' title="bbox 455 946 2044 1023; baseline -0.004 -17"><span class='ocrx_word' id='word_1_68' title='bbox 455 968 558 1023; x_wconf 87' lang='grc' dir='ltr'><strong>ρας</strong></span> <span class='ocrx_word' id='word_1_69' title='bbox 607 949 933 1023; x_wconf 80' lang='grc' dir='ltr'><strong>ἀποτετύχει</strong></span> <span class='ocrx_word' id='word_1_70' title='bbox 958 951 1098 1023; x_wconf 76' lang='grc'><strong>(51),</strong></span> <span class='ocrx_word' id='word_1_71' title='bbox 1127 951 1310 1004; x_wconf 89' lang='grc' dir='ltr'><strong>καίτοι</strong></span> <span class='ocrx_word' id='word_1_72' title='bbox 1337 947 1551 1002; x_wconf 87' lang='grc' dir='ltr'><strong>πολλῶν</strong></span> <span class='ocrx_word' id='word_1_73' title='bbox 1593 946 2044 1018; x_wconf 63' lang='grc' dir='ltr'><strong>διαμιλλωμένων</strong></span> 
     </span>
    </p>
   </div>
   <div class='ocr_carea' id='block_1_13' title="bbox 453 1040 2045 1115">
    <p class='ocr_par' dir='ltr' id='par_1_13' title="bbox 453 1040 2045 1115">
     <span class='ocr_line' id='line_1_13' title="bbox 453 1040 2045 1115; baseline -0.004 -17"><span class='ocrx_word' id='word_1_74' title='bbox 453 1043 552 1098; x_wconf 78' lang='grc' dir='ltr'><strong>καὶ</strong></span> <span class='ocrx_word' id='word_1_75' title='bbox 580 1042 1032 1114; x_wconf 70' lang='grc' dir='ltr'><strong>ἐπεμϐαινόντων</strong></span> <span class='ocrx_word' id='word_1_76' title='bbox 1081 1046 1150 1115; x_wconf 72' lang='grc' dir='ltr'><strong>τῇ</strong></span> <span class='ocrx_word' id='word_1_77' title='bbox 1182 1041 1411 1113; x_wconf 81' lang='grc' dir='ltr'><strong>παιδιᾷ·</strong></span> <span class='ocrx_word' id='word_1_78' title='bbox 1443 1042 1538 1097; x_wconf 74' lang='grc' dir='ltr'><strong>καὶ</strong></span> <span class='ocrx_word' id='word_1_79' title='bbox 1561 1040 1819 1095; x_wconf 84' lang='grc' dir='ltr'><strong>τοσοῦτον</strong></span> <span class='ocrx_word' id='word_1_80' title='bbox 1851 1040 2045 1093; x_wconf 66' lang='lat' dir='ltr'><strong>tuttu-</strong></span> 
     </span>
    </p>
   </div>
   <div class='ocr_carea' id='block_1_14' title="bbox 455 1129 2039 1205">
    <p class='ocr_par' dir='ltr' id='par_1_14' title="bbox 455 1129 2039 1205">
     <span class='ocr_line' id='line_1_14' title="bbox 455 1129 2039 1205; baseline -0.001 -18"><span class='ocrx_word' id='word_1_81' title='bbox 455 1132 564 1205; x_wconf 76' lang='grc' dir='ltr'><strong>κῶς</strong></span> <span class='ocrx_word' id='word_1_82' title='bbox 596 1133 695 1190; x_wconf 78' lang='grc' dir='ltr'><strong>καὶ</strong></span> <span class='ocrx_word' id='word_1_83' title='bbox 725 1133 991 1202; x_wconf 73' lang='grc' dir='ltr'><strong>γενναίως</strong></span> <span class='ocrx_word' id='word_1_84' title='bbox 1022 1133 1093 1188; x_wconf 80' lang='grc' dir='ltr'><strong>τὰ</strong></span> <span class='ocrx_word' id='word_1_85' title='bbox 1122 1132 1226 1203; x_wconf 80' lang='grc' dir='ltr'><strong>τῆς</strong></span> <span class='ocrx_word' id='word_1_86' title='bbox 1264 1132 1506 1204; x_wconf 81' lang='grc' dir='ltr'><strong>σφαίρας</strong></span> <span class='ocrx_word' id='word_1_87' title='bbox 1527 1130 1678 1202; x_wconf 81' lang='grc' dir='ltr'><strong>αὐτῷ</strong></span> <span class='ocrx_word' id='word_1_88' title='bbox 1716 1129 1829 1202; x_wconf 74' lang='lat'><strong>(52)</strong></span> <span class='ocrx_word' id='word_1_89' title='bbox 1868 1170 1882 1186; x_wconf 94' lang='lat'><strong>.</strong></span> <span class='ocrx_word' id='word_1_90' title='bbox 1919 1169 1935 1185; x_wconf 96' lang='lat'><strong>.</strong></span> <span class='ocrx_word' id='word_1_91' title='bbox 1974 1168 1988 1183; x_wconf 97' lang='lat'><strong>.</strong></span> <span class='ocrx_word' id='word_1_92' title='bbox 2023 1169 2039 1186; x_wconf 94' lang='lat'><strong>.</strong></span> 
     </span>
    </p>
   </div>
   <div class='ocr_carea' id='block_1_15' title="bbox 455 1220 2045 1298">
    <p class='ocr_par' dir='ltr' id='par_1_15' title="bbox 455 1220 2045 1298">
     <span class='ocr_line' id='line_1_15' title="bbox 455 1220 2045 1298; baseline -0.003 -18"><span class='ocrx_word' id='word_1_93' title='bbox 455 1223 600 1280; x_wconf 80' lang='grc' dir='ltr'><strong>ῶστε</strong></span> <span class='ocrx_word' id='word_1_94' title='bbox 629 1225 893 1290; x_wconf 79' lang='grc' dir='ltr'><strong>πολλάκις</strong></span> <span class='ocrx_word' id='word_1_95' title='bbox 917 1226 1262 1298; x_wconf 79' lang='grc' dir='ltr'><strong>τυπτήσαντι</strong></span> <span class='ocrx_word' id='word_1_96' title='bbox 1312 1225 1520 1295; x_wconf 85' lang='grc' dir='ltr'><strong>ταύτην</strong></span> <span class='ocrx_word' id='word_1_97' title='bbox 1545 1225 1640 1282; x_wconf 84' lang='grc' dir='ltr'><strong>ἀπ’</strong></span> <span class='ocrx_word' id='word_1_98' title='bbox 1667 1223 1845 1297; x_wconf 79' lang='grc' dir='ltr'><strong>ἄκρας</strong></span> <span class='ocrx_word' id='word_1_99' title='bbox 1863 1220 2045 1277; x_wconf 75' lang='grc' dir='ltr'><strong>αὐλῶ-</strong></span> 
     </span>
    </p>
   </div>
   <div class='ocr_carea' id='block_1_16' title="bbox 457 1315 2043 1389">
    <p class='ocr_par' dir='ltr' id='par_1_16' title="bbox 457 1315 2043 1389">
     <span class='ocr_line' id='line_1_16' title="bbox 457 1315 2043 1389; baseline -0.003 -17"><span class='ocrx_word' id='word_1_100' title='bbox 457 1335 547 1382; x_wconf 87' lang='grc' dir='ltr'><strong>νος</strong></span> <span class='ocrx_word' id='word_1_101' title='bbox 595 1316 1023 1388; x_wconf 80' lang='grc' dir='ltr'><strong>διαδισασθῆναι</strong></span> <span class='ocrx_word' id='word_1_102' title='bbox 1051 1316 1159 1382; x_wconf 70' lang='grc' dir='ltr'><strong>ἔξω</strong></span> <span class='ocrx_word' id='word_1_103' title='bbox 1185 1316 1333 1372; x_wconf 79' lang='grc' dir='ltr'><strong>κατὰ</strong></span> <span class='ocrx_word' id='word_1_104' title='bbox 1361 1315 1497 1372; x_wconf 85' lang='grc' dir='ltr'><strong>πολύ</strong></span> <span class='ocrx_word' id='word_1_105' title='bbox 1531 1332 1598 1386; x_wconf 85' lang='grc' dir='ltr'><strong>γε</strong></span> <span class='ocrx_word' id='word_1_106' title='bbox 1625 1316 1720 1371; x_wconf 81' lang='grc' dir='ltr'><strong>τοῦ</strong></span> <span class='ocrx_word' id='word_1_107' title='bbox 1749 1315 2043 1389; x_wconf 78' lang='grc' dir='ltr'><strong>τέρματος,</strong></span> 
     </span>
    </p>
   </div>
   <div class='ocr_carea' id='block_1_17' title="bbox 459 1407 2050 1482">
    <p class='ocr_par' dir='ltr' id='par_1_17' title="bbox 459 1407 2050 1482">
     <span class='ocr_line' id='line_1_17' title="bbox 459 1407 2050 1482; baseline -0.002 -18"><span class='ocrx_word' id='word_1_108' title='bbox 459 1407 536 1474; x_wconf 76' lang='grc' dir='ltr'><strong>ὡς</strong></span> <span class='ocrx_word' id='word_1_109' title='bbox 567 1410 644 1480; x_wconf 77' lang='grc' dir='ltr'><strong>μὴ</strong></span> <span class='ocrx_word' id='word_1_110' title='bbox 671 1408 879 1481; x_wconf 74' lang='grc' dir='ltr'><strong>ταύτην</strong></span> <span class='ocrx_word' id='word_1_111' title='bbox 909 1408 1144 1481; x_wconf 78' lang='grc' dir='ltr'><strong>ὁρᾶσθαι</strong></span> <span class='ocrx_word' id='word_1_112' title='bbox 1173 1410 1235 1464; x_wconf 77' lang='grc' dir='ltr'><strong>τὸ</strong></span> <span class='ocrx_word' id='word_1_113' title='bbox 1260 1408 1508 1464; x_wconf 89' lang='grc' dir='ltr'><strong>σύνολον.</strong></span> <span class='ocrx_word' id='word_1_114' title='bbox 1546 1408 2050 1482; x_wconf 81' lang='grc' dir='ltr'><strong>ἐμεγαληγορεῐτο</strong></span> 
     </span>
    </p>
   </div>
   <div class='ocr_carea' id='block_1_18' title="bbox 456 1498 2050 1574">
    <p class='ocr_par' dir='ltr' id='par_1_18' title="bbox 456 1498 2050 1574">
     <span class='ocr_line' id='line_1_18' title="bbox 456 1498 2050 1574; baseline 0 -20"><span class='ocrx_word' id='word_1_115' title='bbox 456 1499 518 1554; x_wconf 72' lang='grc' dir='ltr'><strong>δὲ</strong></span> <span class='ocrx_word' id='word_1_116' title='bbox 540 1500 638 1555; x_wconf 74' lang='grc' dir='ltr'><strong>καὶ</strong></span> <span class='ocrx_word' id='word_1_117' title='bbox 661 1499 743 1572; x_wconf 83' lang='grc' dir='ltr'><strong>τῷ</strong></span> <span class='ocrx_word' id='word_1_118' title='bbox 765 1498 1000 1573; x_wconf 81' lang='grc' dir='ltr'><strong>ἀρχηγῷ</strong></span> <span class='ocrx_word' id='word_1_119' title='bbox 1026 1499 1359 1574; x_wconf 80' lang='grc' dir='ltr'><strong>Βουλγάρων</strong></span> <span class='ocrx_word' id='word_1_120' title='bbox 1379 1500 1798 1573; x_wconf 84' lang='grc' dir='ltr'><strong>παλαιστρικδς,</strong></span> <span class='ocrx_word' id='word_1_121' title='bbox 1819 1500 1878 1565; x_wconf 86' lang='grc' dir='ltr'><strong>δς</strong></span> <span class='ocrx_word' id='word_1_122' title='bbox 1905 1499 2050 1554; x_wconf 84' lang='grc' dir='ltr'><strong>κατὰ</strong></span> 
     </span>
    </p>
   </div>
   <div class='ocr_carea' id='block_1_19' title="bbox 460 1593 2050 1667">
    <p class='ocr_par' dir='ltr' id='par_1_19' title="bbox 460 1593 2050 1667">
     <span class='ocr_line' id='line_1_19' title="bbox 460 1593 2050 1667; baseline 0 -20"><span class='ocrx_word' id='word_1_123' title='bbox 460 1593 807 1666; x_wconf 76' lang='grc' dir='ltr'><strong>παλαίστραν</strong></span> <span class='ocrx_word' id='word_1_124' title='bbox 837 1595 1107 1665; x_wconf 68' lang='grc' dir='ltr'><strong>ἐκέκτητο</strong></span> <span class='ocrx_word' id='word_1_125' title='bbox 1133 1593 1196 1648; x_wconf 76' lang='grc' dir='ltr'><strong>τὸ</strong></span> <span class='ocrx_word' id='word_1_126' title='bbox 1219 1596 1494 1667; x_wconf 79' lang='grc' dir='ltr'><strong>ἀήττητον</strong></span> <span class='ocrx_word' id='word_1_127' title='bbox 1514 1611 1530 1626; x_wconf 72' lang='grc' dir='ltr'><strong>ο</strong></span> <span class='ocrx_word' id='word_1_128' title='bbox 1569 1594 1760 1650; x_wconf 82' lang='grc' dir='ltr'><strong>τοῦτον</strong></span> <span class='ocrx_word' id='word_1_129' title='bbox 1786 1595 1927 1667; x_wconf 79' lang='grc' dir='ltr'><strong>πρὸς</strong></span> <span class='ocrx_word' id='word_1_130' title='bbox 1949 1593 2050 1666; x_wconf 82' lang='grc' dir='ltr'><strong>τὴν</strong></span> 
     </span>
    </p>
   </div>
   <div class='ocr_carea' id='block_1_20' title="bbox 462 1681 2045 1758">
    <p class='ocr_par' dir='ltr' id='par_1_20' title="bbox 462 1681 2045 1758">
     <span class='ocr_line' id='line_1_20' title="bbox 462 1681 2045 1758; baseline -0.003 -17"><span class='ocrx_word' id='word_1_131' title='bbox 462 1683 711 1758; x_wconf 78' lang='grc' dir='ltr'><strong>βασιλίδα</strong></span> <span class='ocrx_word' id='word_1_132' title='bbox 738 1683 1090 1758; x_wconf 73' lang='grc' dir='ltr'><strong>θαρρούντως</strong></span> <span class='ocrx_word' id='word_1_133' title='bbox 1121 1684 1448 1755; x_wconf 79' lang='grc' dir='ltr'><strong>ἑκπὲπομφε</strong></span> <span class='ocrx_word' id='word_1_134' title='bbox 1487 1683 1536 1716; x_wconf 74' lang='grc'><strong>⁷⁸</strong></span> <span class='ocrx_word' id='word_1_135' title='bbox 1569 1681 1934 1756; x_wconf 82' lang='grc' dir='ltr'><strong>πειρασθῆναι</strong></span> <span class='ocrx_word' id='word_1_136' title='bbox 1952 1682 2045 1736; x_wconf 83' lang='grc' dir='ltr'><strong>δυ-</strong></span> 
     </span>
    </p>
   </div>
   <div class='ocr_carea' id='block_1_21' title="bbox 462 1769 2043 1848">
    <p class='ocr_par' dir='ltr' id='par_1_21' title="bbox 462 1769 2043 1848">
     <span class='ocr_line' id='line_1_21' title="bbox 462 1769 2043 1848; baseline -0.002 -17"><span class='ocrx_word' id='word_1_137' title='bbox 462 1777 841 1842; x_wconf 83' lang='grc' dir='ltr'><strong>ναστεύοντος.</strong></span> <span class='ocrx_word' id='word_1_138' title='bbox 884 1776 1010 1831; x_wconf 82' lang='grc' dir='ltr'><strong>Ἐπὶ</strong></span> <span class='ocrx_word' id='word_1_139' title='bbox 1029 1775 1206 1848; x_wconf 82' lang='grc' dir='ltr'><strong>τούτῳ</strong></span> <span class='ocrx_word' id='word_1_140' title='bbox 1229 1774 1515 1848; x_wconf 80' lang='grc' dir='ltr'><strong>δυσφόρως</strong></span> <span class='ocrx_word' id='word_1_141' title='bbox 1537 1769 1686 1847; x_wconf 76' lang='grc' dir='ltr'><strong>εἶχεν</strong></span> <span class='ocrx_word' id='word_1_142' title='bbox 1716 1776 1746 1828; x_wconf 81' lang='grc' dir='ltr'><strong>ό</strong></span> <span class='ocrx_word' id='word_1_143' title='bbox 1767 1773 2043 1846; x_wconf 80' lang='grc' dir='ltr'><strong>βασιλεὺς,</strong></span> 
     </span>
    </p>
   </div>
   <div class='ocr_carea' id='block_1_22' title="bbox 463 1866 2043 1943">
    <p class='ocr_par' dir='ltr' id='par_1_22' title="bbox 463 1866 2043 1943">
     <span class='ocr_line' id='line_1_22' title="bbox 463 1866 2043 1943; baseline -0.004 -18"><span class='ocrx_word' id='word_1_144' title='bbox 463 1871 601 1926; x_wconf 75' lang='grc' dir='ltr'><strong>ἀλλὰ</strong></span> <span class='ocrx_word' id='word_1_145' title='bbox 623 1871 727 1942; x_wconf 76' lang='grc' dir='ltr'><strong>τὴν</strong></span> <span class='ocrx_word' id='word_1_146' title='bbox 772 1868 1073 1943; x_wconf 79' lang='grc' dir='ltr'><strong>δυσφορίαν</strong></span> <span class='ocrx_word' id='word_1_147' title='bbox 1125 1869 1208 1933; x_wconf 82' lang='grc' dir='ltr'><strong>είς</strong></span> <span class='ocrx_word' id='word_1_148' title='bbox 1243 1869 1307 1922; x_wconf 80' lang='grc' dir='ltr'><strong>τὸ</strong></span> <span class='ocrx_word' id='word_1_149' title='bbox 1337 1866 1569 1941; x_wconf 76' lang='grc' dir='ltr'><strong>εὔφορον</strong></span> <span class='ocrx_word' id='word_1_150' title='bbox 1621 1866 2043 1939; x_wconf 85' lang='grc' dir='ltr'><strong>μετερύθμισεν,</strong></span> 
     </span>
    </p>
   </div>
   <div class='ocr_carea' id='block_1_23' title="bbox 464 1959 2048 2034">
    <p class='ocr_par' dir='ltr' id='par_1_23' title="bbox 464 1959 2048 2034">
     <span class='ocr_line' id='line_1_23' title="bbox 464 1959 2048 2034; baseline -0.004 -15"><span class='ocrx_word' id='word_1_151' title='bbox 464 1961 659 2019; x_wconf 72' lang='grc' dir='ltr'><strong>ἑαυτὸν</strong></span> <span class='ocrx_word' id='word_1_152' title='bbox 673 1961 860 2026; x_wconf 69' lang='grc' dir='ltr'><strong>καθεὶς</strong></span> <span class='ocrx_word' id='word_1_153' title='bbox 882 1964 951 2034; x_wconf 70' lang='grc' dir='ltr'><strong>τῇ</strong></span> <span class='ocrx_word' id='word_1_154' title='bbox 975 1960 1305 2032; x_wconf 78' lang='grc' dir='ltr'><strong>παλαίστρᾳ,</strong></span> <span class='ocrx_word' id='word_1_155' title='bbox 1325 1960 1465 2032; x_wconf 77' lang='grc' dir='ltr'><strong>πλὴν</strong></span> <span class='ocrx_word' id='word_1_156' title='bbox 1486 1960 1628 2031; x_wconf 81' lang='grc' dir='ltr'><strong>μετὰ</strong></span> <span class='ocrx_word' id='word_1_157' title='bbox 1652 1959 2048 2031; x_wconf 79' lang='grc' dir='ltr'><strong>προσηκούσης</strong></span> 
     </span>
    </p>
   </div>
   <div class='ocr_carea' id='block_1_24' title="bbox 463 2051 2054 2127">
    <p class='ocr_par' dir='ltr' id='par_1_24' title="bbox 463 2051 2054 2127">
     <span class='ocr_line' id='line_1_24' title="bbox 463 2051 2054 2127; baseline -0.012 -6"><span class='ocrx_word' id='word_1_158' title='bbox 463 2056 566 2125; x_wconf 80' lang='grc' dir='ltr'><strong>τῆς</strong></span> <span class='ocrx_word' id='word_1_159' title='bbox 610 2054 962 2127; x_wconf 72' lang='grc' dir='ltr'><strong>ἐπικρύψεως</strong></span> <span class='ocrx_word' id='word_1_160' title='bbox 985 2071 1001 2087; x_wconf 84' lang='grc'>⁶</span> <span class='ocrx_word' id='word_1_161' title='bbox 1041 2053 1585 2126; x_wconf 76' lang='grc' dir='ltr'><strong>μετασχηματισθεὶς</strong></span> <span class='ocrx_word' id='word_1_162' title='bbox 1609 2053 1722 2126; x_wconf 82' lang='grc' dir='ltr'><strong>γὰρ</strong></span> <span class='ocrx_word' id='word_1_163' title='bbox 1745 2052 1857 2106; x_wconf 90' lang='grc' dir='ltr'><strong>τῶν</strong></span> <span class='ocrx_word' id='word_1_164' title='bbox 1899 2051 2054 2124; x_wconf 81' lang='grc' dir='ltr'><strong>βασι.</strong></span> 
     </span>
    </p>
   </div>
   <div class='ocr_carea' id='block_1_25' title="bbox 465 2145 2052 2219">
    <p class='ocr_par' dir='ltr' id='par_1_25' title="bbox 465 2145 2052 2219">
     <span class='ocr_line' id='line_1_25' title="bbox 465 2145 2052 2219; baseline 0.001 -18"><span class='ocrx_word' id='word_1_165' title='bbox 465 2146 635 2202; x_wconf 85' lang='grc' dir='ltr'><strong>λικῶν</strong></span> <span class='ocrx_word' id='word_1_166' title='bbox 654 2147 899 2218; x_wconf 73' lang='grc' dir='ltr'><strong>ισθήτων</strong></span> <span class='ocrx_word' id='word_1_167' title='bbox 918 2147 996 2219; x_wconf 84' lang='grc' dir='ltr'><strong>τῷ</strong></span> <span class='ocrx_word' id='word_1_168' title='bbox 1024 2147 1313 2203; x_wconf 86' lang='grc' dir='ltr'><strong>παλαίοντι</strong></span> <span class='ocrx_word' id='word_1_169' title='bbox 1335 2146 1608 2218; x_wconf 87' lang='grc' dir='ltr'><strong>πρόσεισι.</strong></span> <span class='ocrx_word' id='word_1_170' title='bbox 1632 2147 1742 2199; x_wconf 80' lang='grc' dir='ltr'><strong>Καὶ</strong></span> <span class='ocrx_word' id='word_1_171' title='bbox 1768 2147 1798 2200; x_wconf 87' lang='grc' dir='ltr'><strong>ό</strong></span> <span class='ocrx_word' id='word_1_172' title='bbox 1819 2145 1918 2216; x_wconf 78' lang='grc' dir='ltr'><strong>μὲν</strong></span> <span class='ocrx_word' id='word_1_173' title='bbox 1936 2145 2052 2216; x_wconf 81' lang='grc'><strong>(55)</strong></span> 
     </span>
    </p>
   </div>
   <div class='ocr_carea' id='block_1_26' title="bbox 469 2237 2052 2310">
    <p class='ocr_par' dir='ltr' id='par_1_26' title="bbox 469 2237 2052 2310">
     <span class='ocr_line' id='line_1_26' title="bbox 469 2237 2052 2310; baseline -0.002 -17"><span class='ocrx_word' id='word_1_174' title='bbox 469 2238 685 2310; x_wconf 87' lang='grc' dir='ltr'><strong>Σκύθης</strong></span> <span class='ocrx_word' id='word_1_175' title='bbox 708 2241 803 2293; x_wconf 77' lang='grc' dir='ltr'><strong>τὸν</strong></span> <span class='ocrx_word' id='word_1_176' title='bbox 828 2239 1120 2294; x_wconf 80' lang='grc' dir='ltr'><strong>Μακεδόνα</strong></span> <span class='ocrx_word' id='word_1_177' title='bbox 1151 2239 1486 2310; x_wconf 81' lang='grc' dir='ltr'><strong>μετεωρίσαι</strong></span> <span class='ocrx_word' id='word_1_178' title='bbox 1519 2239 1596 2310; x_wconf 75' lang='grc' dir='ltr'><strong>μὴ</strong></span> <span class='ocrx_word' id='word_1_179' title='bbox 1627 2237 1955 2293; x_wconf 66' lang='grc' dir='ltr'><strong>ἐνδεδωκότα</strong></span> <span class='ocrx_word' id='word_1_180' title='bbox 1984 2239 2052 2309; x_wconf 74' lang='grc' dir='ltr'><strong>τῇ</strong></span> 
     </span>
    </p>
   </div>
   <div class='ocr_carea' id='block_1_27' title="bbox 469 2327 2055 2401">
    <p class='ocr_par' dir='ltr' id='par_1_27' title="bbox 469 2327 2055 2401">
     <span class='ocr_line' id='line_1_27' title="bbox 469 2327 2055 2401; baseline -0.002 -17"><span class='ocrx_word' id='word_1_181' title='bbox 469 2329 627 2401; x_wconf 70' lang='grc' dir='ltr'><strong>ἄρσει</strong></span> <span class='ocrx_word' id='word_1_182' title='bbox 654 2327 990 2400; x_wconf 75' lang='grc' dir='ltr'><strong>διήμαρτενο</strong></span> <span class='ocrx_word' id='word_1_183' title='bbox 1024 2331 1054 2384; x_wconf 83' lang='grc' dir='ltr'><strong>ό</strong></span> <span class='ocrx_word' id='word_1_184' title='bbox 1074 2329 1132 2384; x_wconf 73' lang='grc' dir='ltr'><strong>δὲ</strong></span> <span class='ocrx_word' id='word_1_185' title='bbox 1180 2327 1372 2383; x_wconf 80' lang='grc' dir='ltr'><strong>τοῦτον</strong></span> <span class='ocrx_word' id='word_1_186' title='bbox 1420 2331 1581 2400; x_wconf 76' lang='grc' dir='ltr'><strong>χερσὶ</strong></span> <span class='ocrx_word' id='word_1_187' title='bbox 1612 2328 1887 2397; x_wconf 83' lang='grc' dir='ltr'><strong>γενναίαις</strong></span> <span class='ocrx_word' id='word_1_188' title='bbox 1914 2328 2055 2384; x_wconf 73' lang='grc' dir='ltr'><strong>ἑτοί-</strong></span> 
     </span>
    </p>
   </div>
   <div class='ocr_carea' id='block_1_28' title="bbox 473 2422 2056 2496">
    <p class='ocr_par' dir='ltr' id='par_1_28' title="bbox 473 2422 2056 2496">
     <span class='ocr_line' id='line_1_28' title="bbox 473 2422 2056 2496; baseline -0.001 -19"><span class='ocrx_word' id='word_1_189' title='bbox 473 2438 592 2494; x_wconf 85' lang='grc' dir='ltr'><strong>μως</strong></span> <span class='ocrx_word' id='word_1_190' title='bbox 617 2423 814 2495; x_wconf 79' lang='grc' dir='ltr'><strong>διάρας</strong></span> <span class='ocrx_word' id='word_1_191' title='bbox 845 2423 1094 2495; x_wconf 82' lang='grc' dir='ltr'><strong>σφοδρῶς</strong></span> <span class='ocrx_word' id='word_1_192' title='bbox 1125 2439 1186 2479; x_wconf 83' lang='grc' dir='ltr'><strong>τε</strong></span> <span class='ocrx_word' id='word_1_193' title='bbox 1217 2424 1573 2496; x_wconf 82' lang='grc' dir='ltr'><strong>περιδινήσας</strong></span> <span class='ocrx_word' id='word_1_194' title='bbox 1605 2422 2056 2493; x_wconf 76' lang='grc' dir='ltr'><strong>ὲπαγκυλίζεται,</strong></span> 
     </span>
    </p>
   </div>
   <div class='ocr_carea' id='block_1_29' title="bbox 469 2515 2055 2588">
    <p class='ocr_par' dir='ltr' id='par_1_29' title="bbox 469 2515 2055 2588">
     <span class='ocr_line' id='line_1_29' title="bbox 469 2515 2055 2588; baseline -0.001 -18"><span class='ocrx_word' id='word_1_195' title='bbox 469 2515 733 2571; x_wconf 75' lang='grc' dir='ltr'><strong>καὶκατὰ</strong></span> <span class='ocrx_word' id='word_1_196' title='bbox 755 2515 863 2587; x_wconf 79' lang='grc' dir='ltr'><strong>γῆν</strong></span> <span class='ocrx_word' id='word_1_197' title='bbox 890 2515 1003 2588; x_wconf 75' lang='grc'><strong>(54)</strong></span> <span class='ocrx_word' id='word_1_198' title='bbox 1036 2517 1240 2586; x_wconf 84' lang='grc' dir='ltr'><strong>πτῶμα</strong></span> <span class='ocrx_word' id='word_1_199' title='bbox 1286 2517 1471 2588; x_wconf 79' lang='grc' dir='ltr'><strong>ῥίπτει</strong></span> <span class='ocrx_word' id='word_1_200' title='bbox 1506 2515 1883 2586; x_wconf 78' lang='grc' dir='ltr'><strong>παμμέγεθες,</strong></span> <span class='ocrx_word' id='word_1_201' title='bbox 1910 2516 2055 2569; x_wconf 80' lang='grc' dir='ltr'><strong>ὥστε</strong></span> 
     </span>
    </p>
   </div>
   <div class='ocr_carea' id='block_1_30' title="bbox 473 2608 2058 2682">
    <p class='ocr_par' dir='ltr' id='par_1_30' title="bbox 473 2608 2058 2682">
     <span class='ocr_line' id='line_1_30' title="bbox 473 2608 2058 2682; baseline -0.002 -18"><span class='ocrx_word' id='word_1_202' title='bbox 473 2609 748 2674; x_wconf 84' lang='grc' dir='ltr'><strong>πλείστοις</strong></span> <span class='ocrx_word' id='word_1_203' title='bbox 771 2608 876 2682; x_wconf 80' lang='grc' dir='ltr'><strong>μὲν</strong></span> <span class='ocrx_word' id='word_1_204' title='bbox 900 2610 1080 2677; x_wconf 74' lang='grc' dir='ltr'><strong>ὕδασι,</strong></span> <span class='ocrx_word' id='word_1_205' title='bbox 1117 2609 1366 2682; x_wconf 74' lang='grc' dir='ltr'><strong>δαψιλέσι</strong></span> <span class='ocrx_word' id='word_1_206' title='bbox 1394 2610 1454 2664; x_wconf 81' lang='grc' dir='ltr'><strong>δὲ</strong></span> <span class='ocrx_word' id='word_1_207' title='bbox 1483 2610 1669 2676; x_wconf 75' lang='grc' dir='ltr'><strong>οἵνοις,</strong></span> <span class='ocrx_word' id='word_1_208' title='bbox 1692 2609 1830 2680; x_wconf 85' lang='grc' dir='ltr'><strong>πρὸς</strong></span> <span class='ocrx_word' id='word_1_209' title='bbox 1858 2608 1915 2663; x_wconf 81' lang='grc' dir='ltr'><strong>δὲ</strong></span> <span class='ocrx_word' id='word_1_210' title='bbox 1935 2609 2058 2672; x_wconf 76' lang='grc' dir='ltr'><strong>ταῖς</strong></span> 
     </span>
    </p>
   </div>
   <div class='ocr_carea' id='block_1_31' title="bbox 2140 388 3727 464">
    <p class='ocr_par' dir='ltr' id='par_1_31' title="bbox 2140 388 3727 464">
     <span class='ocr_line' id='line_1_31' title="bbox 2140 388 3727 464; baseline -0.003 -17"><span class='ocrx_word' id='word_1_211' title='bbox 2140 407 2345 448; x_wconf 82' lang='lat' dir='ltr'><strong>cervus</strong></span> <span class='ocrx_word' id='word_1_212' title='bbox 2375 391 2569 464; x_wconf 78' lang='lat' dir='ltr'><strong>ingens</strong></span> <span class='ocrx_word' id='word_1_213' title='bbox 2607 393 2664 448; x_wconf 93' lang='lat' dir='ltr'><strong>in</strong></span> <span class='ocrx_word' id='word_1_214' title='bbox 2698 392 2943 448; x_wconf 83' lang='lat' dir='ltr'><strong>medium</strong></span> <span class='ocrx_word' id='word_1_215' title='bbox 2991 391 3164 453; x_wconf 85' lang='lat' dir='ltr'><strong>venit.</strong></span> <span class='ocrx_word' id='word_1_216' title='bbox 3198 391 3358 460; x_wconf 83' lang='lat' dir='ltr'><strong>cujus</strong></span> <span class='ocrx_word' id='word_1_217' title='bbox 3392 388 3727 460; x_wconf 87' lang='lat' dir='ltr'><strong>posteriores</strong></span> 
     </span>
    </p>
   </div>
   <div class='ocr_carea' id='block_1_32' title="bbox 2143 482 3730 558">
    <p class='ocr_par' dir='ltr' id='par_1_32' title="bbox 2143 482 3730 558">
     <span class='ocr_line' id='line_1_32' title="bbox 2143 482 3730 558; baseline -0.003 -18"><span class='ocrx_word' id='word_1_218' title='bbox 2143 485 2310 557; x_wconf 81' lang='lat' dir='ltr'><strong>pedes</strong></span> <span class='ocrx_word' id='word_1_219' title='bbox 2343 489 2591 558; x_wconf 80' lang='lat' dir='ltr'><strong>conjecta</strong></span> <span class='ocrx_word' id='word_1_220' title='bbox 2623 486 2777 542; x_wconf 86' lang='lat' dir='ltr'><strong>clava</strong></span> <span class='ocrx_word' id='word_1_221' title='bbox 2807 485 3098 557; x_wconf 78' lang='lat' dir='ltr'><strong>confregit.</strong></span> <span class='ocrx_word' id='word_1_222' title='bbox 3140 482 3290 539; x_wconf 81' lang='lat' dir='ltr'><strong>Idem</strong></span> <span class='ocrx_word' id='word_1_223' title='bbox 3335 482 3468 538; x_wconf 89' lang='lat' dir='ltr'><strong>illud</strong></span> <span class='ocrx_word' id='word_1_224' title='bbox 3502 491 3561 537; x_wconf 90' lang='lat' dir='ltr'><strong>et</strong></span> <span class='ocrx_word' id='word_1_225' title='bbox 3595 482 3730 554; x_wconf 80' lang='lat' dir='ltr'><strong>lupo</strong></span> 
     </span>
    </p>
   </div>
   <div class='ocr_carea' id='block_1_33' title="bbox 2141 571 3728 642">
    <p class='ocr_par' dir='ltr' id='par_1_33' title="bbox 2141 571 3728 642">
     <span class='ocr_line' id='line_1_33' title="bbox 2141 571 3728 642; baseline -0.003 -12"><span class='ocrx_word' id='word_1_226' title='bbox 2141 577 2291 633; x_wconf 89' lang='lat' dir='ltr'><strong>fecit.</strong></span> <span class='ocrx_word' id='word_1_227' title='bbox 2329 575 2445 632; x_wconf 85' lang='lat' dir='ltr'><strong>Pila</strong></span> <span class='ocrx_word' id='word_1_228' title='bbox 2477 585 2662 632; x_wconf 90' lang='lat' dir='ltr'><strong>autem</strong></span> <span class='ocrx_word' id='word_1_229' title='bbox 2694 592 2820 630; x_wconf 88' lang='lat' dir='ltr'><strong>cum</strong></span> <span class='ocrx_word' id='word_1_230' title='bbox 2864 574 3120 631; x_wconf 83' lang='lat' dir='ltr'><strong>luderent</strong></span> <span class='ocrx_word' id='word_1_231' title='bbox 3152 575 3211 628; x_wconf 91' lang='lat' dir='ltr'><strong>in</strong></span> <span class='ocrx_word' id='word_1_232' title='bbox 3248 571 3388 627; x_wconf 90' lang='lat' dir='ltr'><strong>atrio</strong></span> <span class='ocrx_word' id='word_1_233' title='bbox 3422 572 3489 627; x_wconf 88' lang='lat' dir='ltr'><strong>ad</strong></span> <span class='ocrx_word' id='word_1_234' title='bbox 3524 575 3728 642; x_wconf 78' lang='lat' dir='ltr'><strong>regiam</strong></span> 
     </span>
    </p>
   </div>
   <div class='ocr_carea' id='block_1_34' title="bbox 2143 665 3729 741">
    <p class='ocr_par' dir='ltr' id='par_1_34' title="bbox 2143 665 3729 741">
     <span class='ocr_line' id='line_1_34' title="bbox 2143 665 3729 741; baseline -0.006 -15"><span class='ocrx_word' id='word_1_235' title='bbox 2143 679 2239 726; x_wconf 84' lang='lat' dir='ltr'><strong>aut</strong></span> <span class='ocrx_word' id='word_1_236' title='bbox 2286 672 2342 725; x_wconf 90' lang='lat' dir='ltr'><strong>in</strong></span> <span class='ocrx_word' id='word_1_237' title='bbox 2371 669 2554 737; x_wconf 85' lang='lat' dir='ltr'><strong>Circo,</strong></span> <span class='ocrx_word' id='word_1_238' title='bbox 2586 685 2871 741; x_wconf 82' lang='lat' dir='ltr'><strong>nunquam</strong></span> <span class='ocrx_word' id='word_1_239' title='bbox 2900 668 3182 724; x_wconf 85' lang='lat' dir='ltr'><strong>aberravit</strong></span> <span class='ocrx_word' id='word_1_240' title='bbox 3217 683 3247 720; x_wconf 93' lang='lat' dir='ltr'><strong>a</strong></span> <span class='ocrx_word' id='word_1_241' title='bbox 3289 667 3400 737; x_wconf 90' lang='lat' dir='ltr'><strong>pila</strong></span> <span class='ocrx_word' id='word_1_242' title='bbox 3434 665 3729 737; x_wconf 78' lang='lat' dir='ltr'><strong>tangenda,</strong></span> 
     </span>
    </p>
   </div>
   <div class='ocr_carea' id='block_1_35' title="bbox 2143 756 3729 834">
    <p class='ocr_par' dir='ltr' id='par_1_35' title="bbox 2143 756 3729 834">
     <span class='ocr_line' id='line_1_35' title="bbox 2143 756 3729 834; baseline -0.004 -18"><span class='ocrx_word' id='word_1_243' title='bbox 2143 762 2395 834; x_wconf 79' lang='lat' dir='ltr'><strong>quamvis</strong></span> <span class='ocrx_word' id='word_1_244' title='bbox 2410 762 2600 818; x_wconf 90' lang='lat' dir='ltr'><strong>multis</strong></span> <span class='ocrx_word' id='word_1_245' title='bbox 2614 762 2957 818; x_wconf 70' lang='lat' dir='ltr'><strong>certantibus</strong></span> <span class='ocrx_word' id='word_1_246' title='bbox 2976 770 3029 815; x_wconf 90' lang='lat' dir='ltr'><strong>et</strong></span> <span class='ocrx_word' id='word_1_247' title='bbox 3051 757 3553 813; x_wconf 89' lang='lat' dir='ltr'><strong>intervenientibus</strong></span> <span class='ocrx_word' id='word_1_248' title='bbox 3574 756 3729 810; x_wconf 89' lang='lat' dir='ltr'><strong>ludo:</strong></span> 
     </span>
    </p>
   </div>
   <div class='ocr_carea' id='block_1_36' title="bbox 2143 851 3734 926">
    <p class='ocr_par' dir='ltr' id='par_1_36' title="bbox 2143 851 3734 926">
     <span class='ocr_line' id='line_1_36' title="bbox 2143 851 3734 926; baseline -0.005 -15"><span class='ocrx_word' id='word_1_249' title='bbox 2143 864 2368 926; x_wconf 89' lang='lat' dir='ltr'><strong>tamque</strong></span> <span class='ocrx_word' id='word_1_250' title='bbox 2424 856 2616 913; x_wconf 73' lang='lat' dir='ltr'><strong>dextro</strong></span> <span class='ocrx_word' id='word_1_251' title='bbox 2665 865 2722 912; x_wconf 91' lang='lat' dir='ltr'><strong>et</strong></span> <span class='ocrx_word' id='word_1_252' title='bbox 2747 854 2928 910; x_wconf 83' lang='lat' dir='ltr'><strong>valide</strong></span> <span class='ocrx_word' id='word_1_253' title='bbox 2956 853 3010 908; x_wconf 93' lang='lat' dir='ltr'><strong>id</strong></span> <span class='ocrx_word' id='word_1_254' title='bbox 3056 851 3312 917; x_wconf 75' lang='lat' dir='ltr'><strong>faciebat,</strong></span> <span class='ocrx_word' id='word_1_255' title='bbox 3349 860 3409 906; x_wconf 91' lang='lat' dir='ltr'><strong>ut</strong></span> <span class='ocrx_word' id='word_1_256' title='bbox 3433 865 3576 920; x_wconf 68' lang='lat' dir='ltr'><strong>sazpe</strong></span> <span class='ocrx_word' id='word_1_257' title='bbox 3607 865 3734 921; x_wconf 84' lang='lat' dir='ltr'><strong>pcr-</strong></span> 
     </span>
    </p>
   </div>
   <div class='ocr_carea' id='block_1_37' title="bbox 2144 951 3734 1025">
    <p class='ocr_par' dir='ltr' id='par_1_37' title="bbox 2144 951 3734 1025">
     <span class='ocr_line' id='line_1_37' title="bbox 2144 951 3734 1025; baseline -0.002 -16"><span class='ocrx_word' id='word_1_258' title='bbox 2144 968 2308 1010; x_wconf 90' lang='lat' dir='ltr'><strong>cussa</strong></span> <span class='ocrx_word' id='word_1_259' title='bbox 2334 954 2442 1025; x_wconf 87' lang='lat' dir='ltr'><strong>pila</strong></span> <span class='ocrx_word' id='word_1_260' title='bbox 2475 969 2738 1025; x_wconf 87' lang='lat' dir='ltr'><strong>supremo</strong></span> <span class='ocrx_word' id='word_1_261' title='bbox 2776 953 2956 1024; x_wconf 87' lang='lat' dir='ltr'><strong>spatio</strong></span> <span class='ocrx_word' id='word_1_262' title='bbox 2984 953 3146 1024; x_wconf 79' lang='lat' dir='ltr'><strong>longe</strong></span> <span class='ocrx_word' id='word_1_263' title='bbox 3175 953 3418 1008; x_wconf 89' lang='lat' dir='ltr'><strong>ferretur</strong></span> <span class='ocrx_word' id='word_1_264' title='bbox 3440 951 3585 1007; x_wconf 86' lang='lat' dir='ltr'><strong>ultra</strong></span> <span class='ocrx_word' id='word_1_265' title='bbox 3621 960 3734 1008; x_wconf 84' lang='lat' dir='ltr'><strong>ter-</strong></span> 
     </span>
    </p>
   </div>
   <div class='ocr_carea' id='block_1_38' title="bbox 2146 1044 3736 1114">
    <p class='ocr_par' dir='ltr' id='par_1_38' title="bbox 2146 1044 3736 1114">
     <span class='ocr_line' id='line_1_38' title="bbox 2146 1044 3736 1114; baseline -0.001 -15"><span class='ocrx_word' id='word_1_266' title='bbox 2146 1045 2381 1111; x_wconf 87' lang='lat' dir='ltr'><strong>minum,</strong></span> <span class='ocrx_word' id='word_1_267' title='bbox 2417 1054 2479 1101; x_wconf 91' lang='lat' dir='ltr'><strong>ut</strong></span> <span class='ocrx_word' id='word_1_268' title='bbox 2509 1059 2614 1101; x_wconf 87' lang='lat' dir='ltr'><strong>nec</strong></span> <span class='ocrx_word' id='word_1_269' title='bbox 2641 1045 3056 1114; x_wconf 86' lang='lat' dir='ltr'><strong>conspiceretur</strong></span> <span class='ocrx_word' id='word_1_270' title='bbox 3083 1044 3330 1099; x_wconf 88' lang='lat' dir='ltr'><strong>omnino.</strong></span> <span class='ocrx_word' id='word_1_271' title='bbox 3367 1044 3540 1099; x_wconf 79' lang='lat' dir='ltr'><strong>Porro</strong></span> <span class='ocrx_word' id='word_1_272' title='bbox 3568 1045 3736 1099; x_wconf 84' lang='lat' dir='ltr'><strong>lueta-</strong></span> 
     </span>
    </p>
   </div>
   <div class='ocr_carea' id='block_1_39' title="bbox 2147 1133 3735 1208">
    <p class='ocr_par' dir='ltr' id='par_1_39' title="bbox 2147 1133 3735 1208">
     <span class='ocr_line' id='line_1_39' title="bbox 2147 1133 3735 1208; baseline -0.003 -17"><span class='ocrx_word' id='word_1_273' title='bbox 2147 1145 2234 1191; x_wconf 89' lang='lat' dir='ltr'><strong>tor</strong></span> <span class='ocrx_word' id='word_1_274' title='bbox 2256 1147 2378 1192; x_wconf 91' lang='lat' dir='ltr'><strong>erat</strong></span> <span class='ocrx_word' id='word_1_275' title='bbox 2402 1135 2550 1208; x_wconf 86' lang='lat' dir='ltr'><strong>apud</strong></span> <span class='ocrx_word' id='word_1_276' title='bbox 2585 1135 2946 1208; x_wconf 79' lang='lat' dir='ltr'><strong>Bulgarorum</strong></span> <span class='ocrx_word' id='word_1_277' title='bbox 2977 1134 3176 1190; x_wconf 87' lang='lat' dir='ltr'><strong>ducem</strong></span> <span class='ocrx_word' id='word_1_278' title='bbox 3213 1136 3269 1190; x_wconf 92' lang='lat' dir='ltr'><strong>in</strong></span> <span class='ocrx_word' id='word_1_279' title='bbox 3313 1149 3510 1205; x_wconf 80' lang='lat' dir='ltr'><strong>magna</strong></span> <span class='ocrx_word' id='word_1_280' title='bbox 3538 1133 3735 1188; x_wconf 78' lang='lat' dir='ltr'><strong>existi-</strong></span> 
     </span>
    </p>
   </div>
   <div class='ocr_carea' id='block_1_40' title="bbox 2149 1226 3737 1301">
    <p class='ocr_par' dir='ltr' id='par_1_40' title="bbox 2149 1226 3737 1301">
     <span class='ocr_line' id='line_1_40' title="bbox 2149 1226 3737 1301; baseline -0.003 -15"><span class='ocrx_word' id='word_1_281' title='bbox 2149 1232 2392 1286; x_wconf 85' lang='lat' dir='ltr'><strong>matione</strong></span> <span class='ocrx_word' id='word_1_282' title='bbox 2436 1229 2694 1301; x_wconf 76' lang='lat' dir='ltr'><strong>famaque</strong></span> <span class='ocrx_word' id='word_1_283' title='bbox 2755 1228 3014 1291; x_wconf 86' lang='lat' dir='ltr'><strong>celebris,</strong></span> <span class='ocrx_word' id='word_1_284' title='bbox 3075 1236 3336 1298; x_wconf 89' lang='lat' dir='ltr'><strong>tanquam</strong></span> <span class='ocrx_word' id='word_1_285' title='bbox 3387 1226 3627 1281; x_wconf 86' lang='lat' dir='ltr'><strong>invictus</strong></span> <span class='ocrx_word' id='word_1_286' title='bbox 3680 1226 3737 1281; x_wconf 89' lang='lat' dir='ltr'><strong>in</strong></span> 
     </span>
    </p>
   </div>
   <div class='ocr_carea' id='block_1_41' title="bbox 2148 1320 3738 1392">
    <p class='ocr_par' dir='ltr' id='par_1_41' title="bbox 2148 1320 3738 1392">
     <span class='ocr_line' id='line_1_41' title="bbox 2148 1320 3738 1392; baseline -0.003 -12"><span class='ocrx_word' id='word_1_287' title='bbox 2148 1324 2435 1380; x_wconf 90' lang='lat' dir='ltr'><strong>luctando.</strong></span> <span class='ocrx_word' id='word_1_288' title='bbox 2466 1323 2626 1380; x_wconf 80' lang='lat' dir='ltr'><strong>Hunc</strong></span> <span class='ocrx_word' id='word_1_289' title='bbox 2654 1323 2746 1378; x_wconf 90' lang='lat' dir='ltr'><strong>ille</strong></span> <span class='ocrx_word' id='word_1_290' title='bbox 2776 1337 2886 1378; x_wconf 93' lang='lat' dir='ltr'><strong>non</strong></span> <span class='ocrx_word' id='word_1_291' title='bbox 2917 1321 3195 1377; x_wconf 86' lang='lat' dir='ltr'><strong>dubitavit</strong></span> <span class='ocrx_word' id='word_1_292' title='bbox 3229 1321 3283 1377; x_wconf 93' lang='lat' dir='ltr'><strong>in</strong></span> <span class='ocrx_word' id='word_1_293' title='bbox 3321 1320 3738 1392; x_wconf 84' lang='lat' dir='ltr'><strong>imperatoriam</strong></span> 
     </span>
    </p>
   </div>
   <div class='ocr_carea' id='block_1_42' title="bbox 2151 1409 3740 1485">
    <p class='ocr_par' dir='ltr' id='par_1_42' title="bbox 2151 1409 3740 1485">
     <span class='ocr_line' id='line_1_42' title="bbox 2151 1409 3740 1485; baseline -0.003 -14"><span class='ocrx_word' id='word_1_294' title='bbox 2151 1416 2344 1471; x_wconf 88' lang='lat' dir='ltr'><strong>urbem</strong></span> <span class='ocrx_word' id='word_1_295' title='bbox 2388 1417 2634 1478; x_wconf 83' lang='lat' dir='ltr'><strong>mittere,</strong></span> <span class='ocrx_word' id='word_1_296' title='bbox 2672 1422 2734 1470; x_wconf 88' lang='lat' dir='ltr'><strong>ut</strong></span> <span class='ocrx_word' id='word_1_297' title='bbox 2772 1413 3080 1485; x_wconf 91' lang='lat' dir='ltr'><strong>periculum</strong></span> <span class='ocrx_word' id='word_1_298' title='bbox 3122 1412 3326 1468; x_wconf 87' lang='lat' dir='ltr'><strong>faceret</strong></span> <span class='ocrx_word' id='word_1_299' title='bbox 3360 1428 3430 1466; x_wconf 92' lang='lat' dir='ltr'><strong>an</strong></span> <span class='ocrx_word' id='word_1_300' title='bbox 3467 1409 3740 1481; x_wconf 83' lang='lat' dir='ltr'><strong>potiorem</strong></span> 
     </span>
    </p>
   </div>
   <div class='ocr_carea' id='block_1_43' title="bbox 2150 1504 3739 1580">
    <p class='ocr_par' dir='ltr' id='par_1_43' title="bbox 2150 1504 3739 1580">
     <span class='ocr_line' id='line_1_43' title="bbox 2150 1504 3739 1580; baseline -0.005 -15"><span class='ocrx_word' id='word_1_301' title='bbox 2150 1517 2336 1580; x_wconf 87' lang='lat' dir='ltr'><strong>posset</strong></span> <span class='ocrx_word' id='word_1_302' title='bbox 2362 1508 2630 1564; x_wconf 89' lang='lat' dir='ltr'><strong>invenire.</strong></span> <span class='ocrx_word' id='word_1_303' title='bbox 2654 1508 2782 1562; x_wconf 79' lang='lat' dir='ltr'><strong>Eam</strong></span> <span class='ocrx_word' id='word_1_304' title='bbox 2806 1521 2921 1562; x_wconf 92' lang='lat' dir='ltr'><strong>rem</strong></span> <span class='ocrx_word' id='word_1_305' title='bbox 2940 1505 3168 1560; x_wconf 86' lang='lat' dir='ltr'><strong>moleste</strong></span> <span class='ocrx_word' id='word_1_306' title='bbox 3183 1504 3394 1560; x_wconf 90' lang='lat' dir='ltr'><strong>ferebat</strong></span> <span class='ocrx_word' id='word_1_307' title='bbox 3414 1505 3739 1574; x_wconf 84' lang='lat' dir='ltr'><strong>imperator.</strong></span> 
     </span>
    </p>
   </div>
   <div class='ocr_carea' id='block_1_44' title="bbox 2153 1595 3740 1668">
    <p class='ocr_par' dir='ltr' id='par_1_44' title="bbox 2153 1595 3740 1668">
     <span class='ocr_line' id='line_1_44' title="bbox 2153 1595 3740 1668; baseline -0.006 -10"><span class='ocrx_word' id='word_1_308' title='bbox 2153 1601 2248 1658; x_wconf 84' lang='lat' dir='ltr'><strong>sed</strong></span> <span class='ocrx_word' id='word_1_309' title='bbox 2284 1600 2590 1657; x_wconf 86' lang='lat' dir='ltr'><strong>molestiam</strong></span> <span class='ocrx_word' id='word_1_310' title='bbox 2632 1599 2781 1655; x_wconf 87' lang='lat' dir='ltr'><strong>illam</strong></span> <span class='ocrx_word' id='word_1_311' title='bbox 2809 1598 3079 1662; x_wconf 86' lang='lat' dir='ltr'><strong>removit,</strong></span> <span class='ocrx_word' id='word_1_312' title='bbox 3107 1598 3225 1668; x_wconf 91' lang='lat' dir='ltr'><strong>ipse</strong></span> <span class='ocrx_word' id='word_1_313' title='bbox 3253 1596 3553 1653; x_wconf 89' lang='lat' dir='ltr'><strong>demittens</strong></span> <span class='ocrx_word' id='word_1_314' title='bbox 3580 1611 3640 1652; x_wconf 92' lang='lat' dir='ltr'><strong>se</strong></span> <span class='ocrx_word' id='word_1_315' title='bbox 3670 1595 3740 1650; x_wconf 80' lang='lat' dir='ltr'><strong>ad</strong></span> 
     </span>
    </p>
   </div>
   <div class='ocr_carea' id='block_1_45' title="bbox 2150 1688 3742 1759">
    <p class='ocr_par' dir='ltr' id='par_1_45' title="bbox 2150 1688 3742 1759">
     <span class='ocr_line' id='line_1_45' title="bbox 2150 1688 3742 1759; baseline -0.004 -10"><span class='ocrx_word' id='word_1_316' title='bbox 2150 1692 2497 1759; x_wconf 84' lang='lat' dir='ltr'><strong>luctandum,</strong></span> <span class='ocrx_word' id='word_1_317' title='bbox 2528 1701 2909 1749; x_wconf 86' lang='lat' dir='ltr'><strong>verumtamen</strong></span> <span class='ocrx_word' id='word_1_318' title='bbox 2938 1705 3063 1745; x_wconf 92' lang='lat' dir='ltr'><strong>cum</strong></span> <span class='ocrx_word' id='word_1_319' title='bbox 3089 1690 3216 1745; x_wconf 71' lang='lat' dir='ltr'><strong>dect</strong></span> <span class='ocrx_word' id='word_1_320' title='bbox 3229 1699 3320 1745; x_wconf 89' lang='lat' dir='ltr'><strong>nte</strong></span> <span class='ocrx_word' id='word_1_321' title='bbox 3342 1688 3742 1745; x_wconf 88' lang='lat' dir='ltr'><strong>occultatione:</strong></span> 
     </span>
    </p>
   </div>
   <div class='ocr_carea' id='block_1_46' title="bbox 2151 1781 3746 1856">
    <p class='ocr_par' dir='ltr' id='par_1_46' title="bbox 2151 1781 3746 1856">
     <span class='ocr_line' id='line_1_46' title="bbox 2151 1781 3746 1856; baseline -0.004 -15"><span class='ocrx_word' id='word_1_322' title='bbox 2151 1794 2363 1841; x_wconf 88' lang='lat' dir='ltr'><strong>mutato</strong></span> <span class='ocrx_word' id='word_1_323' title='bbox 2375 1785 2524 1840; x_wconf 88' lang='lat' dir='ltr'><strong>enim</strong></span> <span class='ocrx_word' id='word_1_324' title='bbox 2546 1784 2905 1856; x_wconf 82' lang='lat' dir='ltr'><strong>imperatorio</strong></span> <span class='ocrx_word' id='word_1_325' title='bbox 2919 1795 3117 1838; x_wconf 89' lang='lat' dir='ltr'><strong>ornatu</strong></span> <span class='ocrx_word' id='word_1_326' title='bbox 3137 1783 3192 1837; x_wconf 94' lang='lat' dir='ltr'><strong>in</strong></span> <span class='ocrx_word' id='word_1_327' title='bbox 3207 1797 3432 1838; x_wconf 90' lang='lat' dir='ltr'><strong>arenam</strong></span> <span class='ocrx_word' id='word_1_328' title='bbox 3453 1781 3746 1838; x_wconf 87' lang='lat' dir='ltr'><strong>descendit</strong></span> 
     </span>
    </p>
   </div>
   <div class='ocr_carea' id='block_1_47' title="bbox 2151 1873 3744 1948">
    <p class='ocr_par' dir='ltr' id='par_1_47' title="bbox 2151 1873 3744 1948">
     <span class='ocr_line' id='line_1_47' title="bbox 2151 1873 3744 1948; baseline -0.004 -15"><span class='ocrx_word' id='word_1_329' title='bbox 2151 1876 2423 1933; x_wconf 85' lang='lat' dir='ltr'><strong>adversus</strong></span> <span class='ocrx_word' id='word_1_330' title='bbox 2450 1875 2800 1933; x_wconf 88' lang='lat' dir='ltr'><strong>luctatorem.</strong></span> <span class='ocrx_word' id='word_1_331' title='bbox 2823 1875 2900 1932; x_wconf 84' lang='lat' dir='ltr'><strong>Ac</strong></span> <span class='ocrx_word' id='word_1_332' title='bbox 2923 1873 3123 1948; x_wconf 80' lang='lat' dir='ltr'><strong>Scytha</strong></span> <span class='ocrx_word' id='word_1_333' title='bbox 3149 1873 3373 1944; x_wconf 87' lang='lat' dir='ltr'><strong>quidem</strong></span> <span class='ocrx_word' id='word_1_334' title='bbox 3390 1873 3744 1930; x_wconf 78' lang='lat' dir='ltr'><strong>Macedonem</strong></span> 
     </span>
    </p>
   </div>
   <div class='ocr_carea' id='block_1_48' title="bbox 2153 1965 3748 2045">
    <p class='ocr_par' dir='ltr' id='par_1_48' title="bbox 2153 1965 3748 2045">
     <span class='ocr_line' id='line_1_48' title="bbox 2153 1965 3748 2045; baseline -0.004 -19"><span class='ocrx_word' id='word_1_335' title='bbox 2153 1969 2448 2026; x_wconf 85' lang='lat' dir='ltr'><strong>sublimem</strong></span> <span class='ocrx_word' id='word_1_336' title='bbox 2501 1969 2694 2025; x_wconf 86' lang='lat' dir='ltr'><strong>tollere</strong></span> <span class='ocrx_word' id='word_1_337' title='bbox 2731 1969 2959 2024; x_wconf 89' lang='lat' dir='ltr'><strong>minime</strong></span> <span class='ocrx_word' id='word_1_338' title='bbox 2997 1967 3286 2022; x_wconf 88' lang='lat' dir='ltr'><strong>cedentem</strong></span> <span class='ocrx_word' id='word_1_339' title='bbox 3317 1965 3481 2045; x_wconf 81' lang='lat' dir='ltr'><strong>haud</strong></span> <span class='ocrx_word' id='word_1_340' title='bbox 3522 1965 3696 2021; x_wconf 83' lang='lat' dir='ltr'><strong>valuit</strong></span> <span class='ocrx_word' id='word_1_341' title='bbox 3728 1983 3748 2026; x_wconf 88' lang='lat'><strong>:</strong></span> 
     </span>
    </p>
   </div>
   <div class='ocr_carea' id='block_1_49' title="bbox 2153 2057 3748 2117">
    <p class='ocr_par' dir='ltr' id='par_1_49' title="bbox 2153 2057 3748 2117">
     <span class='ocr_line' id='line_1_49' title="bbox 2153 2057 3748 2117; baseline -0.004 -1"><span class='ocrx_word' id='word_1_342' title='bbox 2153 2076 2348 2117; x_wconf 88' lang='lat' dir='ltr'><strong>verum</strong></span> <span class='ocrx_word' id='word_1_343' title='bbox 2379 2061 2484 2116; x_wconf 88' lang='lat' dir='ltr'><strong>iste</strong></span> <span class='ocrx_word' id='word_1_344' title='bbox 2513 2060 2668 2116; x_wconf 90' lang='lat' dir='ltr'><strong>illum</strong></span> <span class='ocrx_word' id='word_1_345' title='bbox 2699 2059 2955 2115; x_wconf 90' lang='lat' dir='ltr'><strong>manibus</strong></span> <span class='ocrx_word' id='word_1_346' title='bbox 2983 2057 3227 2114; x_wconf 88' lang='lat' dir='ltr'><strong>robustis</strong></span> <span class='ocrx_word' id='word_1_347' title='bbox 3256 2057 3514 2113; x_wconf 89' lang='lat' dir='ltr'><strong>facillime</strong></span> <span class='ocrx_word' id='word_1_348' title='bbox 3546 2057 3748 2112; x_wconf 83' lang='lat' dir='ltr'><strong>tollens</strong></span> 
     </span>
    </p>
   </div>
   <div class='ocr_carea' id='block_1_50' title="bbox 2153 2150 3748 2222">
    <p class='ocr_par' dir='ltr' id='par_1_50' title="bbox 2153 2150 3748 2222">
     <span class='ocr_line' id='line_1_50' title="bbox 2153 2150 3748 2222; baseline -0.003 -14"><span class='ocrx_word' id='word_1_349' title='bbox 2153 2153 2335 2208; x_wconf 85' lang='lat' dir='ltr'><strong>valide</strong></span> <span class='ocrx_word' id='word_1_350' title='bbox 2387 2152 2784 2208; x_wconf 89' lang='lat' dir='ltr'><strong>circumactum</strong></span> <span class='ocrx_word' id='word_1_351' title='bbox 2835 2151 2892 2206; x_wconf 91' lang='lat' dir='ltr'><strong>in</strong></span> <span class='ocrx_word' id='word_1_352' title='bbox 2932 2161 3135 2207; x_wconf 86' lang='lat' dir='ltr'><strong>terram</strong></span> <span class='ocrx_word' id='word_1_353' title='bbox 3175 2150 3384 2222; x_wconf 85' lang='lat' dir='ltr'><strong>dejicit,</strong></span> <span class='ocrx_word' id='word_1_354' title='bbox 3407 2156 3748 2220; x_wconf 86' lang='lat' dir='ltr'><strong>prostratum</strong></span> 
     </span>
    </p>
   </div>
   <div class='ocr_carea' id='block_1_51' title="bbox 2161 2243 3750 2317">
    <p class='ocr_par' dir='ltr' id='par_1_51' title="bbox 2161 2243 3750 2317">
     <span class='ocr_line' id='line_1_51' title="bbox 2161 2243 3750 2317; baseline -0.003 -16"><span class='ocrx_word' id='word_1_355' title='bbox 2161 2246 2324 2317; x_wconf 74' lang='grc'><strong>128</strong></span> <span class='ocrx_word' id='word_1_356' title='bbox 2344 2260 2475 2302; x_wconf 88' lang='lat' dir='ltr'><strong>casu</strong></span> <span class='ocrx_word' id='word_1_357' title='bbox 2507 2244 2748 2300; x_wconf 81' lang='lat' dir='ltr'><strong>maximo</strong></span> <span class='ocrx_word' id='word_1_358' title='bbox 2772 2287 2787 2311; x_wconf 90' lang='lat'><strong>,</strong></span> <span class='ocrx_word' id='word_1_359' title='bbox 2818 2245 2893 2300; x_wconf 91' lang='lat' dir='ltr'><strong>ita</strong></span> <span class='ocrx_word' id='word_1_360' title='bbox 2933 2254 2995 2300; x_wconf 90' lang='lat' dir='ltr'><strong>ut</strong></span> <span class='ocrx_word' id='word_1_361' title='bbox 3026 2245 3197 2300; x_wconf 89' lang='lat' dir='ltr'><strong>multa</strong></span> <span class='ocrx_word' id='word_1_362' title='bbox 3221 2259 3361 2314; x_wconf 84' lang='lat' dir='ltr'><strong>aqua</strong></span> <span class='ocrx_word' id='word_1_363' title='bbox 3385 2259 3448 2298; x_wconf 91' lang='lat' dir='ltr'><strong>ac</strong></span> <span class='ocrx_word' id='word_1_364' title='bbox 3471 2243 3602 2298; x_wconf 91' lang='lat' dir='ltr'><strong>vino</strong></span> <span class='ocrx_word' id='word_1_365' title='bbox 3625 2253 3750 2314; x_wconf 70' lang='lat' dir='ltr'><strong>gut-</strong></span> 
     </span>
    </p>
   </div>
   <div class='ocr_carea' id='block_1_52' title="bbox 2157 2335 3750 2410">
    <p class='ocr_par' dir='ltr' id='par_1_52' title="bbox 2157 2335 3750 2410">
     <span class='ocr_line' id='line_1_52' title="bbox 2157 2335 3750 2410; baseline -0.002 -17"><span class='ocrx_word' id='word_1_366' title='bbox 2157 2339 2342 2409; x_wconf 86' lang='lat' dir='ltr'><strong>tisque</strong></span> <span class='ocrx_word' id='word_1_367' title='bbox 2373 2339 2614 2394; x_wconf 89' lang='lat' dir='ltr'><strong>rosaceis</strong></span> <span class='ocrx_word' id='word_1_368' title='bbox 2643 2339 2852 2410; x_wconf 77' lang='lat' dir='ltr'><strong>rigatus</strong></span> <span class='ocrx_word' id='word_1_369' title='bbox 2871 2339 2964 2392; x_wconf 81' lang='lat' dir='ltr'><strong>vix</strong></span> <span class='ocrx_word' id='word_1_370' title='bbox 2985 2354 3016 2392; x_wconf 86' lang='lat' dir='ltr'><strong>a</strong></span> <span class='ocrx_word' id='word_1_371' title='bbox 3046 2337 3292 2407; x_wconf 89' lang='lat' dir='ltr'><strong>deliquio</strong></span> <span class='ocrx_word' id='word_1_372' title='bbox 3318 2337 3516 2391; x_wconf 74' lang='lat' dir='ltr'><strong>anima:</strong></span> <span class='ocrx_word' id='word_1_373' title='bbox 3544 2335 3750 2392; x_wconf 88' lang='lat' dir='ltr'><strong>libera-</strong></span> 
     </span>
    </p>
   </div>
   <div class='ocr_carea' id='block_1_53' title="bbox 2162 2427 3749 2502">
    <p class='ocr_par' dir='ltr' id='par_1_53' title="bbox 2162 2427 3749 2502">
     <span class='ocr_line' id='line_1_53' title="bbox 2162 2427 3749 2502; baseline -0.003 -15"><span class='ocrx_word' id='word_1_374' title='bbox 2162 2441 2344 2499; x_wconf 88' lang='lat' dir='ltr'><strong>retur,</strong></span> <span class='ocrx_word' id='word_1_375' title='bbox 2381 2448 2450 2488; x_wconf 82' lang='lat' dir='ltr'><strong>ex</strong></span> <span class='ocrx_word' id='word_1_376' title='bbox 2488 2433 2720 2488; x_wconf 88' lang='lat' dir='ltr'><strong>auribus</strong></span> <span class='ocrx_word' id='word_1_377' title='bbox 2761 2432 3100 2502; x_wconf 88' lang='lat' dir='ltr'><strong>naribusque</strong></span> <span class='ocrx_word' id='word_1_378' title='bbox 3134 2438 3394 2485; x_wconf 86' lang='lat' dir='ltr'><strong>manante</strong></span> <span class='ocrx_word' id='word_1_379' title='bbox 3431 2427 3697 2500; x_wconf 76' lang='lat' dir='ltr'><strong>sanguine</strong></span> <span class='ocrx_word' id='word_1_380' title='bbox 3732 2445 3749 2495; x_wconf 89' lang='lat'><strong>;</strong></span> 
     </span>
    </p>
   </div>
   <div class='ocr_carea' id='block_1_54' title="bbox 2167 2525 3750 2597">
    <p class='ocr_par' dir='ltr' id='par_1_54' title="bbox 2167 2525 3750 2597">
     <span class='ocr_line' id='line_1_54' title="bbox 2167 2525 3750 2597; baseline -0.003 -16"><span class='ocrx_word' id='word_1_381' title='bbox 2167 2533 2230 2581; x_wconf 91' lang='lat' dir='ltr'><strong>ut</strong></span> <span class='ocrx_word' id='word_1_382' title='bbox 2260 2526 2317 2594; x_wconf 77' lang='lat' dir='ltr'><strong>id</strong></span> <span class='ocrx_word' id='word_1_383' title='bbox 2364 2525 2570 2582; x_wconf 90' lang='lat' dir='ltr'><strong>factum</strong></span> <span class='ocrx_word' id='word_1_384' title='bbox 2602 2540 2936 2597; x_wconf 77' lang='lat' dir='ltr'><strong>magnopere</strong></span> <span class='ocrx_word' id='word_1_385' title='bbox 2976 2525 3385 2580; x_wconf 87' lang='lat' dir='ltr'><strong>admirarentur</strong></span> <span class='ocrx_word' id='word_1_386' title='bbox 3426 2530 3750 2594; x_wconf 66' lang='lat' dir='ltr'><strong>prmsentes.</strong></span> 
     </span>
    </p>
   </div>
   <div class='ocr_carea' id='block_1_55' title="bbox 2169 2617 3271 2690">
    <p class='ocr_par' dir='ltr' id='par_1_55' title="bbox 2169 2617 3271 2690">
     <span class='ocr_line' id='line_1_55' title="bbox 2169 2617 3271 2690; baseline 0.001 -17"><span class='ocrx_word' id='word_1_387' title='bbox 2169 2617 2320 2690; x_wconf 88' lang='lat' dir='ltr'><strong>quod</strong></span> <span class='ocrx_word' id='word_1_388' title='bbox 2348 2618 2531 2675; x_wconf 86' lang='lat' dir='ltr'><strong>adhuc</strong></span> <span class='ocrx_word' id='word_1_389' title='bbox 2561 2620 2727 2674; x_wconf 86' lang='lat' dir='ltr'><strong>etiam</strong></span> <span class='ocrx_word' id='word_1_390' title='bbox 2762 2617 2904 2673; x_wconf 85' lang='lat' dir='ltr'><strong>fama</strong></span> <span class='ocrx_word' id='word_1_391' title='bbox 2936 2617 3271 2674; x_wconf 85' lang='lat' dir='ltr'><strong>celebratur.</strong></span> 
     </span>
    </p>
   </div>
   <div class='ocr_carea' id='block_1_56' title="bbox 475 2706 3755 2788">
    <p class='ocr_par' dir='ltr' id='par_1_56' title="bbox 475 2706 3755 2788">
     <span class='ocr_line' id='line_1_56' title="bbox 475 2706 3755 2788; baseline -0.004 -11"><span class='ocrx_word' id='word_1_392' title='bbox 475 2707 542 2759; x_wconf 60' lang='grc' dir='ltr'><strong>ἑκ</strong></span> <span class='ocrx_word' id='word_1_393' title='bbox 568 2707 740 2777; x_wconf 63' lang='grc' dir='ltr'><strong>ῥόδων</strong></span> <span class='ocrx_word' id='word_1_394' title='bbox 774 2707 1033 2778; x_wconf 78' lang='grc' dir='ltr'><strong>σταγόσιν</strong></span> <span class='ocrx_word' id='word_1_395' title='bbox 1052 2706 1606 2780; x_wconf 70' lang='grc' dir='ltr'><strong>ἔγκατομσρούμενον</strong></span> <span class='ocrx_word' id='word_1_396' title='bbox 1636 2707 1789 2778; x_wconf 79' lang='grc' dir='ltr'><strong>μόλις</strong></span> <span class='ocrx_word' id='word_1_397' title='bbox 1823 2724 1923 2762; x_wconf 82' lang='grc' dir='ltr'><strong>που</strong></span> <span class='ocrx_word' id='word_1_398' title='bbox 1949 2708 2050 2778; x_wconf 81' lang='grc' dir='ltr'><strong>τῆς</strong></span> <span class='ocrx_word' id='word_1_399' title='bbox 2083 2716 2408 2779; x_wconf 81' lang='grc' dir='ltr'><strong>νεκρὼσεως</strong></span> <span class='ocrx_word' id='word_1_400' title='bbox 2439 2716 2810 2788; x_wconf 82' lang='grc' dir='ltr'><strong>ἀπηλλάχθαι,</strong></span> <span class='ocrx_word' id='word_1_401' title='bbox 2843 2713 3001 2769; x_wconf 79' lang='grc' dir='ltr'><strong>ὢτων</strong></span> <span class='ocrx_word' id='word_1_402' title='bbox 3057 2732 3114 2768; x_wconf 89' lang='grc' dir='ltr'><strong>τε</strong></span> <span class='ocrx_word' id='word_1_403' title='bbox 3149 2711 3246 2768; x_wconf 81' lang='grc' dir='ltr'><strong>καὶ</strong></span> <span class='ocrx_word' id='word_1_404' title='bbox 3315 2713 3481 2785; x_wconf 71' lang='grc' dir='ltr'><strong>ῥινῶν</strong></span> <span class='ocrx_word' id='word_1_405' title='bbox 3549 2711 3755 2767; x_wconf 71' lang='grc' dir='ltr'><strong>ἐκϐλύ-</strong></span> 
     </span>
    </p>
   </div>
   <div class='ocr_carea' id='block_1_57' title="bbox 477 2802 3756 2883">
    <p class='ocr_par' dir='ltr' id='par_1_57' title="bbox 477 2802 3756 2883">
     <span class='ocr_line' id='line_1_57' title="bbox 477 2802 3756 2883; baseline 0.001 -30"><span class='ocrx_word' id='word_1_406' title='bbox 477 2815 671 2866; x_wconf 87' lang='grc' dir='ltr'><strong>σαντος</strong></span> <span class='ocrx_word' id='word_1_407' title='bbox 698 2802 962 2874; x_wconf 78' lang='grc' dir='ltr'><strong>αἵματοςο</strong></span> <span class='ocrx_word' id='word_1_408' title='bbox 1008 2803 1086 2871; x_wconf 85' lang='grc' dir='ltr'><strong>ὡς</strong></span> <span class='ocrx_word' id='word_1_409' title='bbox 1134 2803 1349 2858; x_wconf 68' lang='grc' dir='ltr'><strong>ινθὲνδε</strong></span> <span class='ocrx_word' id='word_1_410' title='bbox 1396 2803 1541 2858; x_wconf 67' lang='grc' dir='ltr'><strong>κατὰ</strong></span> <span class='ocrx_word' id='word_1_411' title='bbox 1587 2803 1724 2857; x_wconf 82' lang='grc' dir='ltr'><strong>πολὺ</strong></span> <span class='ocrx_word' id='word_1_412' title='bbox 1768 2802 2049 2877; x_wconf 76' lang='grc' dir='ltr'><strong>θαυμάσαι</strong></span> <span class='ocrx_word' id='word_1_413' title='bbox 2087 2808 2216 2872; x_wconf 75' lang='grc' dir='ltr'><strong>τοὺς</strong></span> <span class='ocrx_word' id='word_1_414' title='bbox 2244 2811 2521 2883; x_wconf 83' lang='grc' dir='ltr'><strong>παρόντας</strong></span> <span class='ocrx_word' id='word_1_415' title='bbox 2539 2811 2603 2865; x_wconf 84' lang='grc' dir='ltr'><strong>τὸ</strong></span> <span class='ocrx_word' id='word_1_416' title='bbox 2630 2808 2930 2882; x_wconf 78' lang='grc' dir='ltr'><strong>γεγονὸς-,ὃ</strong></span> <span class='ocrx_word' id='word_1_417' title='bbox 2974 2808 3070 2863; x_wconf 72' lang='grc' dir='ltr'><strong>καὶ</strong></span> <span class='ocrx_word' id='word_1_418' title='bbox 3105 2811 3270 2880; x_wconf 83' lang='grc' dir='ltr'><strong>μέχρι</strong></span> <span class='ocrx_word' id='word_1_419' title='bbox 3318 2804 3414 2860; x_wconf 80' lang='grc' dir='ltr'><strong>τοῦ</strong></span> <span class='ocrx_word' id='word_1_420' title='bbox 3444 2804 3542 2860; x_wconf 82' lang='grc' dir='ltr'><strong>νῦν</strong></span> <span class='ocrx_word' id='word_1_421' title='bbox 3598 2807 3756 2858; x_wconf 77' lang='grc' dir='ltr'><strong>ἐκτε-</strong></span> 
     </span>
    </p>
   </div>
   <div class='ocr_carea' id='block_1_58' title="bbox 478 2890 797 2970">
    <p class='ocr_par' dir='ltr' id='par_1_58' title="bbox 478 2890 797 2970">
     <span class='ocr_line' id='line_1_58' title="bbox 478 2890 797 2970; baseline 0.013 -24"><span class='ocrx_word' id='word_1_422' title='bbox 478 2890 797 2970; x_wconf 79' lang='grc' dir='ltr'><strong>θρύλληται.</strong></span> 
     </span>
    </p>
   </div>
   <div class='ocr_carea' id='block_1_59' title="bbox 565 2981 2057 3062">
    <p class='ocr_par' dir='ltr' id='par_1_59' title="bbox 565 2983 2057 3062">
     <span class='ocr_line' id='line_1_59' title="bbox 565 2983 2057 3062; baseline 0.002 -22"><span class='ocrx_word' id='word_1_423' title='bbox 565 2987 658 3041; x_wconf 80' lang='grc' dir='ltr'><strong>Ἐν</strong></span> <span class='ocrx_word' id='word_1_424' title='bbox 691 2988 1001 3059; x_wconf 74' lang='grc' dir='ltr'><strong>οίκτιρμοῖς</strong></span> <span class='ocrx_word' id='word_1_425' title='bbox 1030 2986 1089 3041; x_wconf 77' lang='grc' dir='ltr'><strong>δὲ</strong></span> <span class='ocrx_word' id='word_1_426' title='bbox 1131 2986 1382 3057; x_wconf 82' lang='grc' dir='ltr'><strong>πενήτων</strong></span> <span class='ocrx_word' id='word_1_427' title='bbox 1411 2986 1668 3052; x_wconf 88' lang='grc' dir='ltr'><strong>πλούσιος</strong></span> <span class='ocrx_word' id='word_1_428' title='bbox 1703 2983 1773 3059; x_wconf 79' lang='grc' dir='ltr'><strong>ἦν</strong></span> <span class='ocrx_word' id='word_1_429' title='bbox 1802 2990 2057 3062; x_wconf 73' lang='grc' dir='ltr'><strong>ἐπιχορη-</strong></span> 
     </span>
    </p>
   </div>
   <div class='ocr_carea' id='block_1_60' title="bbox 2159 2981 3758 3062">
    <p class='ocr_par' dir='ltr' id='par_1_60' title="bbox 2238 2981 3758 3058">
     <span class='ocr_line' id='line_1_60' title="bbox 2238 2981 3758 3058; baseline -0.004 -16"><span class='ocrx_word' id='word_1_430' title='bbox 2238 2987 2346 3043; x_wconf 89' lang='lat' dir='ltr'><strong>Sed</strong></span> <span class='ocrx_word' id='word_1_431' title='bbox 2393 2997 2451 3043; x_wconf 93' lang='lat' dir='ltr'><strong>et</strong></span> <span class='ocrx_word' id='word_1_432' title='bbox 2493 2985 2874 3042; x_wconf 86' lang='lat' dir='ltr'><strong>misericordia</strong></span> <span class='ocrx_word' id='word_1_433' title='bbox 2915 3000 3045 3058; x_wconf 85' lang='lat' dir='ltr'><strong>erga</strong></span> <span class='ocrx_word' id='word_1_434' title='bbox 3093 2999 3369 3055; x_wconf 86' lang='lat' dir='ltr'><strong>pauperes</strong></span> <span class='ocrx_word' id='word_1_435' title='bbox 3417 2982 3574 3038; x_wconf 88' lang='lat' dir='ltr'><strong>dives</strong></span> <span class='ocrx_word' id='word_1_436' title='bbox 3621 2981 3758 3037; x_wconf 86' lang='lat' dir='ltr'><strong>ditia</strong></span> 
     </span>
    </p>
   </div>
   <div class='ocr_carea' id='block_1_61' title="bbox 483 3078 2066 3152">
    <p class='ocr_par' dir='ltr' id='par_1_61' title="bbox 483 3078 2066 3152">
     <span class='ocr_line' id='line_1_61' title="bbox 483 3078 2066 3152; baseline 0.001 -19"><span class='ocrx_word' id='word_1_437' title='bbox 483 3079 597 3150; x_wconf 80' lang='grc' dir='ltr'><strong>γῶν</strong></span> <span class='ocrx_word' id='word_1_438' title='bbox 627 3078 899 3142; x_wconf 83' lang='grc' dir='ltr'><strong>πλουσίως</strong></span> <span class='ocrx_word' id='word_1_439' title='bbox 930 3079 1024 3132; x_wconf 67' lang='grc' dir='ltr'><strong>τὸν</strong></span> <span class='ocrx_word' id='word_1_440' title='bbox 1054 3078 1224 3144; x_wconf 77' lang='grc' dir='ltr'><strong>ἔλεον,</strong></span> <span class='ocrx_word' id='word_1_441' title='bbox 1267 3080 1636 3150; x_wconf 82' lang='grc' dir='ltr'><strong>νοσοκομείων</strong></span> <span class='ocrx_word' id='word_1_442' title='bbox 1681 3083 2066 3152; x_wconf 83' lang='grc' dir='ltr'><strong>γηροκομείων</strong></span> 
     </span>
    </p>
   </div>
   <div class='ocr_carea' id='block_1_62' title="bbox 484 3171 2064 3244">
    <p class='ocr_par' dir='ltr' id='par_1_62' title="bbox 484 3171 2064 3244">
     <span class='ocr_line' id='line_1_62' title="bbox 484 3171 2064 3244; baseline 0.001 -18"><span class='ocrx_word' id='word_1_443' title='bbox 484 3187 545 3226; x_wconf 86' lang='grc' dir='ltr'><strong>τε</strong></span> <span class='ocrx_word' id='word_1_444' title='bbox 579 3172 676 3225; x_wconf 74' lang='grc' dir='ltr'><strong>καὶ</strong></span> <span class='ocrx_word' id='word_1_445' title='bbox 698 3171 1155 3244; x_wconf 84' lang='grc' dir='ltr'><strong>πτωχοτροφείων</strong></span> <span class='ocrx_word' id='word_1_446' title='bbox 1181 3171 1478 3226; x_wconf 76' lang='grc' dir='ltr'><strong>πολυειδῶν</strong></span> <span class='ocrx_word' id='word_1_447' title='bbox 1513 3175 1955 3243; x_wconf 83' lang='grc' dir='ltr'><strong>ὲγκαινίσμασιν.</strong></span> <span class='ocrx_word' id='word_1_448' title='bbox 1990 3176 2064 3230; x_wconf 80' lang='grc' dir='ltr'><strong>Οὐ</strong></span> 
     </span>
    </p>
   </div>
   <div class='ocr_carea' id='block_1_63' title="bbox 490 3261 2071 3337">
    <p class='ocr_par' dir='ltr' id='par_1_63' title="bbox 490 3261 2071 3337">
     <span class='ocr_line' id='line_1_63' title="bbox 490 3261 2071 3337; baseline 0.002 -20"><span class='ocrx_word' id='word_1_449' title='bbox 490 3261 600 3335; x_wconf 79' lang='grc' dir='ltr'><strong>μὴν</strong></span> <span class='ocrx_word' id='word_1_450' title='bbox 626 3263 685 3319; x_wconf 73' lang='grc' dir='ltr'><strong>δὲ</strong></span> <span class='ocrx_word' id='word_1_451' title='bbox 745 3262 958 3328; x_wconf 89' lang='grc' dir='ltr'><strong>τούτοις</strong></span> <span class='ocrx_word' id='word_1_452' title='bbox 1021 3265 1204 3336; x_wconf 84' lang='grc' dir='ltr'><strong>μόνοις</strong></span> <span class='ocrx_word' id='word_1_453' title='bbox 1254 3264 1534 3337; x_wconf 69' lang='grc' dir='ltr'><strong>ἐνέμενεν,</strong></span> <span class='ocrx_word' id='word_1_454' title='bbox 1590 3266 1729 3320; x_wconf 82' lang='grc' dir='ltr'><strong>ἀλλὰ</strong></span> <span class='ocrx_word' id='word_1_455' title='bbox 1755 3269 1851 3322; x_wconf 79' lang='grc' dir='ltr'><strong>καὶ</strong></span> <span class='ocrx_word' id='word_1_456' title='bbox 1893 3267 2071 3331; x_wconf 84' lang='grc' dir='ltr'><strong>θείους</strong></span> 
     </span>
    </p>
   </div>
   <div class='ocr_carea' id='block_1_64' title="bbox 489 3355 2074 3431">
    <p class='ocr_par' dir='ltr' id='par_1_64' title="bbox 489 3355 2074 3431">
     <span class='ocr_line' id='line_1_64' title="bbox 489 3355 2074 3431; baseline 0.003 -20"><span class='ocrx_word' id='word_1_457' title='bbox 489 3358 653 3421; x_wconf 74' lang='grc' dir='ltr'><strong>ναοὺς</strong></span> <span class='ocrx_word' id='word_1_458' title='bbox 682 3356 796 3427; x_wconf 84' lang='grc'><strong>(55)</strong></span> <span class='ocrx_word' id='word_1_459' title='bbox 828 3355 1211 3429; x_wconf 82' lang='grc' dir='ltr'><strong>σαθρωθὲντας</strong></span> <span class='ocrx_word' id='word_1_460' title='bbox 1250 3360 1318 3429; x_wconf 77' lang='grc' dir='ltr'><strong>τῇ</strong></span> <span class='ocrx_word' id='word_1_461' title='bbox 1355 3358 1680 3428; x_wconf 84' lang='grc' dir='ltr'><strong>παλαιότητι</strong></span> <span class='ocrx_word' id='word_1_462' title='bbox 1709 3360 1846 3429; x_wconf 77' lang='grc' dir='ltr'><strong>πρὸς</strong></span> <span class='ocrx_word' id='word_1_463' title='bbox 1887 3359 2074 3431; x_wconf 73' lang='grc' dir='ltr'><strong>νεότη-</strong></span> 
     </span>
    </p>
   </div>
   <div class='ocr_carea' id='block_1_65' title="bbox 488 3447 2070 3522">
    <p class='ocr_par' dir='ltr' id='par_1_65' title="bbox 488 3447 2070 3522">
     <span class='ocr_line' id='line_1_65' title="bbox 488 3447 2070 3522; baseline 0.003 -20"><span class='ocrx_word' id='word_1_464' title='bbox 488 3464 583 3513; x_wconf 85' lang='grc' dir='ltr'><strong>τος</strong></span> <span class='ocrx_word' id='word_1_465' title='bbox 611 3447 1003 3522; x_wconf 82' lang='grc' dir='ltr'><strong>μετηλλοιῶκει</strong></span> <span class='ocrx_word' id='word_1_466' title='bbox 1050 3449 1407 3522; x_wconf 75' lang='grc' dir='ltr'><strong>στερρότητα,</strong></span> <span class='ocrx_word' id='word_1_467' title='bbox 1458 3449 1668 3515; x_wconf 76' lang='grc' dir='ltr'><strong>ἐπιθεὶς</strong></span> <span class='ocrx_word' id='word_1_468' title='bbox 1712 3450 2070 3521; x_wconf 85' lang='grc' dir='ltr'><strong>κοσμιότητα.</strong></span> 
     </span>
    </p>
   </div>
   <div class='ocr_carea' id='block_1_66' title="bbox 491 3540 2076 3615">
    <p class='ocr_par' dir='ltr' id='par_1_66' title="bbox 491 3540 2076 3615">
     <span class='ocr_line' id='line_1_66' title="bbox 491 3540 2076 3615; baseline -0.001 -18"><span class='ocrx_word' id='word_1_469' title='bbox 491 3541 659 3598; x_wconf 77' lang='grc' dir='ltr'><strong>Ὥστε</strong></span> <span class='ocrx_word' id='word_1_470' title='bbox 686 3541 749 3596; x_wconf 82' lang='grc' dir='ltr'><strong>οὐ</strong></span> <span class='ocrx_word' id='word_1_471' title='bbox 783 3540 948 3613; x_wconf 86' lang='grc' dir='ltr'><strong>μόνον</strong></span> <span class='ocrx_word' id='word_1_472' title='bbox 975 3541 1088 3596; x_wconf 90' lang='grc' dir='ltr'><strong>τῶν</strong></span> <span class='ocrx_word' id='word_1_473' title='bbox 1115 3542 1256 3596; x_wconf 80' lang='grc' dir='ltr'><strong>κατὰ</strong></span> <span class='ocrx_word' id='word_1_474' title='bbox 1304 3541 1466 3613; x_wconf 87' lang='grc' dir='ltr'><strong>σῶμα</strong></span> <span class='ocrx_word' id='word_1_475' title='bbox 1492 3541 1595 3611; x_wconf 79' lang='grc' dir='ltr'><strong>τῆς</strong></span> <span class='ocrx_word' id='word_1_476' title='bbox 1637 3542 1956 3615; x_wconf 69' lang='grc' dir='ltr'><strong>ἐπιμελείας</strong></span> <span class='ocrx_word' id='word_1_477' title='bbox 1987 3541 2076 3596; x_wconf 80' lang='grc' dir='ltr'><strong>διὰ</strong></span> 
     </span>
    </p>
   </div>
   <div class='ocr_carea' id='block_1_67' title="bbox 493 3633 2077 3707">
    <p class='ocr_par' dir='ltr' id='par_1_67' title="bbox 493 3633 2077 3707">
     <span class='ocr_line' id='line_1_67' title="bbox 493 3633 2077 3707; baseline 0 -19"><span class='ocrx_word' id='word_1_478' title='bbox 493 3633 774 3706; x_wconf 81' lang='grc' dir='ltr'><strong>φροντίδος</strong></span> <span class='ocrx_word' id='word_1_479' title='bbox 830 3633 981 3705; x_wconf 68' lang='grc' dir='ltr'><strong>ἔχειν</strong></span> <span class='ocrx_word' id='word_1_480' title='bbox 1035 3633 1226 3701; x_wconf 79' lang='grc' dir='ltr'><strong>αύτδν,</strong></span> <span class='ocrx_word' id='word_1_481' title='bbox 1286 3635 1425 3690; x_wconf 72' lang='grc' dir='ltr'><strong>ἀλλὰ</strong></span> <span class='ocrx_word' id='word_1_482' title='bbox 1457 3635 1556 3690; x_wconf 76' lang='grc' dir='ltr'><strong>καὶ</strong></span> <span class='ocrx_word' id='word_1_483' title='bbox 1595 3635 1703 3690; x_wconf 89' lang='grc' dir='ltr'><strong>τῶν</strong></span> <span class='ocrx_word' id='word_1_484' title='bbox 1730 3636 1873 3689; x_wconf 77' lang='grc' dir='ltr'><strong>κατὰ</strong></span> <span class='ocrx_word' id='word_1_485' title='bbox 1897 3634 2077 3707; x_wconf 80' lang='grc' dir='ltr'><strong>ψυχὴν</strong></span> 
     </span>
    </p>
   </div>
   <div class='ocr_carea' id='block_1_68' title="bbox 492 3725 2078 3800">
    <p class='ocr_par' dir='ltr' id='par_1_68' title="bbox 492 3725 2078 3800">
     <span class='ocr_line' id='line_1_68' title="bbox 492 3725 2078 3800; baseline -0.003 -18"><span class='ocrx_word' id='word_1_486' title='bbox 492 3726 864 3782; x_wconf 63' lang='grc' dir='ltr'><strong>ἐπισπεύδειν.</strong></span> <span class='ocrx_word' id='word_1_487' title='bbox 882 3728 994 3781; x_wconf 73' lang='grc' dir='ltr'><strong>Καὶ</strong></span> <span class='ocrx_word' id='word_1_488' title='bbox 1013 3727 1121 3800; x_wconf 80' lang='grc' dir='ltr'><strong>γὰρ</strong></span> <span class='ocrx_word' id='word_1_489' title='bbox 1144 3727 1245 3799; x_wconf 79' lang='grc' dir='ltr'><strong>οὐχ</strong></span> <span class='ocrx_word' id='word_1_490' title='bbox 1267 3728 1455 3797; x_wconf 75' lang='grc' dir='ltr'><strong>ἡγεῖτο</strong></span> <span class='ocrx_word' id='word_1_491' title='bbox 1477 3729 1779 3799; x_wconf 82' lang='grc' dir='ltr'><strong>συμφέρον.</strong></span> <span class='ocrx_word' id='word_1_492' title='bbox 1813 3727 1959 3780; x_wconf 84' lang='grc' dir='ltr'><strong>κατὰ</strong></span> <span class='ocrx_word' id='word_1_493' title='bbox 1976 3725 2078 3797; x_wconf 83' lang='grc' dir='ltr'><strong>τὴν</strong></span> 
     </span>
    </p>
   </div>
   <div class='ocr_carea' id='block_1_69' title="bbox 491 3817 2078 3892">
    <p class='ocr_par' dir='ltr' id='par_1_69' title="bbox 491 3817 2078 3892">
     <span class='ocr_line' id='line_1_69' title="bbox 491 3817 2078 3892; baseline 0 -19"><span class='ocrx_word' id='word_1_494' title='bbox 491 3818 703 3890; x_wconf 75' lang='grc' dir='ltr'><strong>ἀγορὰν</strong></span> <span class='ocrx_word' id='word_1_495' title='bbox 724 3819 759 3890; x_wconf 69' lang='grc' dir='ltr'>ἢ</span> <span class='ocrx_word' id='word_1_496' title='bbox 780 3817 948 3892; x_wconf 84' lang='grc' dir='ltr'><strong>φόρος</strong></span> <span class='ocrx_word' id='word_1_497' title='bbox 975 3818 1443 3891; x_wconf 85' lang='grc' dir='ltr'><strong>προσαγορεύεται</strong></span> <span class='ocrx_word' id='word_1_498' title='bbox 1460 3819 1899 3885; x_wconf 79' lang='grc' dir='ltr'><strong>Κωνσταντίνου,</strong></span> <span class='ocrx_word' id='word_1_499' title='bbox 1921 3835 2078 3889; x_wconf 85' lang='grc' dir='ltr'><strong>περι-</strong></span> 
     </span>
    </p>
   </div>
   <div class='ocr_carea' id='block_1_70' title="bbox 497 3909 2084 3984">
    <p class='ocr_par' dir='ltr' id='par_1_70' title="bbox 497 3909 2084 3984">
     <span class='ocr_line' id='line_1_70' title="bbox 497 3909 2084 3984; baseline 0 -18"><span class='ocrx_word' id='word_1_500' title='bbox 497 3913 667 3976; x_wconf 87' lang='grc' dir='ltr'><strong>ιόντος</strong></span> <span class='ocrx_word' id='word_1_501' title='bbox 699 3911 747 3944; x_wconf 75' lang='grc'><strong>’⁸</strong></span> <span class='ocrx_word' id='word_1_502' title='bbox 796 3911 954 3978; x_wconf 83' lang='grc' dir='ltr'><strong>λαοῦ,</strong></span> <span class='ocrx_word' id='word_1_503' title='bbox 991 3909 1266 3984; x_wconf 85' lang='grc' dir='ltr'><strong>σύρμασιν</strong></span> <span class='ocrx_word' id='word_1_504' title='bbox 1301 3910 1436 3980; x_wconf 82' lang='grc' dir='ltr'><strong>ὕλης</strong></span> <span class='ocrx_word' id='word_1_505' title='bbox 1460 3911 1652 3967; x_wconf 83' lang='grc' dir='ltr'><strong>τοῦτον</strong></span> <span class='ocrx_word' id='word_1_506' title='bbox 1683 3910 1821 3976; x_wconf 74' lang='grc' dir='ltr'><strong>ὅλως</strong></span> <span class='ocrx_word' id='word_1_507' title='bbox 1873 3911 2084 3983; x_wconf 71' lang='grc' dir='ltr'><strong>ἐνίσχε-</strong></span> 
     </span>
    </p>
   </div>
   <div class='ocr_carea' id='block_1_71' title="bbox 494 4002 2074 4076">
    <p class='ocr_par' dir='ltr' id='par_1_71' title="bbox 494 4002 2074 4076">
     <span class='ocr_line' id='line_1_71' title="bbox 494 4002 2074 4076; baseline 0 -16"><span class='ocrx_word' id='word_1_508' title='bbox 494 4003 622 4060; x_wconf 83' lang='grc' dir='ltr'><strong>σθαι</strong></span> <span class='ocrx_word' id='word_1_509' title='bbox 642 4005 736 4059; x_wconf 83' lang='grc' dir='ltr'><strong>καὶ</strong></span> <span class='ocrx_word' id='word_1_510' title='bbox 767 4006 878 4058; x_wconf 89' lang='grc' dir='ltr'><strong>τῶν</strong></span> <span class='ocrx_word' id='word_1_511' title='bbox 897 4005 1028 4076; x_wconf 74' lang='grc' dir='ltr'><strong>περὶ</strong></span> <span class='ocrx_word' id='word_1_512' title='bbox 1053 4003 1190 4058; x_wconf 77' lang='grc' dir='ltr'><strong>Θεοῦ</strong></span> <span class='ocrx_word' id='word_1_513' title='bbox 1215 4002 1545 4074; x_wconf 73' lang='grc' dir='ltr'><strong>ἐκλελῆσθαι</strong></span> <span class='ocrx_word' id='word_1_514' title='bbox 1573 4004 1618 4036; x_wconf 77' lang='grc'><strong>⁷⁷</strong></span> <span class='ocrx_word' id='word_1_515' title='bbox 1641 4019 1656 4034; x_wconf 82' lang='lat'>&#39;</span> <span class='ocrx_word' id='word_1_516' title='bbox 1680 4003 1750 4057; x_wconf 85' lang='grc' dir='ltr'><strong>δι⁹</strong></span> <span class='ocrx_word' id='word_1_517' title='bbox 1771 4004 1803 4058; x_wconf 81' lang='grc' dir='ltr'><strong>ὃ</strong></span> <span class='ocrx_word' id='word_1_518' title='bbox 1833 4006 1931 4058; x_wconf 63' lang='grc' dir='ltr'><strong>καὶ⁵</strong></span> <span class='ocrx_word' id='word_1_519' title='bbox 1947 4009 2074 4060; x_wconf 74' lang='grc' dir='ltr'><strong>ναὸν</strong></span> 
     </span>
    </p>
   </div>
   <div class='ocr_carea' id='block_1_72' title="bbox 2169 3074 3759 3153">
    <p class='ocr_par' dir='ltr' id='par_1_72' title="bbox 2169 3074 3759 3153">
     <span class='ocr_line' id='line_1_72' title="bbox 2169 3074 3759 3153; baseline -0.006 -17"><span class='ocrx_word' id='word_1_520' title='bbox 2169 3081 2460 3153; x_wconf 77' lang='lat' dir='ltr'><strong>pra-stabat</strong></span> <span class='ocrx_word' id='word_1_521' title='bbox 2487 3079 2756 3135; x_wconf 87' lang='lat' dir='ltr'><strong>beneficia</strong></span> <span class='ocrx_word' id='word_1_522' title='bbox 2777 3119 2793 3145; x_wconf 87' lang='lat'><strong>,</strong></span> <span class='ocrx_word' id='word_1_523' title='bbox 2817 3078 2948 3134; x_wconf 89' lang='lat' dir='ltr'><strong>dum</strong></span> <span class='ocrx_word' id='word_1_524' title='bbox 2981 3077 3213 3133; x_wconf 65' lang='lat' dir='ltr'><strong>aedilicia</strong></span> <span class='ocrx_word' id='word_1_525' title='bbox 3249 3076 3399 3131; x_wconf 90' lang='lat' dir='ltr'><strong>varia</strong></span> <span class='ocrx_word' id='word_1_526' title='bbox 3423 3090 3527 3145; x_wconf 80' lang='lat' dir='ltr'><strong>pro</strong></span> <span class='ocrx_word' id='word_1_527' title='bbox 3556 3074 3759 3130; x_wconf 89' lang='lat' dir='ltr'><strong>invali-</strong></span> 
     </span>
    </p>
   </div>
   <div class='ocr_carea' id='block_1_73' title="bbox 2167 3169 3760 3246">
    <p class='ocr_par' dir='ltr' id='par_1_73' title="bbox 2167 3169 3760 3246">
     <span class='ocr_line' id='line_1_73' title="bbox 2167 3169 3760 3246; baseline -0.006 -15"><span class='ocrx_word' id='word_1_528' title='bbox 2167 3176 2256 3232; x_wconf 90' lang='lat' dir='ltr'><strong>dis</strong></span> <span class='ocrx_word' id='word_1_529' title='bbox 2285 3174 2514 3230; x_wconf 86' lang='lat' dir='ltr'><strong>senibus</strong></span> <span class='ocrx_word' id='word_1_530' title='bbox 2559 3183 2728 3244; x_wconf 89' lang='lat' dir='ltr'><strong>atque</strong></span> <span class='ocrx_word' id='word_1_531' title='bbox 2755 3173 2945 3246; x_wconf 74' lang='lat' dir='ltr'><strong>egenis</strong></span> <span class='ocrx_word' id='word_1_532' title='bbox 2982 3171 3265 3234; x_wconf 84' lang='lat' dir='ltr'><strong>curandis,</strong></span> <span class='ocrx_word' id='word_1_533' title='bbox 3310 3169 3560 3225; x_wconf 83' lang='lat' dir='ltr'><strong>fovendis</strong></span> <span class='ocrx_word' id='word_1_534' title='bbox 3591 3179 3760 3239; x_wconf 88' lang='lat' dir='ltr'><strong>atque</strong></span> 
     </span>
    </p>
   </div>
   <div class='ocr_carea' id='block_1_74' title="bbox 2169 3264 3762 3331">
    <p class='ocr_par' dir='ltr' id='par_1_74' title="bbox 2169 3264 3762 3331">
     <span class='ocr_line' id='line_1_74' title="bbox 2169 3264 3762 3331; baseline -0.005 -5"><span class='ocrx_word' id='word_1_535' title='bbox 2169 3270 2382 3326; x_wconf 89' lang='lat' dir='ltr'><strong>alendis</strong></span> <span class='ocrx_word' id='word_1_536' title='bbox 2412 3269 2702 3325; x_wconf 87' lang='lat' dir='ltr'><strong>instaurat.</strong></span> <span class='ocrx_word' id='word_1_537' title='bbox 2717 3267 2832 3323; x_wconf 90' lang='lat' dir='ltr'><strong>Nec</strong></span> <span class='ocrx_word' id='word_1_538' title='bbox 2860 3267 2954 3322; x_wconf 88' lang='lat' dir='ltr'><strong>hic</strong></span> <span class='ocrx_word' id='word_1_539' title='bbox 2977 3264 3356 3331; x_wconf 76' lang='lat' dir='ltr'><strong>Substitit,sed</strong></span> <span class='ocrx_word' id='word_1_540' title='bbox 3380 3278 3566 3319; x_wconf 89' lang='lat' dir='ltr'><strong>sacras</strong></span> <span class='ocrx_word' id='word_1_541' title='bbox 3586 3265 3762 3318; x_wconf 89' lang='lat' dir='ltr'><strong>etiam</strong></span> 
     </span>
    </p>
   </div>
   <div class='ocr_carea' id='block_1_75' title="bbox 2167 3355 3761 3420">
    <p class='ocr_par' dir='ltr' id='par_1_75' title="bbox 2167 3355 3761 3420">
     <span class='ocr_line' id='line_1_75' title="bbox 2167 3355 3761 3420; baseline -0.005 -3"><span class='ocrx_word' id='word_1_542' title='bbox 2167 3362 2317 3417; x_wconf 62' lang='lat' dir='ltr'><strong>aedes</strong></span> <span class='ocrx_word' id='word_1_543' title='bbox 2339 3367 2612 3417; x_wconf 87' lang='lat' dir='ltr'><strong>vetustate</strong></span> <span class='ocrx_word' id='word_1_544' title='bbox 2643 3358 3002 3414; x_wconf 86' lang='lat' dir='ltr'><strong>labefactatas</strong></span> <span class='ocrx_word' id='word_1_545' title='bbox 3029 3357 3336 3420; x_wconf 82' lang='lat' dir='ltr'><strong>renovavit,</strong></span> <span class='ocrx_word' id='word_1_546' title='bbox 3364 3355 3569 3411; x_wconf 89' lang='lat' dir='ltr'><strong>additis</strong></span> <span class='ocrx_word' id='word_1_547' title='bbox 3591 3370 3761 3410; x_wconf 35' lang='lat' dir='ltr'><strong>ornas</strong></span> 
     </span>
    </p>
   </div>
   <div class='ocr_carea' id='block_1_76' title="bbox 2170 3448 3760 3521">
    <p class='ocr_par' dir='ltr' id='par_1_76' title="bbox 2170 3448 3760 3521">
     <span class='ocr_line' id='line_1_76' title="bbox 2170 3448 3760 3521; baseline -0.005 -12"><span class='ocrx_word' id='word_1_548' title='bbox 2170 3453 2375 3509; x_wconf 89' lang='lat' dir='ltr'><strong>mentis</strong></span> <span class='ocrx_word' id='word_1_549' title='bbox 2403 3470 2418 3520; x_wconf 89' lang='lat'><strong>;</strong></span> <span class='ocrx_word' id='word_1_550' title='bbox 2465 3453 2540 3508; x_wconf 89' lang='lat' dir='ltr'><strong>ita</strong></span> <span class='ocrx_word' id='word_1_551' title='bbox 2567 3461 2627 3508; x_wconf 89' lang='lat' dir='ltr'><strong>ut</strong></span> <span class='ocrx_word' id='word_1_552' title='bbox 2652 3467 2762 3506; x_wconf 92' lang='lat' dir='ltr'><strong>non</strong></span> <span class='ocrx_word' id='word_1_553' title='bbox 2786 3452 2964 3507; x_wconf 88' lang='lat' dir='ltr'><strong>solum</strong></span> <span class='ocrx_word' id='word_1_554' title='bbox 2988 3450 3242 3521; x_wconf 88' lang='lat' dir='ltr'><strong>corporis</strong></span> <span class='ocrx_word' id='word_1_555' title='bbox 3279 3448 3512 3504; x_wconf 86' lang='lat' dir='ltr'><strong>haberet</strong></span> <span class='ocrx_word' id='word_1_556' title='bbox 3541 3463 3760 3513; x_wconf 85' lang='lat' dir='ltr'><strong>curam,</strong></span> 
     </span>
    </p>
   </div>
   <div class='ocr_carea' id='block_1_77' title="bbox 2172 3540 3760 3602">
    <p class='ocr_par' dir='ltr' id='par_1_77' title="bbox 2172 3540 3760 3602">
     <span class='ocr_line' id='line_1_77' title="bbox 2172 3540 3760 3602; baseline -0.004 0"><span class='ocrx_word' id='word_1_557' title='bbox 2172 3562 2364 3602; x_wconf 81' lang='lat' dir='ltr'><strong>verum</strong></span> <span class='ocrx_word' id='word_1_558' title='bbox 2377 3547 2543 3601; x_wconf 90' lang='lat' dir='ltr'><strong>etiam</strong></span> <span class='ocrx_word' id='word_1_559' title='bbox 2566 3545 2783 3601; x_wconf 64' lang='lat' dir='ltr'><strong>anime.</strong></span> <span class='ocrx_word' id='word_1_560' title='bbox 2803 3544 2926 3600; x_wconf 86' lang='lat' dir='ltr'><strong>Non</strong></span> <span class='ocrx_word' id='word_1_561' title='bbox 2947 3544 3114 3599; x_wconf 87' lang='lat' dir='ltr'><strong>etiam</strong></span> <span class='ocrx_word' id='word_1_562' title='bbox 3138 3544 3374 3599; x_wconf 88' lang='lat' dir='ltr'><strong>ducebat</strong></span> <span class='ocrx_word' id='word_1_563' title='bbox 3400 3540 3760 3602; x_wconf 89' lang='lat' dir='ltr'><strong>conveniens.</strong></span> 
     </span>
    </p>
   </div>
   <div class='ocr_carea' id='block_1_78' title="bbox 2170 3633 3764 3711">
    <p class='ocr_par' dir='ltr' id='par_1_78' title="bbox 2170 3633 3764 3711">
     <span class='ocr_line' id='line_1_78' title="bbox 2170 3633 3764 3711; baseline -0.006 -15"><span class='ocrx_word' id='word_1_564' title='bbox 2170 3640 2353 3696; x_wconf 89' lang='lat' dir='ltr'><strong>forum</strong></span> <span class='ocrx_word' id='word_1_565' title='bbox 2377 3639 2524 3711; x_wconf 89' lang='lat' dir='ltr'><strong>quod</strong></span> <span class='ocrx_word' id='word_1_566' title='bbox 2544 3638 2894 3695; x_wconf 89' lang='lat' dir='ltr'><strong>Constantini</strong></span> <span class='ocrx_word' id='word_1_567' title='bbox 2919 3639 3145 3701; x_wconf 86' lang='lat' dir='ltr'><strong>dicitur,</strong></span> <span class='ocrx_word' id='word_1_568' title='bbox 3176 3644 3429 3691; x_wconf 86' lang='lat' dir='ltr'><strong>versante</strong></span> <span class='ocrx_word' id='word_1_569' title='bbox 3456 3633 3533 3689; x_wconf 88' lang='lat' dir='ltr'><strong>ibi</strong></span> <span class='ocrx_word' id='word_1_570' title='bbox 3557 3633 3764 3704; x_wconf 88' lang='lat' dir='ltr'><strong>p0pulo</strong></span> 
     </span>
    </p>
   </div>
   <div class='ocr_carea' id='block_1_79' title="bbox 2172 3727 3763 3806">
    <p class='ocr_par' dir='ltr' id='par_1_79' title="bbox 2172 3727 3763 3806">
     <span class='ocr_line' id='line_1_79' title="bbox 2172 3727 3763 3806; baseline -0.006 -17"><span class='ocrx_word' id='word_1_571' title='bbox 2172 3733 2490 3806; x_wconf 90' lang='lat' dir='ltr'><strong>quisquiliis</strong></span> <span class='ocrx_word' id='word_1_572' title='bbox 2534 3732 2777 3788; x_wconf 66' lang='lat' dir='ltr'><strong>materiae</strong></span> <span class='ocrx_word' id='word_1_573' title='bbox 2810 3740 2986 3787; x_wconf 90' lang='lat' dir='ltr'><strong>totum</strong></span> <span class='ocrx_word' id='word_1_574' title='bbox 3029 3729 3204 3785; x_wconf 89' lang='lat' dir='ltr'><strong>teneri</strong></span> <span class='ocrx_word' id='word_1_575' title='bbox 3232 3737 3289 3784; x_wconf 91' lang='lat' dir='ltr'><strong>et</strong></span> <span class='ocrx_word' id='word_1_576' title='bbox 3317 3744 3348 3783; x_wconf 88' lang='lat' dir='ltr'><strong>a</strong></span> <span class='ocrx_word' id='word_1_577' title='bbox 3388 3727 3562 3784; x_wconf 85' lang='lat' dir='ltr'><strong>sacris</strong></span> <span class='ocrx_word' id='word_1_578' title='bbox 3593 3727 3763 3782; x_wconf 85' lang='lat' dir='ltr'><strong>rebus</strong></span> 
     </span>
    </p>
   </div>
   <div class='ocr_carea' id='block_1_80' title="bbox 2173 3818 3764 3895">
    <p class='ocr_par' dir='ltr' id='par_1_80' title="bbox 2173 3818 3764 3895">
     <span class='ocr_line' id='line_1_80' title="bbox 2173 3818 3764 3895; baseline -0.005 -15"><span class='ocrx_word' id='word_1_579' title='bbox 2173 3841 2295 3880; x_wconf 88' lang='lat' dir='ltr'><strong>esse</strong></span> <span class='ocrx_word' id='word_1_580' title='bbox 2308 3826 2710 3881; x_wconf 87' lang='lat' dir='ltr'><strong>abalienatum:</strong></span> <span class='ocrx_word' id='word_1_581' title='bbox 2735 3840 2908 3895; x_wconf 90' lang='lat' dir='ltr'><strong>quare</strong></span> <span class='ocrx_word' id='word_1_582' title='bbox 2929 3825 3194 3894; x_wconf 88' lang='lat' dir='ltr'><strong>templum</strong></span> <span class='ocrx_word' id='word_1_583' title='bbox 3216 3821 3292 3877; x_wconf 87' lang='lat' dir='ltr'><strong>ibi</strong></span> <span class='ocrx_word' id='word_1_584' title='bbox 3313 3819 3552 3876; x_wconf 78' lang='lat' dir='ltr'><strong>exstruit</strong></span> <span class='ocrx_word' id='word_1_585' title='bbox 3568 3818 3764 3874; x_wconf 88' lang='lat' dir='ltr'><strong>honori</strong></span> 
     </span>
    </p>
   </div>
   <div class='ocr_carea' id='block_1_81' title="bbox 2186 3909 3770 3986">
    <p class='ocr_par' dir='ltr' id='par_1_81' title="bbox 2186 3909 3770 3986">
     <span class='ocr_line' id='line_1_81' title="bbox 2186 3909 3770 3986; baseline -0.005 -14"><span class='ocrx_word' id='word_1_586' title='bbox 2186 3917 2434 3986; x_wconf 65' lang='lat' dir='ltr'><strong>Deiparaz</strong></span> <span class='ocrx_word' id='word_1_587' title='bbox 2463 3916 2798 3982; x_wconf 87' lang='lat' dir='ltr'><strong>dedicatum,</strong></span> <span class='ocrx_word' id='word_1_588' title='bbox 2831 3913 3210 3986; x_wconf 79' lang='lat' dir='ltr'><strong>magnitudine</strong></span> <span class='ocrx_word' id='word_1_589' title='bbox 3245 3911 3483 3978; x_wconf 83' lang='lat' dir='ltr'><strong>modica,</strong></span> <span class='ocrx_word' id='word_1_590' title='bbox 3521 3910 3617 3966; x_wconf 83' lang='lat' dir='ltr'><strong>sed</strong></span> <span class='ocrx_word' id='word_1_591' title='bbox 3645 3909 3770 3981; x_wconf 66' lang='lat' dir='ltr'><strong>pul—</strong></span> 
     </span>
    </p>
   </div>
   <div class='ocr_carea' id='block_1_82' title="bbox 2188 4005 3304 4078">
    <p class='ocr_par' dir='ltr' id='par_1_82' title="bbox 2188 4005 3304 4078">
     <span class='ocr_line' id='line_1_82' title="bbox 2188 4005 3304 4078; baseline -0.006 -13"><span class='ocrx_word' id='word_1_592' title='bbox 2188 4007 2508 4065; x_wconf 89' lang='lat' dir='ltr'><strong>chritudine</strong></span> <span class='ocrx_word' id='word_1_593' title='bbox 2528 4009 2729 4064; x_wconf 90' lang='lat' dir='ltr'><strong>mirum</strong></span> <span class='ocrx_word' id='word_1_594' title='bbox 2756 4008 2811 4064; x_wconf 92' lang='lat' dir='ltr'><strong>in</strong></span> <span class='ocrx_word' id='word_1_595' title='bbox 2829 4007 3051 4063; x_wconf 89' lang='lat' dir='ltr'><strong>modum</strong></span> <span class='ocrx_word' id='word_1_596' title='bbox 3069 4005 3304 4078; x_wconf 79' lang='lat' dir='ltr'><strong>fulgens.</strong></span> 
     </span>
    </p>
   </div>
   <div class='ocr_carea' id='block_1_83' title="bbox 494 4090 3769 4175">
    <p class='ocr_par' dir='ltr' id='par_1_83' title="bbox 494 4090 3769 4175">
     <span class='ocr_line' id='line_1_83' title="bbox 494 4090 3769 4175; baseline -0.002 -23"><span class='ocrx_word' id='word_1_597' title='bbox 494 4100 554 4152; x_wconf 75' lang='grc' dir='ltr'><strong>ὲν</strong></span> <span class='ocrx_word' id='word_1_598' title='bbox 573 4097 750 4172; x_wconf 70' lang='grc' dir='ltr'><strong>ταύτῃ</strong></span> <span class='ocrx_word' id='word_1_599' title='bbox 771 4090 1882 4170; x_wconf 71' lang='grc' dir='ltr'><strong>προσπήγνυσιν,ὲφ’ᾧπερἠΘεομήτωρ</strong></span> <span class='ocrx_word' id='word_1_600' title='bbox 1945 4097 2187 4175; x_wconf 80' lang='grc' dir='ltr'><strong>δημοσίᾳ</strong></span> <span class='ocrx_word' id='word_1_601' title='bbox 2215 4103 2533 4174; x_wconf 87' lang='grc' dir='ltr'><strong>τετίμηται,</strong></span> <span class='ocrx_word' id='word_1_602' title='bbox 2591 4101 2804 4173; x_wconf 87' lang='grc' dir='ltr'><strong>μετρίῳ</strong></span> <span class='ocrx_word' id='word_1_603' title='bbox 2856 4101 3076 4172; x_wconf 81' lang='grc' dir='ltr'><strong>μεγέθει</strong></span> <span class='ocrx_word' id='word_1_604' title='bbox 3129 4098 3225 4151; x_wconf 73' lang='grc' dir='ltr'><strong>καὶ</strong></span> <span class='ocrx_word' id='word_1_605' title='bbox 3289 4096 3520 4169; x_wconf 77' lang='grc' dir='ltr'><strong>ἀμέτρῳ</strong></span> <span class='ocrx_word' id='word_1_606' title='bbox 3579 4094 3769 4149; x_wconf 75' lang='grc' dir='ltr'><strong>κάλλει</strong></span> 
     </span>
    </p>
   </div>
   <div class='ocr_carea' id='block_1_84' title="bbox 493 4193 917 4268">
    <p class='ocr_par' dir='ltr' id='par_1_84' title="bbox 493 4193 917 4268">
     <span class='ocr_line' id='line_1_84' title="bbox 493 4193 917 4268; baseline 0 -19"><span class='ocrx_word' id='word_1_607' title='bbox 493 4193 917 4268; x_wconf 81' lang='grc' dir='ltr'><strong>διηυγασμένον.</strong></span> 
     </span>
    </p>
   </div>
   <div class='ocr_carea' id='block_1_85' title="bbox 567 4265 2057 4358">
    <p class='ocr_par' dir='ltr' id='par_1_85' title="bbox 567 4265 2053 4358">
     <span class='ocr_line' id='line_1_85' title="bbox 567 4265 2053 4358; baseline -0.004 -16"><span class='ocrx_word' id='word_1_608' title='bbox 567 4265 822 4349; x_wconf 64' lang='grc' dir='ltr'><strong>Τοιοῦτος</strong></span> <span class='ocrx_word' id='word_1_609' title='bbox 850 4288 882 4340; x_wconf 83' lang='grc' dir='ltr'><strong>ό</strong></span> <span class='ocrx_word' id='word_1_610' title='bbox 903 4285 1278 4358; x_wconf 81' lang='grc' dir='ltr'><strong>μεγαλουργὺς</strong></span> <span class='ocrx_word' id='word_1_611' title='bbox 1315 4282 1455 4350; x_wconf 76' lang='grc' dir='ltr'><strong>ἄναξ</strong></span> <span class='ocrx_word' id='word_1_612' title='bbox 1493 4283 1794 4350; x_wconf 86' lang='grc' dir='ltr'><strong>Βασίλειος,</strong></span> <span class='ocrx_word' id='word_1_613' title='bbox 1828 4283 1923 4338; x_wconf 77' lang='grc' dir='ltr'><strong>καὶ</strong></span> <span class='ocrx_word' id='word_1_614' title='bbox 1955 4300 2053 4337; x_wconf 83' lang='grc' dir='ltr'><strong>τοσ</strong></span> 
     </span>
    </p>
   </div>
   <div class='ocr_carea' id='block_1_86' title="bbox 2159 4265 3764 4358">
    <p class='ocr_par' dir='ltr' id='par_1_86' title="bbox 2159 4277 3764 4354">
     <span class='ocr_line' id='line_1_86' title="bbox 2159 4277 3764 4354; baseline -0.005 -15"><span class='ocrx_word' id='word_1_615' title='bbox 2159 4284 2161 4306; x_wconf 84' lang='grc'><strong><em>⁵</em></strong></span> <span class='ocrx_word' id='word_1_616' title='bbox 2257 4283 2407 4340; x_wconf 84' lang='lat' dir='ltr'><strong>Talis</strong></span> <span class='ocrx_word' id='word_1_617' title='bbox 2443 4293 2562 4340; x_wconf 90' lang='lat' dir='ltr'><strong>erat</strong></span> <span class='ocrx_word' id='word_1_618' title='bbox 2587 4283 2680 4338; x_wconf 91' lang='lat' dir='ltr'><strong>ille</strong></span> <span class='ocrx_word' id='word_1_619' title='bbox 2698 4279 3020 4354; x_wconf 81' lang='lat' dir='ltr'><strong>magnificus</strong></span> <span class='ocrx_word' id='word_1_620' title='bbox 3053 4279 3354 4348; x_wconf 79' lang='lat' dir='ltr'><strong>imperator</strong></span> <span class='ocrx_word' id='word_1_621' title='bbox 3380 4277 3616 4333; x_wconf 87' lang='lat' dir='ltr'><strong>Basilius</strong></span> <span class='ocrx_word' id='word_1_622' title='bbox 3646 4287 3764 4332; x_wconf 85' lang='lat' dir='ltr'><strong>tan-</strong></span> 
     </span>
    </p>
   </div>
   <div class='ocr_carea' id='block_1_87' title="bbox 499 4376 2082 4451">
    <p class='ocr_par' dir='ltr' id='par_1_87' title="bbox 499 4376 2082 4451">
     <span class='ocr_line' id='line_1_87' title="bbox 499 4376 2082 4451; baseline -0.004 -15"><span class='ocrx_word' id='word_1_623' title='bbox 499 4382 644 4436; x_wconf 78' lang='grc' dir='ltr'><strong>αὔτα</strong></span> <span class='ocrx_word' id='word_1_624' title='bbox 665 4382 735 4434; x_wconf 69' lang='grc' dir='ltr'><strong>τὰ</strong></span> <span class='ocrx_word' id='word_1_625' title='bbox 765 4381 980 4434; x_wconf 70' lang='grc' dir='ltr'><strong>ἐκείνου</strong></span> <span class='ocrx_word' id='word_1_626' title='bbox 1013 4378 1542 4451; x_wconf 79' lang='grc' dir='ltr'><strong>μεγαλουργήματα.</strong></span> <span class='ocrx_word' id='word_1_627' title='bbox 1588 4376 1751 4431; x_wconf 80' lang='grc' dir='ltr'><strong>Ἀλλὰ</strong></span> <span class='ocrx_word' id='word_1_628' title='bbox 1795 4393 2082 4448; x_wconf 86' lang='grc' dir='ltr'><strong>προκατα-</strong></span> 
     </span>
    </p>
   </div>
   <div class='ocr_carea' id='block_1_88' title="bbox 504 4469 2082 4546">
    <p class='ocr_par' dir='ltr' id='par_1_88' title="bbox 504 4469 2082 4546">
     <span class='ocr_line' id='line_1_88' title="bbox 504 4469 2082 4546; baseline -0.003 -19"><span class='ocrx_word' id='word_1_629' title='bbox 504 4474 717 4546; x_wconf 55' lang='lat' dir='ltr'><strong>mea;</strong></span> <span class='ocrx_word' id='word_1_630' title='bbox 743 4473 857 4544; x_wconf 83' lang='lat'><strong>(56)</strong></span> <span class='ocrx_word' id='word_1_631' title='bbox 878 4473 1127 4544; x_wconf 83' lang='grc' dir='ltr'><strong>τηκεδόνι</strong></span> <span class='ocrx_word' id='word_1_632' title='bbox 1153 4473 1222 4544; x_wconf 75' lang='grc' dir='ltr'><strong>τῇ</strong></span> <span class='ocrx_word' id='word_1_633' title='bbox 1249 4473 1316 4525; x_wconf 77' lang='grc' dir='ltr'><strong>ἐκ</strong></span> <span class='ocrx_word' id='word_1_634' title='bbox 1337 4469 1580 4543; x_wconf 83' lang='grc' dir='ltr'><strong>διαροίας</strong></span> <span class='ocrx_word' id='word_1_635' title='bbox 1600 4470 1646 4502; x_wconf 85' lang='grc'><strong>⁷⁸</strong></span> <span class='ocrx_word' id='word_1_636' title='bbox 1668 4469 1928 4542; x_wconf 78' lang='grc' dir='ltr'><strong>γαστρὸς,</strong></span> <span class='ocrx_word' id='word_1_637' title='bbox 1956 4469 2082 4523; x_wconf 79' lang='grc' dir='ltr'><strong>κατ’</strong></span> 
     </span>
    </p>
   </div>
   <div class='ocr_carea' id='block_1_89' title="bbox 503 4562 2081 4642">
    <p class='ocr_par' dir='ltr' id='par_1_89' title="bbox 503 4562 2081 4642">
     <span class='ocr_line' id='line_1_89' title="bbox 503 4562 2081 4642; baseline -0.006 -18"><span class='ocrx_word' id='word_1_638' title='bbox 503 4571 681 4642; x_wconf 70' lang='grc' dir='ltr'><strong>ἄγραν</strong></span> <span class='ocrx_word' id='word_1_639' title='bbox 708 4567 772 4624; x_wconf 70' lang='grc' dir='ltr'><strong>ἐκ</strong></span> <span class='ocrx_word' id='word_1_640' title='bbox 798 4585 943 4630; x_wconf 89' lang='grc' dir='ltr'><strong>τινος</strong></span> <span class='ocrx_word' id='word_1_641' title='bbox 971 4564 1389 4639; x_wconf 83' lang='grc' dir='ltr'><strong>περιπτώσεως,</strong></span> <span class='ocrx_word' id='word_1_642' title='bbox 1423 4563 1615 4618; x_wconf 68' lang='grc' dir='ltr'><strong>ἐπειτα</strong></span> <span class='ocrx_word' id='word_1_643' title='bbox 1651 4562 1891 4635; x_wconf 84' lang='grc' dir='ltr'><strong>πυρετοῦ</strong></span> <span class='ocrx_word' id='word_1_644' title='bbox 1945 4579 2081 4616; x_wconf 85' lang='grc' dir='ltr'><strong>καυ-</strong></span> 
     </span>
    </p>
   </div>
   <div class='ocr_carea' id='block_1_90' title="bbox 507 4655 2082 4733">
    <p class='ocr_par' dir='ltr' id='par_1_90' title="bbox 507 4655 2082 4733">
     <span class='ocr_line' id='line_1_90' title="bbox 507 4655 2082 4733; baseline -0.006 -15"><span class='ocrx_word' id='word_1_645' title='bbox 507 4663 711 4728; x_wconf 77' lang='grc' dir='ltr'><strong>σώδους</strong></span> <span class='ocrx_word' id='word_1_646' title='bbox 785 4662 1186 4733; x_wconf 76' lang='grc' dir='ltr'><strong>ἀναφλεγέντος</strong></span> <span class='ocrx_word' id='word_1_647' title='bbox 1237 4657 1390 4730; x_wconf 84' lang='grc' dir='ltr'><strong>αύτῷ</strong></span> <span class='ocrx_word' id='word_1_648' title='bbox 1442 4656 1787 4730; x_wconf 78' lang='grc' dir='ltr'><strong>ἀνικμῶντος</strong></span> <span class='ocrx_word' id='word_1_649' title='bbox 1840 4655 2082 4725; x_wconf 73' lang='grc' dir='ltr'><strong>ζωτικὴν</strong></span> 
     </span>
    </p>
   </div>
   <div class='ocr_carea' id='block_1_91' title="bbox 2188 4373 3770 4450">
    <p class='ocr_par' dir='ltr' id='par_1_91' title="bbox 2188 4373 3770 4450">
     <span class='ocr_line' id='line_1_91' title="bbox 2188 4373 3770 4450; baseline -0.008 -15"><span class='ocrx_word' id='word_1_650' title='bbox 2188 4390 2354 4450; x_wconf 90' lang='lat' dir='ltr'><strong>taque</strong></span> <span class='ocrx_word' id='word_1_651' title='bbox 2408 4379 2530 4449; x_wconf 80' lang='lat' dir='ltr'><strong>ejus</strong></span> <span class='ocrx_word' id='word_1_652' title='bbox 2557 4373 2842 4447; x_wconf 81' lang='lat' dir='ltr'><strong>magnifica</strong></span> <span class='ocrx_word' id='word_1_653' title='bbox 2871 4389 3060 4444; x_wconf 89' lang='lat' dir='ltr'><strong>opera.</strong></span> <span class='ocrx_word' id='word_1_654' title='bbox 3112 4373 3600 4427; x_wconf 80' lang='lat' dir='ltr'><strong>Verumenimvero</strong></span> <span class='ocrx_word' id='word_1_655' title='bbox 3642 4385 3770 4425; x_wconf 90' lang='lat' dir='ltr'><strong>cum</strong></span> 
     </span>
    </p>
   </div>
   <div class='ocr_carea' id='block_1_92' title="bbox 2188 4465 3774 4537">
    <p class='ocr_par' dir='ltr' id='par_1_92' title="bbox 2188 4465 3774 4537">
     <span class='ocr_line' id='line_1_92' title="bbox 2188 4465 3774 4537; baseline -0.006 -9"><span class='ocrx_word' id='word_1_656' title='bbox 2188 4472 2480 4528; x_wconf 88' lang='lat' dir='ltr'><strong>invasisset</strong></span> <span class='ocrx_word' id='word_1_657' title='bbox 2503 4485 2630 4525; x_wconf 90' lang='lat' dir='ltr'><strong>eum</strong></span> <span class='ocrx_word' id='word_1_658' title='bbox 2653 4468 2907 4524; x_wconf 79' lang='lat' dir='ltr'><strong>tabificus</strong></span> <span class='ocrx_word' id='word_1_659' title='bbox 2931 4467 3159 4522; x_wconf 89' lang='lat' dir='ltr'><strong>morbus</strong></span> <span class='ocrx_word' id='word_1_660' title='bbox 3182 4483 3248 4521; x_wconf 82' lang='lat' dir='ltr'><strong>ex</strong></span> <span class='ocrx_word' id='word_1_661' title='bbox 3273 4465 3543 4537; x_wconf 81' lang='lat' dir='ltr'><strong>proﬂuvio</strong></span> <span class='ocrx_word' id='word_1_662' title='bbox 3562 4465 3774 4519; x_wconf 86' lang='lat' dir='ltr'><strong>ventris</strong></span> 
     </span>
    </p>
   </div>
   <div class='ocr_carea' id='block_1_93' title="bbox 2187 4555 3775 4630">
    <p class='ocr_par' dir='ltr' id='par_1_93' title="bbox 2187 4555 3775 4630">
     <span class='ocr_line' id='line_1_93' title="bbox 2187 4555 3775 4630; baseline -0.004 -12"><span class='ocrx_word' id='word_1_663' title='bbox 2187 4563 2487 4618; x_wconf 87' lang='lat' dir='ltr'><strong>subsecuto</strong></span> <span class='ocrx_word' id='word_1_664' title='bbox 2532 4575 2722 4617; x_wconf 88' lang='lat' dir='ltr'><strong>casum</strong></span> <span class='ocrx_word' id='word_1_665' title='bbox 2779 4558 3073 4630; x_wconf 82' lang='lat' dir='ltr'><strong>quemdam</strong></span> <span class='ocrx_word' id='word_1_666' title='bbox 3123 4558 3180 4613; x_wconf 91' lang='lat' dir='ltr'><strong>in</strong></span> <span class='ocrx_word' id='word_1_667' title='bbox 3223 4557 3537 4620; x_wconf 84' lang='lat' dir='ltr'><strong>venatione,</strong></span> <span class='ocrx_word' id='word_1_668' title='bbox 3572 4555 3775 4612; x_wconf 79' lang='lat' dir='ltr'><strong>deinde</strong></span> 
     </span>
    </p>
   </div>
   <div class='ocr_carea' id='block_1_94' title="bbox 2188 4648 3773 4710">
    <p class='ocr_par' dir='ltr' id='par_1_94' title="bbox 2188 4648 3773 4710">
     <span class='ocr_line' id='line_1_94' title="bbox 2188 4648 3773 4710; baseline -0.004 -2"><span class='ocrx_word' id='word_1_669' title='bbox 2188 4653 2361 4710; x_wconf 89' lang='lat' dir='ltr'><strong>febris</strong></span> <span class='ocrx_word' id='word_1_670' title='bbox 2389 4653 2591 4708; x_wconf 87' lang='lat' dir='ltr'><strong>ardens</strong></span> <span class='ocrx_word' id='word_1_671' title='bbox 2619 4661 2811 4708; x_wconf 81' lang='lat' dir='ltr'><strong>exorta</strong></span> <span class='ocrx_word' id='word_1_672' title='bbox 2846 4661 2993 4706; x_wconf 87' lang='lat' dir='ltr'><strong>esset</strong></span> <span class='ocrx_word' id='word_1_673' title='bbox 3019 4665 3352 4706; x_wconf 88' lang='lat' dir='ltr'><strong>consumens</strong></span> <span class='ocrx_word' id='word_1_674' title='bbox 3377 4662 3596 4704; x_wconf 89' lang='lat' dir='ltr'><strong>omnem</strong></span> <span class='ocrx_word' id='word_1_675' title='bbox 3631 4648 3773 4702; x_wconf 86' lang='lat' dir='ltr'><strong>vita-</strong></span> 
     </span>
    </p>
   </div>
   <div class='ocr_carea' id='block_1_95' title="bbox 1789 4813 2479 4874">
    <p class='ocr_par' dir='ltr' id='par_1_95' title="bbox 1789 4813 2479 4874">
     <span class='ocr_line' id='line_1_95' title="bbox 1789 4813 2479 4874; baseline -0.003 0"><span class='ocrx_word' id='word_1_676' title='bbox 1789 4816 2023 4874; x_wconf 62' lang='grc' dir='ltr'><strong>ἻΔΒΙΛΕ</strong></span> <span class='ocrx_word' id='word_1_677' title='bbox 2064 4813 2479 4873; x_wconf 79' lang='lat' dir='ltr'><strong>LECTIONES.</strong></span> 
     </span>
    </p>
   </div>
   <div class='ocr_carea' id='block_1_96' title="bbox 617 4928 3326 5020">
    <p class='ocr_par' dir='ltr' id='par_1_96' title="bbox 617 4928 3326 5020">
     <span class='ocr_line' id='line_1_96' title="bbox 617 4928 3326 5020; baseline -0.007 -19"><span class='ocrx_word' id='word_1_678' title='bbox 617 4948 724 5020; x_wconf 50' lang='lat' dir='ltr'><strong>&quot;ﬁ</strong></span> <span class='ocrx_word' id='word_1_679' title='bbox 753 4947 1074 5020; x_wconf 74' lang='grc' dir='ltr'><strong>καταχῶρον</strong></span> <span class='ocrx_word' id='word_1_680' title='bbox 1103 4944 1166 5000; x_wconf 87' lang='lat' dir='ltr'><strong>L.</strong></span> <span class='ocrx_word' id='word_1_681' title='bbox 1238 4943 1289 4977; x_wconf 80' lang='lat'><strong><em>&quot;</em></strong></span> <span class='ocrx_word' id='word_1_682' title='bbox 1304 4939 1660 5012; x_wconf 78' lang='grc' dir='ltr'><strong>ὲκπέπομφαι</strong></span> <span class='ocrx_word' id='word_1_683' title='bbox 1684 4937 1746 4995; x_wconf 79' lang='lat' dir='ltr'><strong>l..</strong></span> <span class='ocrx_word' id='word_1_684' title='bbox 1822 4938 1872 4970; x_wconf 81' lang='grc'>’⁸</span> <span class='ocrx_word' id='word_1_685' title='bbox 1899 4936 2183 5010; x_wconf 83' lang='grc' dir='ltr'><strong>περιόντος</strong></span> <span class='ocrx_word' id='word_1_686' title='bbox 2213 4935 2347 4990; x_wconf 82' lang='grc' dir='ltr'><strong>λαοῦ</strong></span> <span class='ocrx_word' id='word_1_687' title='bbox 2377 4935 2651 5008; x_wconf 81' lang='grc' dir='ltr'><strong>συρμᾶσιν</strong></span> <span class='ocrx_word' id='word_1_688' title='bbox 2680 4932 2743 4988; x_wconf 84' lang='lat' dir='ltr'><strong>L.</strong></span> <span class='ocrx_word' id='word_1_689' title='bbox 2817 4935 2862 4965; x_wconf 88' lang='lat'><strong>&quot;</strong></span> <span class='ocrx_word' id='word_1_690' title='bbox 2901 4930 3223 4987; x_wconf 78' lang='grc' dir='ltr'><strong>ἐκλελύσθαι</strong></span> <span class='ocrx_word' id='word_1_691' title='bbox 3264 4928 3326 4983; x_wconf 90' lang='lat' dir='ltr'><strong>l..</strong></span> 
     </span>
    </p>
   </div>
   <div class='ocr_carea' id='block_1_97' title="bbox 513 5018 732 5092">
    <p class='ocr_par' dir='ltr' id='par_1_97' title="bbox 513 5018 732 5092">
     <span class='ocr_line' id='line_1_97' title="bbox 513 5018 732 5092; baseline 0.014 -21"><span class='ocrx_word' id='word_1_692' title='bbox 513 5020 634 5092; x_wconf 72' lang='grc' dir='ltr'><strong>ροξᾳ</strong></span> <span class='ocrx_word' id='word_1_693' title='bbox 669 5018 732 5074; x_wconf 58' lang='grc' dir='ltr'><strong>ιιι</strong></span> 
     </span>
    </p>
   </div>
   <div class='ocr_carea' id='block_1_98' title="bbox 3417 4924 3773 4996">
    <p class='ocr_par' dir='ltr' id='par_1_98' title="bbox 3417 4924 3773 4996">
     <span class='ocr_line' id='line_1_98' title="bbox 3417 4924 3773 4996; baseline -0.003 -19"><span class='ocrx_word' id='word_1_694' title='bbox 3417 4927 3463 4957; x_wconf 75' lang='grc'><strong>’⁸</strong></span> <span class='ocrx_word' id='word_1_695' title='bbox 3493 4929 3560 4996; x_wconf 71' lang='grc' dir='ltr'><strong>τῇ</strong></span> <span class='ocrx_word' id='word_1_696' title='bbox 3589 4924 3773 4978; x_wconf 73' lang='grc' dir='ltr'><strong>ἐκδιαο</strong></span> 
     </span>
    </p>
   </div>
   <div class='ocr_carea' id='block_1_99' title="bbox 1698 5144 2590 5208">
    <p class='ocr_par' dir='ltr' id='par_1_99' title="bbox 1698 5144 2590 5208">
     <span class='ocr_line' id='line_1_99' title="bbox 1698 5144 2590 5208; baseline -0.008 -2"><span class='ocrx_word' id='word_1_697' title='bbox 1698 5147 1948 5208; x_wconf 82' lang='lat' dir='ltr'><strong>STEPII.</strong></span> <span class='ocrx_word' id='word_1_698' title='bbox 1983 5145 2331 5205; x_wconf 78' lang='lat' dir='ltr'><strong>BERGLERI</strong></span> <span class='ocrx_word' id='word_1_699' title='bbox 2360 5144 2590 5202; x_wconf 66' lang='grc' dir='ltr'><strong>ΝΟΤιΕ.</strong></span> 
     </span>
    </p>
   </div>
   <div class='ocr_carea' id='block_1_100' title="bbox 587 5321 1407 5403">
    <p class='ocr_par' dir='ltr' id='par_1_100' title="bbox 587 5321 1407 5403">
     <span class='ocr_line' id='line_1_100' title="bbox 587 5321 1407 5403; baseline -0.011 -16"><span class='ocrx_word' id='word_1_700' title='bbox 587 5331 699 5398; x_wconf 85' lang='grc'><strong>(50)</strong></span> <span class='ocrx_word' id='word_1_701' title='bbox 739 5328 947 5403; x_wconf 76' lang='lat' dir='ltr'><strong>Const._</strong></span> <span class='ocrx_word' id='word_1_702' title='bbox 969 5323 1181 5403; x_wconf 83' lang='lat' dir='ltr'><strong>Porph._</strong></span> <span class='ocrx_word' id='word_1_703' title='bbox 1197 5340 1256 5397; x_wconf 88' lang='lat' dir='ltr'><strong>p.</strong></span> <span class='ocrx_word' id='word_1_704' title='bbox 1285 5321 1407 5403; x_wconf 57' lang='lat' dir='ltr'><strong>Ml,</strong></span> 
     </span>
    </p>
   </div>
   <div class='ocr_carea' id='block_1_101' title="bbox 589 5391 1509 5474">
    <p class='ocr_par' dir='ltr' id='par_1_101' title="bbox 589 5391 1509 5474">
     <span class='ocr_line' id='line_1_101' title="bbox 589 5391 1509 5474; baseline -0.012 -18"><span class='ocrx_word' id='word_1_705' title='bbox 589 5391 701 5474; x_wconf 73' lang='grc'><strong>(51)</strong></span> <span class='ocrx_word' id='word_1_706' title='bbox 733 5391 1133 5474; x_wconf 54' lang='lat' dir='ltr'><strong>l&#39;tascriptum,</strong></span> <span class='ocrx_word' id='word_1_707' title='bbox 1161 5391 1509 5474; x_wconf 69' lang='grc' dir='ltr'><strong>ἀποτετύχει.</strong></span> 
     </span>
    </p>
   </div>
   <div class='ocr_carea' id='block_1_102' title="bbox 585 5466 1423 5546">
    <p class='ocr_par' dir='ltr' id='par_1_102' title="bbox 585 5466 1423 5546">
     <span class='ocr_line' id='line_1_102' title="bbox 585 5466 1423 5546; baseline -0.013 -19"><span class='ocrx_word' id='word_1_708' title='bbox 585 5466 702 5546; x_wconf 66' lang='lat' dir='ltr'><strong>(5i)</strong></span> <span class='ocrx_word' id='word_1_709' title='bbox 734 5466 1139 5546; x_wconf 47' lang='lat' dir='ltr'><strong>Nullum—adest</strong></span> <span class='ocrx_word' id='word_1_710' title='bbox 1170 5466 1423 5546; x_wconf 37' lang='lat' dir='ltr'><strong>verb-um.</strong></span> 
     </span>
    </p>
   </div>
   <div class='ocr_carea' id='block_1_103' title="bbox 588 5525 2095 5615">
    <p class='ocr_par' dir='ltr' id='par_1_103' title="bbox 588 5525 2095 5615">
     <span class='ocr_line' id='line_1_103' title="bbox 588 5525 2095 5615; baseline -0.011 -17"><span class='ocrx_word' id='word_1_711' title='bbox 588 5525 703 5615; x_wconf 49' lang='grc' dir='ltr'><strong>(δὲ)</strong></span> <span class='ocrx_word' id='word_1_712' title='bbox 733 5525 789 5596; x_wconf 57' lang='lat' dir='ltr'><strong>li:</strong></span> <span class='ocrx_word' id='word_1_713' title='bbox 821 5539 1204 5615; x_wconf 77' lang='lat' dir='ltr'><strong>superioribus</strong></span> <span class='ocrx_word' id='word_1_714' title='bbox 1239 5537 1407 5590; x_wconf 89' lang='lat' dir='ltr'><strong>etiam</strong></span> <span class='ocrx_word' id='word_1_715' title='bbox 1441 5530 1550 5615; x_wconf 70' lang='lat' dir='ltr'><strong>tale</strong></span> <span class='ocrx_word' id='word_1_716' title='bbox 1586 5527 1717 5615; x_wconf 78' lang='lat' dir='ltr'><strong>quid</strong></span> <span class='ocrx_word' id='word_1_717' title='bbox 1776 5537 1972 5615; x_wconf 69' lang='lat' dir='ltr'><strong>narrat</strong></span> <span class='ocrx_word' id='word_1_718' title='bbox 2023 5525 2095 5609; x_wconf 68' lang='lat' dir='ltr'><strong>de</strong></span> 
     </span>
    </p>
   </div>
   <div class='ocr_carea' id='block_1_104' title="bbox 523 5598 2090 5681">
    <p class='ocr_par' dir='ltr' id='par_1_104' title="bbox 523 5598 2090 5681">
     <span class='ocr_line' id='line_1_104' title="bbox 523 5598 2090 5681; baseline -0.014 -8"><span class='ocrx_word' id='word_1_719' title='bbox 523 5598 723 5672; x_wconf 67' lang='lat' dir='ltr'><strong>Basilio</strong></span> <span class='ocrx_word' id='word_1_720' title='bbox 747 5598 990 5666; x_wconf 62' lang='lat' dir='ltr'><strong>nondum</strong></span> <span class='ocrx_word' id='word_1_721' title='bbox 1014 5604 1494 5681; x_wconf 58' lang='lat' dir='ltr'><strong>impe_ratore,_ubi</strong></span> <span class='ocrx_word' id='word_1_722' title='bbox 1522 5610 1787 5681; x_wconf 68' lang='lat' dir='ltr'><strong>auctores</strong></span> <span class='ocrx_word' id='word_1_723' title='bbox 1806 5598 2090 5681; x_wconf 67' lang='lat' dir='ltr'><strong>annotavi.</strong></span> 
     </span>
    </p>
   </div>
   <div class='ocr_carea' id='block_1_105' title="bbox 528 5667 2093 5758">
    <p class='ocr_par' dir='ltr' id='par_1_105' title="bbox 528 5667 2093 5758">
     <span class='ocr_line' id='line_1_105' title="bbox 528 5667 2093 5758; baseline -0.014 -14"><span class='ocrx_word' id='word_1_724' title='bbox 528 5667 847 5758; x_wconf 53' lang='lat' dir='ltr'><strong>ié&#39;piopuer</strong></span> <span class='ocrx_word' id='word_1_725' title='bbox 875 5667 1297 5736; x_wconf 69' lang='lat' dir='ltr'><strong>similitudinem</strong></span> <span class='ocrx_word' id='word_1_726' title='bbox 1352 5667 1482 5730; x_wconf 86' lang='lat' dir='ltr'><strong>licet</strong></span> <span class='ocrx_word' id='word_1_727' title='bbox 1520 5671 1634 5726; x_wconf 88' lang='lat' dir='ltr'><strong>fere</strong></span> <span class='ocrx_word' id='word_1_728' title='bbox 1669 5669 1936 5743; x_wconf 86' lang='lat' dir='ltr'><strong>suspicari</strong></span> <span class='ocrx_word' id='word_1_729' title='bbox 1986 5667 2093 5723; x_wconf 83' lang='lat' dir='ltr'><strong>No-</strong></span> 
     </span>
    </p>
   </div>
   <div class='ocr_carea' id='block_1_106' title="bbox 2194 5302 3633 5373">
    <p class='ocr_par' dir='ltr' id='par_1_106' title="bbox 2194 5302 3633 5373">
     <span class='ocr_line' id='line_1_106' title="bbox 2194 5302 3633 5373; baseline -0.013 -5"><span class='ocrx_word' id='word_1_730' title='bbox 2194 5321 2371 5369; x_wconf 89' lang='lat' dir='ltr'><strong>strum</strong></span> <span class='ocrx_word' id='word_1_731' title='bbox 2403 5325 2566 5366; x_wconf 90' lang='lat' dir='ltr'><strong>unam</strong></span> <span class='ocrx_word' id='word_1_732' title='bbox 2602 5325 2716 5364; x_wconf 86' lang='lat' dir='ltr'><strong>rem</strong></span> <span class='ocrx_word' id='word_1_733' title='bbox 2745 5316 2806 5362; x_wconf 89' lang='lat' dir='ltr'><strong>ut</strong></span> <span class='ocrx_word' id='word_1_734' title='bbox 2822 5306 2984 5362; x_wconf 90' lang='lat' dir='ltr'><strong>aliam</strong></span> <span class='ocrx_word' id='word_1_735' title='bbox 3003 5312 3168 5373; x_wconf 81' lang='lat' dir='ltr'><strong>atque</strong></span> <span class='ocrx_word' id='word_1_736' title='bbox 3196 5302 3363 5357; x_wconf 86' lang='lat' dir='ltr'><strong>aliam</strong></span> <span class='ocrx_word' id='word_1_737' title='bbox 3383 5313 3633 5354; x_wconf 88' lang='lat' dir='ltr'><strong>narrare.</strong></span> 
     </span>
    </p>
   </div>
   <div class='ocr_carea' id='block_1_107' title="bbox 2268 5376 3090 5450">
    <p class='ocr_par' dir='ltr' id='par_1_107' title="bbox 2268 5376 3090 5450">
     <span class='ocr_line' id='line_1_107' title="bbox 2268 5376 3090 5450; baseline -0.011 -14"><span class='ocrx_word' id='word_1_738' title='bbox 2268 5383 2380 5450; x_wconf 71' lang='grc'><strong>(54)</strong></span> <span class='ocrx_word' id='word_1_739' title='bbox 2413 5383 2490 5436; x_wconf 91' lang='lat' dir='ltr'><strong>lta</strong></span> <span class='ocrx_word' id='word_1_740' title='bbox 2523 5381 2944 5450; x_wconf 84' lang='lat' dir='ltr'><strong>scriptum.non</strong></span> <span class='ocrx_word' id='word_1_741' title='bbox 2966 5376 3090 5450; x_wconf 72' lang='grc' dir='ltr'><strong>γῇς.</strong></span> 
     </span>
    </p>
   </div>
   <div class='ocr_carea' id='block_1_108' title="bbox 2267 5437 3778 5520">
    <p class='ocr_par' dir='ltr' id='par_1_108' title="bbox 2267 5437 3778 5520">
     <span class='ocr_line' id='line_1_108' title="bbox 2267 5437 3778 5520; baseline -0.013 -11"><span class='ocrx_word' id='word_1_742' title='bbox 2421 5437 2662 5506; x_wconf 74' lang='lat' dir='ltr'><strong>Plurima</strong></span> <span class='ocrx_word' id='word_1_743' title='bbox 2703 5450 2909 5520; x_wconf 74' lang='lat' dir='ltr'><strong>templa</strong></span> <span class='ocrx_word' id='word_1_744' title='bbox 2942 5437 3198 5520; x_wconf 43' lang='lat' dir='ltr'><strong>a&#39;liasilio</strong></span> <span class='ocrx_word' id='word_1_745' title='bbox 3231 5442 3318 5520; x_wconf 78' lang='lat' dir='ltr'><strong>vel</strong></span> <span class='ocrx_word' id='word_1_746' title='bbox 3356 5446 3635 5520; x_wconf 59' lang='lat' dir='ltr'><strong>exstructa</strong></span> <span class='ocrx_word' id='word_1_747' title='bbox 3692 5437 3778 5490; x_wconf 72' lang='lat' dir='ltr'><strong>vel</strong></span> 
     </span>
    </p>
   </div>
   <div class='ocr_carea' id='block_1_109' title="bbox 2193 5509 3776 5583">
    <p class='ocr_par' dir='ltr' id='par_1_109' title="bbox 2193 5509 3776 5583">
     <span class='ocr_line' id='line_1_109' title="bbox 2193 5509 3776 5583; baseline -0.011 -4"><span class='ocrx_word' id='word_1_748' title='bbox 2193 5509 2832 5579; x_wconf 56' lang='lat' dir='ltr'><strong>Instauratacuumerat&#39;</strong></span> <span class='ocrx_word' id='word_1_749' title='bbox 2874 5517 3062 5572; x_wconf 87' lang='lat' dir='ltr'><strong>Const.</strong></span> <span class='ocrx_word' id='word_1_750' title='bbox 3117 5512 3318 5583; x_wconf 75' lang='lat' dir='ltr'><strong>Porph.</strong></span> <span class='ocrx_word' id='word_1_751' title='bbox 3366 5527 3421 5581; x_wconf 79' lang='grc' dir='ltr'><strong>ι).</strong></span> <span class='ocrx_word' id='word_1_752' title='bbox 3458 5509 3561 5564; x_wconf 69' lang='grc'><strong>198</strong></span> <span class='ocrx_word' id='word_1_753' title='bbox 3619 5522 3776 5578; x_wconf 75' lang='lat' dir='ltr'><strong>seqq.</strong></span> 
     </span>
    </p>
   </div>
   <div class='ocr_carea' id='block_1_110' title="bbox 2193 5584 3188 5662">
    <p class='ocr_par' dir='ltr' id='par_1_110' title="bbox 2193 5584 3188 5662">
     <span class='ocr_line' id='line_1_110' title="bbox 2193 5584 3188 5662; baseline -0.015 -11"><span class='ocrx_word' id='word_1_754' title='bbox 2193 5595 2309 5651; x_wconf 78' lang='lat' dir='ltr'><strong>vid.</strong></span> <span class='ocrx_word' id='word_1_755' title='bbox 2340 5594 2456 5648; x_wconf 87' lang='lat' dir='ltr'><strong>Zon</strong></span> <span class='ocrx_word' id='word_1_756' title='bbox 2505 5609 2559 5662; x_wconf 86' lang='lat' dir='ltr'><strong>p.</strong></span> <span class='ocrx_word' id='word_1_757' title='bbox 2614 5592 2734 5662; x_wconf 22' lang='lat'><strong>1773.</strong></span> <span class='ocrx_word' id='word_1_758' title='bbox 2771 5589 2934 5662; x_wconf 74' lang='lat' dir='ltr'><strong>Cedr.</strong></span> <span class='ocrx_word' id='word_1_759' title='bbox 2965 5584 3188 5662; x_wconf 14' lang='lat' dir='ltr'><strong>pr.</strong></span> 
     </span>
    </p>
   </div>
   <div class='ocr_carea' id='block_1_111' title="bbox 2266 5651 3669 5736">
    <p class='ocr_par' dir='ltr' id='par_1_111' title="bbox 2266 5651 3669 5736">
     <span class='ocr_line' id='line_1_111' title="bbox 2266 5651 3669 5736; baseline -0.009 -18"><span class='ocrx_word' id='word_1_760' title='bbox 2266 5667 2378 5736; x_wconf 76' lang='grc' dir='ltr'><strong>(ὃὸ)</strong></span> <span class='ocrx_word' id='word_1_761' title='bbox 2410 5651 2597 5720; x_wconf 72' lang='lat' dir='ltr'><strong>Const.</strong></span> <span class='ocrx_word' id='word_1_762' title='bbox 2636 5660 2838 5732; x_wconf 84' lang='lat' dir='ltr'><strong>Porph.</strong></span> <span class='ocrx_word' id='word_1_763' title='bbox 2872 5675 2926 5730; x_wconf 89' lang='lat' dir='ltr'><strong>p.</strong></span> <span class='ocrx_word' id='word_1_764' title='bbox 2954 5651 3080 5720; x_wconf 57' lang='lat' dir='ltr'><strong>itii,</strong></span> <span class='ocrx_word' id='word_1_765' title='bbox 3116 5654 3297 5711; x_wconf 81' lang='lat' dir='ltr'><strong>Nostri</strong></span> <span class='ocrx_word' id='word_1_766' title='bbox 3323 5651 3437 5710; x_wconf 85' lang='lat' dir='ltr'><strong>fere</strong></span> <span class='ocrx_word' id='word_1_767' title='bbox 3458 5651 3669 5708; x_wconf 81' lang='lat' dir='ltr'><strong>verbis.</strong></span> 
     </span>
    </p>
   </div>
  </div>
