4158 6442
167 397 178 404 ⁸
225 402 230 404 _
251 399 280 404 __
433 397 462 403 -_
589 395 620 399 __
675 394 712 398 _-
773 392 870 398 -Αμκ
1007 392 1026 396 -.
1067 393 1074 396 .
1123 390 1156 396 η..
1187 391 1214 395 ρ-
1259 389 1288 394 -η-
1303 385 1532 396 -¢—~‘—————--
1593 387 1852 394 -——~————~——--
1911 387 2844 398 -~-———-.—_—.——.—_-‘_...____.._-__....__._..__..
2893 380 2906 391 ο
2955 387 3108 399 ...νιν-*-
3170 378 3289 403 σ’*οο
3315 386 3332 404 γ

165 426 170 430 ,
260 424 562 440 ___,__
685 393 916 427 .--γι
1281 418 1340 422 μη
1549 416 1606 422 --σ-
1765 418 1774 420 -
1853 419 1862 424 ς
1949 418 2177 427 -η--κ
3043 403 3344 429 --ν-ω·

125 556 280 769 ἐκ
1429 606 1767 722 NOTI

1429 606 2039 723 NOTITIA

142 924 279 1007 3L

112 1004 175 1025 κ]

631 1026 1021 1090 HISTORIA!
1049 1022 1497 1089 BYZANTINJB
1537 1020 2008 1083 SCRIPTORES
2041 1019 2232 1081 POST
2264 1019 2807 1083 THEOPHANEM.

1303 1178 1526 1241 (Panic.
1553 1172 1773 1228 Bibliollt.
1797 1178 1887 1227 Gr.
1913 1175 1999 1237 Vl,
2022 1175 2156 1235 318.)

186 1486 338 1540 Venit
386 1483 501 1553 jam
554 1481 954 1538 recensendum
998 1481 1255 1535 volumen
1315 1479 1645 1548 Scriptorum
1696 1490 1813 1548 post
1853 1478 2240 1543 Theophanem,
2292 1476 2409 1531 sive
2452 1478 2548 1545 qui
2578 1475 2867 1530 historiam
2900 1477 3259 1547 Byzantinam
3295 1477 3366 1532 ah

126 1570 279 1625 Leone
307 1568 594 1632 Armenio,
618 1567 776 1622 Mich.
810 1566 1160 1635 Cumpalata:
1216 1566 1591 1636 imperatoris.
1623 1566 1677 1618 in
1717 1579 1827 1633 quo
1860 1565 2065 1621 desinit
2105 1562 2459 1635 Theophanis
2488 1562 2827 1629 Chronieon,
2873 1578 3218 1629 successore,
3245 1580 3345 1635 pro

127 1662 378 1714 duxerunt
421 1672 599 1726 usque
643 1656 712 1711 ad
745 1654 1119 1725 Nicephorum
1148 1653 1389 1709 Phocam
1443 1654 1575 1722 imp.
1607 1660 1661 1707 et
1697 1668 1764 1708 es
1810 1668 1947 1709 mss.
1974 1654 2139 1709 codd.
2170 1654 2428 1709 recensiti
2471 1664 2637 1723 atque
2667 1653 2919 1709 versione
2950 1653 3139 1707 donati
3181 1665 3310 1709 sunt
3341 1667 3371 1705 a

128 1746 402 1801 Francisco
443 1744 741 1806 Conibells,
785 1742 910 1797 0rd.
964 1743 1394 1811 pmdicatorum
1462 1742 1905 1811 congregationis
1944 1740 2002 1797 S.
2059 1739 2347 1803 Ludovici.
2379 1740 2474 1797 sed
2507 1743 2682 1795 lucem
2718 1740 2937 1796 demum
2969 1742 3223 1796 viderunt
3250 1742 3374 1809 post

126 1838 224 1898 ejus
288 1832 404 1887 fata
440 1832 542 1901 (ιι),
604 1830 787 1905 Raris.
853 1831 1015 1896 1685,
1067 1831 1203 1896 lol.;
1264 1830 1411 1885 unde
1465 1831 1631 1884 etiam
1688 1831 2074 1887 adnotationcs
2112 1845 2254 1901 quas
2304 1829 2358 1883 in
2395 1829 2495 1884 hos
2526 1830 2826 1899 scriptores
2868 1831 2953 1883 vir
2981 1829 3179 1884 doctus
3217 1843 3374 1897 para—

127 1922 221 1986 bat,
248 1920 654 1977 desiderantur.
686 1918 997 1988 Scriptores
1025 1918 1130 1989 ipsi
1163 1919 1267 1973 hoc
1295 1918 1488 1973 ordine
1515 1920 1772 1990 leguntur
1802 1938 1816 1974 :

188 2010 230 2063 1.
267 2010 513 2063 Αμοιιιιιι
562 2012 747 2078 (quem
799 2007 1011 2063 incerta
1051 2006 1398 2075 conjectura—
1432 2006 1722 2065 Leontium
1763 2009 2124 2080 Byzantinum
2163 2006 2351 2063 vocari
2376 2006 2536 2062 video
2584 2020 2615 2059 a
2666 2004 2890 2060 Lahbeo
2924 2004 2978 2060 in
3017 2003 3372 2071 Protreptico,

127 2114 170 2166 ι).
224 2096 283 2150 ll
346 2104 403 2149 et
424 2096 515 2163 46)
578 2094 907 2158 Chronicon,
966 2093 1293 2166 Theophani
1345 2096 1724 2151 continuando
1785 2096 2137 2151 Constantini
2201 2095 2713 2165 Porpliyrngenneti
2782 2094 2942 2163 jussu
2990 2094 3375 2159 conscriptum

129 2184 263 2239 libris
290 2198 349 2238 tv
379 2184 481 2255 (b),
504 2183 571 2237 de
595 2183 827 2237 totidem
849 2183 1277 2254 imperatoribus
1305 2199 1317 2235 :
1348 2183 1445 2238 lib.
1469 2200 1506 2246 ι,
1535 2183 1612 2237 De
1648 2183 1821 2239 Leone
1844 2184 2118 2247 Armenio,
2149 2182 2242 2252 qui
2267 2183 2331 2236 Α.
2369 2182 2431 2236 C.
2462 2183 2566 2236 8l3
2595 2182 2769 2251 erepit
2801 2180 3158 2249 imperitare;
3188 2180 3288 2235 lib.
3314 2192 3377 2242 II,

128 2272 191 2326 De
217 2272 475 2327 lichaele
502 2270 707 2335 Balbo;
740 2269 836 2325 lib.
898 2286 985 2333 tu,
1031 2269 1108 2326 De
1158 2269 1448 2339 Theophila
1478 2268 1784 2337 Michaelis,
1824 2282 1877 2329 et
1932 2273 2029 2327 lib.
2066 2287 2143 2336 iv,
2178 2270 2244 2327 de
2277 2270 2544 2324 Michaele
2581 2269 2868 2337 Theophili
2890 2267 3023 2332 ﬁlio,
3049 2282 3210 2338 quem
3246 2280 3380 2321 nece

130 2362 384 2415 sublatum
434 2360 631 2415 scribit
678 2358 749 2414 25
780 2358 934 2429 Sept.
977 2359 1117 2413 anni
1166 2358 1481 2414 Graecorum
1523 2360 1687 2425 6576,
1721 2364 1825 2418 hoc
1879 2372 1965 2418 est
1993 2361 2199 2418 Christi
2241 2362 2365 2417 868.
2400 2363 2589 2418 Grieca
2636 2360 3011 2415 Combcl‘isius
3035 2356 3281 2427 vulgavit
3310 2371 3378 2408 ex

129 2451 424 2520 apographo
482 2448 881 2504 Barheriniano
932 2449 1144 2503 codicis
1180 2463 1287 2502 ms.
1323 2446 1578 2504 Vaticani
1614 2450 1713 2520 (⁸),
1739 2451 1883 2519 quod
1923 2449 2241 2505 llolstenins
2280 2452 2448 2506 Roma
2494 2451 2900 2505 transmiserat.
2928 2448 2972 2501 Α
3009 2444 3382 2502 Constantino

128 2537 660 2611 Porphyrogenneto,
694 2538 781 2593 vel
803 2536 928 2606 ejus
968 2538 1191 2594 nomine
1220 2538 1384 2593 verba
1415 2539 1665 2608 quaedam
1697 2541 1903 2595 inserta
1932 2541 2190 2595 videntur
2224 2539 2320 2595 lib.
2361 2555 2420 2606 tt,
2446 2539 2537 2594 ubi
2573 2540 2642 2595 de
2666 2537 2828 2593 Creta
2870 2555 2898 2591 ο
2924 2535 3217 2591 Saracenis
3247 2534 3383 2588 libe—

129 2630 276 2681 randa
308 2644 522 2688 sermo.
558 2643 614 2696 p.
641 2627 733 2683 5|.

186 2716 231 2768 2.
265 2715 685 2770 Cousnsrmus
706 2712 1272 2769 Ponrurnocenssrus
1296 2713 1616 2783 imperator,
1648 2720 1715 2771 Α.
1740 2714 1802 2772 C.
1832 2717 1940 2774 959
1974 2719 2298 2783 exstinctus,
2333 2718 2402 2772 de
2427 2719 2540 2772 vita
2578 2718 2663 2771 avi
2705 2716 2791 2771 sui
2816 2714 3003 2770 Basilii
3043 2711 3380 2771 Macedonis.

129 2802 205 2870 qni
234 2801 487 2856 Michaeli
513 2798 804 2870 Theophili
844 2800 956 2853 lilio
988 2802 1052 2853 Α.
1081 2800 1142 2854 C.
1171 2800 1279 2855 868
1310 2804 1605 2867 successit,
1652 2819 1925 2874 quemque
1961 2815 2118 2861 notat
2141 2823 2267 2859 cum
2310 2806 2403 2860 illo
2425 2808 2722 2860 decessme
2752 2819 2854 2859 suo
2886 2802 3150 2857 Michaele
3176 2815 3381 2853 annum

130 2906 275 2943 υιιυιιι
322 2892 571 2945 habenas
606 2888 820 2959 imperii
880 2887 1144 2958 gessisse,
1178 2887 1379 2943 deinde
1403 2904 1536 2944 vero
1582 2891 1723 2947 alios
1754 2908 1931 2950 annos
1985 2894 2326 2965 undeviginti
2365 2895 2543 2949 solum
2604 2908 2788 2947 rerum
2823 2905 3095 2947 summam
3122 2889 3386 2959 praeclare

129 2978 555 3038 administrasse,
591 2991 766 3047 usque
795 2975 863 3029 ad
893 2989 1099 3029 annum
1132 2974 1393 3030 nimirum
1439 2976 1566 3031 888.
1592 2977 1714 3033 Vita
1745 2980 1848 3036 ista
1883 2982 1996 3051 jam
2030 2983 2205 3037 lucem
2235 2984 2467 3042 viderat,
2506 2997 2630 3035 cum
2666 2980 2864 3035 Leonis
2893 2979 3078 3033 Allatii
3112 2978 3384 3039 versione,

130 3066 173 3118 in
206 3066 322 3135 ejus
352 3065 727 3135 Συμμίκτοις
755 3067 821 3119 Α.
860 3063 1019 3128 1655,
1044 3063 1126 3130 8ο,
1157 3064 1332 3119 divisa
1382 3066 1440 3119 in
1470 3067 1747 3125 sectiones

1744 3088 1747 3119 ι
1778 3069 1894 3123 sive
1926 3071 2105 3141 capita
2148 3072 2234 3125 70.
2270 3069 2377 3124 Sed
2418 3070 2786 3124 Combeﬁsius
2808 3066 2998 3121 Graeca
3040 3065 3108 3119 ad
3130 3066 3239 3133 jam
3271 3080 3386 3118 me-

132 3166 388 3208 moratum
451 3154 829 3223 apographum
884 3152 1339 3206 [larherinianum
1382 3155 1685 3217 recensuit,
1734 3170 1933 3210 novam
1980 3157 2229 3226 adjunxit
2253 3158 2587 3219 versionem,
2619 3168 2671 3209 et
2719 3154 3061 3208 scelionibus
3102 3153 3197 3205 101
3230 3152 3389 3203 aliter

130 3250 273 3311 atque
301 3240 546 3295 Allatius
575 3240 900 3311 dispescuit,
928 3255 1053 3310 qua:
1106 3239 1324 3295 diversa
1368 3242 1610 3311 capitum
1643 3242 1926 3299 distinctio
1967 3260 2192 3299 crucem
2223 3248 2363 3301 solet
2393 3247 2556 3315 figere
2587 3246 2883 3300 citanlihns
2911 3243 3263 3311 scriptorem,
3297 3240 3384 3292 vel

128 3330 269 3380 citata
303 3329 425 3383 loca
472 3328 753 3397 inquirere
780 3329 1157 3397 cupientibus.
1189 3327 1347 3392 Quod
1381 3330 1436 3381 in
1483 3330 1640 3384 titulo
1674 3330 1770 3401 legi

1742 3332 1877 3401 gitur
1909 3349 1923 3385 :
1962 3332 2233 3405 Ἰστορικὴ
2284 3334 2542 3404 διήγησις
2577 3330 2675 3385 τοῦ
2712 3332 2827 3401 βίου
2856 3332 2950 3383 κ]ιί
2983 3332 3092 3383 τῶν
3124 3324 3384 3405 πράξειέν(

127 3415 395 3469 Basilides
430 3415 529 3469 τοῦ
564 3416 814 3486 ἀοιδίμου
842 3416 1132 3486 βασιλέως,
1163 3417 1233 3486 ἢν
1270 3418 1682 3482 Κωνσςαντῐνος
1702 3397 1961 3489 βᾷσιλεὺς
1991 3424 2049 3474 ὲν
2074 3397 2196 3493 Sed;
2222 3397 2527 3493 ⁷Ῥιοέιιιέων
2560 3422 2588 3474 ὁ
2620 3397 2811 3475 τού-του
2838 3417 3057 3482 υἱωνὸς,
3083 3397 3399 3486 φιὶξοπόνωξ

128 3507 219 3557 ὰπέ
237 3506 517 3574 διαφόρων
542 3508 803 3575 ἁθροίσας
828 3506 1188 3576 διηγημάτων
1221 3504 1301 3577 τῷ
1337 3507 1605 3578 γράφοντι
1635 3524 1770 3579 προσ

1747 3509 2026 3576 σινέθετο,
2069 3526 2165 3581 per
2200 3512 2295 3564 τὸν
2324 3511 2607 3581 γράφοντα
2646 3508 2892 3578 intellige
2922 3517 3206 3563 auctorem
3245 3524 3388 3577 qua-

127 3604 236 3649 tuor
253 3596 686 3665 praecedentium
707 3597 995 3657 librorum.
1027 3596 1231 3665 quibus
1274 3597 1415 3651 hanc
1472 3593 1654 3651 Vitam
1703 3596 1847 3652 bona
1878 3600 2037 3653 venia
2072 3600 2422 3668 imperatoris
2476 3597 2795 3661 subnexuit,
2827 3607 2880 3651 et
2923 3610 3032 3666 qua
3070 3606 3304 3650 testatur
3326 3611 3387 3650 so

126 3684 437 3739 deterritum
470 3699 617 3746 esse.
651 3698 719 3739 ne
754 3692 808 3738 et
834 3685 951 3753 ipse
976 3682 1159 3738 Vitam
1186 3684 1376 3739 Basilii
1405 3685 1695 3749 scriberet,
1723 3685 1799 3741 ita
1824 3688 1972 3741 enim
2007 3687 2332 3757 Anonymus
2364 3686 2457 3741 ille
2497 3685 2763 3741 Chronici
2808 3685 3049 3755 scriptor
3088 3684 3142 3740 in
3169 3684 3386 3755 praefat.

125 3775 181 3825 ait
211 3774 470 3827 eui-idem
504 3771 957 3835 Constantinum,
991 3772 1153 3842 cujus
1188 3772 1344 3841 jussu
1378 3772 1446 3828 ad
1475 3770 1863 3844 Theophanem
1911 3775 2354 3829 continuandum
2404 3774 2714 3829 accessisse
2748 3788 2808 3828 se
2850 3772 3138 3843 proﬁtetur
3162 3790 3176 3826 :
3201 3774 3261 3827 Et
3296 3774 3392 3828 iui

123 3859 205 3911 τοῦ
235 3861 490 3931 ἀοιδίμου
524 3877 621 3913 σου
652 3861 901 3928 πάππου,
926 3859 1022 3914 τοῦ
1050 3862 1109 3914 ὲν
1140 3860 1425 3931 βασιλεῦσι
1447 3861 1708 3925 εὐκλεοῦς
1736 3862 2025 3917 Βασιλείου
2054 3864 2121 3916 τὰ
2161 3863 2312 3933 παρὰ
2344 3861 2435 3916 σοῦ
2479 3863 2860 3931 ἱστορούμενα,
2898 3862 2993 3915 καὶ
3031 3866 3170 3933 μετὰ
3211 3864 3391 3929 πάσης

126 3951 404 4015 σαφηνείας
438 3947 541 4000 καὶ
572 3948 733 4016 λόγου
764 3948 1065 4018 εὐκοσμίας
1115 3948 1259 4001 κατὰ
1308 3948 1371 4001 τὸ
1417 3949 1529 4001 τῶν
1568 3951 1880 4020 γενομένων
1932 3950 2130 4020 ἀληθὲς
2167 3952 2262 4003 καὶ
2305 3949 2596 4019 εἱλικρινὲς
2628 3951 2708 4012 εἰς
2747 3951 2806 4001 τὸ
2841 3950 3080 4020 φανερὸν
3113 3952 3265 4019 παρὰ
3290 3950 3391 4019 τῆς

125 4034 209 4102 σῆς
241 4034 742 4105 πολυμαθεστάτης
769 4037 1030 4107 eloquio;
1057 4035 1511 4107 ἑξαγορευθέντα,
1548 4038 1767 4108 ereptus

1752 4038 1805 4093 ὸν
1835 4039 1901 4093 ἂν
1931 4039 2019 4109 εἴη
2049 4038 2326 4093 οὐδοτιοῦν
2358 4039 2748 4108 διηγήσασθαι.
2784 4037 3091 4104 Labbeutn,
3124 4038 3217 4107 qui
3252 4038 3394 4091 ham:

123 4121 285 4177 Vitam
312 4139 428 4179 non
456 4139 487 4177 a
519 4123 892 4179 Constantino
924 4125 1069 4194 ipso,
1100 4129 1193 4179 scd
1223 4127 1293 4179 ab
1316 4126 1424 4179 alio
1454 4124 1577 4193 ejus
1604 4126 1766 4194 jussu
1810 4125 2076 4191 scriptam
2106 4134 2191 4177 est
2216 4124 2559 4191 suspicatus,
2586 4124 2787 4176 relellit
2814 4123 3076 4178 Martinus
3113 4122 3395 4177 Ilanckins

125 4210 190 4265 De
214 4212 360 4267 llist.
394 4212 539 4280 Βμ.
574 4214 921 4280 scriptoribus
962 4229 1013 4282 p.
1049 4213 1178 4274 475.
1232 4222 1407 4284 atque
1446 4214 1598 4268 solus
1628 4213 1718 4267 ille
1752 4209 2023 4283 (Hanckio
2068 4224 2170 4263 nec
2207 4210 2360 4265 visus
2410 4211 2700 4279 scriptoris
2741 4212 3003 4279 anonymi
3030 4212 3206 4273 locus,
3254 4226 3392 4261 non-

122 4299 231 4353 dum
251 4302 405 4357 enim
435 4300 741 4370 prodierat)
772 4299 973 4356 sullicit
1002 4300 1074 4355 ab
1095 4299 1296 4355 Lablsci
1319 4311 1376 4355 et
1406 4300 1503 4371 qui
1534 4315 1661 4356 eum
1690 4297 1945 4371 sequitur
1963 4296 2127 4354 Casei
2158 4300 2274 4367 (ubi
2302 4299 2370 4355 de
2404 4299 2632 4354 Leontio
2658 4298 2787 4368 Byz.
2824 4299 3247 4370 chronographo
3280 4309 3394 4369 agit

122 4388 177 4441 ad
206 4392 269 4445 Α.
301 4389 369 4445 C.
391 4389 529 4458 920)
561 4389 937 4457 conjecturam
968 4388 1300 4444 elidendam.

182 4477 231 4531 5.
260 4480 571 4533 Asouvuus
594 4477 763 4547 (alius
796 4486 855 4531 ut
877 4475 1093 4531 videtur
1117 4483 1173 4529 et
1206 4474 1548 4531 succinctior
1568 4488 1735 4547 quam
1758 4478 1851 4547 qui
1890 4476 2136 4548 priorum
2167 4486 2408 4546 quatuor
2444 4476 2712 4532 librorum
2750 4486 2836 4531 cst
2869 4478 3090 4544 auctor)
3126 4477 3199 4531 De
3234 4479 3391 4531 rebus

121 4568 290 4624 Leonis
322 4571 669 4638 Philosophi,
699 4573 792 4641 qui
830 4569 1019 4625 Basilii
1062 4569 1209 4624 Illius
1240 4577 1296 4625 et
1326 4584 1621 4625 successor
1659 4571 1783 4635 luit,
1830 4587 1953 4642 pag.
1987 4570 2255 4625 217-232.
2287 4570 2361 4624 De
2393 4571 2706 4625 Alexandro
2739 4570 2930 4625 Leonis
2960 4572 3130 4640 fratre
3162 4587 3218 4640 p.
3259 4572 3390 4633 255,

119 4657 227 4712 234.
276 4658 354 4712 De
397 4658 763 4713 Constantino
806 4657 1309 4728 Porphyrogenneto
1334 4656 1526 4712 Leonis
1556 4654 1651 4723 F.,
1678 4659 1775 4729 qui
1832 4674 1968 4729 puer
2024 4659 2308 4728 septennis
2346 4659 2600 4729 pervenit
2640 4660 2706 4714 ad
2751 4660 3137 4728 imperiniu,et
3171 4663 3387 4728 primos

119 4755 312 4814 septem
348 4761 542 4801 annos
576 4746 679 4801 sub
698 4743 925 4801 Nieolao
974 4745 1290 4815 patriarcha
1329 4753 1383 4800 et
1428 4746 1554 4801 aliis
1588 4748 1887 4811 tutoribus,
1932 4755 2107 4802 matre
2154 4745 2285 4810 Zoe.
2322 4761 2499 4803 annos
2546 4764 2642 4803 sex
2672 4756 2728 4801 et
2750 4748 2943 4816 viginti
2978 4762 3105 4801 cum
3138 4746 3390 4801 Romano

119 4828 423 4904 L‘tcapeno,
448 4848 673 4899 socero,
711 4848 775 4889 ac
804 4834 1045 4901 denique
1068 4833 1222 4889 solus
1248 4847 1426 4889 annos
1447 4835 1764 4904 quindecim
1792 4834 2029 4906 praefuit,
2054 4844 2219 4906 atque
2244 4837 2318 4889 ita
2349 4850 2446 4906 per
2473 4852 2651 4891 annos
2682 4851 2749 4890 ιν
2789 4838 2925 4890 visit
2956 4837 3392 4905 dignitatemque

117 4924 461 4993 imperatoris
496 4923 661 4994 gessit
692 4940 705 4977 :
742 4938 868 4994 pag.
899 4922 1160 4978 εδδ-ειη.
1199 4921 1266 4976 Et
1288 4921 1367 4977 De
1398 4920 1638 4979 Romano
1655 4924 1873 4994 juniore
1900 4924 2241 4980 Constantini
2272 4923 2763 4994 l’orphyrogenneti
2787 4926 2902 4994 ﬁlio
2921 4965 2936 4989 ,
2967 4940 3089 4994 pag.
3119 4924 3385 4980 293-500.

179 5125 251 5196 (ο)
278 5126 435 5180 Obiit
488 5124 858 5181 Conibclisius
890 5124 1120 5182 Parisiis
1151 5125 1216 5182 Α.
1248 5126 1409 5191 1679,
1434 5126 1509 5180 23
1542 5124 1696 5193 Jun.,
1808 5129 1862 5181 in
1895 5124 2222 5180 Bibliotheca
2244 5124 3083 5193 scriptorumecclesiasticarum,
3119 5135 3160 5177 t.
3201 5124 3383 5188 Χνιιι,

118 5202 281 5269 :cL-itis
308 5198 401 5269 δῖ.
440 5196 526 5251 De
568 5198 1187 5269 eius_vita__cko‘nsnlendi
1220 5198 1451 5252 Carolus
1482 5196 1704 5269 Peraul-
1809 5212 1933 5269 pag.
1968 5198 2060 5269 9_9.

120 5275 197 5318 tns
237 5268 289 5321 in
346 5267 496 5320 Viris
558 5267 737 5319 seculi
769 5265 816 5319 X
835 5266 941 5320 VII
966 5268 1265 5322 illustribus
1306 5270 1398 5335 qui
1425 5269 1480 5321 in
1517 5267 1700 5323 Gallia
1810 5265 1826 5269 ⁷
1878 5265 1954 5335 (b)
1994 5266 2281 5322 Librorum
2306 5266 2716 5322 distinctionem
2741 5266 2809 5321 ab
2852 5266 2972 5335 ipso
3011 5275 3237 5319 auctore
3270 5281 3391 5320 esse

118 5336 439 5401 claruerunt,
474 5350 630 5393 tonio
656 5337 721 5401 ΙΙ,
764 5352 889 5407 pag.
916 5338 1006 5403 48,
1045 5348 1100 5393 et
1132 5336 1269 5395 Lud.
1308 5336 1455 5393 Elias
1491 5340 1563 5392 du
1592 5339 1689 5394 Pin
1801 5336 1946 5409 patet
1971 5355 2035 5392 es
2066 5354 2189 5408 pag.
2228 5339 2347 5392 l08.

204 5547 261 5607 (')
291 5546 492 5611 «Codex
520 5545 679 5611 ipse,s
711 5544 877 5611 inquit,
901 5545 1170 5611 Immanuel
1194 5546 1527 5611 Bekkerusln
1562 5546 1855 5611 Prmlatione
1881 5546 1941 5611 ad
1965 5543 2717 5611 editionemBonnenscmanni
2745 5544 3049 5611 1338,__icnm
3078 5549 3189 5611 post
3218 5553 3389 5611 paceni

118 5606 421 5659 Tolentinam
455 5606 681 5659 Parisios
698 5606 1008 5671 derenisset,
1029 5624 1054 5658 a
1085 5608 1261 5659 Carolo
1286 5609 1559 5660 Benedicto
1582 5608 1729 5659 Hasio
1750 5609 2029 5671 descriptus
2057 5617 2134 5656 est
2155 5611 2202 5657 in
2226 5607 2312 5655 illo
2332 5606 2553 5656 Codicum
2580 5607 2859 5671 Italicorum
2886 5606 3099 5671 Parisios
3125 5606 3391 5654 Iranslaw-

120 5684 214 5734 him
242 5672 495 5734 catalogo,
525 5683 680 5731 quem
704 5670 839 5731 gravi
864 5674 1144 5720 litterarum
1165 5673 1344 5722 damno
1364 5672 1449 5721 diu
1468 5672 1805 5722 desideratum
1827 5667 2028 5720 tandem
2055 5671 2316 5734 aliquando
2339 5683 2598 5731 speramus
2618 5668 2937 5734 prtxliturnm.
2957 5667 3071 5714 Inde
3083 5672 3392 5734 compertum

121 5732 282 5781 Izhrnm
310 5730 460 5797 hojiis
491 5730 799 5797 argumenti.
830 5734 962 5794 quod
987 5735 1217 5797 sciamus,
1246 5739 1446 5784 unicum
1479 5737 1613 5784 inter
1644 5734 1917 5797 Vaticanos
1945 5735 2195 5781 nume-rari
2223 5732 2305 5779 lti‘l
2345 5730 2559 5797 esseque
2596 5731 3039 5797 membranaceum,
3077 5730 3388 5797 quadratum,

120 5799 285 5843 terqu
308 5790 580 5845 xu'nitide'
592 5790 861 5856 scriptum;
885 5799 982 5843 nne
1010 5794 1259 5859 mutilum,
1281 5804 1482 5853 caetera.
1506 5801 1547 5847 si
1582 5794 1787 5860 primam
1818 5808 2083 5858 exceperts
2118 5798 2363 5857 paginam,
2386 5790 2521 5844 bene
2544 5799 2913 5849 conservatum,
2933 5790 3066 5839 foliis
3092 5790 3194 5839 ιω.
3214 5806 3232 5838 i

308 5884 600 5945 Ριτιιοι.
646 5882 765 5946 Gn.
816 5882 968 5946 CIX.

2956 5878 2978 5939 1
