4158 6442
713 330 774 394 li
2162 331 2497 392 ΝΟΤΙἨΑ
3920 334 3978 399 ιε

710 452 868 503 Plura
900 445 1172 518 promittit
1236 444 1327 501 ille
1376 444 1617 513 scriptor
1650 443 1713 498 de
1764 444 2051 515 Theophili
2082 446 2235 500 urbis
2268 444 2507 513 [ιτςιιΐυριι
2566 453 2642 513 (p.
2683 444 2808 513 275)
2840 452 2894 499 et
2934 444 3001 499 de
3028 444 3261 499 aliorum
3310 462 3539 501 summm
3570 447 3624 502 in
3658 447 3781 503 aula
3816 444 3982 502 Cl’ol-

706 536 1057 592 auctoritatis
1080 540 1326 589 virorum
1354 532 1622 594 moribus,
1656 547 1778 602 qua:
1807 546 1919 587 non
1947 540 2188 598 exstant,
2223 540 2375 586 certe
2408 532 2584 587 lucem
2621 546 2729 585 non
2753 531 3031 588 viderunt.

777 647 831 698 4.
870 646 1111 698 Auourul
1150 639 1469 693 Dissertatio
1522 640 1843 694 stelitcutica
1892 652 2081 695 contra
2134 640 2519 696 lconontachos
2552 642 2624 709 (c)
2655 650 2704 694 et
2755 641 3016 709 synodum
3067 640 3575 711 Copronymianom,
3612 647 3814 715 scripta
3838 646 3983 701 circa

708 734 773 785 Α.
800 730 861 785 C.
900 728 1023 793 745,
1047 736 1212 797 atque
1239 726 1379 781 adeo
1408 735 1536 781 ante
1582 728 1874 792 septimam
1908 728 2181 797 synodum
2220 730 2336 785 sive
2367 728 2640 785 Nicaeuam
2669 729 2993 793 secundam,
3021 745 3074 799 p.
3115 732 3310 787 303—3l
3331 732 3376 785 Ι.

780 847 832 900 5.
863 847 1093 902 .Iosutus
1130 845 1385 898 monachi
1416 844 1912 913 Hierosolymitani,
1950 857 2193 896 narratio
2225 844 2288 894 de
2319 841 2519 907 origine
2540 849 2778 893 motuum
2808 837 3291 903 lconoclastarum,
3335 856 3388 908 p.
3418 840 3544 904 3I‘3,
3564 842 3689 897 313.
3723 842 3870 898 lilem
3900 843 3985 899 hic

708 933 948 989 Joannes
970 935 1223 1007 (forsitan
1247 932 1638 1004 Hierosolymis
1654 934 1803 986 urbis
1824 930 2175 1000 postmodum
2194 929 2507 1000 episcopus)
2536 928 2696 998 cujus
2718 930 2912 998 Λόγον
2930 925 3352 983 ἀποδεικτικὸν
3376 930 3440 985 de
3466 932 3635 984 sacris
3662 933 3983 1000 imaginibus

711 1023 776 1076 ad
814 1022 1237 1078 Constantinum
1266 1019 1594 1076 Cabaliuum
1624 1021 1738 1074 sive
1776 1018 2185 1091 (Iopronymum
2206 1020 2376 1071 edidit
2405 1017 2769 1072 Combelisius
2799 1024 2840 1070 t.
2867 1015 2910 1070 ll
2945 1018 3189 1072 Auctarii
3217 1020 3358 1079 novi,
3379 1020 3493 1073 sive
3524 1020 3576 1073 in
3606 1018 3846 1073 Historia
3872 1020 3987 1074 Mo-

713 1111 1115 1172 nothelitarum.
1148 1128 1273 1181 pag.
1298 1108 1427 1175 665,
1479 1118 1533 1164 et
1583 1123 1748 1179 quam
1789 1108 2012 1162 codices
2050 1111 2139 1161 alii
2165 1111 2408 1160 inlinunt
2450 1104 2647 1159 Joanui
2693 1105 3047 1160 Damasceno.
3084 1107 3156 1161 De
3205 1107 3392 1161 codice
3419 1106 3610 1175 Regio,
3647 1123 3709 1162 es
3737 1122 3847 1175 quo
3877 1106 3987 1161 duo

715 1200 827 1252 haec
855 1200 1120 1267 opuscula
1151 1197 1512 1251 Combelisius
1532 1196 1849 1264 descripsit,
1880 1198 2017 1250 etin
2054 1213 2165 1265 quo
2186 1207 2352 1249 ct‘attt
2408 1200 2664 1264 leguntur
2712 1199 3025 1251 testimonia
3079 1195 3297 1249 Patrum
3340 1211 3462 1264 qua:
3511 1212 3609 1263 pro
3657 1196 3988 1264 imaginibus

714 1292 768 1344 in
798 1282 1007 1351 synodo
1032 1279 1253 1334 Nicaena
1285 1279 1527 1335 secunda
1592 1278 1918 1344 alieruntur,
1968 1280 2199 1334 videnda
2264 1282 2551 1336 clarissimi
2604 1280 2973 1337 Montlauconi
3030 1282 3436 1353 Palmograpliia
3469 1283 3677 1347 Graeca,
3701 1299 3753 1351 p.
3782 1283 3874 1345 65,
3898 1282 3987 1337 66·

726 1370 901 1423 Videri
920 1380 1097 1424 autem
1120 1379 1317 1437 potest,
1355 1369 1537 1437 inquit
1557 1368 1944 1431 Combelisius,
1988 1370 2282 1436 praeclarus
2316 1373 2405 1423 ille
2457 1369 2619 1425 codex
2656 1372 2810 1441 quasi
2858 1371 3143 1441 ὁπλοθήκη
3168 1373 3509 1435 universalis,
3538 1372 3760 1425 collecta
3790 1370 3988 1423 habens

713 1460 976 1528 prtecipua
1009 1475 1227 1529 quisque
1276 1456 1676 1513 Catholicoruin
1723 1459 1977 1510 adversus
2004 1457 2281 1510 hwreticos
2327 1458 2556 1528 (Christi
2596 1461 2828 1514 maxime
2868 1461 3180 1530 mysterium
3206 1460 3601 1531 impugnantes)
3637 1462 3986 1515 munimenta.

716 1545 799 1600 Ea:
829 1547 925 1600 illo
945 1546 1174 1601 illustris
1194 1547 1386 1601 Petrus
1418 1545 1484 1600 de
1515 1544 1706 1598 Marco
1739 1543 1923 1613 Vigilii
1954 1544 2426 1599 confirmationem
2472 1549 2680 1617 quintae
2731 1547 2935 1618 Synodi
2967 1548 3172 1615 pridem
3216 1548 3469 1613 produxit
3502 1548 3605 1615 (ά),
3645 1550 3857 1602 tametsi
3886 1564 3988 1601 non

714 1636 957 1690 omnibus
990 1637 1105 1704 ejus
1132 1638 1291 1705 fidem
1314 1637 1456 1705 fecit.
1491 1634 1609 1701 Ipse
1652 1646 1791 1688 certe
1828 1636 1918 1705 qui
1966 1633 2161 1688 librum
2207 1640 2520 1701 composuit.
2551 1648 2799 1705 tantaque
2836 1638 2892 1690 in
2915 1653 2973 1690 eo
3005 1637 3230 1690 Patrum
3271 1654 3333 1689 ac
3357 1636 3710 1689 conciliorum
3739 1636 3985 1707 digessit,

712 1727 775 1779 de
805 1726 906 1779 hac
926 1727 1330 1793 conﬁrmatione
1357 1726 1515 1795 quasi
1548 1742 1651 1779 non
1680 1726 1837 1791 plane
1880 1724 1960 1779 illi
1992 1724 2284 1795 explorata:
2314 1726 2553 1778 ueritatis
2584 1744 2647 1780 ac
2681 1729 2919 1780 nutantis
2946 1727 3090 1795 ﬁdei,
3123 1727 3332 1794 scripsit
3370 1732 3641 1796 repertam
3690 1740 3816 1780 esse
3846 1727 3986 1779 inter

713 1824 835 1868 acta
869 1815 1074 1879 quintae
1101 1814 1394 1883 synodi....
1437 1812 1612 1867 Habet
1642 1814 1727 1866 hic
1764 1813 1927 1866 codex
1970 1812 2257 1868 Leontium
2292 1813 2367 1866 De
2396 1815 2583 1877 sectis,
2618 1815 2769 1884 longe
2819 1815 2979 1869 editis
3002 1816 3443 1877 emendatiorem,
3474 1825 3523 1867 et
3566 1814 3983 1868 auctoritatibus

711 1919 826 1969 qua:
860 1903 974 1955 illic
1003 1903 1395 1967 desiderantur,
1435 1905 1746 1956 auctiorem.
1799 1902 2051 1972 Ὀδηγοῦ
2067 1904 2223 1969 plura
2276 1905 2452 1973 capita
2503 1903 2675 1970 (quem
2724 1920 2931 1956 omnem
2969 1904 3228 1971 pluraque
3280 1904 3394 1973 ejus
3438 1902 3826 1971 complectitur)
3856 1918 3990 1955 noua

710 2007 777 2045 ec
803 1994 897 2046 illo
921 1992 1096 2062 facere
1131 1994 1310 2058 liceat,
1375 1995 1453 2047 sic
1471 1993 1630 2046 editis
1669 1992 1995 2059 laborantia,
2039 2002 2098 2045 ut
2137 2008 2228 2047 nec
2266 1993 2377 2061 ipse
2420 1994 2736 2047 Anastasius
2766 2009 2866 2046 sua
2902 2003 3231 2065 agnosceret,
3262 1994 3362 2048 etsi
3398 1994 3575 2047 omnia
3610 1992 3849 2061 decoquit
3876 1991 3993 2046 vul-

712 2090 870 2151 gator
900 2090 949 2133 et
981 2081 1263 2147 interpres.

784 2190 838 2245 6.
873 2189 957 2243 Ea:
996 2192 1307 2245 narratione
1336 2191 1400 2245 de
1426 2193 1703 2246 miraculis
1723 2191 1780 2246 S.
1809 2192 2060 2246 Demetrii
2092 2195 2347 2264 martyris
2384 2192 2426 2261 (ε

2346 2214 2347 2221 η
2384 2192 2485 2264 (e),
2512 2193 2576 2246 ἐκ
2605 2193 2715 2247 τῶν
2746 2193 2840 2246 τοῦ
2873 2192 3179 2264 ἀθλοφόροι)
3212 2194 3530 2264 Δημητρίου
3572 2196 3630 2247 ἐν
3678 2194 3880 2265 μερικῇ
3904 2192 3988 2247 δι-

711 2280 911 2350 ηγήσει
942 2280 1422 2351 anpatoupyttiiv,
1455 2282 1818 2351 fragmentum
1841 2281 1909 2335 de
1942 2281 2176 2336 revelata
2209 2283 2277 2335 ab
2307 2284 2353 2353 ip

2338 2298 2427 2352 pso
2455 2283 2738 2337 escisioue
2762 2298 2826 2336 ac
2855 2283 3163 2353 direptione
3183 2281 3623 2343 Thessalonicae.
3642 2298 3697 2352 p.
3728 2281 3980 2336 514-516.

788 2368 845 2421 7.
880 2366 1109 2423 Ιολκκιε
1132 2370 1490 2434 Causarum,
1520 2368 2057 2433 Thessalonicensis,
2086 2370 2332 2424 narratio
2362 2370 2430 2423 die

2362 2370 2567 2424 diserta
2611 2378 2665 2424 et
2708 2370 2935 2440 elegans
2977 2374 3042 2425 Α.
3077 2371 3139 2425 C.
3167 2371 3293 2433 904,
3323 2372 3530 2441 scripta
3572 2371 3642 2424 ad
3669 2368 3989 2441 Gregorium

717 2458 1120 2529 Cappadocem,
1173 2457 1246 2511 De
1281 2456 1673 2512 Thessalonica:
1703 2458 1908 2511 excidio
1969 2458 2055 2511 cui
2092 2459 2330 2528 scriptor
2374 2460 2489 2529 ipse
2530 2457 2805 2523 interfuit,
2833 2468 2887 2513 et
2921 2475 3085 2528 quam
3134 2460 3228 2513 illo
3259 2459 3380 2528 ipso
3433 2474 3582 2513 anno
3608 2456 3833 2529 (Leonis
3862 2456 3991 2511 Phi-

718 2546 929 2615 losOplti
966 2547 1083 2614 xu)
1119 2547 1262 2615 cepit
1295 2545 1404 2599 Leo
1449 2545 1771 2615 Tripolites,
1811 2547 2193 2614 Agarenorum
2249 2548 2382 2601 dux.
2427 2546 2551 2601 llaec
2590 2549 2741 2617 prius
2778 2563 2904 2603 cum
2948 2548 3131 2601 Allatii
3174 2550 3432 2603 versione
3470 2548 3754 2618 prodierat
3785 2548 3840 2601 iu
3875 2547 3995 2614 ejus

718 2635 1103 2703 Συμμίκτοις,
1126 2634 1367 2703 vulgatis
1399 2648 1429 2686 a
1469 2633 1769 2686 Bartlioldo
1802 2632 2039 2689 Niliusio
2102 2635 2263 2694 l653.
2312 2635 2363 2689 8.
2398 2636 2505 2689 Sed
2551 2636 2915 2691 Conibetisius
2948 2638 3147 2690 iterum
3179 2637 3482 2701 recensuit,
3507 2644 3561 2692 et
3593 2650 3792 2691 novam
3816 2637 3990 2690 inter-

717 2725 1078 2793 pretationem
1113 2738 1268 2777 suam
1294 2722 1569 2791 adjuuxit,
1600 2722 1906 2791 divisitque
1956 2724 2008 2776 in
2058 2725 2237 2792 capita
2275 2723 2365 2785 79,
2407 2737 2533 2777 cum
2572 2724 2628 2777 in
2682 2724 2957 2777 Allatiana
3003 2723 3247 2778 editione
3297 2723 3653 2792 dispescatur
3690 2726 3766 2778 inl
3792 2724 3997 2778 sectio-

720 2827 821 2867 nes
855 2811 944 2866 45.
968 2810 1068 2864 Hic
1090 2808 1433 2873 Cameuiata,
1458 2818 1613 2879 patre
1641 2813 1885 2864 exarcho
1910 2811 2154 2868 llelladis
2187 2821 2370 2875 natus,
2392 2810 2498 2865 fuit
2518 2812 2571 2864 in
2593 2811 2922 2865 clericorum
2951 2809 3147 2864 ordine
3173 2811 3367 2873 lector,
3399 2817 3454 2864 et
3484 2808 3743 2865 Ecclesiae
3759 2808 3997 2865 Thessa-

737 2900 1021 2955 oniceusis
1053 2898 1427 2959 cubuclesius,
1480 2897 1584 2950 hoc
1608 2900 1802 2967 estqui
1833 2901 2259 2971 metropolitano
2287 2905 2339 2954 in
2372 2902 2653 2971 publicum
2677 2901 2993 2970 procedenti
3037 2899 3233 2969 pedum
3265 2900 3738 2970 arcliiepiscopale
3769 2899 3997 2970 praefer-

720 2995 825 3042 ret.
882 2988 1091 3041 Dicitur
1128 2988 1294 3041 etiam
1347 2986 1457 3038 τῶν
1486 2987 1544 3037 ὲν
1588 2990 1703 3050 τοῖς
1742 2988 1913 3051 οἴκοις
1958 2990 2069 3041 τῶν
2126 2989 2362 3059 βασιλείυ

2351 3008 2416 3043 »ν
2460 2989 2813 3060 τεταγμένων
2855 2984 2957 3052 εἷς.
2982 2986 3115 3044 Vide
3152 3003 3276 3061 cap.
3306 2988 3376 3044 55
3399 2989 3534 3044 edit.
3575 2986 3993 3044 Combeﬁsianm

722 3076 908 3146 (Allat.
936 3078 1029 3144 3U)
1056 3084 1111 3129 et
1149 3074 1454 3130 Huuckium
1480 3076 1576 3131 lib.
1613 3092 1629 3130 ι
1662 3076 1736 3130 De
1770 3078 2114 3145 scriptoribus
2136 3077 2280 3135 Hist.
2313 3078 2474 3148 Byz.,
2511 3092 2632 3147 cap.
2657 3078 2750 3133 ‘22.

794 3199 849 3251 8.
890 3194 1162 3249 DEIETRII
1223 3191 1475 3255 Cvuoutt,
1511 3191 2057 3259 Thessalonicensis,
2094 3192 2351 3248 Monodia
2379 3195 2436 3248 sit

2379 3195 2494 3248 sive
2539 3193 2902 3261 comploratio
2936 3193 3029 3245 ἐπὶ
3064 3195 3181 3258 τοῖς
3232 3196 3290 3248 ὲν
3322 3192 3701 3264 Θεσσαλονίκῃ
3744 3192 3995 3260 πεσοῦσι,

727 3285 791 3339 de
820 3285 1021 3339 civibus
1052 3284 1141 3352 qui
1182 3283 1236 3336 in
1263 3283 1539 3344 dissidiis,
1574 3283 1846 3337 seditione
1875 3298 1937 3335 ac
1971 3284 2206 3336 tumultu
2242 3283 2503 3337 intestino
2547 3280 2940 3337 Thessalonicae
2991 3285 3054 3334 A.
3090 3282 3155 3336 (ὲ.
3190 3281 3328 3337 1545
3360 3283 3463 3336 sub
3494 3283 3727 3352 imperio
3771 3281 4000 3338 Joannis

726 3372 1099 3427 Cantacuzeui
1137 3372 1426 3433 perierunt.
1454 3369 1516 3424 P.
1553 3370 1816 3425 385-392.
1856 3370 1928 3423 De
1951 3371 2044 3423 illo
2080 3370 2315 3424 tumultu
2346 3367 2623 3440 Gregoras
2648 3386 2771 3434 aut,
2807 3370 2893 3430 10,
2924 3376 2979 3423 et
3005 3369 3423 3424 Cantacuzenus
3450 3386 3533 3433 tit,
3564 3370 3652 3425 94.

798 3460 853 3516 9.
888 3460 1027 3513 Pars
1058 3474 1122 3513 ea:
1160 3458 1280 3511 Vita
1313 3456 1762 3526 Basiliijunioris
1795 3460 2135 3512 anachoreta:
2158 3455 2351 3525 CPol.,
2379 3459 2444 3515 Α.
2470 3459 2531 3514 C.
2560 3460 2662 3514 9M
2704 3461 2788 3513 vel
2817 3458 2926 3513 952
2960 3459 3245 3523 exstincti,
3280 3460 3490 3529 scripta
3520 3473 3551 3511 a
3588 3457 3853 3527 Gregorio
3877 3459 3999 3528 ejus

726 3542 1015 3621 discipulo.
1054 3550 1121 3603 de
1151 3549 1503 3604 Constantini
1560 3548 1725 3604 Ducat
1774 3549 1926 3603 clade
1972 3557 2025 3602 et
2073 3548 2320 3613 interitu,
2352 3565 2514 3618 quem
2570 3548 2938 3604 Constantino
2969 3547 3499 3618 Porphyrogenueto
3523 3548 3705 3602 adhuc
3730 3563 3904 3617 puero
3929 3550 3997 3601 ad

729 3644 1021 3713 imperium
1055 3655 1259 3695 vocare
1290 3640 1558 3695 Nicolaus
1589 3640 1659 3710 (ι’)
1696 3639 2008 3709 patriarcha
2045 3650 2098 3693 et
2132 3639 2223 3692 alii
2258 3637 2479 3708 quidam
2515 3638 2895 3701 instituerunt,
2926 3652 3052 3706 pag.
3078 3636 3343 3691 394-399.
3400 3634 3577 3690 Vitam
3624 3636 3769 3690 illam
3808 3635 4001 3691 Basilii

729 3735 1084 3788 anachoreta:
1110 3733 1382 3799 integram
1412 3733 1655 3801 vulgavit
1682 3731 2061 3785 Henschenius
2098 3738 2244 3783 tonio
2276 3727 2341 3782 lll
2367 3730 2493 3781 Act.
2535 3727 2818 3791 Sanctor.,
2851 3726 2918 3779 ad
2954 3725 3025 3779 26
3062 3725 3267 3790 Martii,
3297 3740 3350 3793 p.
3385 3723 3511 3786 668,
3548 3724 3741 3778 Latine
3776 3740 3842 3778 ex
3882 3740 4007 3778 ver-

731 3824 889 3877 sione
940 3818 1284 3886 Comhelisii,
1353 3832 1407 3875 et
1457 3819 1647 3875 Graece
1700 3819 1769 3874 ad
1820 3819 2024 3873 calcem
2069 3817 2368 3873 voluminis
2412 3830 2541 3886 pag.
2602 3814 2694 3880 24,
2749 3829 2817 3869 ex
2875 3829 2979 3868 ms.
3032 3814 3225 3869 codice
3280 3812 3680 3879 Mazariniano,
3721 3811 4005 3883 Autwerp.

732 3910 893 3975 1684,
934 3910 1033 3965 fol.

805 4024 893 4079 10.
923 4022 1198 4077 Svusouts
1225 4018 1475 4091 magistri
1510 4026 1564 4074 et
1597 4017 1891 4089 logotlietre
1938 4014 2174 4070 Annales
2206 4031 2237 4067 a
2268 4011 2443 4066 Leone
2482 4011 2713 4064 Armeno
2744 4024 2909 4079 usque
2935 4007 3005 4061 ad
3039 4009 3397 4075 Nicephorum
3425 4007 3661 4063 Phocum
3696 4008 3841 4079 (pag.
3873 4008 3972 4064 ιοι
3992 4037 4008 4048 ο

730 4111 860 4183 498)
898 4126 963 4165 ex
994 4110 1189 4164 codice
1220 4124 1326 4163 ms.
1362 4104 1662 4177 Rapliaelis
1696 4104 1939 4158 Tricheti
1977 4106 2047 4157 du
2079 4100 2302 4164 Fresne,
2355 4116 2423 4155 ex
2461 4098 2624 4167 cujus
2666 4098 2844 4163 libris,
2878 4096 2999 4167 ipso
3024 4096 3311 4160 defuncto,
3354 4097 3411 4151 in
3446 4111 3637 4165 gazam
3675 4097 3820 4165 regis
3841 4096 4007 4151 Chri-

732 4200 1058 4256 stianissimi
1084 4205 1169 4253 est
1195 4198 1466 4267 perlatus.
1492 4193 1729 4263 Scripsit
1753 4192 1993 4264 Symcon
2036 4192 2139 4245 iste
2176 4188 2431 4244 similiter
2476 4186 2710 4243 Annales
2743 4186 2809 4239 ab
2838 4188 2962 4241 orbe
2992 4185 3230 4248 condito,
3257 4186 3351 4255 qui
3385 4186 3655 4240 haetenus
3684 4187 3860 4241 lucem
3897 4201 4005 4238 non

733 4290 1012 4351 viderunt,
1038 4294 1368 4354 exstantque
1397 4284 1451 4337 iu
1476 4283 1649 4336 altero
1688 4296 1753 4335 ac
1786 4281 1983 4350 majori
2028 4279 2183 4350 regio
2227 4278 2420 4333 codice
2476 4275 2569 4345 qui
2630 4275 2693 4338 in
2727 4274 2913 4329 Leone
2955 4274 3196 4329 Armeno
3224 4273 3450 4340 desinit,
3479 4273 3804 4345 videturque
3829 4274 3884 4328 in
3916 4274 4008 4327 illa

734 4381 919 4450 priore
948 4386 1123 4447 parte,
1150 4374 1354 4428 leviore
1392 4388 1562 4442 opera
1586 4380 1780 4424 auctor
1812 4369 2155 4439 perfunctus,
2191 4378 2245 4421 et
2280 4369 2333 4420 in
2358 4364 2547 4419 multis
2582 4362 2906 4432 Theophani
2954 4373 3250 4428 consonat,
3281 4378 3445 4433 quem
3477 4371 3533 4417 et
3570 4366 3750 4433 ipsum
3790 4370 4010 4417 constat

735 4465 991 4520 desinere
1027 4463 1080 4515 in
1114 4460 1295 4515 Leone
1318 4460 1577 4513 Armeno.
1635 4459 1939 4526 Ascriptum
1991 4456 2189 4524 majori
2214 4455 2295 4508 illi
2324 4453 2493 4508 codici
2520 4451 2700 4522 Regio,
2734 4452 2916 4521 inquit
2954 4451 3346 4515 Combelisius,
3395 4451 3507 4506 alio
3528 4468 3713 4516 manu,
3748 4452 4011 4520 pauloque

736 4551 1018 4608 recentiori
1045 4564 1062 4603 :
1094 4549 1184 4603 hic
1243 4558 1329 4604 est
1383 4545 1828 4616 Metaphrastes;
1890 4544 2044 4612 cujus
2098 4544 2239 4597 tanti
2278 4543 2380 4596 uisi
2405 4551 2528 4595 sunt
2564 4540 2803 4595 Annales
2846 4550 2894 4593 et
2924 4539 3194 4595 Chronica
3222 4540 3516 4612 Hippolyto
3547 4539 3815 4603 Thebano,
3852 4551 3907 4593 ut
3944 4556 4011 4593 ea

738 4640 984 4694 omnibus
1062 4644 1371 4704 anteponat.
1437 4633 1569 4688 Vide
1632 4633 1908 4703 Hippolyti
1987 4632 2149 4686 verba
2209 4632 2353 4701 apud
2406 4631 2668 4685 Allatium
2711 4631 2784 4684 De
2859 4629 3164 4686 Simeonum
3215 4632 3451 4700 scriptis.
3526 4646 3580 4701 p.
3624 4631 3715 4695 34,
3764 4632 3858 4699 qui
3922 4629 4013 4684 Si-

740 4742 991 4782 meonem
1065 4724 1475 4793 Metaphrasten
1536 4721 1784 4791 magistri
1865 4728 1919 4775 et
2006 4720 2301 4786 logothete
2356 4734 2558 4774 cursus
2610 4719 2869 4789 primum,
2942 4729 3055 4773 tum
3126 4724 3292 4774 etiam
3375 4720 3648 4792 generalis
3722 4719 4011 4789 Iogotbetaz

739 4814 1065 4884 dignitatem
1118 4810 1359 4882 gessisse
1406 4808 1660 4878 pluribus
1720 4807 1983 4873 distiutat.
2050 4805 2283 4861 Exstant
2345 4808 2512 4862 etiam
2558 4806 2950 4864 bi'Simeonis
3002 4808 3245 4865 Annales
3310 4809 3366 4864 in
3416 4808 3557 4864 Bibl.
3626 4808 3896 4873 Caesarea,
3952 4811 4010 4864 in

740 4916 910 4970 quam
968 4901 1092 4954 illos
1140 4898 1326 4952 intulit
1370 4894 1739 4966 Busbequius,
1797 4906 1855 4949 ut
1896 4902 2146 4950 notatum
2183 4893 2484 4953 Lambecio
2522 4897 2621 4951 lib.
2689 4910 2753 4963 ll,
2806 4912 2931 4968 pag.
2971 4898 3099 4953 588.
3122 4897 3397 4964 Quoniam
3460 4905 3645 4956 tamen
3708 4899 3760 4953 in
3819 4898 4012 4953 codice

743 4987 921 5057 Rapit.
970 4984 1215 5041 Tricbeti
1281 4986 1355 5039 du
1416 4981 1645 5043 Fresne.
1698 4982 1976 5037 Chronico
2029 4982 2158 5037 huic
2215 4996 2562 5053 postremum
2641 4987 2851 5042 inserta
2894 4985 3063 5043 Mich.
3119 4987 3287 5043 Psel'li
3338 4987 3595 5052 historia,
3643 4985 4013 5042 Combelisius

742 5088 783 5132 t.
833 5076 878 5138 ι,
924 5072 1068 5129 Bibl.
1120 5071 1348 5126 Patrum
1399 5072 1810 5126 concionatort'tv
1890 5071 2207 5140 suspicatur
2262 5072 2497 5131 alterius
2568 5090 2695 5130 esse
2758 5073 3037 5130 Siuieouis
3082 5090 3249 5143 quam
3297 5074 3705 5146 ﬂetaphrastae,
3772 5082 3828 5129 et
3899 5074 4011 5128 lor-

741 5177 892 5223 tasse
917 5165 1066 5219 illius
1105 5165 1196 5233 qui
1228 5161 1508 5216 orationes
1555 5175 1684 5213 uiv
1713 5159 1938 5230 collegit
1984 5175 2050 5214 ex
2083 5161 2343 5229 operibus
2384 5159 2450 5215 S.
2477 5161 2665 5218 Basilii
2699 5180 2713 5220 :
2751 5164 2958 5233 quippe
2990 5162 3392 5233 Metaphrastes
3419 5165 3584 5234 paulo
3608 5176 3736 5219 ante
3772 5163 4011 5218 Psellum

743 5256 799 5308 in
832 5253 969 5308 vivis
994 5266 1117 5307 esse
1142 5251 1326 5305 desiit.
1362 5246 1435 5301 Ni
1466 5251 1575 5315 ipse
1604 5247 1838 5313 Psellus,
1880 5246 2159 5318 Symeonis
2200 5248 2280 5301 illi
2333 5247 2710 5322 Chronologiw
2750 5266 2815 5307 ex
2866 5267 2920 5306 is
2973 5252 3274 5318 historicis,
3323 5270 3378 5308 se
3429 5254 3692 5307 decimum
3736 5252 4012 5323 adjunxit,

819 5432 893 5501 (ε)
934 5429 1263 5484 lnscribitur
1318 5427 1601 5499 Dialogus.
1660 5428 1769 5484 Sed
1804 5428 1939 5482 nihil
1986 5427 2148 5482 habet
2177 5429 2323 5500 quod
2433 5448 2555 5501 cap.
2590 5430 2675 5485 12.

743 5504 1029 5575 dialogum
1045 5502 1263 5575 referat.
1349 5571 1361 5575 _
1457 5572 1472 5575 _
1534 5568 1596 5575 __
1769 5570 1803 5575 μ
1881 5570 1893 5575 _
2308 5573 2319 5575 _
2435 5574 2443 5575 ί
2507 5502 2685 5575 (sive
2717 5502 2821 5557 hoc
2855 5503 3132 5561 Demetrio
3158 5505 3281 5561 vide
3320 5502 3615 5557 Baronium
3651 5508 3719 5557 ad
3743 5501 4017 5571 Hartyro-

816 5568 979 5645 (d)'ln
1003 5572 1143 5627 Diss.
1178 5574 1246 5645 de
1278 5568 1741 5645 epistolaVigilii,
1769 5570 1948 5645 Paris.
1976 5571 2136 5634 1642,
2168 5581 2223 5626 et
2256 5573 2323 5627 ad
2434 5574 2544 5644 log.
2569 5571 2864 5645 Spetolir.

743 5642 950 5704 calcem
972 5644 1155 5713 operis
1190 5644 1269 5698 De
1302 5643 1611 5716 concordia,
1645 5643 1934 5716 sacerdotii
2006 5654 2057 5697 et
2116 5646 2324 5716 imperii
2502 5642 2577 5716 (f)
2614 5642 2979 5702 Vehementer
3012 5663 3080 5702 eo
3114 5648 3337 5702 nomine
3370 5647 3423 5700 in
3454 5645 3737 5701 Nicolaum
3778 5642 4020 5712 scriptor

744 5721 893 5789 inter
920 5712 1333 5789 dissertationes
1356 5715 1537 5789 varias
1564 5713 1795 5789 Petride
1819 5712 2022 5789 Ma_rca_,
2050 5729 2170 5785 pag.
2192 5715 2320 5789 207,
2437 5712 2884 5789 liieJiuvehitur,
2940 5729 3210 5789 vocatque
3276 5734 3401 5774 eum
3476 5734 3571 5787 per
3621 5715 3972 5786 ignominiam
3998 5751 4019 5776 ,

743 5788 847 5844 227
883 5802 998 5856 seq.
1036 5784 1169 5842 Vide
1198 5796 1253 5843 et
1282 5784 1564 5843 Baiusium
1586 5784 1651 5841 ad
1684 5785 1779 5840 lib.
1801 5800 1830 5839 v
1861 5784 2107 5853 ejusdem
2130 5784 2322 5858 operis

2041 5801 2107 5841 tm
2130 5784 2322 5858 operis
2436 5804 2489 5859 p.
2523 5786 2649 5851 398,
2679 5788 3034 5858 ἀγρικὸλαον,
3069 5784 3133 5847 et
3155 5810 3208 5864 p.
3242 5791 3366 5855 399,
3409 5784 3683 5860 ήτξῑλαοῆ.
