4158 6442
160 398 212 468 Π
1535 395 1995 460 PROOEMIUM.
3336 397 3404 467 18

221 508 346 563 Ἀλλ’
379 508 506 562 ὅσον
537 508 639 580 μέν
679 525 761 561 ao:
795 508 1124 577 πεπόνηται,
1153 504 1426 577 πραότατε
1455 505 1702 576 βασιλεῦ,

1879 504 2156 570 Quantam
2195 517 2326 558 vero
2382 511 2463 565 tu,
2501 502 2792 559 mitissime
2839 504 3116 575 princeps,
3165 521 3390 576 operam

158 601 260 670 περὶ
299 600 398 669 τὴν
427 600 654 670 λογικὴν
686 601 780 653 καὶ
813 599 914 669 τὴν
944 598 1057 651 τῶν
1101 598 1313 669 ἀνδρῶν
1361 599 1709 669 ἐπιμέλειαν,

159 695 224 743 ἵνα
241 685 544 754 τᾶλλα.....,
577 691 918 761 Θεωρήσουσι
952 687 1053 759 μὲν
1086 689 1136 742 οἱ
1187 691 1364 758 σοφοὶ,
1394 689 1477 741 ὅτι
1509 690 1575 759 δὴ
1621 693 1716 743 καὶ

159 786 226 844 σὺ,
255 784 454 852 μᾶλλον
484 783 542 836 δὲ
589 782 656 852 δὴ
689 782 754 835 σὺ
783 781 998 851 σαφῶς,
1031 783 1115 836 ὅτι
1144 798 1206 850 γε
1235 781 1333 835 καὶ
1377 783 1576 836 ἐκεῖνοι
1623 800 1714 837 σο-

156 877 243 945 φοί.
283 877 541 948 Ἰστορεῖς
590 877 650 930 δὲ
689 877 876 939 αὐτὸς.
897 879 1058 946 χεῖρα
1105 876 1282 947 μόνως
1311 875 1512 946 ,λαϐὼν
1559 879 1717 949 ἡμῶν

156 970 553 1039 διακονουμένην
604 986 711 1036 σοι,
745 971 846 1023 ὅσα
878 972 989 1032 τοῖς
1034 969 1140 1040 πρὸ
1172 969 1267 1023 σοῦ
1297 969 1576 1040 βεόίωται,
1608 971 1715 1024 κᾶν

156 1063 490 1133 ἀποχρώντως
530 1062 697 1132 ἔχωσι
723 1062 786 1115 τὸ
818 1062 1024 1133 φαῦλον
1054 1063 1149 1116 καὶ
1186 1063 1249 1115 οὐ
1280 1062 1560 1132 λαμπρὸν,
1591 1063 1717 1116 ἐπεὶ

158 1154 483 1208 καὶτούτων
537 1155 715 1208 ἔνεστι
779 1153 1021 1224 Θηρᾶσαι
1082 1156 1198 1218 τοῖς
1270 1154 1581 1218 σπουδαίοις
1651 1154 1721 1208 τὰ

156 1249 393 1318 χρήσιμα.
447 1247 666 1318 Ἀμέλει
724 1245 1020 1316 τοιγαροῦν
1067 1247 1251 1316 πάσης
1313 1246 1572 1317 ἀσχολίας
1613 1247 1713 1300 καὶ

156 1340 321 1410 ἀργίας
349 1338 454 1409 τὴν
501 1339 631 1409 περὶ
663 1339 824 1408 λόγου
860 1339 1280 1410 προτετιμηκὼς
1315 1339 1574 1409 σπουδὴν,
1623 1339 1720 1393 ἅτε

156 1434 206 1501 δὴ
227 1432 408 1486 τούτου
464 1433 706 1504 μάλιστα
731 1435 846 1496 τοῖς
883 1434 1148 1503 ὑπηκόοις
1174 1433 1508 1504 φιλομαθέσι
1541 1450 1602 1486 τε
1627 1434 1722 1486 καὶ

159 1524 538 1594 φιλιστοροῦσιν
596 1523 758 1594 ζῆλον
812 1529 908 1579 καὶ
961 1527 1164 1597 ἀρετὴν
1223 1525 1612 1595 ὲγγεννῶντος,
1651 1525 1723 1579 τὰ

161 1618 240 1687 μὲν
272 1619 332 1671 ὲκ
351 1618 464 1672 τῶν
493 1620 922 1690 γεγραμμένων,
954 1619 1024 1673 τὰ
1052 1621 1109 1673 δὲ
1137 1621 1203 1674 ὲκ
1229 1620 1342 1673 τῶν
1375 1620 1514 1690 ἀκοῇ
1545 1637 1721 1692 παρα-

158 1708 433 1777 δεδομένων
473 1709 850 1782 συνηοροικὼς
899 1710 1089 1782 ὥσπερ
1146 1729 1199 1764 τι
1233 1710 1413 1764 κοινὸν
1460 1710 1718 1765 διδασκα-

159 1800 276 1853 λεῖον
323 1800 606 1871 προθεῖναι
660 1804 828 1855 πᾶσιν
872 1801 1182 1856 ἐϐουλεύσω
1227 1802 1450 1866 καλῶς,
1504 1803 1723 1874 ἐκείνην

1819 596 2068 666 posueris
2100 604 2214 650 tum
2252 596 2306 650 in
2338 595 2589 650 rationali
2612 598 2844 652 scientia
2875 607 2992 651 tum
3023 599 3074 650 in
3121 598 3402 655 hominum

1817 703 1971 751 cura,
2023 698 2084 742 ut
2125 689 2232 743 alia
2264 687 2698 758 praetermittam,
2733 689 3252 746 commemorabunt
3281 707 3407 758 qut-

1817 782 1939 835 dem
1977 779 2230 835 homines
2259 782 2559 850 sapientes,
2599 781 2820 850 quando
2847 792 2899 835 et
2924 792 2978 836 tu
3013 784 3149 853 ipse,
3195 780 3278 835 vel
3311 796 3407 850 po-

1817 873 1928 927 tius
1959 878 2019 926 tu
2054 871 2171 939 ipse
2203 871 2403 940 palam,
2454 871 2600 941 quod
2632 879 2688 925 et
2719 871 2794 924 illi
2833 873 3132 940 sapientes.
3189 869 3405 925 Scribis

1818 972 2002 1016 autem
2037 961 2176 1030 ipse,
2228 976 2451 1016 manum
2487 963 2755 1017 duntaxat
2797 972 3042 1018 nostram
3103 963 3199 1018 tibi
3239 961 3406 1017 inini-

1820 1062 2088 1107 strantem
2141 1066 2457 1116 assumens,
2498 1067 2841 1122 quaecunque
2881 1053 3185 1122 superioris
3231 1041 3411 1106 atatis

1821 1140 2140 1198 hominibus
2195 1150 2348 1214 gesta
2402 1153 2724 1208 noscuntur,
2777 1145 2999 1199 tametsi
3060 1145 3151 1198 illa
3192 1143 3413 1199 abunde

1823 1237 2021 1290 vitiosa
2045 1239 2154 1291 sint
2182 1252 2284 1290 nec
2304 1236 2528 1290 virtutis
2552 1236 2711 1290 laude
2731 1237 3032 1292 admodum
3061 1236 3411 1307 splendeant,

1822 1330 1968 1400 quod
2020 1330 2149 1383 hinc
2195 1344 2417 1400 quoque
2462 1329 2568 1383 viri
2617 1329 2848 1385 studiosi
2876 1330 3228 1386 commodum
3269 1327 3410 1385 rcfe-

1824 1430 1971 1478 rant.
2034 1423 2180 1476 Sane
2211 1424 2377 1492 igitur
2415 1421 2570 1476 omni
2622 1422 2730 1476 alia
2775 1425 3137 1492 occupatione
3186 1424 3414 1492 otioque

1823 1513 2152 1568 eruditionis
2202 1513 2627 1584 litterarumque
2688 1529 2833 1568 cura:
2862 1515 3209 1583 posthabitis,
3268 1514 3415 1584 quod

1826 1606 2090 1660 nimirum
2141 1620 2206 1659 ea
2253 1621 2342 1660 res
2377 1607 2645 1662 doctrina:
2695 1606 3050 1676 historiaeque
3100 1607 3417 1664 amantibus

1829 1700 2179 1753 subditorum
2231 1699 2433 1754 animis
2484 1699 2893 1753 aemulationem
2927 1699 3299 1769 virtutemque
3330 1699 3418 1755 itt-

1829 1789 1990 1854 fcrat,
2038 1805 2106 1844 ex
2153 1790 2220 1845 iis
2255 1789 2306 1859 5
2343 1805 2464 1858 qua:
2493 1800 2588 1844 aut
2620 1791 2688 1844 ah
2715 1790 2839 1845 aliis
2867 1790 3070 1860 scripta
3117 1798 3212 1846 aut
3256 1791 3419 1846 audi-

159 1894 334 1963 ταύτης
371 1896 394 1925 ³
430 1895 608 1965 ἀρχὴν
636 1889 777 1948 εἶναι
802 1897 1031 1966 νομίσας
1064 1896 1166 1966 τῆς
1195 1896 1438 1967 ίστορίας
1465 1871 1721 1967 ἀρίστην,

1834 1884 1982 1937 tione
2018 1892 2240 1953 accepta
2275 1892 2406 1937 sunt
2449 1899 2619 1937 unum
2654 1897 2856 1952 corpus
2893 1893 3219 1951 contexens,
3261 1897 3420 1940 com-

160 1989 241 2052 τὴν
259 1989 331 2059 τῷ
354 1989 639 2062 μακαρίτῃ
667 1991 933 2060 Θεοφάνει
977 1989 1280 2062 γενομένην
1303 1990 1621 2060 κατάληξιν,
1649 1990 1726 2060 (1)

160 2079 378 2149 [πάντων
421 2082 533 2134 τῶν
573 2083 842 2152 βασιλέων
862 2084 969 2147 ἕως
994 2083 1092 2136 τοῦ
1124 2085 1246 2137 νυνὶ
1277 2083 1472 2154 καιροῦ
1505 2085 1599 2137 καὶ
1629 2083 1732 2153 τῆς

164 2173 422 2242 βασιλείας
459 2191 555 2228 σου
581 2175 651 2228 τὰ
691 2176 1064 2246 πεπραγμένα
1089 2177 1180 2230 διὰ
1211 2176 1373 2246 λόγου
1399 2174 1687 2229 συλλαϐεῖν
1713 2193 1728 2207 ο

159 2268 199 2318 εί
220 2268 306 2320 καὶ
329 2266 426 2322 τοῦ
450 2269 702 2339 ἀοιδίμου
726 2287 821 2324 σου
873 2272 1106 2326 πάππου
1123 2270 1220 2324 τοῦ
1245 2272 1304 2324 ὲν
1334 2269 1618 2341 βασιλεῦσι
1640 2271 1732 2322 εὐ-

161 2359 323 2424 κλεοῦς
360 2359 627 2430 βασιλέως
654 2362 938 2416 Βασιλείω
965 2363 1032 2416 τὰ
1054 2363 1208 2433 παρὰ
1229 2362 1323 2416 σοῦ
1354 2362 1731 2433 ἱστορούμενα,

164 2451 240 2502 καὶ
263 2452 397 2520 μετὰ
428 2453 608 2523 πάσης
638 2455 936 2525 σαφηνείας
958 2457 1053 2509 καὶ
1078 2455 1237 2524 λόγου
1266 2456 1568 2526 εὐκοσμίας
1591 2456 1733 2509 κατὰ

159 2542 210 2594 τὸ
252 2543 357 2596 τῶν
422 2546 734 2616 γενομένων
789 2547 991 2618 ἀληθὲς
1046 2549 1142 2600 καὶ
1197 2547 1496 2619 εἰλικρινὲς
1549 2549 1628 2609 εἰς
1674 2551 1736 2600 τὸ

160 2636 369 2705 φανερὸν
417 2639 572 2708 παρὰ
621 2639 721 2708 τῆς
773 2641 870 2709 σῆς
933 2639 1430 2710 πολυμαθεστὰτης
1474 2639 1736 2709 είδήσεως

159 2725 594 2799 ὶξαγορευθέντα,
648 2732 904 2802 περιττὸν
945 2731 1011 2786 ἂν
1067 2731 1153 2803 εἴη
1213 2732 1492 2787 οὐδοτιοῦν
1545 2733 1737 2805 διηγή-

161 2820 359 2895 σασθαι]
405 2823 467 2876 ὃν
525 2826 670 2878 κατὰ
736 2825 1060 2893 συγγένειαν
1112 2827 1207 2880 καὶ
1273 2827 1617 2898 ἀγχιστείαν,
1677 2827 1737 2881 τὸ

159 2909 279 2965 εἶναι
309 2916 510 2979 υἱωνὸς
552 2915 762 2985 λαχὼν,
788 2917 1188 2987 ἁποσεμνύνεις
1245 2935 1307 2972 τε
1354 2920 1420 2972 ὲκ
1462 2918 1572 2973 τῶν
1626 2919 1737 2974 σῶν

162 3005 341 3068 ἱκανῶς
389 3008 490 3061 xui.
542 3008 974 3078 ἁντιλαμϐάνεις
1012 3006 1173 3074 αὖθις
1221 3011 1353 3081 παρ’
1411 3011 1580 3066 αὑτοῦ
1614 3030 1737 3068 τινα

160 3097 412 3153 ιῠκλειαν.

226 3360 301 3435 [Ρ.
331 3363 414 3434 5].
465 3363 709 3428 Ἐκεῖνος
743 3366 844 3436 μὲν
872 3364 966 3419 οὖν
997 3367 1079 3428 είς
1101 3364 1204 3437 τὴν
1253 3364 1350 3420 τοῦ
1379 3365 1736 3437 κουροπαλά-

160 3470 241 3506 του
267 3456 492 3526 Μιχαὴλ
529 3457 811 3527 βασιλείαν
832 3461 928 3512 καὶ
951 3455 1126 3533 ἧτταν
1175 3460 1276 3530 τὴν
1305 3460 1371 3513 ἐκ
1409 3460 1520 3514 τῶν
1568 3461 1738 3512 Βουλ-

160 3550 330 3617 γάρων
357 3551 657 3622 συμϐᾶσαν
686 3551 836 3624 αὐτῷ
865 3554 1374 3625 καταπροδοθέντος
1414 3555 1459 3587 ³⁸
1493 3555 1599 3608 ὑπὸ
1627 3555 1740 3608 τῶν

161 3641 338 3695 ἑαυτοῦ
390 3643 695 3713 κατέληγε,
726 3646 826 3717 τῆς
883 3646 977 3699 τοῦ
1013 3646 1244 3709 Λέοντος
1287 3647 1448 3718 μόνον
1481 3648 1741 3718 μνησθεὶς

159 3738 526 3808 ἀναρρήσεως,
562 3740 733 3810 μηδὲν
759 3742 887 3811 μήθ’
909 3741 1033 3796 ὅθεν
1055 3737 1122 3810 ἦν
1173 3743 1302 3813 μήθ’
1327 3743 1478 3806 ὅπως
1525 3745 1740 3814 ἐτράφη

159 3830 300 3898 δῆλον
355 3836 472 3896 τοῖς
519 3834 962 3902 ἀναγινώσκουσι
1001 3835 1345 3905 πεποιηκώς.
1408 3835 1602 3906 Ἡμεῖς
1647 3837 1737 3902 δὲ,

160 3919 332 3994 ὥσπερ
357 3927 428 3996 τῇ
467 3926 688 3998 κεφαλῇ
720 3927 793 3980 τὰ
815 3928 951 3982 ἄλλα
977 3931 1120 4000 μέρη
1149 3929 1538 3994 συνάπτοντες,
1570 3931 1742 3999 αὑτήν

163 4035 212 4071 τε
254 4022 351 4090 τὴν
394 4023 650 4092 ἱστορίαν
699 4023 997 4095 ὸλόσωμον,
1024 4025 1138 4078 ἀλλ’
1163 4027 1262 4095 οὐχ
1321 4025 1555 4096 ἡμιτελῆ
1608 4025 1746 4077 ἀπο-

161 4113 465 4184 δείκνυμεν,
515 4115 616 4169 καὶ
679 4116 818 4187 πρὸς
870 4117 962 4169 τὸν
1028 4118 1158 4188 ἑξῆς
1210 4116 1308 4170 καὶ
1349 4119 1504 4171 κάτω
1549 4118 1746 4186 χρόνον

162 4209 260 4269 τοῖς
281 4207 355 4278 μὴ
373 4208 758 4279 ῥᾳθυμότερον
790 4208 925 4272 ζῶσι
947 4209 1359 4280 διαϐιϐάζομεν,
1391 4209 1603 4280 κέρδος,
1629 4211 1744 4264 ἀλλ’

161 4299 212 4351 οὐ
247 4301 456 4370 ζημίαν
511 4303 699 4365 αὐτοῖς
748 4301 1119 4372 ποριζόμενοι,
1151 4304 1269 4370 εἴγε
1315 4303 1379 4372 δὴ
1429 4301 1595 4356 καλὸν
1652 4303 1747 4355 καὶ

164 4391 283 4461 πρὸς
309 4393 630 4461 ἀσφάλειαν
669 4391 854 4447 εὔοδον
890 4392 1000 4447 τῶν
1027 4393 1254 4460 ἀγαθῶν
1297 4411 1357 4447 τε
1405 4394 1502 4449 καὶ
1531 4395 1607 4463 μὴ
1656 4393 1748 4448 τὸν

165 4480 265 4548 βίον
292 4483 712 4552 διαγινώσκειν.

1833 1994 2055 2033 munem
2088 1980 2247 2050 quasi
2271 1979 2522 2034 scholam
2560 1979 2836 2033 universis
2881 1993 3187 2048 pr0ponere
3231 1980 3421 2049 sagaci

1835 2073 2069 2128 consilio
2107 2072 2424 2138 decrevisti,
2471 2073 2638 2142 hujus
2689 2072 2929 2127 historiae
2969 2071 3102 2125 illud
3149 2071 3422 2140 optimum

1837 2173 1991 2220 ratus
2044 2165 2291 2228 initium,
2343 2165 2438 2219 ubi
2488 2165 2664 2220 felicis
2720 2164 3003 2220 memoriae
3055 2162 3424 2233 TheOphanes

1837 2258 2111 2315 scribendi
2164 2258 2329 2312 ﬁnem
2372 2257 2610 2323 fecisset,
2646 2255 2745 2328 [ita
2777 2256 3033 2310 nimirum
3085 2264 3146 2310 ut
3175 2256 3421 2310 omnium

1839 2353 2234 2420 imperatorum
2266 2350 2334 2406 ad
2369 2352 2513 2406 hanc
2542 2366 2716 2420 usque
2763 2358 2977 2404 aetatem
3018 2359 3287 2418 tuumque
3319 2350 3426 2402 im-

1837 2445 2053 2513 perium
2099 2459 2188 2498 res
2235 2453 2417 2513 gestas
2452 2457 2707 2497 sermone
2760 2441 3179 2510 complectatur.
3240 2439 3425 2506 Quan-

1838 2551 2002 2605 quam
2035 2534 2224 2606 inclyti
2254 2537 2338 2590 avi
2379 2537 2478 2599 tui,
2525 2536 2667 2589 inter
2699 2535 2979 2603 Augustos
3007 2533 3154 2588 fama
3183 2534 3428 2589 celeber-

1838 2630 1991 2692 rimi,
2031 2629 2218 2685 Basilii
2264 2630 2615 2700 imperatoris
2665 2637 2816 2700 gesta
2857 2628 2956 2682 abs
3001 2636 3052 2682 te
3090 2626 3427 2697 conscripta.

1837 2722 2103 2792 omnique
2151 2721 2548 2793 perspicuitate
2597 2736 2662 2775 ac
2724 2720 2998 2775 sermonis
3048 2729 3244 2774 ornatu
3302 2733 3432 2774 vere

1839 2814 2163 2884 sincereque
2222 2816 2290 2867 ab
2337 2813 2711 2868 eruditissima
2767 2813 3057 2881 prudentia
3111 2822 3225 2876 tua,
3277 2811 3432 2867 omni

1839 2907 2074 2977 denique
2129 2907 2233 2962 ﬁde
2294 2915 2540 2971 narrata,
2603 2904 2939 2975 superﬂuum
2984 2904 3144 2959 nobis
3205 2904 3278 2959 sit
3315 2903 3431 2959 ullo

1841 2996 2004 3050 modo
2025 2991 2346 3065 retractare]
2383 3009 2542 3063 quem
2575 2993 2861 3064 sanguinis
2894 2991 3299 3047 necessitudine
3345 2990 3436 3064 (il-

1841 3087 1948 3142 lius
1984 3087 2098 3156 ipse
2133 3087 2328 3156 nepos)
2356 3085 2585 3156 propius
2619 3086 2946 3156 contingens
2973 3100 3097 3140 cum
3134 3085 3246 3140 tuis
3268 3099 3435 3139 orna-

1765 3219 1810 3279 α
1845 3179 2041 3235 mentis
2069 3179 2287 3234 abunde
2315 3180 2592 3243 honestas,
2649 3187 2763 3233 tum
2818 3191 3012 3232 rursus
3037 3176 3329 3246 quamdam
3364 3177 3433 3231 ab

1842 3289 1908 3328 eo
1934 3273 2237 3327 claritatem
2272 3271 2495 3340 recipis.

1914 3365 1966 3419 ls
1999 3380 2166 3434 porro
2217 3365 2272 3418 in
2329 3363 2610 3418 Michaelis
2652 3363 3000 3434 Curopalatae
3045 3363 3282 3433 imperio
3335 3377 3433 3416 ac-

1843 3469 2110 3528 ceptaque
2133 3473 2162 3512 a
2193 3457 2444 3527 Bulgaria
2470 3457 2625 3511 clade
2653 3471 2750 3526 per
2779 3471 3009 3512 suorum
3037 3455 3432 3527 proditionem,

1845 3550 2042 3606 Leonis
2078 3550 2351 3605 duntaxat
2405 3550 2733 3620 proclamati
2770 3550 3004 3618 Augusti
3075 3548 3231 3602 evius
3288 3547 3434 3603 facta

1845 3644 2147 3707 mentione,
2179 3642 2462 3698 scribendi
2497 3642 2660 3697 ﬁnem
2695 3640 2843 3708 fecit,
2872 3642 3103 3712 ejusque
3151 3655 3253 3696 nec
3280 3649 3438 3695 nata-

1844 3737 1924 3792 les
1970 3746 2064 3792 aut
2113 3737 2369 3806 patriam,
2406 3751 2510 3791 nec
2554 3736 2935 3790 educationem
2971 3735 3268 3788 lectoribus
3305 3748 3437 3802 ape-

1846 3831 1976 3883 ruit.
2035 3829 2147 3884 Nos
2187 3841 2369 3883 autem
2396 3831 2546 3884 velut
2579 3828 2828 3882 membra
2859 3829 3069 3896 reliqua
3099 3827 3265 3896 capiti
3307 3825 3439 3894 jun-

1847 3929 2039 3990 gentes
2081 3930 2194 3974 tum
2232 3921 2415 3990 ipsum
2457 3920 2704 3974 historia:
2745 3934 2949 3988 corpus
2988 3919 3284 3987 integrum,
3331 3931 3437 3969 non

1848 4012 2007 4082 quasi
2046 4012 2272 4066 dimidia
2300 4021 2454 4082 parte
2485 4013 2766 4076 mutilum,
2791 4020 3276 4081 repraesentamus,
3324 4019 3439 4062 tum

1847 4105 1916 4158 ad
1955 4120 2018 4158 ea
2051 4120 2174 4173 qua:
2211 4104 2475 4175 deinceps
2521 4107 2839 4174 secutisque
2891 4101 3239 4172 temporibus
3286 4109 3439 4170 gesta

1851 4208 1980 4252 sunt
2007 4198 2372 4262 traducimus,
2412 4214 2527 4252 rem
2557 4199 2771 4253 scilicet
2795 4205 3123 4268 praestantes
3156 4194 3225 4247 iis
3258 4192 3352 4263 qui
3385 4193 3439 4245 in

1851 4291 1963 4345 otio
1986 4299 2041 4346 et
2077 4291 2290 4345 desidia
2315 4291 2500 4346 vivere
2529 4290 2807 4345 noluerint
2836 4291 3049 4353 utilem,
3087 4285 3333 4354 nihilque
3359 4286 3439 4339 eis

1850 4383 2037 4438 damni
2075 4382 2412 4439 aﬂerentem.
2469 4383 2683 4453 Quippe
2709 4382 2914 4437 bonum
2945 4389 3030 4435 est
3054 4388 3109 4434 et
3130 4379 3196 4433 ad
3227 4376 3438 4432 securi-

1854 4483 2020 4530 tatem
2060 4490 2185 4530 cum
2219 4476 2414 4545 primis
2449 4474 2581 4528 utile
2628 4483 2686 4529 ut
2727 4474 3002 4528 bonorum
3041 4472 3244 4543 pariter
3275 4477 3439 4539 atque

1857 4569 2133 4624 malorum
2168 4569 2335 4624 vitam
2371 4581 2795 4638 cognoscamus.

1457 4705 1690 4761 VARUS
1727 4705 2140 4763 LECTIONES.

232 4802 250 4831 ’
282 4801 495 4871 ταύτην
531 4801 716 4871 vulgo.
794 4799 839 4833 ¹⁰
869 4800 1332 4869 καταπροδοθεΞντι
1358 4800 1380 4851 ?

1664 4894 1894 4952 NOTIE.

221 4995 291 5064 (ί)
327 4997 556 5054 Inclusa
595 4995 778 5052 addita
805 5011 871 5052 ex
909 4995 1224 5067 conjectura
1259 4993 1324 5050 li.
1358 4992 1420 5048 P.
1456 4992 1642 5060 Goari,
1671 5007 1846 5064 eaque
1874 5009 1982 5050 non
2014 4994 2141 5061 levi,
2174 4995 2268 5051 sed
2300 5010 2366 5050 ex
2398 4993 2682 5064 scriptoris
2715 4992 2889 5063 ipsius
2924 4992 3107 5047 verbis
3138 4991 3328 5061 petita.
