4158 6442
731 342 801 410 t9
1833 356 2340 419 THEOPHANES
2371 358 2937 422 CONTINUATUS.
3937 351 4019 413 90

746 507 935 526 ’,κ

955 513 2472 538 Μ

2069 677 2438 764 ΛΟΓΟΣ
2510 671 2631 762 Λ’.

1780 855 1940 910 ΠΕΡΙ
1985 857 2122 910 ΤΗΣ
2165 856 2528 914 ΒΑΣΙΛΕΙΑΣ
2590 858 2933 913 ΛΕΟΝΤΟΣ.

2092 1190 2453 1279 LIBER
2538 1193 2616 1278 l.

1859 1377 2108 1435 LEONIS
2127 1377 2414 1434 ARIENII
2449 1376 2812 1435 IMPERIUM.

795 1715 855 1788 6
892 1715 944 1769 l.
986 1712 1118 1784 Ejus
1145 1711 1336 1782 itaque
1383 1726 1545 1782 quem
1594 1709 1845 1764 dicebam
1880 1705 2086 1762 Leonis
2129 1704 2302 1774 patria
2329 1703 2383 1763 Α

725 1805 983 1860 Armenia
1012 1801 1134 1858 fuit.
1158 1799 1346 1857 Genus
1374 1800 1574 1870 partim
1610 1814 1675 1852 ex
1709 1798 1978 1868 Assyriis,
2005 1794 2209 1865 partim
2242 1809 2306 1846 ex

725 1897 862 1968 ipsis
906 1893 1183 1950 Armeniis
1223 1901 1589 1965 propagatum
1627 1892 1749 1945 iuit.
1802 1890 1866 1943 lli
1899 1905 2024 1944 cum
2061 1887 2310 1942 scelestae

726 1988 924 2043 mentis
968 1987 1254 2058 proposito
1287 1987 1430 2040 truci
1464 2000 1596 2039 nece
1629 1991 1886 2053 parentes
1929 1978 2310 2041 sustulissent,

723 2081 920 2134 exsilio
953 2078 1198 2133 damnati
1230 2085 1381 2142 sunt;
1423 2076 1476 2129 in
1503 2090 1616 2144 quo
1644 2075 1794 2128 velut
1823 2071 2062 2143 profugi,
2102 2085 2311 2140 paupe-

725 2188 839 2226 rem
882 2172 1183 2226 tolerantes
1213 2169 1406 2234 vitam,
1447 2183 1611 2238 quem
1661 2165 2090 2227 nominavimus,
2137 2162 2310 2216 feram

723 2266 955 2320 bestiam
990 2271 1378 2333 susceperunt.
1436 2260 1558 2315 Jam
1609 2261 1792 2328 itaque
1841 2257 1954 2311 Leo
2003 2254 2311 2325 pubertatis

721 2373 899 2414 annos
933 2358 1214 2428 ingressus
1251 2354 1308 2408 in
1353 2354 1611 2423 Oppidum
1655 2352 1815 2406 Pidra
1866 2351 2108 2414 nomine,
2163 2347 2310 2418 quod

721 2452 1084 2507 Orientalium
1120 2447 1382 2503 thematis
1408 2456 1514 2510 est,
1549 2445 1846 2516 migravit:
1887 2444 1982 2499 ubi
2015 2458 2142 2498 cum
2177 2443 2311 2496 viri-

723 2546 802 2600 les
835 2559 1010 2599 annos
1040 2541 1337 2612 attigisset,
1368 2537 1811 2594 bellicosissimis
1847 2537 1979 2592 viris
2022 2534 2312 2590 truculen-

723 2636 1063 2704 tissimisque
1083 2639 1540 2691 connumeratus,
1562 2628 1771 2685 strenui
1792 2627 2058 2697 fortisque
2075 2625 2312 2696 pectoris

720 2730 826 2784 viri
862 2727 1023 2782 laude
1053 2725 1276 2781 claruit.
1322 2721 1671 2792 Nicephorus
1710 2736 1837 2776 cum
1868 2735 1967 2790 per
2005 2719 2058 2773 id
2093 2727 2313 2787 tempus

722 2821 940 2891 imperii
973 2818 1220 2873 habenas
1261 2816 1666 2877 moderaretur,
1722 2815 1776 2868 in
1813 2812 2064 2883 Bulgaria
2111 2810 2314 2880 insigni

723 2914 988 2967 Romana:
1018 2910 1098 2964 rei
1138 2907 1380 2963 ludibrio
1410 2906 1690 2961 occubuit.
1748 2904 2081 2974 Supremnm
2125 2905 2172 2958 is
2210 2903 2314 2956 du-

721 3015 840 3057 cem
862 2997 1221 3063 Bardanium,
1244 3003 1612 3066 cognomento
1629 2991 1893 3055 Turcnm,
1920 2992 2308 3054 destinaverat,

723 3091 968 3158 quinque
999 3097 1133 3141 tunc
1175 3083 1527 3140 orientalium
1561 3083 1867 3137 thematum
1901 3091 2147 3150 agentem
2173 3096 2311 3149 pra:-

724 3177 921 3240 sidem,
969 3191 1035 3229 ac
1069 3189 1176 3244 qua
1210 3173 1449 3241 pollebat
1493 3170 1690 3224 bellica
1729 3169 2048 3222 fortitudine
2077 3184 2140 3221 ac
2182 3170 2310 3222 reli-

724 3281 958 3337 quarum
978 3265 1242 3318 virtutum
1275 3260 1458 3325 laude,
1482 3259 1709 3329 provida
1739 3272 1868 3311 cura
1893 3263 2308 3327 gubernantem.

723 3360 894 3414 Porro
942 3354 1271 3418 Bardanius,
1311 3365 1372 3407 ut
1423 3352 1512 3407 cui
1571 3351 1812 3406 hostium
1868 3352 2031 3419 potiri
2068 3351 2122 3406 in
2170 3354 2313 3405 votis

723 3460 888 3515 esset,
921 3465 986 3505 ac
1016 3463 1142 3504 cum
1179 3447 1282 3502 sibi
1313 3447 1430 3516 ipse
1465 3445 1712 3516 quotidie
1743 3445 2036 3515 imperium
2071 3446 2313 3500 somnia-

726 3550 830 3608 ret,
855 3543 1004 3596 hunc
1031 3540 1100 3595 de
1116 3553 1228 3609 quo
1259 3539 1538 3608 loquimur
1561 3537 1824 3601 Leonem,
1855 3539 2131 3591 hominem
2161 3538 2311 3606 gravi

724 3636 980 3705 trucique
1013 3642 1240 3702 aspectu
1273 3632 1323 3702 7
1355 3641 1520 3701 atque
1551 3632 1738 3686 animo
1767 3646 2058 3701 generoso,
2108 3630 2313 3701 quique

724 3736 991 3798 praterea
1026 3723 1312 3794 colloquio
1359 3723 1593 3777 blandus
1625 3723 1904 3776 videretur
1950 3723 2312 3792 moribusque

724 3819 992 3883 urbanus,
1032 3819 1150 3874 suis
1179 3827 1295 3872 tum
1332 3817 1660 3872 satellitibus
1693 3830 1756 3869 ac
1782 3815 2055 3870 ministris
2083 3816 2308 3883 adlegit,

723 3923 888 3982 atque
915 3912 1018 3966 hoc
1036 3911 1297 3982 priorem,
1334 3918 1430 3965 aut
1451 3917 1599 3966 certe
1628 3909 1779 3964 brevi
1807 3919 1952 3980 post,
1985 3908 2306 3965 Michaelem

725 4005 976 4067 Balbum,
1034 4017 1250 4058 necnon
1302 4001 1571 4057 Thomam
1625 4003 1843 4058 Gazura
1877 4004 2074 4073 palude
2119 4004 2312 4058 oriun-

723 4097 855 4150 dum
891 4135 908 4161 ,
965 4095 1198 4165 abiecta:
1261 4110 1454 4151 omnes
1509 4097 1675 4151 sortis
1740 4095 1993 4151 homines
2053 4096 2311 4165 nullaque

727 4190 991 4244 hactenus
1024 4187 1271 4242 nominis
1309 4188 1558 4241 claritate
1582 4188 1937 4256 conspicuOs,
1969 4202 2032 4241 ac
2065 4188 2158 4257 qui
2193 4199 2308 4241 tum

723 4282 964 4351 primum
1016 4281 1336 4336 militarium
1382 4281 1639 4336 ordinum
1694 4282 1928 4338 ducibus
1960 4284 2310 4353 tribunisque

724 4372 1116 4427 innotuissent.

793 4508 849 4562 9..
889 4505 954 4559 lli
994 4520 1126 4575 ergo
1179 4505 1276 4558 toti
1325 4519 1357 4559 θ
1410 4504 1683 4559 Bardanio
1742 4505 2079 4574 pendebant,
2146 4507 2314 4576 inque

724 4618 846 4657 eum
870 4614 1064 4654 omnes
1095 4614 1218 4667 spes
1247 4614 1375 4653 suas
1406 4600 1686 4653 swcularis
1719 4600 1982 4654 claritatis
2008 4601 2310 4665 jactabant.

727 4695 1031 4750 Dardanius
1061 4707 1229 4762 porro
1257 4693 1470 4761 imperii
1502 4691 1856 4746 nanciscendi
1887 4693 2186 4761 cupiditate
2222 4692 2315 4746 lla-

724 4805 891 4860 grans
922 4789 1044 4841 viro
1073 4787 1292 4841 cuidam
1317 4787 1374 4840 in
1399 4786 1728 4840 Philomelio
1753 4787 2114 4841 monasticam
2147 4789 2312 4842 vitam

727 4881 912 4951 agenti
949 4881 1170 4950 illicque
1204 4879 1569 4933 commoranti
1601 4879 1719 4947 ejus
1745 4870 2076 4948 quandoque
2105 4881 2312 4949 adipis-

728 4973 885 5028 cendi
919 4972 1170 5026 animum
1195 4970 1405 5039 aperit,
1435 4985 1499 5023 ac
1533 4968 1747 5023 confert
1776 4970 2092 5033 consilium,
2127 4979 2314 5038 rogat-

726 5084 832 5135 que
868 5074 927 5120 ut
965 5063 1244 5134 supplices
1273 5062 1340 5117 ad
1385 5063 1558 5117 Deum
1602 5079 1699 5132 pro
1757 5079 1824 5117 eo
1867 5079 2057 5129 preces
2095 5064 2310 5131 fundat,

726 5174 838 5228 quo
867 5157 987 5224 ejus
1011 5171 1237 5227 gressus
1267 5156 1574 5225 dirigantur
1603 5171 1781 5225 exque
1816 5157 1928 5210 voti
1965 5158 2177 5211 ratione
2212 5160 2313 5210 im-

729 5252 866 5320 perii
903 5264 1133 5317 compos
1187 5247 1300 5303 ﬁat.
1352 5249 1435 5303 Ad
1469 5266 1633 5320 quem
1673 5249 1924 5319 protinus
1963 5253 2309 5307 monachus:

729 5345 883 5410 Noli,
917 5343 1183 5408 Bardani,
1213 5343 1475 5411 ejusmodi
1520 5344 1724 5413 aliquid
1766 5356 1956 5399 temere
1992 5350 2207 5417 aggredi
2250 5367 2313 5403 ac

726 5452 1069 5506 pra-sumere,
1124 5437 1262 5489 unde
1301 5436 1543 5504 futurum
1591 5448 1648 5489 ut
1695 5439 2050 5492 substantiam
2094 5444 2311 5495 (nnittas

725 5541 776 5582 et
819 5529 960 5582 oculi
1003 5529 1328 5596 e/fodiantur
1374 5530 1590 5598 aliaque
1635 5529 1732 5582 tibi
1765 5531 2002 5597 infausta
2047 5536 2311 5587 eveniant.

727 5617 830 5673 Sed
867 5621 912 5672 si
943 5623 1068 5672 quid
1101 5622 1257 5688 probe
1290 5624 1447 5691 inque
1484 5639 1591 5673 rem
1618 5633 1760 5674 tuam
1805 5625 2102 5677 consulenti
2149 5628 2313 5679 obau-

727 5715 833 5778 dis,
883 5731 1042 5785 quam
1077 5717 1183 5768 cito
1225 5717 1291 5769 ab
1339 5735 1401 5770 ea
1456 5719 1692 5771 animum
1745 5723 1977 5789 transfer
2019 5725 2310 5790 molitione,

731 5803 931 5857 rutilum
964 5805 1190 5873 parandi
1237 5807 1565 5874 pnncipatus
1596 5809 1969 5878 cogitationem
2017 5829 2311 5879 assumens,

2479 1704 2563 1777 [P.
2601 1703 2655 1776 4]
2700 1703 2766 1758 α’.
2802 1705 3009 1773 Πατρὶς
3035 1705 3134 1774 μὲν
3162 1699 3256 1758 οὖν
3282 1703 3376 1756 τοῦ
3403 1704 3738 1774 δηλωθέντος
3763 1705 4018 1767 Λέοντος

2426 1799 2710 1868 Ἀρμενία,
2740 1799 2896 1866 γένος
2921 1798 2978 1850 δὲ
3013 1797 3074 1850 τδ
3105 1797 3210 1867 μὲν
3252 1799 3312 1865 ἐξ
3358 1798 3686 1868 ’Δσσυρίων,
3718 1798 3779 1849 τδ
3813 1796 3872 1851 δὲ
3912 1799 4019 1849 καὶ

2414 1890 2591 1944 αὐτῶν
2649 1890 2975 1962 Ἀρμενίων,
3025 1890 3075 1943 οἳ
3138 1890 3235 1943 καὶ
3287 1891 3412 1954 τοὺς
3462 1891 3629 1950 ίδίους
3677 1889 3736 1952 ἐξ
3784 1889 4019 1942 ἀνοσίου

2413 1983 2643 2054 γνώμης
2701 1986 2885 2053 σφαγῇ
2917 1983 3213 2053 ’μιαιφόνῳ
3274 1982 3612 2052 παραδόντες
3671 1982 4023 2051 γεννήτορας

2416 2078 2715 2147 ὑπερορίας
2761 2075 3260 2143 κατεδικάσθησαν,
3290 2077 3517 2128 κάκεῖσε
3560 2076 3626 2145 δὴ
3676 2075 3768 2127 τὸν
3793 2075 4020 2142 πένητα

2417 2171 2550 2239 βίον,
2587 2170 2679 2224 ἀτε
2703 2169 2768 2240 δὴ
2800 2171 2895 2223 καὶ
2927 2168 3187 2236 φυγάδες,
3216 2167 3562 2230 διαθλοῦντες
3587 2167 3678 2220 τὸν
3710 2167 4022 2236 εἰρημένον

2416 2263 2556 2333 θῆρα
2601 2263 2889 2315 ἀπέτεκον.
2943 2263 3104 2334 Ἀρτι
3152 2261 3285 2329 γοῦν
3350 2264 3430 2324 είς
3483 2262 3723 2331 ἐφήϐους
3771 2262 3800 2313 ὁ
3851 2259 4023 2313 Λέων

2414 2357 2798 2419 ἐτάττετο,καὶ
2835 2355 3034 2426 κώμην
3076 2355 3284 2427 Πίδραν
3317 2355 3866 2423 κατονομαζομένην,
3903 2353 4023 2404 ὑπὸ

2414 2450 2475 2501 τὸ
2508 2449 2652 2518 θέμα
2696 2449 2960 2527 τελοῦσαν
3005 2449 3117 2502 τῶν
3179 2448 3566 2510 Ἀνατολικῶν.
3602 2448 3700 2515 τῆς
3745 2447 4024 2516 πατρίδος

2415 2542 2744 2596 ἀλλάσσεται
2769 2559 2783 2572 ·
2825 2542 2956 2595 ἔνθα
2989 2541 3056 2612 δὴ
3085 2542 3179 2595 καὶ
3210 2542 3403 2610 ἀνδρδς
3424 2541 3646 2610 ἡλικίαν
3683 2539 4021 2606 δεξάμενος,

2414 2638 2527 2696 τοῖς
2585 2636 2998 2704 μαχιμωτάτοις
3055 2636 3147 2686 καὶ
3205 2633 3600 2702 φονικωτάτοις
3637 2629 4026 2699 καταριθμού-

2419 2746 2577 2800 μενος
2615 2728 2774 2796 δὸξης
2805 2727 3134 2796 εὐμοίρησεν
3163 2729 3253 2779 ἐπὶ
3277 2731 3644 2795 γενναιότητι.
3693 2725 4026 2791 Νικηφόρος

2415 2823 2535 2874 τότε
2577 2821 2672 2882 τὰς
2732 2821 2827 2888 τῆς
2866 2819 3143 2890 βασιλείας
3195 2819 3376 2871 ἴθυνεν
3441 2819 3620 2889 ἡνίας,
3656 2817 3685 2870 ὁ
3747 2816 4024 2887 τρόπαιον

2417 2913 2475 2963 ἐν
2522 2911 2833 2980 Βοολγαρία
2885 2912 3200 2980 γενόμενος,
3256 2911 3352 2964 καὶ
3415 2909 3859 2980 μονοστράτηγον
3921 2908 4025 2957 τὸν

2418 3003 2733 3072 Βαρδσὶνιον,
2762 2997 2805 3070 ᾧ
2835 3004 3080 3074 Τοῦρκος
3130 3003 3391 3071 ἐπίκλην,
3423 3001 3531 3054 τῶν
3562 3004 3721 3053 πέντε
3755 2999 4025 3068 θεμάτων

2415 3099 2522 3152 τῶν
2556 3101 2697 3152 κατὰ
2727 3097 2826 3166 τὴν
2875 3095 3169 3165 Ἀνατολὴν
3194 3096 3293 3164 τὴν
3332 3094 3590 3163 ἐφορείαν
3626 3094 3720 3145 καὶ
3750 3095 4025 3160 πρόνοιαν

2414 3191 2785 3258 διοικούμενον
2820 3189 2908 3242 διά
2933 3205 2991 3240 τε
3017 3189 3112 3256 τὴν
3149 3189 3206 3238 ἐν
3247 3187 3506 3254 πολέμοις
3540 3186 3747 3254 τόλμαν
3772 3186 3867 3236 καὶ
3913 3184 4026 3246 τὰς

2413 3285 2580 3344 ἄλλας
2606 3281 2839 3334 ἐπανθού
2852 3298 2946 3342 σας
2969 3280 3118 3348 αὐτῷ
3143 3277 3228 3350 [Ρ.
3335 3279 3535 3348 ἀρετάς
3559 3276 3975 3342 ἐξαπέσταλκεν
4009 3293 4023 3304 ·

2413 3376 2471 3437 ὃς
2495 3374 2588 3427 an:
2618 3373 2683 3443 δὴ
2714 3372 2822 3424 τῶν
2853 3371 3066 3441 ἐχθρῶν
3091 3369 3321 3437 ἀγαπῶν
3349 3368 3626 3438 κυριεύειν
3659 3368 3751 3420 καὶ
3782 3367 3884 3435 τὴν
3918 3365 4025 3433 βα-

2417 3465 2622 3518 σιλείαν
2680 3466 2944 3517 ἑκάστοτε
3003 3461 3391 3532 ὀνειροπολῶν,
3424 3460 3613 3512 τοῦτον
3660 3477 3740 3520 τε,
3776 3462 3910 3527 περὶ
3953 3456 4024 3512 οὗ

2414 3562 2442 3612 ὁ
2491 3559 2674 3625 λόγος,
2709 3559 2797 3609 τὸν
2834 3557 3040 3609 Λέοντα
3093 3554 3544 3624 καταπληκτικὸν
3596 3551 3863 3620 βλέποντα
3918 3554 4026 3604 καὶ

2415 3654 2663 3720 γενναῖον
2717 3649 3010 3718 ἀνάστημα
3063 3648 3256 3716 ἔχοντα
3316 3647 3412 3698 καὶ
3464 3645 3640 3707 ἄλλως
3687 3646 3902 3697 ἀστεῖον
3962 3647 4025 3694 ἐν

2413 3747 2534 3807 ταῖς
2565 3743 2802 3813 ὁμιλίαις
2833 3742 3094 3794 δοκοῦντα
3114 3743 3226 3803 τοῖς
3270 3739 3466 3793 ἐαυτοῦ
3496 3739 3811 3808 δορυιρὸροις
3845 3741 4026 3802 ἐγκα-

2415 3837 2632 3904 ταλέγει
2659 3837 2749 3888 καὶ
2771 3835 3059 3896 διακόνοις,
3090 3835 3183 3885 καὶ
3204 3833 3310 3901 πρό
3341 3848 3402 3899 γε
3426 3830 3669 3898 τούτουῆ
3701 3830 3837 3897 μετά
3851 3828 4027 3879 τοῦτο

2418 3929 2615 3999 μικρὸν
2641 3926 2867 3998 Μιχαὴλ
2898 3943 2957 3979 τε
2995 3925 3084 3978 τὸν
3116 3923 3363 3996 Τραυλδν
3413 3923 3508 3975 καὶ
3537 3922 3742 3991 Θωμᾶν
3771 3920 3861 3972 τὸν
3903 3920 4026 3971 ἀπὸ

2414 4020 2609 4090 λίμνης
2675 4017 2973 4088 Γαζουροῦ,
3031 4017 3320 4077 ταπεινοὺς
3370 4015 3580 4074 πάντας
3635 4014 3729 4066 καὶ
3775 4013 4026 4080 ἀζῄλους

2413 4112 2571 4172 ὄντας
2606 4109 2702 4162 καὶ
2753 4109 2957 4178 ἀρτίως
3001 4108 3082 4170 είς
3131 4106 3333 4174 γνῶσιν
3385 4105 3687 4175 ἀγομένους
3743 4105 3859 4167 τοῖς
3914 4104 4026 4164 τὰς

2416 4203 2724 4272 πολεμικὰς
2757 4199 3261 4271 ἐγκεχειρισμένοις
3291 4198 3487 4268 ἀρχάς.

2495 4519 2561 4588 β’.
2590 4512 3034 4586 Ἐκρέμαντοοῦν
3052 4508 3198 4567 οὗτοι
3212 4513 3305 4566 τοῦ
3337 4513 3412 4567 Βα
3423 4514 3660 4583 ρδανίου,
3681 4513 3778 4565 καὶ
3793 4514 4023 4583 ἐναὺτῷ

2421 4612 2518 4671 τὰς
2542 4611 2814 4679 κοσμικὰς
2838 4609 3063 4666 ἐλπίδας
3101 4607 3359 4660 ἐσάλευον
3388 4622 3402 4635 ·
3429 4605 3524 4657 καὶ
3547 4598 3702 4666 οὗτος
3729 4604 3829 4672 τῆς
3859 4602 4023 4672 βασι-

2419 4703 2568 4766 λείας
2599 4701 2673 4754 ὣν
2699 4701 2934 4772 ἐραστὴς
2968 4701 3122 4770 ἀνδρί
3151 4717 3257 4751 τινι
3294 4699 3587 4768 μονάζοντι
3617 4696 3761 4748 κατὰ
3788 4697 3881 4748 τὸν
3918 4696 4020 4749 τοῦ

2419 4794 2744 4864 Φιλομηλίου
2774 4794 2952 4864 χῶρον
2974 4793 3069 4845 καὶ
3094 4791 3501 4860 ἐνδιαιτωμένῳ
3514 4790 3614 4860 τὴν
3640 4788 3847 4856 ταύτης
3875 4789 4023 4841 ἀνα-

2422 4884 2698 4937 κοινοῦται
2718 4883 2945 4953 γνώμην
2965 4881 3116 4950 αὐτῷ
3140 4884 3235 4934 καὶ
3250 4879 3572 4949 ἐπιθυμίαν,
3603 4879 3697 4932 καὶ⁵
3724 4879 3860 4950 προς
3878 4879 4020 4931 Θεὸν

2422 4977 2585 5044 εὐχὰς
2618 4974 2930 5044 ίκετηρίους
2961 4972 3262 5042 παρεκάλει
3298 4969 3491 5023 τοῦτον
3537 4970 3909 5038 ἀναπέμπειν,
3948 4971 4024 5021 τὰ

2422 5068 2589 5123 αὑτοῦ
2627 5068 2948 5136 διαδήματα
2980 5065 3425 5125 κατευθυνούσας
3475 5065 3574 5116 καὶ
3598 5065 3696 5133 τὴν
3731 5063 4020 5130 βασιλείαν

2423 5160 2896 5229 ἐπιδραϐευουσας
2963 5157 3130 5227 αὐτῷ.
3176 5156 3316 5208 Ἀλλ’
3352 5157 3588 5226 ἤκουσεν
3624 5158 3896 5227 αὐθωρδν,
3935 5158 4019 5219 ὠς

2427 5255 2509 5306 Οὐ
2537 5252 2659 5305 δέοι
2689 5249 2972 5304 τοιούτων
3020 5248 3409 5316 κατατολμᾷι·
3449 5250 3831 5319 πραγμάτων,
3861 5254 4020 5317 Bap—

2423 5346 2610 5409 θιὶιίε,
2653 5344 2726 5395 δι’
2760 5338 2848 5395 ὧν
2874 5341 3142 5396 daulis-ui
3181 5359 3244 5394 τε
3287 5345 3644 5408 περιουσίας
3695 5345 3790 5395 καὶ
3827 5343 4021 5410 cimicis

2425 5457 2544 5492 των
2572 5438 2869 5504 περικοπῇ
2897 5437 2992 5488 καὶ
3020 5437 3327 5502 δυστυχία
3349 5435 3549 5500 ἄλλως
3573 5439 3644 5490 σὺ
3686 5437 3885 5500 καλῶς
3915 5455 4016 5489 σοι

2423 5532 2744 5600 γενήσεται
2778 5547 2790 5559 ·
2817 5529 2956 5583 ἀλλ’
2981 5529 3036 5581 ετ
3075 5546 3127 5581 τι
3158 5528 3320 5596 ἔχεις
3347 5527 3677 5596 πεισθῆναί
3722 5546 3822 5582 σοι
3867 5546 4019 5589 συμ-

2425 5626 2798 5688 ϐουλεύω-τι,
2854 5623 3265 5688 ἀποπήδησον
3303 5625 3532 5675 τούτων
3567 5623 3663 5675 διὰ
3698 5624 4013 5691 βραχέων,

2425 5719 2620 5785 ἀρχήν
2651 5733 2783 5770 τινα
2801 5737 2842 5785 μ
2857 5716 2942 5783 ηδ’
2976 5716 3131 5779 ὅλως
3153 5714 3272 5768 τῶν
3291 5717 3574 5769 τοιούτων
3603 5733 3719 5769 σου
3742 5719 4010 5786 πραπιιιὰν

2425 5829 2541 5866 των
2579 5812 2834 5876 ,ϐάλλων
2866 5813 2950 5878 εἰς
2977 5812 3145 5866 νοῦν.
3197 5809 3525 5881 {tinge-1%.
3557 5810 3858 5877 κατηφείας
3918 5812 4014 5862 καὶ
