4158 6442
175 404 228 475 21
1300 409 1449 473 LIB.
1492 410 1633 474 I.-
1670 413 1816 476 LEO
1856 410 2282 476 ARMENIUS.

3352 412 3428 478 22

175 519 348 593 ἀχλύος
374 519 402 573 ὁ
433 517 720 591 ἄνθρωπος
749 515 953 590 τούτων
976 514 1085 571 τῶν
1118 515 1295 587 λόγων
1315 519 1591 593 ἀκηκοώς.
1625 520 1737 578 Καὶ

1869 520 1989 592 ujtts
2025 536 2105 576 in
2135 535 2189 575 se
2220 518 2298 574 ita
2323 518 2571 574 Italicam.
2625 516 2748 587 Quo
2782 517 2974 574 audito
2997 518 3255 574 mmstitia
3278 535 3427 591 quae-

174 614 302 677 τέλος
334 610 481 683 ιξῂιι
508 611 605 667 τοῦ
636 611 915 687 δωματίου
969 613 1189 688 πλήρης
1218 613 1460 688 ἀθυμίας
1488 615 1585 669 καὶ
1615 613 1736 671 θλί⁶

180 706 324 777 ψιως.
366 703 455 769 Ὠς
479 703 536 759 δὴ
558 705 689 770 τοὺς
717 706 1043 779 είρημάνους
1071 706 1295 777 ἄνδρας,
1323 708 1530 763 Λίοντά
1553 725 1611 763 τε
1646 710 1740 765 καὶ

180 795 380 867 Μιχαὴλ
430 797 526 850 καὶ
584 798 808 869 Θωμᾶν,
841 798 934 852 τὸν
969 798 1137 853 ἵππον
1182 801 1416 868 ἄγοντας
1472 801 1741 871 ἀναϐῆναι

175 890 327 962 τούτῳ
357 892 387 945 ὀ
419 893 656 964 μοναχδς
700 893 985 958 ἐθεάσατο,
1012 894 1104 948 τὸν
1131 896 1443 967 στρατηγὸν
1478 898 1745 969 ὑποστρέ-

177 1000 280 1051 φειν
348 984 755 1055 παρεκελεύετο
788 1001 803 1017 ⁶
859 986 958 1041 καὶ
1014 987 1091 1051 ὼς
1144 987 1351 1041 καινῶν
1422 1005 1589 1044 τινων
1645 991 1741 1044 καὶ

178 1072 320 1138 ξένων
368 1072 701 1127 ἀκούσεσθαι
748 1074 1086 1146 προσδοκῶν,
1120 1076 1317 1131 θᾶττον
1358 1077 1392 1149 ἢ
1431 1078 1587 1148 λόγος
1631 1079 1744 1133 ὑπ-

178 1162 442 1231 έστρεφεν.
475 1161 618 1214 Ἀλλ’
637 1164 847 1215 ἐκεῖνον
868 1161 968 1233 μὲν
983 1161 1143 1223 αὖθις
1167 1164 1479 1238 ὲξελιπάρει
1504 1167 1580 1239 μὴ
1605 1167 1743 1237 πρὸς

177 1254 235 1305 τὰ
262 1251 592 1323 ἐλπιζόμενα
630 1253 1005 1326 αὐτομολῆσαι
1032 1256 1181 1311 δεινὰ
1208 1259 1305 1311 καὶ
1348 1261 1447 1331 τὴν
1494 1259 1742 1315 ἀποῦσαν

179 1347 551 1415 κακοπραγίαν
602 1347 703 1418 τῆς
767 1349 1055 1420 παρούσης
1104 1351 1451 1422 εὐδαιμονίας
1507 1353 1743 1419 άλλάξα·

180 1440 290 1492 σθαι
317 1457 330 1468 ·
359 1441 563 1504 αὑτοὺς
593 1441 652 1494 δὲ
687 1441 913 1506 τούτους
945 1444 1240 1515 προφήτιδι
1268 1445 1489 1519 γλώττῃ
1514 1446 1747 1518 διεμαρ-

179 1531 371 1601 τύρετο,
408 1531 646 1601 βεϐαιῶν
680 1533 756 1596 ὡς
798 1533 858 1587 Ὀ
887 1535 1103 1605 πρῶτος
1137 1537 1346 1591 τούτων
1370 1541 1462 1591 καὶ
1493 1539 1748 1610 δεύτερος

176 1624 260 1694 τῆς
282 1625 361 1678 σοὶ
373 1625 767 1697 πεποθημένης
786 1625 1066 1695 βασιλείας
1090 1630 1410 1699 γενήσονται
1435 1631 1747 1700 ἐγκρατεῖς,

178 1718 281 1771 ἀλλ’
308 1718 365 1771 ού
406 1721 493 1784 σὺ,
522 1721 551 1772 ὸ
575 1721 759 1790 τρίτος
783 1720 838 1774 δὲ
870 1721 1145 1792 εὐφημίας
1183 1723 1354 1791 μόνης
1390 1726 1487 1777 καὶ
1507 1726 1750 1797 ἀναρῤή-

1841 612 1968 669 dum
2026 626 2090 668 ac
2135 610 2313 682 caligo
2353 610 2632 667 hominem
2676 610 2923 674 incessit,
2978 610 3234 681 tristique
3265 622 3319 667 et
3347 611 3428 668 af-

1840 705 1990 762 flicto
2017 704 2206 759 animo
2249 718 2281 757 o
2317 703 2541 774 tugurio
2583 702 2774 773 pedem
2808 701 2996 759 refert.
3058 700 3199 757 Tum
3234 716 3428 757 mona-

1840 799 2003 861 chus,
2032 811 2173 866 quos
2201 796 2450 851 dicebam
2494 796 2663 857 viros.
2706 794 2942 850 Leonem
2987 795 3199 851 scilicet
3234 803 3289 850 et
3324 794 3428 849 Mi-

1842 890 2086 946 chaelem
2133 898 2189 943 et
2237 887 2538 953 Thomam,
2584 902 2790 957 equum
2843 886 3214 952 adducentes,
3262 901 3426 956 qttem

1843 982 2257 1046 conscenderet,
2302 982 2515 1047 videns,
2563 982 2762 1037 ducem
2791 980 3172 1049 redirejubet.
3214 979 3262 1034 Is
3298 994 3429 1035 vero

1845 1092 1986 1132 nova
2022 1075 2273 1147 quaedam
2307 1083 2362 1130 et
2394 1074 2640 1129 inaudita
2664 1090 2724 1130 se
2754 1073 3075 1129 auditurum
3109 1087 3340 1141 sperans
3372 1071 3432 1141 8

1846 1172 1995 1227 dicto
2043 1171 2209 1227 citius
2260 1184 2518 1226 reversus
2545 1178 2652 1226 est.
2706 1168 2845 1224 Tum
2879 1169 2971 1224 ille
2996 1171 3194 1223 iterum
3226 1166 3431 1222 Barda-

1847 1265 2004 1319 nium
2044 1279 2237 1334 rogare
2265 1277 2333 1319 ac
2361 1263 2649 1328 obtestari,
2676 1280 2741 1318 ne
2778 1266 2893 1333 ipse
2924 1271 3118 1332 sponte
3147 1262 3214 1316 ad
3244 1271 3430 1332 parata

1849 1353 1991 1409 mala
2016 1363 2324 1424 procurrat,
2345 1369 2482 1410 neve
2504 1354 2706 1409 absens
2732 1352 3098 1407 infortunium
3132 1367 3259 1407 cum
3293 1366 3432 1421 pra:—

1848 1449 1991 1503 senti
2028 1458 2211 1503 rerum
2267 1446 2633 1503 secundarum
2664 1455 2807 1501 statu
2838 1453 3179 1501 commutare
3200 1454 3431 1516 quaerat.

1850 1539 1946 1595 His
1977 1549 2160 1595 autem
2192 1542 2327 1611 ipsis
2343 1540 2655 1595 futurorum
2683 1540 2909 1609 praescia
2942 1540 3125 1609 lingua
3155 1548 3435 1594 contesta-

1853 1639 1939 1683 tus
1960 1640 2044 1686 est
2077 1642 2339 1701 certoque
2379 1630 2673 1685 aiIirmavit
2702 1629 2820 1685 fore
2850 1640 2911 1683 ut
2950 1630 3162 1699 primus
3191 1629 3437 1697 alterque

1852 1723 2089 1793 imperii,
2139 1725 2286 1793 quod
2335 1725 2415 1780 sic
2455 1724 2546 1779 ille
2575 1722 2872 1793 deperiret,
2908 1729 3192 1792 compotes
3218 1721 3435 1777 tierent.

180 1828 299 1873 οεως
346 1810 640 1881 μετασχὼν
673 1812 783 1865 οὐδ’
829 1812 968 1877 ὅλως
1013 1814 1433 1883 εύοδωθήσεται,
1472 1819 1609 1871 άλλά
1653 1820 1748 1871 καὶ

1875 1837 1966 1891 pse
2002 1823 2094 1876 illo
2138 1837 2423 1891 nunquam
2457 1823 2747 1891 potiretur.
2806 1820 3019 1883 Tertio,
3071 1835 3198 1875 cum
3255 1818 3437 1874 fausta

178 1903 344 1966 κακῶς
393 1906 494 1975 τὴν
526 1904 705 1976 ψυχὴν
751 1907 1058 1980 ἀπορρήξει
1105 1908 1204 1979 τὴν
1263 1910 1484 1991 ἑαυτοῦ.
1525 1909 1750 1975 Τούτοις

1868 1915 2040 1968 )mnia
2078 1915 2469 1983 publicamque
2506 1914 2956 1969 acclamationem
2991 1921 3326 1967 consecutus
3349 1928 3439 1967 es-

179 1995 493 2066 βαλλόμενος
518 2000 620 2069 τὴν
660 1998 842 2070 ψυχὴν
879 2002 1145 2066 ποικίλως
1172 2004 1324 2072 ἠφίει
1373 2003 1522 2058 κατὰ
1575 2005 1751 2073 πρόσ-

175 2109 308 2144 ωπον
330 2093 433 2156 τὰς
464 2092 653 2165 χροιὰς
676 2096 769 2149 καὶ
788 2094 942 2159 αὖθις
965 2097 1242 2170 ἀπῄειτὴν
1270 2098 1475 2162 οἴκαδε,
1494 2098 1630 2167 ὁμοῦ
1657 2100 1755 2169 μὲν

180 2180 463 2254 βλάσφημα
490 2202 614 2238 τινα
640 2186 784 2239 κατὰ
820 2185 914 2239 τοῦ
941 2188 1138 2260 ἀνδρὸς
1164 2190 1259 2243 καὶ
1290 2190 1479 2260 ὕϐρεις
1525 2192 1757 2263 ἀπορρί-

178 2292 335 2339 πτων,
359 2274 447 2349 [Ρ.
480 2274 535 2350 6]
586 2276 725 2348 ὁμοῦ
753 2279 809 2332 δὲ
845 2279 1059 2345 τούτοις
1084 2284 1181 2345 τὰς
1217 2283 1430 2336 ἐκείνου
1459 2285 1526 2338 δι’
1554 2287 1756 2349 αὐτοὺς

178 2366 509 2437 ἐξαγγέλλων
528 2372 887 2444 προρρήσεις,
915 2375 1007 2427 καὶ
1036 2374 1252 2442 γέλωτα
1281 2376 1450 2431 πολὺν
1472 2379 1757 2449 καταχέων

177 2460 273 2512 τῶν
298 2462 636 2533 εἰρημένων.

240 2640 304 2706 γ’.
333 2642 573 2715 Χαίρειν
622 2641 717 2701 οὖν
767 2647 945 2702 είπὼν
1010 2651 1126 2714 τοῖς
1171 2651 1382 2705 ἐκείνου
1442 2652 1647 2722 λόγοις,
1689 2657 1758 2727 τῇ

174 2731 622 2808 ἐννεακαιδεκάτῃ
672 2737 769 2793 τοῦ
831 2740 1053 2794 Ἰουλίου
1115 2743 1286 2813 μηνὸς
1350 2743 1448 2813 τῆς
1509 2751 1580 2798 ια’
1633 2746 1762 2799 ἰνδι-

176 2826 393 2893 κτιῶνος
424 2831 569 2883 κατά
593 2829 689 2883 τοῦ
712 2832 1093 2903 βασιλεύοντος
1110 2836 1431 2906 Νικηφόρον
1458 2841 1617 2909 χεῖρα
1637 2857 1762 2893 συν-

177 2921 431 2991 αθροίσας
470 2924 696 2995 πολλὴν,
727 2926 824 2980 καὶ
847 2928 915 2980 τὰ
960 2928 1050 2997 ὑφ’
1070 2930 1261 2983 ἑαυτὸν
1279 2931 1521 3003 τέσσαρα
1551 2933 1763 3003 θέματα

178 3013 281 3075 τοῖς
339 3012 545 3069 ἑαυτοῦ
603 3015 785 3083 λόγοις
841 3018 1163 3087 ὑπαγαγὼν,
1214 3020 1322 3074 τῶν
1386 3024 1763 3094 Ἀρμενιακῶν

178 3104 336 3174 χωρὶς
370 3104 518 3174 (οὐδὲ
554 3106 664 3177 γὰρ
690 3107 921 3172 ύπείξαν
969 3109 1164 3181 αὐτῷ),
1199 3111 1302 3180 τῆς
1332 3113 1764 3180 ἐπαναστάσεως

178 3193 420 3263 ἄρχεται.
465 3195 680 3267 Ἐμίσει
735 3198 835 3268 μὲν
879 3194 974 3252 οὖν
1029 3201 1151 3253 τότε
1201 3201 1293 3254 τὸν
1338 3203 1651 3276 Νικηφόρον
1701 3207 1764 3259 τὸ

178 3288 413 3358 ὑπήκοον
439 3290 521 3360 τῷ
551 3290 710 3361 βάρει
735 3292 1058 3363 πιεζόμενον
1081 3294 1187 3347 τῶν
1222 3296 1501 3366 δημοσίων
1522 3300 1713 3367 τελῶν,
1738 3301 1768 3355 ὃ

179 3378 362 3444 γέγονὲ
407 3398 533 3446 πως
565 3383 661 3435 καὶ
700 3384 925 3455 ἀφορμὴ
980 3386 1077 3439 καὶ
1111 3386 1414 3459 σύνδρομον
1442 3391 1638 3462 ἐκείνῳ
1667 3395 1768 3463 τῆς

178 3470 601 3538 ἐπαναστάσεως
631 3490 647 3506 ·
682 3476 867 3543 γένονε
899 3478 955 3531 δὲ
989 3496 1042 3531 τι
1096 3480 1189 3533 καὶ
1222 3481 1410 3551 ἕτερον
1444 3484 1639 3538 αἴτιον.
1682 3484 1771 3548 Ὠς

178 3564 275 3635 γὰρ
313 3567 465 3620 κατὰ
507 3567 620 3621 τῶν
668 3572 988 3641 Ἀγαρηνῶν
1014 3574 1042 3625 ὀ
1099 3574 1396 3643 Ιιαρδάνιος
1425 3578 1772 3649 ἠνδραγάθη-

180 3672 264 3707 σεν
290 3660 388 3711 καὶ
415 3659 524 3731 τῆς
554 3664 857 3731 γενομένης
888 3663 1091 3735 πολλῆς
1121 3666 1554 3738 λαφυραγωγίας
1590 3670 1773 3742 δικαία

177 3749 401 3822 προνοίᾳ
453 3753 732 3821 πεποίηκε
789 3752 887 3827 τὴν
937 3756 1237 3829 διανομὴν,
1297 3761 1611 3833 κατάλληλα
1659 3766 1773 3828 τοῖς

177 3841 609 3914 ἀγωνιζομένοις
642 3847 700 3901 ὲν
732 3847 957 3922 πολέμῳ
980 3849 1098 3905 ἀλλ’
1121 3852 1181 3905 ού
1218 3852 1360 3907 κατά
1392 3854 1683 3928 πρόσωπον
1705 3856 1775 3911 τά

178 3928 312 3993 ἆθλα
365 3938 629 4011 προθεὶς,
666 3939 813 4010 ιδυει
863 3945 959 3999 καὶ⁸
1003 3943 1283 4017 βασιλείας
1346 3947 1560 4014 τούτοις
1624 3948 1775 4016 ἄξιος

182 4029 542 4102 μιταλαχιῖν.
577 4030 742 4087 Ὅθεν
775 4034 1109 4109 ἀναρρηθεὶς
1148 4037 1388 4112 δημοσίᾳ
1416 4042 1568 4112 φωνῇ
1620 4039 1776 4112 βασι-

177 4116 317 4185 λεὺς,
354 4122 459 4176 καὶ
502 4122 716 4177 πολλῶν
762 4123 940 4180 ἀλλων
971 4128 1333 4184 ἀπολαύσεων
1357 4147 1417 4184 τε
1451 4131 1548 4184 καὶ
1596 4132 1778 4201 γερῶν

179 4211 238 4263 ἐκ
274 4212 371 4266 τοῦ
398 4212 588 4285 δήμου
624 4215 1007 4284 καταξιωθεὶς,
1039 4218 1115 4283 ὠς
1146 4220 1239 4273 καὶ
1269 4221 1395 4274 ναὸν
1422 4223 1512 4275 ἐπ’
1550 4222 1777 4293 ὀνόματι

178 4303 340 4358 αὑτοῦ
359 4306 665 4378 ἀνεγεῖραι
696 4325 756 4361 τε
787 4311 882 4363 καὶ
923 4312 1367 4376 κατασκευάσαι,
1396 4315 1498 4385 τὴν
1546 4316 1640 4367 ἐπὶ
1674 4316 1777 4369 Νι·

178 4396 478 4467 κομήδειαν
536 4398 813 4468 φέρουσαν
874 4400 961 4471 ᾔει
1019 4401 1161 4456 ὁδόν.
1238 4402 1380 4456 Ἀλλ’
1445 4405 1780 4476 ἀποχρῶσαν

179 4491 265 4541 καὶ
290 4491 615 4561 ἐφάμιλλον
640 4495 666 4547 ὁ
699 4493 1005 4563 βασιλεύων
1048 4496 1369 4567 Νικηφόρος
1398 4496 1633 4569 δύναμιν
1687 4502 1777 4553 ἐκ·

1856 2017 1962 2072 set,
1995 2007 2131 2061 nihil
2175 2023 2243 2061 ex
2290 2018 2420 2062 voto
2469 2022 2533 2063 ac
2567 2022 2827 2077 prospere
2856 2022 3167 2071 cessurum,
3201 2006 3296 2062 sed
3326 2004 3442 2061 fore

1859 2103 1918 2148 ut
1963 2108 2018 2150 et
2062 2097 2302 2150 animam
2339 2097 2480 2152 male
2513 2097 2883 2166 abrumperet.
2948 2097 3046 2152 His
3095 2108 3278 2153 mente
3324 2112 3445 2167 per-

1860 2188 2049 2242 culsus
2098 2188 2437 2255 Bardanius,
2490 2205 2555 2244 ac
2607 2190 2791 2244 vultus
2841 2192 3084 2244 colorem
3145 2191 3442 2246 identidem

1862 2292 2106 2345 mutans,
2145 2298 2336 2338 rursus
2369 2283 2594 2338 domum
2623 2284 2758 2347 abit,
2782 2284 2944 2339 simul
2982 2285 3271 2340 maledicta
3302 2301 3445 2350 quite-

1859 2372 1983 2427 dam
2015 2375 2287 2445 verbaque
2312 2377 2517 2431 atrocia
2553 2378 2608 2430 in
2641 2378 2980 2433 monachum
3005 2378 3446 2447 jactans,illius-

1860 2481 1967 2535 que
2007 2468 2085 2522 sic
2119 2469 2172 2522 in
2216 2483 2314 2524 eos
2346 2468 2526 2524 fausta
2569 2471 2824 2525 vaticinia
2872 2486 3129 2539 narrans,
3162 2472 3447 2545 multoque

1862 2561 1977 2613 risu
2007 2559 2251 2614 hominis
2278 2561 2424 2615 dicta
2459 2562 2765 2631 excipiens.

1934 2652 1987 2709 5.
2030 2653 2161 2721 Ejus
2196 2655 2384 2723 itaque
2414 2655 2764 2710 sermonibus
2788 2656 2969 2711 valere
2987 2656 3183 2727 jussis.
3207 2659 3273 2712 ad
3301 2658 3452 2713 decio

1865 2757 2010 2796 mam
2061 2759 2265 2799 nonam
2314 2741 2442 2799 Julii
2497 2746 2721 2811 mensis,
2778 2746 3078 2801 indictione
3140 2748 3450 2811 undecima,

1866 2837 2072 2907 ingenti
2113 2837 2379 2893 adversus
2417 2836 2791 2907 Nicephorum
2824 2842 3216 2907 imperatorem
3262 2854 3453 2897 coacto

1865 2930 2137 2995 exercitu,
2171 2944 2313 2998 eque
2352 2930 2620 2998 subjectis
2663 2931 2999 2986 thematibns
3033 2933 3324 2987 verborum
3376 2933 3456 2987 le-

1869 3022 2090 3077 nocinio
2140 3033 2376 3091 quatuor
2430 3025 2485 3077 in
2525 3026 2856 3079 sententiam
2904 3024 3216 3093 pertractis,
3262 3024 3456 3080 Arme-

1868 3115 1976 3170 niis
2020 3115 2290 3170 duntaxat
2335 3115 2389 3169 in
2445 3116 2551 3170 fide
2604 3117 2979 3185 perstantibus
3028 3120 3155 3185 (nec
3200 3116 3459 3180 enimut

1872 3204 2144 3261 Bardanio
2176 3221 2383 3261 morem
2432 3216 2686 3275 gererent
2738 3208 2922 3260 induci
2979 3208 3319 3274 potuerant),
3373 3221 3457 3259 re-

1872 3297 2166 3351 bellionem
2193 3297 2427 3352 orditur.
2469 3295 2599 3351 Erat
2628 3312 2757 3351 vero
2800 3296 3145 3366 Nicephorus
3185 3308 3299 3351 tum
3327 3297 3459 3352 sub-

1872 3388 2000 3444 ditis
2043 3404 2269 3453 exosus,
2322 3390 2468 3460 quod
2521 3390 2872 3460 publicorum
2928 3390 3274 3461 vectigalium
3304 3391 3456 3460 gravi

1873 3497 2041 3536 onere
2086 3497 2185 3538 eos
2238 3486 2596 3553 opprimeret.
2651 3485 2787 3539 Hinc
2840 3486 3224 3539 novandarum
3275 3501 3458 3539 rerum

1874 3589 2009 3627 ansa
2039 3574 2286 3642 quaedam
2314 3586 2369 3629 et
2406 3576 2630 3629 occasio
2659 3575 2784 3640 fuit;
2838 3577 2933 3629 sed
2968 3586 3022 3629 et
3063 3576 3167 3629 alia
3207 3577 3459 3643 quzedam

1876 3666 2004 3720 huic
2038 3681 2202 3721 causa
2233 3669 2484 3721 accessit.
2517 3666 2654 3722 Nam
2698 3684 2824 3723 cum
2862 3667 3167 3723 Dardanius
3195 3670 3460 3723 adversus

1873 3763 2161 3824 Auareiios
2184 3778 2298 3819 rem
2341 3762 2575 3820 feliciter
2614 3764 2894 3835 gessisset.
2940 3764 3312 3833 praedamque,
3353 3779 3460 3833 qua

1875 3857 2083 3925 potitus
2113 3867 2251 3923 erat,
2296 3858 2591 3913 maximam
2628 3858 2945 3929 aquissime
2971 3858 3112 3913 inter
3146 3858 3348 3914 milites
3377 3858 3463 3912 di-

1876 3948 2117 4015 visisset,
2148 3949 2295 4005 nulla
2328 3965 2698 4023 personarum
2733 3952 2968 4014 ratione,
3006 3950 3104 4007 sed
3140 3965 3239 4021 pro
3271 3950 3465 4005 merito

1876 4056 2068 4097 eorum
2096 4043 2191 4113 qui
2223 4056 2605 4115 pugnaverant
2635 4045 2865 4116 largitus
2887 4043 2942 4115 9
2971 4043 3219 4114 prmuia,
3257 4052 3463 4099 tantam

1878 4139 2152 4193 exercitus
2183 4138 2366 4193 omnis
2420 4138 2539 4191 iniit
2570 4138 2824 4207 gratiam,
2880 4146 2939 4190 ut
2981 4147 3034 4190 et
3086 4136 3313 4206 dignum
3365 4152 3469 4205 pu-

1881 4232 2117 4285 taverint
2166 4231 2261 4300 qui
2316 4232 2543 4301 imperio
2586 4234 2873 4297 potiretur.
2932 4231 3179 4300 Ilincquc
3212 4232 3349 4284 adeo
3380 4246 3471 4298 pu-

1881 4324 2024 4378 blice
2075 4323 2375 4392 imperator
2427 4322 2821 4392 proclamatus,
2881 4322 3175 4391 pluresque
3202 4322 3340 4376 alios
3375 4322 3471 4374 Ιιο-

1885 4428 2051 4467 norcs
2107 4428 2173 4467 ac
2236 4413 2461 4481 prtemia
2529 4412 2715 4481 populi
2785 4412 2838 4464 in
2902 4426 3027 4464 eum
3082 4411 3284 4465 studiis
3339 4425 3473 4462 eon-

1885 4510 2135 4566 secutus,
2199 4510 2259 4554 ut
2307 4510 2361 4555 et
2413 4501 2674 4569 templum
2730 4499 2851 4568 ejus
2907 4498 3131 4552 nomine
3171 4498 3470 4560 creserint,

179 4584 557 4654 στρατεύσας,
590 4590 685 4640 καὶ
714 4588 843 4658 περ).
864 4586 956 4641 τοῦ
1012 4588 1298 4659 μέλλοντος
1326 4590 1587 4646 δύσελπιν
1620 4596 1764 4662 ποιή-

1888 4590 2265 4645 Nieomediatn
2298 4604 2491 4644 versus
2522 4589 2622 4642 iter
2641 4587 2944 4641 contendit.
2981 4587 3178 4640 Verum
3214 4602 3340 4640 cum
3377 4584 3473 4639 Ni-

183 4691 273 4739 σας
285 4678 459 4733 αὑτὸν
485 4678 571 4749 τῷ
599 4680 796 4753 πλήθει
816 4682 927 4736 τῶν
947 4683 1594 4755 ἀντιπαραταττομένων,
1630 4687 1783 4741 ἐπει-

182 4791 269 4829 σεν
327 4778 509 4831 αὐτὸν
585 4778 924 4851 συγγνώμην
1006 4780 1296 4851 φθάσαντα
1361 4783 1781 4855 ἐξαιτήσασθαι.

184 4868 340 4941 ’Λρτι
371 4872 484 4944 μὲν
518 4872 634 4943 γὰρ
662 4875 838 4937 Λέων,
869 4874 996 4947 ἄρτι
1023 4875 1081 4930 δὲ
1110 4876 1204 4929 καὶ
1232 4877 1453 4949 Μιχαὴλ
1475 4879 1786 4952 ἀπορρυέν-

181 4979 266 5028 τες
300 4968 443 5038 πρὸς
478 4967 741 5038 βασιλέα,
773 4964 937 5023 ἆθλον
983 4971 1012 5023 ὁ
1045 4969 1145 5041 μὲν
1180 4971 1280 5041 τὴν
1310 4972 1647 5042 φοιδεράτων
1688 4974 1783 5028 καὶ

1892 4679 2169 4749 cephorus
2208 4677 2510 4746 imperator
2559 4676 2817 4731 idoneum
2855 4690 2953 4729 nec
2990 4674 3264 4730 ullatenus
3298 4676 3473 4744 impa-

1894 4788 2010 4828 rem
2042 4771 2343 4826 exercitum
2376 4770 2429 4824 in
2454 4786 2579 4825 eum
2604 4769 2910 4832 eduxisset,
2944 4778 2999 4823 et
3020 4768 3254 4822 militum
3287 4769 3476 4822 multi-

1893 4868 2085 4922 tudine
2115 4865 2428 4936 perculsum
2461 4864 2530 4919 de
2561 4874 2761 4919 eventu
2784 4863 2907 4917 belli
2934 4862 3227 4931 desperare
3258 4859 3474 4929 coegis-

1893 4966 1997 5021 set,
2043 4956 2318 5027 persuasit
2367 4955 2446 5008 illi
2501 4962 2563 5009 ut
2609 4953 2759 5024 prior
2807 4951 3024 5006 veniam
3070 4960 3297 5020 peteret.
3356 4948 3475 5005 Jatn

186 5055 467 5125 βασιλικὸν
514 5055 676 5113 οἷκον
720 5061 814 5114 τοῦ
844 5062 1095 5132 Ζήνωνος
1136 5065 1229 5115 καὶ
1272 5064 1363 5117 τὸν
1404 5065 1712 5133 Δαγισθέα,
1758 5086 1764 5113 ι

1889 5052 2037 5106 enim
2071 5049 2181 5105 Leo
2214 5057 2383 5119 atque
2432 5048 2597 5103 etiam
2628 5046 2864 5100 Michael
2916 5060 3042 5100 cum
3076 5045 3144 5100 ad
3181 5046 3479 5114 imperato—

183 5150 357 5223 δὲτὴν
389 5155 498 5223 τῆς
533 5152 743 5224 κόρτης
790 5155 1031 5225 κόμητος
1065 5156 1241 5227 ἀρχὴν
1290 5156 1385 5209 καὶ
1415 5157 1507 5210 τὸν
1546 5157 1641 5211 τοῦ
1671 5159 1790 5212 Ka-

1894 5160 2006 5200 rem
2033 5142 2383 5207 defecissent,
2416 5142 2484 5196 ab
2503 5138 2880 5210 eoquedonati
2904 5148 3110 5200 essent,
3137 5138 3272 5192 alter
3301 5135 3479 5192 finde-

188 5245 369 5314 ριανοῦ
411 5244 581 5300 οἷκον
636 5248 1119 5317 ἁπενεγκάμενοι,
1177 5249 1279 5302 οὐκ
1333 5248 1515 5316 ἀγαθά
1570 5254 1764 5321 φρονεῑε

1893 5248 2140 5293 ratorum
2190 5234 2519 5306 praefectura
2582 5230 2846 5302 regiaque
2900 5229 3141 5284 Zenonis
3197 5230 3364 5283 domo
3428 5238 3483 5282 et

188 5339 343 5393 αὐτὸν
403 5341 549 5411 περὶ
616 5340 812 5393 ἑαυτοῦ
862 5343 1251 5413 πεποιήκασιν.
1306 5342 1469 5395 Ὅθεν
1532 5343 1684 5414 αὐτῷ
1730 5362 1790 5396 τε

189 5433 279 5488 καὶ
304 5434 386 5505 τῷ
424 5434 556 5505 λαῷ
628 5435 963 5506 συγγνώμην
1009 5420 1363 5507 αἰτούμενος
1396 5438 1461 5491 ὲκ
1522 5437 1790 5508 βασιλέως

193 5528 348 5602 μέχρι
370 5528 488 5582 τῶν
532 5528 877 5595 Μαὶαγίνων
903 5530 1247 5600 ὑπέστρεφεν
1274 5548 1288 5561 ·
1330 5531 1494 5584 κάκεῖ
1520 5532 1649 5594 τοὺς
1689 5532 1791 5600 τῆς

192 5621 459 5684 ἀπαθείας
485 5620 695 5688 λόγους
734 5618 1025 5688 δεξάμενος
1058 5623 1151 5675 καὶ
1192 5621 1253 5674 τὸ
1298 5620 1535 5692 χρυσοῦν
1568 5621 1791 5692 σταυρίο

1894 5332 2169 5401 Dagistea,
2219 5330 2355 5385 alter
2400 5328 2540 5381 aula:
2582 5326 2805 5379 comitis
2837 5325 3100 5391 dignitate
3145 5338 3212 5377 ac
3257 5320 3481 5376 Ωιιτίσηί

1898 5426 2132 5489 aedibus,
2170 5423 2411 5479 fecerant
2442 5429 2501 5474 ut
2533 5419 2649 5476 suis
2686 5419 2777 5472 ille
2810 5416 3292 5471 rebusdiiliderct.
3331 5414 3488 5479 Qua-

1902 5527 2124 5591 propter
2154 5525 2269 5572 tum
2298 5514 2404 5569 sibi
2437 5514 2553 5584 ipse
2590 5522 2704 5567 tum
2735 5511 2913 5580 copiis
2940 5510 3153 5564 veniam
3190 5508 3261 5562 ab
3306 5508 3482 5576 impe-

1902 5624 2083 5668 ratore
2130 5617 2385 5683 precatus
2428 5608 2494 5663 ad
2531 5606 2825 5675 itinlagiuas
2879 5618 3050 5673 usque
3106 5601 3207 5656 iter
3247 5599 3481 5661 reflexit,

194 5713 367 5778 διον,ὀ
425 5716 469 5747 “
532 5714 693 5785 παρά
738 5715 835 5768 τοῦ
892 5716 1207 5787 Νικηφόρον
1264 5716 1602 5786 φορούμενον
1647 5714 1764 5768 αύτέ

1896 5722 2007 5775 quo
2053 5706 2174 5761 loco
2211 5702 2526 5759 securitatis
2572 5700 2729 5756 iidem
2782 5698 3009 5765 accepit,
3051 5711 3216 5765 parva
3262 5710 3483 5765 quoque

1502 5809 1726 5865 VARUS
1766 5808 1896 5864 LEC.
1917 5804 2174 5859 HUM‘LS.

268 5908 302 5937 ²¹
339 5908 399 5960 τὸ
436 5910 605 5971 ιἰιίςέιν
