4158 6442
662 371 732 434 93
1774 376 2286 439 THEOPHANES
2315 378 2595 442 CONTIN
2607 382 2875 443 UATUS.
3879 384 3950 450 26

664 501 829 542 cruce
859 501 1052 551 aurea,
1092 485 1400 556 Nicephoro
1441 487 1644 557 gestari
1687 488 1872 555 solita,
1919 499 2071 545 certo
2104 489 2247 546 datze

2354 493 2661 547 ἀπέσταλτο
2710 493 2850 565 πρὸς
2896 494 3200 563 ἀσφάλειάν
3249 513 3306 550 τε
3343 495 3440 550 καὶ
3487 498 3773 568 πίστωσιν,
3805 500 3950 573 πρὸς

664 580 788 634 tidei
822 580 1049 651 pignore
1096 580 1161 634 ad
1196 593 1320 634 eum
1352 580 1544 636 missa.
1595 579 1736 637 Tum
1762 583 1829 637 ad
1862 580 2098 640 lleraclii
2130 600 2249 640 mo-

665 674 969 727 nasterium
998 682 1162 727 noctu
1193 672 1427 743 aufugit,
1450 688 1560 728 uno
1578 671 1788 729 Thoma
1820 675 2053 744 periculi
2073 678 2246 742 socio;

664 779 903 833 cumque
955 765 1148 841 capitis
1187 778 1443 819 ornatum
1499 766 1657 820 vellet
1712 767 1952 835 auferre,
2008 784 2118 824 non
2155 786 2248 825 ac-

668 856 869 927 quievit
930 858 1252 914 monasterii
1317 874 1537 929 praeses.
1595 858 1735 915 Tum
1797 862 1886 916 ille
1935 877 2088 928 ense,
2138 879 2249 933 quo

660 951 990 1017 praecinctus
1018 962 1161 1019 erat,
1195 969 1410 1009 comam
1434 964 1750 1024 amputans,
1784 957 1986 1027 vilique
2020 957 2248 1014 indutus

662 1055 809 1115 toga,
854 1061 1048 1101 versus
1081 1046 1279 1103 Protcn
1308 1047 1545 1104 insulam
1584 1048 1687 1105 iter
1717 1051 1934 1120 arripit,
1980 1066 2091 1121 quo
2121 1052 2245 1107 loco

663 1138 928 1207 pra-dium
966 1140 1188 1210 pulchre
1217 1141 1496 1196 excultum
1529 1142 1658 1195 olim
1687 1142 2023 1211 possidebat:
2059 1142 2113 1197 in
2138 1159 2249 1213 quo

661 1240 716 1286 et
737 1241 1015 1287 extorrem
1039 1248 1202 1302 agere
1230 1234 1532 1304 imperator
1564 1235 1940 1290 mandaverat.
1975 1236 2081 1306 ιο
2115 1236 2247 1291 llluc

662 1324 849 1393 itaque
900 1322 1199 1389 trajiciens,
1262 1325 1548 1394 solitisque
1596 1323 1854 1392 precibus
1897 1324 2150 1379 initiatus
2183 1339 2245 1377 ac

662 1418 1063 1472 monachorum
1085 1417 1332 1472 divinum
1364 1418 1615 1472 habitum
1647 1427 2004 1481 consecutus.
2034 1425 2247 1473 mutato

660 1512 886 1566 nomine
935 1507 1148 1566 Sabbas
1199 1511 1527 1580 appellatur,
1577 1525 1678 1580 pro
1728 1510 2022 1566 sanctioris
2075 1510 2146 1563 ab
2180 1523 2247 1563 eo

659 1602 867 1671 arrepti
900 1602 1133 1656 instituti
1170 1603 1385 1657 ratione
1414 1602 1566 1671 plura
1604 1616 1667 1656 ac
1708 1615 1910 1672 magna
1940 1602 2245 1657 certamina

662 1697 956 1752 desudans.
1010 1695 1164 1752 llaud
1197 1696 1418 1765 longum
1452 1704 1673 1767 tempus
1702 1695 1958 1761 fluxerat,
1987 1711 2112 1752 cum
2149 1695 2247 1767 Ly-

662 1804 895 1844 caonum
946 1789 1167 1858 quidam
1232 1788 1439 1857 impetu
1499 1788 1554 1842 in
1612 1804 1741 1844 eum
1790 1788 1935 1844 facto
1972 1796 2137 1855 atque
2180 1802 2245 1841 eo

659 1882 835 1937 oculis
886 1882 1123 1946 orbato,
1159 1882 1373 1937 sciente
1408 1896 1473 1936 ac
1503 1882 1742 1947 volente,
1773 1882 1867 1952 qui
1905 1892 2018 1936 tum
2062 1896 2243 1936 rerum

658 1975 997 2045 potiebatur,
1029 1973 1362 2043 Nicephoro,
1397 1974 1451 2028 in
1479 1973 1726 2028 divinum
1754 1986 2126 2043 magnumque
2151 1970 2243 2024 Dei

661 2063 924 2133 templum
959 2061 1306 2132 confugiunt.
1336 2061 1508 2129 inque
1533 2076 1661 2116 eum
1686 2061 1912 2117 modum
1938 2060 2245 2115 Pliilomelii

656 2172 884 2228 quoque
914 2156 1172 2212 monachi
1217 2156 1537 2210 vaticinatio
1583 2155 1791 2211 exitum
1819 2155 2031 2209 habuit.
2074 2154 2248 2210 Caete-

660 2268 782 2305 rqu
819 2251 927 2310 ille,
975 2250 1124 2303 velut
1179 2264 1208 2302 a
1259 2250 1463 2319 quibus
1513 2248 1781 2303 beneﬁt-io
1815 2248 2046 2303 allectus
2080 2257 2244 2313 esset,

660 2343 859 2398 faustis
910 2343 1052 2397 votis
1101 2342 1352 2396 homines
1387 2350 1718 2410 prosecutus
1758 2341 2085 2396 austerioris
2126 2342 2249 2395 vitae

658 2435 1005 2506 disciplinam
1037 2434 1284 2499 colebat,
1338 2433 1488 2499 vino,
1522 2435 1793 2502 piscibus,
1849 2432 2246 2504 oleo‘penitus

661 2530 966 2592 abstinens,
997 2528 1146 2582 nudo
1178 2542 1396 2597 semper
1416 2529 1596 2598 capite
1625 2543 1688 2583 ac
1715 2527 1969 2598 pedibus,
1998 2527 2083 2582 vel
2119 2539 2245 2581 cum

661 2623 840 2678 acrior
868 2623 1047 2677 hiems
1077 2622 1386 2677 desaeviret.
1424 2621 1507 2675 Ad
1545 2622 1659 2675 haec
1688 2636 1794 2675 una
1829 2621 2013 2675 tunica
2043 2634 2245 2688 corpus

661 2715 1212 2784 t-0iitcgebat.aestate
1233 2712 1455 2783 quidem
1488 2713 1768 2781 pelliceam
1799 2711 2248 2778 induens,bieme

664 2821 795 2861 vero
837 2807 1138 2861 cilicinam.
1192 2803 1310 2859 Non
1367 2806 1585 2859 triticeo
1627 2818 1767 2874 pane
1806 2806 1973 2859 vitam
2025 2814 2247 2860 susten-

662 2900 834 2958 tabat,
863 2896 955 2951 sed
985 2895 1089 2951 sibi
1124 2898 1242 2965 ipse
1278 2896 1618 2949 hordeaceus
1648 2894 2047 2954 subcinericios
2081 2902 2251 2965 panes

663 2989 918 3043 faciebat.
952 2986 1104 3042 Hanc
1144 2988 1331 3056 itaque
1364 2987 1659 3042 severioris
1694 2988 1816 3042 vitae
1847 2986 2090 3057 regulam
2116 3002 2250 3041 con-

663 3088 908 3136 sectatus
956 3080 1177 3134 duravit
1225 3079 1401 3134 donec
1449 3078 1559 3134 Leo
1605 3080 1837 3149 imperio
1885 3078 2095 3149 potitus
2140 3086 2246 3134 est.

2351 582 2451 654 τὴν
2477 582 2572 637 τοῦ
2609 583 2935 655 Ἡρακλείου
2958 585 3129 656 μονὴν
3156 586 3398 657 νύκτωρ,
3424 587 3516 642 τὸν
3542 589 3749 660 Θωμᾶν
3781 592 3948 660 μόνον

2355 676 2843 745 συγκινδυνεύοντα
2883 676 3046 748 ἔχων,
3080 678 3387 748 ἀπέφυγεν,
3421 680 3513 735 τὸν
3552 683 3655 752 τῆς
3699 683 3946 753 κεφαλῆς

2351 771 2560 841 κόσμον
2595 771 2902 842 ἀφαιρῆσαι
2935 772 3274 837 σπουδάζων.
3310 774 3419 827 Καὶ
3441 775 3470 827 6
3507 773 3606 844 μέν
3638 776 3739 844 τῆς
3769 775 3947 847 μονῆς

2352 864 2638 935 προεστὼς
2660 864 2819 918 τοῦτο
2849 865 3048 934 δρᾶσαι
3080 865 3271 919 τοῦτον
3305 866 3367 919 οὐ
3401 866 3704 938 συνεχώρει
3726 883 3740 898 ⁸
3776 868 3947 932 αὐτὸς

2351 956 2409 1010 δὲ
2459 959 2524 1028 τῇ
2628 956 3031 1026 περιεζώννυτο
3088 956 3271 1029 σπάθῃ
3314 956 3407 1011 τὸν
3456 956 3740 1030 πλόκαμον
3771 958 3945 1011 αὐτοῦ

2352 1047 2589 1117 ἀφελῶν,
2622 1048 2718 1101 καὶ
2745 1048 3010 1119 πενιχρὰν
3033 1047 3242 1118 ἐσθῆτα
3279 1050 3723 1121 ἀμφιασάμενος,
3761 1052 3946 1121 εἴχετο

2350 1143 2450 1213 τῆς
2478 1140 2611 1212 πρὸς
2644 1141 2743 1213 τὴν
2778 1142 3012 1212 Πρώτην
3035 1141 3202 1212 νῆσον
3234 1142 3486 1214 πορείας,
3516 1142 3648 1197 ἔνθα
3668 1142 3731 1214 δὴ
3764 1144 3947 1213 τούτῳ

2351 1233 2546 1303 κτῆμα
2571 1233 2749 1296 καλῶς
2775 1234 3162 1304 πεπονημένον
3194 1232 3344 1302 ἐνῆν,
3372 1234 3467 1286 καὶ
3493 1234 3522 1287 6
3540 1231 3795 1303 βασιλεὺς
3826 1236 3950 1287 ἐκεῖ

2356 1325 2541 1394 μένειν
2602 1327 3041 1397 περιωρισμένον
3092 1326 3415 1397 ἐπέτρεψεν.
3475 1325 3555 1398 [Ρ.
3610 1325 3669 1403 7]
3732 1327 3948 1379 Ἐκείσε

2350 1417 2485 1484 γοῦν
2542 1416 3023 1483 περαιωθεῖς,κα“ι
3082 1417 3177 1480 τὰς
3234 1417 3487 1483 συνήθεις
3534 1418 3702 1488 εὐχὰς
3741 1416 3836 1472 καὶ
3881 1417 3947 1471 τὸ

2349 1509 2461 1562 τῶν
2491 1509 2743 1579 μοναχῶν
2778 1509 2924 1561 θεῖον
2961 1509 3146 1580 σχῆμα
3181 1509 3501 1577 δεξάμενος,
3542 1510 3946 1580 μετωνομάσθη

2353 1599 2587 1663 Σάϐϐας,
2625 1601 2841 1667 ἀγῶνας
2858 1601 3195 1669 ἀσκητικοὺς
3226 1600 3462 1664 πολλοὺς
3500 1600 3944 1671 ἐνδεικνύμενος.

2353 1695 2427 1746 Οὐ
2460 1694 2594 1748 πολὺ
2625 1693 2685 1746 τὸ
2720 1694 2777 1745 ὲν
2816 1692 2987 1763 μέσῳ,
3014 1694 3111 1746 καί
3144 1711 3290 1757 τινες
3327 1693 3437 1746 τῶν
3472 1695 3537 1748 ἐκ
3586 1694 3688 1765 τῆς
3722 1694 3949 1746 Λυκαο-

2353 1787 2472 1849 νίας
2519 1787 2669 1855 αὐτῷ
2702 1784 3021 1855 ἐπιθέμενοι
3064 1787 3161 1839 καὶ
3194 1786 3526 1856 ποιήσαντες
3566 1786 3774 1857 ἔρημον
3831 1786 3949 1839 τῶν

2349 1878 2673 1948 ὀφθαλμῶν,
2707 1879 2908 1947 γνώσει
2940 1881 3037 1932 καὶ
3061 1881 3265 1949 είδήσει
3300 1880 3396 1933 τοῦ
3435 1879 3838 1950 βασιλεύοντος,
3865 1879 3951 1951 τῷ

2348 1972 2443 2027 τοῦ
2486 1972 2620 2024 Θεοῦ
2661 1972 3070 2042 προσφεύγουσι
3096 1974 3226 2044 θείῳ
3250 1973 3343 2026 καὶ
3397 1974 3617 2045 μεγάλῳ
3655 1974 3795 2045 ναῷ·
3848 1977 3953 2029 καὶ

2348 2065 2502 2130 τέλος
2544 2062 2690 2136 εἶχεν
2725 2068 2820 2119 καὶ
2859 2067 2892 2137 ἡ
2928 2068 3240 2139 πρόρρησις
3286 2067 3381 2137 τοῦ
3413 2068 3475 2121 τὸ
3533 2069 3577 2100 ’⁸
3612 2068 3950 2139 Φιλομήλιον

2349 2159 2770 2228 ἐνδιαιτωμένου
2827 2160 3175 2229 μονάζοντος.
3233 2160 3373 2213 Ἀλλ’
3447 2160 3655 2223 ἐκεῖνος
3712 2161 3812 2231 μὲν
3866 2160 3949 2224 ὡς

2350 2252 2670 2321 εὐεργέταις
2714 2254 2897 2317 αὐτοῖς
2973 2251 3346 2323 ἐπευξάμενος
3394 2254 3495 2322 τῆς
3559 2253 3951 2325 σκληροτέρας

2349 2345 2525 2412 εἴχετο
2540 2345 2786 2413 ἀγωγῆς,
2806 2345 2949 2396 οίνου
2980 2362 3038 2398 τε
3062 2345 3157 2397 καὶ
3185 2344 3384 2414 ἰχθύων
3403 2344 3497 2397 καὶ
3524 2344 3707 2397 ἐλαίου
3724 2344 3952 2413 ὁλοσχε-

2351 2435 2461 2509 ρῶς
2502 2434 2867 2505 ἀπεχόμενος,
2910 2437 3126 2506 γυμνήν
3153 2452 3214 2489 τε
3246 2437 3333 2489 ἀεὶ
3363 2436 3547 2507 φέρων
3574 2434 3673 2505 τὴν
3702 2435 3953 2505 κεφαλὴν

2350 2529 2594 2591 καὶτοὺς
2617 2527 2815 2581 ἐαυτοῦ
2852 2528 3041 2594 πόδας,
3074 2527 3179 2581 κᾶν
3211 2528 3264 2581 εἷ
3304 2545 3387 2592 τις
3420 2527 3781 2600 σφοδρότερος
3826 2529 3954 2595 ἐγε-

2348 2624 2498 2691 γόνει
2534 2621 2765 2692 χειμών.
2794 2623 2916 2675 Ἔτι
2962 2621 3020 2675 δὲ
3064 2621 3364 2693 μονοχίτων
3401 2621 3657 2685 διετέλει,
3686 2621 3765 2692 τῷ
3795 2621 3954 2693 θέρει

2353 2717 2452 2786 μὲν
2481 2714 2808 2786 δερμάτινον
2854 2712 3058 2784 χιτῶνα
3095 2714 3563 2784 ἀμφιεννύμενος,
3600 2713 3678 2783 τῷ
3713 2716 3955 2783 χειμῶνι

2350 2810 2406 2862 δὲ
2428 2809 2671 2880 τρίχινον
2696 2806 3187 2879 περιϐαλλόμενος.
3221 2806 3361 2876 Ἐζη
3383 2807 3439 2860 δὲ
3475 2811 3537 2860 οὐ
3575 2806 3785 2877 σιτίνῳ,
3823 2805 3953 2877 κρί-

2351 2904 2453 2974 θης
2476 2904 2533 2956 δέ
2559 2902 2779 2973 ἀλεύρῳ
2802 2900 3110 2971 ἐγκρυφίαν
3136 2902 3325 2954 ποιῶν.
3354 2901 3465 2954 Καὶ
3488 2899 3632 2954 οὕτω
3660 2901 3956 2970 παρέπεμο

2351 3014 2453 3050 πεν
2499 2995 2590 3049 τὸν
2638 2993 2838 3049 ἐαυτοῦ
2882 2994 3017 3064 βίον,
3069 2993 3368 3065 διαρκέσας
3418 2991 3527 3055 ἕως
3578 2994 3607 3046 6
3650 2992 3805 3046 Λέων
3848 2992 3953 3061 τῆς

2355 3089 2635 3162 βασιλείας
2681 3088 2901 3154 ἐγένετο
2963 3087 3265 3157 ἐγκρατής.
3310 3088 3685 3157 Ἀποκαρῆναι
3742 3086 3798 3138 δὲ
3855 3087 3958 3137 καὶ

663 3176 808 3240 Quin
838 3185 892 3229 et
925 3174 1241 3228 Domnicam
1282 3174 1572 3243 conjugem
1622 3189 1749 3227 cum
1793 3173 1901 3227 ﬁlia
1947 3173 2248 3240 liberisque

2354 3186 2453 3253 τὴν
2481 3180 2678 3236 ἐαυτοῦ
2711 3179 2943 3250 σύμϐιον
2971 3177 3247 3248 Δομνίκαθ
3281 3177 3398 3247 ἅμα
3444 3177 3683 3247 θυγατρὶ
3715 3177 3809 3230 καὶ
3836 3179 3959 3239 τοῖς

665 3266 813 3320 domi
859 3265 1237 3320 detondendos
1268 3266 1507 3330 curavit,
1552 3265 1912 3320 Athanasiam
1945 3265 2247 3334 appellans,

663 3368 1001 3430 cunctasque
1023 3374 1157 3429 opes
1178 3359 1230 3413 in
1250 3373 1551 3428 pauperum
1583 3358 1964 3430 eleemosynas
1986 3373 2246 3429 erogans.

663 3457 842 3522 Atque
879 3453 961 3508 ba:
990 3453 1212 3524 quidem
1246 3466 1311 3507 ac
1343 3450 1614 3521 ejusmodi
1658 3450 1912 3507 Bardanii
1940 3467 2049 3508 res.

737 3636 790 3689 4.
822 3636 995 3691 Porro
1024 3632 1137 3689 Leo
1169 3634 1351 3688 clarus
1394 3632 1699 3687 habebatur
1728 3646 1793 3687 ac
1822 3633 2079 3701 superbia
2108 3632 2252 3688 fere—

668 3729 850 3790 batur,
885 3743 951 3782 ex
978 3727 1174 3783 humili
1223 3735 1388 3796 atque
1428 3725 1667 3781 obscuro
1700 3727 2039 3795 conspicuus
2087 3734 2253 3795 atque

666 3820 926 3882 illustris,
962 3834 1061 3888 pro
1095 3818 1487 3874 fmderatorum
1517 3816 1873 3889 praefectura,
1905 3832 2069 3887 quam
2098 3833 2253 3888 gere-

667 3912 783 3969 bat.
818 3910 925 3966 Sed
956 3924 1059 3967 nec
1089 3912 1338 3981 ingratos
1360 3925 1543 3965 mores
1573 3917 1823 3972 exuerat,
1862 3908 2027 3964 talem
2060 3922 2121 3964 se
2152 3924 2253 3963 ex-

668 4006 867 4060 hibens
906 4005 1169 4059 adversus
1202 4005 1300 4072 ιι
1335 4018 1460 4057 eum
1512 4002 1606 4072 qui
1656 4002 1924 4058 beneﬁcio
1975 4001 2252 4056 aliecerat.

667 4098 945 4153 Cu'terutn
965 4099 1229 4162 clarebat,
1260 4098 1479 4167 aliaque
1502 4097 1625 4153 aliis
1648 4106 1876 4152 nectens
1905 4098 2089 4167 praelia
2115 4109 2255 4152 Stre-

670 4210 779 4249 nue
806 4194 1071 4247 adversus
1089 4191 1393 4246 lsmaelitas
1410 4206 1473 4245 ac
1497 4191 1742 4245 secundo
1768 4190 1939 4245 Marte
1955 4191 2251 4261 pugnabat,

669 4288 873 4357 quippe
902 4286 997 4355 qui
1025 4296 1081 4340 et
1102 4300 1202 4339 sua
1242 4285 1362 4353 ipse
1417 4283 1604 4338 indole
1657 4292 1713 4337 et
1763 4283 2159 4339 exercitatione
2200 4285 2253 4338 in

2360 3275 2558 3330 ἑαυτοῦ
2592 3274 2782 3327 παισὶν
2813 3274 2871 3324 ἐν
2894 3270 2971 3340 τῷ
2999 3271 3115 3339 ῑδίῳ
3146 3270 3280 3339 οἴκῳ
3325 3270 3614 3340 ἐποίησεν,
3644 3270 3960 3337 μετονομά-

2361 3385 2461 3431 σας
2481 3367 2653 3439 αὐτὴν
2689 3363 3037 3427 Ἀθανασίαν,
3077 3362 3296 3415 ἅπαντα
3325 3359 3530 3431 δηλαδὴ
3591 3361 3682 3412 τὸν
3716 3358 3958 3412 πλοῦτον

2361 3458 2651 3528 διανείμας
2676 3456 2941 3525 πτωχοῖς.
2976 3452 3088 3506 Καὶ
3116 3451 3187 3505 τά
3211 3450 3312 3521 μὲν
3358 3449 3501 3505 κατὰ
3535 3450 3628 3504 τὸν
3653 3449 3961 3520 Βαρδάνιον

2358 3551 2503 3608 οὕτω
2529 3566 2589 3604 τε
2612 3550 2707 3603 καὶ
2734 3548 2981 3603 τοιαῦτα.

2432 3643 2495 3697 δ’.
2547 3644 2607 3697 '0
2638 3642 2694 3697 δὲ
2727 3641 2880 3695 Λέων
2922 3640 3101 3711 είχετο
3137 3639 3236 3708 τῆς
3271 3637 3431 3707 δόξης
3478 3638 3574 3691 καὶ
3610 3638 3847 3707 ἐγαυρία
3890 3638 3961 3691 ἐκ

2359 3735 2621 3793 ταπεινοῦ
2662 3735 2758 3789 καὶ¹
2797 3732 2988 3798 ἀδόξου
3029 3732 3395 3803 περίϐλεπτος
3424 3730 3648 3804 ὁραθείς
3679 3730 3822 3784 κατά
3854 3732 3962 3802 τὴν

2359 3832 2472 3885 τῶν
2517 3829 2852 3900 φοιδεράτων
2886 3827 3085 3899 ἀρχήν.
3137 3825 3279 3879 Ἀλλ’
3316 3826 3437 3878 οὐδέ
3476 3825 3576 3894 τῆς
3623 3825 3961 3896 ἀχαριστίας

2363 3926 2642 3994 ἀπείχετο,
2677 3921 2922 3984 τοιοῦτος
2951 3920 3081 3991 περὶ
3106 3920 3197 3973 τὸν
3229 3918 3529 3988 εὐεργέτην
3560 3918 3773 3987 φανείς.
3806 3918 3964 3988 Πλὴν

2364 4020 2560 4088 εἴχετο,
2602 4018 2697 4070 καὶ
2743 4015 2947 4086 μάχαις
2993 4014 3173 4084 μάχας
3222 4011 3613 4066 ἐπισυνάπτων
3649 4011 3795 4065 κατά
3844 4011 3963 4065 τῶν

2378 4110 2741 4182 Ἰσμαηλιτῶν
2796 4106 3249 4179 ὴνδραγαθίζετο,
3314 4104 3412 4159 ἅτε
3472 4105 3717 4176 μεγάλην
3766 4104 3827 4158 ἐν
3878 4104 3962 4175 τῷ

2364 4202 2591 4273 τοιούτῳ
2634 4201 2791 4272 μέρει
2824 4200 2920 4253 καὶ
2957 4199 3118 4268 φύσει
3157 4199 3253 4251 καὶ
3285 4198 3450 4269 τριϐῇ
3500 4196 3964 4268 προσφερόμενος

2357 4297 2611 4367 δύναμιν.
2649 4296 2765 4350 Καί
2802 4311 2932 4348 ποτε
2967 4295 3378 4365 στρατιωτικῶν
3422 4293 3727 4363 χρημάτων
3774 4294 3965 4345 διανο-

669 4397 791 4436 eam
822 4396 936 4435 rem
986 4378 1158 4433 multa
1199 4377 1401 4431 virtute
1445 4375 1704 4446 pollebat.
1746 4372 2088 4444 Quandoque
2123 4390 2256 4428 vero

671 4475 741 4529 ab
771 4488 836 4527 eo
880 4473 972 4542 qui
1024 4481 1140 4525 tum
1192 4484 1377 4523 rerum
1430 4468 1745 4537 potiebatur
1798 4464 2179 4536 (Nicephorus
2211 4466 2256 4522 is

2364 4389 2471 4460 μὴν
2524 4388 2677 4456 παρὰ
2740 4386 2837 4440 τοῦ
2887 4388 2955 4440 τά
3005 4387 3262 4456 σκῆπτρα
3298 4385 3578 4448 διέποντος
3632 4382 3963 4455 Νικηφόρου

2362 4480 2748 4551 ἐγχειρισθεὶς,
2781 4480 2902 4532 ἐπεὶ
2931 4478 3085 4532 οὐδὲν
3106 4477 3301 4546 ἔμελεν
3331 4476 3482 4545 αὐτῷ
3511 4476 3622 4528 τῶν
3657 4473 3965 4546 βασιλικῶν

671 4576 849 4637 erat),
878 4581 1041 4636 quam
1074 4566 1128 4619 in
1160 4564 1349 4631 copias
1386 4563 1657 4617 militares
1689 4571 1962 4631 erogaret,
1990 4563 2248 4631 pecunia-

2365 4573 2615 4641 ἐντολῶν,
2640 4574 2751 4626 οὐδ’
2789 4572 3109 4642 ἐξεπέραινέ
3133 4588 3206 4634 τι,
3239 4569 3355 4623 ἀλλ’
3387 4570 3446 4622 ἐν
3480 4568 3709 4639 πολίχνῃ
3753 4568 3966 4636 Εὐχαῒ-

671 4680 793 4717 rum
824 4663 873 4715 vi
906 4659 1139 4721 credita,
1177 4657 1329 4711 nihili
1361 4656 1609 4726 pendens
1652 4654 1960 4724 imperialia
1991 4653 2148 4722 jussa
2188 4669 2248 4708 ne

2365 4683 2475 4719 των
2505 4665 2594 4718 τὸν
2642 4664 2833 4735 καιρὸν
2872 4663 3127 4736 ῥαστώνῃ
3170 4663 3265 4716 καὶ
3322 4661 3556 4732 ἀμελείᾳ⁵
3605 4659 3966 4729 κατατρίϐων

671 4770 790 4811 rem
844 4753 1066 4823 quidem
1120 4749 1549 4820 exsequebatur,
1603 4748 1700 4803 sed
1753 4747 1810 4801 in
1864 4745 2248 4802 Euchaitarum

2364 4754 2693 4812 ἀνεϐάλλετο
2734 4752 2803 4804 τὰ
2835 4749 3202 4819 νενομισμένα
3236 4746 3314 4818 τῷ
3364 4748 3586 4820 στρατῷ
3624 4745 3965 4813 παρασχεῖνσ

673 4848 901 4919 ignobili
938 4845 1140 4915 oppido
1174 4854 1391 4910 tempus
1419 4842 1697 4911 voluptate
1720 4855 1785 4895 ac
1810 4838 2027 4911 ignavia
2057 4847 2248 4903 terens1

2366 4851 2463 4903 καὶ
2492 4844 2741 4917 φυλακῆς
2766 4840 3024 4911 οὐδεμίαν
3056 4840 3315 4908 πρόνοιαν
3350 4838 3515 4907 ἔχων,
3553 4836 3679 4887 οὐτε
3712 4832 3823 4903 μὴν
3846 4832 3968 4887 τῶν

676 4942 981 4997 constituta
1012 4936 1283 4992 exercitui
1325 4934 1600 5006 stipendia
1647 4933 1894 5003 praebere
1933 4932 2248 4997 dilIerebat;

2367 4939 2564 4993 κοινῶν
2591 4953 2697 5007 χρη
2708 4934 2912 5003 μάτων,
2937 4930 3056 4981 οὐδὲ
3077 4929 3172 4982 καὶ
3192 4928 3286 4980 τοῦ
3313 4924 3513 4980 ἐαυτοῦ
3543 4922 3823 4994 σώματος,
3848 4922 3968 4976 οὐδ’

677 5050 777 5091 nec
807 5033 972 5088 ullam
1001 5030 1226 5085 omnino
1271 5043 1460 5084 curam
1517 5041 1583 5082 ac
1623 5026 1961 5097 diligentiam
1996 5024 2248 5079 adhibens

2371 5031 2553 5087 αὐτῶν
2579 5028 2689 5083 τῶν
2729 5025 2835 5079 ὑπὸ
2861 5025 3039 5092 χεῖρα,
3068 5020 3177 5072 τῶν
3218 5016 3541 5090 Ἀγαρηνῶν
3572 5016 3973 5087 ἐκδραμόντων

675 5140 791 5185 tum
822 5124 1069 5198 pecuniae
1091 5123 1343 5195 publica),
1376 5133 1491 5177 tum
1520 5136 1621 5175 suo
1652 5120 1825 5190 ipsius
1863 5118 2097 5173 tutando
2143 5133 2248 5173 cor‘

2375 5126 2470 5180 καὶ
2494 5123 2562 5176 τά
2601 5117 2886 5187 Ῥωμαίων
2900 5112 3239 5184 ληϊζομένων
3262 5112 3363 5179 τὴν
3387 5110 3542 5163 λείαν
3564 5110 3753 5173 αὐτοῖς
3781 5102 3970 5173 οὗτος,

677 5222 821 5294 pari,
846 5236 909 5275 ac
936 5234 1037 5275 nec
1061 5216 1494 5288 provincialibus
1523 5212 1941 5276 conservandis,
1974 5227 2097 5266 cum
2125 5212 2248 5282 Aga-

2375 5216 2491 5272 ἀλλ’
2517 5216 2615 5268 οὐκ
2640 5211 2921 5272 ἀλλοςτις,
2938 5204 3157 5273 ἀπεπλή
3170 5220 3263 5273 ρου
3288 5201 3717 5273 ἀταλαιπώρως,
3743 5202 3881 5255 ἀλλά
3897 5203 3977 5256 δι’

678 5291 798 5370 reni
848 5312 1205 5368 excursiones
1240 5309 1485 5365 facerent
1536 5304 1955 5374 Romanamque
2002 5302 2248 5358 ditionen

2378 5305 2544 5361 αὑτοῦ
2566 5304 2663 5374 μέν
2680 5298 2742 5354 οὒ
2758 5297 2930 5371 (ὀξείᾳ
2952 5294 3062 5365 γὰρ
3082 5294 3229 5362 φυγῇ
3250 5293 3349 5360 τὴν
3374 5291 3657 5363 σωτηρίαν
3676 5293 3981 5362 ἐπραγμα-

681 5405 1005 5473 diriperent,
1058 5404 1211 5458 solus
1251 5403 1369 5473 ipse
1422 5415 1487 5454 ac
1548 5414 1712 5454 nemo
1762 5397 1907 5452 alius
1962 5394 2248 5451 conl‘ertan

2378 5392 2652 5461 τεύσατο),
2686 5390 2757 5443 τά
2779 5381 3150 5457 στρατιωτικά
3184 5380 3243 5432 δὲ
3266 5379 3503 5451 προδοὺς
3532 5378 3627 5432 καὶ
3650 5378 3982 5473 μόνον.οὐχὶ

689 5501 931 5570 praedam
989 5500 1128 5555 citra
1180 5511 1403 5551 omnem
1463 5495 1705 5549 laborem
1734 5493 1814 5547 eis
1848 5490 2118 5553 tradebat,
2162 5503 2248 5544 tiOl

2383 5488 2542 5559 χερσὶ
2582 5480 2860 5550 πολεμίοις
2910 5472 3167 5547 ἐμϐαλὼν
3215 5470 3631 5570 χρήματι-[Ρ.
3669 5468 3727 5541 8]
3773 5463 3849 5523 OB
3910 5471 3983 5540 δὴ

687 5563 908 5660 quidem
942 5592 1058 5648 suis
1090 5592 1205 5662 ipse
1248 5589 1483 5645 fortunis
1523 5602 1588 5643 ac
1618 5584 2133 5658 periculo(quippe
2177 5598 2248 5653 qu

2385 5584 2551 5637 ἕνεκα
2574 5578 2755 5639 δίκας,
2786 5574 2835 5625 εί
2867 5572 2961 5625 καὶ
3011 5568 3088 5641 μὴ
3122 5567 3222 5630 τὰς
3250 5564 3428 5631 ἀξίας,
3470 5563 3549 5634 τῷ
3600 5564 3983 5618 καταπιστεύ-

686 5656 851 5741 celeri
894 5685 1016 5755 fuga
1045 5656 1210 5740 saluti
1247 5700 1359 5739 sua:
1394 5656 1772 5751 consulebat),
1810 5680 1903 5735 sed
1939 5677 2248 5732 militaribu:

2385 5691 2538 5729 σαντι
2574 5670 2697 5734 δοὺς
2745 5664 3068 5736 Νικηφόρῳ,
3107 5662 3345 5731 πληγαῖς
3375 5676 3435 5714 τε
3479 5660 3598 5722 ταῖς
3624 5656 3767 5712 κατά
3800 5656 3983 5712 νώτου

1938 5766 2172 5822 \'.\Rl.‘E
2237 5762 2645 5822 LECTIONES.

764 5872 804 5902 "
838 5872 928 5925 τον
968 5871 1106 5924 καιά
1150 5871 1244 5922 te?
