4158 6442
196 404 260 466 25
1319 393 1463 454 LIB.
1491 393 1538 452 Ι.
1571 412 1632 424 ·-
1680 388 1772 448 LE

1884 387 2292 448 \RMENIUS.
3387 385 3457 448 26

197 516 404 586 ὑπήχθη
453 517 548 569 καὶ
599 515 838 586 στέρνων
882 512 976 564 καὶ
1029 511 1172 579 φυγῇ
1221 509 1376 578 ἀϊδίῳ
1417 510 1514 576 τὴν
1563 505 1767 572 ζημίαν

1884 501 2121 568 pecuniis
2155 497 2390 569 proditis
2419 506 2474 552 et
2506 498 2664 568 quasi
2696 498 2748 552 in
2784 511 2981 551 manus
3005 496 3244 552 hostium
3274 513 3462 568 conje-

197 610 468 664 άπέτισιν.
515 607 675 662 Ἀλλά
709 605 804 659 τοῦ
851 604 1171 673 Νικηφόρον
1219 603 1363 655 κατὰ
1412 597 1635 652 Σκυθῶν
1684 599 1776 648 ὲκ-

198 701 623 770 στρατεύσαντος
652 700 747 751 καὶ
766 715 904 765 τραυ
914 694 1269 766 ματίουικατὰ
1297 695 1396 759 τὴν
1418 709 1495 744 πα
1505 707 1561 756 ρε
1571 689 1777 758 μϐολὴν

196 793 280 845 τοῦ
314 793 552 861 πολέμου
585 792 844 851 πεσόντος
877 789 1015 860 μηνὶ
1055 786 1262 854 Ἰουλίῳ
1299 783 1476 836 εἰκάδι
1505 782 1638 850 ἕκτῃ
1674 781 1775 846 τῆς

195 886 452 955 τετάρτης
482 883 834 944 ίνδικτιῶνος,
867 883 956 933 καὶ
988 879 1084 932 τοῦ
1115 877 1233 930 υἱοῦ
1259 875 1602 944 Σταυρακίου
1633 873 1774 924 κατὰ

195 979 278 1030 τὸν
302 977 540 1045 πόλεμον
569 975 792 1045 καιρίαν
835 971 1136 1044 τρωθέντος
1179 957 1386 1032 ὡς’δύο
1435 968 1536 1036 μὲν
1583 966 1777 1036 μόνους

199 1069 362 1138 μῆνας
388 1069 483 1122 καὶ
511 1066 728 1136 ἡμέρας
753 1067 1012 1134 ὲπιζῆσαι
1036 1063 1202 1128 ὀκτὼ,
1231 1059 1775 1130 συμϐασιλεύσαντος

195 1161 243 1212 δὲ
288 1162 552 1229 πρότερον
582 1160 662 1230 τῷ
699 1162 868 1223 πατρὶ⁵
911 1157 1008 1226 ἔτη
1039 1156 1186 1209 ὀκτὼ
1234 1158 1414 1225 μῆνας
1459 1152 1600 1206 ἑπτὰ
1626 1195 1640 1219 ,
1679 1151 1774 1204 καὶ

195 1254 404 1320 Μιχαὴλ
436 1253 529 1304 τοῦ
567 1250 980 1321 κουροπαλάτου
1015 1248 1152 1319 μετὰ
1183 1247 1284 1318 τὴν
1310 1247 1405 1299 τοῦ
1437 1244 1774 1313 Σταυρακίου

195 1345 326 1397 κατά
349 1344 446 1412 τὴν
471 1343 732 1413 δευτέραν
754 1344 849 1395 τού
883 1342 1214 1410 Ὀκτωῦρίου
1242 1339 1410 1411 μηνὸς
1432 1339 1762 1399 άποὸίωσιν,

196 1435 439 1506 γαμδροῦ
491 1436 591 1504 μὲν
627 1435 948 1504 Νικηφόρον
983 1433 1308 1498 τελοῦντος,
1368 1435 1432 1485 ὲκ
1480 1433 1674 1499 γενεᾶς
1718 1430 1772 1482 δὲ

195 1528 564 1596 καταγομένου
597 1527 690 1580 τοῦ
737 1525 1008 1595 Ῥαγγαὸὲ
1040 1528 1134 1579 καὶ
1171 1526 1316 1578 κατὰ
1348 1523 1445 1594 τὴν
1484 1523 1633 1576 θέσιν
1665 1522 1774 1574 τῶν

195 1622 499 1687 Μαγγάνων
534 1620 886 1691 σκηνοῦντος,
914 1621 1015 1689 τὴν
1038 1621 1135 1688 τῆς
1171 1618 1446 1686 βασιλείας
1477 1616 1774 1686 δεξαμένου

194 1715 356 1782 ἀρχὴν
391 1713 537 1765 κατὰ
565 1715 657 1765 τὸν
710 1713 1043 1782 Ὀκτώϐριον
1081 1714 1223 1782 μῆνα
1256 1713 1353 1779 τῆς
1385 1710 1644 1778 πέμπτης
1696 1710 1773 1760 ἰν-

194 1806 487 1868 δικτιῶνος,
537 1807 834 1859 ἀπολύεται
869 1808 898 1858 ό
933 1806 1084 1859 Λέων
1125 1806 1222 1874 τῆς
1274 1805 1576 1874 ὑπερορίας
1628 1803 1771 1856 κατᾶ

193 1901 248 1951 τὸ
290 1900 670 1968 ὲπικρατῆσαν
713 1899 834 1961 ἔθος
872 1899 974 1968 τῆς
1023 1899 1392 1968 χρηστότητος
1442 1897 1630 1949 ἕνεκεν
1661 1899 1772 1957 τοῖς

209 1993 490 2062 Ῥωμαίων
534 1991 816 2063 βασιλεῦσι
843 2033 858 2052 ,
916 1992 1013 2044 καὶ
1061 1992 1159 2060 τῆς
1203 1990 1384 2060 φυγῆς
1437 1989 1770 2055 κατάγεται,

195 2090 277 2138 καὶ
334 2089 454 2149 τοῖς
520 2086 688 2140 αὑτοῦ
761 2085 953 2139 τούτου
1017 2085 1082 2156 δὴ
1115 2084 1210 2137 τοῦ
1267 2085 1488 2154 Μιχαὴλ
1540 2083 1771 2152 ῥαϐδού-

195 2194 298 2245 χοις
362 2181 479 2240 τοῖς
544 2178 689 2230 κατά
760 2179 829 2231 τά
902 2179 1180 2248 ἀνάκτορα
1213 2177 1607 2242 ζσυντάττεται
1679 2179 1775 2246 ὲφ-

196 2271 488 2333 εδρεύουσι,
517 2275 612 2324 καὶ
643 2273 954 2341 πατρικίων
976 2273 1206 2340 τιμᾶται
1224 2272 1344 2338 μετ’
1371 2271 1431 2322 οὐ
1455 2270 1590 2323 πολὺ
1616 2273 1772 2339 τιμῆ,

198 2363 280 2412 καὶ
335 2363 647 2432 στρατηγὸς
706 2362 1072 2415 Ἀνατολικῶν
1129 2361 1554 2425 ἀναδείκνυται,
1614 2363 1776 2428 ἡνίκα

197 2458 280 2508 καὶ
333 2457 433 2523 τὴν
479 2457 721 2511 παλαιὰν
779 2458 967 2526 φιλίαν
1037 2455 1132 2510 τοῦ
1188 2457 1287 2509 σὺν
1343 2455 1493 2525 αὑτῴ
1541 2456 1778 2524 τραφέν-

196 2563 275 2608 τος
312 2547 508 2618 ἀνδρὸς
541 2549 762 2619 Μιχαὴλ
802 2548 1069 2613 άνανεῶν,
1103 2549 1161 2601 ὃν
1193 2549 1409 2618 κόμητα
1443 2547 1544 2615 τῆς
1575 2548 1776 2617 κόρτης

197 2642 223 2710 ή
253 2642 311 2694 ἐκ
340 2642 433 2694 τοῦ
460 2643 765 2711 Βαρδανίου
790 2642 1086 2713 μετάταξις
1115 2643 1510 2712 προετίμησεν,
1546 2643 1641 2696 καὶ
1665 2643 1776 2695 τῶν

197 2731 517 2802 ἀπορρήτων
557 2732 767 2802 μύστην
815 2733 1133 2800 λαμϐάνων,
1181 2733 1292 2786 τῶν
1337 2733 1486 2785 ἔνδον
1519 2749 1580 2786 τε
1629 2727 1777 2802 εἶχεν

198 2823 510 2878 πιστότατον
542 2826 637 2877 καὶ
672 2825 782 2878 τῶν
815 2825 972 2888 ὲκτὺς
1003 2823 1485 2896 πρακτικώτατον.

258 3009 315 3058 ε’.
356 3003 505 3056 Ἀλλ’
532 3005 761 3074 ἔμελλεν
790 3000 950 3068 αὖθις
975 3005 1304 3075 ἀχαριστίας
1329 3002 1535 3057 ἁλῶναι
1563 3003 1777 3072 γραφῇ,

198 3094 428 3165 ὠμότητι
485 3100 826 3167 συντραφεὶς
873 3100 971 3152 καὶ
1018 3099 1305 3168 ἀγριότητι
1367 3097 1666 3165 ἐκτραφεὶς
1710 3097 1777 3162 ⁸³,

1881 593 2005 648 ctis.
2052 592 2422 658 Quamobrem
2457 593 2621 647 etiam
2665 592 2840 646 eidem
2895 590 3228 661 Nicephoro,
3275 608 3307 647 a
3352 609 3463 661 quo

1880 687 2141 755 pecunias
2173 687 2526 757 consignatas
2574 697 2884 755 acceperat,
2916 701 3110 756 paenae
3139 685 3308 750 dedit,
3358 686 3462 741 etsi

1881 778 2115 832 leviores
2143 793 2310 846 quam
2338 779 2521 833 delicti
2559 778 2698 832 ratio
2725 780 3083 847 exposcebat,
3107 793 3300 847 nempe
3329 779 3460 832 dor-

1881 886 2001 924 sum
2026 885 2293 940 renesque
2327 872 2644 927 verberibus
2675 871 2934 935 allectus,
2974 882 3346 942 perpetuoque
3376 888 3466 926 ex-

1880 964 2003 1017 silio
2030 964 2314 1018 multatus.
2352 963 2623 1020 Caeterum
2658 981 2782 1021 cum
2815 962 3154 1034 Nicephorus
3200 966 3466 1022 adversus

1882 1054 2113 1125 Scythas
2141 1073 2368 1112 movens
2410 1069 2632 1127 accepto
2667 1059 2720 1112 in
2751 1059 2870 1114 acie
2915 1060 3143 1114 vulnere
3173 1058 3303 1114 fatis
3331 1074 3467 1116 con-

1880 1150 2142 1203 cessisset
2198 1148 2327 1204 Julii
2382 1150 2589 1205 mensis
2639 1151 2899 1220 vigesima
2936 1160 3112 1217 sexta,
3163 1153 3466 1208 indictione

1880 1252 2098 1310 quarta,
2133 1242 2568 1312 Stauraciusque
2595 1245 2716 1313 ejus
2734 1244 2879 1301 [ilius
2897 1246 3012 1315 ipse
3033 1261 3254 1315 quoque
3278 1247 3462 1300 lethali

1881 1341 1933 1388 in
1966 1335 2156 1405 praelia
2185 1337 2412 1391 allectus
2448 1337 2675 1391 vulnere
2699 1353 2806 1391 non
2839 1339 3023 1408 plures
3057 1342 3276 1396 duobus
3306 1356 3464 1394 men-

1881 1440 1967 1480 Ses
1992 1425 2226 1492 diesque
2252 1435 2376 1478 octo
2407 1426 2547 1494 patri
2572 1435 2855 1494 superstes
2881 1429 3203 1491 exstitisset,
3229 1427 3464 1482 Michael

1883 1517 1986 1584 12
2012 1531 2139 1570 vero
2165 1515 2493 1584 Curopalata
2517 1526 2640 1588 post
2663 1518 3003 1574 Stauracium
3025 1523 3264 1578 secunda
3299 1523 3463 1577 Octo-

1881 1610 1995 1664 bris
2025 1611 2138 1662 vita
2165 1614 2414 1663 functum
2450 1612 2606 1681 (erat
2655 1611 2701 1664 is
2741 1627 2907 1681 gener
2956 1612 3271 1684 Nicephori,
3321 1618 3465 1674 Ran-

1880 1704 2030 1771 gabze
2081 1711 2236 1757 ortus
2267 1705 2543 1773 prosapia,
2577 1704 2642 1758 ad
2693 1709 3107 1761 armamentarii
3140 1709 3287 1764 ades
3339 1727 3464 1765 nio-

1881 1797 2041 1865 rans)
2075 1795 2289 1865 imperii
2325 1805 2538 1865 sceptra
2570 1798 2798 1866 adeptus
2823 1808 2972 1854 esset
3003 1816 3190 1857 mense
3215 1802 3462 1872 Octobri,

1880 1889 2176 1946 indictione
2207 1893 2420 1960 quinta,
2452 1890 2561 1944 Leo
2581 1893 2775 1945 exsilio
2797 1893 3048 1956 solvitur,
3086 1894 3464 1954 Romanorum

1878 1981 2212 2050 principum,
2272 1998 2395 2036 cum
2460 1982 2696 2048 primttnt
2756 1984 3176 2052 inaugurantur,
3233 1988 3467 2045 solemni

1881 2075 2216 2141 clementia;
2249 2086 2413 2143 atque
2443 2092 2474 2130 a
2518 2075 2644 2146 fuga
2671 2087 2957 2132 revocatus
2988 2079 3156 2148 ipsius
3189 2081 3467 2138 Michaelis

1879 2168 2137 2237 palatinis
2187 2170 2477 2225 lictoribus
2519 2181 2862 2225 accensetur.
2916 2170 3026 2227 Nec
3083 2174 3243 2243 longa
3289 2190 3466 2241 mora,

1879 2261 2093 2331 patricii
2127 2261 2391 2330 dignitate
2415 2270 2645 2331 augetur
2672 2263 2893 2332 duxque
2923 2263 3283 2321 Orientalium
3310 2283 3470 2323 crea-

1881 2365 1990 2419 tur,
2018 2355 2240 2424 quando
2262 2365 2315 2410 et
2348 2353 2580 2409 Michael
2610 2364 2850 2410 veterem
2888 2358 3011 2422 viri,
3047 2375 3289 2429 quocum
3341 2361 3467 2416 fue-

1884 2455 1968 2500 rat
2007 2449 2297 2511 educatus,
2326 2446 2626 2501 amicitiam
2661 2464 2957 2515 renovatis,
2991 2466 3152 2520 quem
3183 2454 3322 2508 aulae
3369 2470 3466 2509 co-

1883 2541 2070 2594 mitem
2144 2541 2334 2593 relicta
2391 2539 2650 2595 Bardanii
2717 2541 2884 2597 factio
2940 2555 3068 2599 ante
3122 2556 3468 2615 provexerat,

1880 2648 2317 2699 anancrumqne
2349 2636 2631 2689 (30050le
2682 2652 2993 2699 assumens,
3057 2655 3240 2694 rerum
3281 2640 3471 2696 dome-

1881 2727 2140 2782 sticarum
2194 2728 2520 2783 ﬁdissimum
2567 2739 2757 2783 testem
2809 2747 3111 2801 eorumque
3167 2749 3290 2803 quae
3335 2734 3470 2791 foris

1882 2821 2092 2887 agenda
2167 2832 2353 2876 essent
2410 2821 2852 2878 emcacissimum
2921 2825 3236 2882 ministrum
3307 2830 3470 2884 adbi-

1885 2911 2023 2966 buit.

1955 3007 2007 3060 5.
2046 3008 2256 3064 Rursus
2287 3018 2466 3064 tamen
2503 3011 2699 3081 ingrati
2735 3013 2903 3066 animi
2931 3013 3104 3068 labem
3142 3015 3246 3071 sibi
3273 3031 3467 3086 asper-

1883 3112 2046 3153 surns
2078 3109 2198 3152 erat
2229 3100 2395 3154 homo
2427 3102 2633 3156 crudeli
2672 3103 2894 3172 ingenio
2927 3106 3242 3175 agrestique
3278 3106 3466 3162 indole

197 3191 280 3243 καὶ
311 3192 427 3251 τοῖς
465 3191 750 3263 δευτέροις
771 3193 839 3245 τὰ
879 3192 1074 3262 πρῶτα
1118 3192 1361 3259 καλύψαι
1408 3192 1436 3242 ό
1469 3190 1776 3259 ἁλιτήριος.

1885 3190 2171 3256 educatus,
2197 3206 2260 3245 ac
2291 3192 2383 3260 qui
2412 3192 2595 3259 priora
2630 3207 2751 3255 sua,
2801 3194 3115 3247 mortalium
3144 3195 3474 3250 scelestissi-

199 3283 349 3338 Ὅθεν
379 3285 510 3356 ἄρτι
541 3287 836 3357 Κρούμνου
878 3287 974 3340 τοῦ
1007 3287 1118 3340 τῶν
1152 3286 1481 3356 Βουλγάρων
1511 3283 1782 3354 ἡγεμόνος

199 3377 495 3445 συμϐάσεις
547 3381 642 3432 κα)⁸
697 3380 880 3448 φιλίας
924 3381 1368 3449 ὑποκριναμένου
1405 3380 1501 3431 καὶ
1547 3377 1783 3439 σπονδάς

197 3467 474 3539 ζητοῦντος
504 3472 813 3541 εἰρηνικὰς,
840 3474 890 3524 εἰ
921 3473 1083 3541 μόνον
1116 3471 1185 3524 τὰ
1220 3469 1337 3524 κατ’
1373 3470 1493 3532 ἔτος
1528 3469 1784 3539 διδόμενα

199 3563 266 3624 είς
293 3564 467 3628 τάξιν,
507 3560 689 3633 οἶμαι,
726 3564 957 3618 δοθῶσιν
994 3565 1161 3635 φόρου
1194 3565 1366 3634 αὐτῷ,
1392 3564 1464 3626 ὡς
1492 3567 1606 3627 τοῖς
1643 3547 1778 3633 πρό-

198 3674 340 3728 τερον
374 3660 552 3722 ἔδοξε,
582 3662 679 3712 καὶ
716 3659 1105 3728 προστιθέντος
1135 3660 1209 3721 ὡς
1235 3661 1330 3711 καὶ
1367 3659 1497 3720 τοὺς
1529 3659 1778 3728 πρόσφυ-

197 3766 287 3815 γας
311 3752 667 3822 Βουλγάρων,
705 3753 842 3820 πρὸς
874 3751 931 3804 δὲ
960 3753 1056 3804 καὶ
1103 3750 1393 3820 Ῥωμαίων
1425 3752 1503 3813 είς
1539 3750 1783 3804 τούπίσω

197 3844 488 3898 ἐκδίδοσθαι
530 3844 608 3914 τῷ
649 3847 861 3897 ἑαυτῶν
894 3843 1038 3896 ἔθνει
1067 3883 1081 3908 ,
1115 3845 1320 3898 ἄτοπον
1355 3844 1530 3913 ἐφάνη
1561 3845 1622 3896 τὸ
1673 3844 1782 3898 τῶν

197 3938 525 4005 προσφύγων
575 3941 692 4001 τοῖς
727 3939 828 4007 τῆς
877 3938 1187 4007 συγκλήτου
1243 3937 1472 4006 βουλῆς,
1526 3939 1573 3989 ει
1625 3939 1719 3990 καὶ
1754 3937 1783 3988 ό

199 4030 487 4094 βασιλεύων
535 4031 757 4100 Μιχαὴλ
799 4032 936 4093 ὅλως
969 4031 1012 4061 ¹¹⁵
1066 4030 1286 4098 ἐγένετο
1336 4029 1434 4096 τῆς
1479 4029 1639 4098 δόξης
1686 4028 1783 4082 τοῦ

197 4122 442 4189 ἄρχοντος
469 4122 554 4192 τῷ
600 4139 666 4189 γε
697 4123 760 4191 δὴ
800 4123 901 4192 τῆς
933 4124 1162 4193 εἰρήνης
1192 4122 1484 4192 βούλεσθαι
1521 4124 1597 4192 μὴ
1643 4125 1782 4176 cisto-

196 4217 386 4282 τυχεῖν.
442 4215 592 4266 Ἀλλ’
637 4214 945 4284 ἐκράτησεν
991 4216 1024 4284 ἡ
1074 4214 1266 4284 βουλὴ,
1299 4214 1630 4268 Θεόκτιστον
1679 4215 1784 4284 μά-

197 4321 401 4376 γιστρον
456 4306 837 4376 ὲπικυροῦντα
883 4307 979 4360 καὶ
1040 4306 1427 4375 συντιθέμενον
1470 4306 1670 4376 ἔχουσα
1715 4310 1781 4377 τῇ

197 4398 328 4472 δόξῃ,
360 4401 455 4453 καὶ
484 4400 817 4469 διελύθησαν
861 4399 1024 4452 πάλιν
1055 4400 1134 4463 είς
1166 4399 1304 4470 ἔργα
1346 4400 1590 4469 πολέμου
1612 4443 1626 4466 ,
1657 4402 1784 4464 τοὺς

197 4490 373 4557 λόγους
421 4492 826 4552 καταλιπόντες
879 4490 1148 4560 γυμνούς.
1196 4492 1307 4551 Καὶ
1357 4491 1502 4543 τοῦτ’
1557 4492 1783 4554 εἰκότως

1887 3298 2030 3346 mus,
2072 3284 2429 3353 sequentibus
2457 3294 2606 3340 esset
2652 3287 3073 3342 obscuraturus.
3141 3286 3294 3343 Unde
3345 3304 3470 3341 cuin

1883 3374 1995 3443 jam
2020 3374 2381 3445 Bulgarorum
2410 3378 2519 3432 dux
2545 3377 2826 3434 Crumnus
2856 3381 3206 3434 concordiam
3236 3389 3288 3434 et
3321 3381 3474 3450 pacis

1887 3469 2093 3524 hedera
2129 3471 2514 3542 amicitiasque
2567 3474 2779 3527 ambire
2825 3489 2883 3528 se
2931 3473 3222 3528 simularet
3252 3489 3316 3528 ac
3351 3474 3474 3528 ani-

1886 3579 2035 3617 mum
2066 3566 2214 3629 pacis
2243 3565 2502 3632 cupidum
2547 3565 2853 3635 praeferret,
2904 3567 3207 3620 dummodo
3258 3581 3464 3630 annua,

1885 3672 2008 3726 quae
2042 3658 2202 3725 pendi
2243 3658 2403 3711 solita
2433 3668 2590 3711 erant
2625 3674 2723 3728 pro
2753 3675 2818 3713 eo
2846 3674 2909 3714 ac
2939 3659 3243 3727 majoribus
3294 3660 3471 3713 visunt

1885 3759 2022 3810 erat,
2061 3749 2289 3804 Romani
2315 3753 2513 3806 tributa
2549 3762 2898 3821 praestarent,
2920 3767 2982 3806 ea
3011 3753 3231 3806 demum
3261 3752 3474 3821 adjecta

1885 3844 2223 3910 conditione,
2257 3857 2390 3898 utet
2421 3844 2781 3915 Bulgarorum
2811 3845 3165 3915 vicissimque
3193 3843 3473 3900 llomano-

1886 3954 2008 3993 rum
2043 3938 2400 4008 imposterum
2431 3939 2734 4004 transfuga:
2760 3954 2874 3992 sure
2903 3937 3112 4006 quique
3162 3938 3309 4008 genti
3343 3938 3471 3992 red-

1885 4031 2169 4094 derentur,
2221 4030 2632 4100 transfugarum
2671 4030 2772 4100 13
2799 4038 2961 4098 caput
2993 4029 3123 4083 illud
3172 4029 3473 4083 absurdum

1887 4123 2100 4177 senatui
2138 4124 2318 4176 visunt
2365 4133 2472 4186 est,
2527 4138 2844 4192 quanquam
2895 4121 3129 4176 Michael
3178 4122 3476 4191 imperator

1888 4225 2038 4269 totus
2095 4217 2149 4268 in
2210 4214 2478 4283 principis
2539 4213 2904 4283 Bulgarorum
2957 4215 3285 4268 sententiam
3339 4213 3474 4278 ibat,

1885 4309 2032 4377 quod
2068 4306 2320 4362 ineunda:
2349 4307 2499 4376 pacis
2540 4307 2892 4360 occasionem
2925 4307 3072 4360 illam
3111 4307 3214 4360 sibi
3250 4306 3477 4361 nolebat

1886 4402 2176 4470 aulugere.
2203 4401 2456 4455 Obtinuit
2482 4411 2665 4456 tamen
2717 4411 2943 4456 senatus
2977 4401 3273 4464 sententia,
3308 4415 3474 4470 quant

1889 4495 2242 4550 Theoctistus
2295 4495 2555 4564 magister
2617 4505 2942 4562 sequeretur
2994 4510 3061 4550 ac
3104 4496 3194 4550 cui
3249 4495 3359 4549 vim
3411 4509 3476 4551 ac

199 4587 357 4655 ἐφάνη
401 4585 596 4640 καλόνο
643 4585 728 4658 [Ρ.
784 4583 841 4656 9]
876 4583 994 4647 πῶς
1024 4585 1134 4655 γὰρ
1173 4585 1239 4638 ἄν
1271 4602 1354 4648 τις
1400 4586 1777 4656 φιλάνθρωπος

1891 4589 2105 4658 pondus
2129 4589 2460 4642 auctoritate
2487 4603 2585 4642 sua
2613 4587 2897 4656 adiiceret.
2946 4588 3152 4642 lterum
3185 4602 3319 4659 ergo
3350 4588 3476 4642 reli-

198 4679 310 4752 δόξῃ
341 4681 436 4733 καὶ
468 4679 771 4749 συμπαθὴς
801 4679 894 4731 τόν
923 4695 989 4746 γε
1020 4679 1110 4732 διά
1137 4696 1257 4731 τινα
1291 4680 1568 4749 σφαλέντα
1599 4681 1664 4752 δὴ
1693 4699 1785 4734 πε·

201 4773 470 4839 ριπέτειαν
511 4774 612 4826 καὶ
636 4773 734 4843 τὴν
762 4770 960 4825 ἑαυτοῦ
995 4771 1096 4842 μὲν
1127 4773 1512 4844 άρνησάμενον
1551 4776 1782 4843 ἐνεγκα-

203 4866 377 4936 μένην,
411 4862 482 4937 ἦς
518 4865 680 4919 οὐδὲν
711 4866 955 4933 γλύκιον,
991 4866 1067 4928 ὧς
1106 4882 1261 4933 φασι,
1297 4866 1433 4937 πρὸς
1466 4867 1522 4921 δὲ
1553 4869 1648 4921 καὶ
1682 4884 1785 4936 γα-

203 4961 354 5028 μετήν
388 4977 448 5012 τε
491 4959 596 5011 καὶ
635 4960 856 5026 ἔγγονα,
903 4961 979 5022 ὡς
1022 4961 1102 5023 είς
1147 4960 1346 5014 ἄσυλον
1393 4962 1785 5030 καταφυγόντα

202 5051 368 5120 βωμὸν
389 5055 456 5123 τῇ
484 5053 600 5105 τῶν
637 5052 928 5122 Ῥωμαίων
958 5052 1228 5123 πολιτείᾳ,
1257 5054 1447 5107 τοῦτον
1472 5055 1780 5130 ἐκδίδοσθαι

201 5147 427 5218 ὠμότητι
476 5147 731 5212 Σκυθῶν,
768 5147 973 5218 θηρίων
1019 5148 1414 5219 διενηνοχότων
1460 5151 1646 5216 οὐδὲνς
1697 5147 1781 5216 οἷς

201 5244 295 5310 γάρ
322 5243 381 5294 τὸ
413 5242 656 5313 φοϐερὸν
687 5242 783 5294 καὶ
812 5242 1003 5313 ἄγριον
1033 5243 1235 5312 δρῶσιν
1268 5243 1450 5296 αὐτῶν
1481 5245 1610 5308 τοὺς
1653 5246 1781 5298 πολ-

200 5334 310 5398 λους
354 5335 426 5405 μὴ
477 5335 861 5403 ὑποφέροντας
914 5335 1008 5387 καὶ¹
1057 5335 1146 5388 διὰ
1197 5335 1357 5388 τοῦτο
1404 5337 1780 5408 ἀπορῤέοντας

205 5429 324 5496 πρὸς
357 5428 417 5480 τό
449 5429 669 5498 ἥμερον
712 5427 808 5479 καὶ
854 5429 1030 5497 πρᾶον
1065 5428 1224 5497 ἡμῶν
1257 5430 1466 5500 συχνῶς
1487 5470 1500 5493 ,
1538 5432 1633 5486 ἆτε
1678 5433 1778 5504 δὴ,

207 5521 270 5590 μὴ
291 5522 425 5574 κατά
455 5523 658 5592 μικρὸν
681 5519 916 5574 λάθωσιν
942 5522 1169 5584 ἑαυτοὺς
1202 5523 1340 5592 πρὸς
1373 5525 1522 5593 ἡμᾶς
1543 5527 1780 5578 ἐκκενώ-

207 5632 399 5681 ςαντες,
455 5615 698 5677 δεδιότες
746 5617 796 5666 oi
842 5616 992 5683 σφῶν
1037 5617 1273 5687 ἀρχηγοὶ
1314 5618 1406 5671 τὸν
1451 5619 1617 5673 πολὺν
1653 5622 1781 5693 περὶ

205 5705 390 5760 τούτων
442 5708 612 5772 λόγον
653 5707 914 5770 πολλάκις
950 5709 1044 5761 καί
1100 5707 1297 5780 μέχρις
1337 5710 1495 5781 ἡμῶν
1549 5719 1779 5787 κεκινή-

1888 4682 1993 4736 ctis
2022 4680 2313 4751 colloquiis
2343 4679 2411 4734 ad
2445 4680 2567 4734 belli
2593 4680 2769 4734 aleam
2807 4689 3124 4736 revocatum
3153 4681 3429 4750 negotium
3458 4698 3475 4746 ;

1890 4775 2054 4845 idque
2083 4775 2259 4845 magis
2283 4775 2478 4829 decere
2501 4775 2695 4829 merito
2715 4773 3021 4844 iudicatum
3051 4783 3156 4830 est.
3189 4774 3480 4841 Quomodo

1888 4871 2034 4923 enim
2071 4883 2182 4923 non
2215 4883 2436 4923 omnem
2467 4868 2830 4923 humanitatis
2854 4884 3081 4924 sensum
3110 4868 3337 4924 exuisse
3383 4884 3473 4922 ar-

1889 4964 2177 5020 bitrandus
2213 4973 2318 5027 est,
2349 4964 2442 5033 qui
2477 4963 2752 5017 hominem
2792 4977 2924 5017 casu
2955 4962 3144 5032 aliquo
3175 4971 3272 5016 aut
3313 4960 3480 5016 vicis-

1888 5059 2129 5114 situdine
2152 5058 2206 5112 in
2232 5074 2471 5114 errorem
2502 5059 2840 5128 prolapsum,
2863 5058 3175 5127 patriaque,
3205 5069 3313 5125 qua
3340 5054 3477 5108 nihil

1889 5152 2109 5207 dulcius
2139 5167 2261 5206 esse
2303 5151 2477 5215 aiunt,
2532 5157 2874 5220 contempta,
2921 5149 2988 5203 ad
3036 5148 3152 5202 haec
3212 5160 3387 5200 uxore
3420 5152 3477 5199 et

1889 5245 2099 5310 liberis,
2122 5260 2219 5299 ceu
2249 5244 2316 5299 ad
2341 5259 2466 5299 aras
2491 5243 2855 5308 inviolabiles,
2875 5243 2940 5297 ad
2962 5241 3223 5295 Romana:
3247 5238 3476 5296 ditionis

1889 5341 2011 5396 loca
2070 5340 2502 5410 confugientem,
2561 5337 2831 5408 Scythica:
2892 5337 3069 5405 gentis
3119 5333 3474 5398 immanitati',

1894 5435 2058 5504 cujus
2092 5450 2121 5488 a
2154 5433 2286 5489 leris
2313 5433 2445 5487 nihil
2477 5433 2690 5487 indoles
2718 5429 2954 5492 diﬂerat,
2990 5428 3272 5483 dedendos
3299 5436 3463 5495 puta-

1894 5527 2078 5582 verit?
2118 5543 2242 5582 cum
2285 5527 2429 5580 enim
2461 5523 2734 5579 terribiles
2774 5531 3070 5590 trucesque
3101 5535 3165 5575 ac
3197 5518 3299 5573 leri
3334 5518 3469 5580 sint,

1895 5621 2095 5675 multos
2154 5633 2379 5674 suorum
2447 5616 2498 5671 id
2551 5631 2659 5670 non
2699 5614 2937 5670 ferentes
2985 5613 3050 5668 ad
3087 5611 3363 5666 lenitatem
3418 5619 3472 5664 et

1891 5714 2368 5774 mansuetudinem
2401 5722 2646 5770 nostram
2679 5723 3054 5782 strpenumero
3085 5704 3320 5762 transire
3349 5703 3466 5759 ani-

1476 5808 1704 5872 VARUE
1753 5817 2153 5877 LECT‘ONILS.

269 5898 307 5928 ¹³
338 5897 662 5970 ἐκτραφείς]
692 5915 759 5954 an
801 5899 1128 5972 ἑντραφεὶςῒ
1210 5905 1248 5935 ὀ
1285 5903 1399 5966 ὅλος
1429 5906 1449 5957 ?
