4158 6442
628 374 698 437 27

1774 376 2284 443 THEOPHANES
2312 377 2534 440 CONTI
2549 379 2882 443 NUATUS.

3846 380 3920 444 28

635 487 1004 543 madvertunt.
1059 485 1325 560 Nelgitur
1371 488 1632 548 universa
1680 491 1928 564 ipsorum
1974 505 2109 563 gens
2161 491 2217 547 in

2339 507 2513 547 κασιν.
2559 493 2720 549 Ἀλλά
2747 493 2931 565 κενὴν,
2958 493 3020 550 τδ
3049 493 3115 566 δὴ
3144 493 3437 566 λεγόμενον
3467 493 3612 549 κατά
3641 491 3739 564 τὴν
3768 507 3920 562 παρ-

634 589 876 636 nostram
908 579 1166 650 paulatim
1197 595 1321 636 sese
1347 580 1614 648 elfundat,
1644 583 1805 640 veriti
1835 597 2030 640 eorum
2065 583 2218 653 prin-

2344 583 2558 654 οιμίαν,
2587 584 2812 659 ἐψηλαν,
2843 585 3157 659 ἀνθρώποις
3189 586 3507 657 ἐντυχόντες
3535 586 3807 657 στερροίς.

634 675 787 745 clpes
820 675 1020 747 sapius
1052 684 1107 732 et
1133 675 1200 730 ad
1239 686 1486 732 nostram
1519 693 1694 749 usque
1739 685 1958 735 etatem
2016 678 2223 733 multos
2262 675 2329 731 de
2371 677 2474 735 hac
2525 695 2586 736 re
2630 696 2915 737 sermones
2967 689 3276 736 moverunt.
3310 677 3368 733 ln
3437 692 3638 734 vanum
3710 686 3921 737 tamen,

634 769 783 836 quod
834 769 1117 824 communi
1192 768 1370 824 fertur
1427 771 1644 840 adagio,
1703 773 2045 837 cecinerunt,
2101 770 2251 824 viros
2298 771 2443 825 nacti
2477 771 2615 827 llrmi
2646 773 3019 844 propositi,et
3048 774 3143 843 qui
3188 788 3217 828 a
3270 771 3543 828 sententia
3577 783 3689 824 non
3755 766 3926 822 facile

635 867 1069 920 ditnoverentur.

707 960 761 1013 6.
803 957 960 1011 Brevi
998 961 1186 1028 itaque
1228 969 1506 1014 cessatum
1538 977 1717 1028 mora,
1774 962 2060 1031 ambaeque
2095 974 2222 1015 mox

638 1059 826 1122 gentes
852 1048 918 1102 ad
951 1063 1102 1104 arma
1127 1065 1481 1107 concurrere.
1521 1051 1577 1108 In
1610 1054 1697 1109 bis
1721 1051 1953 1108 Michael
1985 1054 2222 1122 legatum

2403 957 2479 1022 ς’.
2522 959 2830 1031 Τοιγαροῦν
2882 959 3082 1030 μικρὸν
3125 958 3468 1022 διαλιπόντες
3508 956 3630 1010 κατ’
3667 955 3922 1026 ἀλλήλων

2325 1050 2660 1114 ὁπλίζονται.
2709 1051 2821 1104 Καὶ
2859 1050 3081 1121 Μιχαὴλ
3125 1050 3219 1103 τὸν
3252 1048 3448 1102 ἑαυτοῦ
3495 1049 3922 1117 ὑποστράτηγον

637 1159 798 1199 suum
829 1144 1026 1197 reverti
1048 1143 1223 1212 jubet,
1256 1159 1435 1214 exque
1464 1145 1688 1202 Oriente
1713 1163 1835 1201 cum
1863 1145 2034 1215 copiis
2055 1163 2222 1217 quam

2339 1141 2531 1195 Mona
2561 1143 2860 1212 ἐπανάγειν
2889 1143 2986 1195 καὶ
3029 1139 3486 1211 διαπεραιοῦσθαι
3518 1142 3583 1193 ἐκ
3621 1139 3724 1208 τῆς
3753 1140 3922 1192 Ἀνα-

637 1237 748 1288 cito
777 1237 1148 1292 transmittere
1181 1253 1197 1291 :
1233 1237 1518 1293 enimvero
1547 1255 1656 1310 quo
1685 1255 1741 1295 se
1777 1242 2028 1312 adjutore
2083 1259 2223 1298 usu-

640 1345 764 1383 rum
814 1330 1168 1398 exspectabat
1207 1330 1444 1400 bellique
1483 1331 1652 1395 socio,
1686 1333 2082 1401 implacabilem
2123 1335 2226 1409 ιά.

639 1421 851 1474 hostem
876 1418 1122 1474 oil'endit.
1154 1420 1291 1474 Cum
1322 1422 1468 1474 enim
1489 1437 1553 1475 ex
1590 1423 1877 1479 verborum
1898 1427 1988 1481 illa
2009 1427 2225 1496 jactan-

639 1515 712 1566 tia
749 1529 812 1567 ac
835 1512 1101 1570 Romanis
1144 1515 1430 1570 intentatis
1471 1518 1658 1580 minis,
1695 1520 1892 1587 quibus
1917 1537 1978 1576 se
2025 1523 2222 1577 Crum-

639 1624 744 1663 nus
769 1609 1054 1664 hominum
1091 1621 1329 1680 stragem
1354 1610 1646 1676 facturum,
1675 1629 1834 1685 agros
1859 1628 2221 1686 vastatur-nm,

640 1703 866 1758 arbores
887 1706 1225 1767 excisurum,
1253 1704 1447 1757 domos
1496 1720 1916 1774 sncceusurum,
1965 1712 2224 1766 omnino-

637 1808 745 1861 que
771 1796 1027 1851 torrentis
1059 1811 1226 1859 more,
1249 1796 1486 1850 violento
1507 1799 1558 1850 in
1591 1815 1692 1856 nos
1718 1801 1944 1870 impetu,
1971 1802 2229 1873 irruptio-

640 1900 764 1939 nem
807 1901 866 1940 se
896 1887 1169 1942 facturum
1228 1888 1537 1942 allirmabnt
1573 1906 1636 1944 ac
1669 1907 1860 1946 omnes
1897 1894 1996 1948 sub
2033 1895 2226 1964 jugum

640 1977 964 2041 missurum,
999 1981 1278 2035 animatus
1308 1982 1609 2050 imperator
1636 1995 1887 2052 suscepta
1919 1985 2031 2052 jam
2067 2002 2228 2056 expe-

641 2069 866 2134 ditione,
905 2075 1125 2125 modum
1163 2088 1380 2127 omnem
1421 2075 1753 2130 excedentes
1785 2075 2011 2133 Barbari
2047 2080 2228 2137 minas

639 2162 1082 2228 compressisset,
1105 2164 1304 2233 vixque
1327 2180 1434 2219 non
1458 2170 1574 2220 suis
1602 2182 1659 2220 se
1691 2169 1893 2222 finibus
1920 2171 2226 2236 continere,

642 2268 743 2309 nec
775 2255 901 2309 inde
932 2272 1297 2328 prorumpere
1345 2275 1623 2333 agrosque
1673 2259 1956 2318 Romanos
2011 2275 2230 2319 vastare

640 2350 944 2420 coegisset;
965 2355 1275 2423 smpiusque
1297 2362 1627 2424 provocante
1655 2353 1933 2420 Michaele,
1960 2355 2229 2410 instructa

645 2443 699 2495 in
746 2458 873 2497 eum
905 2445 1042 2508 acie,
1083 2459 1277 2514 pugnae
1308 2446 1354 2500 is
1405 2445 1579 2520 aleam
1632 2460 1948 2515 compressa
2002 2448 2230 2503 audacia

643 2533 1030 2599 detrectasset,
1054 2536 1188 2602 quin
1227 2537 1339 2590 imo
1373 2537 1520 2591 vires
1567 2553 1698 2592 suas
1747 2548 2092 2608 agnosceret,
2133 2557 2231 2597 nec

643 2627 909 2681 adversus
940 2629 1328 2697 imperatorem
1359 2645 1584 2684 manum
1627 2646 1926 2686 conserere
1956 2633 2184 2688 auderet
2213 2652 2228 2700 ;

644 2718 895 2776 sullicerc
917 2721 1167 2776 Michaeli
1191 2724 1498 2786 videbatur,
1527 2724 1673 2793 quod
1712 2724 2053 2779 barbaricam
2082 2727 2231 2781 illam

643 2814 908 2867 ferociam
951 2829 1016 2868 ac
1045 2815 1412 2869 temeritatem
1448 2817 1566 2871 suis
1617 2816 1766 2872 velut
1821 2818 2073 2872 terminis
2111 2820 2232 2874 sine

645 2921 851 2974 pugna,
911 2906 1072 2974 cujus
1137 2907 1383 2961 incertus
1435 2908 1618 2962 exitus
1669 2916 1773 2971 est,
1843 2909 2228 2964 conclusisset.

650 3019 668 3047 ι
699 2996 933 3063 Quando
947 3000 1119 3060 enim,
1145 2999 1346 3064 aiebat,
1379 3001 1582 3070 quibus
1603 2999 1725 3055 freti
1753 3002 1931 3070 c0piis
1953 3018 2146 3056 sumus
2163 3003 2229 3056 ad

645 3107 880 3162 pugnam
906 3094 1354 3147 committendam
1382 3095 1565 3146 excire
1619 3110 1728 3147 non
1781 3096 2084 3164 possimus,
2137 3097 2229 3150 sed

643 3199 764 3237 eam
799 3186 1102 3239 detrectare
1131 3188 1356 3256 suisque
1386 3202 1444 3240 se
1476 3189 1681 3242 linibus
1730 3189 2017 3242 continere
2062 3205 2227 3258 coga-
2258 3207 2299 3263 ο

648 3295 790 3342 ιιιυε,
819 3280 1141 3348 quidetiam
1183 3297 1407 3335 necesse
1439 3291 1496 3335 ut
1541 3281 1608 3335 ad
1641 3283 2032 3350 experiendum
2087 3283 2232 3336 Mar-

647 3384 754 3428 tem
799 3375 1103 3440 cogamus?
1140 3393 1157 3426 ι
1187 3374 1324 3429 Cum
1359 3377 1543 3444 itaque
1575 3377 1780 3429 sensim
1817 3377 2005 3444 pedem
2034 3377 2236 3430 referre

646 3469 1022 3538 paulatimque
1076 3467 1388 3522 Romanum
1456 3471 1633 3524 solum
1697 3479 1942 3539 repetere
2007 3470 2235 3525 Michael

647 3563 931 3631 cogitaret,
970 3562 1085 3614 visa
1121 3576 1209 3614 res
1242 3561 1461 3629 indigna
1495 3561 1686 3624 Leoni,
1713 3577 1815 3616 nec
1837 3577 1900 3614 ex
1936 3562 2235 3631 imperato-

648 3656 724 3708 ris
756 3653 986 3708 Bomani
1016 3653 1319 3722 majestate,
1346 3665 1493 3720 terga
1528 3655 1778 3708 hostibus
1827 3663 2062 3709 vertere.
2124 3655 2237 3710 Hoc

645 3748 794 3805 enim
838 3746 948 3802 Leo
971 3748 1243 3819 optimum
1275 3746 1407 3802 illud
1442 3747 1795 3818 imperatoris
1820 3747 2110 3803 consilium
2146 3749 2235 3802 di-

647 3842 828 3908 cebat,
857 3841 1003 3912 quod
1035 3843 1293 3896 nimirum
1337 3857 1443 3895 non
1475 3850 1629 3896 recte
1657 3857 1722 3896 ac
1749 3843 1963 3898 sincere
1985 3842 2235 3907 sentiret,

648 3935 744 3990 sed
777 3935 922 4006 putri
959 3935 1178 4004 dolique
1203 3935 1364 4003 pleno
1391 3933 1643 3996 consilio,
1677 3949 1847 3988 unum
1877 3934 1980 3989 hoc
2012 3934 2237 3989 molire-

651 4039 762 4093 tur,
804 4029 953 4083 utin
1003 4043 1062 4083 se
1111 4043 1292 4082 rerum
1352 4043 1624 4083 summam
1676 4027 2019 4083 transferret.
2075 4026 2237 4093 Sane,

649 4127 849 4188 aiebat,
887 4124 1195 4190 imperator,
1253 4121 1502 4175 movenda
1545 4121 1694 4175 nobis
1742 4122 1795 4174 in
1837 4119 1938 4190 15
1967 4137 2054 4174 eos
2087 4120 2238 4189 signa

650 4223 812 4279 sunt;
845 4214 1142 4282 videbisque
1169 4229 1250 4264 me
1284 4211 1462 4279 palam
1508 4212 1665 4263 hodie
1696 4211 1856 4263 robur
1896 4228 1958 4263 ac
2007 4212 2139 4265 vires
2184 4213 2240 4265 in

651 4316 823 4362 hostes
853 4323 1111 4368 exserere,
1141 4316 1332 4373 tuoque
1359 4305 1424 4355 ad
1457 4305 1709 4372 ﬁduciam
1733 4314 1865 4356 nutu
1896 4305 2241 4372 precibusque

654 4405 870 4469 fretum,
900 4402 954 4454 in
976 4400 1159 4466 primis
1189 4398 1459 4450 ordinibus
1479 4406 1688 4450 strenue
1713 4399 2078 4460 dimicantem,
2100 4415 2240 4464 prte-

658 4498 806 4548 rlurc
858 4495 1107 4547 victorem
1167 4493 1299 4560 fore.
1351 4490 1447 4545 llis
1492 4490 1722 4543 Michael
1758 4491 1944 4545 verbis
1992 4508 2020 4544 a
2058 4491 2237 4544 suain

2326 1234 2490 1306 τολῆς
2537 1235 2734 1289 Θᾶττον
2786 1237 2940 1306 ὴξίου
2973 1238 3111 1305 μετὰ
3164 1237 3260 1289 καὶ
3302 1236 3413 1288 τῶν
3458 1236 3762 1304 δυνάμεων·
3820 1236 3925 1286 καὶ

2334 1327 2514 1399 βοηθῷ
2570 1329 2782 1398 μέλλων
2842 1330 3082 1400 χρῆσθαι
3153 1329 3302 1400 αὑτῷ
3372 1331 3566 1399 ἐχθρὸν
3621 1329 3926 1381 κατέλαϐεν

2332 1421 2623 1475 ἄσπονδον.
2670 1421 2757 1485 Ὠς
2781 1421 2892 1494 γάρ
2925 1425 2989 1476 ἐκ
3012 1423 3120 1475 τῶν
3147 1423 3507 1491 μεγαλαύχων
3539 1422 3801 1492 ῥημάτων
3825 1419 3926 1473 καὶ

2334 1514 2573 1568 ἀπειλῶν
2600 1507 2674 1567 ῶν
2710 1517 2853 1570 κατὰ
2888 1514 3178 1584 Ῥωμαίων
3203 1518 3231 1569 ὁ
3277 1516 3566 1585 Κροῦμνος
3596 1515 3924 1583 ἀπέπεμπε,

2336 1604 2570 1676 φθόρους
2615 1607 2886 1676 σωμάτων
2935 1607 3254 1662 ἐπαπειλῶν
3297 1609 3391 1660 καὶ
3431 1610 3534 1676 γῆς
3581 1605 3780 1676 δῄωσιν
3824 1603 3928 1656 καὶ

2333 1697 2568 1769 δένδρων
2617 1697 2858 1768 ἐκτομάς
2895 1701 2992 1752 καὶ
3038 1702 3356 1769 οἰκημάτων
3407 1698 3772 1769 πυρπόλησιν,
3827 1696 3930 1748 καὶ

2337 1787 2473 1850 ὅλως
2503 1788 2624 1842 καθ’
2650 1791 2681 1857 ὴ
2693 1789 2811 1858 μῶν
2840 1785 2928 1841 οἷά
2977 1806 3060 1851 τις
3104 1789 3440 1859 χειμάρρους
3471 1788 3715 1856 ποταμὸς
3753 1786 3928 1855 φερό-

2337 1897 2498 1947 μενος
2542 1881 2754 1944 πάντας
2783 1881 2874 1949 ὑφ’
2904 1882 3097 1934 ἑαυτὸν
3143 1883 3371 1950 ποιῆσαι
3411 1879 3741 1943 διεὸεεαίου,
3791 1880 3926 1950 ἄρτι

2329 1972 2394 2042 δὴ
2423 1971 2519 2024 τοῦ
2556 1973 2823 2041 βασιλέως
2859 1974 3361 2045 ἐκστρατεύσαντος
3407 1974 3505 2026 καὶ
3537 1972 3930 2034 συστείλαντος

2330 2063 2428 2126 τάς
2471 2063 2799 2134 ὑπερορίους
2829 2064 3044 2127 ἐκείνας
3091 2063 3350 2126 ἀπειλάς,
3384 2064 3478 2117 καὶ
3515 2064 3676 2132 μόνον
3715 2062 3778 2115 οὐ
3809 2065 3932 2126 τοῖς

2331 2155 2556 2218 οἰκείοις
2601 2156 2749 2226 ὅροις
2797 2157 3060 2226 ἐμμένειν
3104 2157 3642 2223 καταναγκάζοντος,
3669 2155 3784 2208 ἀλλ’
3820 2155 3930 2208 οὐκ

2331 2246 2577 2316 ἐκπηδᾷν
2599 2246 2694 2299 καὶ
2721 2247 2820 2317 τὴν
2843 2248 2884 2281 ⁸³
2905 2248 3184 2318 ἡμετέραν
3211 2247 3514 2317 ληῖζεσθαι,
3540 2247 3636 2300 καὶ
3659 2244 3930 2306 πολλάκις

2331 2339 2397 2391 ἐκ
2439 2339 2805 2410 παρατάξεως
2848 2341 3339 2410 προσκαλουμένου
3396 2341 3497 2408 μὲν
3537 2339 3633 2393 τοῦ
3679 2337 3925 2407 Μιχαὴλ,

2330 2431 2544 2484 ἐκείνου
2573 2431 2630 2484 δὲ
2671 2431 2748 2503 μὴ
2799 2432 3379 2502 άπαυθαδιαζομένου,
3417 2435 3553 2486 άλλά
3596 2432 3697 2504 τὴν
3714 2435 3926 2486 οἰκείαν

2332 2523 2788 2592 ἐπιγινώσκοντος
2832 2525 3124 2578 ἀσθένειαν
3164 2527 3262 2580 καὶ⁵
3300 2527 3376 2598 μὴ
3427 2528 3567 2598 πρὸς
3619 2527 3846 2596 βασιλέα
3880 2529 3927 2559 ¹⁶

2332 2620 2488 2686 χεῖρα
2511 2619 2744 2688 ἀντᾶραι
2767 2620 3245 2690 κατατολμῶντος,
3267 2621 3439 2674 ἐδόκει
3461 2622 3560 2690 μὲν
3589 2619 3668 2691 τῷ
3700 2621 3928 2691 Μιχαὴλ

2332 2709 2621 2778 ἀρκεῖσθαι
2649 2711 2710 2763 τὸ
2740 2715 3016 2781 προπετὲς
3067 2713 3280 2766 ἐκείνου
3333 2715 3428 2766 καὶ
3459 2711 3690 2776 αὔθαδες
3725 2716 3783 2767 ἐν
3809 2718 3928 2778 τοῖς

2333 2803 2427 2855 ὑπ’
2459 2804 2624 2857 αὑτοῦ
2659 2807 2702 2837 ¹¹¹
2736 2807 3181 2860 κατακλείσαντα
3203 2847 3217 2871 ,
3255 2808 3331 2877 μὴ
3365 2807 3460 2860 καὶ
3492 2808 3671 2878 μάχην
3699 2811 3928 2860 ἐπισυν-

2333 2896 2486 2964 άψαι,
2515 2897 2590 2960 ὡς
2634 2899 2832 2967 ἀδήλου
2863 2900 3019 2962 ὄντος
3052 2899 3146 2952 τοῦ
3185 2901 3490 2970 μέλλοντοςο
3531 2919 3549 2951 ι
3599 2900 3752 2953 Ἐπεὶ
3793 2902 3928 2972 γὰρ,

2333 2989 2542 3057 ἔλεγεν,
2601 2993 2666 3044 ἐκ
2699 2993 3067 3062 παρατάξεως
3109 2993 3272 3062 ἡμῶν
3301 2994 3401 3046 οὐκ
3432 2996 3510 3057 εἰς
3556 2993 3794 3064 πόλεμον
3824 2988 3930 3046 oio!

2333 3080 2392 3132 τὲ
2439 3082 2606 3149 ἐσμεν
2638 3083 3081 3147 ἐκκαλέσασθαι,
3112 3084 3250 3138 ἀλλὰ
3297 3088 3642 3156 φυγομαχεῖν
3691 3087 3785 3140 καὶ
3835 3088 3928 3154 ἐφ’

2340 3171 2534 3223 ἑαυτοῦ
2585 3173 2626 3204 ³⁸
2685 3175 2868 3242 μένειν
2917 3174 3326 3244 ἀναγκάζομεν,
3381 3175 3432 3228 τί
3480 3177 3574 3227 καὶ
3625 3174 3933 3243 δράσαιμεν

2341 3263 2652 3334 βιαζόμενοι
2674 3285 2721 3332 ;ι
2749 3267 2847 3319 Διά
2875 3266 3036 3319 τοῦτο
3069 3263 3160 3320 οὖν
3189 3268 3578 3339 παλινδρομεῖν
3609 3270 3792 3339 ἡρέμα
3811 3286 3934 3332 πως

2339 3357 2431 3409 καὶ
2459 3359 2601 3410 κατὰ
2633 3361 2832 3430 μικρὸν
2865 3361 3000 3431 πρὸς
3029 3362 3128 3432 τὴν
3156 3362 3368 3415 οἰκείαν
3423 3363 3699 3432 βασιλείαν
3740 3363 3934 3433 βουλο-

2342 3451 2527 3519 μένου,
2557 3454 2808 3521 ἁπρεπὲς
2858 3455 3032 3525 ἐφάνη
3081 3455 3161 3525 τῷ
3189 3455 3381 3508 Λέοντι
3428 3458 3525 3508 καὶ
3558 3456 3618 3507 οὐ
3659 3455 3799 3507 κατά
3834 3455 3935 3524 βα-

2341 3543 2490 3595 σιλέα
2533 3545 2820 3611 Ῥωμαίων
2847 3546 2995 3599 νῶτα
3021 3547 3224 3600 διδόναι
3251 3551 3368 3611 τοῖς
3394 3549 3630 3618 ἐχθροῖς,
3665 3548 3809 3600 οὕτω
3841 3565 3938 3600 κα-

2339 3633 2519 3686 λοῦντι
2550 3637 2768 3705 ἐκείνην
2799 3637 2897 3705 τὴν
2939 3637 3242 3708 καλλίστην
3272 3639 3468 3708 βουλὴν
3503 3638 3590 3709 [Ρ.
3631 3637 3720 3710 10]
3747 3637 3824 3707 τῷ
3855 3641 3936 3709 μὴ

2339 3725 2477 3797 ὀρθά
2511 3729 2630 3798 μηδ’
2663 3730 2794 3798 ὑγιᾶ
2823 3732 3066 3801 φρονεῖν,
3106 3731 3509 3803 σεσαΘρωμένα
3538 3731 3593 3784 δὲ
3613 3732 3708 3785 καὶ
3752 3731 3937 3797 δόλια,

2341 3821 2437 3874 καὶ
2467 3822 2596 3893 ὅλην
2630 3823 2719 3892 ὑφ’
2752 3825 2945 3878 ἑαυτὸν
2980 3824 3208 3895 ποιῆσαι
3240 3825 3341 3895 τὴν
3369 3824 3478 3878 τῶν
3514 3823 3804 3893 Ῥωμαίων
3837 3841 3942 3894 με-

2341 3913 2563 3968 λετῶντι
2584 3915 2902 3986 ἠγεμονίαν.
2925 3917 3078 3972 Ἀλλ’
3099 3915 3337 3985 ίτητέον
3375 3916 3503 3986 ἔφη,
3523 3915 3673 3983 πρὸς
3689 3915 3940 3982 αὐτοὺς,

2339 4003 2683 4072 ὦβασιλεῦ,
2705 4011 2802 4063 καί
2823 4010 2961 4079 ὄψει
2976 4027 3052 4079 με
3072 4009 3344 4080 σήμερον
3357 4010 3420 4064 τὸ
3439 4009 3655 4078 κράτος
3667 4007 3943 4078 καθαρῶς

2341 4102 2762 4170 ἀναδούμενον
2795 4105 2948 4156 κατὰ
2971 4101 3332 4172 τῶνέχθρῶν
3350 4101 3448 4156 καί
3469 4102 3802 4170 νικηφόρον
3825 4102 3943 4154 68t-

2343 4211 2683 4260 κνυμενον,
2715 4192 2790 4262 τῇ
2834 4193 2920 4262 σῇ
2960 4195 3455 4263 καταθαρῤοῦντα
3498 4195 3600 4248 καὶ
3641 4201 3944 4265 προπολε-

2339 4285 2930 4354 μοῦνταπεποιοήσει
2977 4304 3042 4340 τε
3079 4287 3179 4340 καί
3201 4287 3378 4356 εὐχῇ.
3411 4288 3634 4351 Τούτοις
3663 4291 3690 4340 ὁ
3717 4288 3944 4357 Μιχαὴλ

2342 4383 2452 4441 τοῖς
2482 4380 2660 4445 λόγοις
2695 4381 2994 4448 ἐκτραπείς
3014 4397 3072 4433 τε
3100 4383 3196 4434 καὶ
3213 4381 3653 4450 παρασαλευϐεὶς
3672 4381 3945 4452 συρρἦξαι

2346 4475 2788 4544 παρεκελεύσατο
2828 4479 2920 4528 τὸν
2964 4475 3224 4544 πόλεμον.
3290 4475 3376 4537 Ὠς
3414 4476 3471 4528 δὲ
3516 4476 3676 4545 μόνον
3717 4477 3943 4542 ἐγένετο

653 4589 932 4640 diversum
979 4592 1136 4637 actus
1186 4582 1458 4637 sententia
1499 4596 1736 4652 pugnam
1789 4582 2005 4635 conseri
2053 4581 2234 4650 jussit.

2352 4567 2594 4637 συμϐολὴ
2616 4607 2630 4628 ,
2663 4568 2809 4620 νῶτα
2836 4569 2960 4630 δοὺς
2991 4571 3018 4620 ό
3051 4570 3203 4621 Λέων
3246 4567 3344 4638 τὴν
3382 4567 3684 4636 φυγαδείαν
3749 4568 3944 4636 ἠσπά-

654 4681 888 4749 Moxque
914 4679 1089 4748 prima
1121 4677 1238 4746 ipsa
1270 4676 1664 4745 congressione
1692 4674 1801 4727 Leo
1837 4684 1990 4743 terga
2021 4683 2242 4747 vertens

652 4775 840 4841 fugam
875 4770 1134 4838 capessit,
1167 4767 1371 4837 quippe
1399 4767 1742 4836 tyrannidem
1780 4767 2040 4818 continue
2068 4765 2242 4818 medi-

656 4878 801 4928 tuus,
827 4866 929 4917 etsi
960 4865 1226 4916 hactenus
1252 4861 1372 4929 ejus
1406 4861 1508 4914 hoc
1533 4860 1828 4913 consilium
1863 4867 1976 4912 tum
2005 4858 2244 4912 Michae-

657 4963 672 5016 l
699 4976 790 5023 m,
823 4969 936 5012 tum
966 4957 1152 5010 hostes
1172 4957 1420 5009 latuerat.
1456 4952 1610 5018 Quod
1639 4953 1783 5006 enim
1813 4952 1946 5005 nihil
1979 4952 2243 5006 hactenus

657 5051 969 5108 istiusmodi
1003 5050 1331 5117 contigerat,
1384 5047 1566 5114 qualia
1599 5045 1768 5114 praelii
1804 5044 1884 5096 vis
1919 5043 2114 5098 aﬂ'crre
2147 5059 2242 5098 so-

657 5148 752 5210 let,
787 5147 1108 5212 nullumque
1134 5142 1254 5195 belli
1293 5140 1506 5193 facinus
1552 5137 1760 5190 utravis
1798 5138 1946 5190 acies
1977 5146 2242 5204 gesserat,

660 5243 752 5298 sed
787 5240 993 5310 primus
1024 5239 1139 5307 ipse
1167 5236 1457 5290 conﬂictus
1503 5232 1842 5294 vertebatur,
1878 5231 2076 5298 vixque
2114 5231 2243 5283 dum

661 5333 896 5403 rmpisse
927 5329 1242 5384 conﬂictum
1305 5336 1489 5395 partes
1520 5323 1898 5386 advertebant,
1954 5333 2067 5374 tuin
2111 5321 2244 5388 ipsis

665 5425 918 5495 Bulgaria
951 5433 1064 5476 tum
1097 5421 1320 5488 reliquis
1357 5418 1613 5472 munibus
1638 5433 1722 5471 res
1753 5416 1912 5471 dolus
1941 5414 2244 5476 videbatur,

656 5521 840 5590 qualis
881 5516 1117 5572 hostium
1152 5528 1273 5568 esse
1325 5513 1500 5567 solet:
1534 5528 1728 5580 nempe
1773 5527 1802 5563 ιι
1856 5525 1954 5564 sua
1989 5510 2107 5562 illas
2133 5509 2247 5562 dis-

663 5613 964 5665 trahentem
1004 5609 1142 5669 acie,
1195 5620 1462 5660 conversa
1510 5607 1725 5658 demum
1775 5604 1827 5655 in
1861 5617 1954 5656 eos
2001 5617 2067 5654 ex
2117 5601 2243 5670 luga

660 5709 864 5768 fronte,
906 5703 1042 5756 velle
1069 5702 1302 5766 irruere,
1336 5697 1425 5750 tibi
1458 5705 1639 5750 autem
1689 5696 1862 5748 amba:
1918 5694 2060 5749 acies
2109 5695 2241 5746 nihil

2348 4677 2500 4723 σατο,
2524 4661 2624 4730 τὴν
2661 4661 2941 4730 βασιλείαν
2981 4662 3066 4714 άεί
3113 4679 3228 4724 πως
3273 4660 3571 4728 ἐπιζητῶν.
3624 4659 3736 4712 Καὶ
3783 4660 3946 4714 τοῦτο

2346 4753 2483 4816 τέως
2508 4753 2703 4823 ἄδηλον
2744 4750 2813 4823 ἦν
2853 4755 3002 4824 αὐτῷ
3033 4771 3092 4806 τε
3125 4755 3204 4824 τῷ
3243 4754 3466 4825 Μιχαὴλ
3503 4751 3598 4806 καὶ
3629 4756 3740 4816 τοῖς
3771 4753 3944 4806 ὑπεν.

2347 4848 2570 4910 αντίοις·
2603 4849 2777 4918 μήπω
2808 4849 2917 4918 γάρ
2955 4866 3099 4910 τινος
3135 4851 3442 4917 γεγονότος,
3477 4842 3565 4900 οἷα
3601 4847 3747 4914 φιλεῖ
3795 4847 3946 4898 κατὰ

2348 4941 2608 5010 πόλεμον,
2647 4943 2931 5012 μηδετέρῳ
2969 4943 3498 5012 ἀνδραγαθήματος,
3539 4939 3654 4992 ἀλλ’
3689 4939 3768 4991 ἔτι
3817 4939 3947 4990 κατ’

2349 5032 2521 5099 ἀρχὰς
2553 5030 2717 5102 οὔσης
2745 5033 2842 5100 τῆς
2874 5032 3054 5101 μάχης
3087 5035 3182 5082 καὶ
3216 5030 3414 5100 μικροῦ
3443 5031 3526 5082 ὅτι
3551 5029 3646 5080 καὶ
3673 5028 3946 5096 συνερρά-

2350 5139 2527 5191 γησαν
2575 5123 2882 5192 ἀγνώστου,
2937 5126 3122 5185 αὐτοῖς
3178 5140 3234 5175 τε
3291 5125 3405 5184 τοῖς
3458 5121 3792 5189 Βουλγάροις
3847 5121 3945 5171 καὶ

2351 5217 2518 5268 πᾶσιν
2551 5217 2723 5286 ἐφάνη
2752 5218 2951 5287 τρόπος
2986 5212 3216 5269 εἶναιτὸ
3252 5216 3510 5284 πρᾶγμα.
3539 5213 3613 5275 ῶς
3651 5212 3946 5280 μέλλουσιν

2351 5311 2551 5372 αὐτοὺς
2584 5311 2822 5381 διασπᾷν
2856 5311 2951 5363 καλ⁵
2983 5310 3138 5372 αὖθις
3174 5309 3230 5376 ἐξ
3262 5307 3610 5377 ὑποστροφῆς
3634 5303 3944 5359 καταπολε-

2355 5400 2494 5464 μεῖν-
2541 5398 2628 5460 Ὠς
2652 5400 2708 5451 δὲ
2750 5401 3052 5469 ἀμφότεροι
3088 5402 3149 5452 οὐ
3185 5399 3328 5453 κατὰ
3374 5398 3574 5469 τρόπον
3615 5397 3730 5451 ἀλλ’
3764 5394 3947 5464 άληοῆ

2355 5493 2418 5560 δὴ
2455 5487 2696 5555 ἔγνωσαν
2728 5484 2870 5544 εἷναι
2904 5493 3002 5561 τὴν
3038 5491 3239 5562 φυγὴν,
3281 5491 3403 5544 τότε
3439 5489 3846 5561 προσπεσόντες
3892 5487 3947 5537 οἱ

2357 5587 2458 5656 μὲν
2489 5587 2719 5638 ἐναντίοι
2755 5587 2912 5654 φόνον
2955 5587 3120 5638 πολὺν
3151 5581 3532 5652 ἐνειργάζοντο
3570 5581 3680 5635 τῶν
3711 5581 3943 5651 φευγόν.

2350 5707 2459 5742 των
2499 5681 2766 5744 νεανικῶς
2787 5724 2800 5745 ,
2833 5683 2859 5733 ὁ
2897 5681 2953 5732 δί
2980 5678 3196 5748 Μιχαὴλ
3244 5677 3434 5732 ἐαυτδν
3471 5675 3666 5740 σώζειν
3699 5674 3812 5728 ἀλλ’
3843 5677 3948 5732 οὐκ

1950 5785 2185 5841 ΥΛΒΙΑΕ
2223 5779 2627 5841 LECTIONES.

746 5899 785 5930 η
812 5898 904 5969 τὴν
938 5913 1043 5953 οιιι.
1074 5897 1132 5951 ι’.
1241 5895 1278 5925 ’⁸
1311 5893 1572 5962 βασιλιως
1605 5889 1679 5942 Γ.
1723 5893 1766 5943 (ᾗ
1838 5908 1884 5956 μ,
1925 5887 2019 5939 μιῇ,
2055 5888 2103 5940 ἱι.

2193 5889 2226 5910 ¹⁷
2274 5888 2400 5950 1L1.

2457 5888 2467 5911 δ
2552 5885 2587 5912 ’⁸
2618 5881 2813 5944 ἑαυτὴν
2850 5876 3028 5942 κιιίέει.
