4158 6442
221 401 278 463 29
1374 405 1518 465 LIB-
1557 405 1602 464 I.
1631 406 1761 465 -L

1900 404 2326 466 ARMENIUS.
3396 411 3465 474 30

219 498 546 562 ἀντιπίπτειν
582 506 699 576 μετ’
745 506 940 574 ὀλίγων
986 507 1062 560 ῶν
1094 508 1428 577 διεπείραζε.
1479 510 1590 564 Καὶ
1639 509 1764 563 οὖτα

1883 508 2012 564 belli
2055 518 2173 564 arte
2222 509 2361 576 ﬁeri,
2423 509 2519 565 sed
2583 524 2768 566 veram
2827 512 3198 569 Romanorum
3257 513 3462 587 fugam,

221 601 304 671 μὲν
326 598 535 668 ταύτην
558 599 810 666 γενέσθαι
833 599 932 668 τὴν
960 600 1142 669 μάχην
1160 602 1303 665 τινὲς
1328 603 1463 672 ἡμῖν
1487 602 1780 670 ἐγγράφως

218 689 672 758 παραδεδώκασιν·
723 690 830 742 εξσὶ
859 689 906 742 δ’
945 689 992 740 οἳ
1026 693 1120 742 καὶ
1152 693 1248 755 τὰς
1279 692 1542 761 δυνάμεις
1579 693 1780 762 μᾶλλον

215 781 280 849 τῷ
309 779 498 832 Λέοντι
551 780 758 832 διδόασι
806 779 1069 833 διασῶσαι
1103 781 1198 832 καὶ
1243 783 1525 852 καρτερῶς
1561 784 1777 850 ’ἀγωνί-

215 872 395 926 σασθαι
417 913 433 938 ,
463 871 572 924 τῶν
601 871 898 941 βασιλικῶν
927 873 1224 942 ταγμάτων
1261 874 1777 943 ὲΟελοκακησὰντων

213 965 293 1018 καὶ
320 966 422 1033 τὴν
465 965 675 1019 οἰκείαν
719 965 1143 1035 προδεδωκότων
1192 967 1524 1035 παράταξιν,
1567 968 1684 1022 ἀλλ’
1715 970 1775 1021 οὐ

210 1056 292 1110 τοῦ
332 1057 477 1110 κατὰ
510 1057 604 1109 τὸν
656 1057 867 1110 Λέοντα
920 1058 1142 1127 μέρους.
1195 1058 1342 1127 Πλὴν
1379 1058 1779 1130 καθυπερτερεϊ

210 1155 299 1224 μὶν
317 1153 385 1205 τὰ
411 1152 742 1222 Βουλγάρων
766 1153 1160 1218 δυσελπίστως,
1184 1154 1251 1208 τὰ
1273 1155 1328 1208 δὲ
1350 1154 1459 1209 τῶν
1492 1157 1777 1226 Ῥωμαίων

207 1248 328 1316 ἥττῃ
375 1245 715 1315 συνεχόμενα
764 1246 961 1316 βαρείᾳ
1011 1246 1109 1299 καὶ
1155 1247 1360 1318 φοϐερᾷ
1409 1251 1501 1302 τὸν
1554 1250 1777 1319 βασιλέα

206 1340 436 1406 ἔπεμπον
478 1337 803 1405 ἀγωνιῶντα
833 1341 962 1409 περὶ
997 1339 1200 1409 ψυχῆς.
1248 1339 1390 1394 ’Δλλ’
1421 1343 1629 1407 ἐκεῖνος
1678 1345 1778 1414 μὲν

205 1428 326 1495 πρὸς
349 1429 450 1491 τὰς
479 1427 787 1498 βασιλείους
810 1430 980 1494 αὐλὰς
1003 1431 1422 1500 παρεπέμπετο,
1451 1435 1544 1486 τὸν
1572 1437 1776 1489 Λέοντα

203 1516 301 1572 οἷόν
320 1537 442 1574 τινα
474 1521 740 1590 πρόϐολον
769 1521 1087 1576 καταλιπὼν
1114 1524 1314 1588 ἔξωθεν
1338 1527 1654 1596 ἐφεδρεύειν
1683 1528 1775 1581 τοῦ

205 1612 270 1679 μή
297 1629 416 1664 τινα
466 1614 722 1680 γενέσθαι
754 1615 1192 1684 λαφυραγωγίαν
1225 1617 1447 1671 πλείονα
1479 1621 1628 1690 παρὰ
1655 1621 1776 1681 ζτῶν

201 1703 420 1772 ἐχθρῶν.
492 1705 550 1757 Ὀ
597 1705 652 1757 δὲ
704 1707 900 1777 καιροῦ
959 1709 1257 1779 λαϐόμενος
1321 1711 1629 1778 ἐπιτηδείου
1686 1712 1774 1762 τὸν

205 1794 532 1864 στρατιώτην
569 1797 728 1864 ὄχλον
775 1799 996 1868 ἠρέθιζέ
1055 1816 1114 1853 τε
1159 1801 1254 1853 καὶ
1306 1802 1605 1870 βλάσφημα
1655 1819 1774 1855 τινα

199 1889 397 1955 ῥιπτεῖν
444 1891 587 1941 κατὰ
634 1890 730 1942 τοῦ
781 1891 1047 1960 βασιλέως
1092 1894 1391 1961 ἠνάγκαζε,
1435 1894 1528 1945 καὶ
1575 1894 1658 1962 μὴ
1699 1894 1774 1946 ἂν

202 1980 441 2048 ἔλαφον,
481 1982 676 2035 ἐκεῖνο
706 1983 782 2050 δὴ
815 1983 920 2036 τοῦ
946 1986 1163 2052 μύθου,
1195 1985 1468 2053 ἡγεῖσθαι
1509 1988 1775 2040 λεόντων

194 2073 372 2126 καλὸν
431 2074 623 2142 ἔλεγεν
683 2077 870 2142 εἶναι,
925 2077 1042 2144 τὴν
1084 2078 1288 2146 φυγὴν
1324 2079 1802 2148 ἶὰσπασιὶμενον·

194 2165 298 2219 νῦν
323 2168 425 2219 καὶ
467 2169 618 2236 πρὸς
657 2171 800 2234 τοὺς
835 2171 1104 2236 κόλπους
1130 2173 1402 2240 φυγόντα
1432 2171 1540 2239 τῆς
1570 2189 1774 2240 γυναι-

191 2259 303 2323 κ-θς,
334 2262 446 2314 τὸν
478 2261 698 2315 ἑαυτοῦ
734 2261 891 2329 ἡμᾶς
937 2265 1355 2316 καταλιπόντα
1421 2266 1579 2317 λαὸν
1626 2281 1771 2332 :mp-

190 2352 478 2421 ανάλωμα
533 2353 655 2406 τῶν
701 2354 952 2422 ἐχθρῶν.
1003 2353 1171 2407 Οὔπω
1223 2355 1399 2424 πέρας
1455 2355 1592 2426 πρὸς
1643 2358 1771 2418 τοὺς

188 2442 263 2510 ΙΡ.
289 2443 375 2514 ll]
411 2446 712 2507 κοινωνοὺς
739 2445 847 2497 τῶν
883 2445 1059 2512 λόγων
1091 2447 1118 2497 ὁ
1146 2445 1305 2512 λόγος
1337 2447 1632 2514 ἐλάμϐανε,
1670 2449 1766 2498 καί

184 2536 254 2595 είς
281 2533 447 2602 ἔργον
482 2531 550 2606 ἦν
581 2536 773 2590 τοῦτον
802 2539 1123 2592 ἀπεκϐἁντα
1167 2537 1316 2605 ἰδεῖν,
1351 2545 1417 2611 τῇ
1463 2541 1572 2592 τῶν
1611 2541 1770 2592 κολά-

184 2640 283 2675 κων
332 2629 768 2697 κατασπαρέντα
823 2628 1112 2700 στωμυλξα
1164 2631 1258 2683 καὶ
1305 2631 1605 2700 συνδρομῇ.
1659 2632 1769 2684 Καὶ

179 2716 318 2779 τέλος
367 2719 680 2789 ἀνάῤῥησις
727 2719 994 2789 αὐθωρὸν,
1047 2721 1141 2774 καὶ
1189 2723 1282 2774 τὸν
1339 2721 1500 2774 αὑτὸν
1551 2719 1660 2790 εἶχε
1711 2723 1770 2774 τὸ

181 2807 510 2877 βραχύτατον
543 2813 732 2881 μόριον
765 2815 863 2884 τῆς
893 2813 1111 2884 ὴμέρας
1136 2813 1354 2884 ἰδιώτην
1381 2814 1499 2884 ἅμα
1529 2814 1624 2866 καὶ
1657 2815 1756 2866 αὺ-

176 2905 508 2972 τοκράτορα.

1883 602 2032 672 quod
2086 603 2156 656 ita
2201 601 2484 672 agebatur,
2539 618 2668 658 esse
2722 605 3024 670 advenere,
3075 607 3260 661 hostes
3308 624 3467 664 verso

1883 695 2088 762 impetu
2135 693 2460 764 fugientium
2513 703 2753 764 stragem
2791 698 3016 752 multam
3065 699 3288 754 dedere.
3347 699 3467 769 Ipso

1882 788 2112 840 Michael
2147 786 2383 840 salutem
2427 787 2708 856 expedire,
2761 803 2869 842 non
2933 805 3056 844 cum
3112 792 3302 861 paucis
3358 775 3465 847 sibi

1883 879 2090 933 relictis
2134 879 2390 934 hostibus
2446 891 2678 934 conatur
2724 881 3016 936 obsistere.
3072 882 3272 952 Sicque
3324 884 3465 938 adeo

1881 979 2181 1038 pugnatum
2218 981 2347 1025 sunt
2372 972 2467 1040 qui
2493 973 2801 1026 litterarum
2841 975 3216 1028 monumentis
3265 975 3332 1029 ad
3361 989 3466 1031 nos

1881 1062 2311 1116 transmiserint.
2337 1061 2456 1116 Non
2488 1063 2686 1116 desunt
2715 1073 2897 1118 tamen
2931 1065 3022 1130 qui
3059 1065 3230 1120 Leoni
3277 1067 3463 1136 potius

1881 1154 2124 1208 tribuant
2165 1155 2356 1225 capias
2389 1168 2754 1209 conservasse
2788 1170 2851 1209 ac
2903 1166 3134 1210 strenue
3170 1172 3463 1228 pugnasse,

1879 1259 2006 1297 cum
2043 1244 2206 1299 aulici
2235 1259 2302 1298 ac
2327 1245 2585 1314 palatina:
2619 1245 2874 1300 cohortes
2907 1247 3122 1316 ignavia
3174 1248 3282 1302 acti
3320 1249 3465 1303 ultro

1881 1333 2063 1402 fugam
2113 1335 2392 1400 iniisseut,
2425 1345 2590 1404 atque
2653 1335 2826 1390 aciem
2862 1352 3017 1391 suam
3070 1339 3463 1408 prodidissent,

1878 1443 1988 1481 non
2015 1443 2139 1496 quae
2169 1442 2235 1482 ex
2271 1427 2471 1483 Leonis
2497 1428 2747 1498 partibus
2771 1442 2974 1483 essent.
3017 1430 3312 1486 Enimvero
3341 1431 3465 1488 Bul-

1879 1521 1993 1588 gari
2017 1519 2324 1589 inopinato,
2349 1535 2412 1574 ac
2429 1535 2553 1574 cum
2579 1521 2714 1575 nihil
2737 1519 3004 1586 ejusmodi
3030 1533 3460 1590 exspectaretur,

1878 1612 2191 1680 superiores
2246 1613 2487 1664 evadunt
2548 1627 2563 1665 :
2633 1612 2784 1680 gravi
2837 1623 3017 1667 autem
3074 1616 3462 1684 tremenilaque

1878 1705 2033 1758 clade
2067 1704 2236 1758 attriti
2263 1702 2495 1757 Romani
2523 1705 2911 1773 imperatorem
2940 1705 3044 1776 16
3067 1705 3133 1759 de
3160 1706 3334 1759 salute
3360 1722 3461 1760 sua

1878 1798 2100 1850 anxium
2127 1811 2157 1850 e
2186 1796 2369 1864 praelio
2398 1796 2690 1850 reducunt.
2725 1795 2920 1851 Verum
2953 1797 3000 1850 is
3028 1796 3247 1864 quidem
3277 1799 3458 1853 aulam

1878 1889 2090 1958 repetit,
2129 1903 2194 1942 ac
2242 1903 2342 1942 ceu
2385 1888 2657 1958 quoddam
2705 1889 3168 1957 propugnaculum
3222 1888 3460 1945 Leonem

1877 1982 2010 2036 foris
2064 1983 2448 2045 excubantem,
2499 1995 2565 2036 nc
2609 1996 2777 2051 quam
2835 1981 3019 2036 hostes
3051 1985 3188 2036 ultra
3223 1985 3459 2052 praadam

1877 2075 2096 2145 abigant
2127 2091 2189 2129 ac
2233 2075 2460 2130 liberius
2495 2090 2656 2146 agros
2701 2076 3048 2144 populentnr,
3086 2077 3362 2146 relinquit.
3394 2079 3462 2132 At

1876 2169 1983 2224 Leo
2011 2169 2361 2223 commodum
2382 2178 2575 2225 nactus
2595 2181 2812 2236 tempus
2833 2169 3096 2223 militares
3124 2171 3303 2224 irritat
3319 2172 3456 2233 alas,

1873 2270 1928 2315 et
1968 2260 2258 2313 maledicta
2309 2259 2559 2326 quaedam
2603 2258 2654 2312 in
2693 2259 3076 2327 imperatorem
3124 2259 3334 2329 jactare
3362 2275 3460 2316 eos

1871 2352 2034 2419 cogit.
2067 2349 2228 2403 Haud
2247 2367 2273 2404 ε
2308 2367 2381 2417 re,
2421 2351 2624 2414 aiebat,
2651 2361 2706 2403 ut
2735 2352 2872 2419 quod
2906 2351 3093 2420 fabula
3121 2362 3220 2417 est,
3248 2351 3458 2406 leonum

1870 2459 2053 2510 agmen
2085 2458 2264 2496 cervus
2289 2443 2485 2506 ducat;
2516 2445 2606 2512 qui
2641 2444 2878 2497 videlicet
2907 2446 3063 2497 modo
3088 2457 3297 2512 arrepta
3327 2446 3458 2515 fuga

1870 2538 1922 2588 in
1945 2537 2128 2589 uxoris
2158 2537 2333 2588 sinum
2363 2537 2702 2600 concesserit,
2738 2537 2886 2589 nobis
2930 2537 2986 2589 in
3013 2539 3204 2590 castris
3235 2540 3456 2607 relictis,

1871 2645 1998 2692 quos
2031 2628 2205 2679 hostes
2238 2628 2486 2680 vastitate
2535 2637 2873 2681 consumant.
2931 2626 3164 2682 Vixdum
3221 2630 3275 2688 in
3329 2646 3458 2685 eum

1873 2720 2095 2772 modum
2129 2717 2311 2773 socios
2351 2717 2548 2772 allatus
2580 2728 2952 2786 peroraverat,
2983 2737 3107 2774 cum
3139 2736 3224 2774 res
3260 2732 3454 2776 eventu

1873 2812 2136 2873 succedit,
2185 2811 2394 2878 sparsis
2454 2811 2507 2864 in
2563 2826 2779 2865 onmem
2823 2822 3125 2867 castrorum
3191 2815 3454 2868 ambitum

1870 2903 2105 2972 garrulis
2135 2913 2540 2957 assentatorum
2581 2903 2808 2957 vocibus
2855 2919 2919 2958 ac
2967 2919 3264 2970 concursu,
3315 2923 3456 2977 quos

177 2995 259 3049 ille
286 2997 537 3063 ejusdem
585 2997 698 3052 fere
748 3001 955 3055 tenoris
991 3014 1271 3056 sermones
1322 3001 1606 3054 habuerat.
1660 2999 1942 3053 Postremo
1974 3004 2218 3050 actutum
2278 3006 2465 3050 secuta
2524 2997 2864 3063 acclamatio,
2934 2999 3292 3068 ejusdemque
3345 2998 3454 3056 dici

173 3102 290 3156 pars
315 3093 696 3146 moilicissima
726 3094 980 3148 eumdem
1016 3096 1287 3163 privatum
1321 3096 1485 3147 simul
1517 3104 1570 3146 et
1606 3095 1994 3161 imperatorem
2037 3090 2274 3157 aspexit.

236 3183 299 3249 ζ’.
335 3189 503 3253 Ἀρτι
531 3186 663 3253 γοῦν
687 3189 1055 3259 ἀνηγορεύετο
1085 3188 1350 3258 παρὰτοῦ
1385 3189 1646 3259 στρατοῦ,
1671 3190 1765 3241 καὶ

170 3277 315 3343 ᾳόὸοι
353 3279 553 3330 τοῦτον
603 3280 696 3332 καὶ
732 3280 826 3346 δέη
874 3274 1161 3351 ὑφεῖρπον,
1204 3282 1313 3332 εἴτε
1362 3281 1566 3350 σκηνὴν
1596 3281 1762 3342 ὅντως

169 3369 626 3439 ὑποκρινόμενον,
655 3371 721 3422 ἶν’
746 3372 1044 3438 ἀπολογίαν
1079 3373 1230 3441 σχοίη
1262 3376 1341 3434 εἰς
1372 3374 1622 3442 ὕστερον,
1651 3373 1758 3425 εἴτε

1950 3185 2000 3239 7.
2057 3183 2295 3238 Vixdum
2351 3185 2649 3256 imperator
2712 3187 2782 3240 ab
2827 3189 3067 3242 exercitu
3123 3189 3454 3244 acelamalus

1865 3286 2004 3340 erat,
2054 3292 2180 3330 cum
2217 3279 2290 3330 illi
2324 3289 2501 3332 metus
2526 3294 2589 3332 ac
2621 3293 2852 3346 pavores
2895 3280 3183 3348 obrepunt,
3229 3283 3346 3335 sive
3398 3297 3456 3336 re

1862 3370 1982 3437 ipsa
2037 3384 2205 3423 scena
2244 3370 2360 3424 haec
2406 3386 2470 3424 ac
2501 3372 2780 3424 simulatio
2832 3381 3012 3437 erant,
3051 3389 3160 3442 quo
3185 3375 3236 3428 in
3273 3384 3456 3444 poste-

166 3463 252 3513 καὶ
277 3464 520 3534 ἀληθεῖς.
555 3465 622 3516 τὰ
670 3466 790 3525 ταῖς
824 3463 1186 3532 τηλικαύταις
1220 3465 1485 3534 πράξεσιν
1529 3467 1755 3518 ἀκολου-

1867 3476 1990 3513 rum
2047 3460 2262 3514 l‘nciuus
2322 3476 2586 3529 excusare
2618 3471 2824 3530 posset,
2887 3465 3001 3516 sive
3065 3478 3193 3517 vere
3246 3475 3454 3533 quanta

163 3553 350 3608 θοῦντα
365 3557 651 3608 ἅντε-παλα
677 3557 1140 3624 διαλογιζόμενον,
1165 3559 1287 3608 ἐπεὶ
1314 3558 1409 3610 καὶ
1436 3560 1548 3619 τοῖς
1577 3559 1759 3625 ἅρπαι

165 3663 247 3698 σαι
276 3648 347 3706 τὰ
380 3649 656 3716 ἀλλότρια
691 3649 1164 3717 προθυμουμένοις
1199 3649 1585 3716 μαλακώτεραι
1623 3650 1758 3718 πρὸς

159 3740 220 3790 τὰ
245 3739 396 3792 δεινά
430 3740 635 3809 τόλμαι
687 3741 899 3807 φιλοῦσι
935 3743 1221 3808 γίνεσθαι,
1260 3743 1352 3793 καὶ
1387 3743 1445 3793 τὺ
1477 3744 1754 3810 μέγιστον,

159 3831 298 3895 ὅπως
341 3833 461 3886 τῶν
501 3833 789 3901 βασιλείων
830 3837 1076 3903 μετασχῃ
1121 3835 1322 3896 αὐλῶν,
1373 3835 1663 3904 θυραυλῶν
1694 3853 1754 3888 τε

156 3928 245 3980 καὶ
295 3929 505 3998 πόρῤω
539 3945 642 3980 που
687 3927 1063 3996 αὐλιζόμενος.
1117 3929 1256 3980 Ἀλλ’
1295 3928 1488 3998 ἔμελλε
1537 3931 1757 3993 πάντως

158 4021 244 4074 καὶ
277 4023 449 4083 αὐτὸς
483 4021 830 4088 ὲνσκηνῶσαι
855 4023 969 4082 τοῖς
1007 4020 1322 4089 βασιλείοις,
1349 4022 1444 4073 καὶ
1473 4021 1563 4073 διὰ
1599 4022 1756 4074 τοῦτο

156 4114 368 4182 πνεῦμα
408 4115 794 4183 πονηρότατον
835 4114 1107 4184 διεγεῖραν
1138 4115 1356 4183 Μιχαὴλ
1384 4117 1476 4166 τὸν
1509 4115 1756 4184 Τραυλδν

153 4208 371 4276 καιρίαν
407 4209 462 4260 οἱ
523 4207 848 4259 καθικέσθαι
893 4207 1183 4276 διηπείλει,
1226 4207 1273 4258 εξ
1321 4207 1394 4273 μὴ
1450 4206 1547 4276 τὴν
1581 4207 1752 4278 ἀναῤ-

152 4307 303 4372 ῥησιν
355 4303 628 4372 ἀσμένως
675 4301 1048 4372 προσδέξοιτο·
1101 4301 1176 4364 ὡς
1226 4302 1376 4369 αὐτῷ
1421 4317 1485 4368 γε
1535 4301 1753 4352 παντων

152 4397 412 4464 μελήσειν
440 4397 559 4447 τῶν
594 4396 968 4464 νομιζομένων
1005 4395 1306 4462 δυσχερῶν,
1343 4394 1434 4446 καὶ
1474 4393 1646 4459 αὐτῆς
1689 4409 1752 4459 γε

147 4485 345 4556 ταύτης
376 4487 489 4556 τῆς
527 4486 663 4555 πρὸς
708 4487 777 4538 τὰ
825 4486 1072 4555 βασίλεια
1119 4485 1380 4553 ἀφίξεως.
1442 4483 1509 4539 Ὃ
1549 4484 1612 4551 δὴ
1659 4486 1753 4539 καὶ

146 4581 389 4646 γέγονεν.

207 4767 278 4831 η’.
323 4761 420 4822 Ὠς
457 4759 520 4810 δέ
562 4775 646 4818 τις
690 4757 833 4826 ἀνὴρ
921 4757 1178 4826 Ἰωάννης
1210 4751 1364 4818 οὗτος
1403 4759 1430 4808 ὁ
1473 4755 1616 4809 κατᾶ
1657 4756 1748 4808 τὸν

1865 3553 2177 3606 istiusmodi
2230 3553 2608 3607 molitiouibus
2650 3555 2879 3608 molesta
2923 3555 3213 3618 obsistant,
3264 3572 3449 3611 secum

1861 3649 2046 3698 animo
2095 3645 2384 3713 reputabat
2423 3663 2436 3699 :
2473 3661 2595 3698 nam
2637 3657 2689 3699 et
2736 3647 2938 3716 quibus
2976 3650 3330 3700 constitutum
3381 3649 3452 3701 sit

1860 3735 2036 3788 aliena
2077 3750 2288 3804 rapere,
2331 3735 2414 3789 his
2460 3737 2524 3788 ad
2561 3738 2699 3789 mala
2744 3738 3074 3806 designanda
3132 3739 3450 3806 plerumque

1859 3829 2026 3881 animi
2055 3829 2233 3883 solent
2266 3830 2605 3883 mollescere.
2654 3832 2877 3900 Hocque
2913 3832 3217 3884 maximum
3246 3832 3454 3900 cogita_

1862 3921 1970 3984 bat,
1997 3937 2104 3990 qua
2130 3923 2346 3975 tandem
2374 3924 2588 3976 ratione
2614 3924 2665 3976 in
2691 3924 2888 3977 castris
2914 3925 3133 3978 stativis
3163 3939 3224 3976 ac
3259 3929 3450 3992 procul

1861 4030 2028 4082 agens
2059 4017 2196 4068 aulae
2229 4030 2453 4084 compos
2501 4017 2778 4070 evaderet.
2815 4014 3051 4070 Omnino
3089 4027 3274 4070 tamen
3304 4016 3450 4071 futu-

1858 4123 1978 4160 rum
2009 4117 2128 4161 erat
2156 4117 2290 4162 utet
2321 4109 2444 4161 aula
2471 4110 2743 4177 potiretur
2789 4120 2843 4163 et
2889 4110 2941 4164 in
2972 4110 3115 4176 regia
3153 4110 3446 4164 habitaret.

1858 4199 2064 4255 Idcirco
2096 4203 2260 4256 etiam
2309 4205 2410 4272 17
2441 4205 2668 4271 spiritus
2719 4221 2952 4274 nequam
2995 4206 3180 4259 aillatu
3216 4201 3450 4258 Michael

1856 4293 2056 4348 Balbus
2081 4296 2275 4349 lcthale
2304 4313 2361 4350 se
2389 4299 2436 4349 ei
2463 4297 2656 4351 vulnus
2692 4297 3023 4351 inllicturum
3062 4300 3449 4363 comminatur,

1857 4389 1956 4439 1ιίδί
1981 4388 2212 4441 militum
2229 4388 2680 4442 acclamationem
2700 4405 2968 4458 suamque
2988 4392 3449 4461 nuncupationem

1856 4484 2065 4551 placide
2096 4485 2387 4538 admittat:
2423 4485 2536 4538 fore
2565 4487 2824 4539 nimirum
2859 4487 2960 4539 sibi
2995 4501 3139 4540 cura:
3187 4501 3451 4554 quaecun-

1852 4590 1958 4643 que
1989 4575 2158 4628 ardua
2195 4576 2501 4637 videantur,
2547 4593 2610 4630 ac
2641 4579 2819 4644 ipsum
2851 4593 2976 4630 cum
3008 4579 3203 4646 primis
3254 4579 3308 4631 in
3350 4591 3442 4631 re-

1853 4667 1994 4734 giaui
2032 4682 2340 4720 accessum.
2380 4667 2538 4732 Quod
2569 4669 2640 4721 ita
2677 4668 2877 4721 factum
2904 4680 3006 4721 est.

1923 4757 1974 4811 8.
2003 4755 2104 4810 Ubi
2131 4766 2310 4810 autent
2331 4755 2573 4813 Joannes
2592 4759 2811 4825 quidam
2830 4758 3186 4821 llexabulius,
3201 4757 3289 4812 cui
3314 4772 3452 4812 ma:-

153 4852 510 4919 Ἐξαόούλιον
543 4853 562 4918 )
605 4851 703 4918 τὴν
738 4849 846 4900 τῶν
879 4849 1075 4918 τειχῶν
1110 4849 1437 4919 ἐπιμέλειαν
1484 4852 1575 4902 καὶ
1619 4849 1752 4918 πρό-

1867 4849 2009 4902 nium
2041 4865 2173 4902 cura
2201 4850 2402 4904 credita
2426 4859 2559 4915 erat,
2598 4853 2699 4903 sub
2726 4852 2900 4919 ipsum
2939 4866 3064 4903 mox
3101 4851 3455 4918 imperatoris

141 4960 284 4996 νοιαν
319 4943 668 5010 ποιούμενος
715 4940 912 5010 ᾔσθετο
942 4941 1034 4991 τὸν
1067 4940 1272 4991 Λέοντα
1305 4939 1493 4992 τοῦτον
1527 4938 1757 4992 καταλε-

141 5035 434 5105 λειμμένον
484 5034 629 5101 πρὸς
656 5034 904 5100 φυλακὴν
942 5032 1060 5099 ἅμα
1105 5035 1170 5102 τῇ
1203 5032 1298 5084 τοῦ
1334 5032 1602 5101 βασιλέως
1640 5034 1756 5085 εἰσ-

142 5127 238 5197 όδῳ
301 5127 558 5199 (δεινος
641 5125 696 5177 δὲ
755 5125 860 5194 ἄρα
917 5124 1108 5194 ἀνδρὸς
1173 5125 1333 5192 φύσιν
1391 5126 1756 5194 στοχάσασθαι

141 5222 482 5292 πόρρωθεν),
521 5219 629 5271 οὐκ
661 5219 720 5269 ὲν
756 5217 902 5287 καλῷ
937 5218 1035 5286 τὴν
1059 5219 1267 5270 ἐκείνου
1303 5218 1470 5286 ἔφησε
1501 5219 1753 5285 γενέσθαι

141 5313 488 5378 πῳστασίαν
514 5310 629 5362 τῶν
661 5310 1106 5378 στρατευμάτων·
1129 5309 1250 5362 ὅθεν
1275 5311 1580 5378 σύμῦουλος
1606 5314 1753 5379 γίνε·

140 5419 219 5454 ται
251 5403 327 5471 τῷ
358 5403 591 5472 βασιλεῖ
616 5401 1010 5469 διανοὴσασθαῑ
1037 5419 1088 5454 τι
1121 5403 1214 5454 καὶ
1247 5404 1338 5455 τὸν
1361 5404 1528 5474 ἄνδρα
1580 5423 1750 5472 μετα-

139 5493 329 5564 στῆσαι
384 5494 610 5555 καλῶς.
647 5494 793 5563 Πλὴν
838 5494 943 5547 ἔδει
985 5495 1076 5548 τὸν
1109 5496 1246 5558 τέως
1289 5497 1367 5567 τῷ
1399 5498 1576 5567 κωδίῳ
1605 5500 1747 5568 θῆρα

141 5589 529 5658 κρυπτόμενον
564 5586 1017 5657 ἀνακαλυφθῆναί
1048 5605 1176 5642 ποτε
1210 5590 1304 5642 καὶ
1345 5591 1744 5661 δοκιμασθῆναι

140 5677 205 5740 ὡς
234 5680 291 5730 ἐν
323 5679 515 5748 χοάνῳ
549 5679 757 5744 χρυσὸν
788 5679 912 5740 τοὺς
956 5677 1047 5732 τοῦ
1082 5678 1218 5731 Θεοῦ
1255 5681 1545 5743 ἐκλεκτούς
1567 5699 1580 5712 ·
1615 5699 1744 5748 συγ-

141 5773 395 5838 χωρείται
442 5771 506 5822 δὲ
542 5769 707 5822 τοῦτο
739 5769 998 5834 πολλάκις
1038 5773 1181 5825 κατὰ
1229 5791 1348 5825 τινα
1402 5774 1494 5826 τοῦ
1547 5776 1740 5845 χρόνου

141 5862 399 5934 κυκλικὴν
426 5861 694 5930 περίοδον
715 5861 984 5928 γίνεσθαι,
1019 5863 1074 5926 ἐξ
1105 5866 1396 5934 αἰτήπως,
1430 5863 1604 5935 οἶμαι.
1631 5869 1744 5921 δαι-

1861 4939 1914 4992 in
1966 4940 2157 4994 urbem
2217 4941 2550 5010 ingressum,
2598 4939 2838 4994 Leonem
2889 4941 3145 5010 cognovit
3190 4940 3452 4994 Romana:

1859 5030 2086 5085 ditionis
2122 5047 2186 5085 ac
2236 5032 2453 5086 tuendis
2483 5033 2628 5101 agris
2664 5032 2920 5100 praesidio
2951 5033 3202 5087 relictum
3237 5035 3375 5103 (erat
3404 5034 3461 5088 is.

1856 5126 1940 5178 vir
1995 5123 2107 5177 acri
2161 5124 2380 5191 ingenio
2407 5163 2422 5186 ,
2463 5141 2524 5178 ac
2565 5126 2658 5193 qui
2703 5126 2938 5180 hominis
2983 5125 3171 5194 procul
3213 5125 3460 5180 indolem

1857 5219 2234 5286 conjectaret),
2268 5219 2410 5272 haud
2441 5219 2618 5273 l'anste
2650 5235 2931 5273 cessurum
2965 5221 3042 5273 ait
3077 5220 3222 5289 quod
3251 5221 3297 5274 is
3323 5236 3449 5274 cum

1859 5310 2088 5379 imperio
2103 5312 2366 5364 exercitui
2388 5313 2672 5379 prazl‘ectus
2693 5323 2856 5365 esset.
2874 5311 3239 5377 Quamobrem
3259 5321 3451 5364 auctor

1856 5413 1937 5455 est
1966 5412 2023 5455 ut
2048 5419 2231 5456 secum
2261 5403 2466 5472 aliquid
2507 5413 2853 5457 commentus
2885 5405 3186 5472 imperator
3220 5404 3455 5457 honesto

1853 5496 2090 5563 quodam
2135 5498 2318 5550 colore
2372 5496 2552 5549 virum
2593 5497 2917 5566 magistratu
2967 5504 3203 5549 moveat.
3248 5494 3448 5549 Verum

1853 5604 2076 5641 necesse
2108 5601 2224 5642 erat
2263 5599 2320 5643 ut
2356 5606 2477 5659 qua:
2511 5592 2776 5644 hactenus
2815 5590 2975 5644 ovina
3016 5589 3150 5659 pelle
3195 5596 3452 5643 contecta-

1849 5682 2102 5747 latuerat,
2151 5683 2428 5752 ingenium
2483 5684 2596 5738 lcra
2643 5684 2912 5754 proderet,
2942 5692 2996 5737 et
3040 5692 3099 5736 ut
3139 5682 3296 5735 eleCti
3353 5679 3444 5735 Dea

1851 5777 2217 5846 probarentur
2245 5779 2385 5831 haud
2417 5781 2572 5833 Set-us
2604 5795 2667 5833 ac
2699 5779 2915 5832 llamma
2943 5791 3138 5830 aurum
3170 5776 3224 5829 in
3250 5773 3451 5830 conﬂi-

1855 5869 2028 5924 ctorio
2074 5879 2288 5940 purgat.
2333 5871 2474 5926 Sinit
2509 5881 2690 5926 autem
2731 5870 2782 5925 il
2815 5886 2924 5925 non
2961 5885 3106 5933 raro,
3130 5883 3232 5939 per
3261 5882 3449 5922 recur-
