4158 6442
625 318 689 382 3!
1761 321 2274 384 THEOPHANES
2303 321 2871 384 CONTINUATUS.
3843 321 3921 382 3‘2

623 431 861 485 renlintn
892 442 1195 501 temporum
1220 434 1513 503 quamdam
1548 435 1850 504 perio-lntn,
1875 438 1945 490 ita
1971 437 2212 499 evenire,

2322 435 2588 506 μονικῆς,
2630 436 2888 504 καθάπερ
2942 434 3036 488 ἐπὶ
3087 432 3238 497 Ἰὼϐ,
3286 434 3367 497 εἰς
3417 431 3619 501 γνῶσιν
3667 431 3769 503 μὲν
3820 426 3919 484 καὶ

624 527 893 585 dannone,
949 533 1099 591 puto,
1152 525 1273 593 ejus
1306 526 1412 580 sibi
1463 527 1679 596 copiam
1710 527 2008 597 ﬂagitante,
2045 529 2125 583 uti
2161 530 2216 582 in

622 613 761 667 Jobo
787 616 1031 669 noscitur
1059 617 1376 682 contigisse,
1404 627 1465 673 ut
1484 619 1553 688 pii
1574 619 2216 676 innotescantetdiscer-

626 715 849 769 llltltlm‘,
884 706 1010 759 mali
1045 722 1177 762 vero
1209 708 1532 765 abdicentur
1565 725 1630 764 ac
1659 710 1974 780 ejiciantur.

694 800 748 854 9.
804 800 904 853 Vix
952 816 1185 870 namque
1235 816 1545 857 sermonem
1600 804 1837 869 ﬁnierat,
1889 821 2014 859 cum
2069 805 2216 861 fama

623 893 930 962 praevolans
976 894 1339 950 acclamatum
1374 896 1759 965 imperatorem
1797 911 2085 970 tyrannum
2117 917 2216 955 an-

625 990 860 1042 nuntiat.
914 988 992 1042 Eo
1035 1005 1259 1044 rumore
1302 991 1607 1061 nuntioque
1644 994 1872 1047 attonita
1918 995 2115 1049 civitas
2149 1012 2215 1051 ac

622 1078 738 1134 fere
764 1090 946 1135 mente
975 1090 1121 1135 mota
1145 1083 1232 1135 vix
1268 1098 1327 1136 se
1358 1084 1696 1149 continebat,
1728 1084 1856 1138 belli
1886 1086 2064 1142 civilis
2100 1087 2214 1143 lor-

623 1172 850 1235 midine,
873 1175 1030 1242 cujus
1060 1174 1205 1228 mole
1238 1174 1383 1229 haud
1413 1191 1539 1229 raro
1578 1177 1743 1232 urbes
1773 1178 1997 1249 integrae
2027 1182 2215 1235 conci-

620 1263 777 1317 dant.
824 1264 1021 1317 Verum
1061 1266 1362 1334 imperator
1397 1268 1683 1336 obstupuit
1729 1269 1951 1339 quidem
2002 1271 2209 1337 animo,

624 1356 767 1409 haud
794 1366 971 1410 tamen
999 1366 1183 1411 mente
1207 1358 1457 1412 turbatus
1483 1368 1588 1422 est,
1614 1362 1707 1414 sed
1739 1362 1836 1414 vlri
1867 1363 1975 1432 18
1998 1373 2208 1417 tantum

623 1446 866 1511 ingratos
891 1460 1075 1502 mores
1105 1447 1429 1513 detestatus,
1450 1448 1554 1503 leni
1580 1452 1736 1519 quasi
1756 1467 1982 1507 susurro
2005 1454 2209 1510 bonum

2317 528 2595 598 διάκρισιν
2634 526 2745 581 τῶν
2794 525 3071 593 εὐσεϐῶν,
3122 524 3481 596 ἀλλοτρίωσιν
3524 522 3585 577 δέ
3634 524 3730 577 καὶ
3775 522 3919 575 άπο·

2317 621 2446 692 ποίη
2455 638 2539 675 σιν
2567 620 2677 675 τῶν
2710 618 2922 674 κακῶν.

2388 798 2453 854 θ’.
2501 800 2672 854 Οὔπω
2714 799 2824 870 γὰρ
2870 798 3049 869 πέρας
3098 799 3259 869 έσχον
3300 800 3351 853 οἱ
3390 799 3539 867 λόγοι
3565 840 3581 863 ,
3619 798 3714 851 καὶ
3752 798 3919 868 φήμη

2317 892 2625 963 προθέουσα
2654 893 2755 962 τὴν
2799 890 2895 944 τοῦ
2939 891 3210 961 τυράννου
3253 892 3493 961 ἐμήνυεν
3526 890 3914 960 ἀναγόρευσιν.

2317 984 2746 1055 Προσπεσούσης
2773 985 2831 1038 δέ
2856 983 3087 1055 ταύτης,
3117 985 3152 1054 ἡ
3188 984 3288 1054 μέν
3313 983 3469 1046 πόλις
3501 982 3640 1053 πρὸς
3668 980 3920 1036 τοιοῦτον

2316 1078 2571 1149 ἄγγελμα
2605 1078 2804 1148 μικροῦ
2830 1078 2941 1131 δεῖν
2970 1078 3191 1147 ἔκφρων
3220 1077 3491 1146 γενομένη
3525 1077 3679 1145 μόλις
3710 1077 3919 1145 ἑαυτὴν

2318 1174 2594 1241 συνεῖχεν,
2629 1172 2759 1232 τοὺς
2806 1170 3108 1240 ἐμφυλίους
3147 1168 3573 1241 κατορρωδοῦσα
3610 1168 3915 1238 πολέμους,

2315 1266 2376 1331 ἐξ
2408 1260 2470 1320 οὗ
2502 1264 2762 1324 πολλάκις
2794 1262 3087 1335 αὔτανδροι
3125 1264 3313 1327 πόλεις
3352 1260 3879 1332 κατεϐαπτίσθησαν
3901 1277 3917 1291 ·

2313 1359 2343 1411 ὁ
2371 1356 2417 1408 δ’
2448 1355 2810 1425 αὐτοκράτωρ
2842 1354 3124 1425 ἐξεπλήγη
3162 1354 3263 1424 μὲν
3290 1355 3391 1424 τὴν
3416 1353 3623 1424 ψυχὴν,
3657 1354 3759 1407 οὐκ
3792 1353 3923 1405 ἐτα-

2315 1448 2491 1520 ράχθη
2522 1447 2580 1500 δὲ
2610 1448 2710 1517 τὴν
2745 1448 2999 1517 γνώμην,
3048 1446 3134 1519 [Ρ.
3169 1446 3262 1518 l2]
3295 1447 3413 1500 ἀλλ’
3448 1445 3781 1516 ἀχαριστίαν
3813 1445 3923 1499 αὗ-

621 1539 774 1592 aiens
804 1538 1035 1609 obsequi
1054 1541 1254 1595 divinae
1276 1542 1562 1608 voluntati,
1593 1558 1795 1612 pavore
1821 1560 1884 1599 ac
1902 1546 2211 1603 turbatione

2322 1542 2406 1594 τοῦ
2457 1540 2619 1610 μόνον
2657 1540 3066 1608 κατεγνωκὼς,
3110 1538 3297 1609 ἡρέμα
3342 1555 3457 1601 πως
3508 1537 3922 1608 ὑποψιθυρίσας

622 1632 814 1685 urbem
871 1631 1169 1687 liberavit:
1212 1648 1440 1687 cunctos
1479 1636 1730 1690 hortatus
1758 1647 1811 1690 ut
1855 1648 2090 1707 tyranno
2118 1656 2210 1694 ve-

622 1722 789 1776 nienti
816 1732 1132 1790 occurrant,
1165 1738 1274 1789 quo
1312 1725 1572 1780 nimirum
1610 1728 1762 1781 nullo
1795 1729 1998 1783 civium
2030 1732 2208 1799 pollu-

622 1822 729 1866 tam
788 1828 985 1868 cruore
1041 1829 1105 1868 ac
1171 1816 1502 1871 incolumem
1559 1818 1834 1873 civitatem
1886 1824 2208 1877 custodiret.

620 1900 795 1959 Porro
838 1907 1117 1961 nonnullis
1170 1909 1519 1964 hortantibus
1567 1920 1625 1965 nt
1660 1910 1783 1966 forti
1816 1914 2004 1968 animo
2055 1915 2215 1969 malis

620 1999 914 2053 obsisteret
938 2015 1229 2071 pugnaque
1242 2017 1365 2055 cum
1390 2011 1623 2073 tyranno
1640 2004 1981 2068 decerneret.
2002 2022 2064 2061 ac
2089 2024 2214 2063 cum

622 2092 659 2145 ii
720 2092 907 2147 ﬁrmos
954 2107 1014 2148 se
1056 2109 1121 2148 ac
1166 2106 1485 2153 constantes
1524 2100 1749 2155 tuendis
1795 2102 2216 2160 clementissimi

622 2184 834 2254 fideque
863 2190 1177 2255 praestantis
1208 2189 1556 2257 imperatoris
1606 2193 1853 2258 partibus
1896 2194 2013 2250 fore
2046 2197 2217 2266 ,polli-

618 2286 895 2345 cerentur,
951 2282 1085 2349 quin
1133 2293 1187 2335 et
1226 2282 1341 2350 ipsa
1387 2284 1538 2340 illius
1587 2300 1727 2340 uxor
1786 2286 2048 2359 Proeopia
2100 2306 2215 2345 rem

622 2371 901 2439 probaret,
937 2389 1146 2427 necnon
1175 2374 1405 2430 Michael
1438 2378 1664 2447 quidam
1693 2379 2041 2447 Amalecites,
2059 2384 2219 2453 cujus

618 2472 738 2516 tum
772 2464 823 2516 in
859 2466 981 2519 aula
1012 2470 1427 2533 protostratoris
1459 2486 1661 2526 munus
1683 2483 1847 2537 esset,
1880 2475 2025 2528 nolle
2048 2492 2109 2530 se
2138 2478 2221 2531 ait

622 2556 913 2624 imperium
958 2558 1215 2614 fraternis
1254 2562 1495 2618 caedibus
1531 2575 1900 2619 cruentatum.
1936 2566 2219 2633 Quamob-

623 2663 739 2702 retn
801 2651 971 2703 etiam
1013 2651 1229 2705 cuidam
1263 2654 1592 2709 larnulorum
1633 2657 1956 2712 ﬁdelissimo
2002 2661 2220 2718 traditis

622 2743 1002 2811 imperialibus
1026 2745 1358 2815 quibusdam
1409 2751 1751 2805 ornamentis
1798 2767 1863 2806 ac
1910 2753 2221 2823 insignibus

623 2830 860 2887 Leonem
888 2834 1041 2889 adire
1056 2846 1222 2904 atque
1251 2838 1298 2891 ei
1323 2839 1535 2894 deferre
1557 2842 1755 2911 coegit.
1784 2842 1861 2897 Ea
1884 2861 1942 2898 re
1970 2846 2223 2917 indigna-

623 2924 859 2980 bundam
908 2927 1029 2995 ejus
1073 2930 1363 3001 coniugem
1409 2932 1730 3002 Procopiam
1790 2951 1856 2991 ac
1901 2937 2223 2994 bacchantis

622 3032 761 3087 pene
793 3018 1029 3072 similem
1070 3022 1411 3077 exclamasse
1451 3025 1607 3079 aiunt
1642 3027 1924 3097 indignum
1955 3044 2018 3084 ac
2057 3047 2222 3102 grave

2310 1635 2386 1697 ὡς
2421 1634 2588 1688 καλὸν
2612 1632 2691 1702 τῷ
2718 1632 2849 1700 θείῳ
2878 1630 3148 1700 θελήματι
3175 1629 3432 1695 ἔπεσθαι,
3471 1631 3674 1701 ἀφῄρει
3696 1629 3793 1699 τῆς
3820 1631 3925 1682 πόο

2311 1730 2449 1791 λεως
2482 1729 2543 1782 τὸ
2574 1725 2922 1798 περιθαμϐὲς
2958 1725 3058 1779 καὶ
3093 1723 3449 1796 ταραχῶδες,
3492 1723 3742 1786 ἅπαντας
3782 1740 3923 1794 προ-

2314 1822 2658 1893 τρεψάμενος
2680 1820 2927 1891 χωρῆσαι
2948 1822 3139 1872 τούτου
3163 1820 3298 1889 πρὸς
3318 1818 3592 1887 ἀπαντὴν,
3617 1816 3705 1869 ῖνα
3725 1816 3923 1887 μένου-

2320 1933 2419 1969 σαν
2444 1913 2595 1986 σώζῃ
2626 1912 2725 1985 τὴν
2748 1913 2948 1967 ἐαυτοῦ
2976 1911 3134 1965 πόλιν
3167 1910 3436 1981 ἐμφυλίου
3459 1910 3694 1980 αἵματος
3712 1910 3923 1981 ἄχραν-

2318 2008 2411 2061 τόν
2458 2024 2520 2061 τε
2574 2006 2671 2060 καὶ
2707 2006 2981 2077 καθαράν.
3040 2002 3329 2058 Ἷστασθαι
3364 2003 3421 2058 δέ
3458 2020 3624 2056 τινων
3671 2002 3810 2072 πρὸς
3849 2002 3926 2055 τὰ

2318 2099 2467 2153 δεινὰ
2498 2100 2593 2152 καὶ
2624 2099 2763 2171 πρὸς
2788 2098 2880 2151 τὸν
2907 2098 2998 2151 διὰ
3031 2096 3214 2166 μάχης
3242 2095 3432 2165 ἀγῶνα
3463 2094 3926 2167 παρακελευομέ-

2320 2213 2429 2248 νιυν
2468 2196 2690 2265 χωρεῖν,
2740 2193 2836 2246 καὶ
2887 2192 3072 2262 μένειν
3105 2190 3289 2245 αὐτῶν
3340 2188 3793 2259 ὑπισχνουμένων
3828 2188 3926 2258 βε-

2320 2286 2496 2339 ϐαίων
2541 2286 2684 2356 ὑπὲρ
2724 2284 2995 2355 βασιλέως
3040 2282 3219 2352 πράου
3261 2300 3322 2335 τε
3370 2282 3469 2338 καὶ
3508 2280 3739 2346 πιστοῦ,
3784 2280 3927 2335 ἀλλὰ

2320 2379 2417 2432 καί
2443 2378 2615 2447 αὐτῆς
2655 2375 3069 2445 άποδεχομένης
3096 2374 3258 2428 τοῦτο
3286 2374 3387 2444 τῆς
3427 2375 3678 2444 γαμετῆς
3708 2373 3926 2441 Προκο-

2320 2472 2453 2536 πίας
2483 2474 2581 2525 καὶ
2621 2470 2881 2540 Μανουῆλ
2917 2486 3066 2531 τινος
3098 2468 3208 2521 τῶν
3246 2467 3305 2532 ἐξ
3352 2465 3741 2537 Ἀμαληκιτῶν
3770 2482 3927 2536 πρω-

2319 2564 2681 2635 τοστράτορος
2716 2562 3023 2632 τηνικαῦτα
3064 2560 3452 2630 τυγχάνοντος,
3494 2559 3596 2612 οὐκ
3639 2557 3746 2629 ἔφη
3785 2554 3926 2628 χρῄ-

2321 2657 2438 2724 ζειν
2483 2656 2583 2727 τὴν
2618 2653 2901 2725 βασιλείαν
2943 2656 3140 2723 αἵμασι
3177 2655 3217 2686 "
3267 2652 3719 2725 καταρρεομένην
3767 2649 3928 2704 άδελο

2321 2748 2524 2817 φικοῖς.
2568 2747 2734 2799 Ὅθεν
2781 2744 2875 2798 καί
2920 2762 3031 2797 τινι
3080 2744 3190 2798 τῶν
3239 2744 3381 2816 πρὸς
3424 2743 3723 2812 θεραπείαν
3754 2740 3927 2796 αὐτοῦ

2320 2839 2563 2907 γνησίων
2598 2836 2907 2907 παράσημά
2936 2853 3059 2889 τινα
3099 2837 3227 2899 δοὺς
3258 2837 3359 2906 τῆς
3405 2833 3686 2904 βασιλείας
3720 2834 3921 2902 φοιτᾷν

2322 2931 2503 2983 ἐκεῖσε
2538 2928 2880 2994 ἐξεὸιάσατο.
2936 2928 3052 2996 Ἐφ’
3095 2922 3180 2989 οἷς
3211 2926 3308 2980 καὶ
3347 2925 3794 2997 δεινοπαθήσασα
3828 2923 3931 2977 καὶ

2322 3014 2436 3072 οἷον
2465 3018 2901 3088 ἐκϐακχευθεῖσα
2930 3020 2965 3089 ἠ
2998 3016 3195 3071 τούτου
3228 3017 3295 3088 δὴ
3324 3015 3544 3088 γαμετὴ
3573 3015 3745 3069 δεινὸν
3772 3015 3932 3082 λέγε-

623 3108 669 3163 si
697 3104 867 3162 Barca
897 3110 1001 3177 (sic
1036 3108 1235 3167 Leonis
1262 3130 1488 3168 uxorem
1516 3118 1767 3171 convicio
1802 3128 2029 3188 vocans)
2056 3123 2218 3192 capiti

2323 3128 2414 3164 ται
2448 3113 2781 3183 ἀνακραγεῖν
2807 3152 2823 3176 ,
2860 3112 2910 3164 εἰ
2946 3111 3135 3181 Βάρκα
3179 3109 3349 3181 (οὕτω
3386 3109 3451 3180 δὴ
3477 3110 3540 3162 τὸ
3568 3108 3664 3162 τοῦ
3697 3108 3931 3170 Λέοντος

625 3200 925 3256 modiolnm
952 3203 1275 3272 imponeret.
1305 3208 1374 3261 At
1397 3208 1487 3263 ille
1505 3211 1872 3268 severioribus
1896 3214 2079 3268 verbis
2101 3230 2221 3268 eam

620 3292 923 3360 castigans,
968 3310 1137 3364 seque
1179 3306 1354 3351 totum
1392 3299 1500 3354 Dee
1542 3303 1934 3368 committens,
1971 3304 2219 3359 futurum

621 3386 701 3439 rei
733 3397 985 3442 eventum
1019 3392 1456 3457 przestolabatnr.
1490 3393 1611 3448 Jatn
1641 3397 1788 3450 enim
1832 3399 2224 3468 percrebuerat

626 3493 815 3533 rumor
862 3482 1173 3551 ingressum
1215 3494 1512 3554 tyrannum
1561 3504 1659 3558 per
1686 3491 1928 3545 Auream
1977 3501 2217 3562 portam,

623 3587 958 3643 onmemque
1007 3586 1261 3630 senatum
1305 3579 1372 3631 ad
1412 3594 1601 3635 sacras
1644 3584 2007 3650 pra‘cursoris
2055 3585 2223 3649 aedes,

625 3666 805 3721 Studii
859 3682 1024 3735 opera
1075 3683 1105 3722 a
1162 3668 1534 3725 luticlamcntis
1586 3684 1933 3738 exstructas,
2004 3677 2224 3731 obviam

624 3760 967 3828 processisse
995 3802 1010 3826 ,
1043 3775 1107 3816 ac
1136 3762 1352 3831 supinis
1388 3765 1645 3820 manibus
1680 3767 1873 3836 plausu
1918 3767 2226 3840 faustisque

623 3850 904 3906 ominibus
965 3852 1020 3906 in
1077 3853 1268 3909 urbem
1327 3858 1582 3925 excipere
1627 3874 1694 3914 ac
1739 3859 2030 3917 deducere.
2084 3861 2221 3916 Cum

624 3953 808 3996 autem
831 3944 895 3998 ad
924 3945 1186 4014 palatium
1209 3946 1322 4017 jam
1344 3951 1828 4020 appropinquaret,
1854 3954 2015 4024 eique
2034 3969 2221 4009 coram

626 4033 813 4088 divina
841 4036 949 4106 19
975 4035 1067 4091 Dei
1098 4037 1263 4094 Verbi
1294 4051 1516 4110 propter
1546 4058 1643 4098 nos
1663 4044 1789 4097 facti
1808 4046 2050 4101 hominis
2081 4047 2222 4100 ima-

624 4126 749 4192 gine
774 4165 791 4191 ,
827 4126 894 4178 ad
933 4126 1113 4181 locum
1146 4144 1310 4198 quem
1339 4129 1596 4186 Chalccm
1630 4144 1848 4199 vocant,
1880 4144 2007 4189 vota
2042 4135 2225 4189 reddi-

625 4227 751 4271 turo
800 4218 1071 4289 tantisper
1115 4222 1531 4278 consistendum
1576 4237 1745 4289 esset,
1806 4228 1952 4298 quod
2006 4229 2224 4299 punicei

623 4310 826 4365 coloris
853 4312 1073 4365 brevem
1097 4314 1395 4382 quamdam
1427 4327 1637 4371 vestent
1661 4320 1885 4374 militari
1920 4336 2076 4375 more
2106 4322 2222 4377 dis-

623 4402 859 4455 cinctam
893 4411 1131 4470 gestaret
1163 4404 1180 4473 (
1215 4406 1459 4473 aquilam
1495 4418 1714 4474 vocant,
1754 4410 1873 4464 sive
1914 4425 2087 4477 mare,
2123 4412 2219 4480 qui

625 4495 677 4549 in
710 4496 797 4551 his
842 4496 1173 4567 elegantiam
1220 4500 1455 4569 colunt),
1486 4516 1607 4555 eam
1636 4518 1761 4557 mox
1802 4505 1957 4559 exuit
1989 4520 2005 4570 ;
2051 4520 2216 4575 quam
2245 4484 2298 4543 Ῑ)

625 4590 797 4653 ipsam
839 4589 894 4643 in
939 4604 1139 4643 manus
1164 4604 1448 4663 acceptam
1493 4594 1721 4649 Michael
1750 4612 1818 4650 ex
1848 4598 2048 4667 lingua:
2087 4598 2220 4653 vitio

624 4678 774 4735 Balbi
823 4697 1127 4753 cognomen
1166 4684 1417 4753 adeptus,
1454 4686 1657 4742 Leonis
1714 4698 1848 4743 tunc
1895 4690 2216 4759 praefectum

620 4773 821 4827 stabuli
856 4790 1047 4845 agens,
1090 4777 1235 4832 illico
1271 4778 1468 4833 induit.
1508 4779 1635 4835 Fuit
1670 4782 1779 4837 hoc
1803 4784 1993 4839 multis
2018 4784 2220 4841 ominis

623 4862 767 4929 luco,
814 4866 930 4923 fore
961 4879 1019 4923 ut
1067 4868 1296 4925 Michael
1334 4872 1566 4940 imperio
1611 4875 1854 4944 regendo
1892 4874 2062 4930 Leoni
2091 4893 2221 4932 suc-

621 4974 810 5014 cessor
829 4972 999 5017 esset.
1026 4960 1125 5016 Ubi
1148 4974 1331 5019 autem
1361 4966 1428 5020 ad
1453 4965 1613 5038 Scyla
1638 4978 1908 5023 venerunt
1931 4970 2110 5039 (locus
2135 4978 2221 5026 est

622 5051 705 5106 sic
734 5053 917 5108 dictus
947 5055 1001 5109 in
1028 5056 1277 5123 ingressu
1311 5060 1545 5130 palatii),
1578 5076 1816 5131 sequens
1838 5078 1868 5117 a
1898 5074 2050 5133 tergo
2076 5064 2216 5118 idem

622 5144 849 5202 Michael
871 5148 1000 5202 dum
1022 5150 1300 5205 incautius
1321 5153 1572 5221 graditur
1591 5168 1656 5208 ac
1671 5156 1906 5209 celerius
1924 5157 2221 5225 praeeuntis

621 5242 850 5310 vestigia
881 5244 1099 5311 premit,
1122 5247 1357 5301 summis
1374 5247 1604 5315 pedibus
1621 5262 1686 5302 ac
1710 5249 1959 5303 articulis
1980 5249 2220 5319 impera-

622 5332 779 5386 ιρι-ιλιι
808 5334 979 5389 vestis
1006 5350 1159 5389 oram
1198 5337 1452 5399 calcavit,
1484 5338 1558 5391 ita
1595 5348 1653 5392 ut
1682 5338 1799 5405 ipse
1825 5338 1938 5394 Leo
1983 5342 2221 5397 senserit

622 5426 1050 5497 :nulaciorisquc
1077 5430 1281 5499 aliquid
1315 5431 1575 5486 facinoris
1601 5432 1672 5486 ab
1694 5447 1761 5486 eo
1786 5436 2217 5504 exspectandum

619 5520 897 5575 mninatns
936 5523 1009 5576 sit
1039 5540 1055 5587 ;
1086 5527 1231 5593 quod
1263 5535 1318 5579 et
1350 5535 1535 5595 postea
1568 5526 1790 5582 accidit.

698 5614 782 5687 lQ.
811 5614 964 5671 Tunc
992 5617 1221 5675 Michael
1249 5617 1430 5676 Leone
1452 5622 1721 5691 ingresso,
1743 5637 1850 5676 una
1876 5636 2002 5677 cum
2027 5623 2217 5683 liberis

2326 3205 2606 3258 καλέσασα
2643 3205 2901 3273 γύναιον)
2937 3206 3005 3273 τῇ
3042 3202 3255 3273 κεφαλῇ
3287 3202 3531 3256 ἐπίθοιτο
3559 3201 3621 3254 τὸ
3662 3200 3930 3271 μοδίολον.

2338 3296 2399 3348 '0
2453 3296 2511 3349 δὲ
2578 3298 2832 3366 στερροῖς
2891 3294 3075 3363 λόγοις
3120 3294 3332 3363 ταύτην
3383 3294 3801 3365 ἐπιρῤαπίσας,
3834 3293 3935 3345 καὶ

2325 3390 2448 3443 ὅλον
2474 3390 2538 3458 δὴ
2564 3389 2786 3451 ἀναθεὶς
2817 3388 3013 3441 ἐαυτὸν
3043 3387 3122 3455 τῷ
3160 3385 3305 3456 Θεῷ,
3338 3385 3667 3457 ἐκαραδόκει
3692 3385 3762 3438 τὰ
3791 3383 3933 3454 μέλ·

2327 3483 2509 3536 λοντα.
2556 3483 2719 3551 ’Λρτι
2748 3479 2882 3549 γοῦν
2912 3478 3322 3550 κατηγγέλλετο
3352 3479 3447 3532 τὸν
3473 3478 3739 3548 τύραννον
3766 3477 3935 3531 εἰσιέ-

2327 3595 2417 3632 ναι
2442 3576 2531 3631 διὰ
2558 3575 2735 3646 πύλης
2775 3577 2874 3645 τῆς
2903 3574 3276 3644 χρυσηλάτου,
3310 3574 3407 3627 καὶ
3434 3574 3586 3628 πᾶσα
3621 3574 3653 3643 ἡ
3684 3572 3933 3643 σύγκλη-

2325 3687 2417 3732 τος
2437 3669 2581 3723 κατὰ
2604 3669 2698 3721 τὸν
2728 3668 2872 3720 θεῖον
2892 3665 2986 3720 τοῦ
3016 3667 3336 3738 Προδρόμου
3364 3666 3525 3732 νεὼν,
3552 3665 3612 3718 ὃν
3633 3668 3662 3719 ό
3682 3663 3937 3728 Στούδιος

2326 3764 2390 3814 ἐκ
2429 3760 2645 3829 βάθρων
2684 3761 3011 3831 ἀνήγειρεν,
3045 3760 3270 3831 ἀπήντα
3316 3759 3413 3814 καλ⁵
3451 3759 3675 3823 ὑπτίαις
3709 3758 3936 3827 ἐδέχετο

2325 3858 2446 3919 ταῖς
2466 3855 2647 3926 χερσὶ,
2679 3855 3089 3925 προπέμπουσά
3115 3872 3178 3908 τε
3200 3854 3297 3908 και⁷
3328 3852 3711 3916 ἐπιθειάζουσα.
3758 3852 3845 3916 Ὧς
3874 3850 3939 3905 δὲ

2324 3948 2438 4009 τοῖς
2486 3945 2783 4015 βασιλείοις
2816 3943 3016 4016 ἤγγιζε
3063 3948 3162 3999 καὶ
3214 3944 3357 3998 κατὰ
3397 3944 3691 4015 πρόσωπον
3718 3942 3786 4011 δὴ
3830 3939 3939 4011 τῆς

2326 4039 2479 4101 θείας
2512 4039 2724 4102 εἰκόνος
2771 4040 2867 4092 τοῦ
2904 4039 2975 4092 δι’
3015 4039 3167 4109 ἡμᾶς
3217 4038 3747 4108 ἐνανθρωπήσαντος
3791 4034 3937 4089 Θεοῦ

2324 4133 2524 4201 Λόγου,
2543 4132 2688 4186 κατὰ
2699 4133 2793 4186 τὸν
2810 4130 2957 4185 οὕτω
2970 4130 3484 4201 κατονομαζόμενον
3500 4130 3666 4184 τόπον
3685 4126 3937 4197 Χαλκῆνε

2325 4225 2519 4294 ἔμελλε
2555 4226 2747 4297 στῆναι
2777 4224 2878 4289 τὰς
2913 4224 3082 4295 εὐχὰς
3122 4223 3461 4289 ἀποδώσων,
3497 4221 3622 4277 ἐπεί
3654 4238 3708 4275 τι
3756 4238 3937 4288 φοινι-

2325 4321 2565 4391 κοὸαφές
2598 4318 2885 4387 θοιμάτιον
2917 4318 3062 4370 κατά
3092 4333 3147 4369 τι
3186 4314 3587 4389 στρατιωτικὸν
3631 4313 3754 4377 ἐθος
3784 4312 3940 4378 ἄζω-

2328 4431 2454 4468 στον
2494 4414 2808 4483 ἐπημφίετο
2839 4410 3041 4479 (ἀετὸν
3074 4409 3235 4464 τοῦτο
3275 4406 3541 4462 καλοῦσιν
3583 4407 3617 4477 ἢ
3651 4406 3942 4461 θάλασσαν

2324 4510 2377 4560 οί
2399 4507 2532 4578 περὶ⁵
2554 4505 2730 4559 ταῦτα
2760 4502 3022 4574 κομψοὶ),
3049 4500 3211 4555 τοῦτο
3245 4500 3347 4572 μέν
3377 4500 3580 4555 αὐτίκα
3613 4498 3939 4570 ἀπαμφιέν-

2326 4618 2505 4665 νυται,
2538 4600 2635 4653 καὶ
2659 4598 2883 4667 Μιχαὴλ
2908 4600 2937 4649 ὁ
2959 4599 3059 4665 τὴν
3086 4596 3337 4663 γλῶτταν
3361 4594 3547 4666 φέρων
3568 4594 3937 4663 παράσημον,

2328 4692 2671 4763 ἐπιμελητὴς
2698 4689 2808 4743 τῶν
2842 4688 2939 4743 τοῦ
2974 4692 3205 4751 Λέοντος
3234 4689 3421 4743 ἵππων
3459 4685 3765 4757 τηνικαῦτα
3797 4702 3941 4751 τυγ-

2328 4784 2532 4855 χάνων,
2587 4781 2683 4834 ἐπὶ
2727 4781 2917 4850 χεῖρας
2966 4776 3151 4832 λαϐὼν
3196 4774 3445 4845 αὑθωρὸν
3490 4773 3938 4844 ἐπαμπὶσχεται.

2331 4874 2553 4941 Ἐὄοξεν
2599 4873 2694 4927 οὖν
2735 4873 2896 4926 τοῦτο
2942 4874 3058 4934 τοῖς
3105 4869 3325 4934 πολλοῖς
3368 4868 3560 4931 οἰωνὸς
3611 4868 3674 4934 ἐξ
3715 4866 3941 4920 ἐκείνου

2322 4968 2580 5039 δεύτερον
2632 4965 2733 5034 τῆς
2791 4963 3071 5035 βασιλείας
3127 4964 3339 5032 τυχεῖν.
3409 4962 3498 5024 Ὠς
3551 4958 3609 5012 δέ
3664 4958 3808 5012 κατὰ
3861 4959 3943 5011 τὰ

2324 5061 2509 5115 Σκῦλα
2535 5060 2582 5091 ⁸⁸
2616 5059 2888 5128 ἐγένοντο,
2912 5057 3058 5111 οὕτω
3083 5056 3148 5127 δή
3181 5073 3305 5109 τινα
3329 5055 3497 5108 τόπον
3522 5052 3669 5106 κατὰ
3698 5052 3799 5114 τὰς
3826 5050 3937 5120 βα-

2325 5157 2561 5218 σιλείους
2586 5155 2829 5217 εἰσόδους
2864 5153 3185 5222 λεγόμενον,
3214 5149 3477 5220 ἀκρατῶς
3507 5166 3626 5212 πως
3652 5146 3938 5216 ἐπιρρέων

2326 5252 2423 5306 καὶ
2455 5250 2578 5303 κατ’
2622 5249 2771 5318 ῐχνος
2805 5247 2946 5300 θέων
2986 5244 3155 5299 αὐτοῦ
3194 5244 3257 5297 τὸ
3291 5243 3429 5314 πρὸς
3477 5244 3545 5313 τῇ
3586 5239 3727 5311 πέζῃ
3763 5239 3938 5307 λῆγον

2326 5343 2421 5397 τοῦ
2448 5342 2667 5412 ἱματίου
2694 5341 2889 5411 ἄκροις
2910 5337 3085 5405 ἐπέϐη
3116 5338 3299 5402 ποσὶν,
3324 5335 3400 5398 ὡς
3426 5335 3524 5389 καὶ¹
3550 5332 3715 5389 αὐτόν
3736 5330 3938 5385 αἰσθάο

2326 5438 2519 5493 νεσθαι
2562 5436 2658 5489 τὸν
2688 5435 2898 5488 Λέοντα
2946 5432 3039 5485 καί
3086 5449 3210 5485 τινα
3254 5428 3568 5501 παράϐολον
3606 5426 3821 5494 κίνησιν
3868 5422 3939 5487 ἐξ

2326 5533 2495 5588 αὑτοῦ
2521 5529 2857 5601 προσὼκᾷν.
2890 5526 3065 5579 Τοῦτο
3101 5527 3201 5595 μὲν
3229 5520 3323 5578 οὖν
3351 5522 3581 5594 ⁸ὑστερον
3612 5519 3852 5588 ἐγένετο.

2402 5634 2454 5680 ι’.
2483 5625 2618 5679 Τότε
2652 5623 2708 5677 δὲ
2744 5621 2833 5675 τοῦ
2866 5621 3094 5684 Λέοντος
3128 5617 3510 5686 ἐπιφανέντος,
3548 5611 3770 5685 Μιχαὴλ
3812 5610 3935 5679 ἅμα

1927 5715 2164 5777 VARI}:
2192 5720 2599 5782 LECTIONES.

700 5807 738 5833 ί’³
772 5803 897 5857 ἰδεῖν
932 5805 1159 5873 signos’
1237 5808 1276 5838 ”‘
1446 5808 1621 5860 Σκὺλα
1659 5806 1694 5861 Ρ
1731 5807 1842 5862 .cl.
1884 5808 1915 5861 ι
1956 5809 2037 5865 l9.
