4158 6442
145 393 197 452 33
1262 400 1409 461 LIB.
1447 398 1496 459 Ι.
1538 422 1606 433 -
1637 394 1783 457 LEO
1816 395 2240 457 ARMENIUS.
3315 392 3387 458 3’t

147 511 271 566 παισί
308 529 367 565 τε
400 512 498 567 καὶ
529 512 752 583 γυναικὶ
777 514 878 586 τὴν
906 516 1086 587 κόμην
1127 515 1457 588 ἀποθέμενοι
1489 517 1627 587 πρὸς
1657 516 1717 567 τὸ

1829 524 1986 583 atque
2018 529 2207 577 uxore,
2242 512 2469 567 detonsa
2503 525 2655 567 coma
2692 510 2759 566 ad
2795 509 2888 565 Dei
2930 508 3219 565 delubrum
3250 525 3405 565 sece-

142 604 213 658 τοῦ
257 602 395 657 Θεοῦ
434 605 824 676 τεμένισμα¹¹,
860 605 947 680 [Ρ.
993 606 1084 678 15]
1123 607 1150 660 6
1182 608 1359 678 Φάρος
1402 605 1712 674 κατονομά-

145 696 265 759 ζεται
314 694 424 748 ἀπὸ
471 694 570 748 τοῦ
615 696 731 764 φῶς
789 697 1056 751 ἀνάπτειν
1106 698 1242 751 πᾶσι
1280 698 1376 751 καὶ
1422 697 1567 751 κατὰ
1615 696 1715 758 τὰς

144 789 315 850 νύκτας
348 791 715 859 χειραγωγεῖν
749 790 841 842 ἐπὶ
873 791 1205 858 καταγωγὰς
1233 806 1390 854 τινας
1421 788 1710 856 ἀσφαλεῖς,

144 874 408 945 ἀντίμιμον
435 876 528 929 τοῦ
567 877 708 930 κατὰ
752 877 851 948 τὴν
905 878 1317 950 Ἀλεξάνδρειαν
1355 880 1486 934 ὄντα
1528 896 1586 932 τε
1621 880 1715 932 καὶ

147 966 435 1035 λεγόμενον,
459 969 559 1039 τὴν
582 969 747 1023 αὑτοῦ
769 969 1063 1041 εὐμένειαν
1083 976 1254 1044 χωρεί
1280 971 1711 1042 ἐκκαλούμενος.

156 1058 200 1113 Ὀ
225 1059 274 1113 δέ
310 1062 543 1130 συλῆσαι
582 1061 682 1131 μὲν
710 1064 775 1116 ἐκ
807 1062 945 1116 Θεοῦ
973 1063 1069 1117 καὶ
1099 1064 1306 1135 ἔρημον
1333 1063 1508 1119 θεῖναι
1537 1064 1713 1133 ψυχῆς

144 1154 222 1205 οῦκ
262 1154 321 1207 ἐν
363 1153 519 1224 καλῷ
573 1154 822 1225 θέμενος,
870 1157 1077 1210 ἐκεῖνον
1119 1158 1219 1226 μὲν
1254 1159 1313 1209 ἐν
1346 1161 1413 1229 τῇ
1462 1156 1712 1230 Πλάτῃ²¹

144 1248 261 1316 νήσῳ
290 1245 591 1316 ὑπερόριον
635 1246 752 1310 θεὶς
790 1246 1089 1318 ἡσυχάζειν
1132 1248 1439 1320 ἐπέτρεψεν
1466 1292 1481 1317 ,
1513 1252 1715 1324 χρυσόν

144 1354 242 1391 τινα
269 1338 392 1391 κατ’
436 1339 557 1401 ἔτος
590 1341 966 1412 ἐπιχορηγῶν,
1006 1342 1160 1396 ἐνθεν
1194 1344 1291 1396 καὶ
1326 1344 1389 1397 τὸ
1421 1345 1715 1414 μοναχικὸν

148 1431 299 1501 σχῆμα
327 1430 565 1485 λαϐόντα
594 1434 689 1487 καὶ
731 1434 1051 1488 Ἀθανάσιον
1084 1436 1567 1504 μετονομασθέντα
1594 1440 1716 1489 ἐπι-

148 1521 306 1576 ϐιῶναί
339 1539 510 1590 φασιν
540 1520 637 1595 ἐτη
667 1524 764 1577 δύο
801 1525 893 1577 καὶ
923 1525 1240 1595 τριάκοντα.
1268 1527 1445 1596 Συνῆν
1478 1528 1534 1580 δὲ
1566 1527 1717 1598 αύτῷ

147 1617 222 1668 καὶ
252 1615 589 1685 Εὑστράτιος
619 1618 648 1669 6
692 1618 808 1680 υἱὸς
835 1617 1028 1684 αὑτοῦ,
1071 1620 1100 1672 6
1138 1620 1234 1672 καὶ
1278 1620 1587 1691 άποκαρεὶς
1622 1620 1718 1673 καὶ

149 1705 493 1776 εἰλνονχισθεὶς
530 1707 606 1760 ὢν
635 1709 773 1762 ἐτῶν
800 1710 977 1762 εἴκοσι
1007 1709 1305 1779 προστάξει
1338 1708 1433 1763 τοῦ
1465 1710 1713 1775 Λέοντος,

147 1800 222 1852 καὶ
249 1800 514 1869 Νικήτας,
545 1799 603 1864 ὃς
637 1802 908 1873 πρότερον
939 1802 1039 1871 μέν
1064 1804 1192 1865 παῖς
1216 1802 1293 1856 ὣν
1322 1802 1421 1872 τὴν
1452 1802 1559 1855 τῶν
1596 1803 1716 1856 ίκα-

149 1894 293 1947 νάτων
332 1892 544 1947 διεῖπεν
582 1894 793 1965 ἀρχὴν,
830 1894 930 1948 an
962 1893 1029 1965 δὴ
1075 1893 1251 1964 φίλιος
1284 1896 1399 1956 τοῖς
1436 1894 1718 1965 στρατιώ-

147 2002 245 2049 ταις
272 1987 362 2040 καὶ
401 1988 461 2040 ἐν
510 1987 768 2059 ὑπαίθρῳ
816 1986 1100 2056 διάγουσιν
1139 1983 1281 2041 εἷναί
1328 2006 1388 2041 τε
1427 1987 1597 2042 θέλων
1626 1988 1719 2041 καὶ

146 2078 234 2132 τῶν
255 2079 468 2133 πολλῶν
493 2082 838 2151 πραγμάτων
868 2080 1158 2151 ἔμπειρος,
1182 2082 1306 2135 τότε
1336 2082 1395 2135 δέ
1421 2083 1468 2114 ’³
1496 2082 1597 2151 τὴν
1628 2081 1720 2134 κό-

151 2188 239 2240 μην
260 2172 347 2225 καὶ
376 2172 546 2236 αὐτὸς
570 2171 909 2243 ἀποθέμενος
952 2171 1213 2240 Ἰγνάτιος
1238 2173 1490 2225 ἐκαλεῖτο
1516 2172 1612 2225 καὶ
1641 2170 1720 2241 τῷ

149 2264 293 2334 πατρὶ
315 2266 557 2319 συνεῖναι
589 2264 889 2334 ἐτύγχανεν
911 2263 990 2334 τῷ
1017 2266 1240 2335 μονήρει
1264 2264 1366 2334 βίῳ
1388 2262 1722 2334 προσκείμε-

148 2375 235 2422 νος.
256 2357 357 2428 Τὴν
378 2358 427 2411 δ’
450 2358 615 2412 αὐτοῦ
647 2358 905 2413 σύνευνον
926 2358 1277 2428 ἁπεσχοίνισε
1306 2356 1402 2410 καὶ
1428 2357 1652 2410 ἀπέσπα
1662 2374 1719 2410 σε

148 2453 227 2504 καὶ
254 2452 381 2522 ἓτρὺς
416 2452 518 2522 τὴν
552 2450 723 2523 μονὴν
759 2451 857 2523 τὴν
894 2452 1041 2505 οὓτω
1070 2452 1373 2521 λεγομένην
1407 2450 1722 2521 Προκοπίας

149 2544 452 2615 μετέθηκεν,
495 2547 677 2600 καίτοι
711 2562 774 2613 γε
804 2544 967 2599 τοῦτο
997 2545 1073 2616 μὴ
1115 2545 1373 2614 γενέσθαι
1422 2543 1597 2597 πολλὰ
1627 2542 1721 2597 τοῦ

146 2640 337 2712 Μιχαὴλ
381 2641 793 2704 ἱκετεύσαντος.
843 2641 957 2694 Καὶ
1001 2642 1031 2693 6
1074 2640 1173 2709 μὲν
1206 2637 1429 2710 Μιχαὴλ
1477 2636 1571 2691 τοῦ
1608 2636 1722 2707 βίου

145 2730 232 2795 ἔξω
266 2733 562 2801 γενόμενος
610 2732 743 2803 μηνὶ
784 2732 1109 2803 Ἰανουαρίῳ
1153 2729 1244 2797 ια’,
1285 2731 1397 2785 ἐτει
1440 2731 1602 2803 ⁸ς·τβ’,
1634 2732 1724 2785 τὸν

146 2824 253 2891 χοῦν
295 2826 640 2895 ἀποθέμενος
678 2826 737 2877 ἐν
776 2826 915 2894 αὑτῇ
972 2826 1041 2895 τῇ
1096 2824 1276 2895 νήσῳ,
1331 2826 1388 2877 ἐν
1439 2825 1519 2893 τῷ
1565 2823 1725 2893 δεξιῷ

148 2916 283 2986 μέρει
337 2917 443 2987 τῆς
496 2916 799 2986 ἐκκλησίας
852 2915 1146 2970 ἐτέθαπτοο
1199 2918 1229 2969 6
1280 2915 1617 2985 Εὑστράτιος
1668 2916 1725 2967 δέ

148 3008 268 3074 μετά
307 3008 406 3079 τὴν
442 3008 537 3062 τοῦ
574 3010 784 3079 πατρὸς
830 3008 1092 3077 τελευτὴν
1138 3008 1234 3078 ἐτη
1270 3007 1518 3069 ἐπιϐιοὺς
1563 3007 1726 3061 πέντε

145 3098 244 3169 [καὶ
270 3100 402 3154 δέκα
429 3100 499 3173 ⁸⁸]
546 3102 641 3155 καὶ
686 3100 850 3163 αὐτὸς
887 3100 1159 3169 ἐκοιμήθη
1210 3100 1354 3153 κατὰ
1392 3100 1491 3168 τὴν
1526 3107 1587 3152 ιε’
1630 3098 1724 3152 τοῦ

1817 604 1977 669 dunt,
2008 609 2154 675 quod
2195 604 2434 659 Pharum
2459 614 2657 659 vocant
2685 620 2746 659 ea
2771 604 3004 665 ratione,
3028 601 3172 672 quod
3190 602 3408 657 cunctis

1818 695 1995 751 lucem
2027 698 2289 752 accendat
2313 706 2593 765 noctuque
2625 699 2690 750 ad
2719 706 2899 751 certus
2923 696 3189 763 quasdam
3226 694 3411 748 statio-

1817 804 1915 844 nes
1947 789 2206 851 deducat.
2232 790 2396 845 Phari
2429 791 2580 845 illius
2606 791 2659 844 in
2692 788 2925 860 Egypto
2949 789 3180 843 celebris
3206 802 3406 842 nomen

1817 882 2042 937 imitans
2073 881 2423 951 olliciumque
2454 892 2745 954 praestans,
2783 881 2978 938 Leonis
3011 883 3122 938 illic
3148 891 3409 937 exoratu-

1817 990 1913 1030 rus
1942 976 2313 1030 clementiam.
2353 974 2444 1029 Ille
2484 991 2649 1047 porro
2675 977 2817 1030 haud
2848 990 2912 1030 ex
2944 976 3156 1031 honesti
3197 974 3411 1029 ratione

1816 1078 1973 1123 ratus
2015 1069 2337 1137 religionem
2368 1069 2473 1123 loci
2510 1071 2715 1124 violare
2744 1079 2839 1123 aut
2884 1069 2938 1123 in
2973 1085 3037 1123 eo
3069 1068 3410 1139 supplicibus

1818 1177 2005 1215 necem
2064 1161 2292 1225 inferre,
2356 1162 2511 1216 illum
2560 1164 2779 1233 quidem
2832 1164 2885 1217 in
2936 1162 3169 1217 insulam
3224 1161 3410 1216 Platen

1818 1257 2071 1325 relegans
2106 1258 2379 1327 privatum
2410 1258 2524 1311 illic
2561 1272 2722 1326 agere
2747 1258 2935 1326 jussit,
2975 1257 3094 1311 auri
3133 1270 3408 1310 summam

1818 1349 2117 1415 quotannis
2162 1349 2218 1401 in
2253 1349 2373 1417 ejus
2407 1357 2663 1416 sumptus
2700 1348 3130 1402 suliministrans
3166 1363 3179 1411 ;
3231 1349 3319 1400 ubi
3356 1354 3412 1400 et

1818 1439 2071 1492 monachi
2099 1439 2208 1508 20
2230 1449 2511 1509 assumpto
2535 1440 2722 1493 habitu
2744 1450 2908 1509 atque
2930 1439 3210 1493 Athanasii
3238 1437 3411 1492 indito

1821 1530 2041 1582 nomine
2069 1530 2135 1583 ad
2169 1545 2341 1582 annos
2372 1530 2512 1584 duos
2542 1544 2707 1600 supra
2743 1530 2960 1598 triginta
2992 1530 3193 1583 vixisse
3216 1528 3407 1582 fertur.

1822 1615 1949 1670 Erat
1972 1632 2096 1670 cum
2116 1634 2181 1672 eo
2197 1627 2251 1671 et
2283 1618 2592 1674 Eustratius
2614 1621 2735 1687 ejus
2762 1620 2925 1683 lilius,
2956 1620 3045 1688 qui
3078 1620 3193 1689 ipse
3214 1617 3413 1674 Leonis

1816 1708 1971 1775 jussu
1999 1710 2264 1764 detonsus
2278 1726 2343 1765 ac
2358 1712 2604 1766 virilibus
2622 1712 2854 1767 orbatus
2871 1721 2974 1778 est,
3005 1712 3183 1766 aetatis
3208 1727 3414 1766 annum

1823 1801 2150 1870 vigesimum
2172 1819 2365 1874 agens.
2396 1805 2613 1861 Nicetas
2637 1820 2877 1877 quoque,
2904 1808 2997 1877 qui
3022 1807 3173 1876 prius
3200 1804 3415 1860 adoles-

1822 1909 1954 1949 cens
1986 1893 2333 1950 lcanatorum
2371 1895 2756 1966 praefecturam
2792 1908 3057 1967 gesserat,
3088 1898 3289 1968 quippe
3322 1899 3415 1967 qui

1823 1987 1925 2042 hoc
1975 1998 2161 2056 ageret
2220 1999 2279 2044 ut
2330 1991 2563 2046 militum
2620 1992 2787 2058 inque
2833 1992 3177 2048 subdialibus
3220 1993 3416 2048 stativa

1822 2079 2140 2135 habentium
2174 2081 2412 2151 gratiam
2468 2083 2634 2137 iniret
2664 2084 2949 2154 multaque
2991 2099 3175 2138 rerum
3221 2084 3415 2153 peritia

1823 2172 2071 2242 polleret,
2108 2174 2223 2243 ipse
2252 2190 2475 2244 quoque
2523 2186 2653 2231 tunc
2682 2192 2837 2232 coma
2875 2178 3057 2246 posita
3088 2177 3282 2247 lgnatii
3313 2192 3417 2231 no-

1824 2280 1943 2320 men
1975 2267 2204 2336 accepit,
2246 2282 2587 2337 versansque
2621 2282 2745 2322 cum
2784 2279 2939 2337 patre
2965 2269 3219 2324 monachi
3249 2270 3416 2323 vitam

1822 2372 1930 2411 una
1956 2357 2214 2412 instituit.
2251 2358 2490 2413 Uxorem
2518 2374 2651 2413 vero
2678 2361 2748 2413 ab
2790 2360 2884 2414 illo
2910 2362 3225 2430 abjunetam
3254 2372 3420 2430 atque

1823 2450 2072 2505 avulsam
2125 2450 2178 2505 in
2233 2453 2627 2506 monasterium
2682 2454 2829 2521 quod
2892 2452 3175 2523 ProCOpize
3223 2463 3420 2509 vocant

1826 2545 2128 2608 transtulit,
2158 2561 2476 2616 quanquam
2515 2546 2745 2603 Michael
2783 2550 2889 2603 hoc
2923 2550 3086 2602 enixe
3121 2550 3419 2601 amoliente

1822 2650 1889 2690 ac
1935 2634 2286 2705 deprecante.
2331 2637 2409 2691 Ac
2464 2636 2692 2693 Michael
2744 2639 2966 2708 quidem
3018 2640 3072 2693 in
3108 2632 3247 2695 vivis
3294 2654 3420 2693 esse

1824 2728 1989 2783 desiit
2037 2728 2328 2783 undecimo
2355 2727 2627 2793 Januarii,
2664 2731 2851 2784 mumli
2885 2746 3032 2786 anno
3054 2729 3216 2793 6032,
3250 2732 3421 2800 depo-

1825 2821 2041 2889 sitaque
2075 2820 2415 2874 mortalitate
2446 2822 2499 2875 in
2529 2821 2720 2875 eadem
2763 2823 2966 2885 insula,
2997 2824 3063 2877 ad
3090 2838 3258 2877 cornu
3288 2824 3423 2878 dex-

1828 2920 1974 2965 trum
2004 2911 2271 2976 ecclesia},
2303 2913 2553 2982 sepultus
2589 2923 2691 2968 est.
2726 2914 3037 2969 Eustratius
3068 2930 3196 2970 vero
3225 2931 3348 2970 cum
3390 2931 3421 2970 a

1828 3014 2005 3057 morte
2030 3004 2199 3073 patris
2230 3020 2406 3059 annos
2427 3006 2671 3075 quinque
2691 3007 2940 3067 vixisset.
2973 3008 3197 3062 dormiit
3224 3018 3279 3063 et
3307 3009 3422 3077 ipso

1829 3095 1895 3149 ad
1950 3095 2480 3162 quintumdecimum
2522 3098 2726 3153 mensis
2756 3096 3043 3161 Januarii,
3079 3099 3207 3153 anni
3258 3098 3421 3164 6057,

158 3190 469 3264 Ἰανουαρίου
498 3194 695 3264 μηνὸς,
725 3192 880 3255 ἐτους
914 3193 1070 3264 ,ςτζκ
1099 3193 1157 3246 ἐν
1184 3194 1262 3261 τῷ
1289 3191 1556 3262 εὐωνύμῳ
1576 3193 1726 3264 μέρει

1838 3189 1891 3243 in
1923 3188 2145 3243 sinistra
2166 3189 2413 3243 ecclesia:
2435 3202 2588 3259 parte
2607 3190 2880 3244 conditus.
2902 3190 3144 3260 lgnatius
3165 3192 3421 3262 denique,

144 3292 227 3359 τῆς
252 3288 557 3362 ἐκκλησίας
586 3288 791 3343 πεσών.
843 3289 905 3342 '0
936 3290 995 3342 δέ
1036 3287 1293 3355 Ἰγνάτιος
1323 3288 1351 3338 6
1392 3290 1487 3341 καὶ
1524 3290 1723 3356 πρότε-

145 3381 500 3454 ρονΝικήτας
541 3381 906 3445 καλούμενος,
952 3379 1055 3448 τῆς
1101 3380 1727 3443 Κωνσταντινουπόλεως

144 3476 385 3546 πρόεδρος
412 3472 558 3529 εἶναι
591 3474 797 3545 λαχὼν,
828 3473 1043 3538 πολλοῖς
1076 3472 1308 3544 ὕστερον
1337 3473 1552 3543 χρόνοις
1578 3476 1637 3526 ἐν
1660 3476 1725 3545 τῇ

146 3571 262 3639 μονῇ
315 3568 709 3639 καλουμένηυ
764 3567 1049 3634 Σατύρου,
1095 3566 1163 3635 ἢν
1216 3565 1344 3635 ἄρτι
1392 3566 1457 3617 ἐκ
1512 3565 1730 3635 βάθρων

143 3658 450 3729 δειμάμενος
481 3660 697 3728 ἔτυχεν,
730 3658 790 3712 τὸ
827 3660 971 3728 ἱερὸν
1002 3657 1169 3711 αὑτοῦ
1204 3657 1367 3727 σῶμα
1396 3657 1726 3728 κατέθηκεν.

142 3750 274 3821 Αὕτη
314 3751 373 3805 δέ
425 3754 461 3821 ή
519 3750 660 3821 μονὴ
709 3751 806 3803 καὶ
845 3749 941 3803 τοῦ
1009 3750 1416 3813 Ἀνατέλλοντος
1469 3750 1731 3818 κέκληται

144 3845 312 3914 τρόπῳ
348 3844 571 3915 τοιῷδε.
621 3843 783 3896 Ἀλλὰ
833 3842 1077 3913 Σάτυρος
1133 3843 1269 3912 μὲν,
1307 3844 1390 3895 ὅτι
1420 3842 1484 3894 ἐκ
1532 3842 1729 3911 μικροῦ

142 3938 509 4008 διαστήματος
552 3935 653 4006 τῆς
686 3934 947 4006 τοιαύτης
986 3936 1153 4006 μονῆς
1193 3937 1222 3988 6
1266 3935 1499 3998 παλαιὸς
1533 3933 1730 4002 ὀνομά-

145 4031 279 4094 ζεται
307 4033 597 4101 Σάτυρος,
625 4032 684 4082 ἐν
726 4025 772 4097 ᾧ
814 4026 883 4101 ἦν
929 4030 1076 4100 ίερὸν
1116 4031 1271 4100 παρὰ
1303 4031 1412 4083 τῶν
1467 4029 1733 4099 Ἑλλήνων

140 4124 488 4194 οἰκοδομηθὲν
532 4122 611 4191 τῷ
660 4121 811 4192 αὐτῷ
848 4123 1080 4192 Σατύρῳ
1127 4116 1189 4175 οὗ
1233 4122 1358 4175 καθ’
1388 4124 1731 4191 ὁμωνυμίαν,

141 4215 214 4268 δια
238 4217 296 4269 τὸ
317 4217 561 4285 πλησίον
585 4212 727 4269 εἶναι
753 4217 853 4283 τὴν
877 4215 1176 4285 εἰρημένην
1198 4216 1389 4285 μονὴν,
1416 4215 1493 4283 τῷ
1510 4214 1736 4286 τοιούτῳ

142 4308 375 4361 καλεῖται
400 4309 661 4375 ὀνόματιο
683 4305 744 4370 ἐξ
764 4298 935 4374 οὗπερ
953 4306 1047 4357 καὶ
1068 4305 1096 4357 6
1115 4303 1208 4356 τοῦ
1230 4304 1276 4334 ³⁸
1294 4302 1471 4373 Βρύου
1496 4304 1735 4357 παλάτια

144 4399 314 4463 κτίσας
340 4399 618 4468 Θεόφιλος
642 4398 893 4468 βασιλεὺς
919 4396 1015 4466 τὴν
1038 4394 1173 4463 ὓλην
1203 4396 1537 4465 ἀφελόμενος
1564 4394 1737 4449 ταῦτα

144 4492 381 4561 ἐδείματο
455 4492 800 4545 ’Δνατέλλων
850 4489 908 4541 δέ
941 4489 1007 4541 δι’
1048 4490 1231 4541 αἰτίαν
1256 4488 1512 4557 τοιαύτην
1536 4505 1550 4519 ο
1588 4491 1735 4541 Κυν-

1829 3282 1921 3351 qui
1956 3292 2007 3335 et
2036 3281 2186 3351 prius
2218 3280 2437 3336 Nieetas
2461 3290 2687 3336 vocatus
2710 3292 2812 3346 est,
2846 3282 3103 3338 Ecclesiae
3124 3282 3426 3352 Cpolitana:

1830 3373 2030 3442 praesul
2086 3372 2335 3435 eﬂectus.
2380 3374 2570 3428 multis
2610 3384 2730 3443 post
2778 3376 2940 3428 annis
2982 3376 3035 3429 in
3087 3377 3425 3431 monasterio

1831 3466 1981 3534 quod
2013 3464 2190 3535 Satyri
2223 3474 2441 3527 vocant,
2470 3466 2616 3535 quod
2643 3475 2700 3519 et
2727 3466 2844 3535 ipse
2878 3468 3043 3535 paulo
3068 3478 3196 3523 ante
3236 3484 3262 3521 a
3293 3468 3423 3522 fun-

1832 3560 2103 3613 damentis
2123 3559 2462 3624 condiderat,
2487 3575 2704 3614 sacrum
2728 3575 2929 3627 corpus
2954 3576 3115 3614 suum
3147 3562 3423 3631 deposuit.

1834 3649 1949 3706 Hoc
2004 3665 2173 3718 porro
2219 3653 2616 3705 monasterium
2654 3654 2819 3705 etiam
2850 3652 3089 3706 Orientis
3121 3669 3319 3709 nomen
3368 3654 3424 3708 in

1832 3760 1956 3800 eum
1980 3746 2203 3799 modum
2228 3745 2483 3798 sortitum
2516 3745 2619 3813 21
2637 3758 2740 3799 est.
2771 3746 2971 3800 Verum
2996 3745 3177 3817 Satyri
3202 3748 3426 3816 quidem

1835 3836 1937 3892 luit
1971 3838 2321 3906 appellatum,
2346 3837 2492 3906 quod
2519 3838 2662 3891 haud
2694 3840 2880 3906 procul
2905 3838 2975 3892 ab
3002 3853 3069 3892 eo
3095 3840 3427 3893 monasterio

1834 3940 1993 3983 vetus
2016 3928 2245 4000 Satyrus
2268 3930 2565 3992 diceretur,
2583 3930 2675 3983 ubi
2700 3929 3017 3985 Graecanica
3038 3932 3430 4000 superstitione

1835 4022 2011 4076 eidem
2033 4020 2229 4088 Satyro
2254 4021 2441 4077 fanum
2464 4033 2806 4077 exstructum
2838 4033 3055 4085 erat.ex
3080 4025 3201 4093 ejus
3229 4024 3428 4079 vicinia

1838 4113 1953 4168 haec
2003 4113 2122 4183 ipsa
2164 4114 2457 4183 appellatio
2494 4115 2833 4169 monasterio
2866 4116 3099 4170 haeserat
3134 4132 3149 4180 ;
3198 4132 3266 4171 ex
3307 4116 3428 4185 ejus

1838 4221 2004 4276 porro
2047 4206 2223 4281 ruiqis
2255 4204 2592 4273 Theophilus
2643 4207 2940 4275 imperator
2982 4208 3161 4263 ablata
3203 4210 3431 4264 materie

1839 4300 2018 4370 regias
2051 4301 2195 4354 mdes
2227 4301 2517 4365 exstruxit,
2549 4316 2685 4370 quas
2711 4312 2909 4356 vocant
2945 4300 3107 4372 Brya.
3144 4300 3213 4356 Ut
3246 4312 3429 4355 autem

1840 4389 2037 4448 Oriens
2066 4402 2377 4455 vocaretur,
2412 4392 2683 4458 ejusmodi
2717 4408 2883 4448 causa
2907 4395 3124 4449 accidit.
3164 4393 3434 4450 Veniente

1845 4485 2142 4554 aliquando
2190 4484 2500 4553 Nieephoro
2539 4484 2864 4552 imperatore
2894 4487 2961 4541 ad
2998 4502 3093 4541 eas
3119 4497 3301 4555 partes
3339 4488 3431 4542 ubi

145 4545 414 4649 ηγετοῦντί
446 4598 587 4635 ποτε
614 4579 921 4650 Νικηφόρῳ
953 4577 1031 4648 τῷ
1064 4577 1275 4646 βασιλεῖ
1322 4578 1380 4629 ἐν
1413 4545 1495 4639 οἷς
1536 4576 1726 4646 ἀρτίως

1845 4576 1952 4645 iam
1993 4578 2390 4631 monasterium
2422 4576 2701 4630 conditum
2744 4584 2848 4642 est,
2878 4591 2945 4631 eo
2968 4577 3114 4645 quod
3146 4578 3301 4633 locus
3330 4579 3433 4631 du-

146 4676 273 4729 ἐστὶν
300 4679 334 4747 η
370 4676 518 4746 μονὴ
556 4673 791 4744 μέρεσι,
822 4671 911 4724 διὰ
939 4670 1004 4723 τὸ
1032 4669 1253 4735 ἀλσώδη
1287 4669 1384 4723 καὶ
1410 4668 1674 4721 δύσϐατον
1695 4667 1740 4699 ’⁷

145 4761 266 4818 εἶναι
282 4769 381 4819 καὶ
403 4766 555 4835 πρὸς
578 4764 755 4833 θήραν
778 4761 933 4826 ζώων
954 4760 1291 4829 ἐπιτηδείαν,
1318 4759 1402 4832 [Ρ.
1430 4757 1519 4830 14]
1539 4758 1739 4826 ἐλάφου

148 4857 395 4930 μεγίστης
441 4854 723 4924 φανείσης
758 4855 853 4907 καὶ
888 4850 1375 4922 καταδιωκομένης
1415 4852 1509 4904 καὶ
1539 4867 1741 4920 χειρω-

147 4950 312 5022 θείσης
342 4954 402 5005 ἐν
434 4949 602 5020 αὐτῷ
632 4949 712 5019 τῷ
742 4949 895 5019 τόπῳ
928 4950 986 5001 ἐν
1013 4942 1058 5017 ᾧ
1094 4946 1192 5000 νῦν
1229 4947 1292 5000 τὸ
1322 4948 1421 5017 τῆς
1456 4948 1623 5017 μονῆς
1649 4948 1743 5001 θυ-

148 5045 452 5112 σιαστήριον
498 5041 756 5109 ἵδρυται,
816 5038 1016 5110 εὑρέθη
1066 5037 1319 5109 τράπεζα
1372 5038 1582 5092 παλαιὰ
1640 5038 1746 5091 ὑπὸ

148 5134 305 5199 κίονος
338 5132 745 5206 βασταζομένη
766 5172 781 5197 ,
827 5134 1116 5202 γράφουσα
1145 5130 1349 5194 οὓτως·
1399 5130 1584 5184 Τοῦτό
1612 5131 1745 5184 ἐστι

148 5227 203 5278 τὸ
230 5226 688 5295 θυσιαστήριον
716 5224 825 5278 τοῦ
853 5223 1337 5293 ἀρχιστρατήγου
1366 5222 1609 5291 Μιχαὴλ
1639 5222 1747 5278 τοῦ

148 5320 597 5386 ἀνατέλλοντος
617 5360 633 5384 ,
690 5318 838 5386 ὅπερ
878 5318 1267 5385 ἐνεορόνισεν
1318 5318 1351 5370 ὁ
1398 5316 1745 5383 ἀπόστολος

160 5412 449 5483 Ἀνδρέας.
491 5411 669 5467 Ἀλλὰ
708 5411 885 5465 ταῦτα
912 5411 1010 5479 μέν
1037 5410 1099 5464 οὐ
1120 5412 1243 5463 τότε
1262 5451 1278 5477 ,
1300 5409 1496 5481 χρόνου
1521 5409 1579 5463 δέ
1605 5425 1746 5479 παρ-

151 5506 456 5576 εληλυθότος
478 5504 691 5561 πολλοῦ
719 5502 846 5558 ὕστε
854 5521 967 5575 ρον.

1845 4683 2033 4723 mosus
2063 4678 2211 4722 esset
2231 4676 2287 4721 et
2314 4668 2613 4737 impervius
2641 4668 3088 4737 silvestriutnque
3112 4670 3433 4724 animalium

1843 4760 2125 4814 venationi
2174 4759 2443 4821 idoneus.
2504 4774 2629 4814 cum
2699 4761 3045 4828 apparuisset
3098 4762 3433 4831 praegrandis

1844 4868 2058 4917 cervus,
2091 4851 2409 4919 infestisque
2434 4852 2666 4908 canibus
2694 4866 2760 4905 eo
2785 4852 2904 4921 ipso
2936 4855 3055 4907 loco
3073 4853 3125 4907 in
3154 4869 3265 4922 quo
3288 4869 3435 4910 nunc

1845 4945 2165 4999 monasterii
2198 4943 2502 4998 sacrarium
2531 4954 2776 4998 erectum
2819 4954 2903 4999 est
2925 4954 3120 5014 captus
3149 4955 3316 5007 esset.
3350 4948 3437 5000 in-

1845 5048 2008 5094 venta
2059 5050 2142 5093 est
2190 5045 2344 5091 vetus
2396 5052 2583 5092 mensa
2610 5078 2625 5101 ,
2668 5053 2832 5106 quam
2866 5037 3118 5093 columna
3159 5038 3436 5104 fulciebat,

1849 5130 2021 5185 hocce
2045 5129 2203 5183 titulo
2233 5146 2245 5182 :
2286 5127 2400 5181 Hoc
2422 5138 2501 5182 est
2528 5128 2706 5182 altare
2735 5128 3013 5184 Michaelis
3048 5130 3270 5184 caelestis
3291 5132 3438 5184 mili-

1847 5224 1937 5277 tic
1959 5222 2241 5289 principis,
2267 5222 2405 5289 quod
2436 5220 2680 5274 Andreas
2713 5222 2981 5291 apostolus
3008 5224 3205 5290 posuit.
3232 5222 3436 5277 Verum

1850 5313 1965 5368 haec
2004 5327 2113 5366 non
2155 5322 2285 5367 tunc
2336 5321 2489 5380 gesta
2529 5321 2680 5376 sunt,
2723 5313 2818 5367 sed
2865 5313 2956 5367 ubi
2994 5324 3183 5384 postea
3214 5313 3439 5385 longum

1859 5418 2074 5478 tempus
2095 5408 2395 5464 ellluxerat.

1481 5662 1713 5719 νΑιιιΑτ]
1754 5657 2160 5717 LECTIONES.

214 5816 253 5851 ν
284 5815 585 5871 Cedrenus
628 5829 641 5864 ε
672 5808 764 5862 τὸν
792 5808 889 5877 τῆς
912 5805 1182 5859 eandm”
1206 5805 1353 5859 ναόν.
1398 5804 1475 5877 Διί
1497 5802 1780 5877 μαι-φης
1800 5801 2092 5877 Πράηεηγ.Δ
2134 5800 2180 5831 ’³
2210 5798 2274 5868 δὴ
2443 5798 2797 5877 ’,δλκαὶλδέκαῙ
2825 5802 3080 5858 videntur
3105 5801 3440 5859 redundare.

160 5868 557 5956 margo—Pi"
593 5884 659 5937 ἐν
678 5882 747 5951 τῇ
785 5868 923 5951 μονῇ
954 5879 1025 5948 τῇ
1050 5878 1147 5932 an?
1219 5878 1264 5909 “
1298 5878 1327 5930 6
1355 5874 1423 5931 τά
1443 5875 1535 5930 τοῦ
1559 5876 1580 5930 ?
1608 5876 1680 5932 cl.
1712 5876 1803 5930 6|.
1856 5868 1925 5911 ’³⁷
1958 5868 2205 5927 δύσϐατα
2237 5878 2285 5925 ει
2315 5868 2641 5925 ἐπιτήδειαῖ
