4158 6442
160 399 209 461 37
1290 393 1434 453 LIB.
1483 395 1526 452 l.
1573 416 1632 425 -
1664 390 1809 452 LEO
1839 394 2260 459 A'RMENIUS.

3330 417 3398 478 38

161 531 239 567 σςν.
266 510 335 563 Οὐ
366 509 522 564 τοῦτο
546 509 603 563 δὲ
629 508 793 578 μόνον
814 506 873 561 τὸ
899 506 1145 575 γύναιον,
1178 506 1313 559 ἀλλὰ
1340 508 1403 576 δὴ
1430 510 1457 557 ὁ
1479 523 1700 559 πιστευ-

1814 511 1924 568 Nec
1960 511 2136 566 solum
2172 512 2515 581 muliercula,
2554 518 2645 572 sed
2693 525 2741 574 ct
2783 521 2873 590 qui
2908 522 3065 576 tidem
3097 541 3391 592 meruerat,

160 605 242 666 θεὶς
265 603 353 657 καὶ
383 602 733 671 ἐξαπατήσας
767 600 843 669 τῷ
872 599 987 653 ὄντι
1016 600 1384 667 Κασσιτερᾶς.
1433 597 1574 651 Ἀλλ’
1609 597 1704 651 αὒ-

160 696 220 757 Θις
244 695 326 748 ἐπὶ
355 694 453 764 τὴν
483 693 725 764 ἱστορίαν
757 692 918 745 ἰτέον.

220 789 290 849 ὀς
317 787 360 838 δ’
389 783 484 841 οὖν
512 787 611 857 τὴν
623 784 1002 853 αὐτοκράτορα
1019 783 1239 853 εἴληφεν
1263 784 1291 835 ὁ
1318 783 1475 836 Λέων
1502 781 1701 852 ἀρχὴν,

158 877 448 950 ἀκρῤηθέτ
471 876 708 946 δημοσία
740 876 881 928 κατὰ
932 876 1024 925 τὸν
1068 874 1285 928 Ἰούλιον
1311 873 1459 943 μῆνα
1505 874 1604 942 τῆς
1651 871 1705 934 ς’

162 970 471 1034 ινδικτιῶνος,
497 967 717 1038 Μιχαὴλ
749 967 848 1035 μὲν
879 965 973 1017 τὸν
997 966 1097 1037 τὴν
1150 964 1398 1032 γλῶτταν
1444 966 1705 1031 ὑποσυρί-

160 1064 287 1126 (avra
305 1065 369 1132 τῇ
395 1062 505 1114 τῶν
532 1058 840 1129 πατρικξων
874 1057 1234 1127 ἑγκαταλέγει
1278 1061 1436 1129 τιμῇ,
1470 1057 1564 1109 τὸν
1594 1059 1704 1111 υἱὸν

160 1154 289 1211 αὐτοῦ
316 1154 580 1227 πρότερον
610 1155 674 1205 ὲκ
709 1152 801 1206 τοῦ
851 1152 997 1205 θείου
1032 1150 1259 1221 λουτροῦ
1311 1152 1704 1219 υἱοποιησάμε-

159 1267 245 1313 νος,
268 1246 462 1317 Θωμᾶν
487 1247 546 1299 δὲ
577 1246 668 1297 τὸν
695 1244 891 1299 ἑαυτοῦ
919 1245 1284 1315 διαφερόντως
1324 1244 1563 1312 ὁμήλικα
1608 1243 1705 1297 καὶ

158 1340 504 1409 συμπαίστορα
549 1338 657 1390 τῶν
711 1337 1045 1405 φοιδερὰτων
1089 1337 1447 1407 τουρμὰρχην
1505 1336 1705 1403 ἐγκαθ-

160 1436 271 1503 ιστᾷ.
303 1433 408 1485 Καὶ
436 1431 690 1501 Μανουὴλ
723 1432 780 1484 δὲ
841 1431 932 1484 τὸν
990 1431 1207 1501 Μιχαὴλ
1245 1433 1705 1500 πρωτοστρατορα

160 1526 427 1595 πατρικίοις
456 1523 830 1591 ἐγκαταλέξας
860 1525 953 1576 καὶ
994 1523 1301 1593 στρατηγὸν
1329 1524 1568 1593 τιμήσας
1596 1525 1704 1575 τῶν

168 1616 452 1685 ’ἀρμενὶωὴ
488 1618 611 1669 Οὐκ
640 1614 760 1668 ἔδει
787 1630 883 1680 σε,
913 1616 1041 1685 ἔφη,
1074 1614 1224 1682 πρὸς
1252 1617 1359 1669 τὸν
1393 1619 1521 1669 κατ’
1553 1616 1702 1684 ἐμοῦ

157 1707 466 1767 ὁπλίζεσθαι
522 1707 811 1774 πόλεμον,
863 1706 1219 1773 σύμϐουλον
1254 1707 1361 1760 τοῦ
1390 1708 1703 1771 ,βασιλέως

157 1801 232 1855 καὶ
260 1801 360 1868 τῆς
389 1800 735 1866 Προκοπίας
791 1800 1138 1870 γενόμενον.
1190 1800 1299 1853 Καὶ
1319 1800 1379 1862 ὃς
1419 1799 1484 1852 εὖ
1543 1800 1701 1868 μάλι-

156 1912 236 1949 στα
262 1856 808 1967 παρρησιαζόμενος,’
828 1856 963 1947 Ἀλίι
980 1892 1149 1945 ὀὐδὲ
1181 1893 1257 1946 σὲ
1286 1893 1433 1957 ἔδει,
1457 1894 1697 1963 ἁντέφη-
1730 1856 1772 1911 Β

156 2004 243 2051 σιν,
277 1989 419 2041 κατὰ
453 1988 558 2042 τοῦ
583 1986 921 2056 εὐεργέτου,
975 1987 1061 2038 ἐτι
1096 1986 1166 2038 δὲ
1202 1987 1302 2040 καὶ
1363 1988 1703 2041 συν-τέκνου

153 2099 263 2142 σου,
283 2080 444 2149 zeipa
466 2079 738 2147 ἀντᾶραι.
762 2080 897 2132 Τότε
932 2079 1030 2148 μὲν
1049 2077 1143 2131 οὖν
1165 2080 1377 2143 τούτοις
1400 2097 1531 2133 κατε
1542 2082 1697 2148 σιγά-

156 2176 250 2243 σθη,
278 2177 365 2245 τὴν
385 2174 484 2227 τοῦ
513 2174 706 2243 ἀνδρὸς
734 2172 1005 2235 αἰδεσθεὶς
1042 2175 1264 2243 ἀρετήν.

209 2266 282 2334 ιγ’.
321 2268 405 2328 Ὠς
434 2266 493 2319 δὲ
525 2268 618 2319 τὸν
638 2265 746 2317 τῶν
775 2264 1102 2333 ὼυλγὰρων
1133 2265 1371 2336 ἄρχοντα
1407 2266 1473 2334 τῇ
1504 2282 1700 2332 προτε-

154 2360 258 2431 ραίᾳ
300 2362 420 2433 νίκῃ
470 2357 1017 2429 φρονηματιζόμενον
1045 2358 1361 2427 διακήκοεν,
1417 2363 1510 2411 καὶ
1543 2355 1701 2415 αὖθις

151 2452 346 2523 δῃοῦντα
382 2450 482 2520 μὲν
512 2452 610 2520 τὴν
652 2450 868 2518 γείτονα
897 2451 1021 2519 γῆν,
1063 2450 1321 2521 κείροντα
1362 2452 1417 2504 δὲ
1449 2454 1541 2505 καὶ
1570 2451 1698 2520 λεη-

150 2545 375 2598 ὶατοῦντα
405 2547 531 2608 τοὺς
562 2545 768 2616 ἀγροὺς
800 2547 896 2597 καὶ
920 2544 1090 2597 πολλὰ
1118 2544 1215 2615 μὲν
1243 2545 1491 2613 σώματα,
1529 2544 1699 2597 πολλὰ

148 2634 191 2686 δὲ
211 2635 517 2703 βοσκήματα
580 2634 1034 2701 καθαρπάζοντα,
1087 2637 1333 2705 οἰκήσεις
1358 2635 1402 2687 δ’
1428 2634 1699 2704 ἑτέρωθεν

148 2725 581 2795 κατεμπιπρῶντα
614 2726 711 2779 καὶ
759 2726 895 2788 ὅλως
942 2726 1076 2780 ὄντα
1122 2728 1425 2798 ἀφόρητον.
1478 2727 1699 2797 πρῶτον

150 2817 228 2882 μὲν
249 2818 348 2870 δεῖν
374 2817 532 2888 ᾠήθη
565 2819 653 2871 διὰ
683 2818 979 2889 πρεσϐείας
1011 2818 1236 2889 εἰρήνης
1254 2820 1565 2887 ἀναμνῆσαι
1597 2822 1697 2872 αύ-

144 2907 234 2969 τῦν,
256 2910 325 2968 ὡς
351 2910 395 2962 δ’
419 2910 525 2963 οὐκ
558 2909 795 2969 ἔπεισεν,
832 2909 901 2962 τὰ
933 2912 1042 2962 τῶν
1095 2910 1294 2979 τειχῶν
1334 2910 1698 2980 διερρυηκότα

143 2997 196 3049 δι’
224 2999 401 3052 εαυτοῦ
434 2987 1003 3071 ἆνοικοδομησάμενος
1033 3001 1310 3071 ἐξεϐοήθει
1337 3003 1425 3056 διὰ
1462 3005 1695 3074 ταχέων,

144 3092 217 3143 καί
244 3096 529 3163 γενόμενος
561 3096 621 3146 ὲν
648 3096 987 3165 Μεσημϐρίᾳ
1022 3098 1089 3165 τῇ
1128 3097 1280 3149 πόλει
1307 3096 1537 3168 τοιούτῳ
1583 3099 1693 3150 τινὶ

1805 606 2107 660 Cassiteras
2133 644 2147 666 ,
2180 621 2243 660 ac
2276 621 2401 661 vere
2428 608 2729 680 deceperat.
2766 613 2963 669 Verum
2997 616 3190 673 iterum
3235 623 3394 676 nobis

1808 697 2133 750 resumenda
2169 700 2500 754 narrationis
2540 703 2710 757 series
2749 716 2847 758 est.

1878 788 1963 840 ιε.
2001 790 2199 842 Iterum
2235 791 2416 860 itaque
2447 809 2718 848 summam
2751 797 2976 861 adeptus
3018 801 3127 856 Leo
3174 818 3240 858 ac
3276 805 3382 859 im-

1810 888 2029 947 perator
2054 879 2269 946 publice
2305 883 2661 947 acclamatus,
2695 903 2881 942 mense
2901 890 3064 950 Julio.
3091 895 3392 954 indictione

1773 1017 1779 1025 .
1809 981 1985 1034 sexta,
2021 970 2343 1025 Michaelem
2382 974 2605 1029 Balbum
2640 981 2867 1047 patricia
2899 994 3059 1051 auget
3085 988 3387 1055 dignitate;

1806 1061 1967 1129 cujus
2001 1065 2165 1117 etiam
2192 1065 2343 1133 prius
2374 1082 2403 1119 e
2436 1084 2593 1123 sacro
2624 1070 2774 1124 fonte
2808 1074 2978 1127 filium
3013 1077 3389 1147 adoptaverat.

1808 1154 1917 1225 24
1948 1154 2210 1211 Thomam
2239 1168 2444 1223 autem,
2474 1162 2822 1229 singulariter
2856 1178 3192 1225 coaetaneum
3229 1189 3394 1231 suum

1806 1263 1869 1301 ac
1910 1263 2037 1301 cum
2071 1266 2180 1319 quo
2212 1251 2431 1320 juvenis
2468 1254 2646 1310 fuerat
2687 1260 2967 1319 educatus.
3001 1262 3393 1322 foederatorum

1805 1339 2085 1393 tribunum
2144 1344 2444 1399 constituit.
2503 1345 2805 1403 Manuelcm
2840 1368 3059 1424 quoque
3105 1357 3392 1414 Michaelis

1807 1442 2255 1501 protostratorem
2305 1439 2549 1505 patriciis
2605 1443 2826 1511 adlegit,
2894 1446 3393 1522 Armeniorumque

1805 1527 1943 1581 duce
1972 1529 2299 1594 constituto,
2337 1530 2460 1584 Non
2490 1543 2540 1586 te
2589 1536 2827 1603 decebat,
2864 1540 3060 1605 inquit,
3103 1545 3384 1598 adversum

1808 1633 1886 1671 me
1911 1635 2061 1671 arma
2097 1637 2301 1674 sumere
2345 1639 2407 1675 ac
2440 1625 2750 1692 imperatori
2801 1643 2849 1681 et
2901 1630 3176 1701 Procopio:
3211 1638 3391 1689 cousi-

1804 1708 1935 1762 lium
1969 1711 2221 1772 pra‘bere.
2253 1716 2332 1767 Ad
2368 1733 2533 1784 quem
2566 1722 2655 1774 ille
2680 1738 2893 1775 summa
2929 1741 3058 1778 usus
3084 1727 3343 1783 libertate
3371 1748 3385 1783 :

1804 1801 1874 1853 At
1934 1818 2098 1870 neque
2133 1815 2201 1867 te,
2234 1805 2433 1877 inquit,
2486 1811 2699 1864 decebat
2743 1816 2995 1868 adversus
3057 1810 3176 1871 inm
3215 1838 3245 1872 ο
3287 1838 3389 1892 q-vo

1809 1896 2059 1963 beneﬁcio
2093 1898 2314 1964 a/fecms
2350 1917 2525 1967 esses,
2588 1906 2656 1956 ad
2695 1907 2803 1960 Iure
2858 1926 2976 1962 vero
3033 1913 3124 1981 qui
3176 1924 3226 1967 et
3266 1926 3390 1968 tuus

1805 2000 2071 2054 compater
2096 1994 2387 2059 exsisteret,
2441 2011 2656 2049 manum
2707 2000 2896 2055 levare.
2956 2001 3111 2058 Tune
3168 2006 3388 2074 quidem

1804 2081 1913 2137 Leo
1973 2085 2059 2139 his
2088 2086 2291 2142 auditis
2334 2090 2628 2156 obmutuit,
2664 2095 2762 2148 viii
2806 2098 3070 2152 reveritus
3104 2101 3386 2158 virtutem.

1873 2264 1960 2316 15.
1984 2262 2087 2317 Ubi
2108 2274 2291 2320 autem
2312 2265 2671 2337 Bulgarorum
2694 2274 2993 2344 principem
3019 2280 3289 2347 superiori
3305 2283 3388 2337 vi-

1803 2352 1977 2405 ctoria
2015 2355 2219 2408 elatum
2262 2357 2613 2427 majoresque
2654 2364 2882 2429 spiritus
2931 2368 3222 2424 ducentem
3254 2373 3388 2425 viei-

1802 2459 1927 2497 nam
1992 2461 2186 2500 rursus
2233 2448 2443 2503 audivit
2495 2463 2715 2509 vastare
2766 2458 3047 2527 regionem
3112 2469 3167 2516 et
3219 2479 3384 2531 agros

1801 2535 2076 2589 demetere
2128 2552 2192 2591 ac
2223 2541 2469 2608 populari
2524 2545 2864 2617 multamque
2927 2558 3041 2603 tum
3099 2551 3384 2608 hominum

1803 2637 1917 2681 tum
1953 2644 2212 2697 pecorum
2270 2634 2510 2700 praedam
2565 2652 2747 2703 agere,
2779 2640 3083 2710 domosque
3124 2655 3387 2713 praeterea

1754 2745 1757 2751 ν
1800 2720 2114 2789 incendere,
2148 2739 2211 2779 ac
2239 2727 2471 2782 omnino
2506 2728 2907 2788 intolerabilem
2967 2750 3113 2799 esse,
3150 2738 3385 2806 primum

1798 2814 2019 2882 quidem
2052 2830 2233 2882 operte
2261 2818 2500 2885 pretium
2537 2820 2694 2876 duxit
2725 2823 2898 2878 missa
2926 2826 3197 2895 legatione
3225 2828 3387 2885 ofﬁcii

1799 2918 1865 2957 ac
1901 2906 2052 2972 pacis
2083 2907 2397 2962 admonere.
2434 2909 2539 2965 Ubi
2587 2921 2768 2968 autem
2825 2917 2960 2970 nihil
3006 2918 3222 2974 ba'bari
3275 2922 3387 2979 iras

1800 2998 2030 3064 inflexit,
2071 3001 2253 3055 diruta
2297 3006 2560 3059 moenium
2611 3022 2775 3077 Opera
2835 3027 2931 3066 sua
2968 3015 3263 3086 studioque
3298 3015 3353 3070 in

1798 3103 2074 3157 stauraus,
2113 3097 2265 3149 urbis
2306 3112 2394 3151 res
2426 3098 2575 3153 brevi
2615 3103 2664 3155 in
2700 3112 2817 3159 tuto
2853 3110 3037 3172 posuit
3070 3124 3083 3171 ;
3130 3108 3386 3162 veniens-

141 3182 429 3255 διεχρήσατο
473 3189 916 3255 στρατηγήματι.
981 3187 1225 3259 Ἡμέρας
1278 3190 1468 3252 ἱκανὰς
1499 3191 1556 3243 ἓν
1587 3207 1695 3243 τινι

1802 3197 1907 3250 que
1957 3182 2334 3240 Mesembriam
2377 3199 2767 3261 stratagemate
2814 3197 3088 3264 ejusmodi
3127 3200 3381 3257 hostibus

142 3271 208 3342 [Ρ.
232 3275 309 3347 16]
328 3278 477 3346 τόπῳ
498 3276 889 3348 ὲπιταφρώσας
917 3279 1107 3331 ἑαυτόν
1129 3296 1187 3331 τε
1218 3280 1314 3333 καὶ
1345 3281 1437 3333 τὸν
1469 3283 1700 3351 στρατὸν

141 3364 396 3429 ἐκαθέζετο
417 3367 683 3420 ἑκάστοτε
712 3368 1057 3438 σιτιζόμενος
1105 3372 1214 3423 ἀπὸ
1266 3371 1368 3440 τῆς
1425 3373 1701 3442 ἡμετέρας

138 3456 215 3507 καὶ
229 3455 542 3528 λειπόμενος
558 3458 667 3511 τῶν
686 3461 1025 3528 ἀναγκαίων,
1040 3462 1178 3515 ἀλλὰ
1201 3463 1295 3515 καὶ
1314 3464 1448 3533 πρὸς
1466 3464 1697 3534 τρυφὴν,

138 3548 339 3611 οὐδενός.
370 3551 531 3603 Ἐπεὶ
556 3551 613 3603 δὲ
629 3551 755 3615 τοὺς
783 3554 1231 3622 παρακειμένους
1255 3557 1351 3607 καὶ
1384 3558 1503 3607 κατ’
1534 3557 1699 3609 αὑτοῦ

138 3640 598 3713 καθωπλισμένους
631 3646 976 3715 Βουλγάρους
1011 3648 1070 3699 ὲν
1120 3648 1397 3717 στενότητι
1431 3642 1570 3700 εἶναι
1592 3649 1699 3701 τῶν

137 3732 417 3799 ἀναγκαίων
453 3736 699 3803 ἀκήκοεν
736 3777 751 3799 ,
787 3736 884 3790 τοῦ
946 3739 1045 3807 μὲν
1084 3733 1144 3792 οὗ
1196 3740 1466 3809 ἐφήδρευε
1532 3741 1698 3792 τόπου

137 3824 322 3895 νύκτωρ
344 3828 608 3881 ἁπάνεισι
638 3830 779 3898 μετά
818 3830 1169 3899 στρατιωτῶν
1191 3831 1394 3884 ἱκανῶν
1417 3831 1511 3884 καὶ
1540 3832 1699 3902 ῥώμῃ

134 3933 181 3967 τε
201 3919 287 3970 καὶ
313 3920 589 3991 καρτερίᾳ
609 3923 1103 3990 γεγυμνασμένων,
1156 3922 1239 3975 ἑνὶ
1273 3922 1422 3993 μόνῳ
1449 3924 1549 3993 τὴν
1573 3925 1700 3976 ἑαυ-

134 4007 211 4061 τοῦ
271 4012 723 4082 παραγυμνῶσας
785 4014 1031 4084 γνώμην,
1062 4013 1161 4067 καὶ
1217 4014 1355 4084 πρὸς
1409 4014 1566 4084 λόχον
1607 4014 1700 4066 ὲπι

132 4117 249 4163 τινος
278 4102 469 4171 βουνοῦ
497 4105 691 4173 χωρεῖ,
719 4104 972 4173 σύνθημα
1000 4104 1098 4158 τοῦ
1141 4106 1380 4176 πολέμου
1411 4107 1505 4159 καί
1548 4105 1700 4176 ὦραν

132 4190 292 4247 εξπιὲιν.
335 4196 423 4258 Ὠς
472 4196 522 4248 δ’
559 4197 743 4265 ήμέρα
794 4198 1078 4266 ἀνέλαμπε
1124 4197 1220 4251 καὶ
1258 4199 1287 4250 ὁ
1320 4199 1626 4268 στρατηγὸς
1653 4200 1697 4229 ³⁸

132 4284 403 4353 {famelico
422 4288 527 4340 τοῦ
573 4289 974 4356 βασιλεύοντος,
1031 4292 1178 4360 φυγῇ
1230 4291 1538 4360 χρήσασθαι
1570 4290 1698 4343 τοῦ·

132 4389 217 4437 τον,
254 4377 341 4431 τὸν
396 4379 634 4449 βασιλέα
682 4380 950 4449 δηλονότι,
1002 4383 1206 4445 πάντες
1252 4382 1695 4452 καθωμολόγουν,

130 4466 216 4517 τῶν
246 4471 561 4537 γεγονότων
612 4471 815 4534 εἰδότες
858 4472 1031 4526 οὐδέν.
1083 4472 1250 4525 Ὅθεν
1281 4472 1698 4543 ἀναθαρρήσαν-

1803 3273 1994 3329 illusit.
2026 3276 2148 3331 Dies
2176 3295 2283 3333 non
2313 3296 2519 3350 paucos
2542 3286 2742 3341 castris
2772 3290 2967 3356 positis
2998 3292 3219 3362 altoque
3241 3296 3385 3350 vallo

1802 3366 1989 3431 ducto,
2027 3378 2191 3438 atque
2221 3386 2420 3442 aggere
2477 3391 2613 3445 pene
2666 3379 2922 3439 defossus
2991 3401 3117 3440 cum
3182 3389 3379 3459 copiis,

1803 3461 2084 3527 substitit,
2145 3479 2395 3522 annonas
2442 3471 2688 3537 quotidie
2734 3489 2798 3528 ex
2860 3474 3107 3533 Romano
3161 3482 3278 3535 solo
3327 3483 3380 3537 in

1803 3565 2055 3623 promptu
2088 3558 2314 3624 habens,
2348 3578 2473 3616 cum
2509 3581 2685 3635 neque
2719 3570 2783 3622 ad
2816 3569 3045 3627 delicias
3081 3575 3189 3629 ullo
3229 3592 3385 3631 com-

1802 3659 1983 3701 meatu
2014 3649 2361 3707 deticeretur.
2412 3654 2511 3710 Ubi
2548 3669 2729 3713 autem
2788 3663 3092 3720 assidentes
3124 3665 3385 3737 Bulgaros

1802 3742 2083 3808 armisque
2117 3758 2173 3796 in
2221 3760 2347 3798 eum
2410 3747 2713 3805 instructos
2765 3765 3107 3812 commeatus
3157 3763 3386 3827 penuria

1802 3830 2055 3889 laborare
2110 3837 2339 3902 audivit,
2395 3849 2557 3896 noctu
2620 3844 2907 3901 discedens
2958 3863 2989 3902 e
3039 3848 3159 3905 loco
3191 3851 3244 3905 iu
3277 3868 3386 3921 quo

1802 3925 2171 3991 consederat,
2223 3927 2367 3983 haud
2424 3934 2735 3999 spernenda
2799 3937 3039 3993 militum
3101 3951 3385 4010 assumpta

1802 4027 1992 4079 manu,
2023 4016 2131 4087 25
2163 4019 2411 4075 virorum
2444 4024 2657 4080 scilicet
2704 4026 2927 4083 fortium
2960 4040 3015 4084 et
3045 4032 3139 4101 qui
3178 4033 3385 4087 laboris

1801 4109 2069 4175 patientes
2111 4122 2316 4180 essent,
2351 4130 2476 4170 cum
2518 4133 2629 4173 uno
2666 4120 2936 4176 duntaxat
2977 4127 3386 4181 communicato

1800 4202 2058 4260 consilio,
2091 4203 2388 4259 insidiandi
2437 4223 2605 4264 causa
2675 4213 2729 4266 in
2792 4224 3031 4269 montem
3086 4217 3381 4286 quemdam

1799 4298 2103 4351 contendit.
2129 4297 2229 4353 Ubi
2255 4311 2436 4355 autem
2470 4304 2665 4360 diluxit
2698 4323 2801 4362 nec
2837 4310 2889 4364 in
2923 4312 3121 4365 castris
3148 4312 3384 4381 impera-

1800 4395 1891 4441 tor
1921 4400 2173 4457 repertus
2207 4402 2312 4455 est,
2347 4394 2553 4464 fugisse
2602 4413 2727 4453 eum
2759 4402 2941 4456 cuncti
2977 4404 3382 4469 existimarunt,

1798 4479 1945 4547 quod
2006 4481 2268 4536 nimirum
2325 4485 2445 4554 ejus
2494 4485 2853 4545 discessionis
2912 4494 3206 4548 consilium
3257 4492 3384 4547 uni-

130 4573 201 4622 τις
224 4562 270 4615 oi
299 4565 541 4617 ἐναντίοι
564 4566 750 4633 μένειν
778 4564 863 4633 ἐφ’
898 4564 1108 4618 ὲαυτῶν
1132 4566 1241 4618 οὐδ’
1253 4566 1391 4631 ὅλως
1418 4566 1695 4633 ἐδύναντο,

133 4650 200 4675 ἐπὶ
216 4653 239 4675 L
275 4673 301 4675 _,
318 4662 357 4675 κς
480 4674 494 4675 γ
522 4674 525 4675 ,
545 4659 570 4675 ρ
654 4660 664 4672 ο
978 4658 993 4675 \
1058 4660 1070 4675 ι
1125 4658 1139 4675 ι
1252 4660 1273 4674 υ
1431 4659 1452 4675 υ
1673 4662 1686 4675 ι

1808 4588 1993 4628 versos
2025 4575 2233 4631 lateret.
2267 4576 2406 4633 Hinc
2454 4581 2639 4635 hostes
2670 4586 2970 4654 assumptis
3016 4587 3186 4675 a’rmis
3218 4587 3387 4658 impe-

132 4650 241 4705 ἀλλά
274 4662 366 4708 καὶ
396 4659 866 4723 κατεξανὶσταντο
905 4658 1002 4712 καὶ
1054 4658 1149 4711 ἐπὶ
1186 4660 1377 4729 χεῖρας
1422 4659 1591 4731 ᾤοντο
1638 4662 1699 4714 τὸ

134 4747 427 4818 στράτευμα
470 4752 648 4817 ἐχειν.
687 4751 900 4814 Νυκτὸς
942 4750 1037 4805 οὖν
1081 4752 1473 4822 ἐπιγενομένης
1514 4754 1700 4807 κάτει-

131 4851 197 4887 σιν
217 4840 275 4892 ὲκ
302 4842 395 4893 τοῦ
428 4843 600 4911 λόχου
624 4844 651 4895 ὁ
692 4842 845 4895 Λέων
875 4844 1306 4915 ἀπροσδοκήτοις
1333 4841 1453 4900 οὖσι
1485 4848 1694 4910 κακῶν,

130 4932 204 4981 καὶ
251 4936 537 5003 συμμέξας
598 4936 783 4997 αὐτοῖς
832 4935 1092 5005 ἀνδράσιν
1127 4938 1309 4992 ὅπλων
1338 4942 1565 5010 γυμνοῖς
1604 4943 1698 4994 καὶ

128 5018 503 5095 διαλελυμένως
533 5027 696 5097 ὖπνῳ
717 5045 775 5080 τε
806 5030 901 5082 καὶ
933 5030 1130 5100 θάρρει
1163 5030 1264 5099 τῆς
1301 5032 1396 5085 τοῦ
1430 5031 1694 5102 βασιλέως

130 5118 277 5186 φυγῆς
325 5120 591 5172 τοσοῦτον
647 5121 1011 5189 ἐνειργάσατο
1064 5122 1108 5153 ³¹
1165 5123 1366 5193 φθόρον
1398 5127 1493 5178 καὶ
1542 5127 1704 5194 φόνον

133 5207 363 5262 πάντοθεν
398 5209 761 5279 ἐκχυθέντων
790 5210 898 5263 τῶν
940 5211 1232 5281 Ῥωμαίων
1290 5213 1431 5266 κατὰ
1481 5215 1543 5267 τὸ
1575 5216 1704 5269 σύνο

134 5296 371 5369 θημαλὼς
424 5304 718 5372 πανδημεὶ
777 5304 1005 5374 αἱρῆσαι
1053 5305 1115 5358 τὸ
1172 5304 1534 5375 στρατόπεδον
1606 5310 1704 5362 καὶ

132 5391 244 5458 μηδὲ
285 5396 597 5467 πυρφόρον,
664 5396 727 5448 τὸ
773 5396 839 5465 δή
866 5397 1181 5466 λεγόμενον,
1231 5397 1587 5467 διασωθῆναι.
1622 5401 1699 5453 Οὐ

134 5486 219 5553 μὴν
247 5488 376 5542 ἀλλὰ
402 5494 500 5544 καὶ
535 5493 729 5544 πᾶσαν
766 5491 985 5561 ηλίκὶαν
1016 5494 1081 5544 ἐκ
1118 5492 1470 5563 καταδρομῆς
1504 5511 1562 5547 τε
1603 5495 1700 5549 καὶ

134 5582 379 5652 προνομῆς
414 5585 786 5653 ἀνάρπαστον
847 5583 983 5649 θεὶς,
1022 5584 1115 5636 καὶ
1166 5586 1233 5637 τὰ
1280 5585 1445 5638 τέκνα
1492 5587 1699 5640 τούτων

131 5674 231 5736 ταῖς
270 5677 493 5743 πέτραις
554 5676 657 5729 καί
710 5680 779 5745 τῇ
814 5680 881 5745 γῇ
936 5677 1315 5748 πίιοσκροτῶν,
1374 5678 1470 5748 τὴν
1502 5680 1697 5735 ἑαυτοῦ

1805 4676 1917 4721 tum
1957 4677 2141 4723 tenere
2168 4686 2279 4724 non
2315 4681 2567 4741 poterant
2601 4686 2697 4730 aut
2738 4678 2854 4733 ullo
2887 4666 3061 4733 modo
3082 4681 3200 4734 suis
3226 4696 3285 4735 se
3319 4679 3383 4734 ll—

1805 4760 1966 4813 nibus
1991 4763 2293 4827 continere,
2321 4766 2415 4820 sed
2449 4779 2501 4822 et
2526 4773 2882 4838 aggressione
2923 4773 3063 4827 facta
3102 4775 3156 4828 in
3190 4789 3386 4830 manus

1804 4866 1864 4906 se
1902 4853 2207 4907 exercitum
2250 4855 2453 4913 habere
2487 4860 2749 4929 nulloque
2785 4866 3004 4931 negotio
3028 4866 3148 4934 ejus
3170 4868 3383 4934 potitu-

1805 4959 1901 4999 ros
1947 4946 2232 5013 putabant,
2265 4964 2389 5004 cum
2443 4966 2571 5007 ecce
2602 4951 2710 5007 Leo
2759 4971 2857 5023 per
2906 4958 3081 5013 noctis
3111 4960 3325 5015 silentia
3353 4977 3385 5015 e

1803 5048 1987 5092 monte
2023 5042 2364 5096 descendens
2395 5044 2449 5095 in
2485 5044 2671 5099 hostes
2701 5048 2837 5100 nihil
2866 5050 2993 5103 mali
3028 5053 3385 5109 subrerentcs

1803 5129 1985 5193 irruit,
2022 5131 2433 5201 inermibnsque
2481 5150 2544 5188 ac
2586 5151 2781 5191 seuinu
2817 5139 3013 5195 solutis
3059 5156 3385 5209 congressus

1802 5237 1899 5291 per
1934 5224 2306 5279 existimatam
2354 5226 2499 5280 illam
2560 5228 2911 5294 imperatoris
2964 5232 3143 5300 fugam
3175 5245 3382 5288 tantum

1802 5312 2021 5369 illorum
2070 5318 2220 5371 dedit
2249 5327 2512 5387 stragem.
2545 5319 2807 5376 Romanis
2841 5338 2904 5376 ex
2940 5325 3191 5379 condicto
3221 5326 3385 5381 undi~

1804 5421 1911 5474 que
1970 5409 2385 5479 ingruentibus,
2444 5422 2502 5466 ut
2554 5429 2747 5467 eorum
2794 5419 3100 5470 exercitum
3159 5433 3382 5473 omnem

1803 5499 2170 5570 proﬂigaverit
2203 5518 2269 5559 ac
2292 5519 2359 5558 ne
2391 5505 2588 5574 ignifer
2617 5507 2861 5576 quidem,
2899 5520 2959 5563 ut
2992 5510 3162 5572 aiunt,
3190 5523 3385 5579 sospes

1803 5594 2059 5651 evaserit.
2094 5593 2200 5652 Sed
2241 5605 2294 5652 et
2323 5598 2640 5654 incursione
2671 5599 2811 5655 facta
2846 5602 3379 5671 regionem-omnem

1805 5689 2148 5758 depraedatus
2198 5692 2429 5762 puberes
2477 5694 2701 5766 quidem
2735 5711 2925 5751 omnes
2960 5699 3081 5749 inde
3131 5696 3385 5761 abduxit,

1432 5770 1664 5832 νΑιιιιΕ
1714 5780 2120 5840 LECTIONES.

213 5859 250 5890 ⁸⁸
274 5868 517 5931 οτοατός.
562 5881 763 5929 margo
798 5867 1045 5925 Comhef.
1124 5871 1163 5902 ³¹
1198 5872 1588 5935 ἐνειργάσαντο
1609 5876 1671 5933 Ρ,
