  <div class='ocr_page' id='page_1' title='image "/cluster/home/n/w/nwhite01/storage/ocr_20150623/109/nnc1.0046979867/027.png"; bbox 0 0 4158 6442; ppageno 0'>
   <div class='ocr_carea' id='block_1_1' title="bbox 703 378 3990 451">
    <p class='ocr_par' dir='ltr' id='par_1_1' title="bbox 703 378 3990 451">
     <span class='ocr_line' id='line_1_1' title="bbox 703 378 3990 451; baseline 0.002 -5"><span class='ocrx_word' id='word_1_1' title='bbox 703 386 775 446; x_wconf 80' lang='lat'><strong>39</strong></span> <span class='ocrx_word' id='word_1_2' title='bbox 1813 379 2322 442; x_wconf 75' lang='lat' dir='ltr'><strong>TlIEOPII.\NES</strong></span> <span class='ocrx_word' id='word_1_3' title='bbox 2356 378 2917 446; x_wconf 71' lang='lat' dir='ltr'><strong>CONTINUATUS.</strong></span> <span class='ocrx_word' id='word_1_4' title='bbox 3928 391 3990 451; x_wconf 77' lang='grc' dir='ltr'><strong>ιο</strong></span> 
     </span>
    </p>
   </div>
   <div class='ocr_carea' id='block_1_2' title="bbox 701 492 2316 568">
    <p class='ocr_par' dir='ltr' id='par_1_2' title="bbox 701 492 2294 567">
     <span class='ocr_line' id='line_1_2' title="bbox 701 492 2294 567; baseline -0.003 -16"><span class='ocrx_word' id='word_1_5' title='bbox 701 494 951 567; x_wconf 81' lang='lat' dir='ltr'><strong>parvulis</strong></span> <span class='ocrx_word' id='word_1_6' title='bbox 988 504 1173 551; x_wconf 81' lang='lat' dir='ltr'><strong>autem</strong></span> <span class='ocrx_word' id='word_1_7' title='bbox 1210 492 1275 547; x_wconf 85' lang='lat' dir='ltr'><strong>ad</strong></span> <span class='ocrx_word' id='word_1_8' title='bbox 1309 507 1439 548; x_wconf 78' lang='lat' dir='ltr'><strong>saxa</strong></span> <span class='ocrx_word' id='word_1_9' title='bbox 1480 506 1545 547; x_wconf 90' lang='lat' dir='ltr'><strong>ac</strong></span> <span class='ocrx_word' id='word_1_10' title='bbox 1592 492 1824 548; x_wconf 86' lang='lat' dir='ltr'><strong>humum</strong></span> <span class='ocrx_word' id='word_1_11' title='bbox 1878 493 2053 549; x_wconf 86' lang='lat' dir='ltr'><strong>allisis</strong></span> <span class='ocrx_word' id='word_1_12' title='bbox 2092 493 2294 547; x_wconf 81' lang='lat' dir='ltr'><strong>Itoma-</strong></span> 
     </span>
    </p>
   </div>
   <div class='ocr_carea' id='block_1_3' title="bbox 2422 492 3997 568">
    <p class='ocr_par' dir='ltr' id='par_1_3' title="bbox 2422 494 3997 568">
     <span class='ocr_line' id='line_1_3' title="bbox 2422 494 3997 568; baseline 0.004 -23"><span class='ocrx_word' id='word_1_13' title='bbox 2422 494 2706 550; x_wconf 71' lang='grc' dir='ltr'><strong>ιατέλαϐεν</strong></span> <span class='ocrx_word' id='word_1_14' title='bbox 2746 497 2806 550; x_wconf 85' lang='grc' dir='ltr'><strong>ἐν</strong></span> <span class='ocrx_word' id='word_1_15' title='bbox 2838 496 3017 568; x_wconf 76' lang='grc' dir='ltr'><strong>τάχει.</strong></span> <span class='ocrx_word' id='word_1_16' title='bbox 3058 495 3222 550; x_wconf 81' lang='grc' dir='ltr'><strong>Ὅθεν</strong></span> <span class='ocrx_word' id='word_1_17' title='bbox 3270 495 3458 550; x_wconf 73' lang='grc' dir='ltr'><strong>ἔκτοτε</strong></span> <span class='ocrx_word' id='word_1_18' title='bbox 3504 496 3711 561; x_wconf 80' lang='grc' dir='ltr'><strong>ἐκεῖνος</strong></span> <span class='ocrx_word' id='word_1_19' title='bbox 3764 498 3793 550; x_wconf 82' lang='grc' dir='ltr'><strong>ὁ</strong></span> <span class='ocrx_word' id='word_1_20' title='bbox 3817 496 3997 568; x_wconf 70' lang='grc' dir='ltr'><strong>βουνὸς</strong></span> 
     </span>
    </p>
   </div>
   <div class='ocr_carea' id='block_1_4' title="bbox 706 583 2300 654">
    <p class='ocr_par' dir='ltr' id='par_1_4' title="bbox 706 583 2300 654">
     <span class='ocr_line' id='line_1_4' title="bbox 706 583 2300 654; baseline -0.003 -10"><span class='ocrx_word' id='word_1_21' title='bbox 706 606 833 645; x_wconf 80' lang='lat' dir='ltr'><strong>nam</strong></span> <span class='ocrx_word' id='word_1_22' title='bbox 866 606 989 643; x_wconf 75' lang='lat' dir='ltr'><strong>iuox</strong></span> <span class='ocrx_word' id='word_1_23' title='bbox 1021 587 1284 643; x_wconf 94' lang='lat' dir='ltr'><strong>ditionem</strong></span> <span class='ocrx_word' id='word_1_24' title='bbox 1309 585 1546 654; x_wconf 89' lang='lat' dir='ltr'><strong>repetiit.</strong></span> <span class='ocrx_word' id='word_1_25' title='bbox 1569 583 1699 639; x_wconf 84' lang='lat' dir='ltr'><strong>Eam</strong></span> <span class='ocrx_word' id='word_1_26' title='bbox 1718 584 1791 641; x_wconf 92' lang='lat' dir='ltr'><strong>ob</strong></span> <span class='ocrx_word' id='word_1_27' title='bbox 1823 599 1937 639; x_wconf 92' lang='lat' dir='ltr'><strong>rem</strong></span> <span class='ocrx_word' id='word_1_28' title='bbox 1969 598 2031 639; x_wconf 80' lang='lat' dir='ltr'><strong>ex</strong></span> <span class='ocrx_word' id='word_1_29' title='bbox 2060 599 2127 638; x_wconf 86' lang='lat' dir='ltr'><strong>eo</strong></span> <span class='ocrx_word' id='word_1_30' title='bbox 2160 593 2300 640; x_wconf 87' lang='lat' dir='ltr'><strong>tem-</strong></span> 
     </span>
    </p>
   </div>
   <div class='ocr_carea' id='block_1_5' title="bbox 704 676 2303 751">
    <p class='ocr_par' dir='ltr' id='par_1_5' title="bbox 704 676 2303 751">
     <span class='ocr_line' id='line_1_5' title="bbox 704 676 2303 751; baseline 0 -20"><span class='ocrx_word' id='word_1_31' title='bbox 704 697 836 751; x_wconf 72' lang='lat' dir='ltr'><strong>pore</strong></span> <span class='ocrx_word' id='word_1_32' title='bbox 874 680 1072 734; x_wconf 81' lang='lat' dir='ltr'><strong>Leonis</strong></span> <span class='ocrx_word' id='word_1_33' title='bbox 1094 677 1255 732; x_wconf 87' lang='lat' dir='ltr'><strong>collis</strong></span> <span class='ocrx_word' id='word_1_34' title='bbox 1305 678 1355 731; x_wconf 94' lang='lat' dir='ltr'><strong>ei</strong></span> <span class='ocrx_word' id='word_1_35' title='bbox 1390 678 1520 730; x_wconf 84' lang='lat' dir='ltr'><strong>colli</strong></span> <span class='ocrx_word' id='word_1_36' title='bbox 1570 691 1767 731; x_wconf 86' lang='lat' dir='ltr'><strong>nomen</strong></span> <span class='ocrx_word' id='word_1_37' title='bbox 1801 676 2035 731; x_wconf 88' lang='lat' dir='ltr'><strong>inditum</strong></span> <span class='ocrx_word' id='word_1_38' title='bbox 2065 686 2185 742; x_wconf 79' lang='lat' dir='ltr'><strong>est;</strong></span> <span class='ocrx_word' id='word_1_39' title='bbox 2238 690 2303 731; x_wconf 78' lang='lat' dir='ltr'><strong>ac</strong></span> 
     </span>
    </p>
   </div>
   <div class='ocr_carea' id='block_1_6' title="bbox 704 766 2302 839">
    <p class='ocr_par' dir='ltr' id='par_1_6' title="bbox 704 766 2302 839">
     <span class='ocr_line' id='line_1_6' title="bbox 704 766 2302 839; baseline -0.001 -15"><span class='ocrx_word' id='word_1_40' title='bbox 704 772 798 839; x_wconf 89' lang='lat' dir='ltr'><strong>qui</strong></span> <span class='ocrx_word' id='word_1_41' title='bbox 835 771 957 824; x_wconf 77' lang='lat' dir='ltr'><strong>illac</strong></span> <span class='ocrx_word' id='word_1_42' title='bbox 988 771 1090 823; x_wconf 91' lang='lat' dir='ltr'><strong>iter</strong></span> <span class='ocrx_word' id='word_1_43' title='bbox 1124 768 1327 823; x_wconf 91' lang='lat' dir='ltr'><strong>habent</strong></span> <span class='ocrx_word' id='word_1_44' title='bbox 1352 766 1593 836; x_wconf 70' lang='lat' dir='ltr'><strong>Bulgari,</strong></span> <span class='ocrx_word' id='word_1_45' title='bbox 1623 776 1789 835; x_wconf 85' lang='lat' dir='ltr'><strong>caput</strong></span> <span class='ocrx_word' id='word_1_46' title='bbox 1813 775 2098 822; x_wconf 79' lang='lat' dir='ltr'><strong>moventes</strong></span> <span class='ocrx_word' id='word_1_47' title='bbox 2118 766 2302 823; x_wconf 86' lang='lat' dir='ltr'><strong>locum</strong></span> 
     </span>
    </p>
   </div>
   <div class='ocr_carea' id='block_1_7' title="bbox 706 860 2305 933">
    <p class='ocr_par' dir='ltr' id='par_1_7' title="bbox 706 860 2305 933">
     <span class='ocr_line' id='line_1_7' title="bbox 706 860 2305 933; baseline -0.001 -17"><span class='ocrx_word' id='word_1_48' title='bbox 706 864 883 933; x_wconf 79' lang='lat' dir='ltr'><strong>digito</strong></span> <span class='ocrx_word' id='word_1_49' title='bbox 920 861 1244 921; x_wconf 87' lang='lat' dir='ltr'><strong>ostendunt.</strong></span> <span class='ocrx_word' id='word_1_50' title='bbox 1272 877 1373 915; x_wconf 91' lang='lat' dir='ltr'><strong>nec</strong></span> <span class='ocrx_word' id='word_1_51' title='bbox 1404 860 1708 929; x_wconf 88' lang='lat' dir='ltr'><strong>quidquam</strong></span> <span class='ocrx_word' id='word_1_52' title='bbox 1742 868 1982 929; x_wconf 71' lang='lat' dir='ltr'><strong>accepta:</strong></span> <span class='ocrx_word' id='word_1_53' title='bbox 2018 868 2147 914; x_wconf 91' lang='lat' dir='ltr'><strong>tunc</strong></span> <span class='ocrx_word' id='word_1_54' title='bbox 2189 860 2305 915; x_wconf 88' lang='lat' dir='ltr'><strong>cla-</strong></span> 
     </span>
    </p>
   </div>
   <div class='ocr_carea' id='block_1_8' title="bbox 706 954 1521 1010">
    <p class='ocr_par' dir='ltr' id='par_1_8' title="bbox 706 954 1521 1010">
     <span class='ocr_line' id='line_1_8' title="bbox 706 954 1521 1010; baseline -0.007 -1"><span class='ocrx_word' id='word_1_55' title='bbox 706 958 791 1010; x_wconf 86' lang='lat' dir='ltr'><strong>dis</strong></span> <span class='ocrx_word' id='word_1_56' title='bbox 819 954 1143 1009; x_wconf 82' lang='lat' dir='ltr'><strong>memoriam</strong></span> <span class='ocrx_word' id='word_1_57' title='bbox 1175 954 1521 1008; x_wconf 79' lang='lat' dir='ltr'><strong>oblitterant.</strong></span> 
     </span>
    </p>
   </div>
   <div class='ocr_carea' id='block_1_9' title="bbox 782 1044 2305 1116">
    <p class='ocr_par' dir='ltr' id='par_1_9' title="bbox 782 1044 2305 1116">
     <span class='ocr_line' id='line_1_9' title="bbox 782 1044 2305 1116; baseline 0.001 -16"><span class='ocrx_word' id='word_1_58' title='bbox 782 1050 869 1103; x_wconf 78' lang='grc'><strong>14.</strong></span> <span class='ocrx_word' id='word_1_59' title='bbox 890 1046 1040 1101; x_wconf 78' lang='lat' dir='ltr'><strong>Felix</strong></span> <span class='ocrx_word' id='word_1_60' title='bbox 1066 1063 1196 1115; x_wconf 84' lang='lat' dir='ltr'><strong>ergo</strong></span> <span class='ocrx_word' id='word_1_61' title='bbox 1222 1048 1311 1100; x_wconf 87' lang='lat' dir='ltr'><strong>ille</strong></span> <span class='ocrx_word' id='word_1_62' title='bbox 1337 1059 1627 1099; x_wconf 83' lang='lat' dir='ltr'><strong>successus</strong></span> <span class='ocrx_word' id='word_1_63' title='bbox 1654 1044 1976 1101; x_wconf 84' lang='lat' dir='ltr'><strong>ferociorem</strong></span> <span class='ocrx_word' id='word_1_64' title='bbox 2022 1046 2305 1116; x_wconf 81' lang='lat' dir='ltr'><strong>longeque</strong></span> 
     </span>
    </p>
   </div>
   <div class='ocr_carea' id='block_1_10' title="bbox 710 1136 2302 1207">
    <p class='ocr_par' dir='ltr' id='par_1_10' title="bbox 710 1136 2302 1207">
     <span class='ocr_line' id='line_1_10' title="bbox 710 1136 2302 1207; baseline -0.002 -12"><span class='ocrx_word' id='word_1_65' title='bbox 710 1140 1067 1195; x_wconf 78' lang='lat' dir='ltr'><strong>audaciorem</strong></span> <span class='ocrx_word' id='word_1_66' title='bbox 1102 1138 1381 1192; x_wconf 86' lang='lat' dir='ltr'><strong>hominem</strong></span> <span class='ocrx_word' id='word_1_67' title='bbox 1416 1137 1676 1203; x_wconf 77' lang='lat' dir='ltr'><strong>reddidit,</strong></span> <span class='ocrx_word' id='word_1_68' title='bbox 1706 1136 1874 1207; x_wconf 90' lang='lat' dir='ltr'><strong>inque</strong></span> <span class='ocrx_word' id='word_1_69' title='bbox 1907 1152 2027 1190; x_wconf 92' lang='lat' dir='ltr'><strong>eam</strong></span> <span class='ocrx_word' id='word_1_70' title='bbox 2056 1136 2302 1193; x_wconf 84' lang='lat' dir='ltr'><strong>crudeli-</strong></span> 
     </span>
    </p>
   </div>
   <div class='ocr_carea' id='block_1_11' title="bbox 711 1225 2305 1298">
    <p class='ocr_par' dir='ltr' id='par_1_11' title="bbox 711 1225 2305 1298">
     <span class='ocr_line' id='line_1_11' title="bbox 711 1225 2305 1298; baseline -0.003 -13"><span class='ocrx_word' id='word_1_71' title='bbox 711 1242 876 1286; x_wconf 82' lang='lat' dir='ltr'><strong>tatem</strong></span> <span class='ocrx_word' id='word_1_72' title='bbox 912 1233 966 1284; x_wconf 92' lang='lat' dir='ltr'><strong>in</strong></span> <span class='ocrx_word' id='word_1_73' title='bbox 994 1247 1101 1298; x_wconf 88' lang='lat' dir='ltr'><strong>qua</strong></span> <span class='ocrx_word' id='word_1_74' title='bbox 1130 1229 1309 1282; x_wconf 81' lang='lat' dir='ltr'><strong>fuerat</strong></span> <span class='ocrx_word' id='word_1_75' title='bbox 1331 1228 1601 1283; x_wconf 82' lang='lat' dir='ltr'><strong>educatus</strong></span> <span class='ocrx_word' id='word_1_76' title='bbox 1632 1228 1869 1297; x_wconf 84' lang='lat' dir='ltr'><strong>impulit.</strong></span> <span class='ocrx_word' id='word_1_77' title='bbox 1894 1225 2056 1282; x_wconf 86' lang='lat' dir='ltr'><strong>Nulla</strong></span> <span class='ocrx_word' id='word_1_78' title='bbox 2078 1228 2155 1283; x_wconf 90' lang='lat' dir='ltr'><strong>illi</strong></span> <span class='ocrx_word' id='word_1_79' title='bbox 2184 1244 2305 1283; x_wconf 87' lang='lat' dir='ltr'><strong>ma—</strong></span> 
     </span>
    </p>
   </div>
   <div class='ocr_carea' id='block_1_12' title="bbox 706 1319 2305 1393">
    <p class='ocr_par' dir='ltr' id='par_1_12' title="bbox 706 1319 2305 1393">
     <span class='ocr_line' id='line_1_12' title="bbox 706 1319 2305 1393; baseline -0.001 -16"><span class='ocrx_word' id='word_1_80' title='bbox 706 1324 852 1393; x_wconf 83' lang='lat' dir='ltr'><strong>joris</strong></span> <span class='ocrx_word' id='word_1_81' title='bbox 880 1322 1179 1376; x_wconf 90' lang='lat' dir='ltr'><strong>minorisve</strong></span> <span class='ocrx_word' id='word_1_82' title='bbox 1206 1321 1430 1375; x_wconf 87' lang='lat' dir='ltr'><strong>sceleris</strong></span> <span class='ocrx_word' id='word_1_83' title='bbox 1448 1319 1731 1375; x_wconf 88' lang='lat' dir='ltr'><strong>distinctio</strong></span> <span class='ocrx_word' id='word_1_84' title='bbox 1760 1334 1774 1372; x_wconf 89' lang='lat'><strong>:</strong></span> <span class='ocrx_word' id='word_1_85' title='bbox 1799 1320 1895 1375; x_wconf 83' lang='lat' dir='ltr'><strong>sed</strong></span> <span class='ocrx_word' id='word_1_86' title='bbox 1915 1321 1963 1375; x_wconf 93' lang='lat' dir='ltr'><strong>si</strong></span> <span class='ocrx_word' id='word_1_87' title='bbox 1982 1321 2109 1390; x_wconf 82' lang='lat' dir='ltr'><strong>quis</strong></span> <span class='ocrx_word' id='word_1_88' title='bbox 2137 1321 2305 1375; x_wconf 84' lang='lat' dir='ltr'><strong>ullius</strong></span> 
     </span>
    </p>
   </div>
   <div class='ocr_carea' id='block_1_13' title="bbox 712 1414 2304 1485">
    <p class='ocr_par' dir='ltr' id='par_1_13' title="bbox 712 1414 2304 1485">
     <span class='ocr_line' id='line_1_13' title="bbox 712 1414 2304 1485; baseline -0.002 -14"><span class='ocrx_word' id='word_1_89' title='bbox 712 1416 937 1471; x_wconf 84' lang='lat' dir='ltr'><strong>sceleris</strong></span> <span class='ocrx_word' id='word_1_90' title='bbox 972 1432 1099 1470; x_wconf 90' lang='lat' dir='ltr'><strong>rcus</strong></span> <span class='ocrx_word' id='word_1_91' title='bbox 1151 1416 1262 1485; x_wconf 76' lang='lat'><strong>26</strong></span> <span class='ocrx_word' id='word_1_92' title='bbox 1318 1424 1617 1480; x_wconf 89' lang='lat' dir='ltr'><strong>teneretur,</strong></span> <span class='ocrx_word' id='word_1_93' title='bbox 1677 1430 1787 1469; x_wconf 91' lang='lat' dir='ltr'><strong>una</strong></span> <span class='ocrx_word' id='word_1_94' title='bbox 1821 1416 1955 1483; x_wconf 65' lang='lat' dir='ltr'><strong>jerat</strong></span> <span class='ocrx_word' id='word_1_95' title='bbox 2005 1414 2304 1478; x_wconf 89' lang='lat' dir='ltr'><strong>sententia,</strong></span> 
     </span>
    </p>
   </div>
   <div class='ocr_carea' id='block_1_14' title="bbox 712 1506 2305 1577">
    <p class='ocr_par' dir='ltr' id='par_1_14' title="bbox 712 1506 2305 1577">
     <span class='ocr_line' id='line_1_14' title="bbox 712 1506 2305 1577; baseline -0.001 -14"><span class='ocrx_word' id='word_1_96' title='bbox 712 1525 821 1563; x_wconf 86' lang='lat' dir='ltr'><strong>una</strong></span> <span class='ocrx_word' id='word_1_97' title='bbox 867 1508 1027 1573; x_wconf 85' lang='lat' dir='ltr'><strong>ultio,</strong></span> <span class='ocrx_word' id='word_1_98' title='bbox 1060 1508 1309 1577; x_wconf 92' lang='lat' dir='ltr'><strong>cujusvis</strong></span> <span class='ocrx_word' id='word_1_99' title='bbox 1359 1506 1662 1561; x_wconf 81' lang='lat' dir='ltr'><strong>necessarii</strong></span> <span class='ocrx_word' id='word_1_100' title='bbox 1714 1506 1944 1562; x_wconf 85' lang='lat' dir='ltr'><strong>membri</strong></span> <span class='ocrx_word' id='word_1_101' title='bbox 1998 1506 2305 1576; x_wconf 76' lang='lat' dir='ltr'><strong>amputatio</strong></span> 
     </span>
    </p>
   </div>
   <div class='ocr_carea' id='block_1_15' title="bbox 713 1595 2306 1670">
    <p class='ocr_par' dir='ltr' id='par_1_15' title="bbox 713 1595 2306 1670">
     <span class='ocr_line' id='line_1_15' title="bbox 713 1595 2306 1670; baseline -0.003 -17"><span class='ocrx_word' id='word_1_102' title='bbox 713 1600 879 1670; x_wconf 82' lang='lat' dir='ltr'><strong>inque</strong></span> <span class='ocrx_word' id='word_1_103' title='bbox 947 1600 1197 1653; x_wconf 89' lang='lat' dir='ltr'><strong>omnium</strong></span> <span class='ocrx_word' id='word_1_104' title='bbox 1257 1600 1437 1652; x_wconf 91' lang='lat' dir='ltr'><strong>oculis</strong></span> <span class='ocrx_word' id='word_1_105' title='bbox 1499 1598 1713 1666; x_wconf 87' lang='lat' dir='ltr'><strong>publica</strong></span> <span class='ocrx_word' id='word_1_106' title='bbox 1791 1595 2059 1666; x_wconf 87' lang='lat' dir='ltr'><strong>amputati</strong></span> <span class='ocrx_word' id='word_1_107' title='bbox 2123 1610 2306 1649; x_wconf 86' lang='lat' dir='ltr'><strong>mem-</strong></span> 
     </span>
    </p>
   </div>
   <div class='ocr_carea' id='block_1_16' title="bbox 715 1685 2307 1760">
    <p class='ocr_par' dir='ltr' id='par_1_16' title="bbox 715 1685 2307 1760">
     <span class='ocr_line' id='line_1_16' title="bbox 715 1685 2307 1760; baseline -0.004 -16"><span class='ocrx_word' id='word_1_108' title='bbox 715 1694 796 1744; x_wconf 80' lang='lat' dir='ltr'><strong>hii</strong></span> <span class='ocrx_word' id='word_1_109' title='bbox 841 1692 1156 1760; x_wconf 88' lang='lat' dir='ltr'><strong>suspensio.</strong></span> <span class='ocrx_word' id='word_1_110' title='bbox 1217 1687 1342 1741; x_wconf 75' lang='lat' dir='ltr'><strong>llzec</strong></span> <span class='ocrx_word' id='word_1_111' title='bbox 1397 1689 1476 1741; x_wconf 88' lang='lat' dir='ltr'><strong>sic</strong></span> <span class='ocrx_word' id='word_1_112' title='bbox 1535 1687 1657 1741; x_wconf 86' lang='lat' dir='ltr'><strong>dira</strong></span> <span class='ocrx_word' id='word_1_113' title='bbox 1712 1701 1840 1741; x_wconf 89' lang='lat' dir='ltr'><strong>cum</strong></span> <span class='ocrx_word' id='word_1_114' title='bbox 1897 1685 1953 1739; x_wconf 91' lang='lat' dir='ltr'><strong>in</strong></span> <span class='ocrx_word' id='word_1_115' title='bbox 1986 1700 2185 1741; x_wconf 90' lang='lat' dir='ltr'><strong>omnes</strong></span> <span class='ocrx_word' id='word_1_116' title='bbox 2216 1686 2307 1739; x_wconf 87' lang='lat' dir='ltr'><strong>ille</strong></span> 
     </span>
    </p>
   </div>
   <div class='ocr_carea' id='block_1_17' title="bbox 716 1778 2303 1853">
    <p class='ocr_par' dir='ltr' id='par_1_17' title="bbox 716 1778 2303 1853">
     <span class='ocr_line' id='line_1_17' title="bbox 716 1778 2303 1853; baseline -0.003 -17"><span class='ocrx_word' id='word_1_117' title='bbox 716 1784 1060 1851; x_wconf 77' lang='lat' dir='ltr'><strong>designaret,</strong></span> <span class='ocrx_word' id='word_1_118' title='bbox 1097 1796 1264 1853; x_wconf 72' lang='lat' dir='ltr'><strong>grave</strong></span> <span class='ocrx_word' id='word_1_119' title='bbox 1300 1781 1352 1833; x_wconf 94' lang='lat' dir='ltr'><strong>in</strong></span> <span class='ocrx_word' id='word_1_120' title='bbox 1395 1794 1453 1833; x_wconf 92' lang='lat' dir='ltr'><strong>se</strong></span> <span class='ocrx_word' id='word_1_121' title='bbox 1486 1779 1674 1833; x_wconf 91' lang='lat' dir='ltr'><strong>odium</strong></span> <span class='ocrx_word' id='word_1_122' title='bbox 1708 1778 1956 1833; x_wconf 93' lang='lat' dir='ltr'><strong>omnium</strong></span> <span class='ocrx_word' id='word_1_123' title='bbox 1984 1778 2303 1833; x_wconf 90' lang='lat' dir='ltr'><strong>concitavit.</strong></span> 
     </span>
    </p>
   </div>
   <div class='ocr_carea' id='block_1_18' title="bbox 714 1870 2309 1941">
    <p class='ocr_par' dir='ltr' id='par_1_18' title="bbox 714 1870 2309 1941">
     <span class='ocr_line' id='line_1_18' title="bbox 714 1870 2309 1941; baseline -0.003 -12"><span class='ocrx_word' id='word_1_124' title='bbox 714 1878 854 1929; x_wconf 72' lang='lat' dir='ltr'><strong>Cum</strong></span> <span class='ocrx_word' id='word_1_125' title='bbox 912 1876 1057 1928; x_wconf 88' lang='lat' dir='ltr'><strong>enim</strong></span> <span class='ocrx_word' id='word_1_126' title='bbox 1113 1875 1353 1928; x_wconf 91' lang='lat' dir='ltr'><strong>nativam</strong></span> <span class='ocrx_word' id='word_1_127' title='bbox 1408 1873 1558 1926; x_wconf 90' lang='lat' dir='ltr'><strong>illam</strong></span> <span class='ocrx_word' id='word_1_128' title='bbox 1610 1873 1727 1925; x_wconf 89' lang='lat' dir='ltr'><strong>dire</strong></span> <span class='ocrx_word' id='word_1_129' title='bbox 1756 1870 2014 1925; x_wconf 83' lang='lat' dir='ltr'><strong>efl&#39;renem</strong></span> <span class='ocrx_word' id='word_1_130' title='bbox 2049 1871 2309 1941; x_wconf 88' lang='lat' dir='ltr'><strong>nulloque</strong></span> 
     </span>
    </p>
   </div>
   <div class='ocr_carea' id='block_1_19' title="bbox 720 1962 2307 2034">
    <p class='ocr_par' dir='ltr' id='par_1_19' title="bbox 720 1962 2307 2034">
     <span class='ocr_line' id='line_1_19' title="bbox 720 1962 2307 2034; baseline 0 -16"><span class='ocrx_word' id='word_1_131' title='bbox 720 1966 892 2019; x_wconf 82' lang='lat' dir='ltr'><strong>modo</strong></span> <span class='ocrx_word' id='word_1_132' title='bbox 920 1965 1246 2034; x_wconf 79' lang='lat' dir='ltr'><strong>castigatam</strong></span> <span class='ocrx_word' id='word_1_133' title='bbox 1280 1974 1377 2018; x_wconf 90' lang='lat' dir='ltr'><strong>aut</strong></span> <span class='ocrx_word' id='word_1_134' title='bbox 1425 1965 1491 2017; x_wconf 84' lang='lat' dir='ltr'><strong>ad</strong></span> <span class='ocrx_word' id='word_1_135' title='bbox 1543 1964 1826 2017; x_wconf 85' lang='lat' dir='ltr'><strong>lenitatem</strong></span> <span class='ocrx_word' id='word_1_136' title='bbox 1855 1977 1919 2017; x_wconf 91' lang='lat' dir='ltr'><strong>ac</strong></span> <span class='ocrx_word' id='word_1_137' title='bbox 1957 1962 2307 2018; x_wconf 87' lang='lat' dir='ltr'><strong>clementiam</strong></span> 
     </span>
    </p>
   </div>
   <div class='ocr_carea' id='block_1_20' title="bbox 718 2056 2311 2125">
    <p class='ocr_par' dir='ltr' id='par_1_20' title="bbox 718 2056 2311 2125">
     <span class='ocr_line' id='line_1_20' title="bbox 718 2056 2311 2125; baseline -0.001 -14"><span class='ocrx_word' id='word_1_138' title='bbox 718 2067 1035 2125; x_wconf 76' lang='lat' dir='ltr'><strong>vergentem</strong></span> <span class='ocrx_word' id='word_1_139' title='bbox 1066 2056 1346 2111; x_wconf 76' lang='lat' dir='ltr'><strong>feritatem</strong></span> <span class='ocrx_word' id='word_1_140' title='bbox 1381 2056 1609 2116; x_wconf 87' lang='lat' dir='ltr'><strong>coleret,</strong></span> <span class='ocrx_word' id='word_1_141' title='bbox 1642 2063 1939 2124; x_wconf 87' lang='lat' dir='ltr'><strong>cognatum</strong></span> <span class='ocrx_word' id='word_1_142' title='bbox 1972 2069 2150 2124; x_wconf 86' lang='lat' dir='ltr'><strong>genus</strong></span> <span class='ocrx_word' id='word_1_143' title='bbox 2182 2069 2311 2109; x_wconf 91' lang='lat' dir='ltr'><strong>cru-</strong></span> 
     </span>
    </p>
   </div>
   <div class='ocr_carea' id='block_1_21' title="bbox 718 2132 2313 2217">
    <p class='ocr_par' dir='ltr' id='par_1_21' title="bbox 718 2132 2313 2217">
     <span class='ocr_line' id='line_1_21' title="bbox 718 2132 2313 2217; baseline -0.003 -13"><span class='ocrx_word' id='word_1_144' title='bbox 718 2151 913 2204; x_wconf 81' lang='lat' dir='ltr'><strong>deliter</strong></span> <span class='ocrx_word' id='word_1_145' title='bbox 936 2150 1197 2203; x_wconf 80' lang='lat' dir='ltr'><strong>divexans</strong></span> <span class='ocrx_word' id='word_1_146' title='bbox 1225 2164 1287 2202; x_wconf 87' lang='lat' dir='ltr'><strong>ac</strong></span> <span class='ocrx_word' id='word_1_147' title='bbox 1313 2146 1650 2217; x_wconf 90' lang='lat' dir='ltr'><strong>contemptui</strong></span> <span class='ocrx_word' id='word_1_148' title='bbox 1684 2146 1918 2214; x_wconf 82' lang='lat' dir='ltr'><strong>habens,</strong></span> <span class='ocrx_word' id='word_1_149' title='bbox 1944 2132 1998 2201; x_wconf 84' lang='lat' dir='ltr'><strong>id</strong></span> <span class='ocrx_word' id='word_1_150' title='bbox 2021 2162 2153 2201; x_wconf 82' lang='lat' dir='ltr'><strong>vero</strong></span> <span class='ocrx_word' id='word_1_151' title='bbox 2179 2161 2313 2203; x_wconf 88' lang='lat' dir='ltr'><strong>con-</strong></span> 
     </span>
    </p>
   </div>
   <div class='ocr_carea' id='block_1_22' title="bbox 720 2240 2308 2310">
    <p class='ocr_par' dir='ltr' id='par_1_22' title="bbox 720 2240 2308 2310">
     <span class='ocr_line' id='line_1_22' title="bbox 720 2240 2308 2310; baseline -0.002 -12"><span class='ocrx_word' id='word_1_152' title='bbox 720 2254 945 2298; x_wconf 83' lang='lat' dir='ltr'><strong>secutus</strong></span> <span class='ocrx_word' id='word_1_153' title='bbox 974 2251 1061 2296; x_wconf 93' lang='lat' dir='ltr'><strong>est</strong></span> <span class='ocrx_word' id='word_1_154' title='bbox 1089 2252 1150 2297; x_wconf 90' lang='lat' dir='ltr'><strong>ut</strong></span> <span class='ocrx_word' id='word_1_155' title='bbox 1178 2257 1302 2295; x_wconf 91' lang='lat' dir='ltr'><strong>eum</strong></span> <span class='ocrx_word' id='word_1_156' title='bbox 1324 2241 1573 2299; x_wconf 87' lang='lat' dir='ltr'><strong>odissent</strong></span> <span class='ocrx_word' id='word_1_157' title='bbox 1594 2255 1810 2305; x_wconf 86' lang='lat' dir='ltr'><strong>omnes,</strong></span> <span class='ocrx_word' id='word_1_158' title='bbox 1840 2255 2005 2296; x_wconf 87' lang='lat' dir='ltr'><strong>nemo</strong></span> <span class='ocrx_word' id='word_1_159' title='bbox 2035 2240 2308 2310; x_wconf 76' lang='lat' dir='ltr'><strong>diligeret.</strong></span> 
     </span>
    </p>
   </div>
   <div class='ocr_carea' id='block_1_23' title="bbox 797 2331 2310 2403">
    <p class='ocr_par' dir='ltr' id='par_1_23' title="bbox 797 2331 2310 2403">
     <span class='ocr_line' id='line_1_23' title="bbox 797 2331 2310 2403; baseline 0 -16"><span class='ocrx_word' id='word_1_160' title='bbox 797 2336 883 2388; x_wconf 79' lang='grc'><strong>15.</strong></span> <span class='ocrx_word' id='word_1_161' title='bbox 916 2333 971 2387; x_wconf 90' lang='lat' dir='ltr'><strong>lu</strong></span> <span class='ocrx_word' id='word_1_162' title='bbox 1014 2335 1161 2388; x_wconf 86' lang='lat' dir='ltr'><strong>hunc</strong></span> <span class='ocrx_word' id='word_1_163' title='bbox 1192 2333 1378 2403; x_wconf 86' lang='lat' dir='ltr'><strong>itaque</strong></span> <span class='ocrx_word' id='word_1_164' title='bbox 1405 2334 1625 2387; x_wconf 91' lang='lat' dir='ltr'><strong>modum</strong></span> <span class='ocrx_word' id='word_1_165' title='bbox 1656 2348 1789 2386; x_wconf 87' lang='lat' dir='ltr'><strong>suas</strong></span> <span class='ocrx_word' id='word_1_166' title='bbox 1823 2332 1913 2387; x_wconf 85' lang='lat' dir='ltr'><strong>ille</strong></span> <span class='ocrx_word' id='word_1_167' title='bbox 1939 2346 2029 2387; x_wconf 89' lang='lat' dir='ltr'><strong>res</strong></span> <span class='ocrx_word' id='word_1_168' title='bbox 2052 2331 2310 2403; x_wconf 85' lang='lat' dir='ltr'><strong>dispone-</strong></span> 
     </span>
    </p>
   </div>
   <div class='ocr_carea' id='block_1_24' title="bbox 724 2425 2315 2498">
    <p class='ocr_par' dir='ltr' id='par_1_24' title="bbox 724 2425 2315 2498">
     <span class='ocr_line' id='line_1_24' title="bbox 724 2425 2315 2498; baseline -0.003 -15"><span class='ocrx_word' id='word_1_169' title='bbox 724 2431 837 2495; x_wconf 88' lang='lat' dir='ltr'><strong>bat,</strong></span> <span class='ocrx_word' id='word_1_170' title='bbox 870 2430 1128 2498; x_wconf 77' lang='lat' dir='ltr'><strong>venitque</strong></span> <span class='ocrx_word' id='word_1_171' title='bbox 1156 2428 1205 2482; x_wconf 92' lang='lat' dir='ltr'><strong>ei</strong></span> <span class='ocrx_word' id='word_1_172' title='bbox 1254 2428 1308 2481; x_wconf 91' lang='lat' dir='ltr'><strong>iu</strong></span> <span class='ocrx_word' id='word_1_173' title='bbox 1347 2434 1586 2481; x_wconf 79' lang='lat' dir='ltr'><strong>mentem</strong></span> <span class='ocrx_word' id='word_1_174' title='bbox 1639 2425 2085 2481; x_wconf 86' lang='lat' dir='ltr'><strong>Philomeliensis</strong></span> <span class='ocrx_word' id='word_1_175' title='bbox 2121 2440 2315 2481; x_wconf 77' lang='lat' dir='ltr'><strong>mona-</strong></span> 
     </span>
    </p>
   </div>
   <div class='ocr_carea' id='block_1_25' title="bbox 722 2518 2315 2592">
    <p class='ocr_par' dir='ltr' id='par_1_25' title="bbox 722 2518 2315 2592">
     <span class='ocr_line' id='line_1_25' title="bbox 722 2518 2315 2592; baseline -0.002 -16"><span class='ocrx_word' id='word_1_176' title='bbox 722 2524 883 2586; x_wconf 90' lang='lat' dir='ltr'><strong>chus,</strong></span> <span class='ocrx_word' id='word_1_177' title='bbox 936 2523 1168 2592; x_wconf 75' lang='lat' dir='ltr'><strong>ejusque</strong></span> <span class='ocrx_word' id='word_1_178' title='bbox 1232 2520 1301 2575; x_wconf 88' lang='lat' dir='ltr'><strong>de</strong></span> <span class='ocrx_word' id='word_1_179' title='bbox 1352 2535 1412 2575; x_wconf 91' lang='lat' dir='ltr'><strong>se</strong></span> <span class='ocrx_word' id='word_1_180' title='bbox 1465 2518 1711 2574; x_wconf 84' lang='lat' dir='ltr'><strong>vaticinii</strong></span> <span class='ocrx_word' id='word_1_181' title='bbox 1763 2532 1995 2573; x_wconf 87' lang='lat' dir='ltr'><strong>munera</strong></span> <span class='ocrx_word' id='word_1_182' title='bbox 2053 2527 2315 2587; x_wconf 71' lang='lat' dir='ltr'><strong>prmstare</strong></span> 
     </span>
    </p>
   </div>
   <div class='ocr_carea' id='block_1_26' title="bbox 722 2608 2311 2677">
    <p class='ocr_par' dir='ltr' id='par_1_26' title="bbox 722 2608 2311 2677">
     <span class='ocr_line' id='line_1_26' title="bbox 722 2608 2311 2677; baseline -0.004 -10"><span class='ocrx_word' id='word_1_183' title='bbox 722 2613 1039 2677; x_wconf 77' lang='lat' dir='ltr'><strong>constituit,</strong></span> <span class='ocrx_word' id='word_1_184' title='bbox 1075 2611 1263 2667; x_wconf 87' lang='lat' dir='ltr'><strong>missis</strong></span> <span class='ocrx_word' id='word_1_185' title='bbox 1296 2610 1350 2664; x_wconf 93' lang='lat' dir='ltr'><strong>in</strong></span> <span class='ocrx_word' id='word_1_186' title='bbox 1392 2620 1747 2666; x_wconf 88' lang='lat' dir='ltr'><strong>antecessum</strong></span> <span class='ocrx_word' id='word_1_187' title='bbox 1782 2608 2156 2673; x_wconf 87' lang='lat' dir='ltr'><strong>munusculis,</strong></span> <span class='ocrx_word' id='word_1_188' title='bbox 2183 2608 2311 2677; x_wconf 88' lang='lat' dir='ltr'><strong>qui-</strong></span> 
     </span>
    </p>
   </div>
   <div class='ocr_carea' id='block_1_27' title="bbox 728 2699 2311 2774">
    <p class='ocr_par' dir='ltr' id='par_1_27' title="bbox 728 2699 2311 2774">
     <span class='ocr_line' id='line_1_27' title="bbox 728 2699 2311 2774; baseline -0.005 -15"><span class='ocrx_word' id='word_1_189' title='bbox 728 2707 831 2759; x_wconf 88' lang='lat' dir='ltr'><strong>bus</strong></span> <span class='ocrx_word' id='word_1_190' title='bbox 860 2713 1076 2774; x_wconf 80' lang='lat' dir='ltr'><strong>gratum</strong></span> <span class='ocrx_word' id='word_1_191' title='bbox 1112 2704 1363 2757; x_wconf 84' lang='lat' dir='ltr'><strong>animum</strong></span> <span class='ocrx_word' id='word_1_192' title='bbox 1398 2716 1561 2756; x_wconf 88' lang='lat' dir='ltr'><strong>suum</strong></span> <span class='ocrx_word' id='word_1_193' title='bbox 1605 2701 1659 2754; x_wconf 91' lang='lat' dir='ltr'><strong>in</strong></span> <span class='ocrx_word' id='word_1_194' title='bbox 1693 2715 1819 2755; x_wconf 90' lang='lat' dir='ltr'><strong>eum</strong></span> <span class='ocrx_word' id='word_1_195' title='bbox 1849 2699 2188 2764; x_wconf 85' lang='lat' dir='ltr'><strong>ostenderet,</strong></span> <span class='ocrx_word' id='word_1_196' title='bbox 2218 2712 2311 2752; x_wconf 90' lang='lat' dir='ltr'><strong>ro-</strong></span> 
     </span>
    </p>
   </div>
   <div class='ocr_carea' id='block_1_28' title="bbox 725 2791 2316 2867">
    <p class='ocr_par' dir='ltr' id='par_1_28' title="bbox 725 2791 2316 2867">
     <span class='ocr_line' id='line_1_28' title="bbox 725 2791 2316 2867; baseline -0.002 -17"><span class='ocrx_word' id='word_1_197' title='bbox 725 2813 861 2867; x_wconf 84' lang='lat' dir='ltr'><strong>gans</strong></span> <span class='ocrx_word' id='word_1_198' title='bbox 893 2813 921 2850; x_wconf 89' lang='lat' dir='ltr'><strong>a</strong></span> <span class='ocrx_word' id='word_1_199' title='bbox 965 2796 1072 2851; x_wconf 84' lang='lat' dir='ltr'><strong>Deo</strong></span> <span class='ocrx_word' id='word_1_200' title='bbox 1106 2795 1404 2866; x_wconf 87' lang='lat' dir='ltr'><strong>impetrare</strong></span> <span class='ocrx_word' id='word_1_201' title='bbox 1434 2804 1494 2848; x_wconf 84' lang='lat' dir='ltr'><strong>ut</strong></span> <span class='ocrx_word' id='word_1_202' title='bbox 1526 2793 1819 2863; x_wconf 87' lang='lat' dir='ltr'><strong>imperiu</strong></span> <span class='ocrx_word' id='word_1_203' title='bbox 1864 2806 2028 2846; x_wconf 87' lang='lat' dir='ltr'><strong>suum</strong></span> <span class='ocrx_word' id='word_1_204' title='bbox 2060 2791 2316 2847; x_wconf 73' lang='lat' dir='ltr'><strong>victoriis</strong></span> 
     </span>
    </p>
   </div>
   <div class='ocr_carea' id='block_1_29' title="bbox 725 2883 2317 2957">
    <p class='ocr_par' dir='ltr' id='par_1_29' title="bbox 725 2883 2317 2957">
     <span class='ocr_line' id='line_1_29' title="bbox 725 2883 2317 2957; baseline -0.004 -14"><span class='ocrx_word' id='word_1_205' title='bbox 725 2898 972 2957; x_wconf 79' lang='lat' dir='ltr'><strong>augeret.</strong></span> <span class='ocrx_word' id='word_1_206' title='bbox 1012 2887 1213 2941; x_wconf 79' lang='lat' dir='ltr'><strong>Verum</strong></span> <span class='ocrx_word' id='word_1_207' title='bbox 1245 2888 1336 2940; x_wconf 84' lang='lat' dir='ltr'><strong>ille</strong></span> <span class='ocrx_word' id='word_1_208' title='bbox 1363 2886 1477 2955; x_wconf 83' lang='lat' dir='ltr'><strong>jam</strong></span> <span class='ocrx_word' id='word_1_209' title='bbox 1519 2900 1551 2939; x_wconf 93' lang='lat' dir='ltr'><strong>e</strong></span> <span class='ocrx_word' id='word_1_210' title='bbox 1584 2884 1725 2939; x_wconf 84' lang='lat' dir='ltr'><strong>vivis</strong></span> <span class='ocrx_word' id='word_1_211' title='bbox 1771 2892 2106 2949; x_wconf 81' lang='lat' dir='ltr'><strong>excesserat,</strong></span> <span class='ocrx_word' id='word_1_212' title='bbox 2138 2883 2317 2937; x_wconf 88' lang='lat' dir='ltr'><strong>malus</strong></span> 
     </span>
    </p>
   </div>
   <div class='ocr_carea' id='block_1_30' title="bbox 727 2974 2322 3049">
    <p class='ocr_par' dir='ltr' id='par_1_30' title="bbox 727 2974 2322 3049">
     <span class='ocr_line' id='line_1_30' title="bbox 727 2974 2322 3049; baseline -0.006 -12"><span class='ocrx_word' id='word_1_213' title='bbox 727 2993 913 3037; x_wconf 84' lang='lat' dir='ltr'><strong>autem</strong></span> <span class='ocrx_word' id='word_1_214' title='bbox 946 2980 1171 3049; x_wconf 84' lang='lat' dir='ltr'><strong>quidam</strong></span> <span class='ocrx_word' id='word_1_215' title='bbox 1206 2994 1270 3031; x_wconf 87' lang='lat' dir='ltr'><strong>ac</strong></span> <span class='ocrx_word' id='word_1_216' title='bbox 1305 2978 1524 3031; x_wconf 89' lang='lat' dir='ltr'><strong>invidus</strong></span> <span class='ocrx_word' id='word_1_217' title='bbox 1555 2977 1770 3031; x_wconf 64' lang='lat' dir='ltr'><strong>daamon</strong></span> <span class='ocrx_word' id='word_1_218' title='bbox 1805 2975 1929 3045; x_wconf 92' lang='lat' dir='ltr'><strong>(nec</strong></span> <span class='ocrx_word' id='word_1_219' title='bbox 1964 2974 2110 3029; x_wconf 89' lang='lat' dir='ltr'><strong>enim</strong></span> <span class='ocrx_word' id='word_1_220' title='bbox 2140 2974 2322 3028; x_wconf 81' lang='lat' dir='ltr'><strong>homi-</strong></span> 
     </span>
    </p>
   </div>
   <div class='ocr_carea' id='block_1_31' title="bbox 728 3067 2319 3143">
    <p class='ocr_par' dir='ltr' id='par_1_31' title="bbox 728 3067 2319 3143">
     <span class='ocr_line' id='line_1_31' title="bbox 728 3067 2319 3143; baseline -0.006 -13"><span class='ocrx_word' id='word_1_221' title='bbox 728 3091 853 3130; x_wconf 89' lang='lat' dir='ltr'><strong>nem</strong></span> <span class='ocrx_word' id='word_1_222' title='bbox 876 3074 1225 3143; x_wconf 81' lang='lat' dir='ltr'><strong>appellavero</strong></span> <span class='ocrx_word' id='word_1_223' title='bbox 1244 3071 1337 3141; x_wconf 92' lang='lat' dir='ltr'><strong>qui</strong></span> <span class='ocrx_word' id='word_1_224' title='bbox 1374 3069 1558 3124; x_wconf 85' lang='lat' dir='ltr'><strong>omnia</strong></span> <span class='ocrx_word' id='word_1_225' title='bbox 1596 3068 1823 3122; x_wconf 86' lang='lat' dir='ltr'><strong>miscuit</strong></span> <span class='ocrx_word' id='word_1_226' title='bbox 1853 3067 2224 3135; x_wconf 85' lang='lat' dir='ltr'><strong>turbavitque,</strong></span> <span class='ocrx_word' id='word_1_227' title='bbox 2254 3081 2319 3121; x_wconf 90' lang='lat' dir='ltr'><strong>ac</strong></span> 
     </span>
    </p>
   </div>
   <div class='ocr_carea' id='block_1_32' title="bbox 729 3160 2313 3236">
    <p class='ocr_par' dir='ltr' id='par_1_32' title="bbox 729 3160 2313 3236">
     <span class='ocr_line' id='line_1_32' title="bbox 729 3160 2313 3236; baseline -0.006 -13"><span class='ocrx_word' id='word_1_228' title='bbox 729 3167 943 3236; x_wconf 88' lang='lat' dir='ltr'><strong>antiqui</strong></span> <span class='ocrx_word' id='word_1_229' title='bbox 995 3166 1266 3235; x_wconf 87' lang='lat' dir='ltr'><strong>serpentis</strong></span> <span class='ocrx_word' id='word_1_230' title='bbox 1294 3177 1447 3218; x_wconf 90' lang='lat' dir='ltr'><strong>more</strong></span> <span class='ocrx_word' id='word_1_231' title='bbox 1476 3161 1664 3216; x_wconf 87' lang='lat' dir='ltr'><strong>miseri</strong></span> <span class='ocrx_word' id='word_1_232' title='bbox 1695 3160 1896 3215; x_wconf 87' lang='lat' dir='ltr'><strong>Leonis</strong></span> <span class='ocrx_word' id='word_1_233' title='bbox 1928 3160 2181 3227; x_wconf 81' lang='lat' dir='ltr'><strong>auribus,</strong></span> <span class='ocrx_word' id='word_1_234' title='bbox 2213 3162 2313 3215; x_wconf 88' lang='lat' dir='ltr'><strong>ho-</strong></span> 
     </span>
    </p>
   </div>
   <div class='ocr_carea' id='block_1_33' title="bbox 731 3255 2316 3326">
    <p class='ocr_par' dir='ltr' id='par_1_33' title="bbox 731 3255 2316 3326">
     <span class='ocr_line' id='line_1_33' title="bbox 731 3255 2316 3326; baseline -0.004 -10"><span class='ocrx_word' id='word_1_235' title='bbox 731 3262 900 3316; x_wconf 83' lang='lat' dir='ltr'><strong>minis</strong></span> <span class='ocrx_word' id='word_1_236' title='bbox 929 3259 1141 3314; x_wconf 89' lang='lat' dir='ltr'><strong>scilicet</strong></span> <span class='ocrx_word' id='word_1_237' title='bbox 1183 3258 1345 3326; x_wconf 89' lang='lat' dir='ltr'><strong>cujus</strong></span> <span class='ocrx_word' id='word_1_238' title='bbox 1380 3272 1537 3311; x_wconf 91' lang='lat' dir='ltr'><strong>mens</strong></span> <span class='ocrx_word' id='word_1_239' title='bbox 1578 3257 1761 3310; x_wconf 90' lang='lat' dir='ltr'><strong>omnis</strong></span> <span class='ocrx_word' id='word_1_240' title='bbox 1792 3255 2115 3325; x_wconf 87' lang='lat' dir='ltr'><strong>imprudens</strong></span> <span class='ocrx_word' id='word_1_241' title='bbox 2149 3264 2203 3310; x_wconf 92' lang='lat' dir='ltr'><strong>et</strong></span> <span class='ocrx_word' id='word_1_242' title='bbox 2232 3256 2316 3309; x_wconf 90' lang='lat' dir='ltr'><strong>in-</strong></span> 
     </span>
    </p>
   </div>
   <div class='ocr_carea' id='block_1_34' title="bbox 730 3348 2321 3419">
    <p class='ocr_par' dir='ltr' id='par_1_34' title="bbox 730 3348 2321 3419">
     <span class='ocr_line' id='line_1_34' title="bbox 730 3348 2321 3419; baseline -0.004 -11"><span class='ocrx_word' id='word_1_243' title='bbox 730 3354 1009 3415; x_wconf 84' lang='lat' dir='ltr'><strong>consulta,</strong></span> <span class='ocrx_word' id='word_1_244' title='bbox 1045 3353 1196 3405; x_wconf 87' lang='lat' dir='ltr'><strong>virus</strong></span> <span class='ocrx_word' id='word_1_245' title='bbox 1245 3350 1468 3419; x_wconf 88' lang='lat' dir='ltr'><strong>infudit)</strong></span> <span class='ocrx_word' id='word_1_246' title='bbox 1496 3350 1647 3404; x_wconf 89' lang='lat' dir='ltr'><strong>senis</strong></span> <span class='ocrx_word' id='word_1_247' title='bbox 1678 3348 1966 3405; x_wconf 62' lang='lat' dir='ltr'><strong>aediculam</strong></span> <span class='ocrx_word' id='word_1_248' title='bbox 2012 3349 2161 3403; x_wconf 90' lang='lat' dir='ltr'><strong>illam</strong></span> <span class='ocrx_word' id='word_1_249' title='bbox 2193 3348 2321 3403; x_wconf 89' lang='lat' dir='ltr'><strong>reli-</strong></span> 
     </span>
    </p>
   </div>
   <div class='ocr_carea' id='block_1_35' title="bbox 732 3442 2323 3517">
    <p class='ocr_par' dir='ltr' id='par_1_35' title="bbox 732 3442 2323 3517">
     <span class='ocr_line' id='line_1_35' title="bbox 732 3442 2323 3517; baseline -0.003 -16"><span class='ocrx_word' id='word_1_250' title='bbox 732 3448 913 3517; x_wconf 86' lang='lat' dir='ltr'><strong>gionis</strong></span> <span class='ocrx_word' id='word_1_251' title='bbox 946 3449 1171 3500; x_wconf 83' lang='lat' dir='ltr'><strong>obtentu</strong></span> <span class='ocrx_word' id='word_1_252' title='bbox 1208 3453 1600 3513; x_wconf 78' lang='lat' dir='ltr'><strong>occupaverat.</strong></span> <span class='ocrx_word' id='word_1_253' title='bbox 1651 3442 1952 3499; x_wconf 87' lang='lat' dir='ltr'><strong>Sabbatius</strong></span> <span class='ocrx_word' id='word_1_254' title='bbox 2004 3444 2086 3499; x_wconf 91' lang='lat' dir='ltr'><strong>illi</strong></span> <span class='ocrx_word' id='word_1_255' title='bbox 2122 3458 2323 3498; x_wconf 89' lang='lat' dir='ltr'><strong>nomen</strong></span> 
     </span>
    </p>
   </div>
   <div class='ocr_carea' id='block_1_36' title="bbox 733 3536 2320 3606">
    <p class='ocr_par' dir='ltr' id='par_1_36' title="bbox 733 3536 2320 3606">
     <span class='ocr_line' id='line_1_36' title="bbox 733 3536 2320 3606; baseline -0.004 -10"><span class='ocrx_word' id='word_1_256' title='bbox 733 3553 874 3596; x_wconf 81' lang='lat' dir='ltr'><strong>erat.</strong></span> <span class='ocrx_word' id='word_1_257' title='bbox 933 3539 1033 3593; x_wconf 85' lang='lat' dir='ltr'><strong>llic</strong></span> <span class='ocrx_word' id='word_1_258' title='bbox 1094 3538 1297 3593; x_wconf 81' lang='lat' dir='ltr'><strong>Leonis</strong></span> <span class='ocrx_word' id='word_1_259' title='bbox 1376 3539 1557 3606; x_wconf 80' lang='lat' dir='ltr'><strong>ipsum</strong></span> <span class='ocrx_word' id='word_1_260' title='bbox 1623 3536 1879 3591; x_wconf 88' lang='lat' dir='ltr'><strong>nuntium</strong></span> <span class='ocrx_word' id='word_1_261' title='bbox 1941 3536 2320 3591; x_wconf 90' lang='lat' dir='ltr'><strong>conviciorum</strong></span> 
     </span>
    </p>
   </div>
   <div class='ocr_carea' id='block_1_37' title="bbox 734 3628 2322 3702">
    <p class='ocr_par' dir='ltr' id='par_1_37' title="bbox 734 3628 2322 3702">
     <span class='ocr_line' id='line_1_37' title="bbox 734 3628 2322 3702; baseline -0.003 -17"><span class='ocrx_word' id='word_1_262' title='bbox 734 3633 984 3702; x_wconf 84' lang='lat' dir='ltr'><strong>plaustro</strong></span> <span class='ocrx_word' id='word_1_263' title='bbox 1011 3644 1272 3692; x_wconf 80' lang='lat' dir='ltr'><strong>onerare,</strong></span> <span class='ocrx_word' id='word_1_264' title='bbox 1327 3645 1428 3682; x_wconf 91' lang='lat' dir='ltr'><strong>nec</strong></span> <span class='ocrx_word' id='word_1_265' title='bbox 1463 3644 1653 3682; x_wconf 90' lang='lat' dir='ltr'><strong>secum</strong></span> <span class='ocrx_word' id='word_1_266' title='bbox 1690 3629 1831 3696; x_wconf 91' lang='lat' dir='ltr'><strong>ipse,</strong></span> <span class='ocrx_word' id='word_1_267' title='bbox 1887 3628 1984 3683; x_wconf 86' lang='lat' dir='ltr'><strong>sed</strong></span> <span class='ocrx_word' id='word_1_268' title='bbox 2041 3643 2231 3683; x_wconf 89' lang='lat' dir='ltr'><strong>coram</strong></span> <span class='ocrx_word' id='word_1_269' title='bbox 2266 3628 2322 3681; x_wconf 89' lang='lat' dir='ltr'><strong>in</strong></span> 
     </span>
    </p>
   </div>
   <div class='ocr_carea' id='block_1_38' title="bbox 736 3717 2323 3791">
    <p class='ocr_par' dir='ltr' id='par_1_38' title="bbox 736 3717 2323 3791">
     <span class='ocr_line' id='line_1_38' title="bbox 736 3717 2323 3791; baseline -0.002 -15"><span class='ocrx_word' id='word_1_270' title='bbox 736 3723 877 3777; x_wconf 82' lang='lat' dir='ltr'><strong>faric</strong></span> <span class='ocrx_word' id='word_1_271' title='bbox 940 3722 995 3776; x_wconf 91' lang='lat' dir='ltr'><strong>in</strong></span> <span class='ocrx_word' id='word_1_272' title='bbox 1048 3722 1436 3791; x_wconf 88' lang='lat' dir='ltr'><strong>imperatorem</strong></span> <span class='ocrx_word' id='word_1_273' title='bbox 1482 3720 1772 3774; x_wconf 85' lang='lat' dir='ltr'><strong>maledicta</strong></span> <span class='ocrx_word' id='word_1_274' title='bbox 1820 3718 2054 3789; x_wconf 79' lang='lat' dir='ltr'><strong>jactare.</strong></span> <span class='ocrx_word' id='word_1_275' title='bbox 2090 3717 2323 3789; x_wconf 80' lang='lat' dir='ltr'><strong>Rogavit</strong></span> 
     </span>
    </p>
   </div>
   <div class='ocr_carea' id='block_1_39' title="bbox 736 3811 2323 3869">
    <p class='ocr_par' dir='ltr' id='par_1_39' title="bbox 736 3811 2323 3869">
     <span class='ocr_line' id='line_1_39' title="bbox 736 3811 2323 3869; baseline -0.001 0"><span class='ocrx_word' id='word_1_276' title='bbox 736 3815 1096 3869; x_wconf 88' lang='lat' dir='ltr'><strong>nihilominus</strong></span> <span class='ocrx_word' id='word_1_277' title='bbox 1130 3824 1344 3869; x_wconf 87' lang='lat' dir='ltr'><strong>semoto</strong></span> <span class='ocrx_word' id='word_1_278' title='bbox 1374 3813 1525 3867; x_wconf 92' lang='lat' dir='ltr'><strong>omni</strong></span> <span class='ocrx_word' id='word_1_279' title='bbox 1560 3814 1762 3866; x_wconf 87' lang='lat' dir='ltr'><strong>timore</strong></span> <span class='ocrx_word' id='word_1_280' title='bbox 1788 3811 2119 3868; x_wconf 90' lang='lat' dir='ltr'><strong>denuntiare</strong></span> <span class='ocrx_word' id='word_1_281' title='bbox 2159 3812 2323 3868; x_wconf 86' lang='lat' dir='ltr'><strong>breve</strong></span> 
     </span>
    </p>
   </div>
   <div class='ocr_carea' id='block_1_40' title="bbox 736 3906 2325 3977">
    <p class='ocr_par' dir='ltr' id='par_1_40' title="bbox 736 3906 2325 3977">
     <span class='ocr_line' id='line_1_40' title="bbox 736 3906 2325 3977; baseline -0.001 -14"><span class='ocrx_word' id='word_1_282' title='bbox 736 3908 854 3963; x_wconf 83' lang='lat' dir='ltr'><strong>fore</strong></span> <span class='ocrx_word' id='word_1_283' title='bbox 879 3907 1082 3962; x_wconf 86' lang='lat' dir='ltr'><strong>Leonis</strong></span> <span class='ocrx_word' id='word_1_284' title='bbox 1107 3907 1420 3977; x_wconf 85' lang='lat' dir='ltr'><strong>imperium,</strong></span> <span class='ocrx_word' id='word_1_285' title='bbox 1455 3906 1548 3975; x_wconf 83' lang='lat' dir='ltr'><strong>qui</strong></span> <span class='ocrx_word' id='word_1_286' title='bbox 1600 3906 1763 3961; x_wconf 85' lang='lat' dir='ltr'><strong>idolis</strong></span> <span class='ocrx_word' id='word_1_287' title='bbox 1803 3907 1858 3977; x_wconf 92' lang='grc' dir='ltr'><strong>(ο</strong></span> <span class='ocrx_word' id='word_1_288' title='bbox 1893 3906 2133 3977; x_wconf 84' lang='lat' dir='ltr'><strong>linguam</strong></span> <span class='ocrx_word' id='word_1_289' title='bbox 2164 3921 2325 3961; x_wconf 76' lang='lat' dir='ltr'><strong>exse-</strong></span> 
     </span>
    </p>
   </div>
   <div class='ocr_carea' id='block_1_41' title="bbox 735 3998 2324 4070">
    <p class='ocr_par' dir='ltr' id='par_1_41' title="bbox 735 3998 2324 4070">
     <span class='ocr_line' id='line_1_41' title="bbox 735 3998 2324 4070; baseline -0.001 -15"><span class='ocrx_word' id='word_1_290' title='bbox 735 4001 1061 4069; x_wconf 84' lang='lat' dir='ltr'><strong>crahileml)</strong></span> <span class='ocrx_word' id='word_1_291' title='bbox 1090 4000 1337 4053; x_wconf 88' lang='lat' dir='ltr'><strong>animum</strong></span> <span class='ocrx_word' id='word_1_292' title='bbox 1387 3998 1696 4063; x_wconf 85' lang='lat' dir='ltr'><strong>adhiberet,</strong></span> <span class='ocrx_word' id='word_1_293' title='bbox 1736 3998 1902 4068; x_wconf 84' lang='lat' dir='ltr'><strong>inque</strong></span> <span class='ocrx_word' id='word_1_294' title='bbox 1940 3999 2047 4070; x_wconf 71' lang='grc'><strong>27</strong></span> <span class='ocrx_word' id='word_1_295' title='bbox 2082 3998 2324 4069; x_wconf 87' lang='lat' dir='ltr'><strong>pardalis</strong></span> 
     </span>
    </p>
   </div>
   <div class='ocr_carea' id='block_1_42' title="bbox 732 4092 2326 4163">
    <p class='ocr_par' dir='ltr' id='par_1_42' title="bbox 732 4092 2326 4163">
     <span class='ocr_line' id='line_1_42' title="bbox 732 4092 2326 4163; baseline -0.003 -14"><span class='ocrx_word' id='word_1_296' title='bbox 732 4105 788 4149; x_wconf 93' lang='lat' dir='ltr'><strong>et</strong></span> <span class='ocrx_word' id='word_1_297' title='bbox 817 4093 1044 4149; x_wconf 67' lang='lat' dir='ltr'><strong>Baccha:</strong></span> <span class='ocrx_word' id='word_1_298' title='bbox 1070 4092 1403 4162; x_wconf 76' lang='lat' dir='ltr'><strong>Taraxiiquc</strong></span> <span class='ocrx_word' id='word_1_299' title='bbox 1446 4092 1769 4147; x_wconf 80' lang='lat' dir='ltr'><strong>numinibus</strong></span> <span class='ocrx_word' id='word_1_300' title='bbox 1798 4092 1902 4163; x_wconf 89' lang='lat' dir='ltr'><strong>(sic</strong></span> <span class='ocrx_word' id='word_1_301' title='bbox 1931 4093 2187 4146; x_wconf 90' lang='lat' dir='ltr'><strong>nimirum</strong></span> <span class='ocrx_word' id='word_1_302' title='bbox 2223 4092 2326 4145; x_wconf 88' lang='lat' dir='ltr'><strong>im-</strong></span> 
     </span>
    </p>
   </div>
   <div class='ocr_carea' id='block_1_43' title="bbox 737 4181 2324 4257">
    <p class='ocr_par' dir='ltr' id='par_1_43' title="bbox 737 4181 2324 4257">
     <span class='ocr_line' id='line_1_43' title="bbox 737 4181 2324 4257; baseline -0.001 -17"><span class='ocrx_word' id='word_1_303' title='bbox 737 4188 1064 4257; x_wconf 88' lang='lat' dir='ltr'><strong>peratricem</strong></span> <span class='ocrx_word' id='word_1_304' title='bbox 1093 4183 1302 4239; x_wconf 88' lang='lat' dir='ltr'><strong>Ireuem</strong></span> <span class='ocrx_word' id='word_1_305' title='bbox 1351 4193 1718 4253; x_wconf 82' lang='lat' dir='ltr'><strong>sanctumque</strong></span> <span class='ocrx_word' id='word_1_306' title='bbox 1751 4181 2041 4239; x_wconf 85' lang='lat' dir='ltr'><strong>Tarasium</strong></span> <span class='ocrx_word' id='word_1_307' title='bbox 2072 4185 2126 4239; x_wconf 91' lang='lat' dir='ltr'><strong>in</strong></span> <span class='ocrx_word' id='word_1_308' title='bbox 2156 4198 2324 4240; x_wconf 87' lang='lat' dir='ltr'><strong>causa</strong></span> 
     </span>
    </p>
   </div>
   <div class='ocr_carea' id='block_1_44' title="bbox 735 4260 2324 4347">
    <p class='ocr_par' dir='ltr' id='par_1_44' title="bbox 735 4260 2324 4347">
     <span class='ocr_line' id='line_1_44' title="bbox 735 4260 2324 4347; baseline -0.001 -15"><span class='ocrx_word' id='word_1_309' title='bbox 735 4278 1051 4332; x_wconf 90' lang='lat' dir='ltr'><strong>divinarum</strong></span> <span class='ocrx_word' id='word_1_310' title='bbox 1104 4276 1407 4347; x_wconf 77' lang='lat' dir='ltr'><strong>imaginum</strong></span> <span class='ocrx_word' id='word_1_311' title='bbox 1468 4274 1669 4345; x_wconf 69' lang='lat' dir='ltr'><strong>linguae</strong></span> <span class='ocrx_word' id='word_1_312' title='bbox 1726 4275 2029 4345; x_wconf 83' lang='lat' dir='ltr'><strong>petulantia</strong></span> <span class='ocrx_word' id='word_1_313' title='bbox 2092 4260 2324 4343; x_wconf 83' lang='lat' dir='ltr'><strong>vocans)</strong></span> 
     </span>
    </p>
   </div>
   <div class='ocr_carea' id='block_1_45' title="bbox 737 4366 2322 4440">
    <p class='ocr_par' dir='ltr' id='par_1_45' title="bbox 737 4366 2322 4440">
     <span class='ocr_line' id='line_1_45' title="bbox 737 4366 2322 4440; baseline -0.002 -14"><span class='ocrx_word' id='word_1_314' title='bbox 737 4387 890 4440; x_wconf 84' lang='lat' dir='ltr'><strong>spem</strong></span> <span class='ocrx_word' id='word_1_315' title='bbox 913 4372 1232 4425; x_wconf 78' lang='lat' dir='ltr'><strong>collocaret.</strong></span> <span class='ocrx_word' id='word_1_316' title='bbox 1258 4370 1328 4423; x_wconf 81' lang='lat' dir='ltr'><strong>At</strong></span> <span class='ocrx_word' id='word_1_317' title='bbox 1353 4368 1487 4431; x_wconf 89' lang='lat' dir='ltr'><strong>Leo,</strong></span> <span class='ocrx_word' id='word_1_318' title='bbox 1520 4382 1711 4422; x_wconf 91' lang='lat' dir='ltr'><strong>verum</strong></span> <span class='ocrx_word' id='word_1_319' title='bbox 1742 4366 2056 4421; x_wconf 72' lang='lat' dir='ltr'><strong>daemonum</strong></span> <span class='ocrx_word' id='word_1_320' title='bbox 2088 4367 2322 4435; x_wconf 89' lang='lat' dir='ltr'><strong>idolum,</strong></span> 
     </span>
    </p>
   </div>
   <div class='ocr_carea' id='block_1_46' title="bbox 739 4457 2321 4528">
    <p class='ocr_par' dir='ltr' id='par_1_46' title="bbox 739 4457 2321 4528">
     <span class='ocr_line' id='line_1_46' title="bbox 739 4457 2321 4528; baseline -0.003 -11"><span class='ocrx_word' id='word_1_321' title='bbox 739 4462 974 4517; x_wconf 74' lang='lat' dir='ltr'><strong>inscitia:</strong></span> <span class='ocrx_word' id='word_1_322' title='bbox 1026 4461 1381 4528; x_wconf 83' lang='lat' dir='ltr'><strong>mancipium,</strong></span> <span class='ocrx_word' id='word_1_323' title='bbox 1417 4460 1585 4512; x_wconf 88' lang='lat' dir='ltr'><strong>homo</strong></span> <span class='ocrx_word' id='word_1_324' title='bbox 1622 4458 1816 4511; x_wconf 89' lang='lat' dir='ltr'><strong>umbra</strong></span> <span class='ocrx_word' id='word_1_325' title='bbox 1869 4457 2167 4527; x_wconf 89' lang='lat' dir='ltr'><strong>elinguior,</strong></span> <span class='ocrx_word' id='word_1_326' title='bbox 2196 4475 2321 4513; x_wconf 92' lang='lat' dir='ltr'><strong>cum</strong></span> 
     </span>
    </p>
   </div>
   <div class='ocr_carea' id='block_1_47' title="bbox 2404 587 3989 662">
    <p class='ocr_par' dir='ltr' id='par_1_47' title="bbox 2404 587 3989 662">
     <span class='ocr_line' id='line_1_47' title="bbox 2404 587 3989 662; baseline 0.003 -21"><span class='ocrx_word' id='word_1_327' title='bbox 2404 588 2633 654; x_wconf 63' lang='grc' dir='ltr'><strong>Λέοντος</strong></span> <span class='ocrx_word' id='word_1_328' title='bbox 2655 587 3023 662; x_wconf 73' lang='grc' dir='ltr'><strong>ἐπωνομάσθη</strong></span> <span class='ocrx_word' id='word_1_329' title='bbox 3046 604 3061 619; x_wconf 73' lang='grc' dir='ltr'><strong>ο</strong></span> <span class='ocrx_word' id='word_1_330' title='bbox 3102 590 3196 643; x_wconf 67' lang='grc' dir='ltr'><strong>καὶ</strong></span> <span class='ocrx_word' id='word_1_331' title='bbox 3218 589 3268 642; x_wconf 77' lang='lat' dir='ltr'><strong>oi</strong></span> <span class='ocrx_word' id='word_1_332' title='bbox 3293 589 3381 643; x_wconf 75' lang='grc' dir='ltr'><strong>ἀεὶ</strong></span> <span class='ocrx_word' id='word_1_333' title='bbox 3413 592 3591 644; x_wconf 82' lang='grc' dir='ltr'><strong>ἐκεῖσε</strong></span> <span class='ocrx_word' id='word_1_334' title='bbox 3616 588 3989 660; x_wconf 69' lang='grc' dir='ltr'><strong>διαϐιϐαζὸμει</strong></span> 
     </span>
    </p>
   </div>
   <div class='ocr_carea' id='block_1_48' title="bbox 2403 678 3991 753">
    <p class='ocr_par' dir='ltr' id='par_1_48' title="bbox 2403 678 3991 753">
     <span class='ocr_line' id='line_1_48' title="bbox 2403 678 3991 753; baseline 0.001 -21"><span class='ocrx_word' id='word_1_335' title='bbox 2403 695 2485 732; x_wconf 90' lang='grc' dir='ltr'><strong>νοι</strong></span> <span class='ocrx_word' id='word_1_336' title='bbox 2525 678 2635 733; x_wconf 83' lang='grc' dir='ltr'><strong>τῶν</strong></span> <span class='ocrx_word' id='word_1_337' title='bbox 2655 679 2984 751; x_wconf 84' lang='grc' dir='ltr'><strong>Βουλγάρων</strong></span> <span class='ocrx_word' id='word_1_338' title='bbox 3006 681 3107 753; x_wconf 82' lang='grc' dir='ltr'><strong>τὴν</strong></span> <span class='ocrx_word' id='word_1_339' title='bbox 3135 678 3381 749; x_wconf 79' lang='grc' dir='ltr'><strong>κεφαλὴν</strong></span> <span class='ocrx_word' id='word_1_340' title='bbox 3411 680 3747 743; x_wconf 68' lang='grc' dir='ltr'><strong>ἐπισείοντες</strong></span> <span class='ocrx_word' id='word_1_341' title='bbox 3800 679 3991 733; x_wconf 83' lang='grc' dir='ltr'><strong>δακτυ-</strong></span> 
     </span>
    </p>
   </div>
   <div class='ocr_carea' id='block_1_49' title="bbox 2404 769 3996 844">
    <p class='ocr_par' dir='ltr' id='par_1_49' title="bbox 2404 769 3996 844">
     <span class='ocr_line' id='line_1_49' title="bbox 2404 769 3996 844; baseline -0.001 -22"><span class='ocrx_word' id='word_1_342' title='bbox 2404 769 2757 835; x_wconf 83' lang='grc' dir='ltr'><strong>λοδεικτοῦσι,</strong></span> <span class='ocrx_word' id='word_1_343' title='bbox 2788 770 2886 825; x_wconf 77' lang='grc' dir='ltr'><strong>καὶ</strong></span> <span class='ocrx_word' id='word_1_344' title='bbox 2913 770 3085 844; x_wconf 81' lang='grc' dir='ltr'><strong>λήθην</strong></span> <span class='ocrx_word' id='word_1_345' title='bbox 3117 770 3467 841; x_wconf 84' lang='grc' dir='ltr'><strong>λαμϐάνουσι</strong></span> <span class='ocrx_word' id='word_1_346' title='bbox 3496 770 3609 823; x_wconf 75' lang='grc' dir='ltr'><strong>τῶν</strong></span> <span class='ocrx_word' id='word_1_347' title='bbox 3642 772 3766 824; x_wconf 78' lang='grc' dir='ltr'><strong>τότε</strong></span> <span class='ocrx_word' id='word_1_348' title='bbox 3818 770 3996 824; x_wconf 75' lang='grc' dir='ltr'><strong>κακῶν</strong></span> 
     </span>
    </p>
   </div>
   <div class='ocr_carea' id='block_1_50' title="bbox 2404 862 2683 931">
    <p class='ocr_par' dir='ltr' id='par_1_50' title="bbox 2404 862 2683 931">
     <span class='ocr_line' id='line_1_50' title="bbox 2404 862 2683 931; baseline 0.004 -17"><span class='ocrx_word' id='word_1_349' title='bbox 2404 862 2683 931; x_wconf 75' lang='grc' dir='ltr'><strong>οὐδαμῶς.</strong></span> 
     </span>
    </p>
   </div>
   <div class='ocr_carea' id='block_1_51' title="bbox 2480 1050 3997 1127">
    <p class='ocr_par' dir='ltr' id='par_1_51' title="bbox 2480 1050 3997 1127">
     <span class='ocr_line' id='line_1_51' title="bbox 2480 1050 3997 1127; baseline 0.005 -24"><span class='ocrx_word' id='word_1_350' title='bbox 2480 1050 2563 1104; x_wconf 83' lang='grc' dir='ltr'><strong>ιδ’.</strong></span> <span class='ocrx_word' id='word_1_351' title='bbox 2596 1050 2771 1107; x_wconf 88' lang='grc' dir='ltr'><strong>Τοῦτο</strong></span> <span class='ocrx_word' id='word_1_352' title='bbox 2797 1052 2932 1121; x_wconf 87' lang='grc' dir='ltr'><strong>γοῦν</strong></span> <span class='ocrx_word' id='word_1_353' title='bbox 2972 1053 3314 1126; x_wconf 76' lang='grc' dir='ltr'><strong>θρασύτερόν</strong></span> <span class='ocrx_word' id='word_1_354' title='bbox 3342 1074 3457 1119; x_wconf 80' lang='grc' dir='ltr'><strong>πως</strong></span> <span class='ocrx_word' id='word_1_355' title='bbox 3483 1056 3650 1110; x_wconf 71' lang='grc' dir='ltr'><strong>αὑτὸν</strong></span> <span class='ocrx_word' id='word_1_356' title='bbox 3672 1056 3766 1110; x_wconf 71' lang='grc' dir='ltr'><strong>καὶ</strong></span> <span class='ocrx_word' id='word_1_357' title='bbox 3802 1057 3997 1127; x_wconf 73' lang='grc' dir='ltr'><strong>ἰταμώ-</strong></span> 
     </span>
    </p>
   </div>
   <div class='ocr_carea' id='block_1_52' title="bbox 2405 1145 3992 1221">
    <p class='ocr_par' dir='ltr' id='par_1_52' title="bbox 2405 1145 3992 1221">
     <span class='ocr_line' id='line_1_52' title="bbox 2405 1145 3992 1221; baseline 0.002 -24"><span class='ocrx_word' id='word_1_358' title='bbox 2405 1160 2565 1215; x_wconf 81' lang='grc' dir='ltr'><strong>τερον</strong></span> <span class='ocrx_word' id='word_1_359' title='bbox 2587 1145 2948 1215; x_wconf 79' lang='grc' dir='ltr'><strong>ἐνειργάσατο</strong></span> <span class='ocrx_word' id='word_1_360' title='bbox 2972 1147 3033 1201; x_wconf 80' lang='grc' dir='ltr'><strong>τὸ</strong></span> <span class='ocrx_word' id='word_1_361' title='bbox 3079 1148 3423 1219; x_wconf 74' lang='grc' dir='ltr'><strong>προτέρημα,</strong></span> <span class='ocrx_word' id='word_1_362' title='bbox 3485 1149 3580 1203; x_wconf 76' lang='grc' dir='ltr'><strong>καὶ</strong></span> <span class='ocrx_word' id='word_1_363' title='bbox 3612 1153 3691 1214; x_wconf 87' lang='grc' dir='ltr'><strong>είς</strong></span> <span class='ocrx_word' id='word_1_364' title='bbox 3720 1152 3821 1221; x_wconf 76' lang='grc' dir='ltr'><strong>τὴν</strong></span> <span class='ocrx_word' id='word_1_365' title='bbox 3872 1150 3992 1203; x_wconf 80' lang='grc' dir='ltr'><strong>σύν--</strong></span> 
     </span>
    </p>
   </div>
   <div class='ocr_carea' id='block_1_53' title="bbox 2405 1238 3999 1313">
    <p class='ocr_par' dir='ltr' id='par_1_53' title="bbox 2405 1238 3999 1313">
     <span class='ocr_line' id='line_1_53' title="bbox 2405 1238 3999 1313; baseline 0.003 -24"><span class='ocrx_word' id='word_1_366' title='bbox 2405 1254 2604 1307; x_wconf 78' lang='grc' dir='ltr'><strong>τροφον</strong></span> <span class='ocrx_word' id='word_1_367' title='bbox 2636 1238 2901 1309; x_wconf 82' lang='grc' dir='ltr'><strong>ὠμότητα</strong></span> <span class='ocrx_word' id='word_1_368' title='bbox 2928 1241 3294 1312; x_wconf 76' lang='grc' dir='ltr'><strong>ἐναπέῥραξε.</strong></span> <span class='ocrx_word' id='word_1_369' title='bbox 3333 1243 3551 1313; x_wconf 85' lang='grc' dir='ltr'><strong>Μικροῦ</strong></span> <span class='ocrx_word' id='word_1_370' title='bbox 3584 1244 3699 1313; x_wconf 80' lang='grc' dir='ltr'><strong>γὰρ</strong></span> <span class='ocrx_word' id='word_1_371' title='bbox 3732 1242 3827 1296; x_wconf 76' lang='grc' dir='ltr'><strong>καὶ</strong></span> <span class='ocrx_word' id='word_1_372' title='bbox 3883 1243 3999 1313; x_wconf 72' lang='grc' dir='ltr'><strong>μεε-</strong></span> 
     </span>
    </p>
   </div>
   <div class='ocr_carea' id='block_1_54' title="bbox 2408 1324 3999 1406">
    <p class='ocr_par' dir='ltr' id='par_1_54' title="bbox 2408 1324 3999 1406">
     <span class='ocr_line' id='line_1_54' title="bbox 2408 1324 3999 1406; baseline 0.004 -23"><span class='ocrx_word' id='word_1_373' title='bbox 2408 1327 2563 1395; x_wconf 77' lang='grc' dir='ltr'><strong>ζονος</strong></span> <span class='ocrx_word' id='word_1_374' title='bbox 2616 1331 2717 1385; x_wconf 78' lang='grc' dir='ltr'><strong>οὐκ</strong></span> <span class='ocrx_word' id='word_1_375' title='bbox 2764 1324 2835 1403; x_wconf 78' lang='grc' dir='ltr'><strong>ἦν</strong></span> <span class='ocrx_word' id='word_1_376' title='bbox 2887 1332 3037 1403; x_wconf 88' lang='grc' dir='ltr'><strong>αύτῷ</strong></span> <span class='ocrx_word' id='word_1_377' title='bbox 3079 1335 3316 1406; x_wconf 68' lang='grc' dir='ltr'><strong>διαφορὰ</strong></span> <span class='ocrx_word' id='word_1_378' title='bbox 3377 1335 3812 1405; x_wconf 72' lang='grc' dir='ltr'><strong>ἁμαρτήματος,</strong></span> <span class='ocrx_word' id='word_1_379' title='bbox 3867 1336 3999 1389; x_wconf 73' lang='grc' dir='ltr'><strong>ἀλλᾶ</strong></span> 
     </span>
    </p>
   </div>
   <div class='ocr_carea' id='block_1_55' title="bbox 2406 1418 4001 1498">
    <p class='ocr_par' dir='ltr' id='par_1_55' title="bbox 2406 1418 4001 1498">
     <span class='ocr_line' id='line_1_55' title="bbox 2406 1418 4001 1498; baseline 0.006 -25"><span class='ocrx_word' id='word_1_380' title='bbox 2406 1423 2549 1476; x_wconf 72' lang='grc' dir='ltr'><strong>κατὰ</strong></span> <span class='ocrx_word' id='word_1_381' title='bbox 2598 1424 2819 1479; x_wconf 85' lang='grc' dir='ltr'><strong>πάντων</strong></span> <span class='ocrx_word' id='word_1_382' title='bbox 2844 1426 2929 1494; x_wconf 80' lang='grc' dir='ltr'><strong>ἐφ’</strong></span> <span class='ocrx_word' id='word_1_383' title='bbox 2951 1418 3105 1492; x_wconf 75' lang='grc' dir='ltr'><strong>ᾧτινι</strong></span> <span class='ocrx_word' id='word_1_384' title='bbox 3136 1427 3714 1498; x_wconf 77' lang='grc' dir='ltr'><strong>καταλαμϐανομένων</strong></span> <span class='ocrx_word' id='word_1_385' title='bbox 3767 1428 3871 1496; x_wconf 75' lang='grc' dir='ltr'><strong>μία</strong></span> <span class='ocrx_word' id='word_1_386' title='bbox 3904 1430 4001 1495; x_wconf 50' lang='grc' dir='ltr'><strong>φτ,-</strong></span> 
     </span>
    </p>
   </div>
   <div class='ocr_carea' id='block_1_56' title="bbox 2407 1515 4004 1588">
    <p class='ocr_par' dir='ltr' id='par_1_56' title="bbox 2407 1515 4004 1588">
     <span class='ocr_line' id='line_1_56' title="bbox 2407 1515 4004 1588; baseline 0.002 -20"><span class='ocrx_word' id='word_1_387' title='bbox 2407 1531 2527 1583; x_wconf 79' lang='grc' dir='ltr'><strong>φος,</strong></span> <span class='ocrx_word' id='word_1_388' title='bbox 2540 1515 2601 1568; x_wconf 86' lang='grc' dir='ltr'><strong>τὸ</strong></span> <span class='ocrx_word' id='word_1_389' title='bbox 2614 1516 2842 1587; x_wconf 82' lang='grc' dir='ltr'><strong>άκρωτη</strong></span> <span class='ocrx_word' id='word_1_390' title='bbox 2850 1517 3003 1587; x_wconf 77' lang='grc' dir='ltr'><strong>ριάζε</strong></span> <span class='ocrx_word' id='word_1_391' title='bbox 3012 1519 3132 1572; x_wconf 87' lang='grc' dir='ltr'><strong>σθαι</strong></span> <span class='ocrx_word' id='word_1_392' title='bbox 3149 1518 3258 1571; x_wconf 84' lang='grc' dir='ltr'><strong>τῶν</strong></span> <span class='ocrx_word' id='word_1_393' title='bbox 3276 1520 3594 1588; x_wconf 83' lang='grc' dir='ltr'><strong>ἀναγκαίων</strong></span> <span class='ocrx_word' id='word_1_394' title='bbox 3617 1519 3777 1587; x_wconf 82' lang='grc' dir='ltr'><strong>μέλος</strong></span> <span class='ocrx_word' id='word_1_395' title='bbox 3794 1522 4004 1572; x_wconf 71' lang='grc' dir='ltr'><strong>ὁποιον-</strong></span> 
     </span>
    </p>
   </div>
   <div class='ocr_carea' id='block_1_57' title="bbox 2406 1611 4003 1682">
    <p class='ocr_par' dir='ltr' id='par_1_57' title="bbox 2406 1611 4003 1682">
     <span class='ocr_line' id='line_1_57' title="bbox 2406 1611 4003 1682; baseline -0.003 -17"><span class='ocrx_word' id='word_1_396' title='bbox 2406 1611 2503 1665; x_wconf 90' lang='grc' dir='ltr'><strong>οῦν</strong></span> <span class='ocrx_word' id='word_1_397' title='bbox 2549 1611 2645 1663; x_wconf 77' lang='grc' dir='ltr'><strong>καὶ</strong></span> <span class='ocrx_word' id='word_1_398' title='bbox 2686 1612 2908 1665; x_wconf 83' lang='grc' dir='ltr'><strong>πάντων</strong></span> <span class='ocrx_word' id='word_1_399' title='bbox 2956 1614 3045 1665; x_wconf 82' lang='grc' dir='ltr'><strong>ἐπ’</strong></span> <span class='ocrx_word' id='word_1_400' title='bbox 3082 1613 3238 1682; x_wconf 75' lang='grc' dir='ltr'><strong>ὕψεσι</strong></span> <span class='ocrx_word' id='word_1_401' title='bbox 3289 1613 3537 1665; x_wconf 85' lang='grc' dir='ltr'><strong>τίθεσθαι</strong></span> <span class='ocrx_word' id='word_1_402' title='bbox 3582 1613 3886 1682; x_wconf 75' lang='grc' dir='ltr'><strong>ἐκκρεμὲς.</strong></span> <span class='ocrx_word' id='word_1_403' title='bbox 3941 1614 4003 1662; x_wconf 73' lang='grc' dir='ltr'>Ἀ</span> 
     </span>
    </p>
   </div>
   <div class='ocr_carea' id='block_1_58' title="bbox 2409 1701 4006 1773">
    <p class='ocr_par' dir='ltr' id='par_1_58' title="bbox 2409 1701 4006 1773">
     <span class='ocr_line' id='line_1_58' title="bbox 2409 1701 4006 1773; baseline -0.002 -16"><span class='ocrx_word' id='word_1_404' title='bbox 2409 1704 2507 1757; x_wconf 79' lang='grc' dir='ltr'><strong>καὶ</strong></span> <span class='ocrx_word' id='word_1_405' title='bbox 2540 1705 2675 1757; x_wconf 74' lang='grc' dir='ltr'><strong>πᾶσι</strong></span> <span class='ocrx_word' id='word_1_406' title='bbox 2719 1705 3105 1771; x_wconf 80' lang='grc' dir='ltr'><strong>πεποιηκότων</strong></span> <span class='ocrx_word' id='word_1_407' title='bbox 3135 1705 3180 1735; x_wconf 78' lang='grc'>³⁸</span> <span class='ocrx_word' id='word_1_408' title='bbox 3224 1706 3338 1767; x_wconf 86' lang='grc' dir='ltr'><strong>τοῖς</strong></span> <span class='ocrx_word' id='word_1_409' title='bbox 3372 1701 3682 1773; x_wconf 84' lang='grc' dir='ltr'><strong>ἀνθρώποις</strong></span> <span class='ocrx_word' id='word_1_410' title='bbox 3728 1705 4006 1756; x_wconf 77' lang='grc' dir='ltr'><strong>ἐνέτικτον</strong></span> 
     </span>
    </p>
   </div>
   <div class='ocr_carea' id='block_1_59' title="bbox 2416 1790 4008 1867">
    <p class='ocr_par' dir='ltr' id='par_1_59' title="bbox 2416 1790 4008 1867">
     <span class='ocr_line' id='line_1_59' title="bbox 2416 1790 4008 1867; baseline -0.003 -17"><span class='ocrx_word' id='word_1_411' title='bbox 2416 1800 2572 1865; x_wconf 85' lang='grc' dir='ltr'><strong>μῖσος</strong></span> <span class='ocrx_word' id='word_1_412' title='bbox 2608 1796 2674 1867; x_wconf 77' lang='grc' dir='ltr'><strong>δὴ</strong></span> <span class='ocrx_word' id='word_1_413' title='bbox 2740 1796 2934 1849; x_wconf 84' lang='grc' dir='ltr'><strong>τούτου</strong></span> <span class='ocrx_word' id='word_1_414' title='bbox 2996 1796 3093 1849; x_wconf 75' lang='grc' dir='ltr'><strong>καὶ</strong></span> <span class='ocrx_word' id='word_1_415' title='bbox 3143 1795 3326 1866; x_wconf 83' lang='grc' dir='ltr'><strong>δεινὴν</strong></span> <span class='ocrx_word' id='word_1_416' title='bbox 3386 1794 3720 1865; x_wconf 82' lang='grc' dir='ltr'><strong>ἀπέχθειαν·</strong></span> <span class='ocrx_word' id='word_1_417' title='bbox 3784 1790 3871 1857; x_wconf 75' lang='grc' dir='ltr'><strong>οἷς</strong></span> <span class='ocrx_word' id='word_1_418' title='bbox 3902 1798 4008 1864; x_wconf 67' lang='grc' dir='ltr'><strong>γάρ</strong></span> 
     </span>
    </p>
   </div>
   <div class='ocr_carea' id='block_1_60' title="bbox 2415 1886 4011 1960">
    <p class='ocr_par' dir='ltr' id='par_1_60' title="bbox 2415 1886 4011 1960">
     <span class='ocr_line' id='line_1_60' title="bbox 2415 1886 4011 1960; baseline -0.003 -15"><span class='ocrx_word' id='word_1_419' title='bbox 2415 1890 2661 1958; x_wconf 81' lang='grc' dir='ltr'><strong>ἄκρατον</strong></span> <span class='ocrx_word' id='word_1_420' title='bbox 2691 1892 2794 1958; x_wconf 79' lang='grc' dir='ltr'><strong>τὴν</strong></span> <span class='ocrx_word' id='word_1_421' title='bbox 2841 1886 3111 1959; x_wconf 82' lang='grc' dir='ltr'><strong>ἐγχώριον</strong></span> <span class='ocrx_word' id='word_1_422' title='bbox 3161 1888 3459 1958; x_wconf 73' lang='grc' dir='ltr'><strong>θηριωδίαν</strong></span> <span class='ocrx_word' id='word_1_423' title='bbox 3489 1891 3819 1960; x_wconf 79' lang='grc' dir='ltr'><strong>ἐνήσκησεν,</strong></span> <span class='ocrx_word' id='word_1_424' title='bbox 3884 1890 4011 1941; x_wconf 68' lang='grc' dir='ltr'><strong>ἀλλ’</strong></span> 
     </span>
    </p>
   </div>
   <div class='ocr_carea' id='block_1_61' title="bbox 2416 1980 4009 2052">
    <p class='ocr_par' dir='ltr' id='par_1_61' title="bbox 2416 1980 4009 2052">
     <span class='ocr_line' id='line_1_61' title="bbox 2416 1980 4009 2052; baseline -0.001 -18"><span class='ocrx_word' id='word_1_425' title='bbox 2416 1982 2478 2035; x_wconf 84' lang='grc' dir='ltr'><strong>ού</strong></span> <span class='ocrx_word' id='word_1_426' title='bbox 2512 1980 2929 2051; x_wconf 79' lang='grc' dir='ltr'><strong>κεκολασμένην</strong></span> <span class='ocrx_word' id='word_1_427' title='bbox 2956 1982 3078 2033; x_wconf 81' lang='grc' dir='ltr'><strong>τινὰ</strong></span> <span class='ocrx_word' id='word_1_428' title='bbox 3135 1988 3230 2034; x_wconf 75' lang='grc' dir='ltr'><strong>καὶ</strong></span> <span class='ocrx_word' id='word_1_429' title='bbox 3275 1981 3412 2052; x_wconf 81' lang='grc' dir='ltr'><strong>πρὸς</strong></span> <span class='ocrx_word' id='word_1_430' title='bbox 3441 1982 3501 2033; x_wconf 76' lang='grc' dir='ltr'><strong>τὸ</strong></span> <span class='ocrx_word' id='word_1_431' title='bbox 3530 1982 3836 2052; x_wconf 75' lang='grc' dir='ltr'><strong>πραότερον</strong></span> <span class='ocrx_word' id='word_1_432' title='bbox 3873 1982 4009 2035; x_wconf 72' lang='grc' dir='ltr'><strong>άποο</strong></span> 
     </span>
    </p>
   </div>
   <div class='ocr_carea' id='block_1_62' title="bbox 2416 2070 4010 2143">
    <p class='ocr_par' dir='ltr' id='par_1_62' title="bbox 2416 2070 4010 2143">
     <span class='ocr_line' id='line_1_62' title="bbox 2416 2070 4010 2143; baseline -0.001 -17"><span class='ocrx_word' id='word_1_433' title='bbox 2416 2071 2701 2137; x_wconf 84' lang='grc' dir='ltr'><strong>νεύουσαν,</strong></span> <span class='ocrx_word' id='word_1_434' title='bbox 2732 2071 2833 2142; x_wconf 80' lang='grc' dir='ltr'><strong>τὴν</strong></span> <span class='ocrx_word' id='word_1_435' title='bbox 2865 2071 3152 2139; x_wconf 81' lang='grc' dir='ltr'><strong>συγγενίδα</strong></span> <span class='ocrx_word' id='word_1_436' title='bbox 3175 2071 3336 2138; x_wconf 85' lang='grc' dir='ltr'><strong>φύσιν</strong></span> <span class='ocrx_word' id='word_1_437' title='bbox 3366 2070 3710 2141; x_wconf 73' lang='grc' dir='ltr'><strong>ἐκφαυλίζων</strong></span> <span class='ocrx_word' id='word_1_438' title='bbox 3733 2072 4010 2143; x_wconf 68' lang='grc' dir='ltr'><strong>ἀνηλεῶς,</strong></span> 
     </span>
    </p>
   </div>
   <div class='ocr_carea' id='block_1_63' title="bbox 2422 2162 3871 2237">
    <p class='ocr_par' dir='ltr' id='par_1_63' title="bbox 2422 2162 3871 2237">
     <span class='ocr_line' id='line_1_63' title="bbox 2422 2162 3871 2237; baseline 0.003 -21"><span class='ocrx_word' id='word_1_439' title='bbox 2422 2163 2613 2235; x_wconf 81' lang='grc' dir='ltr'><strong>μισθὸν</strong></span> <span class='ocrx_word' id='word_1_440' title='bbox 2642 2165 2705 2217; x_wconf 81' lang='grc' dir='ltr'><strong>τὸ</strong></span> <span class='ocrx_word' id='word_1_441' title='bbox 2733 2162 2911 2234; x_wconf 73' lang='grc' dir='ltr'><strong>ἔχθος,</strong></span> <span class='ocrx_word' id='word_1_442' title='bbox 2941 2162 3059 2217; x_wconf 74' lang='grc' dir='ltr'><strong>ἀλλ’</strong></span> <span class='ocrx_word' id='word_1_443' title='bbox 3093 2164 3155 2216; x_wconf 84' lang='grc' dir='ltr'><strong>οὐ</strong></span> <span class='ocrx_word' id='word_1_444' title='bbox 3184 2164 3283 2235; x_wconf 71' lang='grc' dir='ltr'><strong>τὴν</strong></span> <span class='ocrx_word' id='word_1_445' title='bbox 3310 2165 3494 2233; x_wconf 80' lang='grc' dir='ltr'><strong>φιλίαν</strong></span> <span class='ocrx_word' id='word_1_446' title='bbox 3527 2165 3871 2237; x_wconf 65' lang='grc' dir='ltr'><strong>ἡμπᾶλησεν.</strong></span> 
     </span>
    </p>
   </div>
   <div class='ocr_carea' id='block_1_64' title="bbox 2494 2344 4013 2420">
    <p class='ocr_par' dir='ltr' id='par_1_64' title="bbox 2494 2344 4013 2420">
     <span class='ocr_line' id='line_1_64' title="bbox 2494 2344 4013 2420; baseline -0.003 -17"><span class='ocrx_word' id='word_1_447' title='bbox 2494 2350 2575 2407; x_wconf 84' lang='grc' dir='ltr'><strong>ιε’.</strong></span> <span class='ocrx_word' id='word_1_448' title='bbox 2610 2348 2777 2403; x_wconf 84' lang='grc' dir='ltr'><strong>Ταῦτ’</strong></span> <span class='ocrx_word' id='word_1_449' title='bbox 2806 2344 2899 2403; x_wconf 80' lang='grc' dir='ltr'><strong>οῦν</strong></span> <span class='ocrx_word' id='word_1_450' title='bbox 2930 2349 3220 2420; x_wconf 76' lang='grc' dir='ltr'><strong>ἔπραττεν,</strong></span> <span class='ocrx_word' id='word_1_451' title='bbox 3252 2349 3351 2403; x_wconf 77' lang='grc' dir='ltr'><strong>καὶ</strong></span> <span class='ocrx_word' id='word_1_452' title='bbox 3402 2348 3543 2401; x_wconf 65' lang='grc' dir='ltr'><strong>κατὰ</strong></span> <span class='ocrx_word' id='word_1_453' title='bbox 3592 2347 3717 2401; x_wconf 88' lang='grc' dir='ltr'><strong>νοῦν</strong></span> <span class='ocrx_word' id='word_1_454' title='bbox 3740 2348 4013 2417; x_wconf 84' lang='grc' dir='ltr'><strong>λαμϐάνει</strong></span> 
     </span>
    </p>
   </div>
   <div class='ocr_carea' id='block_1_65' title="bbox 2418 2441 4015 2513">
    <p class='ocr_par' dir='ltr' id='par_1_65' title="bbox 2418 2441 4015 2513">
     <span class='ocr_line' id='line_1_65' title="bbox 2418 2441 4015 2513; baseline -0.003 -16"><span class='ocrx_word' id='word_1_455' title='bbox 2418 2446 2510 2497; x_wconf 80' lang='grc' dir='ltr'><strong>τὸν</strong></span> <span class='ocrx_word' id='word_1_456' title='bbox 2546 2445 2639 2498; x_wconf 76' lang='grc' dir='ltr'><strong>ἐπὶ</strong></span> <span class='ocrx_word' id='word_1_457' title='bbox 2670 2442 2749 2513; x_wconf 85' lang='grc' dir='ltr'><strong>τῷ</strong></span> <span class='ocrx_word' id='word_1_458' title='bbox 2792 2443 3105 2513; x_wconf 62' lang='grc' dir='ltr'><strong>Φιλομηλίῳ</strong></span> <span class='ocrx_word' id='word_1_459' title='bbox 3154 2442 3478 2511; x_wconf 73' lang='grc' dir='ltr'><strong>μονάζοντα,</strong></span> <span class='ocrx_word' id='word_1_460' title='bbox 3545 2444 3639 2495; x_wconf 74' lang='grc' dir='ltr'><strong>καὶ</strong></span> <span class='ocrx_word' id='word_1_461' title='bbox 3686 2441 4015 2510; x_wconf 78' lang='grc' dir='ltr'><strong>ἀμείϐεσθαί</strong></span> 
     </span>
    </p>
   </div>
   <div class='ocr_carea' id='block_1_66' title="bbox 2420 2534 4018 2609">
    <p class='ocr_par' dir='ltr' id='par_1_66' title="bbox 2420 2534 4018 2609">
     <span class='ocr_line' id='line_1_66' title="bbox 2420 2534 4018 2609; baseline -0.003 -18"><span class='ocrx_word' id='word_1_462' title='bbox 2420 2539 2470 2591; x_wconf 92' lang='grc' dir='ltr'><strong>οί</strong></span> <span class='ocrx_word' id='word_1_463' title='bbox 2496 2538 2643 2592; x_wconf 79' lang='grc' dir='ltr'><strong>δοκεῖ</strong></span> <span class='ocrx_word' id='word_1_464' title='bbox 2678 2539 2778 2607; x_wconf 79' lang='grc' dir='ltr'><strong>τῆς</strong></span> <span class='ocrx_word' id='word_1_465' title='bbox 2812 2538 3174 2609; x_wconf 69' lang='grc' dir='ltr'><strong>προρρήσεως</strong></span> <span class='ocrx_word' id='word_1_466' title='bbox 3198 2534 3283 2607; x_wconf 82' lang='grc' dir='ltr'><strong>[Ρ.</strong></span> <span class='ocrx_word' id='word_1_467' title='bbox 3308 2534 3399 2605; x_wconf 77' lang='grc'><strong>17]</strong></span> <span class='ocrx_word' id='word_1_468' title='bbox 3432 2536 3837 2605; x_wconf 77' lang='grc' dir='ltr'><strong>εύχαριστήριά</strong></span> <span class='ocrx_word' id='word_1_469' title='bbox 3897 2552 4018 2588; x_wconf 81' lang='grc' dir='ltr'><strong>τινα</strong></span> 
     </span>
    </p>
   </div>
   <div class='ocr_carea' id='block_1_67' title="bbox 2423 2626 4020 2699">
    <p class='ocr_par' dir='ltr' id='par_1_67' title="bbox 2423 2626 4020 2699">
     <span class='ocr_line' id='line_1_67' title="bbox 2423 2626 4020 2699; baseline -0.002 -18"><span class='ocrx_word' id='word_1_470' title='bbox 2423 2630 2767 2699; x_wconf 75' lang='grc' dir='ltr'><strong>προπέμπων</strong></span> <span class='ocrx_word' id='word_1_471' title='bbox 2794 2629 2839 2661; x_wconf 86' lang='grc'>³³</span> <span class='ocrx_word' id='word_1_472' title='bbox 2865 2629 3037 2698; x_wconf 76' lang='grc' dir='ltr'><strong>αὐτῷ,</strong></span> <span class='ocrx_word' id='word_1_473' title='bbox 3086 2629 3187 2687; x_wconf 84' lang='grc' dir='ltr'><strong>τὰς</strong></span> <span class='ocrx_word' id='word_1_474' title='bbox 3245 2627 3338 2681; x_wconf 86' lang='grc' dir='ltr'><strong>τοῦ</strong></span> <span class='ocrx_word' id='word_1_475' title='bbox 3379 2630 3615 2697; x_wconf 74' lang='grc' dir='ltr'><strong>κράτους</strong></span> <span class='ocrx_word' id='word_1_476' title='bbox 3650 2630 3804 2690; x_wconf 77' lang='grc' dir='ltr'><strong>νίκας</strong></span> <span class='ocrx_word' id='word_1_477' title='bbox 3854 2626 4020 2695; x_wconf 78' lang='grc' dir='ltr'><strong>δῆθεν</strong></span> 
     </span>
    </p>
   </div>
   <div class='ocr_carea' id='block_1_68' title="bbox 2422 2719 4019 2789">
    <p class='ocr_par' dir='ltr' id='par_1_68' title="bbox 2422 2719 4019 2789">
     <span class='ocr_line' id='line_1_68' title="bbox 2422 2719 4019 2789; baseline -0.004 -14"><span class='ocrx_word' id='word_1_478' title='bbox 2422 2720 2613 2775; x_wconf 73' lang='grc' dir='ltr'><strong>αἰτῶν.</strong></span> <span class='ocrx_word' id='word_1_479' title='bbox 2662 2720 2802 2773; x_wconf 81' lang='grc' dir='ltr'><strong>Ἀλλ’</strong></span> <span class='ocrx_word' id='word_1_480' title='bbox 2836 2722 3045 2783; x_wconf 82' lang='grc' dir='ltr'><strong>ἐκεῖνος</strong></span> <span class='ocrx_word' id='word_1_481' title='bbox 3074 2721 3176 2789; x_wconf 81' lang='grc' dir='ltr'><strong>μὲν</strong></span> <span class='ocrx_word' id='word_1_482' title='bbox 3215 2719 3316 2788; x_wconf 70' lang='grc' dir='ltr'><strong>ἤδη</strong></span> <span class='ocrx_word' id='word_1_483' title='bbox 3347 2720 3565 2787; x_wconf 78' lang='grc' dir='ltr'><strong>φθάσας</strong></span> <span class='ocrx_word' id='word_1_484' title='bbox 3617 2720 3674 2784; x_wconf 80' lang='grc' dir='ltr'><strong>ἐξ</strong></span> <span class='ocrx_word' id='word_1_485' title='bbox 3705 2719 4019 2787; x_wconf 79' lang='grc' dir='ltr'><strong>ἀνθρώπων</strong></span> 
     </span>
    </p>
   </div>
   <div class='ocr_carea' id='block_1_69' title="bbox 2424 2811 4017 2883">
    <p class='ocr_par' dir='ltr' id='par_1_69' title="bbox 2424 2811 4017 2883">
     <span class='ocr_line' id='line_1_69' title="bbox 2424 2811 4017 2883; baseline -0.003 -16"><span class='ocrx_word' id='word_1_486' title='bbox 2424 2815 2662 2881; x_wconf 76' lang='grc' dir='ltr'><strong>ἐγένετο,</strong></span> <span class='ocrx_word' id='word_1_487' title='bbox 2695 2814 2932 2883; x_wconf 80' lang='grc' dir='ltr'><strong>πονηρὸς</strong></span> <span class='ocrx_word' id='word_1_488' title='bbox 2964 2812 3021 2866; x_wconf 78' lang='grc' dir='ltr'><strong>δέ</strong></span> <span class='ocrx_word' id='word_1_489' title='bbox 3076 2829 3161 2875; x_wconf 89' lang='grc' dir='ltr'><strong>τις</strong></span> <span class='ocrx_word' id='word_1_490' title='bbox 3214 2813 3425 2881; x_wconf 75' lang='grc' dir='ltr'><strong>δαίμων</strong></span> <span class='ocrx_word' id='word_1_491' title='bbox 3459 2811 3554 2864; x_wconf 70' lang='grc' dir='ltr'><strong>καὶ</strong></span> <span class='ocrx_word' id='word_1_492' title='bbox 3605 2811 3881 2880; x_wconf 81' lang='grc' dir='ltr'><strong>βάσκανος</strong></span> <span class='ocrx_word' id='word_1_493' title='bbox 3912 2816 3927 2879; x_wconf 84' lang='grc'><strong>(</strong></span> <span class='ocrx_word' id='word_1_494' title='bbox 3959 2813 4017 2863; x_wconf 76' lang='grc' dir='ltr'><strong>ού</strong></span> 
     </span>
    </p>
   </div>
   <div class='ocr_carea' id='block_1_70' title="bbox 2424 2903 4017 2978">
    <p class='ocr_par' dir='ltr' id='par_1_70' title="bbox 2424 2903 4017 2978">
     <span class='ocr_line' id='line_1_70' title="bbox 2424 2903 4017 2978; baseline -0.003 -19"><span class='ocrx_word' id='word_1_495' title='bbox 2424 2910 2533 2978; x_wconf 75' lang='grc' dir='ltr'><strong>γὰρ</strong></span> <span class='ocrx_word' id='word_1_496' title='bbox 2563 2906 2849 2977; x_wconf 81' lang='grc' dir='ltr'><strong>ἄνθρωπον</strong></span> <span class='ocrx_word' id='word_1_497' title='bbox 2878 2905 3069 2958; x_wconf 88' lang='grc' dir='ltr'><strong>τοῦτον</strong></span> <span class='ocrx_word' id='word_1_498' title='bbox 3096 2904 3394 2973; x_wconf 79' lang='grc' dir='ltr'><strong>καλέσαιμι</strong></span> <span class='ocrx_word' id='word_1_499' title='bbox 3423 2903 3513 2955; x_wconf 75' lang='grc' dir='ltr'><strong>τὸν</strong></span> <span class='ocrx_word' id='word_1_500' title='bbox 3542 2904 3721 2956; x_wconf 84' lang='grc' dir='ltr'><strong>πάντα</strong></span> <span class='ocrx_word' id='word_1_501' title='bbox 3748 2904 4017 2973; x_wconf 78' lang='grc' dir='ltr'><strong>συγχέαν-</strong></span> 
     </span>
    </p>
   </div>
   <div class='ocr_carea' id='block_1_71' title="bbox 2425 2994 4022 3067">
    <p class='ocr_par' dir='ltr' id='par_1_71' title="bbox 2425 2994 4022 3067">
     <span class='ocr_line' id='line_1_71' title="bbox 2425 2994 4022 3067; baseline -0.003 -19"><span class='ocrx_word' id='word_1_502' title='bbox 2425 3014 2491 3048; x_wconf 84' lang='grc' dir='ltr'><strong>τα</strong></span> <span class='ocrx_word' id='word_1_503' title='bbox 2530 2998 2622 3049; x_wconf 80' lang='grc' dir='ltr'><strong>καὶ</strong></span> <span class='ocrx_word' id='word_1_504' title='bbox 2667 2997 2981 3067; x_wconf 72' lang='grc' dir='ltr'><strong>ταράξαντα</strong></span> <span class='ocrx_word' id='word_1_505' title='bbox 3039 2997 3134 3048; x_wconf 68' lang='grc' dir='ltr'><strong>καὶ</strong></span> <span class='ocrx_word' id='word_1_506' title='bbox 3176 2997 3318 3047; x_wconf 70' lang='grc' dir='ltr'><strong>κατὰ</strong></span> <span class='ocrx_word' id='word_1_507' title='bbox 3352 2994 3445 3047; x_wconf 77' lang='grc' dir='ltr'><strong>τὸν</strong></span> <span class='ocrx_word' id='word_1_508' title='bbox 3480 2994 3710 3046; x_wconf 71' lang='grc' dir='ltr'><strong>παλαιδν</strong></span> <span class='ocrx_word' id='word_1_509' title='bbox 3770 2996 3902 3063; x_wconf 62' lang='grc' dir='ltr'><strong>ὅφιν</strong></span> <span class='ocrx_word' id='word_1_510' title='bbox 3931 2996 4022 3047; x_wconf 61' lang='grc' dir='ltr'><strong>τὸν</strong></span> 
     </span>
    </p>
   </div>
   <div class='ocr_carea' id='block_1_72' title="bbox 2430 3082 4021 3154">
    <p class='ocr_par' dir='ltr' id='par_1_72' title="bbox 2430 3082 4021 3154">
     <span class='ocr_line' id='line_1_72' title="bbox 2430 3082 4021 3154; baseline -0.004 -13"><span class='ocrx_word' id='word_1_511' title='bbox 2430 3089 2506 3141; x_wconf 79' lang='grc' dir='ltr'><strong>ίδν</strong></span> <span class='ocrx_word' id='word_1_512' title='bbox 2550 3090 2662 3149; x_wconf 84' lang='grc' dir='ltr'><strong>τοῖς</strong></span> <span class='ocrx_word' id='word_1_513' title='bbox 2687 3086 2783 3139; x_wconf 85' lang='grc' dir='ltr'><strong>τοῦ</strong></span> <span class='ocrx_word' id='word_1_514' title='bbox 2814 3084 3167 3154; x_wconf 83' lang='grc' dir='ltr'><strong>ταλαιπώρου</strong></span> <span class='ocrx_word' id='word_1_515' title='bbox 3204 3084 3430 3145; x_wconf 82' lang='grc' dir='ltr'><strong>Λέοντος</strong></span> <span class='ocrx_word' id='word_1_516' title='bbox 3456 3082 3595 3136; x_wconf 76' lang='grc' dir='ltr'><strong>ώσὶν</strong></span> <span class='ocrx_word' id='word_1_517' title='bbox 3640 3084 3917 3151; x_wconf 76' lang='grc' dir='ltr'><strong>ἐγχέαντα</strong></span> <span class='ocrx_word' id='word_1_518' title='bbox 3953 3084 4021 3147; x_wconf 67' lang='grc'><strong>³⁸,</strong></span> 
     </span>
    </p>
   </div>
   <div class='ocr_carea' id='block_1_73' title="bbox 2428 3174 4025 3248">
    <p class='ocr_par' dir='ltr' id='par_1_73' title="bbox 2428 3174 4025 3248">
     <span class='ocr_line' id='line_1_73' title="bbox 2428 3174 4025 3248; baseline -0.004 -15"><span class='ocrx_word' id='word_1_519' title='bbox 2428 3177 3164 3248; x_wconf 49' lang='grc' dir='ltr'><strong>ἁνεπίστατονίκεκτημένου</strong></span> <span class='ocrx_word' id='word_1_520' title='bbox 3206 3176 3327 3229; x_wconf 82' lang='grc' dir='ltr'><strong>ὅλον</strong></span> <span class='ocrx_word' id='word_1_521' title='bbox 3360 3174 3453 3228; x_wconf 77' lang='grc' dir='ltr'><strong>τὸν</strong></span> <span class='ocrx_word' id='word_1_522' title='bbox 3486 3174 3630 3244; x_wconf 82' lang='grc' dir='ltr'><strong>νοῦν)</strong></span> <span class='ocrx_word' id='word_1_523' title='bbox 3666 3174 3745 3243; x_wconf 81' lang='grc' dir='ltr'><strong>τῷ</strong></span> <span class='ocrx_word' id='word_1_524' title='bbox 3790 3174 3891 3227; x_wconf 87' lang='grc' dir='ltr'><strong>τοῦ</strong></span> <span class='ocrx_word' id='word_1_525' title='bbox 3928 3178 4025 3241; x_wconf 65' lang='grc' dir='ltr'><strong>γέσ</strong></span> 
     </span>
    </p>
   </div>
   <div class='ocr_carea' id='block_1_74' title="bbox 2430 3266 4024 3343">
    <p class='ocr_par' dir='ltr' id='par_1_74' title="bbox 2430 3266 4024 3343">
     <span class='ocr_line' id='line_1_74' title="bbox 2430 3266 4024 3343; baseline -0.003 -20"><span class='ocrx_word' id='word_1_526' title='bbox 2430 3289 2613 3343; x_wconf 84' lang='grc' dir='ltr'><strong>ροντος</strong></span> <span class='ocrx_word' id='word_1_527' title='bbox 2643 3270 2873 3339; x_wconf 77' lang='grc' dir='ltr'><strong>οἰκίσκῳ</strong></span> <span class='ocrx_word' id='word_1_528' title='bbox 2903 3271 2961 3322; x_wconf 84' lang='grc' dir='ltr'><strong>ἐν</strong></span> <span class='ocrx_word' id='word_1_529' title='bbox 2988 3267 3276 3330; x_wconf 76' lang='grc' dir='ltr'><strong>εὐλαϐείας</strong></span> <span class='ocrx_word' id='word_1_530' title='bbox 3308 3268 3663 3337; x_wconf 78' lang='grc' dir='ltr'><strong>προσχήματι</strong></span> <span class='ocrx_word' id='word_1_531' title='bbox 3717 3266 4024 3334; x_wconf 79' lang='grc' dir='ltr'><strong>ἐγκατέλα-</strong></span> 
     </span>
    </p>
   </div>
   <div class='ocr_carea' id='block_1_75' title="bbox 2427 3354 4025 3434">
    <p class='ocr_par' dir='ltr' id='par_1_75' title="bbox 2427 3354 4025 3434">
     <span class='ocr_line' id='line_1_75' title="bbox 2427 3354 4025 3434; baseline -0.005 -17"><span class='ocrx_word' id='word_1_532' title='bbox 2427 3366 2539 3418; x_wconf 87' lang='grc' dir='ltr'><strong>ϐεν.</strong></span> <span class='ocrx_word' id='word_1_533' title='bbox 2565 3364 2869 3434; x_wconf 85' lang='grc' dir='ltr'><strong>Συμϐάτιος</strong></span> <span class='ocrx_word' id='word_1_534' title='bbox 2904 3354 3060 3423; x_wconf 71' lang='grc' dir='ltr'><strong>οὗτος</strong></span> <span class='ocrx_word' id='word_1_535' title='bbox 3099 3361 3338 3423; x_wconf 79' lang='grc' dir='ltr'><strong>ἐλέγετο,</strong></span> <span class='ocrx_word' id='word_1_536' title='bbox 3384 3358 3442 3419; x_wconf 83' lang='grc' dir='ltr'><strong>ὃς</strong></span> <span class='ocrx_word' id='word_1_537' title='bbox 3499 3360 3589 3410; x_wconf 81' lang='grc' dir='ltr'><strong>τὸν</strong></span> <span class='ocrx_word' id='word_1_538' title='bbox 3626 3358 3670 3389; x_wconf 84' lang='grc'>³⁸</span> <span class='ocrx_word' id='word_1_539' title='bbox 3732 3358 4025 3428; x_wconf 71' lang='grc' dir='ltr'><strong>βασιλικὸν</strong></span> 
     </span>
    </p>
   </div>
   <div class='ocr_carea' id='block_1_76' title="bbox 2426 3448 4026 3523">
    <p class='ocr_par' dir='ltr' id='par_1_76' title="bbox 2426 3448 4026 3523">
     <span class='ocr_line' id='line_1_76' title="bbox 2426 3448 4026 3523; baseline -0.006 -13"><span class='ocrx_word' id='word_1_540' title='bbox 2426 3456 2659 3523; x_wconf 80' lang='grc' dir='ltr'><strong>ἄγγελον</strong></span> <span class='ocrx_word' id='word_1_541' title='bbox 2717 3452 2886 3506; x_wconf 81' lang='grc' dir='ltr'><strong>πολλὰ</strong></span> <span class='ocrx_word' id='word_1_542' title='bbox 2918 3450 3369 3523; x_wconf 75' lang='grc' dir='ltr'><strong>προσονειδίζων,</strong></span> <span class='ocrx_word' id='word_1_543' title='bbox 3415 3450 3513 3502; x_wconf 76' lang='grc' dir='ltr'><strong>καὶ</strong></span> <span class='ocrx_word' id='word_1_544' title='bbox 3556 3448 3818 3519; x_wconf 69' lang='grc' dir='ltr'><strong>δύσφημα</strong></span> <span class='ocrx_word' id='word_1_545' title='bbox 3877 3454 4026 3503; x_wconf 58' lang='grc' dir='ltr'><strong>κατὰ</strong></span> 
     </span>
    </p>
   </div>
   <div class='ocr_carea' id='block_1_77' title="bbox 2424 3542 4027 3618">
    <p class='ocr_par' dir='ltr' id='par_1_77' title="bbox 2424 3542 4027 3618">
     <span class='ocr_line' id='line_1_77' title="bbox 2424 3542 4027 3618; baseline -0.005 -17"><span class='ocrx_word' id='word_1_546' title='bbox 2424 3547 2826 3618; x_wconf 76' lang='grc' dir='ltr'><strong>τοῦβασιλέως</strong></span> <span class='ocrx_word' id='word_1_547' title='bbox 2862 3547 2941 3607; x_wconf 84' lang='grc' dir='ltr'><strong>είς</strong></span> <span class='ocrx_word' id='word_1_548' title='bbox 3006 3545 3322 3609; x_wconf 76' lang='grc' dir='ltr'><strong>πρόσωπον,</strong></span> <span class='ocrx_word' id='word_1_549' title='bbox 3370 3542 3483 3594; x_wconf 76' lang='grc' dir='ltr'><strong>ἀλλ’</strong></span> <span class='ocrx_word' id='word_1_550' title='bbox 3516 3543 3612 3610; x_wconf 82' lang='grc' dir='ltr'><strong>οὐχ</strong></span> <span class='ocrx_word' id='word_1_551' title='bbox 3664 3542 3768 3594; x_wconf 71' lang='grc' dir='ltr'><strong>ὑπὸ</strong></span> <span class='ocrx_word' id='word_1_552' title='bbox 3818 3543 4027 3595; x_wconf 77' lang='grc' dir='ltr'><strong>κόλπον</strong></span> 
     </span>
    </p>
   </div>
   <div class='ocr_carea' id='block_1_78' title="bbox 2426 3633 4027 3709">
    <p class='ocr_par' dir='ltr' id='par_1_78' title="bbox 2426 3633 4027 3709">
     <span class='ocr_line' id='line_1_78' title="bbox 2426 3633 4027 3709; baseline -0.004 -16"><span class='ocrx_word' id='word_1_553' title='bbox 2426 3640 2622 3704; x_wconf 78' lang='grc' dir='ltr'><strong>λαλῶν,</strong></span> <span class='ocrx_word' id='word_1_554' title='bbox 2655 3634 2692 3709; x_wconf 84' lang='grc' dir='ltr'><strong>ἦ</strong></span> <span class='ocrx_word' id='word_1_555' title='bbox 2720 3638 2828 3708; x_wconf 80' lang='grc' dir='ltr'><strong>μὴν</strong></span> <span class='ocrx_word' id='word_1_556' title='bbox 2867 3636 3177 3706; x_wconf 78' lang='grc' dir='ltr'><strong>ἐξελιπάρει</strong></span> <span class='ocrx_word' id='word_1_557' title='bbox 3223 3635 3393 3704; x_wconf 80' lang='grc' dir='ltr'><strong>μηδὲν</strong></span> <span class='ocrx_word' id='word_1_558' title='bbox 3440 3633 4027 3702; x_wconf 74' lang='grc' dir='ltr'><strong>καθυποστελλόμενον</strong></span> 
     </span>
    </p>
   </div>
   <div class='ocr_carea' id='block_1_79' title="bbox 2430 3725 4029 3796">
    <p class='ocr_par' dir='ltr' id='par_1_79' title="bbox 2430 3725 4029 3796">
     <span class='ocr_line' id='line_1_79' title="bbox 2430 3725 4029 3796; baseline -0.005 -11"><span class='ocrx_word' id='word_1_559' title='bbox 2430 3733 2688 3796; x_wconf 78' lang='grc' dir='ltr'><strong>ἐξειπεῖν,</strong></span> <span class='ocrx_word' id='word_1_560' title='bbox 2720 3732 2795 3794; x_wconf 87' lang='grc' dir='ltr'><strong>ώς</strong></span> <span class='ocrx_word' id='word_1_561' title='bbox 2829 3731 2943 3782; x_wconf 69' lang='grc' dir='ltr'><strong>Οὐκ</strong></span> <span class='ocrx_word' id='word_1_562' title='bbox 2982 3729 3134 3781; x_wconf 73' lang='grc' dir='ltr'><strong>ἔσται</strong></span> <span class='ocrx_word' id='word_1_563' title='bbox 3179 3744 3262 3781; x_wconf 86' lang='grc' dir='ltr'><strong>σοι</strong></span> <span class='ocrx_word' id='word_1_564' title='bbox 3298 3726 3359 3779; x_wconf 84' lang='grc' dir='ltr'><strong>τὸ</strong></span> <span class='ocrx_word' id='word_1_565' title='bbox 3397 3725 3707 3795; x_wconf 76' lang='grc' dir='ltr'><strong>βασιλεύειν</strong></span> <span class='ocrx_word' id='word_1_566' title='bbox 3748 3727 3844 3778; x_wconf 78' lang='grc' dir='ltr'><strong>ἐπὶ</strong></span> <span class='ocrx_word' id='word_1_567' title='bbox 3885 3727 4029 3779; x_wconf 66' lang='grc' dir='ltr'><strong>πολὺ</strong></span> 
     </span>
    </p>
   </div>
   <div class='ocr_carea' id='block_1_80' title="bbox 2428 3818 4033 3892">
    <p class='ocr_par' dir='ltr' id='par_1_80' title="bbox 2428 3818 4033 3892">
     <span class='ocr_line' id='line_1_80' title="bbox 2428 3818 4033 3892; baseline -0.009 -15"><span class='ocrx_word' id='word_1_568' title='bbox 2428 3824 2669 3886; x_wconf 83' lang='grc' dir='ltr'><strong>εἰδώλοις</strong></span> <span class='ocrx_word' id='word_1_569' title='bbox 2702 3820 2786 3892; x_wconf 77' lang='grc' dir='ltr'><strong>(ὦ</strong></span> <span class='ocrx_word' id='word_1_570' title='bbox 2817 3822 2915 3892; x_wconf 83' lang='grc' dir='ltr'><strong>τῆς</strong></span> <span class='ocrx_word' id='word_1_571' title='bbox 2946 3821 3256 3889; x_wconf 78' lang='grc' dir='ltr'><strong>καταράτου</strong></span> <span class='ocrx_word' id='word_1_572' title='bbox 3289 3818 3543 3887; x_wconf 73' lang='grc' dir='ltr'><strong>γλώσσης</strong></span> <span class='ocrx_word' id='word_1_573' title='bbox 3569 3819 3829 3888; x_wconf 72' lang='grc' dir='ltr'><strong>ἐκείνηςῑ)</strong></span> <span class='ocrx_word' id='word_1_574' title='bbox 3856 3836 4033 3886; x_wconf 77' lang='grc' dir='ltr'><strong>προσ.</strong></span> 
     </span>
    </p>
   </div>
   <div class='ocr_carea' id='block_1_81' title="bbox 2428 3910 4029 3988">
    <p class='ocr_par' dir='ltr' id='par_1_81' title="bbox 2428 3910 4029 3988">
     <span class='ocr_line' id='line_1_81' title="bbox 2428 3910 4029 3988; baseline -0.005 -15"><span class='ocrx_word' id='word_1_575' title='bbox 2428 3920 2675 3988; x_wconf 79' lang='grc' dir='ltr'><strong>ανέχοντι</strong></span> <span class='ocrx_word' id='word_1_576' title='bbox 2707 3916 2802 3970; x_wconf 79' lang='grc' dir='ltr'><strong>καὶ</strong></span> <span class='ocrx_word' id='word_1_577' title='bbox 2826 3913 3103 3985; x_wconf 78' lang='grc' dir='ltr'><strong>τολμώντι</strong></span> <span class='ocrx_word' id='word_1_578' title='bbox 3123 3915 3239 3976; x_wconf 77' lang='grc' dir='ltr'><strong>τοῖς</strong></span> <span class='ocrx_word' id='word_1_579' title='bbox 3269 3912 3375 3965; x_wconf 81' lang='grc' dir='ltr'><strong>ὑπὸ</strong></span> <span class='ocrx_word' id='word_1_580' title='bbox 3400 3910 3502 3981; x_wconf 82' lang='grc' dir='ltr'><strong>τῆς</strong></span> <span class='ocrx_word' id='word_1_581' title='bbox 3523 3910 3759 3981; x_wconf 83' lang='grc' dir='ltr'><strong>παρδοῦς</strong></span> <span class='ocrx_word' id='word_1_582' title='bbox 3780 3912 3876 3964; x_wconf 68' lang='grc' dir='ltr'><strong>καὶ</strong></span> <span class='ocrx_word' id='word_1_583' title='bbox 3899 3912 4029 3965; x_wconf 72' lang='lat' dir='ltr'><strong>Oui-</strong></span> 
     </span>
    </p>
   </div>
   <div class='ocr_carea' id='block_1_82' title="bbox 2424 4003 4033 4080">
    <p class='ocr_par' dir='ltr' id='par_1_82' title="bbox 2424 4003 4033 4080">
     <span class='ocr_line' id='line_1_82' title="bbox 2424 4003 4033 4080; baseline -0.007 -14"><span class='ocrx_word' id='word_1_584' title='bbox 2424 4012 2513 4074; x_wconf 86' lang='grc' dir='ltr'><strong>δος</strong></span> <span class='ocrx_word' id='word_1_585' title='bbox 2543 4012 2639 4064; x_wconf 68' lang='grc' dir='ltr'><strong>καλ⁸</strong></span> <span class='ocrx_word' id='word_1_586' title='bbox 2669 4008 2929 4080; x_wconf 81' lang='grc' dir='ltr'><strong>ταραξίου</strong></span> <span class='ocrx_word' id='word_1_587' title='bbox 2952 4005 3402 4077; x_wconf 73' lang='grc' dir='ltr'><strong>σεϐομένοις,τὴν</strong></span> <span class='ocrx_word' id='word_1_588' title='bbox 3418 4003 3821 4075; x_wconf 79' lang='grc' dir='ltr'><strong>βασιλεύσασαν</strong></span> <span class='ocrx_word' id='word_1_589' title='bbox 3853 4005 4033 4075; x_wconf 73' lang='grc' dir='ltr'><strong>Εἰρή-</strong></span> 
     </span>
    </p>
   </div>
   <div class='ocr_carea' id='block_1_83' title="bbox 2426 4097 4033 4175">
    <p class='ocr_par' dir='ltr' id='par_1_83' title="bbox 2426 4097 4033 4175">
     <span class='ocr_line' id='line_1_83' title="bbox 2426 4097 4033 4175; baseline -0.004 -18"><span class='ocrx_word' id='word_1_590' title='bbox 2426 4123 2525 4175; x_wconf 74' lang='grc' dir='ltr'><strong>νην</strong></span> <span class='ocrx_word' id='word_1_591' title='bbox 2562 4103 2658 4155; x_wconf 80' lang='grc' dir='ltr'><strong>καὶ</strong></span> <span class='ocrx_word' id='word_1_592' title='bbox 2685 4102 2777 4154; x_wconf 84' lang='grc' dir='ltr'><strong>τὸν</strong></span> <span class='ocrx_word' id='word_1_593' title='bbox 2811 4104 2870 4154; x_wconf 87' lang='grc' dir='ltr'><strong>ἐν</strong></span> <span class='ocrx_word' id='word_1_594' title='bbox 2916 4099 3095 4167; x_wconf 81' lang='grc' dir='ltr'><strong>ἁγίοις</strong></span> <span class='ocrx_word' id='word_1_595' title='bbox 3122 4098 3399 4168; x_wconf 88' lang='grc' dir='ltr'><strong>Ταράσιον</strong></span> <span class='ocrx_word' id='word_1_596' title='bbox 3429 4098 3615 4167; x_wconf 79' lang='grc' dir='ltr'><strong>άφέτῳ</strong></span> <span class='ocrx_word' id='word_1_597' title='bbox 3641 4097 3864 4166; x_wconf 78' lang='grc' dir='ltr'><strong>γλώττῃ</strong></span> <span class='ocrx_word' id='word_1_598' title='bbox 3898 4116 3967 4150; x_wconf 86' lang='grc' dir='ltr'><strong>πε</strong></span> <span class='ocrx_word' id='word_1_599' title='bbox 3982 4101 4033 4164; x_wconf 72' lang='grc' dir='ltr'><strong>ρὶ</strong></span> 
     </span>
    </p>
   </div>
   <div class='ocr_carea' id='block_1_84' title="bbox 2424 4186 4035 4252">
    <p class='ocr_par' dir='ltr' id='par_1_84' title="bbox 2424 4186 4035 4252">
     <span class='ocr_line' id='line_1_84' title="bbox 2424 4186 4035 4252; baseline -0.006 -2"><span class='ocrx_word' id='word_1_600' title='bbox 2424 4198 2536 4250; x_wconf 82' lang='grc' dir='ltr'><strong>τῶν</strong></span> <span class='ocrx_word' id='word_1_601' title='bbox 2558 4196 2721 4249; x_wconf 85' lang='grc' dir='ltr'><strong>θείων</strong></span> <span class='ocrx_word' id='word_1_602' title='bbox 2767 4192 2997 4245; x_wconf 72' lang='grc' dir='ltr'><strong>εἰκόνων</strong></span> <span class='ocrx_word' id='word_1_603' title='bbox 3024 4188 3202 4252; x_wconf 68' lang='grc' dir='ltr'><strong>οὓτως</strong></span> <span class='ocrx_word' id='word_1_604' title='bbox 3227 4188 3545 4242; x_wconf 80' lang='grc' dir='ltr'><strong>ἀποκαλῶν.</strong></span> <span class='ocrx_word' id='word_1_605' title='bbox 3583 4186 3643 4241; x_wconf 84' lang='grc' dir='ltr'>Ὀ</span> <span class='ocrx_word' id='word_1_606' title='bbox 3664 4188 3719 4240; x_wconf 81' lang='grc' dir='ltr'><strong>δὲ</strong></span> <span class='ocrx_word' id='word_1_607' title='bbox 3754 4189 3935 4251; x_wconf 71' lang='grc' dir='ltr'><strong>Λέων,</strong></span> <span class='ocrx_word' id='word_1_608' title='bbox 3974 4192 4035 4241; x_wconf 78' lang='grc' dir='ltr'><strong>τὸ</strong></span> 
     </span>
    </p>
   </div>
   <div class='ocr_carea' id='block_1_85' title="bbox 2425 4280 4037 4358">
    <p class='ocr_par' dir='ltr' id='par_1_85' title="bbox 2425 4280 4037 4358">
     <span class='ocr_line' id='line_1_85' title="bbox 2425 4280 4037 4358; baseline -0.006 -14"><span class='ocrx_word' id='word_1_609' title='bbox 2425 4292 2592 4355; x_wconf 74' lang='grc' dir='ltr'><strong>ὅντως</strong></span> <span class='ocrx_word' id='word_1_610' title='bbox 2608 4288 2879 4358; x_wconf 84' lang='grc' dir='ltr'><strong>δαιμόνων</strong></span> <span class='ocrx_word' id='word_1_611' title='bbox 2894 4285 3136 4346; x_wconf 79' lang='grc' dir='ltr'><strong>εἴδωλον,</strong></span> <span class='ocrx_word' id='word_1_612' title='bbox 3154 4283 3216 4336; x_wconf 83' lang='grc' dir='ltr'><strong>τὸ</strong></span> <span class='ocrx_word' id='word_1_613' title='bbox 3230 4283 3328 4352; x_wconf 85' lang='grc' dir='ltr'><strong>τῆς</strong></span> <span class='ocrx_word' id='word_1_614' title='bbox 3342 4281 3583 4352; x_wconf 76' lang='grc' dir='ltr'><strong>ἀμαθίας</strong></span> <span class='ocrx_word' id='word_1_615' title='bbox 3599 4280 3961 4350; x_wconf 83' lang='grc' dir='ltr'><strong>ἀνδράποδον,</strong></span> <span class='ocrx_word' id='word_1_616' title='bbox 3976 4282 4037 4335; x_wconf 77' lang='grc' dir='ltr'><strong>τὸ</strong></span> 
     </span>
    </p>
   </div>
   <div class='ocr_carea' id='block_1_86' title="bbox 2426 4371 4035 4452">
    <p class='ocr_par' dir='ltr' id='par_1_86' title="bbox 2426 4371 4035 4452">
     <span class='ocr_line' id='line_1_86' title="bbox 2426 4371 4035 4452; baseline -0.005 -18"><span class='ocrx_word' id='word_1_617' title='bbox 2426 4388 2523 4452; x_wconf 77' lang='grc' dir='ltr'><strong>τῆς</strong></span> <span class='ocrx_word' id='word_1_618' title='bbox 2542 4382 2701 4442; x_wconf 78' lang='grc' dir='ltr'><strong>σκιᾶς</strong></span> <span class='ocrx_word' id='word_1_619' title='bbox 2722 4376 3086 4449; x_wconf 75' lang='grc' dir='ltr'><strong>ἀφονώτερον,</strong></span> <span class='ocrx_word' id='word_1_620' title='bbox 3111 4375 3232 4429; x_wconf 79' lang='grc' dir='ltr'><strong>δέον</strong></span> <span class='ocrx_word' id='word_1_621' title='bbox 3260 4374 3467 4427; x_wconf 87' lang='grc' dir='ltr'><strong>τούτων</strong></span> <span class='ocrx_word' id='word_1_622' title='bbox 3502 4371 3977 4443; x_wconf 80' lang='grc' dir='ltr'><strong>κατολιγωρῆσαι,</strong></span> <span class='ocrx_word' id='word_1_623' title='bbox 4001 4372 4035 4442; x_wconf 75' lang='grc' dir='ltr'><strong>ἢ</strong></span> 
     </span>
    </p>
   </div>
   <div class='ocr_carea' id='block_1_87' title="bbox 2429 4465 4037 4544">
    <p class='ocr_par' dir='ltr' id='par_1_87' title="bbox 2429 4465 4037 4544">
     <span class='ocr_line' id='line_1_87' title="bbox 2429 4465 4037 4544; baseline -0.002 -26"><span class='ocrx_word' id='word_1_624' title='bbox 2429 4480 2475 4529; x_wconf 73' lang='grc' dir='ltr'><strong>εί</strong></span> <span class='ocrx_word' id='word_1_625' title='bbox 2492 4477 2537 4507; x_wconf 77' lang='grc' dir='ltr'><strong>³ο</strong></span> <span class='ocrx_word' id='word_1_626' title='bbox 2559 4474 2635 4544; x_wconf 75' lang='grc' dir='ltr'><strong>μὴ</strong></span> <span class='ocrx_word' id='word_1_627' title='bbox 2650 4471 2827 4535; x_wconf 75' lang='grc' dir='ltr'><strong>τοῦτο,</strong></span> <span class='ocrx_word' id='word_1_628' title='bbox 2847 4467 3222 4537; x_wconf 84' lang='grc' dir='ltr'><strong>ἐκπομπεύειν</strong></span> <span class='ocrx_word' id='word_1_629' title='bbox 3245 4465 3378 4534; x_wconf 90' lang='grc' dir='ltr'><strong>γοῦν</strong></span> <span class='ocrx_word' id='word_1_630' title='bbox 3394 4468 3489 4518; x_wconf 69' lang='grc' dir='ltr'><strong>καὶ</strong></span> <span class='ocrx_word' id='word_1_631' title='bbox 3512 4465 3822 4533; x_wconf 78' lang='grc' dir='ltr'><strong>θεατρίζειν</strong></span> <span class='ocrx_word' id='word_1_632' title='bbox 3847 4466 4037 4517; x_wconf 70' lang='grc' dir='ltr'><strong>ταῦτα</strong></span> 
     </span>
    </p>
   </div>
   <div class='ocr_carea' id='block_1_88' title="bbox 738 4552 2316 4639">
    <p class='ocr_par' dir='ltr' id='par_1_88' title="bbox 738 4552 2316 4624">
     <span class='ocr_line' id='line_1_88' title="bbox 738 4552 2316 4624; baseline -0.001 -15"><span class='ocrx_word' id='word_1_633' title='bbox 738 4557 857 4610; x_wconf 71' lang='lat' dir='ltr'><strong>haec</strong></span> <span class='ocrx_word' id='word_1_634' title='bbox 887 4568 1149 4624; x_wconf 86' lang='lat' dir='ltr'><strong>spernere</strong></span> <span class='ocrx_word' id='word_1_635' title='bbox 1181 4553 1486 4617; x_wconf 89' lang='lat' dir='ltr'><strong>debuisset,</strong></span> <span class='ocrx_word' id='word_1_636' title='bbox 1550 4552 1637 4606; x_wconf 88' lang='lat' dir='ltr'><strong>sin</strong></span> <span class='ocrx_word' id='word_1_637' title='bbox 1688 4560 1895 4618; x_wconf 87' lang='lat' dir='ltr'><strong>autem,</strong></span> <span class='ocrx_word' id='word_1_638' title='bbox 1934 4552 2003 4607; x_wconf 88' lang='lat' dir='ltr'><strong>ad</strong></span> <span class='ocrx_word' id='word_1_639' title='bbox 2052 4567 2180 4606; x_wconf 86' lang='lat' dir='ltr'><strong>eum</strong></span> <span class='ocrx_word' id='word_1_640' title='bbox 2230 4554 2316 4622; x_wconf 80' lang='lat' dir='ltr'><strong>qui</strong></span> 
     </span>
    </p>
   </div>
   <div class='ocr_carea' id='block_1_89' title="bbox 2422 4552 4038 4639">
    <p class='ocr_par' dir='ltr' id='par_1_89' title="bbox 2435 4557 4038 4639">
     <span class='ocr_line' id='line_1_89' title="bbox 2435 4557 4038 4639; baseline -0.008 -16"><span class='ocrx_word' id='word_1_641' title='bbox 2435 4569 2512 4639; x_wconf 83' lang='grc' dir='ltr'><strong>τῷ</strong></span> <span class='ocrx_word' id='word_1_642' title='bbox 2534 4567 2633 4631; x_wconf 82' lang='grc' dir='ltr'><strong>τὰς</strong></span> <span class='ocrx_word' id='word_1_643' title='bbox 2685 4566 2786 4635; x_wconf 77' lang='grc' dir='ltr'><strong>τῆς</strong></span> <span class='ocrx_word' id='word_1_644' title='bbox 2830 4561 3161 4632; x_wconf 81' lang='grc' dir='ltr'><strong>Ἕκκλησίας</strong></span> <span class='ocrx_word' id='word_1_645' title='bbox 3197 4560 3353 4630; x_wconf 76' lang='grc' dir='ltr'><strong>ἡνίας</strong></span> <span class='ocrx_word' id='word_1_646' title='bbox 3387 4558 3644 4621; x_wconf 77' lang='grc' dir='ltr'><strong>ίθύνοντι,</strong></span> <span class='ocrx_word' id='word_1_647' title='bbox 3675 4558 3773 4610; x_wconf 79' lang='grc' dir='ltr'><strong>καὶ</strong></span> <span class='ocrx_word' id='word_1_648' title='bbox 3808 4557 4038 4611; x_wconf 79' lang='grc' dir='ltr'><strong>σύνοδον</strong></span> 
     </span>
    </p>
   </div>
   <div class='ocr_carea' id='block_1_90' title="bbox 739 4643 2322 4715">
    <p class='ocr_par' dir='ltr' id='par_1_90' title="bbox 739 4643 2322 4715">
     <span class='ocr_line' id='line_1_90' title="bbox 739 4643 2322 4715; baseline 0 -14"><span class='ocrx_word' id='word_1_649' title='bbox 739 4648 1001 4701; x_wconf 73' lang='lat' dir='ltr'><strong>l-Leelesize</strong></span> <span class='ocrx_word' id='word_1_650' title='bbox 1052 4648 1269 4701; x_wconf 86' lang='lat' dir='ltr'><strong>clavum</strong></span> <span class='ocrx_word' id='word_1_651' title='bbox 1328 4646 1549 4715; x_wconf 85' lang='lat' dir='ltr'><strong>regebat</strong></span> <span class='ocrx_word' id='word_1_652' title='bbox 1582 4643 1789 4700; x_wconf 84' lang='lat' dir='ltr'><strong>referre</strong></span> <span class='ocrx_word' id='word_1_653' title='bbox 1831 4644 1994 4713; x_wconf 89' lang='lat' dir='ltr'><strong>eique</strong></span> <span class='ocrx_word' id='word_1_654' title='bbox 2024 4659 2322 4715; x_wconf 77' lang='lat' dir='ltr'><strong>exponere,</strong></span> 
     </span>
    </p>
   </div>
   <div class='ocr_carea' id='block_1_91' title="bbox 739 4737 2324 4810">
    <p class='ocr_par' dir='ltr' id='par_1_91' title="bbox 739 4737 2324 4810">
     <span class='ocr_line' id='line_1_91' title="bbox 739 4737 2324 4810; baseline 0.001 -15"><span class='ocrx_word' id='word_1_655' title='bbox 739 4754 950 4795; x_wconf 85' lang='lat' dir='ltr'><strong>necnon</strong></span> <span class='ocrx_word' id='word_1_656' title='bbox 978 4740 1249 4810; x_wconf 86' lang='lat' dir='ltr'><strong>synodum</strong></span> <span class='ocrx_word' id='word_1_657' title='bbox 1282 4737 1351 4793; x_wconf 85' lang='lat' dir='ltr'><strong>de</strong></span> <span class='ocrx_word' id='word_1_658' title='bbox 1389 4739 1556 4793; x_wconf 90' lang='lat' dir='ltr'><strong>rebus</strong></span> <span class='ocrx_word' id='word_1_659' title='bbox 1588 4737 1805 4808; x_wconf 87' lang='lat' dir='ltr'><strong>magnis</strong></span> <span class='ocrx_word' id='word_1_660' title='bbox 1835 4737 2129 4807; x_wconf 87' lang='lat' dir='ltr'><strong>magnifice</strong></span> <span class='ocrx_word' id='word_1_661' title='bbox 2161 4752 2324 4796; x_wconf 86' lang='lat' dir='ltr'><strong>scru-</strong></span> 
     </span>
    </p>
   </div>
   <div class='ocr_carea' id='block_1_92' title="bbox 740 4828 2325 4903">
    <p class='ocr_par' dir='ltr' id='par_1_92' title="bbox 740 4828 2325 4903">
     <span class='ocr_line' id='line_1_92' title="bbox 740 4828 2325 4903; baseline -0.003 -16"><span class='ocrx_word' id='word_1_662' title='bbox 740 4835 908 4887; x_wconf 80' lang='lat' dir='ltr'><strong>taudo</strong></span> <span class='ocrx_word' id='word_1_663' title='bbox 936 4848 1152 4903; x_wconf 86' lang='lat' dir='ltr'><strong>cogere,</strong></span> <span class='ocrx_word' id='word_1_664' title='bbox 1196 4845 1304 4884; x_wconf 90' lang='lat' dir='ltr'><strong>non</strong></span> <span class='ocrx_word' id='word_1_665' title='bbox 1361 4828 1680 4883; x_wconf 90' lang='lat' dir='ltr'><strong>hominibus</strong></span> <span class='ocrx_word' id='word_1_666' title='bbox 1708 4828 1803 4898; x_wconf 90' lang='lat' dir='ltr'><strong>qui</strong></span> <span class='ocrx_word' id='word_1_667' title='bbox 1852 4828 1987 4882; x_wconf 92' lang='lat' dir='ltr'><strong>nihil</strong></span> <span class='ocrx_word' id='word_1_668' title='bbox 2016 4828 2135 4883; x_wconf 89' lang='lat' dir='ltr'><strong>sani</strong></span> <span class='ocrx_word' id='word_1_669' title='bbox 2165 4844 2325 4898; x_wconf 84' lang='lat' dir='ltr'><strong>sape-</strong></span> 
     </span>
    </p>
   </div>
   <div class='ocr_carea' id='block_1_93' title="bbox 739 4919 2324 4993">
    <p class='ocr_par' dir='ltr' id='par_1_93' title="bbox 739 4919 2324 4993">
     <span class='ocr_line' id='line_1_93' title="bbox 739 4919 2324 4993; baseline -0.004 -14"><span class='ocrx_word' id='word_1_670' title='bbox 739 4938 881 4988; x_wconf 77' lang='lat' dir='ltr'><strong>rent,</strong></span> <span class='ocrx_word' id='word_1_671' title='bbox 910 4924 1111 4993; x_wconf 85' lang='lat' dir='ltr'><strong>quique</strong></span> <span class='ocrx_word' id='word_1_672' title='bbox 1142 4937 1252 4975; x_wconf 91' lang='lat' dir='ltr'><strong>nou</strong></span> <span class='ocrx_word' id='word_1_673' title='bbox 1282 4920 1403 4990; x_wconf 87' lang='lat' dir='ltr'><strong>ejus</strong></span> <span class='ocrx_word' id='word_1_674' title='bbox 1432 4920 1763 4981; x_wconf 86' lang='lat' dir='ltr'><strong>commodis,</strong></span> <span class='ocrx_word' id='word_1_675' title='bbox 1799 4919 1895 4975; x_wconf 88' lang='lat' dir='ltr'><strong>sed</strong></span> <span class='ocrx_word' id='word_1_676' title='bbox 1920 4920 2038 4975; x_wconf 87' lang='lat' dir='ltr'><strong>suis</strong></span> <span class='ocrx_word' id='word_1_677' title='bbox 2076 4919 2324 4990; x_wconf 88' lang='lat' dir='ltr'><strong>ipsorum</strong></span> 
     </span>
    </p>
   </div>
   <div class='ocr_carea' id='block_1_94' title="bbox 739 5012 2327 5084">
    <p class='ocr_par' dir='ltr' id='par_1_94' title="bbox 739 5012 2327 5084">
     <span class='ocr_line' id='line_1_94' title="bbox 739 5012 2327 5084; baseline -0.003 -13"><span class='ocrx_word' id='word_1_678' title='bbox 739 5019 910 5071; x_wconf 87' lang='lat' dir='ltr'><strong>lueris</strong></span> <span class='ocrx_word' id='word_1_679' title='bbox 954 5016 1239 5070; x_wconf 88' lang='lat' dir='ltr'><strong>studerent</strong></span> <span class='ocrx_word' id='word_1_680' title='bbox 1266 5028 1507 5084; x_wconf 88' lang='lat' dir='ltr'><strong>suasque</strong></span> <span class='ocrx_word' id='word_1_681' title='bbox 1539 5028 1667 5068; x_wconf 92' lang='lat' dir='ltr'><strong>cum</strong></span> <span class='ocrx_word' id='word_1_682' title='bbox 1696 5012 1892 5083; x_wconf 82' lang='lat' dir='ltr'><strong>primis</strong></span> <span class='ocrx_word' id='word_1_683' title='bbox 1918 5026 2004 5067; x_wconf 89' lang='lat' dir='ltr'><strong>res</strong></span> <span class='ocrx_word' id='word_1_684' title='bbox 2039 5020 2327 5077; x_wconf 82' lang='lat' dir='ltr'><strong>curarent,</strong></span> 
     </span>
    </p>
   </div>
   <div class='ocr_carea' id='block_1_95' title="bbox 738 5107 2327 5183">
    <p class='ocr_par' dir='ltr' id='par_1_95' title="bbox 738 5107 2327 5183">
     <span class='ocr_line' id='line_1_95' title="bbox 738 5107 2327 5183; baseline 0.002 -21"><span class='ocrx_word' id='word_1_685' title='bbox 738 5112 901 5183; x_wconf 80' lang='lat' dir='ltr'><strong>(proh</strong></span> <span class='ocrx_word' id='word_1_686' title='bbox 941 5110 1245 5165; x_wconf 83' lang='lat' dir='ltr'><strong>amicitiam</strong></span> <span class='ocrx_word' id='word_1_687' title='bbox 1296 5109 1423 5165; x_wconf 91' lang='lat' dir='ltr'><strong>dolo</strong></span> <span class='ocrx_word' id='word_1_688' title='bbox 1461 5109 1823 5178; x_wconf 90' lang='lat' dir='ltr'><strong>compositam</strong></span> <span class='ocrx_word' id='word_1_689' title='bbox 1853 5107 1892 5180; x_wconf 90' lang='lat' dir='ltr'><strong>l)</strong></span> <span class='ocrx_word' id='word_1_690' title='bbox 1927 5109 2110 5165; x_wconf 91' lang='lat' dir='ltr'><strong>amico</strong></span> <span class='ocrx_word' id='word_1_691' title='bbox 2137 5109 2327 5165; x_wconf 88' lang='lat' dir='ltr'><strong>Cassi-</strong></span> 
     </span>
    </p>
   </div>
   <div class='ocr_carea' id='block_1_96' title="bbox 739 5201 2327 5273">
    <p class='ocr_par' dir='ltr' id='par_1_96' title="bbox 739 5201 2327 5273">
     <span class='ocr_line' id='line_1_96' title="bbox 739 5201 2327 5273; baseline 0.001 -16"><span class='ocrx_word' id='word_1_692' title='bbox 739 5213 867 5257; x_wconf 70' lang='lat' dir='ltr'><strong>tcrm</strong></span> <span class='ocrx_word' id='word_1_693' title='bbox 892 5204 1283 5267; x_wconf 87' lang='lat' dir='ltr'><strong>communicat,</strong></span> <span class='ocrx_word' id='word_1_694' title='bbox 1322 5201 1603 5272; x_wconf 88' lang='lat' dir='ltr'><strong>refertque</strong></span> <span class='ocrx_word' id='word_1_695' title='bbox 1633 5218 1759 5273; x_wconf 67' lang='lat' dir='ltr'><strong>quae</strong></span> <span class='ocrx_word' id='word_1_696' title='bbox 1802 5219 1870 5258; x_wconf 76' lang='lat' dir='ltr'><strong>ex</strong></span> <span class='ocrx_word' id='word_1_697' title='bbox 1915 5204 2114 5259; x_wconf 90' lang='lat' dir='ltr'><strong>nuntio</strong></span> <span class='ocrx_word' id='word_1_698' title='bbox 2157 5205 2327 5259; x_wconf 90' lang='lat' dir='ltr'><strong>verba</strong></span> 
     </span>
    </p>
   </div>
   <div class='ocr_carea' id='block_1_97' title="bbox 738 5294 2328 5365">
    <p class='ocr_par' dir='ltr' id='par_1_97' title="bbox 738 5294 2328 5365">
     <span class='ocr_line' id='line_1_97' title="bbox 738 5294 2328 5365; baseline 0.001 -16"><span class='ocrx_word' id='word_1_699' title='bbox 738 5306 1044 5365; x_wconf 85' lang='lat' dir='ltr'><strong>acceperat.</strong></span> <span class='ocrx_word' id='word_1_700' title='bbox 1096 5295 1270 5351; x_wconf 79' lang='lat' dir='ltr'><strong>Porro</strong></span> <span class='ocrx_word' id='word_1_701' title='bbox 1303 5296 1395 5351; x_wconf 93' lang='lat' dir='ltr'><strong>ille</strong></span> <span class='ocrx_word' id='word_1_702' title='bbox 1426 5295 1633 5350; x_wconf 87' lang='lat' dir='ltr'><strong>malum</strong></span> <span class='ocrx_word' id='word_1_703' title='bbox 1677 5296 1824 5351; x_wconf 90' lang='lat' dir='ltr'><strong>malo</strong></span> <span class='ocrx_word' id='word_1_704' title='bbox 1854 5294 2211 5365; x_wconf 86' lang='lat' dir='ltr'><strong>furoremque</strong></span> <span class='ocrx_word' id='word_1_705' title='bbox 2240 5296 2328 5351; x_wconf 89' lang='lat' dir='ltr'><strong>fu-</strong></span> 
     </span>
    </p>
   </div>
   <div class='ocr_carea' id='block_1_98' title="bbox 740 5388 2326 5459">
    <p class='ocr_par' dir='ltr' id='par_1_98' title="bbox 740 5388 2326 5459">
     <span class='ocr_line' id='line_1_98' title="bbox 740 5388 2326 5459; baseline 0.001 -17"><span class='ocrx_word' id='word_1_706' title='bbox 740 5405 869 5443; x_wconf 93' lang='lat' dir='ltr'><strong>rore</strong></span> <span class='ocrx_word' id='word_1_707' title='bbox 908 5405 1016 5443; x_wconf 92' lang='lat' dir='ltr'><strong>non</strong></span> <span class='ocrx_word' id='word_1_708' title='bbox 1048 5389 1279 5454; x_wconf 84' lang='lat' dir='ltr'><strong>leniens,</strong></span> <span class='ocrx_word' id='word_1_709' title='bbox 1325 5388 1421 5444; x_wconf 88' lang='lat' dir='ltr'><strong>sed</strong></span> <span class='ocrx_word' id='word_1_710' title='bbox 1467 5388 1740 5451; x_wconf 83' lang='lat' dir='ltr'><strong>excitans,</strong></span> <span class='ocrx_word' id='word_1_711' title='bbox 1779 5390 1955 5442; x_wconf 89' lang='lat' dir='ltr'><strong>virum</strong></span> <span class='ocrx_word' id='word_1_712' title='bbox 2006 5388 2197 5452; x_wconf 88' lang='lat' dir='ltr'><strong>alium,</strong></span> <span class='ocrx_word' id='word_1_713' title='bbox 2231 5390 2326 5459; x_wconf 91' lang='lat' dir='ltr'><strong>qui</strong></span> 
     </span>
    </p>
   </div>
   <div class='ocr_carea' id='block_1_99' title="bbox 740 5470 2325 5551">
    <p class='ocr_par' dir='ltr' id='par_1_99' title="bbox 740 5470 2325 5551">
     <span class='ocr_line' id='line_1_99' title="bbox 740 5470 2325 5551; baseline 0.001 -15"><span class='ocrx_word' id='word_1_714' title='bbox 740 5482 989 5551; x_wconf 85' lang='lat' dir='ltr'><strong>ejusdem</strong></span> <span class='ocrx_word' id='word_1_715' title='bbox 1036 5496 1163 5550; x_wconf 85' lang='lat' dir='ltr'><strong>erga</strong></span> <span class='ocrx_word' id='word_1_716' title='bbox 1197 5496 1388 5536; x_wconf 86' lang='lat' dir='ltr'><strong>sacras</strong></span> <span class='ocrx_word' id='word_1_717' title='bbox 1420 5482 1689 5551; x_wconf 85' lang='lat' dir='ltr'><strong>imagines</strong></span> <span class='ocrx_word' id='word_1_718' title='bbox 1737 5480 2025 5537; x_wconf 76' lang='lat' dir='ltr'><strong>sententia:</strong></span> <span class='ocrx_word' id='word_1_719' title='bbox 2056 5470 2225 5537; x_wconf 84' lang='lat' dir='ltr'><strong>esset</strong></span> <span class='ocrx_word' id='word_1_720' title='bbox 2260 5497 2325 5537; x_wconf 88' lang='lat' dir='ltr'><strong>ac</strong></span> 
     </span>
    </p>
   </div>
   <div class='ocr_carea' id='block_1_100' title="bbox 739 5573 2324 5645">
    <p class='ocr_par' dir='ltr' id='par_1_100' title="bbox 739 5573 2324 5645">
     <span class='ocr_line' id='line_1_100' title="bbox 739 5573 2324 5645; baseline -0.001 -14"><span class='ocrx_word' id='word_1_721' title='bbox 739 5580 797 5631; x_wconf 81' lang='lat' dir='ltr'><strong>in</strong></span> <span class='ocrx_word' id='word_1_722' title='bbox 822 5574 1091 5630; x_wconf 75' lang='lat' dir='ltr'><strong>Mauriani</strong></span> <span class='ocrx_word' id='word_1_723' title='bbox 1130 5574 1346 5645; x_wconf 90' lang='lat' dir='ltr'><strong>porticu</strong></span> <span class='ocrx_word' id='word_1_724' title='bbox 1384 5574 1678 5641; x_wconf 86' lang='lat' dir='ltr'><strong>habitaret,</strong></span> <span class='ocrx_word' id='word_1_725' title='bbox 1712 5574 1763 5630; x_wconf 87' lang='lat' dir='ltr'><strong>ei</strong></span> <span class='ocrx_word' id='word_1_726' title='bbox 1794 5573 2025 5640; x_wconf 79' lang='lat' dir='ltr'><strong>iudicat,</strong></span> <span class='ocrx_word' id='word_1_727' title='bbox 2053 5576 2324 5629; x_wconf 87' lang='lat' dir='ltr'><strong>immensa</strong></span> 
     </span>
    </p>
   </div>
   <div class='ocr_carea' id='block_1_101' title="bbox 2430 4650 4036 4733">
    <p class='ocr_par' dir='ltr' id='par_1_101' title="bbox 2430 4650 4036 4733">
     <span class='ocr_line' id='line_1_101' title="bbox 2430 4650 4036 4733; baseline -0.02 -17"><span class='ocrx_word' id='word_1_728' title='bbox 2430 4660 2817 4733; x_wconf 82' lang='grc' dir='ltr'><strong>συγκροτῆσαι</strong></span> <span class='ocrx_word' id='word_1_729' title='bbox 2853 4655 2983 4727; x_wconf 66' lang='grc' dir='ltr'><strong>περὶ</strong></span> <span class='ocrx_word' id='word_1_730' title='bbox 3036 4652 3291 4724; x_wconf 78' lang='grc' dir='ltr'><strong>μεγάλων</strong></span> <span class='ocrx_word' id='word_1_731' title='bbox 3333 4651 3585 4722; x_wconf 86' lang='grc' dir='ltr'><strong>μεγάλως</strong></span> <span class='ocrx_word' id='word_1_732' title='bbox 3624 4650 3939 4721; x_wconf 73' lang='grc' dir='ltr'><strong>ἀνερευνῶν</strong></span> <span class='ocrx_word' id='word_1_733' title='bbox 3969 4652 4036 4712; x_wconf 73' lang='grc' dir='ltr'><strong>ιτ⁹</strong></span> 
     </span>
    </p>
   </div>
   <div class='ocr_carea' id='block_1_102' title="bbox 2427 4741 4039 4817">
    <p class='ocr_par' dir='ltr' id='par_1_102' title="bbox 2427 4741 4039 4817">
     <span class='ocr_line' id='line_1_102' title="bbox 2427 4741 4039 4817; baseline -0.007 -8"><span class='ocrx_word' id='word_1_734' title='bbox 2427 4755 2543 4811; x_wconf 83' lang='grc' dir='ltr'><strong>ἀλλ’</strong></span> <span class='ocrx_word' id='word_1_735' title='bbox 2574 4755 2677 4805; x_wconf 79' lang='grc' dir='ltr'><strong>οὐκ</strong></span> <span class='ocrx_word' id='word_1_736' title='bbox 2731 4749 2959 4817; x_wconf 82' lang='grc' dir='ltr'><strong>ἀνδράσι</strong></span> <span class='ocrx_word' id='word_1_737' title='bbox 3022 4745 3192 4816; x_wconf 81' lang='grc' dir='ltr'><strong>μηδὲν</strong></span> <span class='ocrx_word' id='word_1_738' title='bbox 3221 4744 3373 4813; x_wconf 83' lang='grc' dir='ltr'><strong>ὑγιὲς</strong></span> <span class='ocrx_word' id='word_1_739' title='bbox 3426 4741 3709 4813; x_wconf 82' lang='grc' dir='ltr'><strong>φρονοῦσι,</strong></span> <span class='ocrx_word' id='word_1_740' title='bbox 3766 4742 3906 4813; x_wconf 74' lang='grc' dir='ltr'><strong>μηδὲ</strong></span> <span class='ocrx_word' id='word_1_741' title='bbox 3967 4744 4039 4797; x_wconf 79' lang='grc' dir='ltr'><strong>τὰ</strong></span> 
     </span>
    </p>
   </div>
   <div class='ocr_carea' id='block_1_103' title="bbox 2424 4834 4040 4913">
    <p class='ocr_par' dir='ltr' id='par_1_103' title="bbox 2424 4834 4040 4913">
     <span class='ocr_line' id='line_1_103' title="bbox 2424 4834 4040 4913; baseline -0.007 -12"><span class='ocrx_word' id='word_1_742' title='bbox 2424 4844 2623 4901; x_wconf 85' lang='grc' dir='ltr'><strong>ἐαυτοῦ</strong></span> <span class='ocrx_word' id='word_1_743' title='bbox 2656 4842 2783 4913; x_wconf 79' lang='grc' dir='ltr'><strong>(φεῦ</strong></span> <span class='ocrx_word' id='word_1_744' title='bbox 2827 4841 2922 4909; x_wconf 83' lang='grc' dir='ltr'><strong>τῆς</strong></span> <span class='ocrx_word' id='word_1_745' title='bbox 2953 4838 3091 4909; x_wconf 78' lang='grc' dir='ltr'><strong>μετὰ</strong></span> <span class='ocrx_word' id='word_1_746' title='bbox 3129 4838 3282 4891; x_wconf 78' lang='grc' dir='ltr'><strong>δόλου</strong></span> <span class='ocrx_word' id='word_1_747' title='bbox 3303 4835 3559 4905; x_wconf 79' lang='grc' dir='ltr'><strong>φιλίαςι),</strong></span> <span class='ocrx_word' id='word_1_748' title='bbox 3594 4834 3816 4888; x_wconf 84' lang='grc' dir='ltr'><strong>ἀλλάτά</strong></span> <span class='ocrx_word' id='word_1_749' title='bbox 3849 4837 4040 4889; x_wconf 70' lang='grc' dir='ltr'><strong>οἰκεῖα</strong></span> 
     </span>
    </p>
   </div>
   <div class='ocr_carea' id='block_1_104' title="bbox 2428 4926 4039 5011">
    <p class='ocr_par' dir='ltr' id='par_1_104' title="bbox 2428 4926 4039 5011">
     <span class='ocr_line' id='line_1_104' title="bbox 2428 4926 4039 5011; baseline -0.014 -18"><span class='ocrx_word' id='word_1_750' title='bbox 2428 4937 2909 5011; x_wconf 83' lang='grc' dir='ltr'><strong>προμηθουμένων</strong></span> <span class='ocrx_word' id='word_1_751' title='bbox 2943 4933 3042 4987; x_wconf 66' lang='grc' dir='ltr'><strong>καὶ</strong></span> <span class='ocrx_word' id='word_1_752' title='bbox 3087 4929 3606 5002; x_wconf 77' lang='grc' dir='ltr'><strong>προδιοικουμένων,</strong></span> <span class='ocrx_word' id='word_1_753' title='bbox 3639 4927 3718 4998; x_wconf 82' lang='grc' dir='ltr'><strong>τῷ</strong></span> <span class='ocrx_word' id='word_1_754' title='bbox 3762 4926 4039 4998; x_wconf 79' lang='grc' dir='ltr'><strong>φιλουμέ-</strong></span> 
     </span>
    </p>
   </div>
   <div class='ocr_carea' id='block_1_105' title="bbox 2433 5019 4037 5103">
    <p class='ocr_par' dir='ltr' id='par_1_105' title="bbox 2433 5019 4037 5103">
     <span class='ocr_line' id='line_1_105' title="bbox 2433 5019 4037 5103; baseline -0.009 -17"><span class='ocrx_word' id='word_1_755' title='bbox 2433 5052 2510 5103; x_wconf 81' lang='grc' dir='ltr'><strong>νῳ</strong></span> <span class='ocrx_word' id='word_1_756' title='bbox 2554 5028 2936 5086; x_wconf 82' lang='grc' dir='ltr'><strong>ἀνακοινοῦται</strong></span> <span class='ocrx_word' id='word_1_757' title='bbox 3000 5024 3465 5095; x_wconf 75' lang='grc' dir='ltr'><strong>Κασσιτερᾷ,καὶ</strong></span> <span class='ocrx_word' id='word_1_758' title='bbox 3511 5020 3581 5075; x_wconf 80' lang='grc' dir='ltr'><strong>τά</strong></span> <span class='ocrx_word' id='word_1_759' title='bbox 3632 5019 4037 5091; x_wconf 62' lang='grc' dir='ltr'><strong>ἀπεσταλμέκα</strong></span> 
     </span>
    </p>
   </div>
   <div class='ocr_carea' id='block_1_106' title="bbox 2434 5114 4040 5194">
    <p class='ocr_par' dir='ltr' id='par_1_106' title="bbox 2434 5114 4040 5194">
     <span class='ocr_line' id='line_1_106' title="bbox 2434 5114 4040 5194; baseline -0.009 -13"><span class='ocrx_word' id='word_1_760' title='bbox 2434 5130 2559 5194; x_wconf 77' lang='grc' dir='ltr'><strong>ἄγει</strong></span> <span class='ocrx_word' id='word_1_761' title='bbox 2588 5123 2764 5193; x_wconf 85' lang='grc' dir='ltr'><strong>τούτῳ</strong></span> <span class='ocrx_word' id='word_1_762' title='bbox 2792 5124 2870 5183; x_wconf 85' lang='grc' dir='ltr'><strong>εις</strong></span> <span class='ocrx_word' id='word_1_763' title='bbox 2903 5120 3040 5187; x_wconf 85' lang='grc' dir='ltr'><strong>φῶς.</strong></span> <span class='ocrx_word' id='word_1_764' title='bbox 3084 5118 3145 5170; x_wconf 86' lang='lat'><strong>&#39;0</strong></span> <span class='ocrx_word' id='word_1_765' title='bbox 3173 5117 3230 5170; x_wconf 82' lang='grc' dir='ltr'><strong>δὲ</strong></span> <span class='ocrx_word' id='word_1_766' title='bbox 3278 5117 3437 5187; x_wconf 84' lang='grc' dir='ltr'><strong>κσκῷ</strong></span> <span class='ocrx_word' id='word_1_767' title='bbox 3463 5115 3524 5169; x_wconf 84' lang='grc' dir='ltr'><strong>τδ</strong></span> <span class='ocrx_word' id='word_1_768' title='bbox 3558 5116 3730 5169; x_wconf 82' lang='grc' dir='ltr'><strong>κακὸν</strong></span> <span class='ocrx_word' id='word_1_769' title='bbox 3755 5115 3851 5168; x_wconf 79' lang='grc' dir='ltr'><strong>καὶ</strong></span> <span class='ocrx_word' id='word_1_770' title='bbox 3900 5114 4040 5167; x_wconf 78' lang='grc' dir='ltr'><strong>λύσ-</strong></span> 
     </span>
    </p>
   </div>
   <div class='ocr_carea' id='block_1_107' title="bbox 2436 5206 4037 5289">
    <p class='ocr_par' dir='ltr' id='par_1_107' title="bbox 2436 5206 4037 5289">
     <span class='ocr_line' id='line_1_107' title="bbox 2436 5206 4037 5289; baseline -0.007 -18"><span class='ocrx_word' id='word_1_771' title='bbox 2436 5236 2505 5289; x_wconf 83' lang='grc' dir='ltr'><strong>σῃ</strong></span> <span class='ocrx_word' id='word_1_772' title='bbox 2542 5218 2747 5269; x_wconf 81' lang='grc' dir='ltr'><strong>λύσσαν</strong></span> <span class='ocrx_word' id='word_1_773' title='bbox 2796 5214 2861 5266; x_wconf 85' lang='grc' dir='ltr'><strong>οὐ</strong></span> <span class='ocrx_word' id='word_1_774' title='bbox 2912 5212 3258 5281; x_wconf 82' lang='grc' dir='ltr'><strong>θεραπεύων,</strong></span> <span class='ocrx_word' id='word_1_775' title='bbox 3291 5208 3405 5264; x_wconf 78' lang='grc' dir='ltr'><strong>ἀλλ’</strong></span> <span class='ocrx_word' id='word_1_776' title='bbox 3461 5208 3789 5278; x_wconf 83' lang='grc' dir='ltr'><strong>ἐπεγείρων,</strong></span> <span class='ocrx_word' id='word_1_777' title='bbox 3833 5206 4037 5278; x_wconf 68' lang='grc' dir='ltr'><strong>ἓτερον</strong></span> 
     </span>
    </p>
   </div>
   <div class='ocr_carea' id='block_1_108' title="bbox 2434 5301 4040 5380">
    <p class='ocr_par' dir='ltr' id='par_1_108' title="bbox 2434 5301 4040 5380">
     <span class='ocr_line' id='line_1_108' title="bbox 2434 5301 4040 5380; baseline -0.009 -15"><span class='ocrx_word' id='word_1_778' title='bbox 2434 5329 2558 5365; x_wconf 86' lang='grc' dir='ltr'><strong>τινα</strong></span> <span class='ocrx_word' id='word_1_779' title='bbox 2590 5312 2659 5380; x_wconf 78' lang='grc' dir='ltr'><strong>τῇ</strong></span> <span class='ocrx_word' id='word_1_780' title='bbox 2681 5308 2847 5378; x_wconf 68' lang='grc' dir='ltr'><strong>ὁμοίᾳ.</strong></span> <span class='ocrx_word' id='word_1_781' title='bbox 2872 5305 3000 5376; x_wconf 81' lang='grc' dir='ltr'><strong>δόξῃ</strong></span> <span class='ocrx_word' id='word_1_782' title='bbox 3049 5304 3182 5376; x_wconf 79' lang='grc' dir='ltr'><strong>περὶ</strong></span> <span class='ocrx_word' id='word_1_783' title='bbox 3211 5304 3323 5358; x_wconf 83' lang='grc' dir='ltr'><strong>τῶν</strong></span> <span class='ocrx_word' id='word_1_784' title='bbox 3349 5301 3510 5355; x_wconf 83' lang='grc' dir='ltr'><strong>θείων</strong></span> <span class='ocrx_word' id='word_1_785' title='bbox 3550 5301 3776 5355; x_wconf 73' lang='grc' dir='ltr'><strong>εἰκόνων</strong></span> <span class='ocrx_word' id='word_1_786' title='bbox 3808 5302 4040 5370; x_wconf 77' lang='grc' dir='ltr'><strong>ἐνισχη-</strong></span> 
     </span>
    </p>
   </div>
   <div class='ocr_carea' id='block_1_109' title="bbox 2440 5393 4038 5475">
    <p class='ocr_par' dir='ltr' id='par_1_109' title="bbox 2440 5393 4038 5475">
     <span class='ocr_line' id='line_1_109' title="bbox 2440 5393 4038 5475; baseline -0.008 -18"><span class='ocrx_word' id='word_1_787' title='bbox 2440 5405 2600 5475; x_wconf 81' lang='grc' dir='ltr'><strong>μένον</strong></span> <span class='ocrx_word' id='word_1_788' title='bbox 2640 5401 2783 5455; x_wconf 85' lang='grc' dir='ltr'><strong>κατὰ</strong></span> <span class='ocrx_word' id='word_1_789' title='bbox 2822 5398 2915 5452; x_wconf 86' lang='grc' dir='ltr'><strong>τοῦ</strong></span> <span class='ocrx_word' id='word_1_790' title='bbox 2949 5396 2994 5429; x_wconf 83' lang='grc'><strong>³⁸</strong></span> <span class='ocrx_word' id='word_1_791' title='bbox 3024 5394 3345 5468; x_wconf 83' lang='grc' dir='ltr'><strong>Μαυριανοῦ</strong></span> <span class='ocrx_word' id='word_1_792' title='bbox 3380 5393 3609 5465; x_wconf 80' lang='grc' dir='ltr'><strong>ἔμϐολον</strong></span> <span class='ocrx_word' id='word_1_793' title='bbox 3658 5393 4038 5463; x_wconf 81' lang='grc' dir='ltr'><strong>ἐνσκηνοῦντα</strong></span> 
     </span>
    </p>
   </div>
   <div class='ocr_carea' id='block_1_110' title="bbox 2433 5483 4040 5562">
    <p class='ocr_par' dir='ltr' id='par_1_110' title="bbox 2433 5483 4040 5562">
     <span class='ocr_line' id='line_1_110' title="bbox 2433 5483 4040 5562; baseline -0.008 -14"><span class='ocrx_word' id='word_1_794' title='bbox 2433 5492 2821 5562; x_wconf 71' lang='grc' dir='ltr'><strong>ἁναγνωρίζει,</strong></span> <span class='ocrx_word' id='word_1_795' title='bbox 2880 5486 3168 5557; x_wconf 75' lang='grc' dir='ltr'><strong>ἀπέραντα</strong></span> <span class='ocrx_word' id='word_1_796' title='bbox 3222 5502 3348 5540; x_wconf 86' lang='grc' dir='ltr'><strong>τινα</strong></span> <span class='ocrx_word' id='word_1_797' title='bbox 3392 5484 3490 5539; x_wconf 79' lang='grc' dir='ltr'><strong>καὶ</strong></span> <span class='ocrx_word' id='word_1_798' title='bbox 3539 5483 3789 5554; x_wconf 80' lang='grc' dir='ltr'><strong>μετέωρα</strong></span> <span class='ocrx_word' id='word_1_799' title='bbox 3828 5483 4040 5556; x_wconf 74' lang='grc' dir='ltr'><strong>λεσχη-</strong></span> 
     </span>
    </p>
   </div>
   <div class='ocr_carea' id='block_1_111' title="bbox 2436 5571 4037 5649">
    <p class='ocr_par' dir='ltr' id='par_1_111' title="bbox 2436 5571 4037 5649">
     <span class='ocr_line' id='line_1_111' title="bbox 2436 5571 4037 5649; baseline -0.004 -14"><span class='ocrx_word' id='word_1_800' title='bbox 2436 5583 2605 5636; x_wconf 75' lang='grc' dir='ltr'><strong>νεύων</strong></span> <span class='ocrx_word' id='word_1_801' title='bbox 2645 5581 2742 5633; x_wconf 78' lang='grc' dir='ltr'><strong>καὶ</strong></span> <span class='ocrx_word' id='word_1_802' title='bbox 2783 5578 3164 5649; x_wconf 78' lang='grc' dir='ltr'><strong>ὑπεράγγεὶον</strong></span> <span class='ocrx_word' id='word_1_803' title='bbox 3196 5577 3386 5631; x_wconf 87' lang='grc' dir='ltr'><strong>τοῦτον</strong></span> <span class='ocrx_word' id='word_1_804' title='bbox 3437 5571 3577 5629; x_wconf 80' lang='grc' dir='ltr'><strong>εἶναι</strong></span> <span class='ocrx_word' id='word_1_805' title='bbox 3606 5574 4037 5647; x_wconf 77' lang='grc' dir='ltr'><strong>διαϐεϐαιούμε-</strong></span> 
     </span>
    </p>
   </div>
   <div class='ocr_carea' id='block_1_112' title="bbox 2048 5690 2734 5749">
    <p class='ocr_par' dir='ltr' id='par_1_112' title="bbox 2048 5690 2734 5749">
     <span class='ocr_line' id='line_1_112' title="bbox 2048 5690 2734 5749; baseline 0 -3"><span class='ocrx_word' id='word_1_806' title='bbox 2048 5690 2285 5747; x_wconf 68' lang='lat' dir='ltr'><strong>VARIA‘I</strong></span> <span class='ocrx_word' id='word_1_807' title='bbox 2328 5693 2734 5749; x_wconf 68' lang='lat' dir='ltr'><strong>LEC&#39;HONES.</strong></span> 
     </span>
    </p>
   </div>
   <div class='ocr_carea' id='block_1_113' title="bbox 829 5785 2072 5857">
    <p class='ocr_par' dir='ltr' id='par_1_113' title="bbox 829 5785 2072 5857">
     <span class='ocr_line' id='line_1_113' title="bbox 829 5785 2072 5857; baseline 0 -17"><span class='ocrx_word' id='word_1_808' title='bbox 829 5786 873 5817; x_wconf 86' lang='grc'><strong>³¹</strong></span> <span class='ocrx_word' id='word_1_809' title='bbox 905 5786 942 5841; x_wconf 88' lang='lat' dir='ltr'><strong>f.</strong></span> <span class='ocrx_word' id='word_1_810' title='bbox 975 5788 1338 5857; x_wconf 79' lang='grc' dir='ltr'><strong>πεποιημένα.</strong></span> <span class='ocrx_word' id='word_1_811' title='bbox 1400 5801 1589 5855; x_wconf 76' lang='lat' dir='ltr'><strong>margo</strong></span> <span class='ocrx_word' id='word_1_812' title='bbox 1616 5785 1863 5843; x_wconf 79' lang='lat' dir='ltr'><strong>Comltef.</strong></span> <span class='ocrx_word' id='word_1_813' title='bbox 1966 5789 2013 5820; x_wconf 80' lang='grc'><strong>³³</strong></span> <span class='ocrx_word' id='word_1_814' title='bbox 2034 5806 2072 5840; x_wconf 86' lang='grc' dir='ltr'><strong>π</strong></span> 
     </span>
    </p>
   </div>
   <div class='ocr_carea' id='block_1_114' title="bbox 740 5857 2195 5931">
    <p class='ocr_par' dir='ltr' id='par_1_114' title="bbox 740 5857 2195 5931">
     <span class='ocr_line' id='line_1_114' title="bbox 740 5857 2195 5931; baseline 0.002 -20"><span class='ocrx_word' id='word_1_815' title='bbox 740 5857 782 5890; x_wconf 74' lang='grc'><strong>⁵⁷</strong></span> <span class='ocrx_word' id='word_1_816' title='bbox 814 5858 1195 5931; x_wconf 81' lang='grc' dir='ltr'><strong>ἀνερευνῶσαν</strong></span> <span class='ocrx_word' id='word_1_817' title='bbox 1221 5859 1242 5912; x_wconf 88' lang='lat'><strong>?</strong></span> <span class='ocrx_word' id='word_1_818' title='bbox 1272 5872 1342 5912; x_wconf 84' lang='lat' dir='ltr'><strong>an</strong></span> <span class='ocrx_word' id='word_1_819' title='bbox 1367 5858 1747 5929; x_wconf 73' lang='grc' dir='ltr'><strong>ἀνερευνιῖιντα</strong></span> <span class='ocrx_word' id='word_1_820' title='bbox 1772 5860 1795 5913; x_wconf 70' lang='lat'><strong>&#39;,&#39;</strong></span> <span class='ocrx_word' id='word_1_821' title='bbox 1870 5859 1916 5891; x_wconf 76' lang='grc'>³⁸</span> <span class='ocrx_word' id='word_1_822' title='bbox 1952 5857 2071 5923; x_wconf 76' lang='grc' dir='ltr'><strong>τοῦ]</strong></span> <span class='ocrx_word' id='word_1_823' title='bbox 2098 5860 2195 5914; x_wconf 63' lang='grc' dir='ltr'><strong>τὺΐ</strong></span> 
     </span>
    </p>
   </div>
   <div class='ocr_carea' id='block_1_115' title="bbox 2078 5792 2475 5862">
    <p class='ocr_par' dir='ltr' id='par_1_115' title="bbox 2078 5792 2475 5862">
     <span class='ocr_line' id='line_1_115' title="bbox 2078 5792 2475 5862; baseline 0.015 -23"><span class='ocrx_word' id='word_1_824' title='bbox 2078 5792 2413 5862; x_wconf 56' lang='grc' dir='ltr'><strong>ρππέςιπων</strong></span> <span class='ocrx_word' id='word_1_825' title='bbox 2433 5792 2475 5845; x_wconf 59' lang='grc' dir='ltr'><strong>Ὺ.</strong></span> 
     </span>
    </p>
   </div>
   <div class='ocr_carea' id='block_1_116' title="bbox 2578 5786 4037 5861">
    <p class='ocr_par' dir='ltr' id='par_1_116' title="bbox 2578 5786 4037 5861">
     <span class='ocr_line' id='line_1_116' title="bbox 2578 5786 4037 5861; baseline -0.002 -17"><span class='ocrx_word' id='word_1_826' title='bbox 2578 5792 2622 5823; x_wconf 68' lang='grc'><strong>³⁵</strong></span> <span class='ocrx_word' id='word_1_827' title='bbox 2659 5790 2925 5861; x_wconf 67' lang='grc' dir='ltr'><strong>ἐκχέαντα</strong></span> <span class='ocrx_word' id='word_1_828' title='bbox 2962 5788 3021 5842; x_wconf 88' lang='lat' dir='ltr'><strong>l&#39;.</strong></span> <span class='ocrx_word' id='word_1_829' title='bbox 3134 5788 3180 5821; x_wconf 86' lang='grc'><strong><em>³⁸</em></strong></span> <span class='ocrx_word' id='word_1_830' title='bbox 3234 5786 3349 5858; x_wconf 75' lang='grc' dir='ltr'><strong>τὸν]</strong></span> <span class='ocrx_word' id='word_1_831' title='bbox 3403 5789 3496 5842; x_wconf 72' lang='grc' dir='ltr'><strong>καὶ</strong></span> <span class='ocrx_word' id='word_1_832' title='bbox 3531 5786 3596 5841; x_wconf 78' lang='grc' dir='ltr'><strong>Ρ.</strong></span> <span class='ocrx_word' id='word_1_833' title='bbox 3673 5787 3717 5820; x_wconf 77' lang='grc'><em>³³</em></span> <span class='ocrx_word' id='word_1_834' title='bbox 3757 5786 3945 5843; x_wconf 70' lang='lat' dir='ltr'><strong>stout.</strong></span> <span class='ocrx_word' id='word_1_835' title='bbox 3970 5786 4037 5841; x_wconf 78' lang='lat' dir='ltr'><strong>l‘.</strong></span> 
     </span>
    </p>
   </div>
  </div>
