4158 6442
737 383 806 442 43
1837 386 2347 449 THEOPHANES
2383 391 2945 459 CONTINUATUS.
3932 414 3961 472 4
3978 414 3999 471 ι

735 507 968 564 puncms
1001 507 1063 547 ac
1095 492 1376 548 doloribus
1410 507 1633 549 manum
1699 496 1971 562 conﬁxus,
2028 499 2283 554 existima

2415 503 2684 579 πρότερον
2711 524 2723 536 '
2754 509 2877 563 τότε
2927 511 3056 580 γοῦν
3078 513 3107 565 ὁ
3164 515 3508 588 πατριάρχης
3541 520 3854 591 ὑπερόριος,
3897 527 3995 584 τὴν

732 588 842 639 bat.
871 584 1072 638 Verum
1103 586 1217 639 hinc
1246 584 1469 652 quidem
1508 596 1690 641 antea.
1724 588 1879 642 Tunc
1904 604 2037 644 vero
2070 593 2309 660 patriar-

729 678 853 742 cha,
881 678 1001 747 ejus
1029 692 1202 745 preme
1225 664 1459 748 aercpta‘
1485 680 1779 743 sententia,
1807 681 1860 735 in
1896 684 2152 739 exsilium
2183 700 2309 753 pro-

731 771 1097 830 ficiscebatur,
1151 772 1372 840 quando
1421 772 1585 826 etiam
1645 770 1867 840 ferunt,
1921 790 2047 829 cum
2096 776 2313 846 navigio

732 864 915 933 procul
942 863 1330 929 abduceretur,
1368 879 1399 917 e
1429 865 1709 918 maritimo
1742 866 1982 935 quodam
2026 866 2147 922 loco
2170 868 2311 922 emi-

731 972 832 1012 izus
866 957 1086 1011 beatum
1129 956 1519 1027 Theophanem
1548 958 1774 1023 vidisse,
1803 958 1982 1014 sulIitu
2019 962 2309 1031 cereisque

727 1063 786 1103 se
810 1058 1233 1118 prosequentem
1273 1063 1335 1102 ac
1366 1049 1517 1103 velut
1562 1049 1827 1120 triumphi
1861 1051 2098 1121 quadam
2129 1054 2310 1122 specie

727 1139 991 1208 praeclara
1054 1138 1144 1192 illa
1181 1137 1534 1195 confessione
1567 1140 1949 1197 deducentem.
1993 1142 2164 1213 Cujus
2195 1144 2307 1211 ille,

726 1240 787 1287 ιιι
831 1246 929 1300 par
964 1237 1069 1296 est,
1101 1229 1338 1284 officium
1376 1232 1697 1302 cultumque
1740 1232 1929 1288 libenti
1963 1236 2148 1291 animo
2179 1252 2307 1291 sus-

722 1325 954 1393 cipiens,
984 1334 1147 1394 atque
1198 1326 1453 1394 precibus
1485 1324 1595 1384 Deo
1618 1328 2014 1383 commendans
2033 1369 2048 1393 ,
2078 1330 2310 1385 sublatis

724 1416 776 1468 in
817 1416 986 1470 altum
1025 1416 1275 1471 manibus
1315 1415 1466 1469 velut
1503 1415 1950 1485 amplexabatur,
1984 1435 2307 1491 supremum

724 1506 911 1575 procul
941 1509 1190 1560 osculum
1226 1507 1419 1575 figens.
1455 1507 1803 1563 Percontanti
1828 1526 1959 1567 vero
1985 1513 2209 1581 quidam
2240 1528 2307 1568 ex

722 1601 788 1656 iis
814 1600 904 1671 qui
931 1615 1119 1655 secum
1158 1600 1585 1666 comitabantur,
1619 1604 1839 1657 cuinam
1892 1605 1976 1659 sic
2025 1622 2091 1659 ex
2121 1605 2308 1659 animo

719 1690 1105 1762 desiderioque
1159 1706 1477 1761 supremum
1534 1693 1787 1748 osculum
1843 1695 2021 1761 daret,
2068 1697 2306 1768 pmphe-

722 1785 828 1838 tica
853 1784 960 1853 3o
984 1784 1165 1853 lingua
1197 1783 1572 1853 respondisse,
1616 1785 1939 1856 Theophani
1972 1787 2299 1851 confessori,

722 1876 1039 1933 monasterii
1071 1876 1201 1949 Agri
1236 1879 1558 1949 praeposito;
1592 1881 1737 1949 quod
1769 1890 1823 1935 et
1865 1881 1940 1934 ita
1977 1883 2126 1937 brevi
2156 1883 2300 1938 acci-

718 1970 821 2036 dit,
861 1986 984 2025 cum
1018 1985 1145 2024 eum
1182 1968 1441 2039 deinceps
1480 1986 1765 2041 nunquam
1799 1973 2115 2043 patriarcha
2153 1974 2301 2030 vide-

720 2066 812 2131 rit,
849 2064 1295 2133 isqne'coronain
1328 2061 1702 2118 confessionis
1729 2065 1961 2135 adeptus
1995 2065 2087 2121 sit.
2118 2066 2299 2137 Atque

722 2158 986 2211 hactenus
1019 2169 1081 2209 ea
1108 2170 1232 2225 qua:
1267 2166 1398 2210 sunt
1430 2155 1601 2211 divini
1651 2157 1939 2214 antistitis.

788 2248 877 2303 l9.
921 2248 1032 2302 Leo
1063 2256 1246 2302 autem
1298 2248 1401 2303 hoc
1433 2249 1579 2304 velut
1603 2248 1789 2305 fausto
1828 2253 1991 2322 regiae
2028 2252 2300 2325 guberna-

714 2341 881 2398 tionis
901 2340 1169 2411 principio
1200 2340 1402 2411 posito,
1436 2343 1581 2411 quod
1614 2343 1880 2400 Ecclesia:
1924 2362 2013 2401 res
2053 2362 2120 2403 eo
2152 2356 2298 2403 statu

712 2443 1122 2505 composuerat,
1181 2450 1245 2489 ac
1300 2436 1343 2489 si
1394 2436 1521 2503 quis
1560 2436 1704 2491 alius
1756 2439 2078 2494 ambitionis
2117 2440 2298 2495 studio

715 2523 994 2588 laborans,
1059 2524 1134 2577 rei
1184 2524 1416 2593 publica!
1455 2540 1645 2579 curam
1708 2530 2056 2597 aggreditur,
2096 2531 2299 2600 ubique

713 2631 1001 2685 vesparum
1035 2631 1187 2670 more
1223 2632 1411 2671 secum
1457 2617 1641 2672 ferens
1686 2620 1996 2683 stimulum,
2032 2630 2146 2675 ttttn
2183 2622 2297 2692 ipsc

717 2708 980 2762 militares
1014 2722 1277 2763 exercens
1322 2726 1604 2771 numeros.
1658 2721 1771 2765 tum
1806 2714 1995 2767 multis
2030 2714 2166 2769 locis
2203 2730 2298 2782 per

714 2800 1005 2858 Thraciam
1051 2816 1117 2856 ac
1150 2801 1528 2857 Macedoniam
1574 2804 1722 2859 curis
1756 2804 1873 2859 suis
1913 2814 2079 2876 atque
2110 2807 2296 2862 labore

712 2895 876 2947 nrbes
928 2909 959 2947 a
1014 2892 1385 2948 fundamentis
1417 2896 1688 2960 excitans,
1728 2910 1894 2966 atque
1925 2912 2144 2953 omnem
2200 2898 2297 2952 Ro.

713 3001 937 3039 manum
977 2987 1163 3041 orbem
1192 3000 1532 3056 cunctasque
1578 2990 1893 3058 provincias
1934 2991 2199 3055 lustrans,
2240 3003 2296 3046 ut

708 3087 766 3131 et
806 3078 941 3149 ipsis
968 3077 1217 3132 hostibus
1267 3082 1464 3132 terrori
1505 3091 1649 3134 esset
1691 3097 1757 3135 ac
1785 3081 2087 3137 formidini.
2131 3083 2293 3137 lliur-

2414 600 3017 670 καταχειροτονήσασαν
3062 602 3242 674 ψῆφον
3292 605 3621 676 δεξάμενος,
3677 612 3992 681 ἐπορεύετο,

2411 687 2500 739 ὅτε
2525 689 2587 758 δὴ
2624 692 2716 743 καὶ
2754 692 2968 760 λέγεται
3001 696 3087 764 ἐφ’
3116 698 3340 764 ὁλκάδος
3383 700 3533 772 αὐτῷ
3560 704 3848 775 φερομένῳ
3891 725 3995 775 μα-

2413 782 2551 850 κρὰν
2603 786 2745 839 κατά
2791 803 2916 841 τινα
2970 789 3133 844 τόπον
3197 793 3634 864 παραθαλάττιον
3707 798 3994 870 πόρρωθεν

2416 874 2542 927 iam
2582 876 2861 950 Θεοςοάνην
2893 881 2984 935 τὸν
3023 883 3338 954 μακαρίτην
3373 926 3386 950 ,
3424 886 3737 958 Θυμιάμασί
3785 906 3846 942 τε
3895 893 3993 944 καὶ

2412 966 2660 1037 λαμπάσι
2694 970 3059 1043 δεξιούμενον,
3095 969 3208 1028 οἷόν
3247 994 3369 1030 τινα
3418 980 3755 1050 προπομπὴν
3792 984 3858 1052 τῇ
3890 1000 3993 1035 κα-

2410 1057 2475 1129 λῇ
2534 1060 2719 1132 ἐκείνῃ
2779 1063 3040 1134 ὁμολογία
3095 1068 3509 1137 προπέμποντα.
3545 1070 3665 1137 Ὃν,
3703 1072 3780 1134 ὡς
3819 1074 3990 1136 εἰκὸς,

2409 1156 2683 1226 ἀποδοχῆς
2711 1158 2950 1223 ἀξιώσας
2990 1162 3079 1215 καὶ
3117 1162 3236 1232 Θεῷ
3267 1163 3543 1235 παραδοὺς
3569 1165 3636 1218 δι’
3665 1165 3852 1235 εὐχῆς,
3888 1164 3991 1228 τὰς

2410 1250 2598 1319 χεῖρας
2650 1244 2762 1301 οἷον
2810 1251 2947 1321 ἄρας
3002 1252 3312 1324 μεταρσίοις
3368 1254 3727 1326 περιεϐάλετο
3773 1255 3991 1323 τοῦτον,

2412 1340 2497 1412 ΙΡ.
2531 1340 2920 1413 19]·ιτόρῤω6εν
2945 1344 3038 1398 τὸν
3060 1347 3372 1401 τελευταῖον
3405 1349 3640 1410 ἀποδοὺς
3668 1348 3989 1418 ἀσπασμόν.

2422 1433 2716 1502 Ἐρομένου
2768 1434 2828 1488 δέ
2861 1453 3005 1500 τινος
3027 1436 3135 1491 τῶν
3170 1439 3573 1509 συνεπομένων,
3609 1440 3685 1501 ὡς
3706 1439 3772 1509 δὴ
3808 1458 3828 1491 ι
3864 1438 3967 1491 Τίν

2406 1524 2595 1577 τοῦτον
2638 1527 2905 1592 ἀποδίδως
2942 1530 3151 1594 εὐκτῶς
3188 1547 3249 1583 τε
3283 1531 3380 1585 καὶ
3409 1530 3653 1600 ἐφετῶςς
3683 1563 3739 1572 -
3764 1530 3855 1601 Τῷ
3884 1531 3991 1600 δμ-

2407 1618 2638 1690 ολογητῇ
2660 1637 2679 1670 ι
2717 1620 2884 1688 φάναι
2950 1640 2969 1673 ι
2995 1623 3259 1693 Θεοφάνει
3287 1641 3307 1675 ι
3367 1623 3662 1694 προφήτιδι
3731 1622 3947 1694 γλώττῃ
3974 1664 3991 1685 ,

2412 1730 2431 1761 ι
2466 1714 2600 1783 μονῇ
2634 1713 2938 1782 προεστῶτι
2962 1713 3056 1767 τοῦ
3103 1715 3323 1785 Ἀγροῦ.
3357 1733 3376 1768 ι
3413 1716 3479 1772 ⁸0
3509 1715 3605 1768 καὶ
3638 1713 3839 1785 συνέϐη
3867 1714 3990 1783 μετ’

2406 1802 2466 1855 οὐ
2499 1803 2634 1855 πολύ
2661 1821 2674 1836 ·
2707 1806 2869 1870 αὐτός
2926 1823 2985 1860 τε
3012 1806 3121 1878 γάρ
3173 1807 3365 1860 τοῦτον
3419 1806 3665 1879 ἑώρακεν
3710 1805 3986 1876 οὐδαμῶς.

2403 1897 2654 1961 κάκεῖνος
2677 1898 2770 1951 τὸν
2798 1899 2896 1964 τῆς
2918 1900 3209 1970 ὁμολογίας
3234 1900 3497 1971 στέφανον
3521 1901 3843 1971 ἀνεδήσατο.
3877 1895 3993 1953 Καὶ

2402 1988 2471 2042 τά
2527 1990 2624 2060 μὲν
2655 1990 2749 2044 τοῦ
2802 1991 3107 2063 ἀρχιερέως
3145 1992 3341 2058 οὕτως.

2474 2264 2558 2317 ιϐ’.
2598 2264 2771 2328 Αὐτὸς
2802 2265 2858 2318 δὲ
2882 2261 2997 2318 οἷόν
3019 2282 3139 2319 τινα
3166 2267 3264 2335 τῆς
3296 2266 3465 2320 αὐτοῦ
3489 2266 3769 2336 βασιλείας
3808 2268 3992 2341 ἀρχὴν

2401 2360 2611 2424 ἐπιθεὶς
2632 2359 2678 2392 ⁸⁸
2705 2360 2886 2425 δεξιὰν
2909 2361 2971 2415 τὸ
2999 2362 3069 2415 τὰ
3099 2363 3198 2431 τῆς
3232 2360 3556 2430 Ἐκκλησίας
3598 2361 3798 2415 οὐτωιιλ⁸
3853 2362 3990 2414 διοιφ

2401 2453 2721 2523 κονομῆσαι,
2760 2454 2853 2506 καὶ
2884 2454 2981 2524 τὴν
3013 2454 3324 2525 φιλοτιμίαν
3353 2453 3512 2523 εἴπερ
3545 2472 3629 2516 τις
3657 2454 3847 2515 νοσῶν,
3872 2455 3989 2506 τῶν

2400 2546 2596 2598 κοινῶν
2659 2545 3006 2616 πραγμάτων
3072 2544 3550 2614 ἀντελαμόἀνετο,
3591 2544 3866 2613 πανταχοῦ
3923 2544 3990 2596 τὸ

2400 2638 2626 2706 κέντρον
2660 2637 2800 2691 κατὰ
2850 2639 2977 2700 τοὺς
3020 2638 3235 2706 σξῆκας
3265 2638 3448 2706 φέρων
3484 2637 3606 2706 μεθ’
3642 2637 3861 2699 ἑαυτοῦ,
3888 2637 3987 2689 τὸν

2400 2730 2743 2800 στρατιώτην
2795 2747 2851 2782 τε
2882 2730 3038 2799 ὄχλον
3085 2730 3382 2799 γυμνάζων
3417 2730 3602 2792 αὐτὸς,
3653 2730 3744 2781 καὶ
3796 2730 3989 2791 πόλεις

2398 2821 2670 2891 πολλαχοῦ
2710 2821 2817 2874 τῶν
2849 2823 2992 2875 κατὰ
3025 2822 3247 2892 Θρᾴκην
3270 2823 3362 2874 καὶ
3385 2821 3720 2874 Μακεδονίαν
3750 2821 3818 2872 δι’
3852 2823 3987 2874 ἐαυ-

2398 2914 2492 2967 τοῦ
2554 2916 2618 2966 ὲκ
2659 2914 2874 2984 βάθρων
2930 2915 3249 2984 ἀνετείρων,
3314 2914 3409 2966 καὶ
3478 2913 3987 2983 περιπορευὸμενος

2400 3006 2700 3077 πανταχοῦ,
2740 3007 2815 3069 ὡς
2838 3007 3069 3075 φοϐερὸς
3098 3002 3239 3058 εἶναι
3278 3007 3373 3058 καὶ
3398 3006 3847 3074 καταπληκτικὸς
3882 3009 3987 3058 καὶ

2398 3102 2582 3163 αὐτοῖς
2605 3103 2717 3162 τοῖς
2740 3100 2979 3169 ἐχθροῖς.
3018 3099 3194 3170 Ὑπὲρ
3217 3093 3292 3152 ὧν
3339 3098 3432 3152 καὶ
3475 3101 3565 3150 τὸν
3615 3098 3768 3165 ἄτιον
3798 3097 3985 3168 Νικη-

710 3187 818 3240 que
859 3171 1018 3233 adeo,
1074 3187 1196 3225 cum
1247 3187 1278 3225 e
1328 3173 1467 3227 vivis
1513 3176 1862 3241 excessisset,
1920 3177 2125 3232 dixisse
2188 3179 2288 3232 ali-

2398 3193 2560 3263 φόρον
2594 3192 2760 3261 φασὶν
2793 3195 2967 3246 εἰπεῖν
2990 3209 3122 3245 ποτε
3160 3193 3299 3260 μετά
3327 3194 3425 3262 τὴν
3476 3192 3641 3245 αὐτοῦ
3674 3191 3986 3246 ἀποΰίωσιν

709 3265 934 3332 quando
974 3263 1128 3317 aiunt
1157 3277 1406 3318 sanctum
1456 3264 1854 3335 Nicephorum,
1891 3271 1990 3323 etsi
2036 3271 2286 3339 impium,

708 3367 993 3409 strenuum
1038 3363 1218 3409 tamen
1251 3357 1325 3410 rei
1378 3357 1607 3426 publica:
1640 3361 1790 3413 cutis
1837 3361 2114 3415 civitatein
2151 3364 2288 3415 ami-

708 3450 848 3503 sisse
878 3448 1078 3501 virum.
1134 3448 1546 3519 Magistratibus
1588 3467 1809 3521 quoque
1840 3467 1905 3506 ac
1935 3455 2283 3522 prmtoribus,

706 3554 816 3611 non
851 3541 1110 3594 civilibus
1144 3543 1329 3607 modo,
1383 3545 1479 3596 sed
1515 3554 1567 3597 et
1606 3544 1959 3607 militaribus,
1990 3547 2142 3600 valde
2178 3545 2286 3598 fur-

707 3632 1007 3686 midolosus
1034 3644 1186 3699 erat;
1239 3650 1473 3704 rumque
1527 3636 1644 3705 ipse
1696 3638 2056 3705 pecuniarum
2096 3653 2285 3692 amove

705 3725 957 3794 superior
990 3736 1158 3789 esset,
1189 3726 1509 3794 praeferebat
1531 3746 1625 3784 cos
1651 3731 1867 3785 cunctis
1891 3732 1984 3800 qui
2036 3730 2280 3785 omnium

705 3817 942 3871 maxime
993 3832 1023 3872 a
1085 3821 1412 3874 muneribus
1479 3835 1601 3875 sese
1657 3823 2045 3883 continebant,
2084 3840 2280 3876 ununt~

703 3923 980 3978 quemque
1009 3923 1109 3977 pro
1139 3924 1205 3963 eo
1261 3925 1325 3964 ac
1364 3912 1607 3979 optimus
1648 3921 1788 3977 erat,
1838 3929 1945 3967 non
1978 3922 2038 3965 ut
2085 3912 2282 3981 opibus

703 4000 979 4064 aﬂlucliut,
1013 4002 1309 4057 honoratis.
1361 4002 1526 4070 JEqui
1584 4020 1649 4059 ac
1699 4004 1835 4075 justi
1889 4006 2279 4060 teuacissimus

701 4094 871 4145 videri
906 4093 1106 4158 voluit;
1138 4110 1237 4148 nec
1268 4105 1445 4150 tamen
1474 4107 1610 4151 erat.
1639 4097 1912 4152 Cinterum
1944 4098 2051 4167 juri
2089 4099 2279 4152 dicun-

698 4186 771 4239 do
804 4185 970 4237 dabat
1001 4200 1246 4255 operam,
1277 4187 1584 4257 sedensque
1619 4190 1732 4257 ipse
1773 4191 1822 4241 in
1876 4190 2137 4244 Lausian
2168 4191 2276 4257 ple-

700 4292 895 4345 taSqne
922 4277 1043 4331 lites
1064 4278 1305 4332 finiebat.
1336 4280 1479 4334 bane
1502 4296 1625 4335 cum
1655 4283 1779 4350 quis
1810 4282 2105 4350 aliquando
2133 4284 2275 4352 apud

693 4384 820 4421 eum
849 4368 951 4438 31
986 4372 1387 4438 cxpostulasset
1424 4383 1636 4442 raptam
1669 4373 1772 4428 sibi
1822 4389 2070 4439 uxorem,
2108 4390 2271 4444 quam

694 4462 950 4513 nimirum
986 4463 1284 4516 illustrium
1314 4464 1535 4533 quidam
1576 4466 1818 4520 virorum
1851 4467 2144 4536 rapuisset,
2173 4483 2273 4521 nec

2389 3285 2461 3347 ὡς
2497 3286 2544 3337 εἰ
2573 3284 2669 3337 καὶ
2722 3284 3020 3355 ἀλάστορα,
3054 3284 3167 3337 ἀλλ’
3191 3279 3282 3336 οὖν
3331 3284 3675 3353 ἐπιμελητὴν
3702 3283 3811 3334 τῶν
3858 3300 3984 3335 κοι-

2390 3376 2494 3429 νῶν
2525 3377 2556 3445 ή
2582 3375 2732 3439 πόλις
2761 3375 2929 3446 ἄνδρα
2952 3375 3255 3429 ἀπώλεσεν.
3282 3376 3388 3428 Καὶ
3423 3376 3550 3446 περὶ
3584 3375 3685 3437 τὰς
3714 3374 3888 3446 ἀρχὰς
3918 3376 3984 3428 δὲ

2390 3472 2481 3522 καὶ
2524 3471 2842 3539 ἡγεμονίας,
2871 3470 2930 3522 οὐ
2961 3468 3059 3532 τὰς
3092 3470 3373 3532 πολιτικὰς
3404 3469 3471 3538 δὴ
3503 3468 3683 3538 μόνον,
3718 3468 3853 3521 ἀλλά
3879 3468 3983 3521 καὶ

2388 3564 2485 3625 τὰς
2548 3563 2939 3634 στρατηγικὰς.
2986 3563 3270 3632 διεπτόητο
3323 3560 3559 3632 ἰσχυρῶς
3596 3577 3610 3590 ·
3672 3562 3983 3632 χρημάτων

2389 3657 2654 3726 κρείττων
2720 3656 2765 3687 ⁸⁸
2812 3657 2976 3720 αὐτὸς
3051 3655 3127 3709 ὢν
3188 3656 3315 3718 τούς
3390 3654 3762 3726 ἀδωροτάτους
3836 3656 3981 3708 πάν-

2386 3765 2493 3800 των
2547 3747 2888 3819 προέκρινεν,
2945 3747 3259 3818 ἀριστίνδην
3321 3746 3530 3807 πάντας
3562 3784 3577 3809 ,
3609 3744 3721 3797 ἀλλ’
3754 3744 3816 3795 οὐ
3870 3761 3980 3796 κα-

2384 3841 2454 3893 τὰ
2510 3839 2740 3893 πλοῦτον
2797 3838 2993 3909 τιμῶν.
3046 3838 3156 3892 Καὶ
3205 3836 3554 3905 δικαιοσύνης
3587 3836 3686 3905 μὲν
3728 3834 3979 3904 ἐραστὴς

2384 3931 2636 4000 λέγεσθαι
2661 3930 2931 3994 ἐϐούλετο,
2955 3929 3057 3982 οὐκ
3082 3928 3295 3997 ἐγίνετο
3323 3928 3379 3980 δέ
3406 3944 3419 3956 ·
3457 3927 3597 3998 πλὴν
3629 3927 3979 3979 ἀντεποιεῖτο

2381 4026 2605 4093 ταύτης,
2643 4026 2737 4077 καὶ
2784 4022 2986 4085 πολλὰς
3015 4022 3125 4074 τῶν
3162 4020 3400 4091 κρίσεων
3432 4019 3500 4072 δι’
3546 4018 3742 4072 ἑαυτοῦ
3774 4019 3977 4084 ἐξεπέ-

2383 4134 2532 4184 ραινε
2594 4117 2733 4168 κατὰ
2775 4116 2834 4167 τὸ
2865 4112 3180 4167 Λαυσιακὸν
3231 4112 3632 4181 ἐγκαθήμενος.
3670 4112 3777 4163 Καί
3834 4128 3975 4164 ποτε

2378 4208 2441 4277 δή
2464 4225 2609 4270 τινος
2633 4207 2895 4277 ἔγκλησιν
2932 4205 3071 4277 πρὸς
3104 4203 3266 4257 αὐτὸν
3308 4202 3678 4274 ποιησαμένου
3716 4202 3845 4271 περὶ
3870 4218 3973 4268 γυ·-

2378 4299 2565 4362 ναικδς
2596 4300 2873 4369 ἁρπαγῆς,
2914 4299 2991 4361 ὼς
3040 4297 3141 4368 τὴν
3174 4297 3370 4350 ἑαυτοῦ
3403 4315 3486 4361 τις
3526 4297 3635 4349 τῶν
3683 4296 3974 4365 ἐπιφανῶν

2376 4393 2685 4463 ἀνηρπάκει
2718 4392 2948 4462 ἀνδρῶν,
2983 4393 3076 4445 καὶ
3108 4392 3190 4444 ὅτι
3229 4390 3363 4443 Οὐδὲ
3382 4391 3554 4459 λόγων
3588 4390 3849 4459 ὴξίωμαι,
3886 4388 3971 4458 τῷ

2379 4492 2610 4561 ὑπάρχῳ
2636 4492 2898 4554 πολλάκις
2956 4492 3267 4562 διενοχλῶν,
3317 4491 3529 4543 ἐκεῖνον
3572 4489 3693 4559 μὲν,
3727 4489 3971 4556 ἐπείπερ

689 4554 983 4622 pi-ief‘ertus
1011 4555 1210 4622 saepius
1242 4556 1616 4626 interpellatus
1650 4560 1769 4627 ejus
1805 4560 1968 4613 ullam
1998 4561 2267 4614 rationem

2392 4584 2624 4654 ιύθωρδν
2678 4583 3034 4653 παραστάντα
3079 4582 3253 4646 οὕτως
3292 4581 3437 4652 ἔχειν
3480 4580 3967 4650 ἐπεμαρτύρησεν,

692 4647 996 4710 habuisset,
1042 4647 1193 4702 illum
1247 4649 1463 4717 quidem
1515 4652 1698 4705 statim
1754 4654 1872 4707 sisti
1913 4653 2130 4723 jussum
2179 4669 2274 4707 ne-

691 4738 990 4808 glecueque
1028 4754 1182 4791 reum
1234 4739 1481 4808 justitiai,
1510 4744 1732 4796 testium
1768 4745 2113 4812 depositione
2149 4760 2271 4815 per-

690 4841 905 4893 notum,
947 4846 1124 4899 paena:
1174 4833 1422 4897 addixit,
1472 4849 1692 4889 cessare
1745 4837 1897 4889 illum
1949 4836 2153 4906 jubens
2184 4854 2271 4893 se-

689 4922 984 4991 xeiiusque
1032 4925 1376 4993 corripiens,
1431 4927 1739 4980 adulterum
1792 4944 1922 4982 vero
1966 4930 2067 5000 legi
2128 4931 2268 4984 tradi

689 5017 960 5084 praecepit.

755 5106 845 5159 ‘30.
897 5107 1097 5163 Vrruni
1153 5110 1235 5164 liis
1295 5112 1383 5165 ille
1439 5115 1511 5168 rei
1566 5116 1800 5187 publica:
1860 5116 2261 5183 blandiebatur,

683 5199 910 5268 ejusque
940 5202 1043 5255 sibi
1070 5203 1526 5269 benevolentiam,
1568 5222 1624 5263 ut
1659 5211 1731 5263 ita
1755 5212 1957 5274 dicant,
1989 5227 2263 5282 caupona-

682 5289 865 5343 balur.
897 5292 976 5344 Ad
1008 5292 1167 5347 fidem
1225 5308 1405 5351 autem
1466 5300 1612 5368 quod
1664 5313 1873 5370 spectat
1905 5318 1969 5357 ac
2006 5306 2257 5372 pietatem

682 5382 839 5437 valde
896 5385 1223 5456 insaniebat,
1272 5399 1330 5444 ut
1369 5408 1469 5447 nec
1494 5393 1663 5447 Deum
1716 5398 2003 5450 nominare
2033 5413 2063 5452 c
2094 5414 2152 5454 re
2184 5400 2256 5451 illi

682 5474 1086 5547 honestumque
1109 5480 1407 5537 videretur.
1443 5483 1577 5539 Nam
1612 5504 1737 5541 cum
1773 5491 2105 5547 tricennales
2130 5510 2252 5549 cum

681 5564 914 5633 llunnis,
954 5586 1093 5640 quos
1123 5571 1391 5646 Bulgaros
1425 5592 1642 5645 vocant,
1677 5582 1931 5638 ineunda:
1962 5585 2038 5639 illi
2067 5598 2254 5642 essent

678 5657 911 5714 induciae
964 5664 1223 5734 pacisque
1277 5666 1482 5723 fmdera
1531 5670 1895 5743 jurejurando
1958 5676 2249 5748 firmanda,

2374 4676 2453 4734 είς
2500 4674 2729 4735 εὐθύνας
2767 4670 2870 4744 ἦγε
2900 4674 2999 4743 τῆς
3026 4674 3203 4744 ἀρχῆς
3235 4674 3584 4743 μεταστήσας
3617 4672 3708 4724 καὶ
3733 4672 3969 4741 πικρίαν

2373 4767 2575 4837 πολλὴν
2603 4768 2876 4837 καταχέας
2913 4764 3097 4831 αὐτοῦ,
3132 4765 3224 4818 τὸν
3249 4765 3306 4818 δὲ
3339 4765 3523 4835 μοιχὸν
3558 4765 3707 4835 νόμῳ
3735 4763 3968 4833 ἐκδοθῆ-

2370 4877 2457 4911 ναι
2492 4861 2878 4930 προστέταχεν.

2445 5133 2515 5178 κ’.
2565 5125 2727 5179 ’Δλλά
2754 5124 2965 5188 τούτοις
3006 5126 3104 5194 μὲν
3125 5124 3223 5196 τὴν
3255 5124 3531 5177 πολιτείαν
3556 5123 3667 5176 οἱον
3694 5125 3958 5177 ὐπέταινε

2373 5220 2464 5271 καὶ
2489 5218 2589 5287 τὴν
2630 5216 2761 5287 πρὸς
2797 5216 2997 5279 αὐτὸν,
3041 5215 3116 5278 ὡς
3147 5215 3213 5267 ἂν
3247 5216 3391 5267 εἴποι
3427 5210 3543 5275 τις,
3579 5212 3791 5265 εὕνοιαν
3820 5215 3957 5267 ἑκα-

2371 5311 2644 5380 πήλευσεν
2670 5324 2683 5337 ·
2728 5305 2861 5377 περὶ
2893 5308 2951 5360 δὲ
2988 5306 3088 5376 τὴν
3128 5308 3313 5359 πίστιν
3341 5305 3599 5375 ἐμαίνετο
3632 5305 3912 5374 κραταιῶς
3938 5346 3955 5369 ,

2369 5402 2622 5455 τοσοῦτον
2654 5401 2728 5463 ὡς
2764 5399 2899 5469 μηδὲ
2930 5398 3065 5451 Θεὸν
3099 5398 3391 5467 ὀνομάζειν
3420 5397 3594 5451 ἐδόκει
3623 5397 3800 5466 τούτῳ
3844 5414 3955 5449 κα-

2367 5496 2477 5548 λόν.
2519 5494 2630 5546 Καὶ
2670 5493 2780 5562 γὰρ
2811 5492 2913 5554 τὰς
2948 5489 3370 5559 τριακοντούτας
3402 5489 3637 5551 σπονδὰς
3669 5491 3783 5551 τοῖς
3812 5488 3954 5541 06v-

2364 5607 2475 5652 νοις
2504 5589 2566 5659 δὴ
2595 5588 2805 5651 τούτοις
2827 5590 2943 5649 τοῖς
2969 5587 3327 5657 καλουμένοις
3362 5586 3694 5659 Βουλγάροις
3734 5588 3952 5654 ἐνωμόο

2360 5700 2469 5747 τως
2500 5681 2669 5735 ποιῶν
2698 5683 2793 5737 καὶ
2828 5680 3117 5751 εἰρηνικὰς
3156 5680 3460 5752 συμδάσεις
3498 5681 3950 5753 καταπραττόμε-

2005 5772 2242 5832 νΑιιιεΕ
2285 5774 2694 5834 LECTIONES.

745 5843 787 5874 ⁸³
822 5844 1039 5913 ὐποθείς
1070 5850 1093 5904 ?
1168 5852 1208 5882 ⁶¹
1242 5854 1535 5921 χρημάτων
1570 5856 1677 5924 γὰρ
1711 5873 1799 5927 κρ-
1835 5861 1858 5911 τ’
