4158 6442
158 420 208 481 lin
1278 409 1420 469 LIB.
1461 409 1507 467 1.
1535 434 1600 446 -··
1640 408 1709 468 L1

1811 406 2236 467 ARMENIUS.
3312 409 3382 471 46

158 548 255 593 νος,
300 529 424 581 ἐπει
456 527 524 580 δι’
555 529 733 597 ὅρκων
774 524 978 586 ταύτας
1004 522 1197 592 ἔμελλε
1238 519 1490 591 βεῧαιοῦν
1521 536 1579 570 τε
1614 520 1706 570 καὶ

1812 554 1919 593 non
1982 540 2185 609 quibus
2240 535 2539 592 Christiani
2591 536 2766 592 solent
2824 536 3189 593 sacramentis
3251 554 3382 595 usus

155 619 416 693 ἐμπεδοῦν,
445 621 511 672 οὐ
531 617 742 679 τούτοις
760 617 825 689 δὴ
859 618 971 679 τοίς
994 615 1285 685 ἡμετέροις
1322 612 1543 683 ἐχρῆτο,
1566 610 1702 663 Θεὸν

154 713 228 766 uel
244 710 523 781 οὐρανίους
550 708 807 777 δυνάμεις
831 706 864 775 ἢ
893 705 990 776 τὴν
1021 704 1162 757 κατὰ
1192 704 1371 774 σάρκα
1402 702 1705 769 γενομένην

159 803 339 872 μητέρα
386 797 624 869 Χριστοῦ
674 794 769 849 τοῦ
812 793 950 847 Θεοῦ
992 794 1101 845 τῶν
1143 792 1453 861 λεγομενων
1498 807 1556 841 τε
1608 788 1704 842 καὶ

154 891 518 964 πραττομένων
542 889 773 959 ἐφόρους
792 886 888 939 καὶ
914 886 1201 955 μάρτυρας
1220 900 1234 913 ’
1257 882 1373 936 ἀλλ’
1390 876 1478 935 οἷά
1500 880 1585 952 [Ρ.
1608 880 1704 952 9.0]

154 1002 220 1047 τις
246 982 385 1051 ψυχὴ
430 980 707 1050 βάρὸαρος
750 978 1069 1038 θεοσεϐείας
1105 973 1498 1044 ἀπῳκισμένη,
1537 972 1706 1032 κύνας

156 1076 253 1143 μὲν,
282 1078 372 1127 καὶ
396 1068 476 1135 οἷς
498 1072 568 1124 τὰ
591 1072 773 1141 ἄνομα
797 1070 925 1138 ἔθνη
963 1069 1206 1130 θύουσιν,
1234 1066 1440 1135 ἐχρῆτο
1469 1065 1705 1136 μάρτυσι

153 1165 240 1216 τῶν
269 1162 657 1231 πραττομένων
702 1161 797 1212 καὶ
828 1158 1140 1227 ἀπέτεμνεν
1171 1158 1266 1210 καὶ
1310 1157 1398 1209 διὰ
1437 1155 1704 1225 στόματος

153 1256 279 1321 ἄγειν
328 1256 431 1306 οὐκ
470 1254 806 1323 ἐμυσάττετο
857 1254 936 1313 εἰς
979 1250 1312 1319 βεϐαίωσιν,
1366 1244 1450 1310 οἷς
1509 1248 1703 1300 ἐκεῖνοι

153 1345 523 1417 ὲμοτςορούμενει
544 1384 559 1407 ,
589 1346 690 1413 τὴν
720 1344 827 1396 τῶν
855 1340 1207 1413 Χριστιανῶν
1242 1340 1297 1393 δὲ
1338 1339 1521 1392 πίστιν
1564 1337 1704 1390 ἐκεί-

154 1456 240 1499 νιλις
284 1437 533 1505 μέλλουσί
588 1453 717 1488 ποτε
767 1436 859 1502 ὑφ’
895 1434 1053 1503 ἡμῶν
1096 1431 1512 1495 διαϐιϐάζεσοαι
1562 1430 1702 1501 πρὸς

152 1530 368 1598 ἐκείνην,
431 1530 506 1591 ὡς
569 1528 752 1590 ἔοικε,
820 1526 1272 1579 κατεπίστευσεν.
1344 1525 1453 1577 Καὶ
1515 1522 1701 1590 σαφῶς

152 1620 319 1671 οὑτωσὶ
353 1619 458 1671 οὐκ
496 1619 762 1688 ᾐσχύνετο
792 1615 1041 1669 ἀσεὸὦν⁶
1078 1612 1162 1679 οἷς
1188 1631 1246 1666 τε
1293 1614 1403 1682 γὰρ
1443 1614 1570 1676 τοὺς
1598 1611 1700 1681 τῆς

152 1710 358 1773 πίστεως
418 1708 791 1780 μαργαρίτας,
820 1708 963 1762 κατὰ
992 1708 1090 1778 τὴν
1118 1707 1213 1759 τοῦ
1246 1705 1454 1776 Κυρίου
1491 1704 1697 1774 φωνὴν,

152 1804 433 1873 ἐμπροσοεν
473 1803 627 1871 ἠφίει
673 1801 781 1855 τῶν
825 1803 1025 1871 χοίρων
1072 1802 1167 1854 καὶ
1207 1798 1448 1870 χρῆσθαι
1486 1798 1698 1860 τούτοις

1810 644 1917 696 est,
1952 644 2010 686 ut
2039 633 2300 685 nimirum
2351 630 2521 685 Deum
2550 630 2914 698 cmlestesque
2963 632 3214 692 virtutes.
3268 630 3384 687 sive

1807 740 1927 795 quae
1964 721 2169 777 Christi
2210 722 2410 791 Deique
2463 736 2663 791 parens
2732 734 2897 775 carne
2950 720 3073 787 fuit,
3106 722 3383 776 dictorum

1808 826 2194 885 gestorumque
2232 796 2572 883 inspectores
2608 822 2884 882 testesque
2928 814 3233 877 adhiberet,
3287 815 3382 869 sed

1806 906 1955 960 velut
1984 906 2254 959 barbarus
2276 905 2495 974 quidam
2519 905 2811 973 omnisque
2856 902 3135 972 religionis
3161 919 3381 973 expers,

1806 1012 1991 1062 canes,
2023 1012 2087 1052 ac
2116 995 2318 1065 quibus
2361 1009 2492 1064 gens
2541 994 2797 1066 improba
2839 993 3106 1056 immolat,
3168 994 3235 1049 iis
3292 1010 3384 1065 ge-

1807 1099 2017 1144 storum
2067 1087 2299 1142 testibus
2356 1097 2534 1150 utens,
2563 1097 2616 1141 et
2670 1085 3002 1151 dissecabat,
3036 1100 3135 1138 nec
3183 1086 3384 1153 quibus

1807 1184 1881 1237 illi
1925 1184 2158 1237 libenter
2189 1182 2613 1252 ingurgitantur,
2650 1182 2762 1235 hazc
2788 1181 2907 1250 ipse
2950 1180 3015 1234 ad
3055 1181 3381 1234 ﬁrmandam

1807 1279 1963 1330 tidem
2000 1290 2096 1329 ore
2140 1284 2362 1344 gustare
2413 1273 2788 1327 exhorrcbat:
2838 1272 2984 1341 quod
3038 1288 3167 1327 vero
3224 1273 3385 1324 Chri-

1803 1371 2035 1422 stianam
2082 1367 2245 1421 [idem
2277 1366 2356 1420 eis
2386 1365 2745 1431 concredidit,
2775 1367 2842 1418 ad
2903 1380 3067 1433 quant
3127 1380 3157 1419 a
3216 1364 3377 1417 nobis
3428 1380 3429 1387 η

1802 1459 2119 1528 aliquando,
2170 1468 2230 1510 ut
2287 1456 2595 1521 videbatur,
2650 1462 2835 1510 essent
2892 1455 3237 1518 traducendi,
3314 1471 3384 1509 ne

1811 1552 1892 1606 sic
1945 1551 2169 1621 quidem
2255 1549 2522 1619 impietati
2580 1548 2740 1602 litare
2804 1562 2931 1601 eum
2983 1546 3194 1615 puduit.
3242 1543 3380 1598 Tum

1801 1645 1948 1697 enim
2002 1645 2054 1697 in
2125 1660 2191 1698 eo
2239 1644 2385 1713 quod
2409 1642 2530 1696 ﬁdei
2590 1640 2951 1710 margaritas,
2987 1640 3144 1707 juxta
3202 1637 3387 1691 Domi-

1803 1734 1858 1787 ni
1918 1733 2247 1788 sententiam
2299 1747 2351 1795 υ,
2395 1733 2643 1786 mittebat
2707 1741 2832 1785 ante
2888 1746 3129 1800 porcos,
3190 1731 3385 1799 hisque

1799 1818 1921 1877 illos
1974 1822 2057 1875 vir
2109 1823 2309 1891 impius
2368 1836 2494 1875 vere
2532 1820 2910 1875 exsecrandus
2958 1835 3053 1873 ore
3090 1828 3253 1874 tenus
3306 1819 3385 1872 uti

150 1898 226 1947 ἐπὶ
265 1896 525 1964 στόματος
570 1894 915 1960 ἐξεϐιάζετο,
959 1895 1114 1958 ἄξιος
1167 1891 1453 1961 βδελυρίας
1488 1891 1518 1943 ὁ
1561 1889 1700 1959 ἀνὴρ

1807 1889 2198 1985 compellebat,
2228 1911 2336 1984 32
2390 1922 2615 1982 tumque
2660 1912 2712 1965 in
2764 1926 2831 1965 eo
2869 1925 3062 1965 rursus
3082 1911 3227 1980 quod
3270 1910 3385 1980 ipse

152 1987 333 2040 ἀσεϐῶν
355 2003 370 2016 °
416 1988 513 2040 καὶ
565 1981 645 2050 οἷς
692 1988 763 2039 τά
795 1986 1024 2039 ἐκείνων
1074 1984 1231 2047 αὖθις
1264 1983 1429 2047 αὐτὸς
1456 1981 1558 2053 τὴν
1592 1981 1701 2033 τῶν

159 2080 418 2149 Ῥωμαίων
458 2080 661 2133 διέπων
696 2079 975 2149 βασιλείαν
1010 2095 1068 2130 τε
1108 2079 1202 2131 καὶ
1235 2076 1410 2149 ἀρχὴν
1433 2076 1535 2129 οὐκ
1566 2076 1699 2144 ἠρυ-

150 2169 257 2239 θρῖα
285 2169 818 2239 μυσταγωγούμενος
867 2168 964 2222 καὶ
990 2168 1313 2238 τελούμενος
1348 2169 1405 2219 ἐν
1435 2165 1703 2234 πανδήμῳ

149 2263 335 2334 θεάτρῳ
362 2266 461 2317 καὶ
491 2262 635 2316 οὕτω
674 2278 738 2330 γε
764 2262 827 2333 δὴ
858 2262 1059 2333 πλήρει
1097 2262 1208 2314 τῶν
1242 2258 1488 2313 ἀπίστων
1518 2275 1576 2309 τε
1610 2259 1703 2309 καὶ

151 2354 361 2420 πιστῶν,
388 2354 487 2408 τοῦ
515 2355 736 2407 αἰωνίου
774 2354 1061 2425 σκώληκος
1091 2353 1188 2406 καὶ
1229 2351 1421 2422 πυρὸς,
1457 2350 1571 2404 ἀλλ’
1602 2351 1705 2402 οὐκ

148 2447 300 2500 ἄλλων
325 2447 572 2510 ἐπάξιορ.
619 2448 731 2500 Καὶ
780 2449 938 2510 ὅσους
981 2446 1039 2500 δὲ
1061 2446 1105 2476 ⁸³
1145 2444 1238 2497 τὸν
1287 2443 1447 2514 ὀροθιν
1478 2442 1703 2513 εὕρισκε

150 2542 283 2609 λόγον
310 2541 637 2611 τηροῦντας,
666 2539 890 2602 τούτους
929 2537 1143 2609 πικρῶς
1178 2537 1440 2607 κατῄκιζε
1477 2536 1571 2589 καὶ
1599 2535 1703 2588 δει-

150 2634 235 2694 νώς
253 2649 265 2661 ·
291 2634 559 2703 ἑτέρωθεν
588 2631 645 2683 δὲ
669 2633 739 2684 τά
764 2631 873 2685 τῶν
903 2630 1225 2701 ὁμοφρόνων
1254 2631 1304 2681 οί
1331 2628 1491 2697 στίφη
1513 2643 1571 2680 τε
1609 2627 1704 2680 καὶ

150 2722 444 2790 συστήματα
493 2720 811 2790 συνεκρότει
842 2736 903 2772 τις
933 2720 1031 2773 καὶ
1066 2721 1389 2790 συνήγειρεν
1431 2720 1489 2770 ὲν
1519 2716 1705 2785 ταυτῴ

148 2814 278 2881 παρά
309 2813 555 2882 πλευράν
588 2812 755 2865 αὑτοῦ
786 2812 957 2873 τιθεὶς
982 2812 1081 2866 καὶ
1109 2809 1560 2881 προσεπικλύξων
1585 2810 1704 2871 ταῖς

142 2903 435 2972 ὠφελείαις.
496 2905 721 2967 Τούτοις
774 2907 871 2958 καὶ
930 2904 1188 2974 Ἰωάννης
1233 2905 1262 2956 ὁ
1315 2902 1706 2974 γραμματικὸς

145 2997 508 3063 ἐγκατελεκτο,
542 2999 741 3061 παντὸς
769 3000 1076 3069 ἀνάσκητος
1102 2999 1365 3068 ὑπάρχων
1392 2997 1584 3050 καλοῦ.
1610 2992 1705 3059 Οἷς

144 3091 222 3141 καί
264 3108 384 3145 τινα
420 3092 644 3163 γραφὴν
687 3094 715 3144 ὁ
750 3092 903 3145 Λέων
930 3094 1132 3163 νεαρᾶς
1173 3109 1318 3154 τινος
1359 3092 1451 3144 καὶ
1498 3093 1703 3162 μιαρᾶς

144 3180 497 3254 ἐξαρκομένην
520 3187 759 3250 πίστεως
784 3185 1101 3255 ἀναγράψαι
1127 3184 1414 3249 κελεύσας,
1442 3186 1535 3236 τὸν
1561 3185 1703 3237 κατὰ

143 3272 234 3325 τῶν
264 3275 421 3330 θείων
454 3276 686 3329 είκὸνων
720 3276 921 3346 δρόμον
958 3277 1209 3330 ἐδίωκεν.
1273 3276 1618 3347 Ἀνερῤίπισε
1646 3276 1703 3329 δέ

142 3379 243 3427 πως
267 3361 377 3419 οἷον
411 3368 514 3421 καὶ
540 3366 876 3438 ἐξεφύσησεν
915 3370 995 3431 είς
1028 3367 1160 3436 ὕψος
1188 3368 1360 3439 αἴρων
1390 3369 1552 3421 αὑτὸν
1586 3367 1705 3439 (καὶ

141 3457 235 3525 γάρ
258 3453 323 3527 ἦν
353 3459 567 3527 κοῦφος
595 3460 694 3512 καὶ
737 3459 873 3530 πρὸς
901 3460 1056 3512 οὐδὲν
1084 3460 1310 3528 ἐφέρετο
1339 3459 1708 3530 λελογισμένῳ

141 3548 205 3617 τῷ
233 3550 335 3620 νῷ)
366 3553 398 3603 ὁ
433 3551 536 3604 τοῦ
570 3551 718 3620 ίερού
753 3552 1101 3621 συστήματος
1132 3568 1192 3603 τε
1229 3553 1327 3604 καὶ
1357 3551 1560 3620 κλήρου
1595 3553 1708 3604 τῶν

142 3641 414 3710 βασιλικῶν
446 3645 633 3703 αὐλῶν
654 3644 919 3715 ἀρχηγός.
952 3640 1140 3715 Λοχῶν
1162 3645 1270 3715 γάρ
1294 3645 1457 3698 αὐτὸν
1486 3649 1549 3697 ἐκ
1578 3632 1707 3697 πολ-

139 3734 217 3787 λοῦ
266 3737 362 3790 καὶ
398 3732 522 3790 οἷον
562 3736 623 3800 ἐξ
671 3736 1003 3806 ὲνέδραςὼς
1047 3738 1139 3790 τὸν
1184 3737 1413 3807 Πρωτέα
1458 3737 1707 3806 αἱρήσειν

139 3828 291 3895 ἐρῶν,
345 3830 477 3883 ἐπεὶ
520 3829 664 3883 κατά.
701 3847 825 3883 τινα
877 3830 1069 3899 καιρὸν
1118 3830 1178 3882 τὸ
1223 3826 1367 3883 Θεῖον
1403 3830 1581 3881 ἐκεῖνο
1627 3830 1707 3890 εἰς

140 3921 353 3989 ἐπήκοον
389 3922 567 3992 ῥητὸν
615 3920 1118 3991 ἐκκλησιαζὸμενον
1171 3920 1539 3991 ἐκηρύττετο,
1590 3920 1709 3973 Τίνι

138 4008 459 4076 ὡμοιώσατε
488 4012 734 4078 Κύριον,
766 4012 864 4065 καὶ
885 4014 1002 4065 τίνι
1030 4012 1341 4080 ὁμοιώματι
1370 4010 1710 4079 ὼμοιώσατε

136 4105 336 4167 «tutor;
367 4105 458 4174 μὴ
490 4105 702 4158 εἰκόνα
739 4104 990 4171 ἐποίησε
1024 4106 1264 4171 τέκτων,
1296 4104 1334 4173 ἢ
1367 4103 1710 4172 χρυσοχόος

136 4199 433 4263 χωνεύσας
496 4198 763 4265 χρυσίον
832 4199 1321 4266 περιεχούσωσεν
1378 4198 1595 4261 αὐτὸν,
1670 4196 1706 4264 ἣ

138 4289 380 4359 (uolunta
400 4291 896 4353 κατεσκεύασενς
924 4290 1050 4342 ἐπεὶ
1103 4289 1234 4358 γοῦν
1260 4288 1420 4342 τοῦτο
1448 4290 1591 4342 κατά
1618 4289 1709 4341 τὸν

139 4376 216 4428 τοῦ
245 4378 428 4450 Φάρου
478 4381 611 4432 ναὸν
642 4379 889 4449 ὲξηχεὴό
919 4397 980 4432 τε
1018 4371 1112 4433 καῖ
1147 4381 1463 4451 διεϐεϐόητο
1483 4421 1498 4445 ,
1527 4382 1710 4450 ἡρέμα

139 4485 235 4531 πως
277 4473 592 4541 ὑποσυρεὶς
639 4474 736 4525 καὶ
772 4472 966 4524 ἑαυτὸν
1016 4473 1096 4534 εἰς
1127 4471 1409 4541 προῦπτον
1450 4472 1709 4540 ἀγαγὼν,

1803 2003 2037 2058 Romani
2062 2005 2374 2058 moderator
2403 2001 2637 2071 itnperii,
2660 2001 2712 2054 in
2747 2000 2963 2069 publico
3000 2008 3294 2064 conventu,
3328 2001 3384 2055 in

1805 2096 2344 2166 theatropromiscua
2384 2094 2687 2148 inﬁdelium
2742 2092 3092 2158 ﬁdeliumque
3132 2092 3384 2145 multitu-

1803 2191 1931 2245 dine
1956 2190 2179 2254 rel'erto,
2201 2188 2405 2242 initiari
2436 2203 2543 2242 non
2574 2182 2792 2242 erubuit
2826 2200 2891 2239 ac
2913 2185 3247 2248 consecrari,
3276 2199 3383 2238 non

1803 2284 1913 2339 alio
1958 2284 2118 2353 plane
2163 2281 2388 2351 praemio
2423 2295 2584 2351 quem
2621 2288 2827 2357 esterno
2866 2293 3047 2333 verme
3079 2286 3137 2331 et
3172 2276 3281 2347 igni
3303 2275 3386 2330 di-

1804 2392 1941 2447 gnus
1967 2374 2090 2431 fuit.
2128 2374 2298 2429 Porro
2331 2374 2375 2428 si
2405 2388 2542 2444 quos
2576 2388 2716 2426 veras
2741 2370 2861 2425 ﬁdei
2880 2372 3185 2425 tenaciores
3213 2371 3383 2426 oll'ett-

1805 2470 1987 2533 debat,
2060 2482 2157 2523 eos
2213 2482 2346 2521 vero
2408 2466 2525 2521 dire
2593 2464 2943 2535 graviterque
3008 2462 3384 2517 excruciabat.

1806 2561 2022 2630 Alioqui
2060 2574 2188 2615 veto
2240 2557 2486 2627 ejusdem
2520 2572 2707 2613 secum
2771 2554 3053 2610 sententiae
3099 2554 3382 2608 hominum

1805 2663 2011 2703 cuneos
2041 2657 2453 2715 conventusque
2482 2646 2712 2715 cogebat
2740 2654 2903 2715 atque
2936 2643 3235 2708 conllabat,
3280 2659 3386 2699 suo

1804 2757 1898 2795 eos
1940 2739 2092 2794 lateri
2144 2738 2409 2792 adhibens
2450 2752 2515 2791 ac
2547 2737 2872 2791 muneribus
2918 2737 3178 2791 nbruens.
3240 2734 3387 2793 Inter

1808 2833 1932 2886 illos
1962 2829 2206 2885 Joannes
2244 2828 2637 2899 grammaticus
2669 2826 2772 2881 fuit
2822 2826 3000 2896 iisque
3053 2827 3386 2889 accensitus.

1806 2925 1891 2978 vir
1930 2922 2078 2977 nulla
2107 2920 2326 2977 honeSti
2357 2920 2480 2975 luce
2505 2920 2790 2990 pmditus.
2826 2918 2926 2973 llis
2974 2919 3085 2975 Leo
3126 2919 3387 2990 scriptio-

1808 3032 1931 3070 nem
1959 3015 2249 3086 quamdam
2270 3013 2335 3066 ad
2356 3028 2556 3068 novam
2587 3028 2652 3066 ac
2675 3012 3070 3067 essecrandam
3104 3021 3389 3081 acceptan-

1807 3108 1931 3162 dam
1964 3108 2122 3160 ﬁdem
2147 3106 2346 3175 jubens
2372 3105 2552 3169 edere,
2584 3103 2849 3158 adversus
2881 3104 3095 3158 divinas
3124 3103 3389 3174 imagines

1731 3236 1778 3296 ο
1810 3214 2033 3254 cursum
2062 3196 2399 3252 intendebat.
2440 3196 2717 3250 Excitavit
2747 3205 2928 3248 autem
2958 3209 3024 3248 ac
3056 3194 3203 3248 velut
3232 3194 3390 3246 ﬂauu-

1814 3308 1961 3347 mam
1992 3293 2048 3345 in
2093 3290 2426 3345 immensum
2456 3289 2674 3353 extulit,
2705 3289 2909 3357 quippe
2934 3303 3058 3341 cum
3081 3286 3214 3341 levis
3245 3296 3391 3341 esset

1809 3400 1910 3439 nec
1944 3390 2165 3439 sensato
2203 3381 2388 3437 animo
2436 3380 2734 3449 quidquam
2785 3376 3193 3448 aggrederetur,
3244 3377 3389 3433 sacri

1810 3475 2023 3545 collegii
2056 3474 2300 3544 clerique
2321 3471 2543 3543 palatini
2580 3484 2804 3541 prases.
2836 3468 2979 3523 Olim
3014 3469 3159 3523 enim
3200 3468 3392 3522 obsero

1811 3584 1969 3631 vans,
2005 3567 2263 3637 velutque
2287 3581 2353 3620 ex
2376 3564 2592 3619 insidiis
2622 3560 3057 3633 quasiProteum
3090 3566 3388 3631 quemdam

1813 3660 2091 3714 hominem
2123 3672 2320 3727 capere
2345 3665 2622 3726 satagens,
2654 3671 2779 3708 eum
2829 3655 3127 3721 aliquando
3155 3655 3209 3707 in
3270 3668 3392 3707 om-

1814 3755 1963 3806 nium
2006 3751 2238 3806 auribus
2267 3751 2321 3804 in
2379 3749 2598 3818 publico
2646 3747 2891 3803 ecclesia:
2925 3756 3202 3802 conventu
3266 3761 3393 3799 sen-

1814 3845 1979 3899 tentia
2066 3842 2183 3897 hre'c
2273 3841 2609 3912 proferretur
2681 3857 2696 3895 :
2776 3838 2877 3894 Cui
2948 3838 3173 3893 similem
3261 3840 3394 3907 [eci-

1812 3940 1908 3993 slis
1946 3942 1958 3953 '
2005 3936 2332 3999 Dominum,
2397 3944 2444 3989 et
2508 3935 2592 3986 cui
2654 3931 2943 3984 simulacro
3052 3930 3392 3983 assimilnsris

1812 4048 1928 4085 eum
1958 4035 1983 4086 ?
2021 4029 2280 4101 Nunquid
2316 4028 2599 4097 imaginem
2633 4026 2755 4093 fecit
2809 4025 2982 4093 faber,
3041 4033 3132 4075 aut
3181 4023 3394 4091 aurifex

1816 4126 1936 4195 fuso
1997 4141 2130 4178 auro
2175 4122 2662 4177 circumdeauraril
2705 4134 2845 4181 eam,
2901 4126 2994 4169 aut
3043 4117 3393 4169 simulacrum

1814 4219 2107 4287 fabricatus
2130 4229 2206 4270 est
2225 4216 2262 4256 ’δ
2285 4215 2464 4268 ﬂium
2485 4229 2615 4282 ergo
2636 4209 3035 4265 sententiahzec
3064 4209 3396 4278 quandoque

1817 4313 1871 4365 in
1905 4326 2061 4365 sacra
2098 4308 2269 4363 Phari
2300 4309 2416 4361 aede
2459 4314 2620 4359 cantu
2673 4303 2894 4371 altaque
2928 4314 3063 4355 voce
3114 4300 3395 4363 ederetur,

1817 4402 1904 4455 illc
1934 4400 2138 4455 sensim
2175 4398 2334 4469 quasi
2379 4396 2605 4451 trahens
2631 4409 2694 4449 ac
2727 4409 2786 4450 se
2818 4394 2995 4462 ipsum
3043 4391 3096 4444 in
3156 4389 3393 4445 medium

1814 4494 2125 4564 producens
2147 4510 2159 4545 :
2182 4491 2450 4560 Intelligo,
2469 4488 2573 4559 33
2589 4491 2898 4556 imperator,
2917 4484 3117 4553 inquit,
3140 4483 3396 4553 quidnam

136 4562 303 4629 Σύνες
331 4562 367 4616 ὅ
402 4576 462 4616 τι
495 4563 666 4633 λέγει
694 4563 762 4630 ⁸³,
787 4566 980 4634 φησὶν,
1008 4560 1055 4619 ῶ
1093 4564 1359 4628 ,βασιλεῦ
1384 4605 1400 4629 ,
1441 4565 1507 4617 τό
1552 4564 1709 4632 ἱερὸν

1815 4560 2070 4655 loquatur
2122 4583 2360 4637 divinum
2409 4580 2682 4632 oraculum
2713 4593 2729 4638 ;
2765 4594 2855 4629 nec
2903 4575 3015 4628 ulla
3092 4584 3140 4626 te
3169 4576 3398 4626 incessat

135 4655 322 4722 λῦγιον
343 4671 357 4684 ·
390 4654 498 4707 καί
533 4654 752 4722 μηδείς
773 4672 872 4709 σοι
895 4656 1230 4726 μετάμελος
1256 4658 1354 4708 ἐπὶ
1387 4658 1513 4723 τοῖς
1542 4657 1714 4723 ἐναρ-

136 4747 348 4812 ζΰεῖσιν
380 4750 574 4809 ἔστω,
608 4747 747 4799 ἀλλ’
786 4746 949 4801 ἅπαν
989 4748 1152 4800 θεῖον
1182 4746 1407 4801 δοκοῦν
1437 4748 1714 4801 ἐκποδὼν

136 4840 375 4907 ποιήσας
400 4842 730 4907 εἰκόνιαμα
756 4839 868 4907 τῆς
893 4839 1077 4906 ὀρθῆς
1099 4842 1246 4909 ἔχου
1282 4842 1565 4908 λατρείας
1594 4842 1714 4894 τῶν

135 4930 201 4995 μὴ
241 4931 602 5000 σεϐομένων
637 4932 812 4984 αὑτά.
855 4931 1101 4994 Τούτοις,
1152 4933 1227 4995 ὼς
1262 4926 1451 4998 εἷπον,
1489 4933 1715 4985 ἀσυλλοο

136 5023 313 5085 γίστως
371 5024 692 5084 ὑπεκκαε“ις
744 5025 838 5075 καὶ
894 5022 991 5095 τὴν
1040 5024 1226 5079 ἄθλιον
1274 5026 1490 5096 ἐκείνην
1535 5025 1713 5096 ψυχὴν

138 5115 620 5187 προσεκπυρωθεὶς
665 5115 796 5181 ὃλην
825 5116 1045 5185 ἐκίνησε
1080 5118 1224 5170 κατὰ
1265 5118 1365 5187 μὲν
1410 5119 1517 5171 τῶν
1557 5120 1716 5173 εὐσε-

138 5206 232 5258 ϐῶν
271 5210 372 5280 τὴν
406 5206 623 5261 ἑαυτοῦ
657 5210 877 5279 μανίαν,
929 5210 1071 5262 κατά
1120 5210 1177 5263 δὲ
1212 5210 1320 5263 τῶν
1349 5210 1566 5264 ἀσεϐῶν
1614 5211 1715 5281 τὴν

138 5299 267 5353 ίὲείαν
319 5304 416 5356 καὶ
461 5302 694 5355 δικαίαν
732 5301 925 5371 ὁρτήν.
976 5303 1036 5356 '0
1097 5305 1196 5373 μὲν
1228 5306 1337 5376 γὰρ
1379 5304 1713 5373 θεσπίσματι

138 5392 322 5457 πάντας
354 5396 488 5459 τοὺς
535 5396 823 5464 ἀρχιερεῖς
869 5396 935 5447 ὲκ
967 5395 1065 5464 τῆς
1098 5397 1396 5468 ὑπερορίας
1433 5400 1709 5467 μετεπέμ-

138 5501 271 5551 πετο,
301 5488 385 5558 [Ρ.
414 5486 516 5558 Ἠ]
542 5485 886 5555 συλαγωγῶν
911 5488 1152 5551 τούτους,
1186 5491 1282 5558 τῆς
1312 5490 1406 5541 τοῦ
1436 5491 1708 5560 πατριάρ-

196 5684 219 5710 α
245 5670 432 5725 Matth.
464 5688 569 5738 vn,
606 5671 663 5726 6.
740 5670 767 5709 δ
799 5672 904 5727 lsa.
936 5689 1024 5739 χι,
1056 5672 1137 5738 l8,
1168 5673 1251 5727 l9.

1816 4679 2086 4747 pwnilndo
2115 4691 2295 4729 eorum
2334 4690 2450 4744 quae
2477 4681 2641 4741 coepta
2670 4681 2790 4723 sttnl
2814 4686 2831 4723 :
2858 4669 2949 4723 sed
2985 4668 3030 4721 si
3062 4667 3189 4736 quid
3221 4680 3401 4717 sacra-

1818 4788 1934 4823 rum
1974 4769 2262 4838 imaginum
2295 4766 2553 4836 reliquum
2612 4763 2870 4822 videatur,
2916 4776 2976 4813 eo
3006 4775 3030 4812 ε
3072 4756 3245 4811 medio
3273 4753 3400 4808 sub.

1818 4864 1926 4915 lato
1974 4878 2152 4915 eorum
2204 4872 2358 4913 recta:
2396 4857 2607 4911 adlicere
2649 4855 2895 4925 religioni
2935 4854 3026 4922 qui
3063 4850 3268 4904 nullum
3321 4850 3397 4902 eis

1817 4953 2066 5005 adhibent
2103 4950 2324 5005 cultum.
2360 4948 2455 5003 His
2490 4948 2673 5014 itaque
2722 4946 2834 5007 ille,
2866 4942 2943 4997 uti
2996 4942 3269 5003 dicebam,
3318 4953 3399 4995 te-

1816 5058 1962 5097 mere
1989 5042 2244 5109 ttulloque
2267 5054 2401 5093 sano
2423 5038 2635 5106 judicio
2660 5051 2926 5091 accensus
2952 5033 3272 5099 infeliciquc
3306 5030 3397 5085 illo

1813 5146 2120 5188 exaestuans
2151 5132 2358 5194 animo,
2386 5145 2543 5183 suum
2564 5144 2781 5182 omnem
2809 5126 3070 5180 adversus
3102 5124 3227 5194 pios
3256 5122 3399 5176 inci-

1814 5226 2203 5282 tavitlurorem
2225 5222 2633 5290 adversumque
2659 5220 2862 5288 impios
2888 5218 3137 5272 divinam
3161 5215 3401 5283 justam-

1810 5331 1918 5385 que
1949 5313 2399 5383 indignationem.
2445 5309 2653 5366 Omnes
2692 5321 2929 5378 namque
2956 5306 3251 5376 episcopos
3274 5303 3401 5358 dato

1811 5408 2078 5474 rescripto
2095 5404 2161 5456 ad
2188 5419 2246 5458 se
2265 5401 2333 5456 ab
2345 5402 2541 5457 exsilio
2568 5398 2823 5464 accersit,
2840 5413 2937 5453 eos
2966 5397 3207 5467 spolians
3236 5404 3402 5464 atque

1809 5514 1837 5550 a
1876 5496 2198 5566 patriarchae
2224 5492 2416 5566 procul
2441 5502 2738 5563 conspectu
2752 5490 3044 5548 eliminans
3064 5487 3401 5558 ejiciensquo

1386 5786 1613 5842 VARI/FZ
1652 5785 2053 5842 LECTIONI‘LS.

201 5878 242 5909 θ’
264 5879 338 5956 δὲ]
366 5883 513 5956 pitu?
595 5880 643 5911 "
670 5878 821 5946 λέγει
855 5894 960 5934 om.
1004 5877 1062 5935 Ρ.
