4158 6442
741 387 813 453 47
1858 400 2361 462 THEOPHANES
2408 402 2685 463 CONTIN
2698 404 2968 468 UATUS.
3916 423 3983 488 48

741 508 858 561 sive
913 506 1193 571 abdicans,
1228 506 1371 561 velut
1423 506 1546 562 inde
1595 506 1694 563 sibi
1725 509 1870 561 dit-to
1924 509 2205 563 audientes
2234 509 2300 564 fa-

2420 527 2517 580 χου
2575 512 2704 575 θέας
2752 513 3043 585 πόρρωθεν
3098 517 3373 573 καθιστῶν
3433 522 3529 574 καὶ
3588 524 3984 596 ἀποκηρύττων

740 609 930 657 cturus
959 610 1122 657 esset.
1151 599 1333 656 Multis
1361 609 1542 655 tamen
1584 602 1739 655 home
1786 599 2145 656 confessionis
2179 618 2304 656 sus—

740 691 1002 761 cipicnda:
1027 699 1218 744 auctor
1242 690 1472 755 exstitit,
1519 708 1626 761 qna
1673 698 1992 746 constantes
2028 692 2148 745 fidei
2190 692 2309 743 ath-

741 784 860 838 Ietae
893 783 1155 838 obaudirc
1189 792 1426 854 tyranno
1466 786 1708 839 noluere.

806 876 895 929 2i.
952 875 1091 929 Dens
1146 874 1425 947 autem(o
1479 890 1644 950 quam
1706 875 1797 929 ille
1823 892 1931 930 non
1988 875 2192 946 rigidus
2218 883 2309 928 aut

740 966 905 1033 acris,
928 964 1024 1019 sed
1049 965 1266 1034 patiens
1288 965 1542 1033 mitisque
1562 963 1601 1034 l)
1625 963 1864 1033 gladium
1884 964 2102 1035 quidem
2130 966 2234 1016 vilu
2250 980 2306 1017 a-

739 1060 848 1117 bat,
882 1069 981 1108 nec
1010 1064 1189 1108 tamen
1227 1053 1473 1109 feriebat.
1501 1053 1635 1107 Nam
1670 1056 1830 1108 modo
1857 1055 2072 1123 quidem
2107 1054 2223 1106 lnes
2254 1063 2303 1106 et

736 1149 1021 1220 squalores
1073 1148 1312 1216 solisque
1377 1146 1531 1200 nimii
1579 1146 1793 1217 algores
1829 1186 1844 1211 ,
1898 1145 2058 1200 modo
2121 1156 2304 1200 autem

736 1254 898 1300 terra:
928 1252 1108 1298 motus
1146 1258 1207 1295 ac
1237 1241 1575 1310 eruptiones,
1606 1240 1932 1308 quandoque
1975 1240 2137 1293 etiam
2161 1238 2306 1292 ﬂam-

734 1353 837 1390 mae
870 1336 1075 1391 similes
1110 1341 1263 1387 Vaslo
1287 1346 1410 1386 aere
1451 1331 1860 1399 cjaculationcs,
1883 1331 2020 1383 alias
2049 1329 2304 1399 denique,

732 1444 854 1500 qum
915 1427 1184 1481 malorum
1233 1428 1316 1478 vis
1365 1425 1624 1487 maxima,
1658 1422 1988 1477 domesticos
2039 1423 2305 1476 tumultus

733 1541 796 1579 ac
835 1524 1137 1579 seditiones
1170 1522 1277 1576 illis
1306 1521 1628 1575 intentabat.
1656 1518 1909 1573 Celtiberi
1966 1529 2146 1572 tamen
2195 1534 2302 1570 non

737 1627 967 1687 poterat.
1000 1616 1117 1671 suis
1146 1617 1378 1684 agrestis
1437 1628 1610 1673 more,
1653 1614 1704 1663 in
1750 1626 1989 1678 praeceps
2044 1610 2305 1680 degrava-

733 1720 820 1763 tus
867 1710 1104 1760 animus.
1149 1704 1388 1759 Tandem
1421 1704 1582 1771 igitur
1621 1702 1811 1756 tardus
1845 1703 1934 1756 ille
1966 1702 2209 1771 quidem,
2249 1710 2304 1755 at

733 1800 894 1868 .ujus
952 1797 1109 1852 letale
1150 1797 1370 1857 vulnus,
1400 1810 1429 1850 a
1474 1796 1583 1849 Deo
1630 1796 1843 1863 gladius
1912 1794 2300 1863 proficiscitur,

2411 602 2629 669 αὐτοὺς,
2663 604 2739 667 ὡς
2767 604 2845 676 τῷ
2886 607 3074 679 οἰκείῳ
3105 608 3402 682 βουλήματι
3444 615 3754 686 πειθηνίους
3791 638 3982 692 κατερο

2411 693 2745 764 γαζόμενος,
2780 697 3012 763 πολλοὺς
3051 702 3151 772 τὴν
3191 704 3366 775 καλὴν
3397 705 3798 779 ἀναιρήσεσθαι
3847 731 3982 784 μαρ-

2409 786 2600 857 τυρίαν
2630 786 2909 853 πεπεικὼς
2937 791 3016 862 τῷ
3038 809 3101 860 γε
3134 794 3210 865 μὴ
3241 798 3527 869 πεισθῆναι
3556 801 3725 870 αὐτῷ.

2480 876 2583 932 κα’.
2617 879 2749 944 Θεὸς
2785 877 2992 949 δὲ,οἷος
3026 886 3230 957 τρόπος
3262 888 3473 942 ἐκείνου
3504 892 3564 944 οὐ
3601 895 3852 958 σύντονός
3880 914 3983 963 τις,

2410 969 2546 1024 ἀλλὰ
2591 974 2985 1044 μακρόθυμος,
3010 976 3110 1048 τὴν
3141 980 3416 1050 ῥομφαίαν
3447 983 3697 1038 έστίλδου
3729 987 3850 1057 μὲν,
3885 990 3986 1043 οὐκ

2409 1065 2561 1134 ἠφίει
2593 1064 2670 1119 δέ.
2699 1066 2814 1120 Νῦν
2843 1068 2942 1138 μὲν
2974 1068 3084 1140 γὰρ
3117 1071 3301 1137 αὐτοῖς
3326 1074 3504 1146 λοιμοὶ
3532 1080 3625 1130 καὶ
3648 1079 3853 1150 αὐχμοὶ
3891 1084 3985 1135 καὶ

2408 1156 2659 1228 διάπυροι
2696 1159 2861 1229 ἣλιοι,
2892 1161 2987 1214 νῦν
3023 1162 3080 1216 δὲ
3120 1168 3333 1234 σεισμοὶ
3361 1169 3455 1220 καὶ
3483 1170 3854 1240 ἀναδρασμοὶ,
3890 1178 3985 1227 καὶ

2410 1247 2598 1301 ἄλλοτε
2650 1248 2844 1317 φλογὸς
2891 1248 2979 1304 οἷα
3021 1255 3160 1308 κατά
3213 1254 3308 1308 τοῦ
3343 1257 3505 1328 ἀέρος
3535 1262 3865 1328 ἀκοντίσειῖ,
3890 1267 3986 1318 καὶ

2409 1339 2678 1409 ἑτέρωθεν
2718 1341 2970 1411 ἐμφύλιοι
3021 1346 3239 1407 στάσεις
3283 1348 3392 1401 τῶν
3432 1349 3619 1403 δεινῶν
3648 1355 3717 1406 τὰ
3757 1356 3983 1424 ἀκμαιό-

2408 1447 2547 1484 τατα
2575 1433 2905 1487 ὲπεσείοντο.
2951 1434 3091 1487 Ἀλλ’
3123 1438 3222 1489 οὐκ
3251 1433 3319 1508 ἦν
3350 1440 3567 1512 ἐκείνην
3601 1445 3844 1514 ἐπισχεῖν
3888 1450 3985 1518 τὴν

2406 1522 2586 1593 ψυχὴν
2604 1563 2619 1588 ,
2654 1525 2779 1588 συὸς
2808 1527 2961 1598 δίκην
2987 1528 3127 1582 κατὰ
3156 1531 3404 1601 κρημνοῦ
3428 1534 3814 1606 ἐπιὸρίσασαν.
3863 1540 3984 1591 Ἐν-

2407 1617 2597 1671 τεῦθεν
2646 1616 2743 1686 ὀψὲ
2780 1618 2912 1686 γοῦν
2958 1620 3053 1673 καὶ
3099 1623 3328 1693 καιρίως
3372 1622 3684 1695 πλήττουσα
3734 1628 3985 1701 μάχαιρα

2412 1709 2561 1780 παρὰ
2611 1709 2705 1763 τοῦ
2747 1709 2884 1764 Θεοῦ
2930 1712 3363 1783 ἐκπεπόρευται,
3406 1717 3472 1768 ἵν’
3501 1718 3618 1789 ἥλῳ
3661 1721 3801 1783 τέως
3851 1718 3987 1795 ἧλος

2408 1802 2714 1874 ἐκηκρουσθῇ
2756 1803 2849 1856 καὶ
2886 1804 3056 1857 κακὸν
3090 1806 3168 1876 τῷ
3201 1807 3360 1878 κακῷ
3396 1808 3539 1880 ἰαθῇ.
3575 1813 3795 1885 Μιχαὴλ
3823 1815 3920 1868 τοῦ
3934 1834 3988 1867 το

736 1890 1031 1944 utinterim
1082 1889 1269 1943 clavus
1300 1889 1510 1943 clavum
1550 1888 1730 1942 trudat
1778 1886 2095 1957 malumque
2162 1888 2300 1939 malo

2406 1888 2474 1963 ἦν
2497 1932 2511 1956 ,
2551 1893 2606 1956 ὃς
2641 1872 2741 1965 την
2785 1872 3273 1966 φοιδεράτωνντὸτε
3320 1872 3724 1974 ἐπειλημμένος
3750 1872 3983 1977 ’ἀρχὴκῃ

736 1984 1033 2038 medeatur.
1070 1980 1299 2036 Michael
1334 1981 1379 2034 is
1432 1989 1570 2042 erat,
1612 1978 1703 2049 qui
1752 1989 1864 2034 tum
1907 1978 2301 2034 ftederatornm

732 2074 1112 2146 praefecturam
1150 2086 1363 2143 gerens,
1420 2070 1721 2140 majestatis
1778 2070 2011 2125 crimine
2065 2071 2301 2136 delatus,

731 2171 819 2223 vix
858 2168 1143 2236 multoque
1194 2164 1303 2236 34
1336 2164 1525 2218 labore
1550 2163 1681 2220 illud
1709 2180 1739 2218 a
1789 2178 1847 2219 se
1886 2165 2153 2235 depellere
2208 2181 2304 2235 po-

732 2272 931 2316 tuerat.
989 2258 1187 2314 Verum
1217 2257 1466 2311 futurqu
1524 2266 1641 2311 crat
1679 2265 1738 2311 ut
1780 2272 1940 2327 quem
1996 2260 2095 2312 sub
2141 2259 2302 2312 dente

729 2365 943 2422 semper
978 2350 1226 2413 haberet,
1254 2348 1308 2402 in
1340 2362 1548 2402 morem
1591 2347 1865 2401 dilaniata:
1894 2346 2127 2401 victima:
2156 2347 2299 2401 haud

729 2446 887 2514 longe
950 2439 1433 2511 postdostcnderet.
1469 2436 1638 2490 Porro
1698 2435 1964 2499 Michael,
2011 2438 2301 2507 prmcipitis

731 2536 1085 2604 procacisque
1123 2533 1320 2599 lingua:
1348 2530 1478 2583 vitio
1505 2539 1762 2584 assuetus
1785 2544 1905 2583 cum
1942 2541 2109 2590 eSs-et,
2155 2530 2301 2584 feros

731 2629 925 2686 Leonis
965 2641 1143 2680 mores
1191 2622 1532 2685 traducendi,
1570 2622 1715 2675 velut
1763 2636 1887 2675 cum
1948 2622 2040 2674 illo
2083 2622 2301 2676 adultus

729 2724 942 2791 sibique
985 2716 1326 2773 fortitudinis
1376 2714 1539 2768 laude
1590 2712 1832 2783 placens.
1891 2713 2100 2766 nullum
2135 2714 2299 2767 tinem

728 2814 981 2872 faciebat.
1015 2810 1122 2866 Leo
1147 2810 1377 2875 autem(
1424 2821 1531 2861 non
1578 2805 1722 2859 enim
1763 2804 1854 2875 qui
1910 2806 2154 2859 omnium
2202 2804 2300 2859 do-

728 2910 913 2965 minus
939 2908 1035 2973 sit,
1070 2905 1138 2959 ab
1166 2918 1275 2959 uno
1303 2901 1473 2956 stulto
1518 2899 1711 2954 lubens
1752 2899 1978 2954 omnino
2039 2901 2298 2969 patiatur,

727 3004 833 3058 nisi
883 3016 944 3055 re
982 3013 1109 3053 vera
1142 3012 1250 3050 non
1296 2996 1538 3049 virorum
1574 2994 1746 3063 magis
1788 3008 1953 3063 quam
2005 2993 2097 3047 ira:
2131 2994 2300 3061 impe-

729 3096 808 3150 rio
835 3091 1054 3162 polleat)
1075 3088 1223 3142 viros
1254 3084 1445 3141 statuit
1471 3084 1683 3138 occulte
1728 3084 1781 3137 in
1818 3083 2037 3138 insidiis
2072 3083 2297 3138 auscul-

731 3197 973 3247 taturus,
1000 3192 1058 3235 ut
1082 3181 1227 3234 velut
1257 3177 1467 3232 rimulae
1508 3176 1628 3245 ejus
1675 3175 1741 3229 ad
1777 3176 1953 3245 ipsum
2016 3191 2300 3230 seintoncs
2328 3216 2367 3270 (κ

727 3274 1104 3345 perveherent.
1138 3270 1349 3324 Etenim
1384 3275 1700 3337 suspectum
1748 3266 1983 3321 habebat
2014 3268 2157 3337 quod
2185 3278 2302 3321 erat

727 3371 997 3427 futurum,
1050 3376 1150 3416 nec
1188 3358 1631 3413 I’bilomcliensis
1666 3357 1919 3411 monachi
1982 3356 2299 3411 vaticinium

725 3459 846 3531 ejus
878 3457 1066 3512 animo
1109 3454 1405 3516 exciderat,
1462 3465 1572 3521 quo
1604 3450 1649 3505 is
1697 3450 2003 3505 secundum
2061 3448 2303 3504 a'Leooe

725 3551 1073 3609 salutandum
1144 3549 1527 3615 imperatorem
1620 3541 1937 3596 Michaelem
2034 3542 2299 3595 edixerat.

724 3645 928 3699 Eorum
977 3640 1073 3711 qui
1102 3639 1457 3693 observarent
1511 3651 1654 3691 unus
1715 3648 1934 3704 quoque
1970 3632 2302 3687 llexabnlins

723 3743 863 3799 erat,
891 3732 1005 3789 acri
1044 3730 1251 3785 scilicet
1286 3728 1367 3781 vir
1398 3727 1617 3797 ingenio
1640 3766 1656 3792 ,
1698 3741 1763 3781 ac
1794 3726 1887 3795 qui
1954 3725 2190 3778 hominis
2214 3724 2265 3776 in
2292 3760 2295 3761 ν

726 3828 905 3884 dolem
949 3823 1280 3896 geniumque
1311 3820 1601 3889 explorare
1630 3826 1831 3889 posset.
1860 3815 2083 3871 Interim
2115 3816 2296 3887 igitur,

728 3939 852 3977 cum
900 3918 1157 3974 elirenetn
1200 3913 1348 3967 illam
1399 3910 1621 3967 dicendi
1676 3925 1741 3966 ac
1798 3909 2086 3964 deridendi
2126 3909 2298 3962 licen-

724 4010 1111 4069 tiamminime
1146 4006 1487 4077 reprimeret,
1527 4019 1593 4060 ac
1618 4005 1769 4059 velut
1812 4003 2160 4058 turbulentus
2194 4002 2296 4054 flu-

724 4106 844 4159 rius
878 4102 1067 4156 limum
1099 4112 1319 4152 omnem
1352 4098 1662 4167 importune
1697 4093 1969 4150 ebulliens
1998 4104 2297 4149 extremam

723 4196 896 4253 Leoni
926 4191 1220 4263 perniciem
1273 4204 1338 4243 ac
1398 4188 1679 4243 interitum
1726 4187 2093 4242 comminatus
2130 4196 2297 4250 esset,

724 4304 789 4344 ac
814 4288 860 4344 si
894 4301 1001 4357 qua
1059 4283 1239 4338 malus
1272 4281 1426 4337 furor
1466 4281 1665 4346 alebat,
1709 4280 1888 4334 verbis
1930 4278 2297 4348 produxisset,

723 4398 785 4437 re
826 4378 897 4435 ad
930 4378 1166 4433 Leonem
1211 4376 1386 4431 delata
1414 4372 1704 4428 confeStim
1761 4371 1976 4441 rapitur
2010 4371 2126 4441 ipsa
2186 4370 2294 4427 die.

722 4473 1008 4530 Postremo
1030 4467 1362 4522 delatoribus
1378 4463 1752 4521 accusationis
1767 4463 1943 4532 capita
1963 4463 2298 4518 confirman-

2405 1987 2716 2057 ἐγκλήματι
2772 1989 3153 2055 καθοσιώσεως
3204 1993 3399 2059 ἁλοὺς,
3461 1996 3614 2068 μόγῳ
3657 1997 3839 2070 πολλῷ
3887 2003 3989 2054 καὶ

2406 2078 2560 2148 κόπῳ
2617 2081 3022 2151 ἀποτρίψασθαι
3089 2084 3326 2156 ἴσχυσεν.
3408 2089 3550 2142 Ἀλλ’
3605 2090 3829 2161 ἔμελλεν
3890 2096 3985 2148 ὑπ’

2405 2169 2592 2224 ὀδόντα
2639 2171 2828 2226 τοῦτον
2872 2173 3013 2244 ἔχων
3060 2175 3170 2231 ἀεὶ
3198 2176 3453 2249 καθάπερ
3500 2179 3982 2254 διαπεπραγμένοι.

2407 2262 2603 2330 ίερεῖον
2633 2262 2801 2331 δεῖξαι
2844 2267 2947 2319 οὐκ
2985 2269 3063 2331 είς
3100 2270 3339 2341 μακράν.
3383 2272 3592 2337 ’Ἄλλως
3624 2274 3724 2344 μὲν
3753 2276 3863 2348 γὰρ
3896 2280 3986 2345 ἐξ·

2405 2356 2561 2423 ήσκει
2583 2357 2835 2424 γλῶσσαν
2863 2362 2892 2412 ό
2917 2361 3135 2432 Μιχαὴλ
3153 2363 3422 2432 πρόλαλόν
3443 2382 3503 2418 τε
3532 2368 3626 2420 καὶ
3644 2369 3859 2439 ἰταμὸν,
3887 2375 3988 2425 καὶ

2404 2449 2502 2520 τὴν
2534 2451 2701 2505 αὑτοῦ
2753 2453 2853 2506 οὐκ
2886 2453 3081 2523 ἔληγεν
3132 2457 3501 2526 ὲκπομπεὺων
3552 2458 3945 2531 θηριοτροπίαν
3969 2507 3984 2529 ,

2404 2543 2501 2596 ἅτε
2533 2543 2597 2614 δὴ
2630 2544 2781 2615 αὑτῷ
2811 2544 2904 2598 καὶ
2935 2546 3292 2617 συναυξηθεὶς
3325 2549 3419 2601 καὶ
3446 2553 3511 2621 τῇ
3543 2552 3607 2605 ὲκ
3636 2553 3819 2624 χειρὸς
3854 2572 3988 2622 γαν-

2404 2634 2634 2705 νύμενος
2663 2635 3023 2708 ἀνδρειότητι.
3072 2639 3131 2690 Ὀ
3174 2640 3324 2692 Λέων
3349 2640 3404 2693 δὲ
3445 2642 3529 2709 (οὑ
3567 2644 3723 2714 φέρει
3757 2647 3866 2718 γάρ
3896 2667 3986 2712 τις

2402 2726 2621 2779 πάντων
2673 2728 2895 2795 κρατῶν
2946 2730 3065 2792 ἑνὸς
3121 2732 3388 2797 ἡττᾶσθαι
3440 2735 3658 2804 μωροῦ,
3706 2739 3753 2789 εί
3795 2742 3867 2806 μή
3916 2759 3983 2805 γε

2403 2820 2573 2882 ὅντως
2617 2819 2717 2873 οὐκ
2764 2820 2995 2891 ἀνδρῶν,
3026 2822 3161 2875 ἀλλὰ
3212 2823 3305 2874 καὶ
3357 2825 3530 2893 θυμοῦ
3589 2826 3839 2894 βασιλεὺς
3880 2849 3985 2883 κα-

2403 2910 2611 2979 ταστῇ)
2646 2909 2999 2975 ὡτακουστάς
3031 2929 3187 2975 τινας
3211 2914 3388 2982 τούτῳ
3421 2915 3575 2984 λόχον
3606 2920 3945 2991 κατέστησεν
3967 2966 3983 2983 ,

2404 2998 2476 3057 ὡς
2508 2998 2574 3049 ἂν
2608 2998 2697 3050 διὰ
2739 3016 2881 3062 τινος
2929 3000 3229 3070 πορθμείου
3276 3002 3687 3067 διαϐιϐάζοιντο
3736 3006 3882 3075 λόγοι
3930 3014 3984 3064 οἱ

2405 3088 2567 3141 αὐτοῦ
2593 3105 2606 3118 ’
2648 3092 2743 3143 καὶ
2784 3092 2892 3161 γὰρ
2934 3092 3185 3146 ὑπείδετο
3226 3095 3287 3146 τὸ
3320 3095 3551 3165 μέλλον,
3596 3098 3693 3167 τῆς
3736 3101 3878 3154 κατὰ
3918 3105 3987 3156 τὸ

2404 3183 2728 3253 Φιλομήλιον
2775 3187 3137 3256 προρρήσεως
3186 3186 3603 3257 ἐξημδλωκυίας
3656 3193 3757 3261 τῆς
3805 3196 3983 3248 αὐτοῦ

2404 3274 2582 3343 ψυχῆς
2613 3277 2898 3346 μηδαμῶς,
2934 3278 2967 3347 ἣ
2998 3277 3088 3330 τὸν
3112 3279 3330 3349 Μιχαὴλ
3348 3280 3603 3352 δεύτερον
3632 3283 3724 3336 τοῦ
3749 3286 3985 3349 Λέοντος

2404 3366 2785 3436 ἀναρρηθῆναι
2815 3368 3240 3438 διωμολόγησεν.
3278 3370 3496 3424 Τούτων
3518 3373 3629 3425 τῶν
3662 3376 3985 3444 ἐφεδρερυύνπ

2402 3473 2510 3508 των
2550 3451 2630 3518 εἷς
2663 3453 2731 3528 ἦν
2768 3459 2860 3511 καὶ
2903 3459 3269 3525 Ἐξαὸούλιος,
3304 3462 3443 3534 ἀνὴρ
3488 3458 3600 3528 οἶός
3644 3482 3701 3517 τε
3735 3467 3810 3518 ὢν
3850 3464 3986 3536 ἦθος

2406 3550 2497 3600 καὶ
2545 3548 2705 3616 φύσιν
2743 3549 3031 3621 ἀνθρώπου
3085 3553 3444 3623 καταμαθεῖν.
3509 3555 3597 3618 Ὧς
3644 3554 3736 3611 οὖν
3782 3559 3986 3628 χρὸιου

2407 3638 2683 3706 προϊόντος
2716 3641 2816 3693 οὐκ
2856 3643 3087 3695 ἐνεδίδου
3119 3644 3215 3715 τῆς
3262 3646 3665 3718 ἀθυροστομίας
3713 3653 3853 3721 μηδὲ
3885 3655 3988 3707 τοῦ

2402 3728 2715 3801 τωθασμοῦ,
2747 3732 2861 3785 ἀλλ’
2916 3728 3029 3786 οἷόν
3077 3753 3158 3797 τις
3193 3738 3468 3805 κυματίας
3519 3741 3701 3794 πᾶσαν
3731 3742 3985 3813 ἀκαίρως

2407 3820 2520 3873 ἰλὺν
2566 3823 2860 3893 ἐξέδρασεν
2890 3827 3169 3896 ποταμὸς,
3201 3829 3466 3899 ἠπείλησε
3510 3831 3589 3901 τῷ
3612 3832 3804 3886 Λέοντι
3840 3853 3986 3888 παν-

2401 3911 2598 3967 ιὶιλειαν
2612 3917 2707 3969 καὶ
2733 3916 2816 3987 (Ρ.
2838 3916 2930 3989 22)
2958 3919 3071 3973 ἄλλ’
3091 3919 3230 3974 ἅττα
3247 3921 3417 3991 θυμὸς
3434 3924 3698 3994 ἐτρέφετο
3710 3943 3859 3997 επονη
3868 3930 3985 3999 ρος,

2401 4006 2750 4077 ἀνεπέμπετο
2805 4010 2863 4063 δὲ
2912 4010 3085 4064 ταῦτα
3138 4013 3275 4083 πρὸς
3315 4014 3579 4084 βασιλέα,
3630 4011 3986 4089 ἀνάρπαστο,

2400 4096 2612 4165 γίνεται
2643 4098 2703 4163 ἐξ
2732 4099 2901 4168 αὐτῆς
2920 4141 2934 4166 ,
2970 4101 3066 4154 καὶ
3092 4102 3243 4165 τέλος
3270 4104 3381 4155 τῶν
3415 4105 3748 4175 ἐλεγχόντων
3778 4109 3848 4161 τὰ
3881 4111 3986 4179 τῆς

2402 4192 2738 4261 κατηγορίας
2764 4209 2893 4245 κατε
2905 4193 3250 4263 μπεδούντων
3277 4197 3629 4251 κατατίθεται
3659 4202 3985 4270 τυραννίδος

2400 4282 2646 4336 ἐπίθεσιν
2680 4283 2956 4354 μελετῶν.
3022 4286 3236 4358 Ἡμέρα
3269 4283 3336 4358 ἦν
3374 4289 3678 4359 προτεραία
3714 4292 3818 4361 τῆς
3857 4297 3985 4348 καθ’

2402 4376 2548 4445 ἡμᾶς
2570 4373 2665 4427 τοῦ
2694 4374 2869 4442 Λόγου
2914 4375 3151 4447 Χριστοῦ
3180 4377 3275 4430 τοῦ
3314 4378 3450 4432 Θεοῦ
3483 4381 3645 4449 ήμῶν
3683 4382 3985 4453 ἐπιδημίας

2400 4481 2460 4517 τε
2494 4464 2586 4516 καὶ
2619 4463 2969 4535 σαρκώσεως.
3008 4467 3161 4520 Ἐπεὶ
3188 4467 3325 4536 ,γοῦν
3354 4470 3622 4524 πάντοθεν
3652 4474 3986 4545 κατάφωρος

724 4566 874 4619 tibus
923 4561 1186 4617 affectatae
1246 4558 1547 4630 tyrannidis
1583 4571 1647 4611 ac
1680 4557 1984 4626 maiestatis
2023 4571 2150 4610 rens
2202 4556 2298 4610 de-

2406 4553 2696 4623 ἐγεγένητο
2730 4554 2894 4606 αὐτοῦ
2932 4553 3026 4607 τοῦ
3058 4555 3319 4624 βασιλέως
3354 4559 3412 4611 ἐν
3448 4562 3559 4623 τοῖς
3590 4561 3988 4632 ἀσηκρητείοις

723 4656 987 4711 Cernitur.
1013 4652 1194 4708 Pridie
1243 4651 1450 4718 Christi
1486 4650 1643 4704 \‘erbi
1694 4648 1869 4703 nostri
1894 4647 2089 4702 natalis
2110 4646 2297 4702 istharc

726 4745 1049 4815 agebantur.
1082 4742 1223 4809 Quia
1261 4756 1391 4814 ergo
1426 4744 1633 4796 crimen
1656 4740 1898 4809 undique
1952 4739 2296 4809 exploratum

724 4848 862 4901 erat,
892 4836 1012 4907 ipso
1040 4833 1222 4890 Leone
1250 4835 1303 4888 in
1357 4832 1778 4889 secretariorum
1811 4832 1925 4886 aede
1962 4846 2062 4902 pro
2115 4829 2301 4885 tribu—

726 4929 836 4984 nali
861 4942 1081 4984 causam
1113 4936 1496 4997 cognoscente,
1519 4924 1627 4996 35
1663 4941 1763 4979 nec
1796 4924 1940 4978 ullus
1995 4923 2177 4993 cmtgii
2216 4923 2297 4977 lo-

725 5029 1004 5089 cus.erat,
1034 5018 1280 5087 capitalis
1314 5021 1365 5071 in
1406 5032 1529 5072 eum
1563 5018 1740 5072 fertur
1766 5018 2077 5082 sententia;
2114 5032 2212 5071 nec
2242 5024 2301 5069 ut

724 5110 921 5179 quovis
968 5109 1131 5162 modo
1169 5112 1285 5161 neci
1323 5108 1501 5170 detur,
1546 5110 1640 5162 sed
1673 5116 1734 5161 ut
1786 5108 1889 5162 sub
1937 5108 2113 5175 ipsum
2146 5105 2292 5175 prin-

723 5202 863 5271 cipis
889 5209 1241 5267 conspcctum
1274 5213 1338 5251 ac
1361 5198 1509 5253 velut
1536 5198 1652 5267 ipso
1693 5213 1881 5252 coram
1906 5207 2153 5258 auctore,
2184 5198 2298 5250 sive

721 5294 818 5347 ira
850 5289 1077 5345 aﬂ‘ectus
1102 5290 1181 5343 sic
1235 5288 1563 5358 impulerat,
1618 5288 1733 5343 sive
1788 5289 1924 5359 alias
1959 5289 2297 5343 immanitate

723 5398 845 5439 sese
874 5382 1208 5444 oblectabat,
1240 5395 1436 5449 nempe
1466 5388 1526 5433 ut
1550 5379 1605 5433 in
1634 5378 1862 5449 palatini
1897 5378 2075 5433 balnei
2120 5382 2295 5434 eam:-

723 5492 855 5530 num
901 5475 1281 5545 proﬁceretur,
1327 5475 1438 5528 acri
1483 5473 1595 5528 illic
1626 5472 1847 5527 ﬂamma
1899 5472 2293 5527 absumendus.

722 5571 1009 5629 Decretum
1058 5580 1178 5625 erat
1212 5587 1227 5635 ;
1267 5571 1381 5639 ipse
1433 5569 1715 5638 tragtedize
1744 5569 2020 5637 inspector
2074 5567 2291 5622 futurus

720 5663 832 5719 Lvo
862 5663 1246 5733 pnecurrehat.
1276 5662 1390 5716 Sub
1422 5662 1537 5716 haec
1567 5670 1746 5715 autem
1775 5659 2084 5716 Theodosia
2129 5675 2290 5721 uxor.

719 5754 1003 5810 Arsaberis
1037 5755 1167 5818 lilia,
1194 5754 1396 5807 inculto
1429 5751 1614 5805 habitu
1646 5761 1954 5821 temercque
1990 5752 2105 5821 ipsa
2163 5767 2293 5821 pro—

721 5863 904 5914 ruens,
946 5845 1275 5902 Baccltantis
1314 5862 1461 5901 more
1495 5844 1793 5900 furibundo
1824 5855 1971 5899 motu
2034 5859 2153 5899 sese
2184 5844 2294 5913 agi-

2402 4642 2771 4712 ὲξετάζοντος,
2809 4649 2904 4699 καὶ
2928 4646 3173 4718 δρασμὸς
3206 4648 3313 4701 τῶν
3343 4650 3723 4721 τολμηθέντων
3755 4654 3859 4707 οὐκ
3893 4652 3988 4727 ἦν,

2402 4737 2935 4805 καταχειροτονεῖται
2964 4738 3063 4807 τὴν
3103 4739 3195 4790 ἐπὶ
3237 4738 3488 4804 θάνατον,
3519 4741 3616 4795 καὶ
3658 4741 3893 4796 θάνατον
3923 4751 3988 4800 οὐ

2400 4827 2613 4898 τόνδεῆ
2654 4827 2837 4895 τόνδε,
2891 4829 3006 4881 ἀλλ’
3049 4829 3117 4881 ἵν’
3146 4829 3243 4900 ἔχῃ
3293 4831 3386 4883 καὶ
3422 4832 3514 4885 τὸν
3558 4832 3785 4903 βασιλέα
3817 4838 3988 4890 αὑτὸν

2402 4918 2604 4989 θεατήν
2634 4936 2691 4973 τε
2723 4921 2819 4973 καὶ
2851 4920 3174 4991 αὐτουργὸν,
3226 4921 3335 4974 εἴτε
3367 4922 3447 4993 τῷ
3488 4923 3649 4977 πάθει
3680 4928 3778 4994 τῆς
3811 4926 3956 4997 ὀργῆ
3975 4949 3986 4990 ς

2401 5012 2793 5083 ὲκνικώμενον,
2839 5014 2940 5067 εἰτ’
2984 5014 3159 5079 ἄλλως
3204 5018 3272 5087 τῇ
3323 5016 3569 5087 ὠμότητι
3625 5020 3985 5089 ἐφηδόμενον,

2402 5107 2543 5160 κατά
2577 5107 2678 5178 τὴν
2710 5106 2805 5160 τοῦ
2837 5106 3125 5177 βασιλικοῦ
3162 5108 3449 5179 βαλανείου
3484 5111 3716 5180 κάμινον
3741 5111 3985 5181 δριμέως

2401 5201 2695 5270 ἐκριφῆναι
2724 5201 2898 5272 πυρὸς
2933 5202 3362 5272 παραδόσκημα.
3401 5203 3626 5274 Ὠριστο
3657 5204 3854 5268 ταῦτα,
3890 5208 3986 5258 καὶ

2399 5292 2561 5353 αὐτὸς
2589 5292 2850 5362 προέθεεν
2891 5294 2960 5345 τὰ
2994 5293 3089 5346 τοῦ
3128 5293 3407 5364 δράματος
3434 5294 3792 5365 ἐποψόμενος.
3843 5296 3985 5349 Ἀλλ’

2400 5382 2433 5453 ἡ
2474 5382 2665 5436 τούτου
2709 5384 2942 5451 σύζυγος
2974 5385 3253 5454 (Θεοδοσία
3304 5382 3410 5457 ἦν,
3463 5386 3524 5440 τὸ
3555 5386 3651 5441 τοῦ
3704 5388 3983 5461 ’Δρσοδὴί

2400 5474 2734 5545 θυγάτριον)
2776 5476 3166 5531 ἀνασπούδασα
3205 5479 3298 5531 καὶ
3328 5479 3404 5541 ὡς
3437 5479 3599 5548 ἔτυχε
3638 5480 3836 5531 θέουσα
3857 5519 3873 5541 ,
3907 5480 3984 5543 ὡς

2399 5566 2462 5618 ἐκ
2493 5583 2637 5629 τινος
2668 5567 2928 5637 βακχείας
2975 5568 3411 5640 ἐξοιστρηθεῖσα,
3447 5571 3753 5623 ἁπέσπευδε
3790 5571 3983 5624 τοῦτοι.

2398 5661 2495 5714 καὶ
2528 5661 2630 5730 τῆς
2662 5660 2843 5730 ὁρμῆς
2891 5662 3291 5730 ἐγκατέπαυεν,
3330 5663 3605 5736 ἀλάστορα
3639 5664 3731 5717 καὶ
3780 5663 3981 5733 θεομά-

2398 5770 2492 5822 χον
2527 5752 2879 5807 ἀποκαλοῦσα
2905 5794 2918 5816 ,
2951 5748 3031 5816 οἷς
3056 5753 3178 5808 οὔτε
3208 5756 3307 5825 τὴν
3340 5756 3555 5826 ἡμέραν
3586 5755 3707 5824 ἄγει
3738 5756 3823 5807 διὰ
3860 5773 3980 5821 φεμ

2400 5843 2545 5909 δοῦς,
2576 5844 2669 5897 τοῦ
2703 5845 2848 5897 θείου
2877 5846 3087 5915 μέλλων
3117 5846 3367 5915 σώματος
3392 5850 3700 5916 μετασίεῖν.
3742 5847 3979 5903 Ἐκθειόι
