4158 6442
702 310 765 371 5i
1838 307 1883 364 Τ
1890 303 2347 365 HEOPHANES
2366 301 2921 362 CONTINUATUS.
3896 301 3961 362 52

701 435 831 495 petu
899 424 1103 479 induta
1158 421 1483 476 recordatio.
1548 420 1679 485 Qua-
1735 417 1918 469 omnia
1977 430 2283 483 congcrens

2403 413 2508 465 ιετό
2536 430 2595 465 τε
2622 412 2699 481 τῷ
2728 412 2838 464 δέει
2868 412 2961 465 καὶ
2987 412 3084 483 τὴν
3122 412 3301 481 ψυχὴν
3330 412 3676 482 ἑκυμαίνετο,
3710 414 3789 482 τῷ
3818 413 3966 482 Cum?

701 529 848 572 metu
898 512 1334 577 concutiebatur,
1385 510 1677 579 animoque
1724 507 2017 571 ﬂuctuans,
2065 521 2283 561 omnem

703 609 883 665 noctis
910 622 1162 662 somnum
1191 604 1426 659 invisum
1462 602 1717 657 habebat.
1747 599 2115 665 Quamobrem
2151 614 2282 668 pro-

703 700 871 754 funda
911 699 1021 767 jam
1060 706 1241 759 nocte,
1288 693 1557 763 ejusmodi
1591 693 1883 745 consilium
1930 690 2108 744 iuicns
2139 689 2283 759 quod

703 800 953 855 sagacem
985 784 1157 854 magis
1184 785 1582 853 exploratorem
1610 792 1785 849 quam
1809 780 2153 847 imperatoria
2183 779 2288 833 ful—

703 887 917 942 gentem
958 876 1223 946 dignitate
1268 874 1508 937 deceret,
1538 882 1798 942 perrupta
1829 872 2043 941 portula
2076 886 2182 940 qua
2219 870 2286 924 ad

708 965 927 1036 papiam
966 966 1187 1035 patebat
1215 965 1314 1018 iter
1340 964 1563 1034 (quippe
1610 964 1701 1033 qui
1736 962 1991 1016 manibus
2023 962 2288 1017 robustis-

703 1058 876 1113 simus
905 1058 1042 1127 erat)
1070 1059 1134 1111 ad
1181 1072 1305 1110 eum
1342 1072 1516 1125 usque
1554 1056 1841 1125 processit.
1873 1052 1944 1107 Ut
1974 1062 2155 1108 autem
2189 1054 2287 1108 do-

704 1167 852 1205 mum
888 1152 1170 1219 ingressus
1199 1159 1301 1213 est,
1344 1150 1584 1209 occurrit
1628 1147 1998 1218 spectaculum
2031 1151 2177 1217 quod
2212 1149 2285 1201 illi

705 1244 848 1297 haud
892 1244 1168 1311 vulgarem
1224 1253 1427 1295 metum
1479 1258 1543 1294 ac
1581 1250 1857 1310 stuporem
1915 1240 2120 1308 injecit.
2153 1240 2286 1294 Nam

707 1349 862 1388 reum
898 1334 1115 1401 quidem
1152 1335 1203 1387 in
1243 1334 1417 1401 papizc
1449 1332 1645 1384 lcclulo
1674 1331 1892 1401 egregio
1920 1332 2090 1394 cultu,
2113 1332 2287 1401 ipsum

703 1442 837 1480 vero
862 1427 1077 1497 papiam
1108 1427 1254 1480 lmmi
1287 1427 1646 1479 dormientem
1677 1419 1902 1478 invenit.
1933 1426 2071 1478 Tum
2097 1442 2291 1480 manus

706 1517 956 1574 Michaeli
986 1528 1254 1587 caputque
1286 1535 1349 1573 ac
1379 1534 1565 1571 aurem
1601 1517 1877 1583 admovet,
1909 1532 2071 1571 nosse
2100 1518 2291 1570 volens

706 1624 860 1674 num,
891 1608 1033 1678 quod
1090 1610 1266 1663 solent
1307 1608 1453 1661 anxii
1504 1607 1642 1661 etin
1678 1606 1798 1659 vitae
1845 1607 2139 1661 discrimen
2191 1606 2291 1659 ad-

704 1699 873 1767 ducti,
902 1701 1051 1755 curis
1084 1702 1320 1755 solutum
1353 1713 1707 1767 suavemque,
1734 1714 1801 1751 an
1840 1713 1969 1752 vero
1999 1697 2290 1753 sollicitum

2388 505 2530 559 κατὰ
2560 506 2658 576 τὴν
2697 504 2867 558 νύκτα
2903 505 3366 576 ἀπεχθανόμενος.
3405 505 3567 559 Ὅθεν
3610 503 3966 575 ἀκμαζούσης

2387 599 2581 661 νυκτὸς
2626 597 2914 668 σοφώτερα
2964 599 2996 667 ἢ
3050 598 3448 668 βασιλικώτερα
3503 598 3966 667 βουλευσάμενος,

2386 689 2485 752 τὰς
2517 691 2609 743 ἐπὶ
2659 690 2750 742 τὸν
2786 690 2997 744 παπίαν
3044 689 3315 759 φερούσας
3348 690 3571 753 πυλίδας
3604 688 3957 760 καταρῤἀξας

2388 782 2505 853 (καὶ
2532 781 2641 853 γὰρ
2668 777 2735 854 ἦν
2756 782 3014 853 εύσθενὴς
3038 782 3115 837 τὼ
3144 782 3314 853 χεῖρε)
3340 785 3438 855 τὴν
3468 783 3555 837 ἐπ’
3580 784 3745 837 αὑτὸν
3769 784 3963 853 intra:

2390 874 2634 944 πρόοδον.
2703 876 2789 937 Ὠς
2830 875 2886 928 δὲ
2936 876 3078 930 κατὰ
3110 876 3172 929 τὸ
3216 876 3485 945 δωμάτιον
3536 876 3742 945 εἰσῄει,
3788 876 3971 945 Θέαμσι

2388 969 2491 1039 ὁρᾷ
2519 969 2599 1031 εἰς
2625 968 2887 1038 ἔκπληξιν
2915 969 2974 1020 ού
3001 969 3099 1039 τὴν
3125 969 3398 1039 τυχοῦσαν
3426 970 3557 1037 ἆγον
3585 970 3747 1022 αὐτόν
3772 986 3786 999 ·
3828 966 3971 1021 εἶδεν

2391 1058 2501 1127 γὰρ
2544 1059 2637 1111 τὸν
2670 1059 2769 1127 μὲν
2802 1058 3134 1128 κατάκριτον
3167 1061 3224 1112 ὲν
3272 1059 3530 1130 σκίμποδι
3566 1061 3643 1128 τῷ
3673 1061 3768 1112 τοῦ
3818 1079 3971 1113 παπ-

2390 1150 2518 1203 πίου
2551 1152 2892 1221 περιδεξίως,
2932 1153 3024 1204 τὸν
3056 1153 3115 1204 δὲ
3157 1152 3417 1205 παππία-ι
3467 1154 3552 1204 ἐπ’
3586 1153 3815 1219 ἐδάφους
3860 1170 3975 1205 κοι-

2395 1242 2646 1312 μώμενον
2698 1242 2974 1313 εὕρισκεν.
3039 1244 3149 1303 Τὰς
3208 1246 3399 1314 χεῖρας
3458 1246 3630 1313 ἐπῆγε
3683 1246 3821 1312 πρὸς
3884 1244 3977 1295 τὶν

2393 1335 2614 1404 Μιχαὴλ
2648 1338 2742 1386 καὶ
2765 1335 2864 1405 τὴν
2896 1338 3161 1407 κεφαλῆνς
3194 1338 3384 1406 μαθεῖν
3411 1337 3737 1406 βθυλδίίιενθς
3763 1338 3811 1387 εἰ
3842 1338 3974 1405 δίεπ’

2391 1429 2529 1496 ὅπερ
2560 1429 2674 1489 τοῖς
2717 1428 2775 1478 ὲν
2808 1431 3065 1498 συμφορᾷ
3103 1429 3493 1492 ἐπακολουθεῖ,
3541 1428 3803 1498 ἄφροντίν
3856 1444 3977 1478 τινα

2394 1518 2487 1568 καὶ
2537 1516 2669 1586 ἡδὺν
2717 1517 2750 1585 ἢ
2792 1518 3142 1586 ὲμμέριμνον
3198 1519 3367 1572 ὕπνον
3421 1521 3515 1571 καὶ
3570 1518 3981 1585 κεκολασμένω

2395 1607 2667 1662 καθεύδει.
2715 1608 2803 1671 Ὡς
2848 1610 2895 1661 δ’
2924 1605 3083 1679 εὗρεν
3118 1612 3307 1664 ἄνετον
3342 1614 3435 1664 καὶ
3483 1612 3661 1680 πάσης
3695 1611 3981 1677 ἀπηλλαγ-

2399 1702 2560 1771 μένον
2596 1702 2870 1772 μερίμνης
2917 1703 3060 1769 (ούδὲ
3112 1705 3219 1771 γὰρ
3251 1706 3359 1756 οὐδ’
3408 1704 3771 1773 ἐπαφώμενος
3816 1703 3985 1756 aut?»

706 1802 772 1839 ac
801 1788 1122 1855 castigatum
1144 1803 1404 1840 somnum
1442 1788 1686 1841 duceret.
1712 1785 1815 1841 Ubi
1846 1798 2024 1841 autem
2058 1787 2292 1841 solutum

2403 1792 2725 1862 διύπνισεν),
2764 1795 2988 1864 μείζονα
3011 1796 3103 1848 τὸν
3132 1795 3303 1864 θυμὸν
3334 1796 3528 1865 ἔθρεψε
3558 1800 3670 1858 τοῖς
3698 1796 3793 1848 ἀπ’
3827 1795 3986 1847 ἐλπί-

707 1877 952 1945 nihilque
1005 1878 1305 1935 sollicitqu
1359 1889 1523 1947 atque
1574 1879 1799 1932 anxium
1834 1880 1943 1937 alto
1977 1878 2289 1934 demersum

706 1985 905 2037 sopore
936 1970 1161 2025 olleudit
1195 1974 1345 2036 (nam
1381 1987 1476 2025 nec
1508 1971 1899 2025 coutrectando
1930 1986 2187 2026 somnum
2214 1972 2291 2026 illi

706 2064 1066 2128 rxcusserat),
1102 2063 1395 2131 insperatis
1426 2063 1578 2117 hisce
1627 2064 1958 2132 spectaculis
1987 2066 2170 2120 acrius
2204 2065 2292 2119 in-

708 2167 868 2207 censa
900 2153 1012 2223 38
1046 2154 1126 2208 ira
1156 2154 1407 2218 discedit,
1428 2170 1537 2207 non
1567 2155 1743 2208 solum
1786 2156 1882 2221 illi,
1908 2156 2002 2210 sed
2034 2166 2087 2211 et
2122 2158 2294 2227 papiee

709 2242 888 2298 dirum
916 2245 1143 2299 exiliunt
1172 2246 1452 2300 minitans.
1480 2244 1589 2301 Nec
1633 2262 1693 2300 ea
1737 2263 1829 2302 res
1862 2250 2077 2318 papiam
2109 2250 2286 2316 latuit,

704 2350 773 2388 co
799 2337 944 2405 quod
970 2337 1189 2406 quidam
1218 2353 1314 2406 pro
1339 2337 1620 2393 Michaelis
1644 2338 1841 2392 lectulo
1880 2340 2287 2409 excubantium,

709 2444 772 2481 ex
839 2429 1126 2483 cothurnis
1200 2429 1445 2496 puniceis
1508 2429 1850 2498 deprehenso
1919 2430 2286 2499 imperatore,

2392 1885 2482 1948 δος
2524 1886 2737 1948 τούτοις
2771 1885 3034 1955 θεάμασι,
3092 1887 3175 1959 [Ρ.
3211 1887 3304 1958 24]
3352 1889 3447 1940 καὶ
3478 1889 3650 1940 δεινὸν
3678 1888 3846 1957 ἀπῄει
3881 1889 3990 1939 οὐκ

2395 1975 2551 2046 αύτῷ¹
2566 1977 2745 2047 μόνον,
2769 1976 2904 2029 ἀλλὰ
2939 1981 3031 2029 καὶ
3058 1980 3135 2047 τῷ
3160 1980 3387 2050 παππία
3406 1981 3655 2033 ὲνσείων.
3684 1981 3801 2033 οὐκ
3821 1980 3990 2032 ἔλαθε

2393 2067 2525 2135 γοῦν
2569 2068 2743 2121 ταῦτα
2772 2071 2884 2131 τοῖς
2928 2071 3055 2139 περὶ
3099 2072 3192 2122 τὸν
3242 2071 3708 2134 παππίαν,ἀλλά
3737 2089 3822 2134 τις
3876 2071 3992 2124 τῶν

2396 2160 2707 2227 προκοίτων
2755 2160 2851 2212 τοῦ
2901 2161 3121 2230 Μιχαὴλ
3168 2164 3232 2213 ὲκ
3272 2162 3382 2214 τῶν
3413 2161 3676 2231 φοινικῶν
3716 2162 3992 2232 φωρασάν-

2398 2266 2560 2320 μενος
2619 2251 2981 2319 ὑποδημάτων
3032 2251 3338 2319 ἀπήγγειλε
3396 2253 3575 2305 πάντα
3620 2251 3829 2318 σαφῶς.
3889 2245 4000 2312 Οἷς

2398 2341 2659 2405 ἐκπαθεῖς
2704 2345 2991 2411 γενόμενοι
3035 2346 3128 2395 καὶ
3167 2344 3367 2414 ἀμάχῳ
3408 2344 3519 2396 δέει
3552 2343 3995 2415 περιληφθέντες

2398 2433 2593 2506 βουλὴν
2625 2435 2885 2507 ἐξήρτυον
2918 2438 3105 2500 αὐτοῖς
3136 2437 3234 2507 τὴν
3275 2438 3565 2507 σωτήριον.

709 2527 901 2572 euneta
953 2520 1099 2573 clare
1151 2519 1514 2574 nuntiaverat.
1565 2519 1778 2585 Quibus
1835 2519 1911 2573 illi
1951 2520 2278 2589 gravissime
2314 2525 2519 2580 turbati
2574 2537 2835 2597 metuque
2862 2528 3102 2583 maxime
3136 2529 3442 2595 conterriti,
3503 2529 3647 2599 quod
3674 2530 3757 2584 eis
3821 2528 3994 2584 saluti

713 2617 870 2683 foret,
903 2617 954 2671 id
991 2632 1115 2671 vero
1142 2616 1469 2670 deliberant.

780 2712 874 2765 ‘25.
913 2709 1032 2763 Jam
1082 2713 1319 2779 primum
1360 2710 1755 2772 dilucescebat,
1802 2710 2131 2781 simulatque
2188 2712 2291 2767 Mi-

711 2806 864 2860 chael
890 2805 1166 2858 adluerere
1201 2804 1302 2857 sibi
1344 2804 1529 2857 animo
1557 2806 1750 2859 sordes
1779 2805 2012 2874 aliquas,
2037 2821 2173 2875 quas
2201 2823 2295 2877 per

714 2897 1125 2958 Tbeoctistum,
1165 2911 1326 2965 quem
1356 2906 1407 2948 et
1444 2906 1630 2965 postea
1664 2898 1877 2952 caniclii
1914 2899 2174 2966 dignitate
2202 2916 2292 2953 or-

715 2993 886 3055 nmit,
922 2990 1303 3060 religiosorum
1334 2989 1577 3044 virorum
1612 2991 1843 3059 cuipiam
1880 2992 2010 3045 velit
2058 2992 2295 3060 aperire.

715 3081 975 3136 Permisit
1003 3082 1317 3148 imperator,
1346 3080 1577 3150 ejusque
1609 3082 1684 3135 rei
1720 3082 1992 3136 licentiam
2022 3082 2166 3138 fecit.
2189 3085 2298 3138 Ait-

2468 2714 2566 2770 κε’.
2604 2715 2749 2778 ’Έως
2794 2713 2919 2784 ἄρτι
2940 2714 3282 2784 ὑπέλαμπεν,
3314 2715 3409 2767 καὶ
3436 2715 3634 2783 σκῆψις
3670 2716 3882 2781 γίνεται
3911 2717 3998 2783 τῷ

2397 2804 2640 2874 Μιχαὴλ,
2696 2803 2937 2873 ψυχικάς
2999 2823 3152 2868 τινας
3200 2805 3424 2873 κηλῖδας
3478 2805 3842 2874 ὲπαγομὲνῳ,
3899 2808 3999 2858 διὰ

2398 2896 2746 2959 Θεοκτίστου,
2774 2898 2833 2949 ὃν
2858 2898 2952 2949 καὶ
2976 2897 3115 2966 μετὰ
3147 2897 3322 2949 ταῦτα
3345 2895 3532 2960 τῷτοῦ
3559 2897 3873 2949 κανικ).είου
3904 2915 4001 2949 τε-

2397 2992 2631 3060 τίμηκεν
2663 2988 2960 3058 ἀξιώματι,
2994 2989 3200 3052 ταύτας
3234 2989 3523 3058 βούλεσθαί
3557 3007 3665 3041 τινι
3700 3006 3993 3057 προσανα-

2402 3081 2588 3133 θέσθαι
2614 3080 2721 3132 τῶν
2755 3079 3038 3148 θεοφιλῶν.
3072 3080 3483 3151 Ἐπετέτραπτο
3499 3078 3631 3145 γοῦν
3659 3080 3755 3131 καὶ
3784 3096 3998 3145 συγκε-

714 3191 821 3243 que
859 3172 1083 3229 Michael
1130 3172 1446 3227 Theoctisto
1479 3191 1491 3225 :
1527 3172 1665 3227 Sane
1696 3176 1990 3243 conjuratis
2045 3175 2299 3230 denuntia

2404 3173 2618 3243 χώρητο
2655 3173 2826 3226 ταῦτα
2852 3174 3003 3241 παρὰ
3040 3172 3328 3242 βασιλέως.
3360 3175 3470 3225 Καὶ
3501 3175 3596 3240 ὅγε
3627 3173 3689 3241 δή
3715 3190 3884 3241 φησιν
3917 3174 4002 3241 τῷ

716 3280 906 3321 cuncta
941 3284 1023 3320 me
1052 3267 1366 3333 imperatori
1397 3267 1781 3333 indicaturum,
1835 3270 1889 3321 ni
1932 3273 2136 3322 strenui
2174 3271 2300 3339 quid

719 3362 992 3414 molientes
1027 3359 1090 3413 ab
1130 3360 1229 3411 Imc
1258 3376 1337 3413 me
1368 3371 1547 3421 morte_
1584 3378 1648 3413 ac
1694 3377 1904 3415 carcere
1932 3363 2299 3417 liberaveritis.

722 3454 815 3509 llis
838 3469 997 3523 porro
1022 3454 1227 3510 auditis
1244 3452 1512 3520 cnnjurati
1543 3454 1649 3507 tale
1670 3454 1798 3525 quid
1821 3456 2031 3511 consilii
2060 3464 2299 3511 struunt.

721 3547 888 3602 lloris
916 3556 1032 3602 erat
1066 3555 1123 3600 ut
1152 3562 1305 3600 sacer
1330 3546 1531 3611 clerus,
1562 3561 1669 3600 non
1700 3556 1757 3600 ut
1788 3548 1948 3601 modo
1979 3549 2120 3602 intra
2152 3549 2304 3618 pala-

721 3642 856 3694 tium
893 3640 1058 3709 (quod
1089 3638 1286 3694 exinde
1316 3654 1489 3707 eaque
1513 3638 1807 3693 occasione
1845 3639 2082 3709 primum
2116 3640 2305 3693 indue-

723 3745 836 3788 tum
865 3733 992 3801 est),
1019 3733 1112 3787 sed
1140 3733 1381 3801 quisque
1401 3746 1586 3785 secum
1609 3730 1756 3785 domi
1782 3740 2047 3789 maneret.
2078 3742 2305 3801 tumque

724 3827 945 3880 ineunte
970 3826 1123 3879 tertia
1158 3825 1339 3894 vigilia
1385 3825 1450 3879 ad
1484 3825 1780 3879 eburneam
1826 3833 2039 3894 portam
2073 3839 2305 3893 congre-

725 3925 1004 3986 garentur,
1042 3916 1301 3970 reddituri
1358 3916 1590 3970 Domino
1625 3915 1730 3970 Deo
1763 3916 2063 3970 matutinas
2098 3916 2301 3970 laudes.

728 4010 824 4062 llis
855 4009 1124 4077 coniurati
1156 4025 1275 4063 sese
1299 4009 1736 4073 commisccutes,
1763 4009 2092 4078 pugionibus
2118 4009 2307 4063 subter

727 4102 923 4153 axillas
956 4101 1268 4166 occultatis,
1301 4117 1425 4154 cum
1456 4116 1553 4167 per
1579 4102 1833 4156 tenebras
1863 4116 1925 4154 ac
1954 4100 2306 4155 sacerdotali-

730 4195 829 4246 bus
863 4192 1045 4247 amicti
1088 4193 1330 4247 vestibus
1377 4193 1688 4255 latuissent,
1726 4208 1831 4245 una
1861 4193 2029 4246 libere
2074 4191 2303 4262 ingressi

729 4285 898 4353 inque
911 4299 1021 4338 uno
1048 4284 1285 4353 quodam
1314 4284 1550 4338 obscuro
1580 4283 1703 4338 loco
1724 4284 2067 4338 subsidentes
2089 4284 2303 4353 signum

726 4377 1137 4445 esstiectabant.
1176 4373 1386 4444 Hymno
1415 4376 1599 4444 itaque
1641 4376 1941 4445 persoluto,
1970 4391 2095 4431 cum
2132 4375 2304 4442 impc-

2404 3266 2707 3334 Θεοκτίστῳ
2748 3264 2880 3329 Τοῖς
2906 3265 3051 3333 ἡμῖν
3078 3268 3545 3333 κεκοτηιινηκόσιι
3568 3264 3677 3331 τῆς
3716 3265 4005 3332 πράξεως

2406 3356 2604 3409 πάντα
2648 3356 2918 3409 ἀνειπεῖν
2956 3356 3249 3409 διηπείλει
3275 3354 3355 3420 τῷ
3402 3355 3676 3420 βασιλεῖ,
3712 3358 3762 3407 εί
3802 3355 3891 3423 μή
3942 3373 4002 3407 τι

2406 3448 2649 3518 γένηται
2678 3448 2812 3516 παρ’
2862 3448 3030 3517 ὑμῶν
3068 3448 3371 3515 γενναῖον,
3415 3449 3632 3503 τούτου
3644 3465 3722 3516 με
3770 3447 4003 3503 διασῶ-

2409 3541 2510 3603 ζον
2550 3542 2658 3595 τοῦ
2698 3541 2959 3595 θανάτου
2988 3542 3085 3593 καὶ
3118 3541 3237 3608 τῆς
3262 3542 3521 3609 εἱρκτῆς.
3565 3542 3676 3595 Καὶ
3756 3543 3806 3593 οί
3864 3558 4003 3593 συν-

2406 3635 2640 3699 ωμόται,
2665 3634 2740 3697 ὡς
2760 3635 2939 3709 ταῦτα.
2967 3634 3279 3703 διήκουσαν,
3317 3634 3513 3703 βουλὴν
3549 3633 3808 3703 τοιαύτην
3860 3636 4004 3703 aufr—

2410 3729 2705 3801 ῥάπτουσιν
2728 3745 2742 3759 ·
2772 3728 2932 3791 Ἐθος
2962 3723 3030 3796 ἦν
3058 3726 3136 3796 τῷ
3166 3726 3352 3795 κλήρῳ
3377 3726 3455 3795 τῷ
3492 3724 3621 3795 ίερῷ
3654 3726 3753 3793 οὐχ
3787 3726 3868 3787 ώς
3902 3726 4005 3777 νῖν

2408 3822 2558 3875 ἔνδον
2591 3823 2702 3883 τοῖς
2727 3820 3044 3891 βασιλείοις,
3069 3817 3255 3871 ἔκτοτε
3281 3817 3445 3873 λαϐἰν
3475 3818 3574 3886 τὴν
3603 3817 3800 3886 ἀρχὴν,
3832 3834 4007 3886 προσ-

2412 3918 2596 3985 μένειν
2648 3915 2739 3968 διά
2762 3915 2979 3979 νυκτὸς,
3009 3914 3146 3967 ἀλλά
3198 3914 3311 3975 τοῖς
3342 3912 3495 3979 σφῶν
3522 3911 3715 3973 οἴκοις,
3747 3911 3878 3979 ἄρτι
3945 3912 4007 3963 δὲ

2407 4008 2595 4077 τρίτης
2646 4006 2960 4079 ἀρχομένης
3010 4006 3257 4074 φυλακῆς
3297 4002 3441 4056 κατὰ
3487 4002 3586 4073 τὴν
3636 4002 4007 4070 ἐλεφαντίνην

2411 4096 2852 4167 συναγείρεσθαι,
2882 4096 3194 4163 δοξολογίαν
3248 4092 3628 4155 ἀποδώσοντας
3676 4093 3875 4162 Κυρίῳ
3924 4094 4008 4162 τῷ

2408 4190 2526 4260 Θεῷ
2553 4190 2652 4260 τὴν
2696 4189 2947 4259 ὲωθινήν.
2990 4188 3214 4250 Τούτοις
3243 4189 3297 4240 οἱ·
3341 4186 3651 4256 συνωμόται
3682 4185 3790 4237 ὑπὸ
3819 4186 4011 4255 μάλης

2410 4284 2666 4355 φέροντες
2715 4282 3013 4352 ἐγχειρίδια
3060 4280 3585 4350 ὲγκαταμιχθέντες,
3629 4280 3727 4331 ἅτε
3780 4279 3848 4349 δὴ
3904 4278 4009 4330 καὶ

2409 4380 2586 4450 κνέφᾳ
2613 4379 2707 4432 καὶ
2736 4380 2855 4441 ταῖς
2889 4379 3188 4448 ίερατικαῖς
3233 4376 3486 4436 λαθόντες
3514 4373 3747 4438 στολαῖς,
3778 4390 4009 4425 συνεισ-

729 4478 881 4523 rator
914 4468 1057 4522 baud
1116 4468 1305 4537 procul
1359 4482 1390 4521 a
1438 4468 1760 4523 cantoribus
1812 4469 2167 4530 constitutus,
2198 4467 2299 4537 39

2412 4473 2580 4544 ῄεσαν
2615 4466 2871 4537 ἀφειδῶς,
2904 4470 2961 4520 ἐν
2990 4485 3094 4520 τινι
3138 4465 3402 4535 σκοτεινῷ
3461 4465 3797 4535 λοχήσαντες
3822 4465 4009 4533 τόπῳ,

730 4561 806 4614 ιιιί
829 4558 1018 4613 crebro
1042 4558 1268 4621 solebat,
1288 4557 1418 4611 illud
1444 4558 1649 4612 moduli
1672 4557 2019 4628 inceptasset,
2047 4559 2311 4629 Sprevere

732 4651 931 4705 summi
957 4657 1151 4704 cuncta
1188 4665 1376 4702 amore
1404 4649 1670 4719 principis
1696 4649 1835 4722 (erat
1861 4652 2005 4705 enim
2038 4668 2102 4705 ex
2132 4650 2311 4704 indole

733 4757 936 4794 canora
977 4756 1133 4807 voce,
1188 4754 1363 4808 eaque
1397 4739 1599 4794 divinis
1658 4740 2007 4796 modulandis
2064 4741 2312 4796 laudibus

732 4836 849 4904 ejus
882 4835 1059 4889 :etatis
1108 4843 1337 4888 cunctos
1380 4834 1641 4889 mortales
1696 4835 1953 4889 suaviore
2014 4834 2309 4903 vincebat),

733 4928 1023 4983 confertim
1065 4927 1335 4992 insiliunt,
1379 4928 1669 4997 primoque
1718 4927 1923 4996 impetu
1976 4942 2041 4981 ac
2092 4941 2312 4997 aggres-

735 5022 889 5075 sione
944 5020 996 5074 in
1029 5021 1159 5075 cleri
1196 5019 1451 5089 prmfecto
1483 5020 1695 5088 decepti
1747 5029 1894 5085 sunt,
1924 5020 2040 5074 sive
2089 5020 2233 5087 quod
2267 5020 2314 5073 is

738 5128 968 5183 corpore
991 5114 1310 5183 imperatori
1344 5129 1604 5182 perquam
1627 5112 1823 5167 similis
1851 5121 1991 5177 erat,
2025 5112 2137 5167 sive
2168 5114 2314 5181 quod

736 5217 904 5276 caput
956 5205 1118 5259 simili
1172 5207 1549 5275 integumento
1588 5204 1929 5258 obduxerat:
1978 5217 2103 5257 eum
2166 5202 2312 5255 enim

741 5314 835 5365 per
892 5298 1086 5352 hiemis
1138 5314 1332 5367 aspera
1390 5299 1582 5366 ingens
1619 5296 1793 5364 frigus
1849 5295 2072 5364 rigeret,
2122 5294 2314 5347 eodem

740 5389 902 5443 ambo
928 5388 1305 5458 integumento
1339 5388 1470 5443 illud
1516 5387 1843 5449 tolerabant,
1872 5384 2195 5439 acutissimo
2231 5384 2316 5438 ui-

744 5477 942 5530 mirum
1004 5478 1149 5547 pileo
1196 5487 1358 5548 caput
1409 5485 1782 5547 contegentes.
1836 5473 1943 5529 Sed
1997 5475 2043 5529 is
2094 5474 2313 5543 quidem

741 5569 886 5638 pileo
914 5569 1078 5639 capiti
1112 5572 1384 5633 detracto,
1418 5579 1636 5625 ostensa
1680 5567 1919 5629 calvitie,
1956 5565 2113 5622 facile
2167 5566 2318 5621 salu-

745 5673 851 5715 tem
879 5662 1134 5730 captavit.
1163 5663 1270 5717 Leo
1302 5672 1483 5716 autem
1514 5663 1568 5716 iu
1596 5661 1788 5714 altaris
1812 5659 2090 5729 penetrale
2118 5673 2177 5713 se
2202 5659 2319 5728 ipse

748 5754 1059 5811 subduccus
1102 5755 1253 5810 irriti-
1295 5764 1492 5812 conatu
1538 5751 1853 5824 praesidium
1888 5751 2103 5820 quaerit.
2149 5747 2312 5803 Tucri

2412 4562 2472 4617 τὸ
2499 4562 2748 4632 σύνθημα
2780 4560 3221 4630 προσδεχόμενοι.
3260 4558 3349 4620 Ὠς
3374 4557 3418 4610 δ’
3438 4559 3466 4610 ὁ
3506 4556 3678 4626 ὕμνος
3707 4555 3997 4623 διεπεραί-

2412 4671 2534 4707 νετο
2588 4653 2685 4705 καὶ
2734 4652 2763 4703 ὁ
2810 4650 3065 4720 βασιλεὺς
3128 4648 3293 4701 αὑτοῦ
3339 4663 3443 4698 που
3502 4645 3729 4710 πλησίον
3753 4639 3825 4714 ἦν
3888 4645 4011 4706 τοῖς

2415 4746 2650 4817 ᾅδουσιν,
2697 4741 3056 4816 προεξάρχων
3108 4740 3371 4801 πολλάκις
3416 4737 3576 4791 τοῦτο
3634 4737 3698 4805 δὴ
3729 4736 3791 4788 τὸ
3844 4737 4012 4805 φίλον

2414 4838 2563 4909 αύτῷ
2603 4837 2686 4901 τὸ,
2721 4837 3102 4897 Παντάνακτος
3154 4832 3511 4900 ἐξεφαύλισαν
3539 4828 3690 4898 πόθῳ
3743 4824 3833 4898 (ἦν
3890 4831 4011 4897 γὰρ

2415 4930 2575 4997 φύσει
2604 4946 2664 4981 τε
2696 4928 2935 4996 εὔφωνος
2986 4928 3080 4980 καὶ
3122 4928 3180 4979 ὲν
3226 4928 3344 4987 ταῖς
3390 4923 3697 4993 μελῳδίαις,
3732 4920 3843 4972 τῶν
3877 4924 4011 4973 κατ’

2416 5023 2591 5074 ὲκεῖνο
2616 5017 2810 5087 καιροῦ
2842 5016 3146 5088 ἀνθρώπων
3192 5015 3502 5085 ἡδύτατος),
3524 5014 3645 5066 τότε
3686 5012 3750 5081 δὴ
3794 5012 4009 5079 εἰσπη-

2415 5114 2677 5183 δήσαντες
2724 5111 2938 5179 ἀθρόως
2999 5110 3064 5162 ὲκ
3119 5109 3219 5177 μὲν
3257 5109 3357 5175 τῆς
3413 5105 3638 5176 πρώτης
3679 5104 4013 5173 ἡμάρτανον

2417 5202 2747 5275 προσϐολῆς,
2784 5201 2921 5273 πρὸς
2956 5200 3045 5252 τὸν
3087 5200 3182 5252 τοῦ
3213 5200 3417 5267 κλήρου
3449 5197 3691 5267 ἔπαρχον
3734 5194 4007 5245 ἀποπλα-

2417 5295 2693 5365 νηθέντες,
2734 5296 2844 5346 εἴτε
2873 5293 2935 5361 δή
2966 5310 3073 5344 τινι
3103 5290 3375 5361 ἐμφερείᾳ
3408 5289 3504 5340 καὶ
3530 5286 3785 5355 σώματος
3814 5284 4013 5353 ὁμοιό-

2416 5404 2564 5454 τητι,
2590 5386 2699 5439 εἴτε
2729 5384 2870 5437 κατὰ
2901 5383 3000 5454 τὴν
3032 5383 3274 5453 κεφαλὴν
3304 5382 3468 5451 ὁμοίᾳ
3512 5377 3777 5449 περιϐολῇ
3814 5395 3828 5407 ⁸
3863 5394 4012 5447 κρυ-

2420 5478 2632 5547 μώδους
2684 5476 2792 5546 γὰρ
2842 5474 3008 5544 οὔσης
3079 5476 3174 5527 καὶ
3227 5472 3509 5544 χειμερίου
3567 5469 3667 5538 τῆς
3711 5467 3869 5535 ὥρας
3925 5468 4016 5520 ἐν).

2418 5570 2791 5641 περιϐλήματι
2863 5566 3168 5637 ἀμφότεροι
3239 5563 3648 5634 διεκαρτέρουν,
3707 5557 3857 5627 πίλῳ
3903 5560 4016 5629 τὴν

2419 5659 2661 5729 κεφαλὴν
2683 5657 2927 5726 ὁξυτάτῳ
2964 5653 3490 5726 περικαλύπτοντες.
3543 5649 3685 5703 Ἀλλ’
3718 5648 3748 5700 ὁ
3783 5647 3891 5717 μὲν
3911 5649 4017 5702 τοῦ

2423 5753 2620 5824 κλήρου
2674 5749 3003 5822 καθηγεμὼν
3041 5750 3129 5803 τὸν
3159 5747 3401 5803 κίνδυνον
3449 5743 3739 5802 ἀπεώσατο
3781 5744 4015 5812 (αὐτίκα
