4158 6442
699 405 765 469 εδ
1866 404 2372 468 THEOPIIANES
2410 400 2742 463 CONTINU
2757 401 2969 462 ATUS.
3900 398 3966 459 56

768 521 824 572 ‘2.
850 516 1076 573 Michael
1108 524 1283 570 autem
1307 531 1336 570 e
1362 516 1541 584 Papia:
1565 516 1809 571 custodia
1834 520 2084 578 eductus,
2103 513 2283 568 adhuc

2456 507 2521 579 β’.
2579 509 2638 563 '0
2672 507 2730 563 δὲ
2762 507 2981 578 Μιχαὴλ
3025 507 3123 576 τῆς
3175 507 3238 558 ἐκ
3287 504 3381 557 τοῦ
3434 504 3689 557 παππίου
3721 508 3965 574 φρουρᾶς

700 612 867 683 pedes
896 610 1046 665 ferro
1075 609 1292 663 vinctus
1320 622 1445 662 cum
1484 615 1631 662 esset
1654 608 1822 676 (quod
1856 607 2065 661 scilicet
2087 605 2278 671 clavis,

702 720 824 775 qua:
858 703 1000 772 apud
1039 700 1277 756 Leonem
1319 700 1662 764 servabatur,
1693 708 1753 753 ut
1782 699 1955 769 magis
1983 699 2164 753 vincto
2190 712 2278 752 ca-

703 805 873 858 veret,
909 793 1139 847 necdum
1187 793 1401 846 inventa
1442 792 1604 861 erat),
1637 791 1690 845 in
1726 794 1876 863 regio
1906 791 2104 845 throno
2149 804 2281 845 con-

705 888 845 941 sedit
880 883 1361 954 omniumquequi
1411 894 1521 938 tum
1558 883 1613 937 in
1644 883 1846 953 palatio
1878 884 2106 937 aderant
2136 881 2280 937 voci-

707 981 808 1033 bus
837 980 1136 1046 imperator
1166 977 1436 1032 salutatus
1467 985 1552 1029 est
1595 991 1660 1030 ac
1690 976 1967 1030 adoratus.
2000 974 2117 1029 Jam
2151 990 2281 1029 vero

702 1070 923 1125 circiter
956 1071 1233 1126 meridiem
1262 1070 1405 1123 fama
1427 1069 1630 1139 ubique
1658 1084 1867 1138 sparsa,
1888 1084 2013 1123 cum
2039 1069 2128 1123 vix
2152 1068 2280 1123 mal-

704 1164 790 1218 leo
819 1166 1108 1234 compedes
1132 1162 1322 1217 dillissi
1356 1170 1579 1227 essent;
1608 1161 1778 1217 illotis
1814 1161 2092 1224 manibus,
2126 1161 2279 1213 nullo

705 1256 797 1311 Dei
826 1268 969 1311 metu
1004 1256 1057 1308 in
1088 1254 1331 1309 animum
1361 1263 1665 1322 assumpto,
1694 1268 1793 1308 nec
1821 1253 1932 1307 ullo
1962 1252 2069 1307 alio
2088 1251 2282 1308 det‘un-

703 1358 826 1404 ctus
866 1348 1077 1402 honesti
1127 1346 1329 1411 olliclo,
1360 1346 1424 1400 ad
1457 1344 1706 1399 divinum
1739 1359 2115 1415 magnumque
2144 1353 2282 1399 tem-

702 1440 848 1509 plum
887 1439 1174 1508 processit,
1210 1438 1259 1490 itl
1290 1447 1546 1505 satagens
1584 1443 1643 1490 ut
1666 1450 1729 1489 ex
1760 1434 2087 1505 patriarcha:
2116 1448 2279 1487 manu

703 1548 959 1586 cm-ouam
1010 1538 1441 1600 consequeretur
1491 1529 1768 1597 totiusque
1811 1527 1992 1597 populi
2025 1526 2167 1581 votis
2220 1540 2283 1579 ac

702 1623 927 1677 vocibus
953 1621 1251 1690 imperator
1271 1621 1622 1687 salutaretur,
1642 1635 1770 1675 eoru
1782 1635 1832 1672 ιιι
1862 1618 2131 1674 duntaxat
2152 1632 2283 1688 pra:-

698 1714 843 1770 ιὶεὶίι)
868 1717 1115 1769 munitus
1140 1715 1391 1783 valloque
1418 1722 1627 1784 septus,
1648 1712 1742 1782 qui
1769 1728 1877 1767 una
1910 1727 2098 1769 secum
2132 1712 2283 1767 necis

2381 600 2713 669 ἀνενεχθεὶς,
2738 599 2819 652 ἔτι
2848 601 2974 661 τοὺς
3005 598 3175 660 πόδας
3228 596 3433 666 σιδήρῳ
3472 595 3794 663 δεδεμένους
3824 595 3966 664 ἔχων

2380 693 2467 745 διὰ
2506 692 2566 745 τὸ
2611 691 2710 762 τὴν
2754 690 2903 744 κλεῖν
2953 690 3101 761 παρά
3128 689 3223 741 τοῦ
3276 688 3504 751 Λέοντος
3559 687 3967 757 φυλαττομένην

2383 786 2686 855 ἀσφαλείας
2715 786 2905 838 ἕνεκεν
2930 783 3067 847 τέως
3100 780 3240 835 εἶναι
3278 781 3484 850 ἀφανῆ,
3523 781 3614 833 ἐπὶ
3658 782 3750 833 τὸν
3808 781 3967 850 βασί-

2381 878 2524 931 λειον
2551 877 2803 931 ὲκάθισεν
2826 876 3036 948 θρόνον,
3065 874 3149 946 [Ρ.
3183 873 3278 946 27]
3303 874 3397 925 καὶ
3416 872 3567 943 παρά
3607 873 3828 925 πάντων
3852 873 3963 924 τῶν

2380 972 2518 1033 τέως
2556 969 2723 1022 ὄντων
2746 970 2806 1022 ὲν
2832 968 2910 1038 τῷ
2960 966 3212 1037 παλατίῳ
3255 963 3638 1037 προσεκυνήθη
3690 965 3967 1034 αὐτοκρά-

2382 1080 2500 1132 τωρ
2529 1060 2938 1131 ἀναγορευθείς.
2992 1059 3134 1128 Ἤδη
3187 1059 3242 1111 δὲ
3305 1057 3578 1127 μεσούσης
3610 1057 3827 1127 ἡμέρας
3868 1057 3968 1125 τῆς

2385 1157 2576 1228 φήμης
2608 1156 2886 1227 πανταχοῦ
2918 1152 3345 1226 διαδραμούσης,
3380 1154 3489 1206 τῶν
3524 1154 3742 1220 δεσμῶν
3780 1152 3967 1222 σφῦρα

2385 1250 2725 1305 θλασθέντων
2767 1249 2941 1319 μόλις,
2976 1248 3036 1301 οὐ
3080 1250 3272 1320 χεῖρας
3325 1246 3755 1315 ἀπονιψάμενος,
3786 1247 3847 1298 οὐ
3878 1246 3970 1299 τὸν

2384 1344 2527 1397 θεῖον
2558 1342 2723 1413 φόϐον
2745 1342 2888 1396 κατά
2922 1340 3048 1394 νοῦν
3080 1340 3343 1411 εἰληφὼς,
3381 1340 3481 1392 οὐκ
3512 1340 3643 1393 ἀλλο
3676 1339 3831 1391 οὐδὲν
3858 1338 3970 1390 τῶν

2383 1438 2614 1491 δεόντων
2675 1437 2931 1505 ποιήσας,
2968 1434 3105 1505 πρὸς
3143 1435 3234 1486 τὸν
3274 1434 3419 1486 θεῖον
3459 1432 3552 1487 καὶ
3620 1432 3792 1501 μέγαν
3842 1430 3971 1483 ναὸν

2386 1528 2749 1600 προελήλυθεν
2778 1527 2873 1580 τοῦ
2916 1527 3147 1597 στέφους
3170 1526 3236 1578 ὲκ
3272 1526 3372 1595 τῆς
3422 1525 3828 1594 πατριαρχικῆς
3859 1542 3968 1594 χειο

2390 1622 2480 1692 ρδς
2509 1620 2601 1675 καὶ
2624 1619 2725 1689 τῆς
2750 1619 3034 1689 πανδήμου
3063 1620 3249 1688 τυχεῖν
3272 1616 3560 1685 ἐπιθυμῶν
3589 1617 3972 1687 ἀναρρήσεως,

2388 1714 2631 1777 ἐκείνους
2667 1712 2861 1782 μόνους
2914 1710 3170 1781 φραγμὸν
3205 1709 3300 1763 καὶ
3329 1709 3780 1780 περιχαράκωμα
3829 1708 3972 1778 ἔχων

700 1809 832 1863 socii
863 1824 927 1862 ac
954 1806 1223 1875 conjurati
1250 1806 1505 1861 fuissent.
1534 1806 1806 1861 Caeterum
1836 1806 2125 1860 amborum
2157 1804 2283 1874 quis

2389 1806 2513 1869 τοὺς
2542 1809 2636 1859 τοῦ
2685 1805 2848 1874 φόνου
2907 1803 3318 1873 μετεσχηκότας
3350 1802 3446 1855 καὶ
3506 1800 3972 1869 συνομωμοκὸτας

702 1898 899 1952 merito
932 1897 1337 1967 inauspiCatam
1369 1898 1458 1953 hic
1499 1898 1729 1952 miretur
1766 1906 2025 1962 mentem,
2060 1897 2279 1963 Leonis,

700 1992 847 2061 quod
895 1992 977 2048 sic
1005 1993 1217 2046 nullum
1254 2006 1319 2046 ex
1358 2000 1436 2045 tot
1488 1990 1927 2045 assentatoribus
1976 1989 2281 2060 amicisque

702 2090 836 2134 tunc
867 2080 1131 2135 auxilium
1184 2095 1454 2151 opemque
1514 2080 1778 2135 ferentem
1832 2080 2106 2145 habuerit,
2154 2096 2277 2135 eum

701 2186 892 2226 oruues
918 2181 1230 2241 serpentum
1256 2185 1408 2226 more
1439 2172 1492 2225 in
1521 2187 1653 2226 suas
1680 2186 1738 2227 se
1768 2170 2007 2225 latebras
2035 2185 2100 2225 ac
2130 2169 2279 2224 fora-

702 2263 851 2317 mina
866 2263 1227 2327 abdidisscnt,
1245 2262 1525 2318 Michaelis
1548 2278 1676 2317 vero
1695 2262 2002 2317 interritum
2022 2263 2287 2317 adversus

698 2370 892 2409 omnes
934 2364 1333 2424 cruentumque
1377 2356 1647 2417 animum,
1691 2370 1813 2408 cum
1856 2370 1963 2407 non
2000 2353 2108 2425 £2
2141 2356 2286 2408 velut

698 2446 943 2502 carnifex
974 2447 1142 2519 (quod
1193 2451 1337 2501 enim
1374 2459 1647 2511 evenerat,
1696 2449 1893 2501 divinae
1930 2447 2286 2516 providentia:

700 2551 896 2595 cuncta
926 2541 1284 2608 gubernantis
1308 2541 1644 2602 exstiterat),
1682 2541 1776 2595 sed
1816 2550 2081 2609 tanquam
2112 2542 2286 2595 victor

698 2643 995 2686 coronatus
1025 2647 1120 2701 per
1154 2632 1387 2700 plateam
1418 2633 1693 2695 transiret,
1728 2647 1851 2685 cum
1889 2631 2062 2702 magis
2088 2632 2284 2687 erube-

699 2724 964 2779 scendum
1005 2723 1413 2793 lugendumque
1462 2722 1623 2786 forat,
1670 2739 1776 2776 non
1814 2723 1958 2791 quod
1990 2724 2156 2790 juste.
2200 2722 2283 2776 di-

700 2831 863 2881 gnun;
929 2814 1021 2879 qui
1097 2814 1517 2873 cil’underetur,
1600 2814 1921 2881 sanguinem
1998 2811 2283 2867 eﬂ‘udissct

700 2911 1039 2973 (praequam
1078 2922 1145 2960 ne
1183 2908 1286 2961 boe
1333 2906 1550 2974 quidem
1594 2905 1645 2959 iu
1703 2906 1773 2959 iis
1822 2904 2128 2959 habendum
2157 2921 2281 2975 qua:

700 2996 915 3049 laudem
953 2998 1281 3065 merentur),
1314 2998 1407 3052 sed
1444 2998 1587 3066 quod
1626 3014 1731 3050 nou
1768 2997 1819 3048 iu
1866 2997 2098 3050 medium
2130 2997 2277 3063 loco,

2391 1896 2563 1968 αὐτῷ.
2597 1895 2768 1951 Ἔνθα
2795 1895 2888 1950 καί
2911 1913 2996 1959 τις
3022 1892 3353 1965 ἀμφοτέρων
3402 1892 3734 1962 θαυμάσειεν
3777 1890 3838 1943 τὸ
3868 1908 3972 1944 κα-

2390 1993 2699 2061 κόγνωμον,
2721 1991 2818 2045 τοῦ
2848 1990 2948 2062 μὲν
2976 1991 3124 2051 ὅπως
3154 1988 3347 2041 οὐδένα
3394 1982 3508 2056 εἶχε
3561 1985 3671 2038 τῶν
3714 1983 3945 2055 τηλικοὺ

2389 2102 2499 2136 των
2538 2083 2788 2138 κολάκων
2828 2083 2923 2135 καὶ
2963 2080 3264 2150 φιλούντων
3317 2078 3439 2131 τότε
3489 2078 3553 2147 δὴ
3589 2077 3803 2147 βοηθὸν,
3836 2075 3949 2128 πάν

2387 2194 2497 2230 των
2542 2176 2733 2247 ῶσπερ
2777 2174 3027 2247 ἑρπετῶν
3081 2174 3162 2236 είς
3192 2170 3521 2232 καταδύσεις
3580 2169 3975 2239 χωρησάντων,

2387 2267 2483 2321 τοῦ
2509 2268 2764 2339 δευτέρου
2789 2269 2846 2323 δὲ
2873 2268 2934 2322 τὸ
2964 2268 3102 2341 πρὸς
3134 2269 3346 2333 πάντας
3382 2267 3586 2337 ἄφοδον
3616 2267 3712 2320 κιιλ⁵
3742 2268 3964 2336 αίμοχα-

2392 2361 2501 2431 ρές,
2532 2356 2613 2419 οἷς
2634 2360 2823 2433 ὥσπερ
2864 2377 2948 2423 τις
2973 2360 3083 2414 ἀπὸ
3122 2363 3278 2431 νίκης
3335 2361 3635 2431 ἀθλοφόρος
3678 2357 3966 2429 ἐπανερχό

2392 2469 2550 2520 μενος
2570 2492 2585 2515 ,
2615 2451 2731 2505 ἀλλ’
2772 2452 2829 2505 οὐ
2865 2452 3061 2522 δήμιος
3096 2452 3276 2521 (τοῦτο
3299 2454 3406 2522 γὰρ
3445 2453 3549 2505 ὑπὸ
3575 2453 3673 2520 τῆς
3706 2452 3774 2502 τὰ
3800 2452 3977 2504 πάντα

2384 2539 2694 2609 διοικούσης
2710 2540 2976 2610 Προνοίας
3003 2540 3242 2609 ἐγένετο)
3258 2542 3511 2611 κατάτὴν
3536 2541 3795 2594 πλατεῖαν
3822 2540 3908 2609 διή
3920 2556 3973 2607 ρο

2387 2649 2512 2700 χετο
2543 2631 2662 2685 δέον
2692 2631 3134 2700 ἐγκαλΰπτεσθαι
3176 2632 3271 2685 καὶ
3337 2634 3581 2703 θρηνεῖν,
3624 2632 3724 2685 οὐκ
3777 2634 3860 2698 ἐφ’
3897 2625 3980 2692 οἷς

2387 2725 2535 2791 ἀξιον
2564 2719 2703 2795 αἷμα
2750 2723 2977 2788 δικαίως
3023 2725 3239 2795 ἐξέχεεν
3289 2726 3407 2791 (καί
3446 2725 3618 2791 τοίγε
3650 2724 3773 2775 οὐδὲ
3817 2721 3979 2774 τοῦτο

2388 2819 2498 2872 τῶν
2518 2816 2867 2887 ἐπαινετῶν),
2896 2817 3013 2872 ἀλλ’
3042 2819 3126 2889 ἐφ’
3154 2816 3234 2881 οἷς
3266 2819 3365 2873 οὐκ
3392 2820 3449 2873 ἐν
3467 2817 3605 2887 ἀξίῳ
3646 2817 3818 2886 τόπῳ,
3847 2814 3980 2880 θείῳ

2384 2907 2439 2959 δὲ
2494 2906 2591 2960 καὶ
2623 2907 2871 2978 καθαρῷ,
2902 2910 2999 2960 καὶ
3030 2907 3189 2976 μόνον
3233 2906 3363 2961 ἔνθα
3382 2906 3445 2959 τὸ
3493 2906 3822 2959 Δεσποτικδν
3854 2904 3980 2957 καθ’

2384 2999 2600 3070 ἡμέραν
2624 2998 2896 3070 Ξκχέεται,
2938 2998 3047 3051 τῶν
3094 2998 3385 3069 ἡμετέρων
3424 2998 3620 3070 λύτρον
3663 2996 3977 3068 ἁμαρτιῶν,

700 3092 795 3146 sed
826 3091 879 3143 in
916 3090 1102 3145 divino
1150 3090 1482 3159 mundoque,
1532 3098 1585 3142 ct
1626 3089 1678 3141 in
1714 3102 1823 3155 quo
1862 3086 2078 3141 Domini
2124 3087 2393 3145 duntaxat
2456 3090 2685 3161 sanguis
2736 3089 2803 3144 ad
2840 3097 3157 3145 nostrorum
3216 3090 3538 3144 delictorum
3602 3089 3981 3157 scelerarqu

701 3184 1070 3253 expiationem
1102 3182 1344 3252 quotidie
1379 3182 1639 3236 funditur.

770 3296 825 3349 5.
867 3292 1064 3348 Verum
1120 3293 1188 3348 ad
1239 3294 1357 3363 ejus
1414 3294 1649 3363 patriam
1712 3304 1962 3349 recurrat
2013 3296 2283 3362 narratio,
2314 3299 2357 3357 C

700 3403 825 3441 eum
854 3388 1093 3442 medium
1124 3402 1437 3453 assumens,
1470 3386 1632 3457 cujus
1664 3403 1721 3442 se
1754 3403 1847 3443 res
1894 3389 2121 3459 exsequi
2155 3403 2283 3459 pro-

703 3482 907 3535 titetur.
937 3479 1085 3532 Tulit
1111 3479 1257 3533 hunc
1285 3479 1531 3550 Phrygia:
1555 3480 1859 3549 superioris
1885 3480 2101 3546 civitas,
2138 3482 2283 3536 dicta

706 3573 1010 3627 Amorium.
1047 3570 1102 3624 In
1144 3587 1208 3626 ea
1239 3571 1555 3627 Iudaeorum
1583 3587 1883 3642 eorumque
1913 3586 2054 3643 quos
2086 3573 2285 3627 Athin-

704 3677 876 3729 gauos
906 3671 1105 3715 vocant
1138 3661 1394 3731 frequens
1433 3676 1648 3732 semper
1691 3663 1984 3719 multitudo
2015 3664 2281 3721 consedit.

703 3750 807 3805 Sed
844 3759 897 3804 et
926 3751 1033 3803 alia
1065 3752 1314 3821 quaedam
1367 3751 1613 3817 luercsis,
1643 3768 1708 3807 ex
1739 3754 1971 3809 aliorum
2011 3770 2133 3810 cum
2162 3756 2285 3811 aliis

704 3843 967 3896 societate
995 3842 1223 3913 jugiquc
1275 3846 1698 3908 consuetudine.
1736 3861 1873 3901 nova
1929 3863 2159 3918 prorsus
2188 3864 2284 3903 ex-

705 3952 813 4004 que
863 3935 1021 3990 novis
1057 3944 1111 3989 et
1166 3935 1429 3991 inauditis
1469 3937 1705 3993 decretis
1739 3939 1973 3994 conﬂata
2036 3942 2282 4005 emersit,

705 4027 866 4097 cujus
924 4029 1041 4097 ipse
1075 4044 1298 4099 quoque
1336 4028 1561 4085 Michael
1620 4042 1841 4100 accepta
1900 4047 1929 4086 a
1987 4034 2287 4102 majoribus

704 4121 1097 4190 superstitione
1149 4123 1425 4193 particeps
1481 4124 1605 4177 fuit.
1658 4124 1817 4179 Secta
1870 4127 1985 4180 haec
2036 4127 2284 4182 divinum

702 4215 923 4285 quidem
968 4216 1247 4271 lavacrum
1285 4226 1347 4270 ut
1382 4217 1622 4271 salutare
1677 4226 1729 4270 ct
1777 4233 1807 4271 a
1846 4218 1962 4273 suis
2004 4219 2287 4287 explorate

703 4308 946 4376 agnitum
976 4311 1397 4378 probatumque,
1423 4324 1519 4364 eos
1546 4309 1639 4379 qui
1673 4310 1974 4377 initientur,
2006 4310 2286 4381 percipere

702 4400 871 4454 sinit:
910 4399 965 4454 in
1014 4401 1226 4470 reliquo
1261 4410 1444 4455 autem
1494 4403 1700 4468 omnia,
1735 4412 1932 4473 prater
1962 4418 2126 4457 unam
2178 4404 2286 4458 cir-

702 4490 1123 4554 cumcisiouem,
1153 4505 1219 4547 ex
1270 4491 1407 4561 legis
1438 4492 1695 4548 Mosaicae
1746 4494 1854 4547 ritu
1890 4502 2090 4549 servat.
2123 4493 2285 4560 Quis-

2461 3293 2531 3363 γ’.
2577 3292 2717 3348 Ἀλλ’
2760 3304 2854 3347 επι
2882 3295 2982 3362 τὴν
3033 3292 3387 3365 θρεψαμένην
3435 3293 3628 3347 τοῦτον
3673 3296 3705 3366 ή
3763 3293 3980 3365 ἱστορία

2389 3388 2633 3457 ἀγέσθω,
2658 3388 2753 3441 καὶ
2775 3388 2939 3457 μέσον
2972 3387 3137 3439 αὑτὸν
3166 3386 3495 3457 λαμϐανέτω
3519 3389 3586 3440 τά
3608 3388 3773 3441 αὐτοῦ
3809 3391 3970 3456 ἑπαγ-

2387 3484 2654 3552 γέλλουσα
2693 3482 2757 3535 “.
2796 3483 3031 3549 Ἢνεγκε
3067 3479 3165 3549 μὲν
3197 3480 3291 3533 οὖν
3324 3481 3541 3551 αὑτὸνὴ
3573 3482 3713 3533 κατά
3740 3482 3838 3549 τὴν
3869 3482 3984 3535 ἀνω

2386 3576 2629 3643 Φρυγίαν
2661 3572 2816 3636 πόλις
2856 3572 3112 3642 Ἀμὸριον
3136 3570 3279 3624 οὕτω
3329 3572 3663 3643 καλουμένη,
3698 3574 3755 3623 ὲν
3887 3575 3983 3626 καὶ

2402 3668 2671 3721 Ἰουδαίων
2728 3667 2822 3720 καί
2864 3684 3029 3719 τινων
3087 3664 3430 3734 ’Λθιγγάνων
3485 3665 3688 3735 πλῆθος
3733 3666 3819 3717 ἀεί
3862 3684 3983 3729 πως

2389 3760 2833 3828 ἐγκατοικίζεται
2859 3776 2873 3790 ·
2904 3757 2999 3811 καί
3032 3774 3114 3820 τις
3156 3758 3211 3810 δὲ
3244 3759 3459 3829 αἵρεσις
3486 3761 3551 3811 ἐκ
3594 3759 3691 3829 τῆς
3732 3758 3984 3827 ἀλλήλων

2390 3854 2680 3915 κοινωνίας
2710 3852 2808 3906 καὶ
2840 3852 3128 3923 διηνεκοῦς
3149 3852 3370 3920 ὁμιλίας
3401 3851 3590 3904 καινὸν
3618 3852 3818 3920 ἔχουσα
3846 3852 3980 3921 τρό-

2390 3964 2492 3999 πον
2533 3946 2628 3999 καὶ
2656 3946 2901 4016 δόγματα
2936 3945 3252 4013 ὲπιφιῖεται,
3288 3940 3356 4016 ἦς
3391 3944 3486 3996 καὶ
3519 3943 3683 4005 αὐτὸς
3717 3944 3984 4013 μετέσχεν

2390 4039 2456 4091 ὲκ
2491 4038 2748 4107 πατέρων
2796 4037 3203 4107 διαδεξάμενος.
3250 4034 3401 4103 Αὕτη
3452 4034 3509 4087 δὲ
3554 4033 3650 4086 τοῦ
3696 4034 3795 4103 μὲν
3829 4034 3981 4086 θείου

2390 4128 2616 4198 λουτροῦ
2648 4129 2725 4192 ὡς
2770 4128 3151 4199 σωτηριώδους
3201 4127 3356 4190 ὄντος
3415 4128 3508 4179 καὶ
3538 4126 3669 4197 παρ’
3707 4127 3903 4189 αὐτοὺς
3932 4126 3980 4157 ⁸⁷

2390 4220 2870 4291 ὃιωμολογημένου
2950 4221 3077 4283 τοὺς
3118 4220 3482 4289 τελουμένους
3543 4218 3983 4289 μεταλαγχάνειν

2390 4314 2596 4383 ἀνίησι,
2621 4309 2790 4365 τᾶλλα
2815 4311 2872 4365 δὲ
2902 4310 3079 4364 πάντα
3128 4310 3290 4375 σώζει
3326 4310 3677 4379 φυλάττουσα
3716 4309 3859 4362 κατά
3892 4310 3982 4361 νό-

2394 4422 2494 4475 μον
2551 4405 2641 4457 τδν
2691 4404 3021 4467 Μωσαῖκὸν,
3093 4402 3235 4474 πλὴν
3285 4404 3385 4473 τῆς
3440 4402 3769 4475 περιτομῆς.
3823 4402 3985 4455 Διδά-

2394 4498 2595 4551 σκαλον
2640 4497 2698 4548 δὲ
2728 4494 2824 4548 καὶ
2850 4490 2962 4549 οἷον
2997 4495 3229 4565 ἔξαρχον
3255 4496 3283 4547 ὁ
3315 4494 3491 4566 ταύτῃ
3531 4509 3981 4564 μεμυσταγωγη-

702 4582 826 4653 quis
867 4584 971 4638 bac
1004 4594 1153 4639 secta
1202 4591 1288 4639 est
1318 4583 1594 4648 initiatus,
1624 4594 2014 4653 praeceptorem
2043 4600 2108 4640 ac
2136 4586 2285 4641 velut

2398 4592 2559 4661 μένος
2604 4590 2855 4660 Ἐὄραῖόν
2884 4590 3057 4660 τιναῆ
3105 4563 3363 4660 Ἑϐραῒδα
3385 4563 3673 4659 κέκτηται,
3704 4589 3799 4642 τοῦ
3828 4588 3982 4643 θείου

702 4674 1017 4742 praefectum
1043 4674 1330 4731 Hebraeum
1357 4676 1653 4745 quemdam
1678 4677 1792 4732 sive
1815 4676 2098 4733 Hebraeam
2122 4678 2293 4734 divini

705 4782 934 4833 prorsus
966 4777 1247 4837 expertem
1294 4767 1636 4835 baptismatis
1673 4769 1829 4824 domi
1849 4769 2133 4835 habet,cui
2184 4786 2292 4825 nou

704 4859 881 4912 solum
906 4875 967 4913 ea
990 4875 1112 4931 quae
1132 4858 1201 4915 ad
1223 4860 1469 4915 animum
1498 4876 1562 4915 ac
1590 4862 1822 4917 salutem
1851 4866 2216 4931 spectant,sed
2241 4878 2295 4919 et

706 4954 781 5008 rei
804 4954 1089 5011 fatniliaris
1110 4955 1642 5011 administrationem
1666 4957 1975 5011 committat
1996 4958 2295 5029 domuique

704 5061 768 5097 ac
801 5044 1122 5101 substantia:
1154 5062 1279 5102 eum
1323 5047 1604 5116 praeficiat.
1630 5045 1878 5118 “ollae
1922 5066 1950 5100 a
1982 5063 2150 5118 puero
2187 5049 2285 5101 Mi-

703 5141 858 5195 chael
888 5141 1178 5195 institutus
1231 5139 1461 5210 ejusque
1501 5140 1735 5209 primum
1783 5140 2131 5197 documentis
2187 5142 2287 5195 im-

707 5235 890 5297 butus,
928 5250 995 5287 ne
1016 5236 1097 5289 sic
1132 5233 1352 5303 quidem
1400 5250 1523 5303 qua:
1563 5234 1739 5301 primo
1768 5235 2040 5292 insederat
2074 5236 2288 5305 Opinio-

706 5343 827 5380 tum
878 5343 1068 5397 puram
1107 5329 1353 5392 retinuit,
1414 5330 1509 5383 sed
1568 5330 1716 5382 velut
1776 5344 1955 5397 prava:
2005 5330 2286 5400 religionis

710 5421 1003 5489 notlizeque
1041 5420 1326 5487 colluvies,
1362 5430 1480 5475 tum
1544 5437 1665 5476 eam
1711 5422 1884 5491 ipsam
1948 5422 2111 5493 paulo
2165 5435 2291 5492 post

709 5512 1057 5578 adulteravit,
1086 5522 1198 5567 tum
1232 5512 1603 5569 Christianam
1655 5529 1719 5569 ac
1757 5513 2043 5571 .Iudaicam
2085 5517 2287 5584 spuriis

708 5606 831 5661 aliis
859 5607 1131 5676 adjunctis
1168 5606 1387 5677 polluit.
1420 5608 1696 5663 Hactenus
1745 5607 1967 5677 quidem
2002 5609 2151 5664 illam
2200 5626 2287 5665 se-

705 5703 971 5770 quebatur
1013 5702 1177 5768 inque
1214 5700 1423 5755 virilem
1467 5700 1797 5768 provcbebat
1833 5711 2071 5763 atatem,
2130 5717 2287 5771 agre-

2395 4683 2598 4747 τελέως
2647 4682 3024 4753 βαπτίσματος
3077 4682 3441 4752 ἀπεχόμενον,
3475 4681 3619 4735 κατὰ
3650 4682 3742 4735 τὸν
3785 4683 3985 4735 ἑαυτοῦ

2397 4770 2567 4838 οἷκον,
2596 4768 2643 4843 ᾧ
2670 4776 2765 4828 καὶ
2790 4775 2859 4827 τά
2887 4772 3085 4827 ἑαυτοῦ
3115 4772 3176 4826 οὐ
3210 4773 3371 4843 μόνον
3400 4772 3469 4825 τὰ
3498 4771 3727 4842 ψυχικά,
3756 4771 3895 4825 ἀλλά
3915 4772 3984 4843 δὴ

2396 4876 2493 4926 καὶ
2518 4871 2620 4935 τάς
2647 4872 2771 4924 κατ’
2807 4865 2955 4924 οἷκον
2984 4868 3303 4939 οἰκονομίας
3341 4865 3686 4938 ἐμπιστεύει,
3724 4868 3818 4920 καὶ
3875 4868 3987 4921 ὑπὸ

2398 4966 2559 5034 χεῖρα
2604 4962 2792 5016 δίδωσι
2839 4960 2926 5034 [Ρ.
2968 4959 3064 5032 ⁴ὶ8]
3113 4959 3216 5030 τὴν
3269 4957 3459 5013 αὑτοῦ.
3502 4958 3723 5028 Ταύτης
3773 4953 3869 5011 οὖν
3916 4960 3986 5011 ὲκ

2402 5056 2590 5120 παιδὸς
2616 5054 2903 5126 μετασχὼν
2920 5056 3015 5108 καὶ
3032 5047 3066 5128 ᾖ
3081 5052 3179 5124 τὴν
3193 5051 3371 5122 ψυχὴν
3391 5048 3869 5120 προκαταληφθείς
3881 5050 3986 5103 οὐκ

2398 5142 2545 5217 εῖχεν
2580 5146 2687 5199 οὐδ’
2715 5144 2888 5208 οὕτως
2934 5144 2996 5197 τὸ
3049 5146 3151 5213 τῆς
3176 5139 3503 5211 προλήψεως
3558 5137 3819 5208 καθαρὸν,
3865 5138 3985 5191 ἀλλ’

2398 5236 2510 5294 οἷόν
2547 5257 2630 5303 τις
2658 5239 2915 5300 ἀπιστίας
2946 5237 3163 5301 σύνοδος
3192 5233 3435 5304 γεγονὼς
3485 5234 3623 5303 ὁμοῦ
3654 5250 3714 5285 τε
3777 5232 3987 5303 ταύτην

2398 5334 2459 5387 οὐ
2492 5334 2681 5405 πόρρω
2710 5331 3003 5401 γενόμενος
3038 5328 3421 5400 παρεχάραξεν
3449 5332 3543 5379 καὶ
3575 5326 3674 5396 τὴν
3716 5326 3986 5395 Χριστια-

2398 5427 2505 5481 νῶν
2565 5425 2967 5497 παρενόθευσεν
3029 5425 3126 5476 καὶ
3170 5423 3269 5493 τὴν
3314 5419 3613 5489 Ἰουδαῖκὴν
3671 5405 3987 5490 ἐκιϐδήλευι

2400 5536 2511 5572 σεν.
2555 5517 2705 5580 Τέως
2741 5517 2840 5587 μὲν
2897 5510 2991 5570 οὖν
3027 5516 3205 5585 εἴχετο
3255 5512 3445 5582 αὐτῆς,
3490 5513 3581 5565 καὶ
3612 5510 3711 5581 τὴν
3763 5510 3844 5571 είς
3886 5511 3983 5564 ἄν-

2398 5614 2531 5682 δρας
2562 5612 2822 5665 τελοῦσαν
2857 5611 3075 5681 ἡλικίαν
3118 5609 3372 5677 ἀνήγετο,
3401 5602 3687 5673 ἀγροικῖαν
3709 5605 3803 5656 καὶ
3833 5604 3985 5671 ἀμα-

2400 5706 2523 5760 θίαν
2556 5705 2746 5776 ῶσπερ
2766 5706 2921 5769 τινὰς
2944 5704 3132 5765 ἕλικας
3166 5701 3408 5771 ἄμπελος
3446 5696 3797 5759 συνανισύςας
3837 5697 3982 5766 ἔχων

1980 5795 2208 5851 VARI/Ii
2247 5797 2650 5856 LECTIUNES.

778 5886 819 5913 “
854 5884 1317 5947 ἀπαγγέλλουσαῖ
1425 5900 1456 5916 θ’
1496 5885 1717 5946 αὖτοῖςῖ
