4158 6442
205 358 272 418 57
1242 349 1384 409 LIB.
1425 348 1503 406 II.
1544 371 1611 381 -
1652 345 1988 406 MICHAE‘L
2018 344 2533 407 AMORLENSlSs
3389 350 3455 411 58

202 469 359 540 αὐτῷ
388 490 405 503 ⁸
446 471 645 541 μᾶλλον
695 470 752 521 δὲ
794 467 896 520 ὑπὸ
944 464 1147 517 τούτων
1189 461 1449 530 ἐχόμενος
1489 456 1583 509 καὶ
1617 456 1755 509 παιδ-

1876 463 1986 509 stes
2022 471 2201 511 mores
2217 470 2281 511 ac
2310 455 2582 510 inscitiam
2612 453 2755 512 haud
2784 471 2945 513 secus
2969 473 3034 512 ac
3070 459 3197 513 vitis
3225 461 3451 515 malleo-

202 563 597 636 αγωγούμενος
650 558 964 627 κατάλληλα
1002 554 1231 625 προσῄει
1286 552 1584 621 μαθήματα
1639 548 1781 600 διδα-

202 660 493 729 σκόμενος,
518 651 599 718 οἷς
653 653 911 715 πολλάκις
955 649 1052 719 τὴν
1097 646 1367 718 βασίλειον
1419 640 1779 711 δεδραγμένος

198 752 380 821 ἀρχὴν
411 748 663 816 ἐφαίνετο
691 741 1089 814 σεμνυνόμενός
1111 755 1171 790 τε
1195 737 1288 791 καὶ
1306 734 1776 803 καλλωπιζόμενος

199 844 237 911 ἦ
264 842 345 911 τῷ
371 839 567 894 ἑαυτοῦ
589 838 742 907 διαδή
754 853 902 907 ματι.
932 834 1046 902 Τὴν
1072 829 1295 900 λογικὴν
1315 828 1373 881 δὲ
1408 827 1772 887 παντάπασιν,

198 934 277 995 ὡς
301 933 373 985 τὰ
398 933 529 1002 παρ’
557 929 752 984 ἑαυτοῦ
770 926 1190 997 προϐαλλόμενα
1225 918 1639 989 ἀνατρέπουσαν
1680 917 1775 969 καὶ

197 1024 413 1076 πείθειν
439 1021 741 1092 δυναμένην
774 1036 834 1070 τε
856 1016 951 1070 καὶ
988 1013 1401 1085 μεταδιδάσκειν
1432 1008 1525 1062 τοῦ
1560 1009 1636 1078 μὴ
1676 1007 1775 1075 τῆς

197 1116 467 1186 αἱρέσεως
506 1112 672 1167 αὐτοῦ
711 1112 804 1164 καὶ
856 1107 1152 1180 θρησκείας
1202 1104 1379 1156 ὀπίσω
1417 1098 1770 1171 πορεύεσθαι,

196 1206 439 1277 ἠτίμαζε
474 1222 535 1258 τε
566 1205 660 1258 καὶ
714 1202 1054 1257 ἀπεϐἁλλετο
1094 1198 1193 1266 τῆς
1228 1193 1421 1250 ἑαυτοῦ
1474 1190 1774 1251 ἐπιϐούλως

192 1299 396 1368 ψυχῆς.
432 1298 542 1351 Καί
571 1297 655 1349 τοί
686 1313 749 1365 γε
778 1292 846 1366 ἦν
883 1291 1034 1362 αὑτῷ
1082 1289 1303 1344 δυνατὸν
1353 1287 1422 1338 τὰ
1469 1281 1663 1336 ἑαυτοῦ
1716 1298 1774 1332 τε

196 1391 452 1444 σέϐεσθαι
484 1392 579 1445 καὶ
610 1390 679 1442 τὰ
705 1388 952 1458 ἡμέτερα
979 1386 1055 1456 μὴ
1089 1382 1342 1454 ἀτιμοῦν,
1378 1380 1504 1433 ὅταν
1535 1376 1610 1447 μὴ
1637 1375 1770 1444 πρὸς

191 1479 451 1534 τοσοῦτον
467 1481 627 1551 χορὸν
648 1480 758 1531 τῶν
788 1478 880 1529 ἐπὶ
920 1478 1083 1547 σοφίᾳ
1122 1470 1542 1540 ﬁnitumi/avsum
1590 1466 1765 1536 χρόνῳ

192 1570 287 1625 καὶ
360 1569 581 1641 ἀριθμῷ
618 1569 1002 1639 κεκρατηκότα
1030 1560 1467 1633 ἀνθαμιλλᾶσθαι
1512 1556 1760 1627 ἠδύνατο.

1885 550 1965 602 los
2044 564 2150 601 una
2228 557 2513 618 surgentes
2607 548 2832 605 habens.
2896 550 3161 617 Quinimo‘
3222 566 3449 622 quorum

1880 641 2184 710 disciplina:
2239 642 2464 695 haereret
2524 655 2589 696 ac
2625 655 2765 711 quos
2797 643 3045 709 pueritiae
3108 642 3453 696 institutoies

1880 730 2123 793 haberet,
2147 745 2337 785 eorum
2362 747 2605 802 congrua
2646 734 2890 787 moribus
2925 734 3100 788 studia
3128 733 3450 788 condiscens

1879 824 2293 893 grandescebat,
2343 825 2543 892 quibus
2580 824 2724 878 haud
2761 839 2906 889 raro,
2935 826 3038 879 etsi
3072 827 3186 891 jam
3233 826 3446 893 imperii

1879 926 2072 971 nactus
2114 916 2339 980 infulas,
2368 917 2541 986 magis
2575 917 2677 973 sibi
2712 917 2928 987 placere
2958 933 3021 972 ac
3049 919 3269 987 gloriari
3300 919 3449 973 vide-

1878 1008 2036 1062 batur
2068 1024 2231 1079 quam
2272 1008 2390 1077 ipso
2417 1007 2740 1063 diademate.
2781 1008 2911 1062 Eam
2964 1018 3145 1063 autem
3187 1027 3305 1079 quae
3355 1028 3447 1064 ra-

1878 1101 2077 1153 tionem
2113 1100 2311 1153 excolit
2340 1100 2629 1156 scientiam
2661 1110 2715 1154 et
2744 1103 3132 1164 eruditionem,
3167 1119 3262 1157 seu
3307 1106 3447 1157 litte-

1879 1208 1969 1246 ras
2002 1192 2202 1261 quibus
2232 1193 2523 1248 evertenda
2557 1202 2744 1247 essent
2794 1195 2936 1250 illius
2993 1196 3347 1264 problemata,
3385 1213 3447 1250 ac

1876 1284 2080 1352 quibus
2113 1286 2327 1339 suaderi
2358 1285 2558 1340 licebat
2584 1295 2747 1354 atque
2782 1287 2962 1341 doceri
3022 1289 3160 1340 haud
3212 1304 3446 1351 sequen-

1879 1377 2002 1427 dam
2033 1390 2186 1428 suam
2238 1376 2387 1429 illam
2421 1377 2671 1432 haeresim
2718 1393 2783 1431 ac
2827 1380 3292 1446 superstitionem.
3331 1390 3443 1433 tum

1872 1476 1956 1521 est
1987 1477 2336 1535 aspernatus,
2360 1476 2475 1523 tum
2508 1484 2573 1523 ex
2605 1485 2704 1524 suo
2726 1473 2913 1525 dolose
2940 1472 3126 1525 animo
3155 1471 3439 1540 ablegavit.

1870 1556 2192 1631 Quanquam
2226 1561 2275 1615 ei
2311 1560 2513 1616 licebat
2570 1570 2681 1616 tum
2744 1579 2841 1617 sua
2876 1565 3055 1618 colere
3085 1574 3197 1619 tum
3255 1575 3443 1619 nostra

190 1676 298 1716 non
353 1662 661 1731 aspernari,
712 1658 932 1730 quando
972 1672 1073 1712 nec
1106 1653 1395 1709 certamini
1457 1666 1557 1720 par
1619 1650 1791 1703 videri
1824 1660 2036 1719 poterat
2096 1651 2386 1706 adversum
2434 1661 2645 1707 tantum
2709 1654 3239 1723 sapientissimorum
3296 1656 3443 1711 viro-

186 1771 335 1820 rum,
386 1762 547 1809 atate
599 1768 665 1809 ac
714 1766 942 1807 numero
993 1751 1153 1819 longe
1206 1754 1589 1818 praestantem,
1629 1745 1879 1798 chorum.

252 1850 318 1904 δ’.
358 1848 698 1918 Πλὴνὲτίμα
732 1846 799 1899 τὰ
838 1842 1053 1897 ἑαυτοῦ.
1076 1844 1157 1897 Τὰ
1180 1843 1237 1895 δὲ
1263 1839 1333 1912 ἦν
1360 1840 1499 1894 συῶν
1540 1839 1636 1909 μὲν
1654 1838 1755 1890 τῶν

1939 1838 1991 1892 )i.
2029 1839 2321 1894 Enimvero
2353 1856 2453 1895 sua
2487 1841 2574 1896 illa
2600 1843 2813 1899 colebat
2845 1845 3127 1915 plurisque
3185 1848 3437 1904 faciebat.

183 1942 498 2012 ἁρτιτόκων
527 1940 813 2010 προλέγειν
856 1940 969 1991 ὅσοι
998 1954 1060 1989 τε
1101 1936 1314 1989 ἔσονται
1346 1934 1635 2004 εὐτραφεῖς
1670 1934 1764 1984 καὶ

185 2031 463 2101 σωμάτων
500 2030 765 2100 μεγέθους
814 2029 916 2081 οὐκ
945 2028 1327 2099 ἀμοιρήσουσι,
1362 2024 1455 2078 καὶ
1507 2024 1622 2077 ὅσοι
1651 2025 1765 2083 τοῖς

183 2122 457 2185 ἐναντίοις
485 2121 1002 2193 περισχεθήσονται,
1032 2119 1127 2173 καὶ
1147 2118 1330 2171 ίππων
1352 2117 1451 2187 μὲν
1486 2116 1652 2183 ὲγγὺς
1678 2115 1760 2166 ἑσ-

180 2217 346 2271 τάναι
372 2215 487 2269 τῶν
508 2215 878 2278 λακτιζόντων
908 2212 1129 2277 ειδέναι,
1151 2210 1305 2273 ὅνους
1330 2210 1386 2263 δὲ
1406 2206 1757 2270 λακτίζοντας

178 2305 253 2369 ὡς
285 2307 632 2376 πορρωτάτω
658 2303 1063 2376 ἀποτρέπεσθαι
1094 2303 1139 2335 ⁸⁸
1161 2302 1409 2372 εὐφυῶς,
1428 2301 1670 2371 ἡμιόνων
1700 2316 1757 2352 τε

181 2397 376 2467 κριτὴς
404 2396 629 2467 ἄριστος
662 2392 824 2461 εἶναι,
856 2396 953 2449 καὶ
977 2395 1181 2448 τούτων
1202 2396 1316 2447 ὅσοι
1340 2392 1441 2463 μὲν
1466 2393 1603 2462 πρὸς
1627 2392 1759 2461 φόρ-

180 2502 267 2538 τον
294 2486 551 2556 ἁρμόδιοί
580 2487 750 2540 τεκαὶ
776 2485 1092 2557 ἐπιτήδειοι,
1122 2486 1235 2539 ὅσοι
1258 2484 1315 2537 δὲ
1340 2484 1465 2546 τοὺς
1495 2484 1759 2539 ὲπιεὰτας

179 2579 453 2647 εὐφόρως,
497 2577 637 2632 ἀλλὰ
674 2580 750 2649 μή
800 2596 908 2632 τινι
936 2578 1101 2648 πτοία
1149 2576 1417 2647 περιδεεῖς
1459 2575 1755 2643 γινόμενοι,

179 2671 442 2741 φέρουσιν
484 2670 553 2724 δ’.
584 2671 659 2724 Οὐ
702 2672 807 2742 μὴν
860 2669 997 2724 ἀλλὰ
1032 2670 1127 2722 καὶ
1158 2671 1283 2733 τοὺς
1329 2669 1530 2731 ἵππους
1564 2670 1757 2737 μόναις

175 2762 478 2831 ὀφθαλμῶν
536 2762 834 2831 διακρίνειν
873 2762 1079 2831 βολαῖς,
1104 2761 1225 2815 ὂσαι
1277 2778 1336 2814 τε
1383 2760 1517 2830 πρὸς
1556 2760 1755 2828 δρόμον

175 2853 388 2906 εὖτονοί
429 2870 492 2905 τε
544 2854 636 2905 καὶ
686 2854 937 2923 τάχισται
985 2854 1293 2921 πεφύκασιν
1327 2853 1419 2905 καὶ
1465 2852 1581 2904 ὅσοι
1620 2852 1756 2922 πρὸς

175 2944 414 3014 πόλεμον
449 2944 510 2995 τὸ
562 2944 888 3014 καρτερικὸν
926 2943 1308 3009 διασώζουσιν,
1351 2943 1642 3011 προϐάτων
1692 2960 1751 2994 τε

174 3038 263 3089 καὶ
294 3036 442 3105 βοῶν
468 3036 569 3107 τὴν
592 3036 866 3098 εὐτοκίαν,
899 3037 994 3089 καὶ
1034 3037 1134 3106 τὴν
1181 3035 1277 3090 τοῦ
1318 3035 1589 3105 γάλακτος
1629 3036 1753 3089 ὅσαι

170 3127 263 3199 τὴν
294 3127 585 3197 δαψίλειαν
617 3129 683 3181 ὲκ
713 3127 926 3198 φύσεως
956 3129 1168 3199 ἔλαχον,
1203 3129 1299 3183 καὶ
1335 3128 1411 3193 ὡς
1449 3129 1747 3197 σιγώντων,

167 3221 224 3274 τὺ
254 3220 320 3291 δὴ
359 3220 576 3290 μεῖζον,
620 3220 723 3288 τῆς
755 3238 826 3291 ,τε
880 3221 1086 3291 μητρὸς
1146 3221 1242 3287 καὶ
1290 3221 1398 3275 τῶν
1446 3221 1747 3291 ἀρτιγενῶν

168 3314 555 3383 γεννημάτων,
597 3314 798 3367 είδέναι
826 3307 1123 3384 διακρίνειν
1165 3316 1317 3368 ποῖον
1360 3315 1551 3376 όποίας
1599 3316 1748 3367 ὲστίν

167 3406 315 3459 [διον.
350 3406 468 3458 Καὶ
489 3404 561 3458 τὰ
594 3405 694 3476 μὲν
708 3405 807 3473 τῆς
840 3403 1066 3475 πρώτης
1091 3406 1328 3475 ἡλικίας,
1365 3407 1541 3459 εἰπεῖν
1570 3405 1629 3459 δὲ
1649 3406 1747 3458 καὶ

163 3500 257 3569 τῆς
281 3498 629 3563 τελευταίας,
662 3498 834 3552 ταῦτα
871 3498 937 3569 δὴ
963 3499 1035 3553 τὰ.
1058 3498 1360 3570 μαθήματὰ
1403 3514 1464 3551 τε
1511 3498 1607 3552 καὶ
1656 3516 1745 3551 σε-

166 3593 587 3663 μνολογήματα.
778 3629 783 3634 -

228 3683 290 3737 ε’.
331 3686 425 3747 ἀς
452 3685 497 3737 δ’
530 3686 631 3755 ἢδη
664 3684 882 3755 ἢκμαζε
911 3685 1005 3738 τὸν
1034 3683 1243 3755 πένητα
1273 3683 1390 3753 βίον
1421 3677 1653 3735 suam,
1686 3701 1743 3734 τε

166 3778 253 3829 καὶ
293 3777 608 3847 καρτερῶν,
639 3777 866 3831 ἔσπευδε
898 3777 956 3830 δὲ
992 3776 1183 3830 τοῦτον
1238 3776 1390 3847 πάσῃ
1436 3775 1744 3845 ἀποτρίψα-

165 3871 285 3922 σῧαι
307 3874 557 3940 μηχανῇ,
585 3869 678 3923 καί
696 3887 823 3923 ποτε
855 3869 932 3939 τῷ
945 3867 1143 3924 ἑαυτοῦ
1177 3869 1423 3938 παρέστη
1448 3868 1511 3939 δὴ
1540 3885 1743 3937 στρατ-

164 3961 303 4031 ηγῷ.
323 3959 414 4032 [Ρ.
436 3959 534 4032 ‘29]
573 3962 766 4015 ἑαυτόν
784 3979 843 4014 τε
865 3962 1178 4030 ὑποφαίνων
1203 3961 1373 4030 καὶτῇ
1386 3963 1484 4029 τῆς
1498 3960 1741 4030 γλώττης

164 4053 489 4123 τραυλότητι
528 4054 620 4106 τὸν
659 4053 899 4123 ἄρχοντα
943 4052 1366 4123 ἐκκαλούμενος,
1404 4052 1514 4104 τῶν
1559 4052 1741 4119 ’Δθιγ-

162 4144 341 4209 γάνων
366 4161 455 4207 τις
485 4145 731 4211 γνωστός
774 4161 834 4197 τε
870 4144 965 4198 καὶ
1002 4145 1200 4207 οἰκεῖος
1223 4143 1301 4215 τῷ
1348 4144 1638 4214 στρατηγῷ
1667 4142 1741 4197 ὢν

161 4237 319 4289 αὐτόν
359 4252 420 4288 τε
458 4234 648 4289 τοῦτον
673 4237 890 4308 Μιχαὴλ
909 4237 1003 4291 καί
1032 4255 1152 4290 τινα
1168 4237 1353 4309 ἕτερον
1386 4238 1740 4308 περιϐοήτους

161 4327 377 4380 ἔσεσθαι
408 4328 528 4397 μετ’
557 4330 619 4381 οὐ
652 4329 785 4382 πολὺ
819 4328 1102 4399 διηγόρευε
1134 4329 1231 4381 καὶ⁵
1266 4330 1544 4400 βασιλείας
1569 4334 1741 4404 αὐτῆς

160 4418 436 4487 ἐπιτυχεῖν
458 4419 651 4477 οὖκείς
680 4419 916 4489 μακράν.
936 4419 1158 4483 Τούτοις
1180 4421 1279 4491 τὴν
1304 4422 1480 4493 ψυχὴν
1501 4424 1529 4477 ό
1545 4442 1741 4495 στρατ-

1867 1933 1997 2001 Ejus
2031 1947 2174 1986 vero
2215 1932 2327 1988 fere
2353 1936 2571 2003 generis
2599 1945 2779 2000 erant,
2824 1953 3017 2008 nempe
3056 1956 3215 1995 suum
3252 1957 3441 1997 recens

1866 2032 2113 2076 natarum
2154 2023 2439 2077 vaticinari
2471 2040 2535 2080 ac
2571 2027 2844 2096 conjicere
2874 2045 2996 2098 quae
3056 2032 3289 2101 pingues
3321 2035 3437 2103 ple—

1867 2129 2043 2185 Itaque
2076 2130 2141 2169 ac
2165 2116 2346 2169 adulta
2373 2119 2617 2184 corporis
2650 2119 2825 2181 mole,
2861 2135 3049 2188 quaeve
3104 2130 3293 2176 contra
3325 2126 3439 2177 oxi-

1865 2210 1942 2262 les
1969 2223 2034 2263 ac
2056 2209 2360 2263 macilentae
2385 2219 2571 2264 essent
2606 2210 2839 2279 futuraa;
2872 2227 3039 2281 prape
3063 2229 3235 2285 equos
3266 2218 3435 2271 calci-

1865 2309 2050 2353 trones
2113 2301 2257 2355 scire
2316 2312 2501 2362 stare,
2558 2301 2744 2358 asinos
2798 2318 2926 2357 vero
2983 2306 3131 2359 calce
3192 2316 3437 2374 petentes

1860 2403 2025 2456 quam
2065 2390 2253 2457 procul
2310 2388 2447 2444 scite
2505 2389 2892 2461 ingenioseque
2927 2393 3269 2459 propellere;
3323 2397 3433 2448 acri

1856 2482 2063 2548 judicio
2087 2480 2196 2552 44
2224 2482 2291 2534 de
2324 2482 2486 2535 mulis
2514 2497 2762 2547 censere,
2794 2484 2958 2553 inque
2987 2484 3093 2539 illis
3120 2485 3435 2540 discernere

1858 2573 1951 2640 qui
1982 2573 2243 2627 oneribus
2277 2575 2642 2629 convehendis
2698 2575 2900 2638 idonei,
2954 2577 3048 2644 qui
3080 2579 3279 2632 sessori
3335 2594 3434 2647 ap-

1860 2667 2029 2719 tiores
2058 2665 2361 2733 lcniorique
2390 2665 2571 2719 indole
2600 2666 2775 2735 ipsum
2818 2667 2968 2720 nullo
2994 2670 3274 2721 excutiant
3303 2685 3434 2723 con-

1857 2760 2080 2813 sternati
2112 2774 2349 2827 pavore;
2380 2760 2474 2814 sed
2506 2768 2558 2813 et
2593 2774 2763 2828 equos
2787 2777 2852 2814 ex
2883 2763 3065 2829 primo
3094 2764 3212 2832 ipso
3244 2764 3433 2817 oculo—

1857 2868 1978 2904 rnm
2030 2852 2278 2918 conjectu
2329 2851 2672 2921 dignoscere,
2708 2854 2803 2924 qui
2854 2855 2920 2908 ad
2967 2870 3186 2909 cursum
3221 2856 3431 2911 robusti

1855 2955 2022 3013 atque
2068 2944 2292 3006 celeres,
2337 2944 2547 3013 quique
2590 2945 2642 2999 in
2681 2946 2882 3015 prmliis
2929 2947 3099 3002 fortes
3126 2963 3191 3002 ac
3230 2948 3432 3002 laboris

1853 3037 2122 3108 patientes
2173 3038 2453 3105 perstituri
2482 3048 2687 3094 essent.
2727 3039 2867 3095 Oves
2906 3055 3128 3110 quoque
3159 3051 3213 3095 et
3267 3040 3431 3096 boves

1855 3144 2104 3198 quaenam
2166 3128 2410 3182 fecunda:
2472 3143 2535 3183 ac
2574 3144 2695 3199 quae
2734 3145 2798 3183 ex
2834 3129 3015 3184 indole
3068 3130 3225 3185 lactis
3281 3130 3431 3201 large

1856 3226 2071 3291 cupiam
2102 3230 2297 3275 nactaz.
2325 3219 2478 3275 Scire
2500 3221 2758 3291 denique,
2797 3222 3013 3276 tametsi
3045 3222 3252 3277 nullum
3283 3222 3431 3277 bala-

1860 3325 1973 3369 tum
2005 3317 2342 3385 mugitnmve
2362 3323 2470 3369 tam
2504 3323 2702 3369 matres
2733 3329 2894 3384 quam
2924 3330 3115 3371 recens
3148 3316 3258 3369 nati
3287 3315 3429 3370 fetus

1854 3406 2143 3471 ediderint,
2180 3420 2301 3473 quae
2331 3405 2599 3475 cujusque
2622 3406 2805 3474 proles
2834 3405 3124 3459 exsistant.
3157 3404 3281 3460 llaec
3307 3405 3425 3471 ejus

1854 3498 2045 3566 prima:
2100 3499 2274 3553 anatis
2328 3497 2447 3569 (sed
2480 3506 2534 3554 et
2586 3507 2846 3554 extremae
2891 3499 3092 3567 dicam)
3129 3500 3308 3554 studia
3366 3516 3429 3553 ac

1856 3591 2288 3644 honestamenta.

1925 3681 1981 3736 5.
2020 3680 2158 3735 Cum
2192 3690 2370 3736 autem
2405 3696 2697 3752 pauperem
2732 3681 3020 3737 tolerando
3048 3681 3210 3735 vitam
3240 3680 3427 3736 adole-

1852 3773 2079 3829 scentiae
2102 3775 2213 3844 jam
2244 3789 2416 3830 annos
2450 3790 2618 3845 prope
2649 3775 2997 3835 excessisset.
3033 3774 3296 3843 omnique
3326 3776 3419 3826 de-

1851 3883 2000 3921 mum
2032 3876 2149 3921 arte
2203 3876 2366 3937 atque
2424 3883 2588 3936 opera
2620 3883 2738 3922 eam
2767 3883 2797 3922 a
2827 3882 2886 3922 se
2916 3867 3129 3921 amoliri
3163 3866 3425 3929 studeret,

1850 3978 1914 4015 ac
1943 3961 2270 4029 quandoque
2305 3977 2465 4015 suum
2527 3962 2618 4015 ille
2650 3960 2842 4015 ducem
2898 3960 3146 4024 adiisset,
3203 3971 3427 4028 tumque

1851 4067 1909 4105 se
1938 4052 2010 4104 illi
2043 4051 2453 4107 snbverecunde
2479 4053 2811 4114 ostenderet,
2836 4061 2949 4105 tum
2984 4067 3134 4117 vero,
3170 4067 3275 4120 qua
3308 4059 3425 4104 erat

1851 4143 2170 4197 ballnutienti
2199 4160 2263 4198 ac
2289 4144 2581 4213 praepedita
2607 4158 2759 4205 voce,
2785 4144 3034 4198 eumdem
3050 4142 3423 4211 compellaret,

1847 4236 2189 4305 Athinganus
2213 4235 2433 4304 quidam
2467 4236 2591 4290 duci
2629 4244 2790 4290 notus
2818 4250 2881 4289 ac
2934 4235 3222 4288 familiaris
3280 4233 3425 4287 hunc

1849 4328 2027 4397 ipsum
2082 4326 2397 4382 Michaelem
2452 4328 2730 4397 aliumque
2780 4328 3069 4396 quemdam
3103 4326 3251 4381 brevi
3304 4336 3421 4392 post

1846 4417 2186 4473 clarissimos
2246 4416 2362 4472 fore
2412 4419 2683 4487 praedixit,
2741 4434 2805 4474 ac
2844 4418 3158 4473 Michaelem
3198 4433 3305 4470 non
3370 4418 3421 4469 in

161 4508 285 4579 ηγὺς
333 4510 766 4580 ὲκθερμανθεὶς,
798 4510 890 4564 καὶ
918 4511 979 4563 τὸ
1020 4512 1213 4582 μέλλον
1239 4512 1427 4585 ὥσπερ
1466 4533 1739 4588 κατατρυ-

1856 4507 2067 4577 longum
2102 4517 2316 4578 tempus
2347 4509 2576 4578 imperio
2606 4524 2727 4563 esse
2777 4510 3100 4578 potiturum.
3129 4506 3204 4561 Eo
3233 4508 3421 4560 vatici-

160 4602 284 4670 γῶν,
317 4605 425 4656 οὐκ
456 4603 600 4671 ἔγνω
623 4603 919 4675 βραδύτητι
938 4606 1030 4658 τὸν
1059 4607 1252 4677 καιρὸν
1277 4607 1645 4671 ἀπώσασθαι,
1678 4605 1739 4664 οὗ

160 4694 315 4746 πάλιν
338 4696 526 4764 τυχεῖν
540 4696 642 4748 οὐκ
667 4696 893 4759 εὐπετὲς
921 4696 1043 4749 οὐδὲ
1074 4697 1275 4768 ῥᾴδιον.
1307 4699 1570 4768 Τραπεζα
1604 4699 1737 4767 γοῦν

160 4787 522 4856 παραχρῆμα,
550 4787 648 4840 καὶ
702 4789 831 4851 τοὺς
886 4788 1082 4851 ἄλλους
1146 4790 1354 4853 πάντας
1421 4792 1737 4845 καταλιπὼν

158 4878 378 4941 τούτους
397 4879 466 4949 δὴ
493 4880 619 4943 τοὺς
644 4880 844 4951 ἄνδρας
871 4882 953 4944 εἰς
1002 4882 1244 4936 ἑστίασιν
1294 4885 1579 4951 συγκαλεῖ.
1645 4885 1732 4947 Ὠς

157 4970 204 5021 El:
231 4970 327 5023 τοῦ
389 4973 560 5024 πότου
608 4973 954 5042 ἀκμάζοντος
976 4975 1066 5027 καί⁵
1100 4975 1199 5039 τὰς
1251 4974 1557 5044 θυγατέρας
1580 4976 1730 5045 ἄγων

156 5061 317 5114 ἐδίδου
348 5063 379 5114 ό
431 5065 737 5133 στρατηγὸς
776 5066 871 5117 καὶ
904 5067 1171 5135 νυμφίους
1220 5067 1618 5137 καθωμολόγει,
1652 5068 1730 5139 τῷ

156 5152 283 5222 ξένῳ
311 5154 415 5223 μὲν
456 5156 553 5206 καὶ
586 5156 871 5226 παραδόξῳ
921 5158 1011 5211 τοῦ
1070 5159 1393 5228 πράγματος
1422 5163 1479 5212 ἐν
1532 5159 1729 5213 ἐκστά-

158 5262 229 5297 σει
262 5245 492 5308 τούτους
512 5246 574 5296 τὸ
609 5247 824 5316 πρῶτον
858 5249 1030 5301 ἐποίει
1073 5251 1167 5303 καὶ
1197 5251 1320 5320 δίχα
1349 5252 1554 5321 φωνῆς,
1594 5253 1731 5305 ἀπο-

157 5336 476 5407 δεχομένους
503 5336 562 5388 δὲ
588 5338 737 5406 ὅμως
778 5339 917 5407 μετὰ
955 5338 1129 5392 ταῦτα
1152 5342 1246 5394 καὶ
1276 5342 1737 5412 συγκατατιθεμέ-

164 5442 273 5487 ma;
318 5424 415 5479 καὶ
467 5424 589 5478 Θεὸν
626 5428 767 5498 τάχα
793 5469 806 5494 ,
839 5429 939 5483 οὐκ
996 5430 1305 5502 ἄνθρωπον,
1334 5433 1729 5503 ὁμολογοῦντας

160 5516 333 5571 αὐτόν.

1848 4600 1943 4657 nio
1977 4600 2238 4654 incensus
2268 4600 2454 4655 animo
2486 4609 2705 4670 praetor,
2763 4616 2828 4654 ac
2859 4600 3005 4654 velut
3037 4599 3278 4653 futurum
3305 4598 3417 4667 jam

1834 4701 2018 4741 coram
2051 4687 2253 4757 legeret
2279 4703 2344 4743 ac
2372 4690 2707 4757 decerperet,
2747 4687 3100 4741 occasionem
3129 4700 3294 4755 quam
3328 4699 3417 4738 se-

1835 4777 1941 4831 mel
1971 4777 2177 4845 lapsam
2216 4777 2361 4833 haud
2413 4778 2573 4833 facile
2630 4793 2819 4832 rursus
2854 4777 3076 4846 assequi
3121 4776 3325 4847 possis,
3360 4776 3414 4830 in

1834 4873 2110 4942 longiores
2162 4886 2347 4926 moras
2401 4871 2716 4926 nullatenus
2768 4868 3129 4939 ablegandam
3177 4866 3411 4938 putavit.

1835 4965 2027 5020 Statim
2054 4979 2184 5035 ergo
2222 4965 2507 5033 expeditur
2554 4979 2766 5025 mensa,
2795 4962 3120 5028 cunctisque
3154 4961 3278 5016 aliis
3310 4976 3409 5014 ne-

1832 5056 2020 5128 glectis
2042 5058 2143 5111 hos
2159 5058 2350 5111 ambos
2369 5056 2421 5109 in
2441 5055 2758 5110 convivium
2772 5054 3012 5109 adhibet.
3034 5052 3171 5107 Tum
3192 5066 3318 5107 vero
3334 5052 3415 5106 in-

1833 5151 2134 5206 calescente
2156 5150 2264 5223 45
2296 5150 2577 5205 merodux
2604 5149 2868 5205 adductas
2894 5148 3035 5203 tilias
3061 5147 3139 5201 eis
3166 5147 3223 5200 in
3248 5160 3415 5215 spon-

1834 5257 1925 5297 sas
1955 5242 2122 5297 tradit
2152 5244 2365 5311 sibique
2400 5256 2630 5311 generos
2660 5240 2811 5296 facit.
2832 5244 2909 5295 Ac
2934 5240 3171 5309 primum
3191 5236 3411 5307 quidem

1838 5335 1913 5389 rei
1950 5335 2190 5389 novitate
2219 5334 2572 5404 inauditaque
2625 5334 3005 5389 benevolentia
3036 5332 3089 5386 in
3136 5339 3412 5400 stuporem

1833 5428 1965 5498 agit,
2000 5428 2073 5482 ita
2107 5437 2165 5483 ut
2198 5443 2299 5481 vox
2339 5428 2455 5497 ipsa
2489 5427 2611 5483 illos
2638 5427 2932 5481 deficeret:
2982 5435 3169 5495 postea
3226 5434 3409 5478 tamen

1834 5529 1887 5574 et
1920 5521 2020 5590 ipsi
2055 5524 2286 5591 probant
2338 5535 2399 5575 ac
2431 5520 2803 5576 assentiuntur
2830 5560 2845 5584 ,
2872 5519 3033 5575 deum
3082 5518 3223 5575 forte
3284 5526 3411 5581 rati,

1836 5625 1944 5664 non
1983 5612 2284 5675 hominem,
2310 5612 2406 5681 qui
2439 5611 2519 5669 sic
2545 5612 2937 5668 demereretur.

1425 5696 1660 5752 VARUE
1701 5699 2106 5758 LECTIONES.

232 5780 271 5812 ⁸⁸
298 5782 692 5854 ἑπιτρέπεσῢαι
730 5785 786 5839 Ρ.
810 5787 880 5841 cf.
902 5787 931 5842 -ί
956 5788 1024 5843 illi
1053 5798 1191 5843 extr.

1275 5790 1313 5816 "~'
1338 5788 1618 5858 φέρουσιν]
1649 5792 1930 5851 Cedrenus
1960 5794 2424 5866 ἐκτραχηλίξοιεν·
