4158 6442
121 394 178 456 55
1140 370 1288 429 LlB.
1326 368 1405 425 ll.
1433 391 1499 402 --
1533 360 1873 424 MICHAEL
1907 359 2395 420 AMORIENSIS.
3298 359 3366 421 66

121 500 261 554 τοῦτο
292 496 584 562 ὑπομεῖναι
610 486 844 555 πληγὰς,
879 482 1055 551 φυγὰς
1094 481 1229 550 πρὸς
1257 477 1383 538 τοὺς
1413 475 1471 540 ἐξ
1504 474 1683 540 Ἅγαρ
1716 521 1720 530 ,

1829 485 1895 523 on
1925 479 2109 537 posset
2148 484 2211 523 ac
2240 478 2504 538 praeterea
2529 482 2718 537 pmnas
2764 467 2892 523 talia
2946 466 3190 523 facinora
3252 486 3366 523 mo-

124 590 337 656 γίνεται,
369 586 465 638 καὶ
487 579 700 641 τούτοις
729 576 913 630 πίστιν
943 573 1135 641 ἱκανὴν
1159 570 1221 622 ἐκ
1254 583 1315 621 τε
1349 566 1457 619 τῶν
1485 563 1687 618 καταλ-

1826 560 2054 614 ientibns
2087 561 2419 615 constitutas
2453 569 2739 625 metueret,
2766 561 2836 614 ad
2866 560 3151 629 Agarenos
3182 560 3369 629 profu-

123 650 280 749 λήλων
311 674 477 731 αὑτοῦ
529 674 653 734 δοὺς
681 669 934 741 πράξεων
988 664 1075 718 διὰ
1108 660 1318 715 πολλῶν
1349 659 1450 730 ἠδη
1481 656 1690 749 χρόνων

1826 654 1911 717 it;
1948 652 2147 719 quibus
2175 667 2298 705 cum
2336 667 2394 707 se
2431 650 2567 706 satis
2599 652 2895 707 multorum
2942 654 3060 722 jam
3098 666 3368 706 annorum

126 743 247 837 (ἔτος
276 770 388 839 γάρ
416 784 519 820 που
548 765 797 835 διηνύετο
819 760 992 830 τούτῳ
1019 759 1272 827 πέμπτον
1303 753 1396 807 καὶ
1423 747 1689 839 εἰκοστόν)

1826 743 2038 796 νοτίουιο
2072 744 2280 809 (annos
2313 745 2456 797 enim
2487 743 2729 814 quinque
2766 760 2931 813 supra
2964 745 3151 814 viginti
3176 760 3369 813 exege-

129 834 203 912 καὶ
235 834 300 911 ἐκ
332 834 428 909 τοῦ
455 855 546 908 τὸν
588 834 823 923 Χριστὸν
867 849 962 903 καὶ
1006 846 1139 899 Θεὸν
1199 841 1470 914 ἡρνῆσθαι
1509 838 1687 910 ἡμῶν,

1828 834 1916 905 at)
1951 849 2011 887 ac
2032 842 2144 887 tum
2171 849 2233 887 ex
2270 848 2481 889 morum
2510 835 2908 901 convenientia,
2933 844 3047 889 tum
3075 850 3142 889 ex
3168 834 3371 891 Christi

128 949 420 1020 πολεμικῆς
450 963 595 1009 τινος
624 944 901 1014 φάλαγγος
922 942 1131 1009 γίνεται
1152 937 1392 1009 ἀρχηγὸς
1424 932 1518 988 καὶ
1551 931 1693 986 κατὰ

1826 929 1892 981 lci
1934 930 2108 982 nostri
2155 927 2366 997 ejurata
2402 928 2503 982 tide
2539 929 2842 998 probasset,
2895 928 3119 982 militari
3161 927 3373 983 cohorti

129 1019 459 1113 Χριστιανῶν
510 1040 818 1103 όπλίζεται,
850 1033 1226 1106 κραταιοτάτῃ
1280 1027 1425 1101 χειρὶ
1454 1026 1553 1098 τὴν
1584 1025 1691 1077 τῶν

1834 1020 1867 1072 h
1900 1019 1981 1073 eis
2034 1019 2330 1089 praeficitur
2371 1033 2436 1072 ac
2480 1029 2669 1073 contra
2716 1019 3060 1075 Christianos
3108 1027 3372 1079 armatur.

141 1133 417 1204 Ῥωμαίων
473 1129 748 1201 βασιλείαν
802 1126 905 1179 ὑπὸ
932 1126 1034 1196 τὴν
1066 1123 1245 1177 αὐτῶν
1286 1122 1442 1191 χεῖρα
1467 1116 1691 1184 ποιῆσαι

1829 1110 2178 1164 obustissima
2210 1125 2373 1165 manu
2414 1109 2724 1164 Romanum
2755 1110 3045 1179 imperium
3074 1108 3291 1163 illorum
3318 1125 3377 1163 se

132 1225 619 1295 καθυποσχόμενος.
676 1220 787 1273 Καὶ
825 1220 916 1273 ἵνα
977 1217 1052 1286 μή
1106 1231 1226 1267 τινα
1259 1209 1507 1282 ἐμποδὼν
1543 1208 1691 1277 παρὰ

1826 1202 2022 1257 litionis
2057 1203 2325 1257 facturum
2375 1201 2671 1272 pollicitus.
2728 1204 2805 1258 Ac
2843 1218 2911 1257 ne
2955 1203 3080 1273 quis
3111 1203 3188 1257 illi
3236 1202 3378 1272 apud

140 1318 419 1388 Ῥωμαίοις
453 1314 738 1384 γινόμενος
781 1313 907 1381 σχῇ,
954 1308 1161 1368 πάντας
1190 1305 1249 1359 δὲ
1280 1300 1692 1368 συνεφαπτομέ-

1826 1298 2085 1350 lomanos
2132 1296 2409 1365 negotium
2436 1295 2620 1358 faciat,
2649 1295 2744 1349 sed
2772 1295 2821 1349 ei
2852 1297 3035 1364 potius
3059 1296 3243 1350 cuncti
3281 1295 3382 1350 ad-

132 1429 236 1472 vat);
303 1410 399 1463 καὶ
448 1406 640 1461 τούτου
692 1398 1235 1473 προκινδυνεύοντας,
1286 1392 1692 1448 Κωνσταντῖνον

1826 1398 2094 1458 nngantur
2111 1403 2321 1459 suoque
2344 1389 2585 1460 periculo
2602 1388 2888 1443 uitandum
2910 1402 3032 1442 eum
3060 1388 3380 1457 suscipiant,

134 1500 252 1555 εἶναι
287 1501 454 1556 αὑτὸν
482 1499 579 1567 τῆς
611 1496 848 1565 Εἰρήνης
877 1491 1161 1561 διετράνου
1193 1487 1288 1541 καὶ
1330 1482 1688 1552 ἐπεφήμιζεν,

1826 1498 1924 1537 πεεθ
1960 1499 2018 1537 se
2050 1481 2475 1535 Constantinum
2516 1479 2699 1536 Irenes
2740 1481 2911 1535 tilium
2956 1479 3273 1535 manifestat
3316 1494 3383 1535 ac

133 1596 229 1665 ὀνή
264 1594 429 1647 ἄνοια
476 1593 571 1645 καὶ
621 1589 683 1641 τὸ
708 1587 801 1639 τοῦ
851 1584 1015 1655 ἡθους
1044 1582 1193 1651 ὠμὸν
1225 1578 1391 1632 παλαι
1421 1576 1517 1646 μὲν
1552 1573 1692 1644 μετὰ

1826 1591 1945 1629 ama
1971 1574 2177 1645 vulgat,
2219 1588 2381 1643 quem
2422 1572 2694 1628 dementia
2731 1586 3057 1641 morumque
3086 1573 3382 1627 crudelitas

135 1662 529 1757 riisﬁzatlsia;
575 1679 826 1749 ἀφείλετο
856 1679 951 1731 καὶ
999 1674 1124 1736 τοὺς
1170 1669 1508 1739 ὀφθαλμοὺς,
1541 1683 1692 1735 τηνι-

1826 1683 1905 1719 ina
1934 1682 2056 1719 cum
2085 1665 2314 1734 imperio
2335 1663 2639 1718 luminibus
2662 1678 2881 1733 quoque
2910 1663 3038 1716 olim
3059 1662 3384 1731 privaverat,

136 1754 293 1829 καῧτα
328 1774 385 1827 δὲ
422 1772 516 1827 καὶ
541 1772 633 1824 τὸν
663 1769 774 1839 βίον
807 1763 1156 1839 μετηλλαχὼς
1178 1758 1268 1833 ἦν.
1317 1757 1469 1811 Ἐπεὶ
1491 1757 1546 1810 δὲ
1597 1758 1689 1809 καὶ

1826 1760 2003 1828 inique
2037 1770 2163 1811 tunc
2203 1761 2367 1811 etiam
2408 1758 2461 1811 in
2494 1757 2751 1811 humanis
2785 1772 2906 1811 esse
2927 1756 3184 1811 desierat.
3240 1754 3379 1821 Quia

136 1872 184 1920 τ’)
207 1868 313 1921 τῶν
341 1865 595 1933 πράξεων
621 1860 850 1932 μέγεθος
881 1858 978 1912 καὶ
998 1858 1054 1911 αἱ
1078 1857 1366 1927 βόσκουσαι
1396 1850 1581 1904 τοῦτον
1612 1850 1697 1901 ἐλ-

1826 1867 1937 1906 :ero
1971 1867 2095 1905 cum
2126 1851 2404 1906 actionum
2436 1849 2777 1917 magnitudo,
2826 1859 2938 1903 tum
2972 1864 3091 1919 qua:
3124 1863 3251 1904 enm
3287 1865 3387 1918 pa-

139 1962 264 2023 πίὄες
291 1958 555 2014 κοινωνόν
575 1972 697 2009 τινα
725 1955 834 2007 τῶν
858 1950 1202 2023 πραγμάτων
1223 1945 1464 2017 ἀπῄτουν
1490 1945 1569 2015 (οὗ
1594 1943 1704 2014 γὰρ

141 2056 195 2107 Ξιν
213 2052 389 2119 ἄλλως
419 2048 569 2120 αὐτῷ
614 2048 683 2101 τὰ
706 2046 855 2100 κατὰ
882 2044 985 2114 γῆν
1020 2042 1115 2095 καὶ
1163 2040 1431 2093 θάλατταν
1464 2036 1705 2103 ὑπελάμ-

140 2150 249 2201 6ανε
280 2143 733 2218 κραταιοῦσθαι),
780 2141 876 2195 καὶ
920 2140 1037 2193 υἱόν
1066 2155 1190 2192 τινα
1236 2135 1563 2189 ἐπείσακτον
1581 2134 1705 2184 εἱσ-

142 2243 383 2303 ποιεῖται,
422 2240 489 2308 τῇ
552 2235 647 2289 τοῦ
697 2232 949 2305 σώματος
1014 2228 1442 2303 μεταμορφώσει
1472 2225 1573 2292 τὴν
1606 2222 1708 2290 τῆς

142 2332 295 2400 ύνχῆς
326 2330 594 2401 δηλοῦντα
615 2327 896 2391 ἀπόνοιαν,
939 2319 982 2392 ᾧ
1005 2323 1098 2376 καὶ
1127 2322 1391 2390 δυνάμεις
1433 2316 1706 2387 ἀρκούσας

144 2418 431 2490 παρασχὼν
465 2419 560 2471 καὶ
602 2416 982 2471 Κωνστάντιον
1037 2411 1413 2483 μετονομάσας
1467 2407 1707 2470 ἄλλοθεν,

144 2511 316 2565 ἑαυτὸν
341 2512 402 2564 δὲ
432 2510 699 2581 ἑτέρωθεν
748 2502 847 2578 τὴν
892 2506 1000 2558 τῶν
1056 2502 1349 2574 Ῥωμαίων
1377 2501 1584 2571 κείρειν
1617 2499 1713 2552 καὶ

142 2602 493 2672 κατατρέχειν
524 2600 787 2654 ἐπέταττε
837 2598 960 2669 γῆν.
1005 2597 1157 2650 Λέων
1202 2595 1322 2648 τότε
1374 2591 1571 2662 καιροῦ
1600 2593 1626 2644 ὁ
1654 2591 1713 2657 ἐξ

155 2695 449 2765 Ἀρμενίων
473 2693 569 2755 τας
601 2696 698 2763 τῆς
729 2691 1002 2761 βασιλείας
1030 2690 1391 2759 ἐκεκρατήκει
1439 2687 1613 2755 ἡνίας,
1656 2686 1714 2738 ὲν

146 2785 345 2855 ὑστέρῳ
372 2783 583 2854 καιρῷ·
610 2782 667 2845 ὃς
694 2780 920 2852 δύναμιν
942 2797 1070 2833 τινα
1101 2779 1221 2832 κατ’
1247 2777 1410 2830 αὑτοῦ
1442 2776 1716 2844 συστήσας

146 2879 236 2930 οὐκ
270 2877 558 2942 ἀξιόλογον
590 2874 760 2943 αὐτὴν
822 2873 920 2943 μὲν
973 2870 1243 2940 σφαλῆναι
1271 2868 1527 2936 ἐποίησεν
1578 2866 1719 2935 (ἅμα.

144 2970 242 3038 γὰρ
274 2970 341 3038 τῇ
381 2968 525 3037 πρὸς
559 2966 853 3035 πρόσωπον
916 2961 1219 3031 ἀπαντήσει
1272 2958 1532 3027 ἐτρέπετο
1583 2957 1719 3028 πρὸς

148 3058 359 3126 φυγὴν),
430 3052 621 3109 τοῦτον
668 3051 733 3107 ’δὲ
795 3051 1132 3124 θρασύτερον
1183 3049 1278 3102 καὶ
1314 3047 1534 3117 πλέονῆ
1569 3042 1636 3117 ἦν
1655 3047 1721 3100 τὰ

1812 1945 2038 1999 set-bant
2074 1960 2220 2014 spes,
2256 1959 2437 1999 rerum
2478 1944 2772 2014 quemdam
2806 1957 2869 1997 ac
2904 1943 3245 2013 negotiorum
3294 1957 3388 1997 so-

1811 2037 1957 2092 cium
1985 2037 2273 2107 exigebant
2305 2037 2453 2106 (non
2484 2036 2628 2090 enim
2664 2036 2821 2090 aliter
2856 2049 2916 2091 se
2960 2044 3116 2089 terra:
3144 2033 3392 2102 marique

1814 2126 2076 2181 victorem
2098 2125 2227 2181 fore
2257 2125 2692 2195 arbitrabatur),
2727 2136 3051 2179 extraneum
3097 2125 3389 2193 quemdam

1814 2219 1917 2273 sibi
1971 2218 2145 2272 filium
2193 2217 2437 2289 adoptat,
2495 2217 2770 2297 hominem
2818 2217 3023 2271 seil'net
3077 2216 3168 2287 qui
3226 2216 3391 2271 totius

1817 2314 2066 2381 corporis
2085 2312 2523 2367 conformatione
2554 2309 2752 2365 mentis
2782 2309 3092 2363 vecordiam
3118 2311 3390 2377 proderet.

1821 2406 1957 2461 lluic
1990 2422 2208 2476 quoque
2234 2422 2394 2475 pares
2418 2420 2517 2475 pro
2540 2402 3097 2472 expeditione-copias
3127 2405 3392 2473 assignat.

1820 2516 1885 2555 ac
1918 2500 2225 2555 Constantii
2269 2499 2442 2553 indito
2470 2500 2695 2552 homine
2719 2514 2783 2553 ex
2816 2513 2913 2553 sua
2948 2510 3219 2566 quemque
3248 2504 3397 2565 parte

1824 2590 2125 2645 Romanam
2157 2590 2427 2643 ditionem
2455 2588 2568 2659 52
2599 2589 2847 2658 populari
2876 2604 2940 2643 ac
2992 2590 3272 2643 incursare
3311 2587 3398 2656 ju-

1824 2683 1930 2736 bet.
1962 2683 2070 2737 Leo
2096 2683 2383 2736 Armenius
2422 2681 2496 2734 rei
2534 2681 2764 2750 publieae
2798 2681 3042 2735 habenas
3064 2690 3195 2734 tunc
3214 2679 3399 2733 mode-

1827 2776 2069 2838 rabatur,
2100 2775 2198 2828 sub
2229 2774 2436 2842 imperii
2462 2776 2543 2828 sui
2573 2785 2818 2827 extrema
2846 2784 3110 2843 tempora.
3138 2771 3186 2827 Is
3206 2767 3409 2839 parum

1829 2867 2021 2920 validis
2050 2867 2311 2919 adversus
2344 2864 2494 2917 illum
2526 2864 2776 2919 conﬂatis
2802 2865 2997 2931 copiis,
3031 2862 3147 2917 suis
3177 2860 3399 2931 quidem

1828 2958 2001 3012 cladis
2042 2966 2237 3010 auctor
2276 2956 2400 3020 fuit,
2445 2958 2622 3025 utqui
2676 2957 2853 3026 primo
2893 2956 3133 3011 hostium
3175 2956 3401 3010 incursu

1829 3058 1980 3119 terga
2004 3050 2271 3113 dederint,
2310 3049 2462 3103 illum
2500 3065 2627 3103 vero
2661 3050 3010 3104 audaciorem
3038 3048 3167 3104 fecit
3190 3064 3255 3104 ac
3288 3065 3403 3103 ma-

146 3150 257 3203 καθ’
296 3150 407 3203 ’ὲαυ
422 3148 508 3201 τὸν
533 3148 775 3217 φρονεῖν.
825 3145 933 3197 Καὶ
965 3144 993 3195 ὁ
1026 3142 1125 3213 μὲν
1166 3141 1379 3213 πρῶτος
1414 3140 1507 3192 καὶ
1555 3139 1720 3202 πολὺς

1826 3143 1946 3214 jora
1982 3159 2143 3213 quam
2178 3158 2275 3212 pro
2312 3143 2395 3197 sui
2439 3143 2649 3196 ratione
2695 3158 2889 3211 sapere
2941 3142 3178 3211 impulit.
3219 3140 3403 3196 Prima

145 3239 309 3302 οὕτως
355 3240 510 3309 ἔχειν
566 3237 726 3303 λόγος
764 3235 1018 3305 περὶτῆς
1056 3233 1309 3301 τοιαύτης
1335 3232 1599 3301 κινήσεως
1630 3231 1724 3282 καὶ

150 3328 382 3392 στάσεώς
412 3344 551 3397 φησι
583 3326 683 3397 τὴν
714 3326 911 3396 ἀρχήν.

206 3429 299 3475 ια’.
330 3424 569 3491 ’Δτερος
589 3420 646 3471 δὲ
667 3417 855 3471 τοῦτον
876 3412 1018 3469 εἶναι
1038 3414 1126 3468 τὸν
1151 3414 1373 3485 Θωμᾶν,
1411 3414 1579 3484 μηδὲν
1600 3412 1728 3483 περὶ

148 3515 235 3584 τῆς
265 3515 525 3584 κλήσεως
570 3511 1007 3583 διενηνεγμένος,
1059 3510 1149 3563 τὸν
1187 3508 1265 3579 τῷ
1296 3508 1577 3578 Βαρδανίῳ
1628 3507 1727 3578 μὲν

146 3610 304 3663 παλαι
366 3609 628 3671 συνόντα,
692 3605 843 3677 παρὰ
888 3606 981 3658 τοῦ
1011 3606 1363 3675 ἡγησαμένου
1394 3604 1451 3655 δὲ
1502 3604 1728 3665 Λέοντος

143 3701 441 3771 τιμηθέντα
460 3716 475 3730 °
507 3700 567 3762 ὃς
593 3698 693 3768 τὴν
711 3696 818 3749 τῶν
836 3696 1166 3765 φοιδερὰτων
1188 3696 1487 3764 τηνικαῦτα
1514 3695 1731 3748 διοικῶν

145 3794 331 3863 ἀρχὴν,
372 3791 526 3843 κατὰ
558 3789 647 3841 τὸν
693 3787 1038 3841 Ἀνατολικὺν
1081 3786 1457 3857 ἐνδιατρίϐων,
1492 3787 1613 3837 ἐπεὶ
1643 3787 1732 3837 τὸν

134 3884 358 3955 ’Μιχαὴλ
396 3884 532 3953 ἄρτι
559 3882 815 3953 διήκουεν
846 3880 1166 3951 ἀνῃρηκότα
1199 3878 1289 3931 τὶν
1315 3878 1540 3940 Λέοντα,
1589 3876 1735 3929 ἐκδι-

144 3982 268 4043 κῶν,
298 3979 448 4049 ὁμοῦ
480 3978 541 4030 δὲ
568 3978 660 4029 καὶ
686 3976 856 4046 θύμον
888 3976 1017 4028 ἴδιον
1043 3972 1420 4044 ἀποπιμπλῶν
1447 3971 1735 4041 (ἐτύγχανε

143 4074 242 4145 γάρ
278 4091 388 4126 που
428 4070 716 4143 πὸρῤωθεν
741 4068 802 4134 ἔξ
834 4068 1138 4140 ἡλικιωτῶν
1179 4066 1570 4136 διαφερόμενος
1601 4065 1738 4132 πρὸς

1830 3238 1944 3292 haec
1984 3246 2068 3291 est
2115 3237 2385 3305 longeque
2416 3236 2648 3290 celebris
2694 3251 2756 3290 ac
2802 3235 3017 3305 vulgata
3069 3236 3227 3304 primi
3287 3236 3407 3306 ejus

1828 3340 2010 3385 motus
2032 3345 2094 3385 ac
2117 3328 2435 3384 defectionis
2473 3328 2734 3382 narratio.

1902 3420 2204 3477 ll.Altera
2266 3420 2410 3474 hunc
2466 3418 2733 3472 Thomam
2790 3432 2916 3472 eum
2974 3432 3095 3472 esse
3153 3415 3404 3480 allirmat,

1831 3514 1979 3567 nulla
2004 3512 2241 3565 nominis
2273 3508 2622 3573 diversitate,
2647 3508 2740 3577 qui
2770 3506 2820 3561 in
2856 3506 3107 3563 Bardanii
3131 3508 3406 3577 quondam

1833 3606 2037 3661 familia
2069 3603 2247 3659 fuerat
2271 3618 2335 3657 ac
2365 3617 2530 3672 quem
2557 3600 2672 3656 Leo
2709 3602 3005 3670 imperator
3053 3610 3271 3655 creatus
3308 3601 3407 3654 ho-

1835 3700 2059 3753 noribus
2085 3705 2330 3751 auxerat.
2366 3694 2415 3751 ls
2449 3706 2580 3749 tunc
2611 3693 3003 3748 foederatorum
3036 3692 3239 3760 agmini
3273 3707 3410 3759 prte-

1837 3791 2047 3859 positus
2073 3791 2126 3843 in
2159 3787 2514 3843 Orientalium
2542 3787 2780 3839 themate
2807 3784 3057 3854 degebat.
3091 3782 3195 3838 Ubi
3228 3783 3412 3850 itaque

1840 3879 2155 3935 llieliaclem
2207 3892 2235 3930 a
2286 3874 2467 3929 Leone
2514 3874 2673 3944 paulo
2723 3882 2849 3927 ante
2892 3872 3164 3927 sublatum
3216 3872 3410 3935 audiit,

1840 3976 1958 4043 ejus
1994 3974 2210 4026 ulturus
2240 3985 2449 4034 manes,
2483 3968 2648 4023 simul
2677 3981 2805 4021 vero
2832 3967 2994 4021 etiam
3035 3967 3144 4019 iras
3172 3965 3260 4018 ille
3284 3979 3414 4019 suas

1840 4062 2398 4134 exsatiaturus(nam
2451 4062 2519 4116 ah
2571 4061 2937 4115 adolescentia
2982 4060 3123 4113 haud
3180 4058 3313 4113 satis
3366 4058 3415 4112 ei

144 4167 348 4238 αὑτὸν),
383 4164 493 4218 καὶ
530 4164 646 4233 ἅμα
670 4162 770 4234 τὴν
795 4160 836 4191 ⁵¹
871 4159 1001 4230 περὶ
1027 4156 1193 4213 αὐτοῦ
1220 4156 1313 4209 τοῦ
1342 4158 1398 4209 ὲν
1434 4154 1522 4227 [Ρ.
1544 4153 1638 4227 ’54]
1664 4155 1740 4226 τῷ

144 4258 463 4329 Φιλομηλίῳ
506 4255 747 4327 μοναχοῦ
801 4252 1107 4323 πρόρρησιν
1162 4249 1515 4320 φοϐούμενος,
1581 4252 1742 4320 χεῖρα

144 4350 395 4404 ἐναντίαν
428 4350 600 4410 κινεῖ,
625 4348 720 4401 καὶ
741 4349 899 4417 χεῖρα
918 4346 978 4399 ού
1012 4343 1215 4415 μικράν
1238 4359 1358 4395 τινα
1395 4342 1488 4394 καὶ
1518 4340 1717 4411 ἀσθενῆ

1848 4354 2056 4409 movet,
2090 4359 2187 4397 nec
2213 4357 2341 4397 vero
2373 4340 2605 4396 modicis
2632 4339 2808 4407 copiis
2848 4351 2913 4390 ac
2951 4334 3284 4393 imbellibus.
3326 4333 3419 4386 sed

143 4442 366 4515 βαρεῖαν
386 4444 451 4496 δὲ
491 4441 591 4495 καὶ
614 4438 857 4509 ἀνδρώδη
890 4438 992 4489 καὶ
1019 4435 1294 4505 νεανικὴν,
1323 4437 1505 4487 πᾶσαν
1530 4432 1720 4503 ἡλικίαε

1848 4437 2164 4508 ingentibus
2213 4434 2466 4503 virilique
2513 4430 2835 4487 fortitudine
2878 4443 2942 4483 ac
2996 4436 3187 4497 vegeto
3225 4426 3423 4480 robore

142 4534 242 4586 τῶν
262 4535 398 4605 δόρυ
431 4530 761 4601 δυναμένων
794 4530 963 4582 κινεῖν
993 4526 1131 4597 ἔχων
1166 4526 1285 4597 μεθ’
1311 4524 1528 4579 ἑαυτοῦ.
1553 4523 1720 4592 Ἐτύγη

1851 4527 2119 4581 instructo
2146 4524 2411 4587 exercitu,
2442 4537 2566 4577 eum
2599 4520 2745 4575 nulla
2770 4527 2901 4574 aetas
2924 4518 2989 4573 ad
3037 4532 3191 4571 arma
3230 4517 3423 4571 idonea

143 4646 268 4696 χανε
294 4630 410 4698 γάρ
440 4643 569 4687 πως
605 4624 700 4677 καὶ
722 4622 898 4684 ἄλλως
931 4622 959 4675 ὁ
989 4619 1208 4691 Μιχαὴλ
1246 4620 1351 4672 ὑπὸ
1402 4619 1623 4672 πάντων
1656 4636 1715 4687 μι

1848 4619 2271 4675 desideraretur.
2306 4616 2525 4683 Alioqui
2559 4613 2704 4667 enim
2748 4612 2911 4667 etiam
2949 4610 3178 4665 Michael
3210 4611 3425 4664 cunctis

147 4721 433 4791 σούμενος,
500 4719 600 4772 an:
631 4715 695 4786 δὴ
715 4714 902 4783 κακῆς
945 4714 1043 4783 μὲν
1092 4710 1356 4782 αἱρέσεως
1397 4709 1719 4781 μετεσχηκὼ

1849 4712 1962 4767 fere
1987 4712 2113 4766 odio
2150 4709 2475 4771 habebatur,
2504 4716 2616 4759 tum
2652 4706 2794 4774 quod
2834 4703 3276 4773 Athinganorum
3325 4718 3422 4755 ne-

146 4815 234 4884 τῆς
274 4813 393 4865 τῶν
426 4807 807 4877 Ἀθιγγὰνων,
859 4805 935 4869 ὡς
966 4805 1205 4873 εἴρηται,
1236 4802 1332 4854 καὶ
1381 4802 1463 4854 ὅτι
1497 4800 1719 4869 γλῶσσα

1853 4806 2028 4861 laudae
2072 4804 2318 4866 limresis,
2346 4801 2421 4856 uti
2451 4800 2658 4854 dictum
2684 4808 2786 4861 est,
2820 4796 3151 4851 commercio
3185 4794 3426 4864 pollutus

146 4904 505 4974 χωλεύουσαν
544 4901 683 4971 ἔχων
718 4901 797 4961 εἰς
824 4898 1116 4969 ἀνανδρίαν
1152 4898 1244 4950 καὶ
1273 4895 1547 4965 μαλακίαν
1580 4894 1720 4947 διε6ε

1851 4906 2017 4961 esset,
2052 4905 2164 4949 tum
2196 4893 2342 4964 quod
2376 4888 2727 4945 balbutientis
2776 4888 2974 4957 linguze
3007 4886 3137 4940 vitio
3170 4886 3425 4939 laborans

148 4998 327 5066 ὁὸητο,
366 4993 573 5065 πολλῷ
602 4994 660 5046 δὲ
693 4992 916 5062 μᾶλλον,
948 4991 1029 5043 ὃτι
1048 4989 1146 5061 τὴν
1175 4988 1352 5059 ψυχὴν
1378 4988 1475 5056 τῆς
1506 4986 1720 5056 γλώττη

1853 4989 2087 5044 imbellis
2113 4987 2400 5054 mollisque
2424 4996 2620 5037 nomen
2656 4980 2916 5045 haberet;
2946 4987 3061 5033 tum
3088 4979 3251 5032 etiam
3282 4978 3427 5045 quod

150 5090 241 5160 οὐχ
272 5084 450 5163 ἦττον
485 5085 840 5158 χωλεύουσαν
892 5083 1106 5153 ἔφερεν,
1156 5080 1505 5134 ἑὸδελύσσετό
1566 5096 1626 5131 τε
1664 5097 1720 5132 κσ

1856 5098 1964 5136 non
2018 5080 2206 5134 minus
2236 5077 2422 5130 animo
2453 5089 2619 5143 quam
2681 5071 2867 5142 lingua
2922 5071 3213 5140 impeditus
3260 5076 3429 5131 esset,

151 5184 222 5243 εἰς
258 5184 471 5252 φόρτον
509 5178 800 5246 λελόγιστο
829 5178 940 5238 τοῖς
978 5173 1215 5236 πολλοῖς.
1271 5172 1329 5226 ’0
1359 5170 1562 5241 Θωμᾶς
1591 5172 1668 5234 δὲ,
1707 5189 1720 5223 ε

1857 5176 2020 5230 homo
2066 5173 2276 5228 scilicet
2312 5167 2586 5238 perversis
2632 5166 2899 5229 moribus,
2930 5162 3294 5217 esset-rationi
3325 5158 3429 5230 53

154 5279 244 5328 καὶ
268 5243 346 5329 τὸ.
386 5274 602 5336 σκέλος
639 5243 1039 5341 πεπηρωμένος
1090 5268 1184 5321 καὶ
1215 5268 1290 5338 τῷ
1314 5265 1460 5334 γένει
1485 5264 1720 5335 βάρϐαρε

1857 5276 1973 5323 erat
2010 5280 2075 5318 ac
2132 5264 2292 5331 vulgo
2336 5259 2600 5313 molestus
2656 5254 2969 5326 putabatur.
3018 5243 3258 5304 Thomas
3301 5265 3432 5302 veru

154 5360 235 5436 ἦν,
264 5366 381 5419 ἀλλ’
409 5365 519 5419 οὖν
555 5365 627 5434 τῇ
668 5378 732 5431 γε
757 5362 920 5432 πολιᾷ
949 5359 1250 5428 αἰδέσιμος,
1304 5358 1398 5411 καὶ
1441 5356 1641 5427 μᾶλλον
1669 5374 1720 5423 φτ

1862 5372 2175 5430 quanquam
2206 5368 2366 5407 crure
2392 5353 2594 5405 oblatso
2638 5364 2701 5403 ac
2736 5361 2931 5417 genere
2976 5345 3244 5400 barbarus
3291 5354 3430 5404 erat,

157 5458 413 5527 λούμενος
434 5457 776 5524 ἐτύγχανεν,
794 5454 877 5506 ὅτι
899 5452 959 5507 τὸ
977 5452 1385 5522 εὐπροσήγορον
1410 5450 1499 5506 καὶ
1520 5450 1720 5501 ἀστεῖοι

1863 5448 2066 5504 canitie
2086 5456 2264 5499 tamen
2296 5441 2646 5504 venerabilis,
2678 5439 2958 5506 magisque
2988 5450 3018 5489 a
3052 5436 3265 5489 cunctis
3291 5448 3414 5486 ama

158 5545 239 5601 οἷα
272 5550 337 5622 δὴ
367 5550 530 5619 φιλεῖ
560 5550 595 5600 ὁ
626 5546 963 5618 στρατιώτης
1017 5544 1193 5615 ὄχλος,
1243 5542 1389 5613 αὐτῷ
1441 5559 1541 5594 που
1570 5558 1720 5593 συνοι

1865 5542 2046 5602 batur,
2091 5534 2237 5607 quod
2269 5547 2465 5603 nempe
2519 5532 2585 5585 ad
2633 5542 2991 5599 congressum
3036 5525 3210 5579 facilis
3270 5532 3433 5591 atque

164 5643 313 5698 είωτο
346 5646 417 5698 ἐκ
453 5641 687 5708 παιδὸς,
713 5639 931 5695 καὶτῶν
961 5640 1098 5694 κατὰ
1127 5639 1480 5709 γενναιότητα
1508 5635 1720 5701 σώματι

1868 5633 2108 5687 urbanus
2141 5637 2289 5689 erat;
2326 5640 2461 5695 quas
2490 5624 2676 5693 utique
2704 5622 2857 5677 dotes
2881 5617 3162 5675 ordinibus
3187 5616 3431 5689 gratissi-

1479 5748 1708 5803 V'Allt/E
1742 5743 2142 5803 LEC'HUNES.

1842 4175 1965 4215 cum
1987 4157 2249 4212 Michaele
2276 4153 2672 4221 convenerat),
2705 4152 2869 4207 simul
2890 4166 3112 4220 quoque
3146 4149 3415 4202 Philome-

1844 4252 2037 4308 liensis
2090 4248 2344 4305 monachi
2386 4248 2452 4301 de
2503 4261 2561 4301 se
2601 4245 2856 4301 vaticinia
2915 4245 3134 4304 timens,
3193 4241 3247 4296 in
3292 4256 3416 4294 cum

232 5833 272 5864 ³¹
300 5833 401 5896 τὰς
425 5830 493 5884 Ρ.
