4158 6442
715 331 779 391 67
1813 328 2319 391 THEOPIIANES
2356 323 2914 391 CONTINUATUS.
3898 333 3967 394 08

716 457 832 497 mas
867 458 896 496 a
920 457 1090 513 puero
1116 442 1227 511 jam
1255 441 1357 495 sibi
1391 454 1682 508 asen'crat,
1714 443 2070 513 corporisque
2095 443 2291 496 robore

2405 443 2453 495 οὐ
2484 443 2546 512 δή
2578 459 2722 505 τινος
2752 443 3003 512 ἐφαίνετο
3030 441 3304 513 δεύτερος.
3328 438 3498 507 Οὗτος
3518 443 3611 497 οὖν
3639 445 3765 508 τοὺς
3796 446 3971 515 {np-,-

716 534 848 586 nnlli
880 535 1125 589 cedebat.
1180 531 1364 602 Itaque
1398 534 1743 602 publiCorum
1780 535 2128 603 vectigalium
2157 549 2288 587 eva-

716 624 958 677 etoribus
995 624 1047 675 in
1087 639 1219 678 suas
1250 633 1431 693 partes
1457 625 1725 689 adductis,
1752 626 2057 695 vulgusque
2077 625 2289 693 magni-

716 716 831 768 tieis
861 714 1241 783 largitionibus
1283 716 1387 770 sibi
1420 717 1687 771 demereri
1724 718 1970 782 studens,
2019 716 2200 770 clarus
2224 730 2285 771 ex

714 810 862 862 tenui
891 811 1238 877 obscureque
1279 809 1457 863 evasit
1491 824 1667 877 exque
1706 825 1866 862 manu
1921 810 2141 862 minima
2170 824 2289 863 ma-

714 918 873 972 gnus.
930 903 1082 955 Alios
1114 903 1407 955 verborum
1444 900 1717 953 lenocinio
1757 900 2112 969 amicitiaeque
2154 914 2293 969 qua-

724 996 848 1047 dam
918 996 1100 1064 specie
1141 995 1244 1048 sibi
1304 993 1653 1058 conciliabat,
1708 1002 1980 1061 quotquot
2031 992 2291 1048 nimirum

715 1103 979 1140 novarum
1035 1102 1214 1139 rerum
1271 1085 1698 1154 divitiarumque
1751 1100 1907 1137 amor
1954 1082 2289 1151 incesserat;

713 1180 853 1233 alios
890 1180 938 1230 vi
972 1194 1035 1232 ac
1062 1179 1329 1232 renitente
1347 1178 1551 1242 animo,
1583 1193 1721 1245 quos
1759 1176 2024 1229 bellorum
2049 1175 2290 1228 civilium

715 1273 856 1325 mala
888 1271 1003 1340 jam
1036 1271 1230 1325 doctos
1271 1271 1516 1339 periculo
1549 1284 1656 1322 non
1688 1268 1946 1322 latebant.
2004 1268 2082 1320 Eo
2136 1267 2292 1320 initio

713 1373 1017 1433 eruperunt
1044 1363 1184 1416 bella
1216 1362 1421 1426 civilia,
1454 1361 1744 1429 instarque
1773 1360 2109 1414 Niliaeorum
2145 1369 2295 1412 cata-

712 1464 990 1508 raCtarum
1017 1464 1224 1522 aperta,
1254 1469 1360 1506 non
1388 1469 1556 1523 aqua,
1588 1454 1679 1506 sed
1705 1467 1901 1506 cruore
1923 1462 2122 1505 terram
2148 1451 2295 1518 large

715 1550 1037 1618 irrigarunt.
1072 1544 1209 1600 Hinc
1234 1547 1376 1598 servi
1409 1545 1673 1598 adversus
1707 1544 1888 1606 heros,
1912 1543 2070 1597 miles
2100 1542 2293 1597 statio-

714 1643 905 1695 narius
965 1641 1229 1693 adversus
1295 1636 1651 1701 cobortaIem,
1722 1635 1975 1690 centurio
2031 1636 2295 1690 adversus

721 1736 999 1788 exercitus
1025 1732 1221 1785 ducem
1251 1740 1484 1784 cruento
1513 1729 1658 1784 ferro
1682 1730 1902 1784 dextras
1920 1738 2292 1784 armaverunt.

714 1826 1103 1892 “aeternusque
1132 1823 1313 1875 omnis
1354 1822 1482 1875 Asia
1525 1819 1686 1873 malis
1723 1821 1919 1872 obruta
1965 1820 2145 1873 dirum
2204 1834 2295 1888 ge-

715 1917 918 1969 mebat.
952 1912 1249 1967 Civitatum
1296 1912 1438 1965 Asiae
1476 1912 1724 1980 integraa,
1764 1926 1829 1970 ae
1857 1918 2075 1980 quanta:
2116 1919 2294 1974 erant,

720 2016 1034 2061 exterrente
1090 2015 1238 2058 metu
1289 2003 1626 2059 deditionem
1684 2003 1909 2058 Tbomze
1967 2002 2296 2069 faciebant;

714 2112 834 2168 quae
860 2108 1040 2151 autem
1068 2097 1381 2165 imperatori
1414 2096 1575 2150 tidem
1608 2106 1891 2151 servantes
1924 2096 2018 2150 diu
2060 2094 2295 2165 saepius-

714 2206 821 2258 que
845 2191 1180 2253 restiteranl,
1218 2190 1403 2242 inultis
1435 2189 1675 2241 caedibus
1710 2189 2124 2257 praedarumque
2154 2191 2201 2240 vi
2234 2203 2299 2242 ac

714 2278 1115 2348 direptionibus
1144 2279 1491 2347 postmodum
1524 2290 1578 2329 et
1620 2278 1752 2347 ipsa:
1776 2277 1979 2331 collum
2014 2278 2301 2333 submitte-

714 2373 863 2425 bant.
912 2369 1154 2440 Denique
1188 2378 1300 2423 tota
1344 2370 1472 2422 Asia
1508 2371 1559 2422 in
1592 2370 1716 2436 ejus
1759 2378 1943 2439 partes
2002 2370 2299 2433 concessit,

714 2466 959 2536 exceptis
986 2467 1252 2520 duntaxat
1281 2466 1535 2534 Cataeyla
1590 2465 1797 2533 Opsieii
1843 2475 1899 2518 et
1927 2463 2161 2519 Olbiano
2196 2469 2302 2518 Ar-

718 2558 1094 2612 ineniaeoium
1162 2558 1416 2611 ducibus.
1467 2556 1576 2627 55
1611 2557 1673 2609 lli
1723 2557 1832 2610 duo
1879 2557 1982 2612 soli
2039 2557 2092 2611 iu
2153 2567 2300 2611 tanta

714 2650 987 2705 exercitus
1024 2651 1229 2705 ducum
1270 2651 1619 2705 multitudine
1648 2648 1896 2705 Michaeli
1933 2651 2108 2721 palam
2142 2652 2300 2704 ﬁdem

714 2757 1024 2797 servavere.
1083 2740 1293 2796 Idcirco
1360 2744 1524 2795 etiam
1595 2742 1817 2796 Miebael
1874 2744 2105 2812 gratiam
2159 2744 2301 2797 refe-

714 2849 865 2899 rens,
906 2835 1052 2903 quod
1084 2836 1205 2904 ejus
1249 2850 1475 2888 causam
1508 2850 1617 2889 non
1651 2834 2037 2904 prodidissent,
2095 2837 2302 2889 nummi

716 2928 882 2981 unius
926 2927 1171 2995 argentei
1219 2928 1272 2981 in
1308 2929 1563 2981 terarium
1603 2928 1868 2997 principis
1915 2927 2102 2982 inferri
2155 2928 2301 2981 soliti

718 3019 814 3083 (ac
839 3018 1137 3073 fumarium
1168 3021 1435 3073 tributum
1463 3020 1795 3089 vocabatur)
1824 3019 2035 3073 veniam
2054 3019 2134 3074 eis
2150 3017 2300 3075 fecit.

2394 536 2541 599 σίους
2562 538 2761 606 φόρους
2791 537 3217 609 εἰσπράττοντας
3255 539 3333 601 εὶς
3363 539 3555 594 ἑαυτὸν
3577 540 3971 608 εἰσποιησάμε-

2392 645 2501 694 νος,
2535 630 2631 682 καὶ
2656 630 2719 681 ὲκ
2748 629 3153 699 μεγαλόφρονος
3185 629 3477 691 ἐπιδόσεως
3527 630 3845 695 σπουδᾶζων
3877 630 3971 698 ὑφ’

2392 720 2584 772 ἑαυτδν
2613 721 2788 772 ποιεῖν
2812 720 2938 782 τοὺς
2969 718 3218 782 πολλοὺς,
3245 718 3412 781 πολὺς
3429 718 3656 785 γέγονεν
3689 720 3752 770 ὲκ
3772 716 3971 786 μοιροῦ

2392 810 2490 863 καὶ
2522 811 2696 880 μέγας
2746 810 2806 876 ἐξ
2845 810 3134 881 ἐλαχίστης
3190 812 3406 881 χειρός·
3432 812 3559 874 τοὺς
3592 811 3690 879 μὲν
3721 810 3829 878 γὰρ
3868 805 3972 878 ἦγε

2394 901 2574 955 πειθοί
2606 900 2699 955 καί
2732 920 2837 954 τινι
2877 902 3052 971 φιλία,
3085 904 3231 966 ὅσοις
3269 902 3333 973 δὴ
3380 904 3408 955 ὁ
3430 903 3538 957 τῶν
3562 903 3764 954 καινῶν
3793 918 3977 970 πραγ-

2397 993 2582 1064 μάτων
2617 996 2709 1047 καὶ
2740 995 2800 1047 τὸ
2837 993 3213 1062 φιλοπλουτεῖν
3235 996 3372 1069 ἔρως
3402 995 3528 1063 ἐνῆν
3552 996 3624 1059 ³³,
3649 995 3773 1056 τοὺς
3793 993 3849 1045 δὲ
3882 992 3975 1062 βία

2395 1086 2489 1138 καὶ
2516 1084 2710 1158 γνώμῃ
2757 1087 3065 1157 ἀϐουλήτῳ,
3118 1088 3266 1150 ὅσοις
3318 1087 3381 1157 δὴ
3434 1089 3502 1139 τὰ
3535 1086 3644 1139 τῶν
3692 1086 3977 1154 ἐμφυλίων

2397 1178 2638 1229 στάσεων
2668 1179 2814 1230 κακὰ
2836 1180 2894 1230 ὲν
2917 1180 3083 1250 πείρα
3109 1180 3211 1250 ἤδη
3244 1178 3864 1249 γεγένηντο.,Ἒντεῦοεν
3879 1174 3977 1231 οὖν

2394 1271 2443 1322 οἱ
2481 1270 2733 1341 ἐμφύλιοι
2770 1270 3244 1341 ἀναρρηγνύμενοι
3277 1272 3523 1339 πόλεμοι,
3560 1272 3653 1323 καὶ
3691 1264 3802 1321 οἷον
3832 1287 3977 1330 τινες

2392 1364 2623 1434 Νειλῷοι
2656 1366 3032 1436 καταρράκται
3058 1365 3419 1433 ἁνοιγόμενοι,
3435 1366 3533 1433 οὐχ
3554 1364 3724 1424 ὕδατι,
3749 1363 3865 1415 ἀλλ’
3888 1364 3977 1415 αἴ-

2398 1472 2530 1525 ματι
2556 1456 2655 1526 τὴν
2678 1456 2782 1525 γῆν
2803 1455 3180 1519 κατεπὸτιζον.
3216 1455 3495 1509 Ἐντεῦθεν
3518 1455 3608 1507 καὶ
3632 1454 3808 1506 δοῦλοι
3834 1453 3979 1506 κατὰ

2394 1548 2671 1601 δεσποτῶν
2705 1550 2800 1600 καὶ
2847 1550 3188 1619 στρατιώτης
3231 1547 3374 1600 κατὰ
3394 1546 3667 1610 ταξεὼτου
3695 1546 3786 1599 καὶ
3815 1545 3980 1614 λοχα-

2397 1641 2491 1710 γὸς
2518 1640 2661 1695 κατὰ
2687 1641 3060 1710 στρατηγέτου
3091 1641 3189 1710 τὴν
3225 1640 3382 1709 χεῖρα
3414 1638 3663 1707 φονῶσαν
3695 1637 3981 1690 καθώπλιο

2399 1734 2512 1799 ξεν,
2541 1738 2635 1789 καὶ
2664 1736 2813 1787 πᾶσα
2837 1735 2977 1795 τέως
3005 1734 3038 1803 ἡ
3078 1732 3233 1784 Ἀσία
3280 1729 3604 1801 βυθιζομένη
3630 1730 3977 1780 κατέστενεν.

2399 1827 2464 1878 Δί
2497 1827 2597 1895 μὲν
2646 1827 2756 1895 γὰρ
2805 1823 3118 1894 αὐτάνδρως
3179 1822 3287 1874 τῶν
3339 1821 3545 1874 πόλεων
3588 1819 3860 1889 ἀνῄρηντο
3900 1817 3982 1887 τῷ

2396 1916 2591 1987 Θωμᾷ,
2614 1916 2691 1985 τῷ
2726 1916 2875 1985 φόϐῳ
2916 1914 3224 1967 πεισθεῖσαι
3247 1929 3260 1942 '
3292 1913 3347 1966 αξ
3387 1912 3443 1965 δὲ
3481 1912 3740 1971 πολλάκις
3762 1909 3985 1963 ἀντιπί-

2400 2023 2650 2069 πτουσαι,
2682 2006 2750 2059 τὰ
2776 2004 2943 2058 πιστά
2979 2006 3058 2074 τῷ
3103 2022 3167 2072 γε
3194 2002 3483 2075 κρατοῦντι
3512 2002 3797 2071 τηροῦσαι,
3839 2002 3985 2072 μετὰ

2402 2095 2610 2149 πολλῶν
2641 2098 2819 2165 φόνων
2850 2094 2945 2148 καὶ
2981 2095 3438 2165 ἀνδράποδισμῶν
3491 2095 3765 2164 ὑπήγοντο
3792 2095 3985 2147 δεύτε-

2402 2208 2515 2258 ραι.
2552 2189 2695 2258 Πλὴν
2748 2189 2887 2242 ἀλλὰ
2916 2189 3069 2241 πᾶσα
3126 2189 3281 2240 Ἀσία
3312 2189 3490 2240 ὀπίσω
3515 2190 3705 2240 τούτου
3738 2188 3984 2253 ἐγένετο,

2402 2284 2558 2343 ἐκτὸς
2585 2282 2677 2333 τοῦ
2700 2282 2762 2335 τὸ
2799 2282 3042 2350 Ὀψῑκιον
3085 2280 3380 2335 Κατάκυλα
3416 2279 3851 2351 στρατηγοῦντος
3890 2281 3986 2332 καὶ

2414 2371 2689 2426 Ὀλϐιανοό
2742 2372 2836 2426 τοῦ
2878 2372 2989 2425 τῶν
3041 2373 3453 2443 ’Λρμενιακῶνο
3514 2365 3657 2425 οὗτοι
3686 2373 3794 2441 γὰρ
3822 2372 3887 2440 δὴ
3928 2373 3988 2422 ὲν

2402 2470 2677 2530 τοσούτοις
2711 2466 2862 2535 μόνοι
2913 2466 3314 2535 στρατηγέταις
3368 2466 3435 2520 τὰ
3492 2466 3659 2518 πιστὰ
3687 2464 3991 2535 τηροῦντες

2403 2558 2542 2628 7:943;
2564 2556 2781 2627 Μιχαὴλ
2812 2557 3179 2625 ἀνεφάνησαν.
3218 2550 3312 2617 Οἷς
3344 2558 3437 2607 καὶ
3466 2555 3564 2624 τὴν
3597 2555 3753 2625 χάριν
3786 2553 3995 2605 ἀπονέ-

2407 2670 2544 2722 μων,
2574 2651 2648 2713 ὡς
2683 2649 2759 2719 μὴ
2783 2648 3178 2718 προδεδωκόσιν
3208 2646 3391 2709 αὐτὸν,
3428 2646 3487 2698 τὸ
3516 2648 3594 2708 si;
3618 2646 3678 2697 τὸ
3707 2645 3993 2715 βασιλικὶν

2404 2741 2726 2813 τελούμενον
2759 2743 3006 2808 ταμιεῖον
3034 2740 3295 2809 δημόσιον
3342 2738 3612 2791 καπνικὺν
3650 2736 3794 2790 οὕτω
3827 2738 3990 2804 λεγά-

2409 2852 2568 2905 μενον
2608 2833 2936 2903 μιλιαρίσιον
2965 2829 3023 2882 ἒν
3052 2830 3505 2901 συγκεχώρηταιο
3539 2830 3647 2882 τῶν
3671 2830 3778 2899 γὰρ
3806 2830 3994 2881 ἄλλων

2405 2928 2626 2981 πάντων
2660 2926 2762 2979 ἀνὰ
2810 2925 2904 2976 δύο
2954 2923 3252 2976 τελούντων
3285 2922 3554 2976 ἀνέκαθεν
3608 2923 3989 2992 μιλιαρισέων,

2408 3019 2493 3091 [1³.
2530 3016 2622 3090 55]
2656 3017 2793 3069 ἀλλὰ
2824 3016 2919 3068 καὶ
2966 3014 3149 3068 αὐτῶν
3201 3013 3427 3081 τούτων,
3459 3014 3581 3068 τότε
3608 3014 3670 3066 τὸ
3698 3014 3757 3065 ἒν
3784 3014 3993 3083 ἀφείθη

714 3110 850 3165 Nam
877 3128 996 3166 cum
1026 3112 1115 3165 alii
1139 3126 1328 3165 omnes
1347 3110 1673 3181 jampridem
1700 3113 1717 3181 (
1742 3112 1956 3181 ipsique
1985 3113 2209 3180 perinde
2239 3127 2300 3165 ac

2407 3113 2495 3167 διὰ
2533 3113 2631 3182 τὴν
2665 3113 2901 3165 εὔνοιαν.

716 3203 931 3270 caeteri)
965 3218 1222 3257 nummos
1250 3203 1385 3257 duos
1424 3203 1788 3257 miliarieuses
1823 3204 2143 3272 penderent,
2191 3204 2581 3263 benevolentiae
2612 3221 2821 3259 menter
2848 3222 3016 3260 unum
3046 3206 3153 3261 illis
3181 3205 3415 3260 remisit.

787 3298 878 3352 12.
921 3296 1018 3351 Ubi
1070 3313 1137 3351 eo
1191 3306 1334 3352 statu
1387 3300 1717 3366 compositas
1769 3296 2142 3352 llomanorum
2210 3316 2297 3355 res

715 3391 950 3459 Agareni
1000 3388 1332 3473 didicerunt,
1376 3389 1686 3458 gratissime
1737 3388 1896 3456 plane
1958 3404 2022 3443 ac
2072 3405 2298 3458 prorsus

714 3484 957 3553 jucunde
1008 3482 1335 3535 balinerunt.
1396 3480 1563 3535 Suam
1610 3482 1756 3534 enim
1800 3497 1922 3535 eam
1952 3483 2299 3536 occasionem

715 3575 1004 3638 facientes,
1061 3589 1255 3629 omnes
1308 3590 1502 3628 secure
1536 3574 1848 3642 provincias
1881 3582 2047 3641 atque
2094 3575 2304 3629 insulas

718 3669 935 3721 nemine
994 3667 1299 3720 obsistente
1379 3667 1788 3720 incursionibus
1841 3676 2053 3721 vastare
2114 3683 2308 3736 aggre-

716 3760 965 3812 diuntur.
1017 3756 1231 3824 Quibus
1265 3756 1467 3812 auditis
1501 3755 1768 3820 Thomas,
1798 3769 2047 3811 metuens
2077 3772 2144 3811 ne
2177 3759 2308 3827 quid

721 3851 805 3903 sui
843 3865 1025 3902 rerum
1060 3864 1328 3903 novarum
1375 3850 1702 3904 molirentur
1745 3861 1799 3903 et
1846 3851 1916 3903 ab
1956 3853 2075 3918 ipso
2107 3852 2306 3905 delice—

719 3952 859 4007 rcnt,
899 3942 943 3997 si
973 3942 1087 4011 ipse
1124 3957 1319 3997 eorum
1360 3942 1454 4011 qui
1489 3942 1641 3995 domi
1676 3951 2059 3996 remanserant
2089 3952 2143 3997 et
2181 3944 2311 3996 reli-

720 4038 813 4099 qui
870 4034 1111 4087 Orientis
1163 4034 1364 4087 nullam
1399 4048 1589 4086 curam
1635 4044 1869 4101 gereret,
1913 4033 2007 4087 sed
2057 4033 2303 4103 ipsorum

724 4128 865 4179 tilios
911 4136 1074 4194 atque
1127 4140 1329 4179 uxores
1356 4125 1520 4194 diripi
1554 4125 1792 4194 ducique
1839 4126 1893 4178 in
1930 4125 2305 4193 captivitatem

721 4221 940 4283 sineret,
986 4235 1166 4288 opera:
1204 4219 1440 4288 pretium
1474 4218 1685 4286 putavit
1723 4220 1989 4272 hactenus
2024 4220 2305 4287 Agareno—

2482 3299 2571 3371 ιβ’.
2610 3303 2678 3355 ’Ἀ
2733 3301 2827 3354 καὶ
2880 3301 3112 3371 μαθοῦσι
3157 3304 3270 3364 τοῖς
3315 3302 3643 3370 Ἀγαρηνοῖς
3701 3297 4001 3366 ἀγαπητὸν

2409 3393 2769 3462 κατεφαίνετο
2786 3396 2880 3446 καὶ
2900 3394 3032 3454 ὅλως
3058 3393 3382 3462 ἐντρύφημα
3408 3405 3422 3420 ⁸
3472 3390 3665 3459 καιροῦ
3692 3392 3801 3459 γάρ
3825 3389 4001 3441 λαθό-

2413 3500 2566 3551 μενοι
2601 3486 2785 3535 πᾶσαν
2819 3483 3003 3553 χώραν
3026 3484 3123 3537 καὶ
3148 3484 3310 3553 νῆσον
3338 3483 3666 3551 κατέτρεχον
3696 3481 3887 3543 ἀδεῶς,
3916 3483 3999 3550 μή

2410 3591 2555 3636 τινος
2580 3573 2833 3643 ἐμποδὼν
2863 3576 3157 3641 ἱσταμένου
3214 3576 3418 3637 αὐτοῖς.
3448 3560 3541 3626 Διὶ)
3570 3575 3666 3627 καὶ
3698 3574 3870 3626 ταῦτα
3918 3574 4004 3643 τῷ

2408 3666 2579 3737 Θωμᾷ
2608 3666 2942 3737 διακηκοότι.
2968 3667 3087 3719 ἐπεί
3115 3684 3237 3720 τινα
3287 3666 3500 3735 κίνησιν
3539 3670 3603 3719 ὲκ
3654 3667 3764 3719 τῶν
3797 3666 4003 3719 ἑαυτοῦ

2408 3754 2546 3826 ᾤετο
2582 3757 2675 3809 καὶ
2703 3756 3093 3826 νεωτερισμὸν,
3123 3756 3178 3810 εἴ
3222 3757 3284 3824 γέ
3330 3774 3455 3810 τινα
3484 3758 3742 3827 φροντίδα
3783 3758 3857 3826 μὴ
3882 3758 4003 3809 τῶν

2409 3851 2498 3903 ἐπ’
2528 3850 2680 3903 οἴκου
2717 3852 2999 3921 ποιήσοιτο
3028 3852 3124 3905 καὶ
3152 3851 3254 3922 τῆς
3301 3852 3474 3920 ἄλλης
3512 3850 3825 3919 Ἀνατολῆς,
3855 3850 4003 3903 ἀλλὰ

2414 3944 2761 4012 συγχωρήσαι
2790 3942 2917 4005 τούς
2949 3960 3008 3995 τε
3044 3943 3239 4006 παῖδας
3274 3943 3370 3995 καὶ
3419 3946 3683 4011 γυναῖκας
3739 3941 4008 4013 καταληῐ-

2416 4033 2609 4104 σθῆναι
2661 4036 2758 4087 καὶ
2790 4036 3298 4106 αἰχμαλωτισθῆναι
3344 4035 3546 4099 αὐτῶν,
3596 4037 3874 4105 συμφέρον
3907 4037 4009 4089 κέ-

2414 4143 2573 4193 κρικε
2628 4128 2768 4189 τέως
2822 4127 2921 4195 μὲν
2975 4126 3349 4195 ἐπικρατῆσαι
3380 4127 3479 4196 τὴν
3513 4125 3692 4177 αὐτῶν
3722 4125 3897 4196 ὁρμὴν
3933 4127 4007 4179 δι’

2414 4219 2735 4287 ἐπιφανείας
2781 4218 2944 4274 αὑτοῦ
2979 4220 3073 4272 καὶ
3112 4218 3191 4288 τῷ
3217 4218 3414 4289 πλήθει
3440 4218 3551 4270 τῶν
3581 4218 3866 4287 δυνάμεων
3904 4219 4007 4270 ὲκ·-

724 4327 843 4363 rum
894 4311 1155 4379 impetum
1202 4309 1484 4374 cohibere,
1532 4308 1861 4377 objectoque
1913 4307 2021 4361 illis
2076 4307 2300 4375 copioso

2414 4312 2616 4380 πλῆξαι
2664 4330 2722 4366 τε
2762 4312 2859 4366 καὶ
2892 4312 3027 4384 πρὸς
3056 4313 3283 4384 εἰρήνην
3337 4311 3659 4382 πανούργως
3694 4309 4008 4362 ἐκκαλέσα-

721 4402 966 4457 exercitu
1007 4410 1210 4455 metum
1241 4403 1508 4464 incutere,
1560 4409 1725 4468 atque
1756 4400 1822 4453 ad
1861 4414 2048 4467 pacem
2086 4410 2304 4453 vetera-

725 4494 864 4547 toria
899 4503 1014 4547 arte
1045 4509 1260 4563 cogere.
1306 4494 1525 4561 llesque
1556 4494 1698 4545 adeo
1742 4507 1809 4546 ex
1854 4502 1985 4545 voto
2016 4491 2308 4545 successit.

720 4589 857 4642 Nam
910 4604 1035 4641 cum
1073 4591 1125 4641 in
1168 4589 1449 4658 regionem
1490 4603 1682 4643 eorum
1728 4588 2019 4656 irrupisset
2065 4596 2118 4639 et
2147 4585 2311 4640 Sara-

722 4681 844 4734 eeni
900 4680 1048 4735 illius
1080 4681 1343 4749 impetum
1380 4682 1655 4735 sustinere
1687 4695 1795 4732 non
1840 4687 2085 4748 possent,
2123 4678 2311 4732 habito

721 4792 846 4828 cum
885 4775 965 4828 eis
1013 4775 1295 4843 colloquio
1352 4788 1541 4844 pacem
1603 4773 1889 4841 componit
1939 4770 2157 4841 sibique
2184 4771 2312 4826 belli

720 4868 903 4920 socios
937 4867 1210 4936 adjuugit,
1242 4868 1346 4920 hoc
1384 4874 1578 4936 pactus
1606 4866 1797 4934 eisque
1837 4863 2308 4935 pollicitus,un

723 4969 779 5011 et
830 4961 1086 5029 superius
1119 4960 1399 5013 diximus:
1442 4960 1778 5027 proditurum
1823 4959 2074 5010 nimirum
2112 4955 2310 5010 Roma-

724 5067 912 5103 norum
941 5052 1069 5121 ﬁnes
1110 5060 1396 5121 eorumque
1427 5052 1712 5121 imperium
1760 5050 1871 5103 illis
1926 5051 2309 5119 subiecturum.

724 5141 998 5207 Quocirca
1031 5158 1133 5198 nec
1154 5143 1392 5197 consilio
1444 5158 1546 5197 suo
1595 5144 1894 5197 frustratus
1927 5158 2033 5208 esu,
2084 5142 2215 5213 quin
2258 5150 2315 5197 et

727 5249 1014 5299 coronam,
1047 5234 1263 5303 imperii
1291 5233 1395 5305 55
1428 5235 1665 5303 insigne,
1708 5234 2088 5303 consequitur,
2120 5242 2175 5287 et
2204 5233 2310 5286 im—

728 5335 950 5394 perator
989 5327 1058 5378 ab
1085 5325 1440 5379 Antiochense
1472 5334 1602 5380 tunc
1630 5322 1888 5379 Ecclesia:
1919 5324 2171 5394 preside,
2215 5320 2309 5377 Ja-

731 5418 874 5472 cobo
939 5417 1196 5483 nomine,
1249 5418 1642 5486 preclamatur.
1705 5416 1976 5486 Cogitque
2031 5416 2308 5482 ingentem

725 5508 1053 5575 exercitum,
1084 5507 1216 5579 quin
1257 5510 1441 5577 potius
1484 5509 1745 5562 collatum
1792 5507 2027 5576 accepit,
2088 5506 2157 5561 ad
2191 5520 2315 5561 cor-

736 5600 1114 5657 roborandum
1164 5602 1270 5657 sibi
1306 5601 1620 5669 imperium,
1664 5615 1768 5656 nec
1794 5615 1866 5656 es
1906 5599 2015 5655 illis
2044 5599 2312 5653 duntaxat

2414 4403 2557 4457 σθαι.
2602 4405 2667 4455 Ὃ
2717 4402 2812 4455 καὶ
2858 4402 3095 4472 συνέϐη·
3140 4404 3215 4464 ὡς
3264 4403 3374 4471 γὰρ
3409 4403 3591 4463 αὐτοῖς
3636 4402 3759 4470 ἄρτι
3786 4400 3850 4470 δὴ
3882 4404 4011 4461 τοῖς

2411 4497 2751 4566 Σαρακηνοῖς
2781 4498 2861 4558 εἰς
2884 4495 2985 4565 τὴν
3016 4495 3199 4548 αὐτῶν
3233 4494 3536 4548 εῑσὸάλλων
3568 4490 3626 4556 ὲξ
3649 4493 4010 4560 ὑποστροφῆς

2414 4586 2737 4650 ἀνύποιστος
2762 4587 3141 4656 κατεφαίνετο,
3165 4588 3245 4649 εἰς
3270 4584 3460 4654 λόγους
3484 4583 3546 4654 δὴ
3571 4582 3848 4653 προελθὼν
3867 4582 3938 4650 βα
3948 4599 4013 4651 ρ-

2414 4678 2677 4750 σιρικοὺς
2723 4680 2954 4744 σπονδάς
3014 4698 3074 4732 τε
3126 4681 3366 4732 ἐποιεῖτο
3407 4679 3694 4748 εἰρηνικὰς
3740 4676 4013 4745 καὶπρὸς

2416 4772 2736 4841 συμμαχίαν
2779 4771 3089 4835 ἐξεκαλεῖτο
3136 4771 3355 4835 αὐτοὺς,
3414 4768 3796 4838 συπιθὲμενὸς
3818 4784 3877 4819 τε
3908 4767 4013 4819 καὶ

2416 4862 2848 4933 ὑπισχνούμενος
2899 4863 2935 4915 ὃ.
2980 4864 3075 4915 καὶ
3126 4861 3684 4934 πρότερονέἴρηται,
3734 4861 3808 4913 τὰ
3857 4859 4009 4913 Ῥω-

2407 4955 2604 5023 μαίων
2624 4972 2689 5008 τε
2723 4955 3053 5024 προδοῦναι
3103 4956 3235 5024 ὅρια
3269 4954 3368 5007 καὶ
3399 4953 3515 5021 τὴν
3542 4950 3747 5007 αὐτῶν
3794 4951 4013 5017 αὐτοῖς

2414 5050 2538 5104 ὑπὸ
2570 5046 2777 5116 χεῖρας
2804 5047 3054 5115 ποιῆσαι
3084 5045 3301 5115 ἀρχήν.
3331 5046 3495 5097 Ὅθεν
3524 5043 3620 5096 τοῦ
3654 5044 3752 5113 μὲν
3781 5039 4012 5112 βουλεύ-

2418 5160 2587 5214 ματος
2617 5143 2679 5195 οὺ
2729 5144 3030 5214 διήμαρτεν
3072 5140 3169 5194 τοῦ
3218 5140 3445 5204 οἰκείου,
3479 5139 3614 5192 ἀλλὰ
3646 5140 3745 5191 καὶ
3772 5138 4011 5206 στέφους

2419 5233 2824 5303 μεταλαγχάνει
2878 5236 2975 5288 καὶ
3024 5234 3385 5304 αὐτοκράτωρ
3422 5231 3815 5302 ἀναγορεύεται
3849 5230 4011 5301 παρὰ

2414 5325 2507 5377 τοῦ
2530 5324 2621 5378 τὸν
2664 5327 2724 5379 ὲν
2756 5325 3058 5397 Ἀντιοχείᾳ
3089 5325 3277 5396 θρόνον
3315 5321 3618 5393 τηνικαῦτα
3675 5336 4011 5392 μεταποιου-

2420 5417 2584 5485 μένου
2630 5417 2850 5483 Ἰακὼϐ,
2877 5420 2973 5473 καὶ
2998 5420 3158 5491 χεῖρα
3181 5417 3431 5486 συλλέγει
3461 5414 3689 5484 πολλὴν,
3717 5413 3924 5485 μᾶλλον
3948 5412 4011 5466 δὲ

2416 5509 2482 5562 λα
2492 5509 2689 5580 μσάνει
2726 5512 2863 5583 πρὸς
2890 5514 2991 5584 τὴν
3020 5512 3186 5566 αὐτοῦ
3212 5510 3589 5583 κραταίωσινοπ
3610 5508 3674 5561 οὐ
3699 5509 3810 5578 γὰρ
3836 5507 4011 5575 Ἄγα-

2422 5602 2602 5673 ρηνῶν
2633 5603 2794 5674 μόνον
2839 5606 3046 5658 τούτων
3085 5604 3150 5673 δὴ
3178 5601 3286 5655 τῶν
3321 5603 3453 5673 ἡμῖν
3485 5600 3875 5671 γειτονούντων
3912 5599 4008 5653 καὶ

1994 5693 2231 5749 νΑῐιιλΕ
2263 5693 2668 5752 LECTIONES.

806 5791 851 5821 δ’
876 5789 1013 5862 ἔρως
1038 5789 1186 5863 ινῇν]
1220 5792 1304 5850 bis
1340 5792 1519 5863 aptior
1573 5803 1690 5864 post
1737 5790 2077 5862 πραγμάτων
2132 5791 2308 5846 ¹οε¹¹επ
