4158 6442
112 421 174 481 Eii
1114 420 1256 479 LIB.
1298 419 1375 477 ΙΙ.
1419 416 1692 476 -ΜΙΕΗ

1799 417 1843 475 Ι.
1881 416 2366 478 AMORIENSIS.
3296 422 3371 487 ἰθ

118 530 489 603 ὁμορούντων,
520 529 656 582 ἀλλὰ
710 528 801 581 καὶ
833 526 1012 581 αὐτῶν
1040 526 1145 579 τῶν
1173 524 1447 595 ἐνδότερον
1478 524 1691 576 οίκούνυ

1806 526 2071 596 Agat-cois
2120 524 2213 595 qui
2240 525 2399 579 nobis
2440 524 2602 580 vicini
2649 538 2777 581 sunt
2810 534 2866 581 et
2901 524 3139 591 ﬁnitimi,
3182 542 3371 583 rerum

109 644 231 691 των,
256 624 597 691 Αἰγυπτίων,
643 621 838 685 Ἰνδῶν,
874 622 1119 691 Περσῶν,
1144 619 1465 689 Ἀσσυρίων,
1495 619 1695 687 Ἀρμε-

110 719 254 782 νίων,
268 717 518 779 Χάλδων,
537 715 647 784 Ίεή
659 732 788 783 ρων.
810 713 1024 782 Ζηχῶν,
1044 710 1359 781 Καϐείρων,
1374 710 1696 762 καὶπάντων

108 810 211 861 τῶν
258 808 326 877 δὴ
374 808 656 869 Μάνεντος
676 804 1106 875 συστοιχούντων
1157 801 1499 871 δόγμασικαὶ
1528 800 1689 853 θεσπί

112 901 497 969 μασι.Τούτι.ις
514 898 607 951 οὖν
629 893 739 951 οἷον
758 894 1160 966 κατοχυρωθεὶς
1176 896 1271 948 καὶ
1290 891 1555 946 πάντοθεν
1575 893 1697 943 ὲαυ-

108 992 193 1043 τὸν
209 990 561 1061 περιφράξας
594 990 817 1058 ἄριστον
880 986 1192 1040 ὑπετόπασε
1237 983 1574 1052 τοῖςτρόποις
1598 983 1693 1036 καὶ

110 1084 205 1153 τὴν
221 1086 418 1152 κλῆσιν
436 1082 770 1148 ἀλλάξασθαι
792 1081 890 1135 καὶ
906 1081 1020 1136 υίὺν
1040 1080 1463 1134 εἰσποιήσασθαι
1504 1076 1580 1141 ὥς
1597 1094 1689 1131 ttat

112 1178 407 1250 δεδήλωται
418 1221 431 1235 .

176 1368 267 1430 ιγ’.
299 1358 590 1413 Εἰσϐάλλει
624 1357 719 1411 οὖν
762 1357 940 1411 πᾶσαν
976 1354 1193 1425 πορθῶν
1242 1355 1342 1424 τὴν
1391 1353 1689 1425 ’Δνατολὴν

111 1456 198 1505 καὶ
227 1455 415 1505 πᾶσαν
473 1450 688 1520 ἠλικίαν
736 1448 833 1520 τὴν
882 1448 958 1519 μὴ
993 1447 1084 1501 διὰ
1133 1446 1355 1512 πειθοῦς
1386 1447 1693 1518 ἐρχομένην

112 1544 270 1613 αὐτῷ.
317 1544 388 1595 Ἀ
436 1542 500 1611 δὴ
560 1541 590 1593 ὁ
648 1540 949 1611 βασιλεύων
1000 1538 1276 1609 ἀκηκοὼς,
1330 1539 1514 1609 μεῖζον
1552 1536 1693 1593 εἶναι

112 1636 303 1704 κρίνας
334 1635 444 1688 τῶν
479 1636 656 1705 ἔργων
681 1634 779 1705 τὴν
809 1633 1000 1702 ἀκοὴν,
1035 1632 1155 1686 κατ’
1208 1630 1374 1685 αὐτοῦ
1418 1632 1693 1702 ἐκπέμπει

114 1727 343 1797 στρατὸν
370 1726 472 1778 οὐκ
489 1724 789 1794 ἀξιόχρεων
815 1724 924 1776 οὐδ’
947 1723 1253 1790 ἀξιόλογονθ
1280 1715 1325 1789 ᾧ
1354 1722 1645 1793 συρῤαγεὶς
1668 1724 1697 1775 ὁ

110 1819 305 1887 Θωμᾶς
327 1819 455 1880 τοὺς
493 1817 591 1887 μὲν
618 1816 807 1887 ὥσπερ
835 1833 889 1869 τι
918 1815 1080 1868 ποτὸν
1106 1814 1276 1885 διψῶν
1297 1815 1691 1885 ἀνερρόφησεν,

1795 622 1961 676 etiam
2007 634 2072 670 ea
2127 618 2194 673 iis
2233 616 2328 686 qui
2382 616 2677 670 remotiora
2733 631 2797 670 ac
2848 616 3115 671 interiora
3161 616 3367 682 colunt,

1796 710 2065 781 :Egyptiis
2085 710 2320 772 scilicet,
2346 708 2516 774 ludis,
2551 705 2755 773 Persis,
2783 707 3047 779 Assyriis,
3072 707 3371 773 Armeniis,

1794 804 2036 866 Chaldis,
2070 800 2262 865 lberis,
2291 800 2506 864 Zecbis,
2526 798 2762 862 Cabiris,
2786 800 2962 869 iisque
2987 799 3248 854 omnibus
3276 798 3372 867 qui

1796 894 2024 949 Manetis
2070 891 2377 947 doctrinam
2431 902 2485 944 et
2534 891 2825 961 Opiniones
2882 902 3209 960 sequuntur.
3275 889 3371 944 His

1796 987 1983 1054 itaque
2012 985 2269 1038 omnibus
2302 984 2448 1037 velut
2494 983 2814 1036 ﬁrmissimo
2843 982 3098 1052 praesidio
3128 984 3372 1036 munitus

1799 1093 1863 1131 ac
1898 1077 2138 1146 undique
2166 1080 2450 1145 obseptus,
2484 1077 2747 1145 optimum
2782 1075 3119 1129 existimarit
3154 1086 3217 1128 ut
3246 1090 3369 1128 rum

1793 1172 2042 1227 moribus
2126 1171 2290 1227 etiam
2363 1170 2779 1240 appellationem
2869 1178 3107 1224 mutaret
3155 1168 3371 1237 si‘iique

1794 1263 1988 1327 lilium,
2028 1262 2105 1316 uti
2137 1262 2391 1332 superius
2422 1263 2627 1316 dictum
2656 1272 2759 1326 est,
2792 1263 3091 1331 adeptaret.

1866 1357 1955 1410 15.
1998 1354 2160 1411 lrruit
2200 1356 2371 1426 igitur
2417 1370 2635 1411 omnem
2675 1354 2945 1424 populans
2977 1355 3278 1417 Orientem;
3310 1366 3376 1407 ac

1795 1450 1842 1505 si
1894 1450 1988 1518 qui
2035 1450 2158 1517 ejus
2215 1460 2410 1519 sponte
2440 1449 2690 1517 partibus
2728 1446 2951 1516 adjungi
3005 1445 3232 1505 nollent,
3281 1459 3377 1498 eos

1794 1543 2002 1610 diripit.
2042 1541 2273 1597 Michael
2307 1541 2392 1595 his
2433 1540 2655 1605 auditis,
2690 1540 2954 1610 majorem
2992 1538 3157 1592 rebus
3189 1551 3376 1591 rumo—

1797 1648 1913 1688 rem
1943 1633 2293 1697 existimans,
2325 1647 2436 1687 non
2462 1633 2644 1700 justas
2675 1632 2808 1685 satis
2830 1641 2925 1684 aut
2959 1630 3106 1683 mole
3133 1643 3290 1699 pares
3318 1628 3372 1681 in

1797 1742 1921 1781 eum
1941 1726 2136 1795 copias
2163 1725 2350 1791 mittit;
2392 1740 2531 1795 quas
2562 1723 2802 1785 Thomas
2831 1723 3017 1791 pmlio
3043 1735 3374 1791 congressus

1797 1828 2029 1874 cunctas
2079 1819 2315 1884 delevit,
2381 1818 2687 1887 partimque
2732 1814 2969 1871 sitientis
3026 1828 3179 1868 more
3228 1812 3377 1867 velut

110 1912 226 1973 τοὺς
256 1910 314 1961 δὲ
352 1877 573 1972 λοιποὺς
628 1910 707 1971 εἰς
758 1877 935 1978 ιρυγὴν
980 1877 1185 1980 τρέψας
1215 1905 1285 1959 τά
1340 1877 1463 1959 καθ’
1502 1877 1691 1960 ἑαυτὸν

1797 1912 2052 1965 haustum
2086 1924 2242 1980 aqua
2270 1877 2566 1976 absorpsit,
2598 1877 2797 1976 partim
2831 1904 3059 1973 reliquis
3095 1905 3148 1958 in
3185 1903 3369 1974 fugam

109 2002 367 2055 διετίθετο
402 2000 817 2071 κραταιότερον.
852 1998 1001 2063 Ναῦς
1040 2016 1102 2052 τε
1156 1996 1438 2069 ἑξαρτύων
1482 1998 1691 2068 διήρεις

111 2092 192 2141 καὶ
223 2090 428 2159 ἐτέρας
457 2088 796 2159 στρογγύλας
823 2089 1167 2158 σιταγωγοὺς
1212 2089 1488 2158 ἑπομένας
1540 2089 1691 2159 αὐτῷ

112 2183 193 2231 καὶ
218 2180 615 2248 ἱππαγωγοὺς,
646 2178 732 2251 [Ρ.
772 2179 865 2251 56]
917 2179 1170 2232 ἐντεῦθεν
1215 2181 1310 2233 καὶ
1345 2179 1438 2233 τοῦ
1472 2181 1691 2251 θεματι-

110 2270 197 2322 κοῦ
228 2272 425 2322 στόλου
455 2270 664 2339 γίνεται
704 2272 1002 2343 ἐγκρατὴς,
1052 2272 1145 2325 καὶ
1172 2273 1310 2343 πρὸς
1359 2272 1458 2343 τὴν
1486 2272 1693 2327 Λέσϐον

108 2364 247 2416 ᾰπαν
280 2364 344 2415 τὸ
374 2365 634 2417 ναυτικὸν
670 2365 1019 2434 ἀθροίζεσθαι
1047 2366 1422 2434 ὲγκελεύεται,
1449 2367 1610 2430 αὐτὸς
1633 2367 1690 2420 δὲ

112 2454 197 2523 ἤδη
269 2473 378 2507 που
447 2457 925 2525 ἀνανταγώνιστος
970 2453 1113 2512 εἶναι
1167 2458 1340 2511 δοκῶν
1384 2460 1565 2511 πᾶσαν
1592 2461 1693 2530 τὴν

118 2546 301 2599 Ἀσίαν
357 2547 631 2617 λεηλατεῖ.
688 2547 861 2601 Ὀκτὼ
913 2549 1022 2619 γὰρ
1071 2550 1351 2620 μυριάδων
1407 2552 1693 2620 κατάρχων

108 2640 291 2690 χαὶὲνὶ
326 2639 477 2708 λόγῳ
541 2639 765 2702 τούτους
811 2638 1043 2709 ἡνιοχῶν
1074 2641 1175 2709 τὴν
1209 2641 1299 2692 ἐπὶ
1346 2640 1574 2693 ’Ἄϐυδον
1607 2641 1693 2710 ᾔει

110 2728 378 2795 φέρουσαν
401 2728 467 2798 δὴ
511 2728 1048 2799 περαιωθησόμενος.
1093 2730 1246 2783 Ἐπεὶ
1279 2730 1336 2784 δὲ
1372 2732 1550 2784 πάντα
1584 2749 1686 2784 και

109 2819 399 2889 ταδραμὼν
436 2821 627 2873 σποδὸν
673 2824 767 2875 καὶ
805 2823 973 2885 κόνιν,
1008 2825 1081 2893 μή
1116 2822 1218 2875 πού
1270 2840 1333 2891 γε
1362 2825 1428 2877 τά
1458 2826 1692 2877 ταπεινά

108 2907 207 2958 τῶν
233 2910 481 2979 χωρίων,
520 2910 657 2963 ἀλλὰ
693 2913 757 2981 δὴ
786 2913 881 2965 καὶ
918 2913 988 2965 τά
1010 2914 1398 2985 κραταιότερα,
1445 2916 1694 2985 ἐνειργά-

114 3017 251 3062 una,
286 3001 692 3055 καταλέλειπτο
744 3003 802 3056 δέ
846 3021 898 3057 τι
950 3007 1151 3077 χωρίον
1203 3007 1403 3075 εὐφυὲς
1446 3008 1541 3061 καὶ
1594 3008 1693 3077 τῆς

110 3092 280 3141 αὐτῶν
308 3092 610 3154 κακώσεως
637 3094 863 3165 ἄμοιρον
894 3090 982 3164 ἦν,
1018 3095 1096 3164 τῷ
1130 3096 1432 3168 εἰσποιητῷ
1461 3097 1619 3150 τοῦτο
1643 3099 1689 3129 ⁵³

1795 1999 1933 2053 actis
1970 2013 2058 2053 res
2096 2013 2223 2052 suas
2250 1997 2485 2068 amp-lius
2511 1996 2877 2051 continuavit.
2916 1995 3173 2065 Adeoque
3209 2008 3373 2048 naves

1796 2092 2032 2146 biremes
2077 2089 2319 2159 aliasque
2371 2090 2635 2145 rotundas
2665 2088 2949 2144 onerarias
2978 2088 3046 2142 ad
3094 2102 3371 2141 annonam

1794 2191 1848 2237 et
1868 2197 2039 2251 equos
2059 2181 2449 2236 convehendos
2477 2181 2774 2241 instruens,
2812 2194 2878 2233 eo
2906 2189 3170 2247 apparatu
3198 2179 3371 2246 ipsam

1796 2289 2016 2344 quoque
2044 2273 2452 2342 imperatoriam
2482 2272 2711 2327 classem
2733 2254 2789 2326 in
2805 2279 3129 2342 potestatem
3151 2270 3371 2338 redigit,

1789 2366 2058 2435 jubetque
2104 2367 2334 2422 classem
2370 2380 2590 2421 omnem
2638 2366 2705 2419 ad
2752 2362 2986 2418 Lesbum
3029 2361 3368 2434 congregari.

1792 2458 1910 2511 Jam
1947 2474 2108 2527 porro
2144 2458 2279 2527 ipse,
2311 2472 2436 2512 cum
2470 2473 2505 2511 ο
2553 2457 2702 2511 nullo
2745 2456 2993 2525 superari
3022 2470 3181 2523 posse
3218 2454 3373 2507 vide-

1794 2560 1963 2609 retur.
1999 2551 2183 2605 Asiam
2222 2565 2438 2605 omnem
2470 2550 2783 2619 populatur.
2817 2548 3101 2616 Octoginta
3137 2560 3373 2616 namque

1797 2645 2081 2696 hominum
2123 2655 2461 2696 armatorum
2518 2642 2686 2695 millia
2740 2642 2793 2695 itt
2845 2640 3088 2695 exercitu
3137 2638 3371 2701 habens,

1797 2755 2016 2809 unoque
2039 2740 2207 2793 verbo
2240 2754 2303 2792 ac
2340 2749 2469 2793 nutu
2493 2737 2601 2808 56
2628 2750 2738 2806 quo
2763 2736 2924 2789 vellet
2943 2734 3203 2795 educens,
3223 2731 3370 2800 Aby-

1795 2835 1948 2897 dum,
1988 2833 2112 2886 inde
2144 2834 2495 2902 trajecturus,
2546 2831 2701 2899 petit.
2735 2827 3007 2894 Quoniam
3046 2839 3173 2879 vero
3204 2826 3254 2878 in
3282 2824 3371 2878 iti-

1798 2942 1928 2980 nere
1953 2927 2137 2979 omuia
2163 2926 2478 2994 populatus,
2498 2939 2607 2977 non
2634 2922 2797 2977 modo
2828 2920 3123 2974 humiliora
3148 2918 3368 2987 oppida,

1796 3019 1889 3072 sed
1926 3027 1978 3072 et
2031 3017 2344 3079 munitiora,
2396 3018 2450 3071 iu
2495 3016 2734 3069 cinerem
2782 3013 3133 3080 favillamque
3168 3021 3371 3065 cuneta

1797 3108 2100 3178 redegerat,
2138 3120 2419 3175 unumque
2464 3104 2683 3173 aliquod
2739 3102 2976 3158 nobilius
3022 3101 3202 3154 adhuc
3241 3100 3368 3153 reli-

108 3184 480 3253 καταδραμεῖν
507 3186 646 3254 μετᾶ
666 3187 765 3251 τῆς
787 3188 1093 3257 προσούσης
1109 3189 1386 3257 φάλαγγος
1408 3191 1691 3260 ἐπιτρέπει

1798 3216 1965 3268 quum
2000 3201 2068 3253 ab
2094 3201 2320 3269 ejusque
2349 3198 2439 3252 illa
2466 3197 2772 3265 direptione
2798 3200 3042 3249 immune
3061 3193 3370 3255 exstiterat,

112 3273 222 3343 sit}.
271 3275 334 3324 Ὀ
364 3274 422 3326 δέ
455 3291 566 3327 τισι
597 3276 868 3345 δαιμόνων
895 3280 1175 3349 γοητείαις
1219 3282 1693 3351 κατεπαιρόμενος

109 3368 193 3416 καὶ
222 3366 467 3435 μαντείᾳ
494 3367 537 3397 ⁵⁸
566 3366 664 3436 τὴν
692 3367 868 3439 ψυχὴν
890 3370 1287 3440 ἑμιρυσώμενος
1311 3374 1376 3441 τῇ
1396 3375 1695 3443 προτεραίᾳ

108 3458 255 3511 τοῦτο
294 3458 365 3529 δὴ
391 3462 476 3520 εἰς
500 3459 738 3529 ἐπήκοον
757 3462 869 3522 τοῖς
915 3462 1111 3514 ἑαυτοῦ
1164 3465 1696 3534 ὲκεκράγει,ρητήι·

107 3565 232 3602 τίνα
265 3550 509 3619 ἡμέραν
540 3550 814 3617 ἔσεσθαι,
846 3552 1230 3621 καθομολογῶν
1259 3555 1350 3607 καὶ
1383 3556 1631 3621 φάσκων,
1655 3551 1694 3627 ᾖ

103 3640 311 3706 μέλλοι
362 3644 452 3706 εἰς
494 3641 611 3708 τὴν
657 3642 1125 3706 βασιλεύουσαν
1170 3644 1506 3711 προελθεῖν.
1560 3646 1691 3698 Τότε

107 3733 227 3797 γοῧν
259 3733 519 3803 θρασέως
576 3733 948 3802 ἱππαζόμενος
1008 3735 1087 3797 εἱς
1148 3734 1372 3805 βαρεῖαν
1418 3736 1624 3805 βλάϐην
1663 3737 1692 3788 ὁ

106 3824 333 3887 δείλαιος
380 3824 753 3894 ἐξεχορευσςν.
786 3825 1211 3897 Διεσπαρμένως
1247 3826 1354 3896 γάρ
1387 3827 1689 3897 φερόμενος

106 3916 194 3965 καὶ
224 3918 273 3947 ⁸⁵
300 3916 517 3983 γυμνὸν
544 3912 682 3968 εἶναι
710 3917 821 3968 τῶν
850 3915 1158 3970 ἀντιπάλων
1183 3918 1242 3971 τὸ
1287 3920 1485 3989 χωρίον
1514 3922 1693 3990 οἰόμε-

106 4025 187 4070 νος
223 4007 374 4077 λόχῳ
409 4008 476 4077 δή
515 4026 622 4060 τινι
657 4009 978 4078 περιπίπτει
1006 4009 1101 4062 τοῦ
1141 4009 1441 4076 Ὀλϐιανοῦ,
1470 4013 1565 4065 καὶ
1594 4013 1692 4080 τὴν

106 4100 347 4170 κεφαλὴν
380 4099 635 4168 αὑθωρδν
651 4100 991 4170 ἀποτμηθεὶς
1018 4102 1096 4171 τῷ
1133 4100 1343 4170 βασιλεῖ
1363 4103 1693 4156 ἀποστέλλε-

106 4210 189 4246 ται
215 4192 472 4263 Μιχαὴλ.
510 4193 569 4245 '0
594 4192 652 4245 δὲ
679 4194 830 4246 οὐδὲν
858 4194 1136 4264 ὑφιεμένῳ
1156 4195 1293 4247 κατὰ
1315 4196 1415 4265 τὴν
1440 4197 1688 4266 πορείαν,

104 4287 218 4339 εἰδὲ
247 4289 363 4356 μὴν
396 4288 511 4347 τοῖς
541 4286 737 4348 δεινοῖς
767 4285 877 4338 τῶν
922 4286 1100 4356 ἔργων
1130 4286 1225 4339 καὶ
1270 4287 1528 4357 χαλεποῖς
1557 4328 1571 4353 _.
1613 4289 1691 4357 τῷ

105 4378 291 4431 ἑαυτοῦ
316 4377 649 4431 ἀποστέλλει
704 4378 893 4447 πατρί.
942 4380 1102 4448 Ἀρτι
1133 4377 1336 4450 ταύτην
1384 4380 1631 4433 ὲδέὃεκτο
1663 4383 1690 4433 ὁ

104 4468 322 4537 Θωμᾶς,
364 4470 462 4521 καὶ
500 4469 634 4539 πρὸς
673 4468 896 4550 βρᾲκην
944 4471 1096 4523 οὐδὲν
1136 4471 1597 4543 ὑποστελλόμενος
1626 4476 1689 4526 ἐκ

102 4560 190 4612 τοῦ
220 4564 366 4613 κατὰ
400 4560 678 4613 θάλατταν
724 4562 875 4623 ὄντος
905 4563 1107 4631 χωρίου
1150 4564 1484 4636 (Ὀρκὼσιον
1529 4567 1689 4618 τοῦτο
1724 4540 1763 4593 ί)

105 4654 401 4720 καλεῖται),
424 4651 619 4722 καιρὸν
647 4654 989 4723 ἐπιτηρήσας
1013 4654 1101 4706 ὅτε
1142 4655 1207 4723 δὴ
1237 4656 1377 4707 κατὰ
1409 4654 1625 4710 σύνοδον
1655 4661 1685 4728 ἡ

106 4748 302 4817 σελήνη
336 4747 653 4813 ἀφώτιστος
674 4741 763 4816 ἦν,
791 4746 1058 4816 πολλαχοῦ
1099 4747 1514 4818 διαπεραιοῦται
1552 4753 1690 4804 κατὰ

104 4841 195 4907 τὴν
217 4840 474 4912 Θρᾴκην.
509 4839 746 4907 Ἔμελεν
776 4834 868 4892 οὖν
910 4840 1005 4893 καὶ
1040 4841 1146 4910 πρὸ
1176 4840 1273 4909 τῆς
1304 4841 1469 4895 αὑτοῦ
1499 4842 1690 4895 διαῦά-

104 4948 233 4994 εεως
268 4930 454 4985 ταῦτα
481 4932 555 5001 τῷ
582 4932 827 5001 Μιχαὴλ,
859 4931 980 4984 ὃθεν
1020 4934 1201 4986 πᾶσαν
1242 4934 1539 5005 περιελθὼν
1592 4934 1689 5005 τὴν

101 5025 333 5096 Θρακῶν
356 5027 745 5097 ἰσχυροτέρους
768 5028 881 5098 ἅμα
912 5029 1141 5099 παρῄνει
1172 5014 1425 5097 γενέσθαι
1450 5029 1584 5100 πρὸς
1601 5030 1690 5082 τὸν

101 5118 420 5188 ἀποστάτην
468 5118 561 5169 xui.
592 5117 662 5170 τὰ
692 5118 889 5171 ἑαυτοῦ
943 5122 1161 5188 φρονεῖν
1209 5120 1401 5189 μέχρις
1444 5122 1689 5188 αἱμάτων

104 5211 434 5278 παρεκάλει,
479 5210 617 5281 μήτε
634 5211 735 5279 τὴν
775 5209 1039 5281 βασιλέως
1066 5213 1247 5264 πίστιν
1286 5214 1424 5280 μήτε
1459 5212 1564 5281 μὴν
1587 5215 1685 5279 τὴν

102 5305 251 5369 σῖῶν
310 5304 751 5374 ὲξαρνουμένους
809 5305 1061 5374 ἀνδρείαν
1123 5306 1219 5357 καὶ
1272 5306 1495 5375 ἀρετήν.
1544 5306 1682 5358 Ἀλλ’

98 5396 273 5449 ἔοικεν
307 5399 343 5466 ὴ
369 5396 495 5465 θψις
526 5396 739 5466 ἄμαχόν
771 5414 822 5450 τι
859 5392 998 5451 εἶναι
1025 5400 1263 5469 πρᾶγμα
1291 5403 1402 5461 τοῖς
1427 5399 1637 5462 πολλοῖς
1670 5417 1680 5427 ·

99 5488 190 5540 καὶ
220 5490 310 5541 διά
360 5488 523 5542 τοότο
571 5490 782 5542 ἐκείνου
843 5490 940 5560 μὲν
995 5492 1130 5563 πρὸς
1166 5491 1263 5559 τὴν
1296 5490 1685 5560 βασιλεύουσαν

98 5579 613 5650 ὑποκεχωρηγῄτος,
644 5580 734 5632 τοῦ
763 5580 934 5651 Θωμᾶ
960 5580 1016 5634 δὲ
1053 5579 1194 5634 κατὰ
1225 5580 1512 5650 πρόσωπον
1549 5599 1686 5652 παρ-

103 5672 395 5739 ισταμένου
444 5670 782 5742 μεταθέσθαι
830 5672 1027 5745 συνέϐη
1057 5673 1262 5736 πάντας
1293 5672 1529 5735 εὐκόλως
1550 5713 1563 5735 ,
1602 5674 1677 5739 ὡς

1800 3293 1910 3345 ﬁlio
1958 3291 2213 3359 adoptivo
2268 3289 2473 3344 adoriri
2532 3289 2665 3344 ιιιυά
2713 3288 2890 3357 jubet,
2938 3301 3063 3341 cum
3107 3300 3171 3340 ea
3216 3293 3373 3354 parte

1796 3384 2068 3438 exercitus
2095 3384 2181 3437 cui
2215 3391 2464 3452 praeerat.
2514 3382 2568 3436 is
2601 3395 2765 3449 porro
2802 3378 3130 3449 quibusdam
3164 3376 3370 3431 daemo-

1796 3487 1926 3525 num
1957 3470 2243 3541 praestigiis
2285 3470 2483 3532 elatus,
2535 3483 2714 3534 exque
2750 3466 3027 3519 vaticiniis
3062 3464 3249 3518 animo
3285 3470 3367 3516 tu-

1796 3579 1972 3628 mens,
2006 3564 2149 3616 istud
2182 3560 2355 3631 pridie
2381 3560 2594 3614 eunctis
2635 3559 2752 3613 suis
2794 3556 3144 3611 audientibus
3188 3553 3360 3607 incla-

1796 3658 2061 3715 maverat,
2089 3651 2279 3704 dicens
2314 3667 2327 3703 :
2368 3657 2510 3702 certo
2549 3647 2778 3716 quodam
2815 3645 2900 3697 die
2926 3642 3147 3698 solemni
3182 3656 3373 3709 pompa

1794 3740 1977 3794 urbem
2025 3748 2305 3809 augustam
2345 3754 2400 3790 re
2447 3738 2803 3806 ingressurum
2832 3749 2963 3787 esse.
3012 3731 3165 3785 Tune
3191 3730 3368 3798 itaque

1797 3843 1998 3886 temere
2025 3830 2281 3898 equitans
2307 3830 2358 3882 in
2392 3843 2556 3898 grave
2603 3826 2831 3881 exitium
2863 3824 3110 3879 misellus
3147 3821 3369 3876 tlesiliit.

1794 3925 1930 3979 Dum
1962 3926 2109 3979 enim
2156 3923 2413 3977 licentius
2448 3928 2677 3989 vagatur
2714 3918 2971 3986 nulloque
3003 3929 3230 3970 suorum
3281 3912 3367 3967 in-

1794 4027 2003 4073 structo
2033 4016 2245 4080 ordine,
2270 4029 2336 4069 eo
2364 4013 2509 4082 quod
2543 4021 2784 4066 castrum
2821 4010 3085 4063 nudatum
3110 4005 3369 4061 militibus

1794 4109 2152 4174 existimaret,
2211 4108 2266 4161 in
2324 4106 2543 4161 ()lbiani
2587 4105 2845 4174 delapsus
2898 4101 3128 4156 insidias
3180 4099 3368 4155 statim

1794 4214 1955 4271 caput
2004 4202 2250 4266 amittit;
2292 4200 2441 4270 quod
2473 4207 2753 4253 exsectum
2795 4194 3065 4250 Olbianus
3119 4191 3366 4248 Michaeli

1794 4290 2105 4360 imperatori
2138 4288 2321 4342 mittit.
2357 4287 2449 4341 Ille
2479 4302 2607 4340 mox
2636 4285 2757 4354 ejus
2788 4282 2952 4353 patri,
2982 4281 3083 4334 iter
3111 4279 3365 4334 continue

1794 4384 2030 4453 urgenti,
2087 4398 2148 4436 ac
2194 4395 2356 4451 quem
2400 4379 2549 4433 nulla
2584 4392 2768 4431 rerum
2803 4374 3093 4429 diﬁicultas
3138 4387 3201 4427 ac
3250 4385 3361 4425 mo-

1794 4479 1946 4533 lestia
1986 4477 2343 4539 deterrerent,
2377 4470 2718 4526 transmittit.
2766 4467 2885 4522 Jam
2926 4466 3167 4520 Thomas
3207 4473 3364 4532 caput

1793 4577 2099 4637 acet-perat,
2144 4582 2268 4621 cum
2309 4564 2453 4617 nulla
2507 4577 2680 4624 mora,
2720 4576 2789 4616 ex
2832 4559 3115 4613 maritimo
3168 4557 3363 4626 oppido

1793 4662 1938 4731 quod
1989 4660 2313 4715 lloreosium
2346 4665 2562 4719 vocant,
2601 4662 2817 4723 captato
2851 4661 3096 4720 tempore
3129 4663 3239 4718 quo
3272 4663 3361 4716 per

1793 4757 1995 4806 coitum
2030 4752 2157 4805 luna
2190 4751 2393 4804 nullam
2442 4748 2618 4801 lucem
2666 4745 2887 4809 emittit,
2931 4741 3218 4811 multiplici
3268 4755 3365 4794 ora

1794 4856 2020 4914 actaque
2052 4845 2107 4898 in
2139 4841 2427 4897 Thraciam
2461 4838 2766 4895 exscendit.
2808 4834 2936 4903 Ejus
2963 4835 3041 4889 rei
3069 4849 3205 4888 cura
3238 4841 3361 4887 aut:

1792 4940 1956 4993 etiam
2006 4936 2383 5006 trajectiouem
2411 4932 2728 4986 Michaelem
2765 4928 3061 4983 sollicitum
3096 4925 3365 4981 habebat:

1794 5030 1940 5085 unde
1968 5040 2021 5084 et
2052 5031 2282 5084 lustrata
2318 5028 2467 5081 omni
2498 5025 2733 5079 Thracia
2766 5024 2995 5078 fortiore
3023 5021 3212 5075 animo
3241 5033 3358 5074 esse

1792 5127 2051 5179 adversus
2090 5124 2427 5178 desertorem
2482 5120 2825 5181 hortabatur,
2875 5127 2928 5171 et
2970 5124 3029 5170 ut
3059 5115 3173 5169 suis
3200 5112 3361 5168 rebus

1790 5234 1961 5287 usque
1994 5216 2059 5270 ad
2092 5216 2412 5283 sanguinem
2448 5214 2749 5277 studerent;
2795 5209 2900 5280 57
2949 5222 3061 5278 quo
3101 5204 3362 5260 nimirum

1790 5326 1888 5364 nec
1911 5308 2251 5377 imperatoris
2276 5307 2434 5362 ﬁdem
2464 5304 2753 5362 violarent,
2786 5318 2887 5357 nec
2918 5300 3131 5354 virtutis
3159 5312 3272 5353 sure
3298 5311 3357 5349 at

1790 5400 2131 5456 fortitudinis
2162 5399 2633 5454 obliviscerentur.
2651 5394 2917 5450 Cancrum
2938 5391 3211 5447 imbecille
3230 5388 3362 5459 quid

1792 5496 1942 5548 visus
1976 5494 2138 5563 vulgo
2158 5493 2272 5563 ipse
2306 5491 2587 5546 Michaelis
2620 5497 2971 5558 conspectus.
2995 5484 3361 5553 Quamobrem

1792 5588 1954 5640 etiam
1987 5586 2077 5639 illo
2105 5584 2158 5638 in
2204 5592 2488 5654 augustam
2542 5583 2731 5636 urbem
2762 5590 2999 5650 recepto,
3029 5579 3142 5648 ipsa
3175 5575 3357 5632 statim

1787 5678 2009 5731 Thema:
2043 5677 2158 5731 sola
2194 5676 2481 5747 prtcsentia
2516 5683 2663 5730 tanta
2711 5688 2904 5729 omnes
2946 5670 3201 5726 facilitate
3233 5684 3354 5722 mu-

1414 5764 1641 5823 VARIIE
1676 5768 2077 5825 LECTIONES.

170 5866 221 5895 ⁵³
266 5864 445 5935 τούτῳ
481 5865 542 5918 Ρ.
622 5865 669 5895 ⁸⁸
697 5865 958 5935 μαντείαν
991 5863 1048 5920 Ρ.
1104 5866 1170 5896 ’⁸⁵⁵
1206 5862 1321 5935 καὶ]
1356 5865 1414 5917 τὸ
1444 5864 1499 5916 Ιδ.
