4158 6442
105 426 162 486 73
1113 426 1254 485 LIB.
1307 425 1382 484 Ιῐ.
1416 451 1482 461 -·
1511 424 1849 484 λίῐίῗίιλῐζῐ,
1883 425 2372 484 ΛΜΟΒΙΕΧΒῙΗ.
3291 427 3361 490 74

103 540 414 613 περαιτέρω
464 540 529 611 δὴ
587 540 793 595 τούτων
845 540 1133 609 πολιχνίων
1175 541 1376 610 ἐπῆλθε
1411 540 1496 591 διά
1539 557 1677 600 τινος

1791 541 2002 606 paratni
2049 540 2357 608 castrisque
2407 539 2798 606 componendis
2828 539 2943 592 dies
2973 540 3176 608 aliquot
3210 542 3361 596 insu-

105 637 509 707 στρατεύματος
565 636 814 703 πείσων,
858 637 952 690 καὶ
1005 636 1080 705 μή
1132 653 1252 688 τινα
1295 637 1440 704 ἔχειν
1481 635 1583 687 ὑπὸ
1638 636 1680 665 ⁵⁷

99 729 263 782 νώτου
301 728 386 800 μ’.
420 727 517 800 58]
550 727 767 799 ἐχθρόν.
815 729 970 780 Ἐπεὶ
1018 729 1073 780 δὲ
1125 728 1298 780 ταῦτα
1355 729 1498 780 κατὰ
1559 727 1684 779 νοῦν

99 825 236 890 ἔχειν
268 822 449 874 ἐδόκει
493 819 666 890 αὐτῷ,
703 821 854 883 τινάς
895 820 1111 890 ἡμέρας
1146 820 1281 889 πρὸς
1330 821 1683 889 παρασκευὴν

99 916 211 976 δοὺς
241 914 453 982 ἑαυτῷ,
485 913 564 975 ὡς
601 914 666 965 ἐκ
705 930 848 975 τινος
883 913 1134 965 ἀπόπτου
1179 912 1393 965 κατεῖδε
1434 911 1525 964 τὸν
1585 913 1685 979 μὲν

103 1005 321 1073 Μιχαὴλ
356 1005 420 1056 τὸ
450 1004 749 1072 πολεμικὸν
797 1007 1023 1072 σημεῖον
1071 1004 1162 1056 ἐπὶ
1203 1003 1395 1071 τέγους
1446 1002 1540 1054 τοῦ
1583 1005 1684 1068 τῆς

99 1097 357 1148 Θεοτόκου
380 1095 510 1148 ναοῦ
542 1094 978 1164 καταπεπηγότα
1008 1094 1265 1146 κάκεῖθεν
1283 1093 1381 1163 τὴν
1410 1094 1548 1147 κατὰ
1575 1093 1683 1144 τῶν

98 1188 352 1240 ἐναντίων
386 1188 540 1256 ἰσχὺν
565 1186 892 1255 αἰτούμενόν
915 1203 976 1238 τε
1025 1185 1121 1238 καὶ
1152 1185 1644 1256 προσλαμϐάνοντα
1667 1225 1681 1246 ,

97 1281 174 1331 τὸν
194 1280 239 1332 δ’
270 1281 386 1331 υἱὸν
415 1278 583 1332 αὑτοῦ
619 1279 710 1330 τὸν
743 1278 1003 1345 Θεόφτλον
1028 1280 1207 1332 πάντα
1229 1278 1320 1331 τὸν
1339 1279 1440 1345 τῆς
1475 1278 1682 1340 πόλεως

97 1373 378 1440 περίδολον
414 1373 553 1442 μετά
581 1372 675 1424 τοῦ
708 1371 854 1441 ἱεροῦ
885 1371 1167 1440 τάγματος
1197 1371 1591 1440 ἐπιφοιτῶντα,
1623 1373 1683 1423 τό

95 1484 140 1517 τε
176 1465 449 1528 ζωοποιὺν
483 1465 579 1517 τοῦ
615 1464 849 1534 σταυροῦ
884 1464 1039 1528 ξύλον
1063 1464 1682 1533 ὲπιφερόμενονκαὶτὴν

96 1559 296 1625 ὲςθῆτα
354 1557 457 1626 τῆς
509 1559 789 1624 πανάγνου
851 1557 1057 1627 μητρὸς
1108 1554 1346 1625 Χριστοῦ
1401 1554 1498 1607 τοῦ
1547 1554 1682 1606 Θεοῦ

95 1649 265 1716 ἡμῶν,
306 1650 389 1712 είς
412 1648 613 1718 πολλὴν
647 1648 746 1715 μὲν
779 1647 888 1700 τῶν
921 1647 1267 1718 πραγμάτων
1296 1647 1682 1699 δυσελπιστίαν

96 1743 178 1793 καὶ
211 1740 260 1772 ⁸⁸
294 1743 555 1801 παντοῖος
605 1740 824 1807 ἐγένετο
873 1740 973 1808 τὴν
1019 1737 1247 1809 γνώμην
1281 1737 1421 1791 κατά
1453 1739 1545 1790 τὸν
1586 1755 1683 1807 χα-

97 1831 408 1900 μαιλέοντα,
463 1831 580 1895 εἴγε
639 1829 712 1898 μὴ
747 1828 883 1896 πρὸς
919 1829 1150 1896 opai-cois;
1201 1827 1363 1897 μόνον
1400 1827 1535 1881 ἀλλά
1586 1827 1680 1879 καὶ

92 1924 352 1992 ἁοράτους
395 1922 546 1984 τινας
582 1922 842 1990 δυνάμεις
881 1921 1250 1988 ἀναγκάζοιτο
1293 1919 1677 1991 διαμάχεσθαι.

92 2018 196 2069 Οὐκ
226 2018 375 2086 ἔχων
405 2016 452 2068 δ’
480 2017 508 2068 ὅ
532 2033 583 2067 τι
616 2017 708 2067 καὶ
741 2015 1024 2086 πράξειεν,
1058 2014 1234 2076 ἄλλως
1258 2031 1314 2068 τε
1334 2015 1391 2068 δὲ
1423 2015 1516 2067 καὶ
1540 2014 1681 2083 ὄχλῳ

91 2112 143 2178 δὴ
173 2108 424 2178 τοσούτῳ
474 2109 870 2180 τεθαρρηκὼς,
913 2108 1008 2160 τὸν
1059 2107 1148 2160 διὰ
1205 2108 1389 2177 μάχης
1466 2106 1681 2175 ἔκρινεν

91 2204 269 2267 ἀγῶνα
294 2202 408 2254 τῶν
430 2203 692 2253 τοιούτων
721 2201 786 2268 δὴ
819 2199 1100 2268 λογισμῶν
1150 2199 1407 2266 γενέσθαι
1459 2199 1677 2268 κριτήν.

94 2290 249 2342 Ὅθεν
279 2293 351 2360 τῇ
389 2290 518 2359 ἑξῆς
567 2289 779 2360 ἆματῷ
834 2290 973 2358 φωτὶ
1013 2290 1261 2359 σημάνας
1320 2290 1382 2342 τὸ
1435 2290 1680 2342 ἐνυάλιον

90 2387 204 2447 τοῦς
220 2384 432 2453 ἄνδρας
464 2384 653 2452 ἐξῆγε,
684 2385 780 2437 καὶ
813 2383 893 2453 τῷ
928 2384 1025 2452 μὲν
1047 2382 1150 2453 υἱῷ
1183 2384 1323 2437 κατά
1358 2383 1450 2437 τὸν
1504 2385 1562 2436 ἐν
1611 2386 1678 2455 τῇ

92 2476 262 2545 χέρσῳ
298 2475 400 2529 τοῦ
429 2475 645 2545 τείχους
668 2475 958 2547 περίὸολον
979 2476 1166 2546 φέρειν
1195 2474 1289 2528 τὸν
1325 2474 1562 2545 πόλεμον
1585 2475 1682 2528 καὶ

89 2571 175 2636 τὴν
196 2569 457 2637 ἀνάγκην
485 2569 816 2639 ἐπέτρεπεν.
840 2568 1009 2631 αὐτὸς
1037 2567 1095 2621 δὲ
1129 2567 1190 2621 τὸ
1223 2568 1360 2620 πολὺ
1393 2567 1501 2619 τῶν
1523 2566 1680 2620 δυνά-

94 2680 226 2728 μεων
262 2662 367 2713 καὶ
393 2659 508 2712 τῶν
541 2660 857 2729 πολεμικῶν
887 2660 1158 2727 ὀργάνων,
1187 2658 1255 2711 δι’
1289 2653 1365 2712 ὧν
1400 2657 1594 2728 ἔμελλε
1620 2657 1680 2710 τὸ

90 2759 253 2824 τεῖχος
287 2752 727 2821 καταπειράζειν
754 2752 856 2821 τῆς
899 2752 1130 2814 πόλεως,
1185 2745 1325 2822 ἔχων
1364 2750 1508 2806 κατά
1553 2752 1679 2813 τοὺς

92 2847 186 2899 τῶν
221 2845 554 2914 Βλαχερνῶν
605 2844 847 2913 πύργους
897 2838 1137 2897 ἐποιεῖτο
1190 2844 1289 2914 τὴν
1345 2841 1673 2913 προσϐολὴν,

94 2938 362 3007 κλίμακάς
397 2954 460 2989 τε
505 2937 584 3006 τῷ
615 2936 740 3005 ὕψει
790 2936 1118 3006 προσφέρων
1153 2935 1529 3004 ἀναλογούσας
1584 2935 1680 2989 καὶ

89 3030 324 3098 χελώνας
357 3028 584 3081 ἂλλοθεν
633 3029 728 3080 καὶ
759 3027 1024 3098 ἑτέρωθεν
1057 3029 1184 3091 τοὺς
1235 3029 1448 3098 κριοὺς,
1494 3026 1680 3094 τοξεύ-

92 3123 207 3189 μασί
237 3139 304 3175 τε
341 3122 442 3175 καὶ
491 3120 844 3192 πετροϐόλοις
876 3121 1215 3190 πανταχόθεν
1260 3121 1562 3191 χρώμενος,
1597 3116 1678 3182 οἷς

1792 630 1909 691 mit,
1943 629 2091 682 velut
2117 645 2146 682 e
2184 628 2401 698 specula
2435 627 2754 683 Michaelem
2791 631 2938 686 videt
2980 630 3100 684 belli
3143 632 3360 702 signum

1791 722 1842 773 in
1874 721 2256 775 Blachernensi
2295 719 2537 788 Deipara:
2578 729 2722 776 tecto
2753 722 3009 792 deligere,
3044 733 3206 792 alque
3238 723 3364 780 inde

1789 815 1933 885 vires
1963 817 2228 870 adversus
2259 817 2444 870 hostes
2474 815 2771 886 deposcere
2806 818 3019 886 sibique
3046 835 3359 889 corrogare.

1789 909 2020 978 eiusque
2066 909 2239 962 filium
2284 907 2644 979 Theophilum
2677 926 2806 964 unao
2825 926 2948 965 cum
2986 927 3141 965 sacro
3169 912 3361 966 ordine

1789 1001 1942 1055 urbis
1975 1002 2242 1056 ambitum
2275 1017 2493 1056 omnem
2526 1010 2690 1070 atque
2725 1004 2928 1058 mcenia
2951 1004 3259 1069 circumire,
3297 1019 3364 1059 ac

1791 1104 1902 1146 tum
1957 1095 2236 1150 viviticum
2286 1096 2470 1151 crucis
2502 1097 2708 1161 lignum
2749 1105 2861 1150 tum
2907 1098 3124 1151 intacta:
3155 1099 3361 1153 Christi

1791 1187 1881 1240 ltei
1939 1190 2111 1241 nostri
2162 1191 2406 1255 parentis
2458 1199 2660 1243 vestem
2710 1189 3092 1244 circumferre.
3151 1191 3220 1244 Ea
3277 1207 3364 1246 res

1786 1280 1907 1347 ejus
1967 1281 2206 1336 maxime
2263 1299 2387 1351 spes
2439 1281 2670 1351 dejecit,
2721 1283 3244 1351 cltamaeleontisque
3308 1285 3362 1338 in

1789 1387 1994 1425 morem
2049 1374 2445 1443 cogitationum
2489 1384 2626 1431 aestu
2673 1376 2859 1428 varius
2903 1391 3214 1445 ancepsque
3246 1393 3367 1446 age-

1789 1466 1968 1529 batur,
2020 1467 2290 1535 siquidem
2341 1469 2416 1522 illi
2465 1484 2574 1523 non
2609 1469 2769 1522 modo
2796 1480 2985 1523 contra
3023 1470 3208 1524 hostes
3236 1470 3364 1520 visi-

1787 1557 1922 1612 biles
1950 1559 2043 1612 sed
2079 1567 2132 1613 et
2164 1570 2354 1614 contra
2387 1561 2695 1630 inaspectas
2718 1560 2987 1630 quasdam
3016 1561 3366 1616 fortitudines

1787 1665 1966 1720 pugna
2007 1652 2346 1706 conserenda
2393 1660 2531 1707 erat.
2591 1651 2684 1707 Sic
2716 1653 2902 1720 itaque
2932 1654 3146 1706 consilii
3190 1653 3366 1706 incer-

1786 1757 1895 1809 tus,
1933 1747 2035 1799 etsi
2066 1747 2266 1814 alioqui
2302 1754 2382 1800 tot
2423 1747 2701 1815 tantisque
2736 1748 2910 1814 copiis
2943 1746 3137 1810 fretus,
3176 1761 3363 1800 earum

1787 1837 2018 1892 indicem
2051 1838 2451 1906 cogitationum
2499 1839 2689 1895 Martis
2720 1842 2894 1893 aleam
2938 1839 3052 1895 fore
3098 1840 3361 1895 decernit.

1790 1932 1970 1985 Prima
2018 1932 2203 2000 itaque
2252 1933 2360 1986 diei
2411 1933 2750 2002 insequentis
2795 1935 2914 1988 luce
2967 1935 3094 1989 dato
3133 1935 3364 1990 classic"

1785 2039 1918 2080 suos
1943 2027 2144 2081 castris
2173 2026 2380 2088 educit;
2413 2040 2478 2081 ac
2510 2027 2623 2080 tilio
2648 2028 2866 2096 quidem
2901 2039 3221 2083 terrestrem
3248 2046 3364 2083 mu-

1784 2133 1905 2171 rum
1947 2133 2268 2189 oppugnare
2313 2119 2501 2188 jussit,
2537 2122 2653 2189 ipse
2688 2136 2811 2175 cum
2857 2121 3053 2190 majori
3082 2123 3364 2190 copiarum

1782 2220 1937 2279 parte
1984 2212 2448 2281 validioribusque
2476 2213 2587 2284 ϐο
2627 2213 2900 2270 machinis
2942 2231 3007 2270 ac
3046 2219 3356 2280 tormentis,

1782 2302 1984 2373 quibus
2013 2303 2255 2359 civitatis
2284 2319 2503 2359 murum
2527 2313 2836 2361 tentaturus
2860 2316 3000 2373 erat,
3038 2306 3366 2363 Blaclterna-

1783 2410 1903 2449 rum
1937 2404 2119 2452 turres
2154 2397 2488 2474 aggreditur,
2523 2398 2700 2454 scalas
2729 2399 3034 2454 admovens
3080 2416 3364 2456 murorum

1781 2487 2058 2542 altitudini
2091 2498 2476 2558 congruentes.
2518 2489 2662 2544 Alibi
2697 2491 3022 2553 testudines.
3064 2493 3192 2549 alibi
3223 2496 3366 2549 arie-

1783 2589 1907 2634 tes:
1955 2594 2228 2650 nusquam
2285 2594 2393 2634 non
2429 2579 2724 2635 missilium
2761 2583 2992 2651 grando,
3039 2599 3218 2654 exque
3268 2585 3366 2640 ba-

1782 2674 1920 2728 listis
1951 2673 2158 2728 densus
2190 2673 2429 2742 lapidum
2456 2673 2653 2739 imber;
2680 2688 2792 2742 quo
2813 2682 2923 2730 tam
2954 2665 3368 2748 varian'ndique

1779 2761 2070 2832 omnisque
2126 2762 2344 2831 generis
2412 2765 2824 2834 oppugnatione
2903 2774 3016 2820 tum
3077 2768 3366 2836 oppidanis

1782 2864 2048 2909 terrorem
2084 2854 2358 2922 injiceret,
2413 2863 2525 2909 tum
2568 2858 2703 2911 urbe
2727 2858 3017 2926 potiretur.
3073 2860 3143 2911 At
3183 2875 3366 2928 neque

1780 2960 1972 2999 muros
2003 2943 2308 2999 maritimos
2343 2946 2591 3015 negligit;
2627 2947 2722 3002 sed
2757 2948 2934 3003 classe
2981 2949 3222 3018 undique
3249 2952 3367 3006 cin-

1778 3053 1933 3107 gens,
1987 3037 2210 3109 ignique
2255 3045 2310 3092 et
2351 3036 2552 3105 jaculis
2596 3038 2892 3108 adhaecque
2923 3041 3220 3095 tetrascelis
3249 3042 3368 3110 qui-

1780 3131 2010 3185 busdam
2057 3130 2501 3186 obsidionalibus
2535 3132 2806 3186 machinis
2832 3132 3054 3200 profuse
3082 3133 3364 3203 (perinde-

87 3215 269 3282 ἔμελλε
327 3213 606 3266 πάντοθεν
640 3213 896 3273 παντοῖος
947 3213 1276 3280 φαινόμενος
1327 3210 1676 3279 καταπλῆξαι

1781 3238 1885 3291 que
1907 3223 2078 3284 dicas,
2117 3230 2322 3277 temere
2352 3223 2610 3293 nulloque
2637 3223 2846 3291 judicio
2873 3240 2938 3278 ac
2965 3227 3104 3292 arte)
3151 3235 3363 3280 tentare

91 3306 179 3373 μὲν
199 3309 338 3368 τοὺς
359 3306 610 3370 πολίτας,
647 3307 944 3375 κρατήσειν
988 3305 1045 3359 δὲ
1069 3305 1166 3358 καὶ
1201 3305 1301 3373 τῆς
1332 3305 1561 3365 πόλεως.
1602 3303 1677 3355 Ού

91 3401 184 3469 μὴν
212 3399 348 3453 οὐδὲ
377 3399 492 3453 τῶν
514 3399 653 3453 κατά
674 3399 944 3452 θάλατταν
973 3399 1167 3468 ἡμέλει
1196 3398 1413 3468 τειχῶν,
1438 3399 1574 3454 ἀλλά
1601 3397 1678 3468 τῷ

87 3492 322 3561 ναυτικῴ
362 3492 634 3546 πάντοθεν
665 3491 1090 3561 περικυκλώσας
1122 3492 1294 3561 αὐτὴν
1333 3492 1468 3562 πυρί
1497 3509 1556 3543 τε
1581 3491 1677 3544 καὶ

85 3583 406 3654 τοξεύμασι,
429 3584 570 3653 πρὸς
598 3583 656 3634 δὲ
673 3584 768 3636 καί
797 3601 907 3636 τισι
928 3583 1347 3654 τετρασκελέσιν
1365 3584 1677 3637 ὲλεπόλεσιν

87 3674 319 3746 χρῆσθαι
355 3675 612 3727 ἐκέλευεν
640 3675 876 3743 ἀφειδῶς
899 3712 914 3735 .
970 3675 1167 3727 ταυτὸν
1195 3674 1251 3727 δὲ
1288 3675 1383 3727 καὶ
1435 3674 1677 3744 ἀτέχνως

86 3772 251 3822 εἰπεῖν
281 3787 299 3803 ·
333 3768 465 3821 ὅθεν
488 3768 644 3821 οὐδὲν
699 3767 804 3820 τῶν
836 3770 915 3830 είς
938 3768 1125 3838 ὄνησιν
1160 3768 1439 3838 φερόντων
1464 3768 1616 3837 αὐτῷ
1645 3770 1677 3838 ἡ

86 3863 320 3932 τοσαύτη
360 3861 595 3931 δύναμις
629 3860 1252 3930 συμπαρομαρτούντων
1299 3861 1512 3932 ἀνδρῶν
1543 3878 1678 3914 κατ-

85 3955 386 4023 επράξατο.
437 3952 513 4005 Τὸ
559 3951 658 4022 μὲν
689 3952 800 4022 γάρ
829 3952 1082 4006 ναυτικὸν
1109 3952 1271 4014 εὐθύς
1312 3969 1396 4015 τις
1436 3951 1678 4015 ἐναντίος

84 4048 480 4117 ἐπιγενόμενος
528 4046 732 4115 ἄνεμος
766 4047 1116 4099 συνδιὲλκυσὲ
1152 4064 1211 4101 τε
1248 4049 1342 4099 καὶ
1374 4047 1504 4099 ἄλλο
1541 4047 1678 4119 ἄλλῃ

83 4139 458 4209 διασπαρῆναι
501 4139 782 4206 ἐποίησεν,
831 4138 926 4193 ἅτε
965 4137 1030 4207 δὴ
1074 4140 1168 4191 καὶ
1221 4138 1488 4208 χειμῶνος
1523 4139 1676 4200 ὄντος

82 4230 355 4296 ἐξαισίου·
386 4229 531 4281 κατὰ
576 4229 634 4282 δὲ
689 4229 788 4298 τὴν
825 4229 1053 4298 ἡπειρον
1103 4229 1365 4296 γενναίως
1421 4230 1522 4298 μὲν
1566 4230 1677 4281 τῶν

83 4324 184 4376 άπὸ
217 4323 265 4353 ³⁹
287 4321 397 4390 τῆς
422 4321 633 4383 πόλεως
655 4322 1121 4389 ἀπομαχομένων,
1145 4322 1240 4375 καὶ
1279 4327 1418 4384 τέως
1447 4324 1547 4392 μὲν
1576 4322 1675 4384 τὰς

82 4417 368 4484 κλίμακας
397 4415 709 4484 ἀχρήστους
730 4414 880 4486 αὐτῷ
911 4413 1208 4468 ποιούντων
1236 4414 1324 4468 διὰ
1351 4415 1461 4468 τῶν
1482 4416 1545 4468 ὲκ
1567 4415 1677 4468 τῶν

83 4514 310 4580 πόργων
376 4507 739 4578 ῥηγνυμένων
798 4506 1165 4577 ἰσχυροτέρων
1223 4505 1416 4575 βελῶν,
1472 4506 1582 4559 τῶν
1629 4508 1674 4558 δ’

1779 3313 1948 3382 jubet.
1984 3313 2349 3378 Quamobrem
2380 3314 2542 3368 etiam
2573 3323 2721 3369 tanta
2756 3316 2841 3369 vis
2873 3317 3113 3370 virorum
3139 3320 3186 3371 ei
3223 3318 3363 3371 mili-

1781 3406 2008 3459 tantium
2045 3405 2179 3460 nihil
2229 3406 2600 3461 ei-commodi
2637 3407 2842 3462 attulit.
2887 3408 3040 3463 lllico
3071 3410 3215 3465 enim
3267 3412 3361 3463 atl-

1780 3513 1974 3553 versus
2005 3508 2200 3551 ventus
2227 3497 2457 3554 classem
2494 3499 2803 3568 dissipavit,
2835 3500 3050 3570 alioque
3071 3513 3234 3572 atque
3255 3504 3361 3556 alio

1782 3605 1950 3644 naves
1973 3589 2210 3659 disiecit;
2243 3591 2447 3661 quippe
2472 3605 2596 3645 cum
2627 3590 2818 3661 ingens
2845 3593 3083 3661 procella
3119 3605 3265 3649 esset
3298 3612 3362 3650 ac

1781 3698 1932 3737 mare
1975 3691 2298 3737 aestuosum.
2351 3682 2521 3737 Terra
2567 3698 2787 3752 quoque
2823 3685 3110 3754 oppidanis
3137 3695 3361 3740 strenue

1779 3773 2191 3838 dimicantibus,
2223 3774 2603 3842 hactenusque
2635 3776 2867 3829 telorum
2902 3792 2932 3830 e
2972 3779 3217 3831 turribus
3248 3777 3358 3831 for-

1781 3867 1905 3920 titer
1940 3867 2235 3921 missorum
2265 3867 2529 3937 grandine
2551 3867 2772 3922 inutiles
2800 3871 2976 3923 scalas
3006 3871 3052 3923 ei
3086 3870 3358 3924 reddenti-

1780 3956 1904 4019 bus,
1936 3957 2002 4011 ad
2036 3957 2152 4011 haec
2179 3957 2468 4013 tormentis
2512 3959 2709 4026 partim
2750 3960 2816 4012 ad
2868 3961 3199 4014 destinatum
3244 3977 3352 4015 non

1780 4050 2174 4119 attingentibus
2228 4049 2398 4120 (quod
2437 4050 2658 4118 quidem
2709 4052 3006 4105 maximum
3039 4056 3202 4108 rebus
3235 4071 3356 4108 mo-

1780 4151 2025 4196 mentum
2075 4141 2258 4196 attulit
2300 4156 2537 4210 enmquc
2585 4141 2823 4210 gerendo
2859 4143 2998 4196 bello
3043 4143 3353 4213 imperitum

1779 4233 2064 4301 ostendit).
2092 4233 2290 4304 partim
2324 4247 2456 4287 vero
2495 4233 2891 4303 attingentibus
2923 4235 3144 4304 quidem
3186 4245 3240 4289 et
3269 4252 3361 4290 as-

1779 4327 2154 4395 sequentibus.
2197 4327 2653 4382 imbecillioribus
2681 4327 2882 4396 tamen)
2933 4345 3034 4382 nec
3064 4330 3197 4383 satis
3230 4331 3354 4384 forti

1779 4428 1980 4474 conatu
2020 4427 2077 4475 et
2125 4428 2187 4473 ut
2219 4434 2410 4472 muros
2451 4427 2753 4474 concutere
2796 4431 3016 4487 possent
3064 4421 3148 4475 vel
3193 4423 3356 4476 etiam

1779 4508 2150 4580 praesidiarios
2220 4523 2286 4564 ex
2352 4508 2600 4561 turribus
2654 4519 2914 4563 excutere
2970 4519 3136 4580 atque
3208 4512 3359 4566 illinc

80 4603 256 4654 ἀλλων
286 4602 545 4670 ὀργάνων
577 4601 656 4670 πῆ
692 4598 794 4668 μὲν
833 4600 932 4651 οὐκ
962 4598 1392 4667 ὲφικνουμένων,
1426 4598 1521 4651 καὶ
1549 4599 1672 4652 τού-

1784 4601 1993 4672 fugare.
2033 4599 2139 4655 Ubi
2197 4600 2364 4670 igitur
2417 4615 2528 4654 non
2574 4616 2636 4654 ex
2676 4601 2875 4669 prioris
2911 4601 3070 4657 fama:
3120 4603 3355 4665 ratione,

81 4711 168 4744 του
221 4691 481 4762 μεγάλην
529 4691 702 4762 ῥοπὴν
749 4694 860 4754 τοῖς
901 4692 1190 4763 πράγμασι
1222 4691 1530 4752 τεθεικὸτος
1581 4693 1675 4744 καὶ

78 4789 175 4856 τὴν
197 4786 372 4839 αὑτοῦ
406 4785 546 4856 πρὸς
577 4784 706 4845 τοὺς
739 4785 1010 4853 πολέμους
1060 4784 1324 4855 ἀπειρίαν
1365 4803 1627 4856 καταμαρ
1649 4816 1674 4826 -

78 4883 448 4951 τυρήσειντος,
605 4878 663 4930 δὲ
709 4879 804 4930 καὶ
859 4879 967 4929 τῶν
1000 4878 1412 4948 ὲφικνουμένων
1445 4881 1537 4931 καὶ
1566 4897 1670 4932 κα-

74 4973 548 5044 ταλαμϐανόντων
599 4970 1011 5023 ἀσθενεστάτων
1067 4971 1239 5024 ὄντων
1291 4972 1384 5024 καὶ
1423 4973 1482 5024 ού
1529 4974 1670 5025 κατὰ

76 5068 261 5137 μάχην
279 5065 546 5134 γενναίαν
576 5082 634 5117 τε
672 5065 766 5116 καὶ
794 5064 1056 5118 διασείειν
1095 5065 1248 5133 τείχη
1281 5065 1520 5130 είδότων,
1553 5065 1669 5119 ἀλλ’

70 5143 192 5212 ούὶὲ
218 5159 314 5211 τοῦ
342 5158 489 5211 κατά
513 5156 757 5224 πύργους
781 5157 1072 5224 ἱσταμένου
1099 5157 1293 5226 ἀνδρὸς
1320 5158 1672 5229 ὑποχώρησίν

69 5269 195 5304 τινα
269 5250 834 5318 παρασκευαζόντων.
881 5249 967 5312 Ὧς
1033 5245 1127 5303 οὖν
1187 5253 1440 5319 ἐφαίνετο
1497 5253 1671 5306 ταῦτα

70 5340 156 5410 [Ρ.
192 5339 284 5412 59]
320 5341 385 5394 οὐ
415 5339 559 5393 κατά
587 5340 682 5409 τὴν
709 5340 985 5412 προτέραν
1019 5341 1461 5410 διαθρυλήσασαν
1493 5344 1672 5398 πάντα

69 5435 270 5502 ei.qu
295 5432 397 5484 καὶ
421 5430 926 5491 διακωδωνίσασαν.
957 5433 1106 5502 ἥττω
1128 5433 1183 5485 δὲ
1214 5433 1309 5484 καὶ
1332 5433 1404 5494 ὡς
1437 5433 1498 5484 ἐκ
1524 5451 1668 5498 τινος

69 5522 495 5590 ἀσθενεστάτης
525 5522 724 5590 φρενὸς
773 5522 1262 5594 διακυϐερνώμενα
1305 5525 1396 5576 καὶ
1430 5527 1668 5593 ἐκπερα-

64 5617 361 5683 cuipam,
409 5613 758 5683 ἀνεθάρρησὲ
816 5631 875 5666 τε
929 5615 961 5684 ἡ
1010 5615 1445 5686 πολιορκουμένη
1511 5619 1667 5681 πόλις

65 5710 312 5776 εὐθέως,
372 5707 470 5762 καὶ
505 5707 757 5760 τοσοῦτον
811 5709 1245 5782 ἑκηϐολωτέροις
1300 5712 1502 5781 ἐχρῆτο
1553 5716 1667 5777 τοῖς

1779 4703 1974 4748 cuncta
2008 4708 2202 4761 magno
2234 4692 2473 4760 quodam
2505 4693 2782 4760 vulgantis
2814 4694 2919 4763 61
2969 4709 3212 4758 rumore,
3245 4697 3357 4749 haec

1778 4803 2103 4856 apparuere,
2136 4787 2268 4856 quin
2301 4787 2484 4856 potius
2517 4787 2676 4855 longe
2705 4789 2939 4850 minora,
2965 4803 3029 4842 ac
3059 4805 3179 4857 qua:
3204 4806 3356 4845 mens

1777 4881 2111 4935 rlebilissima
2157 4889 2369 4950 regeret
2415 4896 2479 4934 ac
2533 4883 2846 4950 parturiret,
2899 4883 3082 4936 statim
3127 4887 3353 4939 obsessa

1777 4975 1970 5030 civitas
2025 4974 2241 5027 animos
2276 4973 2672 5042 audaciamque
2723 4976 3039 5041 resumpsit.
3095 4986 3355 5046 tantaque

1773 5070 1826 5122 vi
1874 5068 2029 5138 longe
2083 5067 2362 5122 mittentes
2414 5067 2640 5122 balistas
2689 5066 3055 5135 displodebat.
3110 5079 3167 5122 ut
3201 5073 3351 5124 omni

1774 5159 1868 5214 illo
1907 5158 2288 5213 machinarum
2336 5165 2598 5226 apparatu
2635 5158 2828 5212 relicto
2855 5159 3222 5213 obsidentium
3259 5177 3354 5230 ag-

1775 5255 1922 5308 mina
1955 5252 2143 5322 procul
2179 5252 2428 5306 recederc
2455 5251 2632 5321 deque
2679 5253 2854 5308 salute
2887 5254 3179 5307 consilium
3216 5255 3356 5308 inire

1773 5345 2032 5416 coegerit.
2069 5344 2436 5410 Quamobrem
2485 5361 2594 5398 non
2635 5348 2852 5413 qualem
2896 5345 3150 5400 obses~or
3199 5359 3355 5412 puta-

1778 5446 1949 5497 verat.
1983 5438 2076 5491 sed
2112 5437 2407 5490 firmiorem
2440 5437 2599 5506 longe
2624 5453 2788 5506 quam
2821 5452 2918 5505 pro
2944 5440 3354 5492 existimatione

1776 5531 1966 5585 urbem
2008 5527 2253 5583 offendit.
2309 5525 2574 5582 Praeterea
2629 5543 2757 5581 vero
2801 5528 2914 5597 ipsa
2961 5544 3178 5597 quoque
3217 5539 3352 5584 tem-

1777 5634 1961 5693 pestas
2013 5621 2353 5692 asperiorem
2401 5635 2581 5674 aerem
2639 5620 2922 5675 reddebat.
2962 5619 3120 5676 Velut
3166 5623 3354 5691 itaque

1776 5726 2063 5786 appetente
2097 5715 2294 5780 hieme,
2335 5730 2396 5767 ac
2422 5729 2514 5785 per
2545 5714 2776 5769 hiemem
2803 5713 3101 5785 provinciis
3127 5714 3352 5784 reliquis

1375 5809 1608 5864 VARI/li
1651 5807 2050 5863 ιεατιοκιῑδ.

137 5899 189 5930 ⁸⁷
219 5898 402 5954 κατάτ
478 5899 522 5931 ⁸¹¹
549 5898 942 5954 δυσελπιστίαν
972 5905 1201 5978 ἀφίκετο
1237 5908 1369 5959 καὶῖ
1444 5911 1489 5937 δ”
1529 5905 1658 5968 ἀπὸ]
1712 5904 1876 5959 αὑτοῦ
1913 5906 1971 5960 Ρ.

463 5993 737 6053 Parnm.
775 5997 888 6054 Gn.
930 5998 1078 6056 CIX.
