4158 6442
774 456 846 518 τς,
1871 440 2380 502 THEOPIMNES
2414 439 2976 499 CONTINUATUS.
3151 395 3163 407 ³
3958 441 4020 502 76

776 566 1057 637 l‘rigidiore
1102 562 1359 627 Thracia,
1411 558 1479 614 ad
1533 557 1757 611 hiberna
1802 563 1857 610 et
1897 554 1964 608 ad
2014 551 2357 607 reducendas

2464 549 2675 619 βέλεσιν
2698 550 2773 613 ὡς
2797 549 2987 619 πόρρω
3032 564 3133 600 που
3168 547 3392 610 τούτους
3432 548 3752 618 αυλισθῆναι
3805 551 4025 617 ἐπαναγ-

773 657 964 728 copias
998 654 1242 710 animum
1276 649 1563 705 convertit.

2463 645 2653 711 κάσαι,
2684 644 2782 706 τὰς
2805 643 3073 705 τοσαύτας
3118 642 3369 711 μηχανάς
3421 642 3902 708 ἐγκαταλιπόντας,
3941 648 4026 700 καὶ

773 753 902 821 περὶ
932 750 1033 818 τῆς
1059 748 1193 808 ἰδίας
1226 741 1574 815 βουλεύεσθαι
1615 736 1907 807 σωτηρίας.
1940 735 2102 788 Ὅθεν
2126 735 2243 788 ἐπεὶ
2270 736 2338 789 τὰ
2380 738 2526 790 κατά
2559 738 2658 808 τὴν
2706 737 3029 807 πολιορκίαν
3077 736 3174 805 οὐχ
3190 734 3265 799 ὡς
3319 734 3477 805 ῷετο,
3522 738 3851 807 στερρότερα
3894 737 3947 790 δὲ
3992 739 4024 808 ἢ

774 840 920 894 κατὰ
948 838 1047 908 τὴν
1073 833 1267 888 ἑαυτοῦ
1308 831 1534 902 γνώμην
1575 830 1907 898 ἀπήντησεν,
1948 826 2123 888 ἄλλως
2163 825 2219 878 δὲ
2265 825 2361 878 καὶ
2399 828 2431 895 ή
2468 826 2585 898 ὦρα
2635 826 2966 898 δριμύτερον
3018 827 3227 881 ἐδείκνυ
3278 826 3371 879 τὸν
3413 826 3623 895 καιρὸν,
3684 827 3779 881 ἆτε
3831 828 3889 897 δὴ
3940 829 4029 882 καὶ

773 930 1039 1000 χειμῶνος
1071 925 1460 994 ἐπιγενομένου
1489 922 1586 976 καὶ
1603 922 1702 991 τῆς
1719 920 1942 992 Θρᾴκης
1965 918 2075 973 τῶν
2103 917 2277 974 ἄλλων
2307 920 2353 951 ⁸⁸
2388 918 2555 980 οὔσης
2617 920 2998 991 δυσχειμέρου,
3055 919 3149 972 ἐπὶ
3192 921 3640 989 παραχειμασίαν
3680 919 3888 990 ἐτράπη
3940 927 4031 977 καὶ

771 1028 871 1098 τὴν
890 1026 985 1079 τοῦ
1016 1021 1249 1095 στρατοῦ
1284 1021 1641 1091 ἀνακομιδήν.

843 1115 931 1169 15.
971 1113 1112 1168 Vere
1162 1113 1344 1182 itaque
1396 1111 1589 1165 mitius
1631 1109 1979 1163 illucescente
2038 1116 2356 1177 turmasque

774 1208 1039 1262 militares
1071 1206 1256 1259 lustris
1283 1203 1399 1259 suis
1435 1217 1501 1258 ac
1532 1203 1779 1257 latibulis
1811 1201 2074 1255 excedere
2108 1210 2355 1270 cogente,

773 1299 1033 1368 utrinque
1080 1311 1272 1350 rursus
1322 1305 1468 1350 terra
1512 1295 1761 1363 marique
1802 1292 2159 1346 adoriendam
2214 1292 2360 1347 Con-

774 1389 1003 1445 stantini
1074 1388 1272 1442 urbem
1332 1388 1561 1457 putavit.
1617 1383 1803 1454 Neque
1853 1398 1985 1438 vero
2042 1382 2356 1438 Michaelem

774 1485 990 1553 qualem
1027 1491 1207 1541 antea,
1262 1480 1354 1533 sed
1386 1478 1498 1547 jam
1554 1488 1608 1532 et
1650 1477 2003 1531 terrestribus
2031 1478 2357 1545 quibusdam

772 1588 827 1629 et
856 1573 1139 1629 navalibus
1160 1570 1332 1639 copiis
1358 1570 1683 1623 instructum
1704 1568 1929 1622 invenit.
1955 1567 2173 1622 Rursus
2195 1568 2362 1637 igitur

773 1666 1021 1719 eamdem
1069 1670 1277 1730 partem
1319 1675 1483 1730 quam
1527 1661 1703 1728 prius,
1746 1659 1927 1711 sinum
1983 1657 2191 1711 scilicet
2235 1657 2359 1711 Bla-

774 1759 1156 1821 clternenscm,
1191 1753 1493 1821 eodemque
1513 1758 1774 1819 apparatu
1805 1748 2144 1820 aggreditur.
2178 1748 2359 1803 Prima

777 1846 961 1913 itaque
1016 1844 1155 1905 luce,
1192 1843 1318 1895 data
1368 1838 1643 1909 pugnandi
1698 1847 1924 1903 tessera,
1970 1854 2034 1891 ac
2084 1838 2214 1892 dum
2244 1837 2358 1907 jam

2532 1111 2613 1158 ts’.
2648 1102 2787 1171 Ἤδη
2816 1102 2871 1154 δὲ
2904 1100 2997 1155 τοῦ
3049 1099 3207 1170 ἔαρος
3249 1100 3460 1170 ἥμερον
3504 1097 3900 1170 ἐπιλάμποντος
3942 1095 4030 1151 καὶ

2458 1199 2549 1251 τὸν
2581 1195 2923 1265 στρατιώτην
2964 1194 3122 1265 ὄχλον
3147 1193 3248 1256 τάς
3277 1191 3604 1255 καταδύσεις
3638 1193 3732 1245 καὶ
3756 1192 4031 1261 χηραμοὶις

2460 1288 2785 1342 καταλιπεῖν
2836 1286 3210 1350 ὲκϐιάξοντος,
3263 1283 3658 1356 ἀμφοτέρωθεν
3715 1281 3870 1346 αὖθις
3897 1286 4033 1337 κατά

2460 1382 2567 1451 γῆν
2594 1397 2653 1433 τε
2700 1378 2797 1432 καὶ
2825 1376 2969 1432 κατὰ
3003 1376 3277 1430 θάλατταν
3330 1375 3514 1447 ἔκρινε
3565 1374 3923 1446 προσϐάλλειν
3967 1377 4031 1443 τῇ

2467 1473 2898 1526 Κωνσταντίνου.
2967 1471 3110 1526 Ἀλλ’
3159 1471 3258 1543 ήδη
3310 1472 3400 1524 τὸν
3461 1471 3684 1541 Μιχαὴλ
3709 1471 3807 1540 οὐχ
3854 1470 3926 1533 ὡς
3974 1471 4035 1522 τὸ

2467 1566 2755 1637 πρότερον,
2789 1565 2913 1634 ἄρτι
2944 1564 3001 1618 δὲ
3037 1566 3436 1635 στρατιωτικήν
3471 1581 3591 1617 τινα
3626 1564 3857 1635 δύναμιν
3890 1563 4035 1635 εὕρι-

2468 1676 2565 1713 σκε
2599 1658 3015 1725 συλλεξάμενον,
3056 1657 3148 1710 καὶ
3170 1657 3310 1710 κατά
3340 1656 3613 1710 θάλατταν
3635 1656 3801 1725 ἀλλην
3826 1655 3889 1726 δὴ
3907 1673 4038 1708 ναυ-

2466 1752 2647 1819 τικήν.
2680 1750 2817 1804 Κατ’
2850 1752 3028 1803 ἐκεῖνο
3054 1749 3186 1817 γοῦν
3212 1749 3375 1801 πάλιν
3403 1749 3491 1819 ᾔει
3520 1750 3582 1803 τὺ
3622 1748 3791 1818 μέρος
3817 1749 4039 1803 ὁπλισά-

2472 1858 2630 1911 μενος
2722 1841 2815 1895 καὶ
2850 1841 3137 1912 πρότερον.
3190 1841 3284 1894 τὸν
3313 1841 3513 1894 κόλπον
3564 1841 3672 1894 τῶν
3703 1840 4036 1911 Βλαχερνῶν.

778 1938 1202 1991 ltlachernenses
1230 1934 1375 1987 muri
1411 1931 1693 2002 quatiendi
1719 1941 1927 1996 essent,
1959 1930 2187 1987 Michael
2212 1948 2242 1987 e
2270 1947 2357 1988 su-

2470 1933 2560 1995 Ὦς
2589 1930 2682 1987 οὖν
2707 1933 2890 2005 ἡμέρα
2913 1933 3236 2004 ὑπέλαμπεν
3268 1934 3360 1988 καὶ
3390 1934 3450 1988 τὸ
3483 1933 3734 2004 σύνθημα
3762 1934 3959 1988 ἐδίδοτο
3978 1932 4040 1985 τὸ

778 2030 979 2098 periori
1014 2042 1175 2083 muro
1206 2027 1473 2097 quosdam
1524 2024 1838 2094 alloquendi
1883 2024 2226 2079 occasionem
2263 2040 2361 2078 na-

774 2136 900 2177 ctus
932 2122 1202 2174 malorum
1239 2118 1575 2171 oblivionem
1609 2116 1891 2186 multaque
1934 2117 2015 2171 eis
2062 2117 2203 2171 bona
2242 2117 2361 2171 col-

779 2219 1018 2267 laturum
1066 2210 1380 2281 pollicetur,
1414 2208 1461 2263 si
1495 2207 1656 2262 modo
1696 2208 1928 2262 consilio
1967 2215 2176 2263 mutato
2204 2208 2271 2263 ad
2305 2223 2364 2263 se

778 2307 1103 2360 transierint
1154 2318 1255 2357 nec
1293 2302 1492 2355 civium
1542 2299 1884 2369 fratrumque
1926 2314 2122 2356 cruore
2170 2299 2361 2355 foedari

776 2399 830 2453 in
856 2398 1097 2451 animum
1128 2391 1462 2449 induxerint.
1488 2392 1597 2462 62
1630 2390 1741 2445 Hos
1762 2391 2052 2446 enimvero
2075 2391 2128 2444 in
2154 2391 2359 2445 dolium

780 2500 1065 2557 pertusum
1092 2487 1260 2556 (quod
1284 2486 1480 2555 adagio
1510 2484 1739 2553 dicitur)
1759 2498 2042 2539 sermones
2078 2499 2358 2553 perorans,

775 2591 891 2637 tum
916 2582 1037 2636 illos
1057 2579 1374 2645 ferociores,
1402 2588 1461 2633 ut
1500 2578 1833 2649 quibuscum
1876 2579 2128 2648 precibus
2171 2594 2361 2649 agere-

778 2688 866 2729 tur
905 2674 1264 2745 (perindeque
1301 2674 1455 2727 dicas
1492 2671 1736 2727 hostium
1774 2681 1923 2726 mettt
1964 2673 2193 2738 solutos,
2228 2673 2361 2726 nihil

770 2769 881 2833 jam
925 2763 1179 2819 servandi
1235 2763 1448 2817 ordinis
1498 2776 1564 2817 ac
1607 2763 2039 2832 conspirationis
2070 2761 2360 2831 sollicitos)

774 2858 1028 2921 reddidit,
1046 2857 1260 2925 sibique
1278 2856 1447 2910 robur
1468 2870 1531 2909 ac
1564 2855 1872 2909 ﬁrmitatem
1907 2856 2123 2925 adjecit.
2154 2855 2360 2921 Quam-

774 2950 964 3004 obrem
1022 2964 1091 3004 ex
1150 2948 1338 3003 multis
1373 2956 1595 3016 repente
1637 2946 1868 3016 portulis
1899 2961 2026 3001 suos
2054 2947 2358 3010 eﬂ'undens,

772 3056 880 3111 qua
921 3040 997 3094 illi
1050 3040 1185 3094 nihil
1224 3038 1497 3108 ejusmodi
1536 3039 1952 3106 exspectabant,
1997 3040 2136 3108 parti
2167 3053 2357 3093 eorum

773 3133 1144 3203 congreditur,
1196 3132 1456 3201 justaque
1510 3130 1647 3185 satis
1702 3128 1859 3184 clade
1914 3130 2158 3185 alliciens
2212 3132 2360 3185 clare

772 3223 1002 3278 victoria
1034 3223 1258 3292 potitur.
1295 3220 1400 3276 Sed
1428 3229 1482 3275 et
1509 3220 1647 3273 mari
1681 3219 1959 3273 illustriori
2006 3235 2168 3290 quam
2212 3229 2351 3274 terra

2462 2024 2758 2095 πολεμικὸν
2819 2026 2912 2078 καὶ
2972 2028 3151 2097 τεῖχος
3180 2025 3374 2096 ἔμελλε
3421 2027 3735 2080 κατασείειν
3767 2025 3875 2077 τῶν
3901 2025 4039 2077 Bla-

2461 2121 2688 2191 χερνῶν,
2707 2123 2786 2183 είς
2817 2120 3011 2191 λόγους
3039 2123 3103 2194 δή
3128 2139 3269 2176 τισιν
3308 2123 3373 2175 ἐκ
3396 2120 3490 2173 τοῦ
3521 2119 3631 2172 τῶν
3654 2120 3851 2190 τειχῶν
3881 2134 4041 2188 μετι-

2461 2212 2605 2283 ώρου
2628 2209 2792 2286 ἦλθεν
2810 2216 2839 2269 ὁ
2859 2214 3098 2285 Μιχαὴλ,
3131 2215 3440 2286 ἀμνηστίαν
3470 2214 3653 2277 αὐτοῖς
3678 2212 3867 2267 δεινῶν
3886 2213 4044 2279 εὐαγ-

2461 2307 2807 2377 γελιζόμενος
2834 2308 2931 2361 καὶ
2959 2308 3391 2377 ὑπισχνούμενος
3422 2305 3617 2360 δώσειν
3646 2304 3826 2375 ἀγαθά
3847 2304 4044 2368 πολλὰ,

2462 2399 2512 2451 εί
2545 2399 2703 2469 μόνον
2724 2400 2787 2471 δὴ
2818 2400 3205 2470 μετατάξοιντο
3232 2400 3325 2454 καὶ
3359 2399 3434 2472 μὴ
3478 2398 3787 2470 βουληθεῖεν
3814 2400 4044 2468 αῖμασιν

2461 2491 2750 2561 ὁμοφύλων
2804 2494 2899 2546 καὶ
2943 2492 3189 2560 ἀδελφῶν
3234 2492 3723 2563 καταχραίνεσθαι.
3791 2491 3933 2544 Ἀλλ’
3963 2493 4046 2554 εἰς

2463 2584 2621 2639 πίθον
2651 2588 2987 2656 τετρημένον
3031 2586 3097 2652 ⁶¹,
3122 2585 3183 2639 τὸ
3208 2586 3304 2639 τοῦ
3339 2586 3523 2659 λόγου,
3575 2585 3801 2648 τούτους
3841 2585 4047 2636 ἐναπε-

2464 2678 2633 2746 ράνας
2661 2678 2707 2711 "
2731 2678 2859 2740 τοὺς
2887 2677 3098 2746 λόγους,
3132 2676 3378 2740 ἐκείνους
3410 2677 3510 2745 μὲν
3537 2676 4047 2747 θαρσαλεωτέρους,

2461 2769 2541 2821 ὅτι
2592 2769 2656 2839 δὴ
2711 2771 2807 2823 καὶ
2840 2770 3266 2839 παρακαλοῐντο,
3300 2771 3497 2824 ταυτὸν
3526 2770 3583 2823 δὲ
3614 2771 3791 2823 εἰπεῖν
3816 2774 3911 2822 καὶ
3944 2769 4049 2838 τῆς

2461 2861 2526 2912 ἐκ
2552 2859 2645 2911 τοῦ
2678 2860 2845 2929 φόϐου
2877 2862 3190 2925 συστάσεως
3212 2862 3538 2930 λελυμένους
3566 2862 3879 2932 εἰργάσατο,
3911 2862 4045 2913 ἑαυ-

2460 2949 2552 3001 τὸν
2581 2950 2635 3002 δὲ
2663 2950 2925 3021 σταθερόν
2955 2969 3013 3006 τε
3073 2954 3169 3006 καὶ
3206 2953 3581 3024 στερῤότερον.
3618 2952 3780 3006 Ὅθεν
3800 2953 3957 3020 ἄφνω
3982 2953 4052 3004 ἐκ

2460 3042 2673 3093 πολλῶν
2696 3043 2932 3096 πυλίδων
2967 3044 3090 3095 κατ’
3126 3044 3309 3097 αὐτῶν
3345 3044 3625 3116 συρῤυεὶς,
3762 3043 3837 3114 μὴ
3869 3061 4053 3113 προσ-

2460 3133 2657 3186 εδόκων
2683 3135 2905 3202 ἐκεῖνοι,
2935 3137 3312 3207 συρρήγνυται
3338 3153 3449 3188 τισι
3480 3136 3693 3198 τούτοις
3722 3138 3803 3198 εἰς
3833 3137 4051 3206 μάχην,

2460 3225 2555 3277 καὶ
2581 3225 2779 3297 φθόρον
2822 3228 3007 3281 ἱκανὸν
3047 3229 3424 3298 ἐργασάμενος
3457 3228 3555 3299 τὴν
3602 3228 3845 3281 νικῶσαν
3899 3228 4053 3297 λαμ-

772 3317 1003 3369 τίοιονίξι
1038 3325 1293 3382 augetur.
1329 3311 1469 3367 Cum
1505 3312 1653 3366 enim
1706 3313 2072 3381 imperatoria:
2107 3313 2353 3368 triremes

2457 3287 2611 3370 ϐάνει
2666 3287 2955 3390 λαμπρῶς.
3025 3287 3180 3374 κατὰ
3234 3287 3522 3375 θάλατταν.
3550 3321 3607 3375 δὲ
3641 3322 3734 3375 καὶ
3782 3287 4052 3394 μᾶλλονῆ

772 3408 943 3460 altum
979 3412 1245 3475 peterent,
1273 3403 1501 3474 jamque
1533 3418 1728 3473 pugna:
1763 3403 2115 3458 conserendae
2142 3405 2352 3461 adesset

777 3508 1011 3568 tempus,
1040 3509 1204 3567 atque
1232 3497 1369 3551 adeo
1392 3495 1510 3567 ipsa
1539 3496 1836 3551 desertoris
1866 3491 2059 3551 class'ﬁ
2096 3511 2353 3567 congres-

774 3608 869 3645 sus
895 3590 1090 3645 ardore
1127 3604 1260 3644 saxa
1294 3590 1555 3655 mitteret,
1588 3589 1775 3644 nescio
1803 3604 1914 3659 quo
1948 3604 2078 3645 casu
2105 3601 2354 3645 conster-

775 3695 902 3737 nata
961 3682 1233 3753 quibusve
1287 3693 1406 3736 acta
1458 3683 1788 3747 terroribus,
1840 3697 1994 3738 versa
2054 3686 2220 3753 puppi
2285 3680 2351 3739 ad

776 3785 973 3829 terram
1010 3791 1070 3830 se
1096 3775 1375 3831 subducit.
1408 3774 1686 3830 Classiarii
1741 3791 1868 3846 pars
1905 3786 2167 3847 concepta
2215 3778 2356 3833 [iduo

772 3868 857 3921 cia
915 3868 982 3922 ad
1017 3868 1403 3938 imperatorem
1451 3868 1736 3932 deﬁciunt,
1768 3883 1894 3938 pars
1932 3870 1998 3923 ad
2030 3885 2131 3925 sua
2176 3879 2355 3926 castra

774 3971 918 4013 terra
953 3967 1207 4029 pergunt,
1253 3975 1318 4015 ac
1351 3959 1438 4015 vel
1470 3959 1525 4014 in
1563 3961 1701 4015 mari
1740 3962 1948 4016 versari
1992 3972 2088 4016 aut
2130 3977 2356 4032 prorsus

777 4064 1014 4118 pugnare
1062 4059 1447 4120 pernegarent.
1485 4050 1577 4106 Sic
1631 4052 1839 4122 absque
1868 4053 2057 4110 labore
2086 4054 2356 4111 dissoluta

775 4141 1001 4195 Thomae
1026 4143 1243 4206 classis,
1271 4143 1549 4213 cessitque
1591 4144 1644 4199 in
1681 4144 1933 4208 nihilum,
1966 4161 2090 4200 cum
2141 4148 2351 4203 nullum

774 4244 865 4285 aut
922 4250 1021 4303 pro
1075 4236 1297 4288 navium
1352 4251 1582 4290 numero
1636 4246 1727 4290 aut
1785 4252 1886 4307 pro
1942 4239 2350 4296 classiariorum

774 4329 975 4381 virtute
1030 4329 1350 4397 prazclarum
1404 4328 1617 4385 facinus
1670 4331 1956 4388 edidisset.

2457 3410 2580 3463 κατ’
2604 3412 2829 3483 ήπειρον
2852 3413 2950 3483 τὴν
2980 3413 3220 3466 νικῶσαν
3246 3413 3572 3484 ἐλάμϐανεν.
3606 3413 3695 3475 Ὠς
3714 3413 3825 3484 γὰρ
3854 3415 3912 3467 αἱ
3947 3413 4019 3485 βα
4043 3442 4058 3455 -

2458 3501 2666 3555 σιλικα)⁵
2692 3505 2940 3576 τριήρεις
2970 3507 3239 3577 ἀνήγοντο
3285 3506 3379 3560 καὶ
3411 3508 3491 3569 εἰς
3542 3505 3733 3575 χεῖρας
3787 3506 4059 3577 συνέρχε-

2458 3600 2581 3655 σθαι
2626 3602 2887 3672 ἔμελλον,
2922 3602 3049 3675 ἄρτι
3082 3604 3147 3675 δὴ
3194 3603 3429 3673 πόλεμον
3476 3600 3906 3673 συγκροτοῦντος
3954 3605 4060 3656 καὶ

2451 3693 2632 3755 λίθους
2651 3695 2976 3763 ἑπαφιέντος
3004 3694 3100 3747 τοῦ
3127 3693 3499 3748 ἀποστατικοῦ
3521 3693 3795 3761 πλωΐμου,
3820 3694 3924 3746 ούκ
3946 3690 4058 3747 οἶδ’

2452 3783 2481 3837 ὃ
2520 3802 2569 3836 τι
2599 3785 2862 3849 παθόντος
2892 3787 2986 3840 καὶ
3006 3787 3350 3856 τίσιδείμασι
3382 3787 3477 3839 καὶ
3495 3786 3747 3856 θορύϐοις
3773 3802 4057 3855 περικτυ-

2455 3877 2724 3945 πηθέντος
2777 3880 2871 3932 καὶ
2905 3879 3165 3949 πρύμναν
3212 3878 3547 3949 κρούσαντος
3592 3879 3869 3948 κατήγετο
3904 3879 4062 3948 πρὸς

2453 3970 2551 4038 τὴν
2578 3970 2806 4039 χέρσονο
2844 3970 2938 4024 καὶ
2972 3972 3021 4023 οἱ
3079 3973 3178 4042 μὲν
3210 3970 3320 4024 τῶν
3355 3970 3567 4042 ἀνδρῶν
3625 3972 3763 4042 πρὸς
3809 3970 4063 4040 βασιλέα

2456 4060 2884 4131 αὑτομολοῦντες
2914 4063 3182 4135 ἐθάρρουν
3212 4062 3649 4133 μετατιθέμενοι,
3668 4065 3716 4115 oi
3735 4062 3792 4115 δὲ
3816 4063 3962 4133 πρὸς
3991 4066 4064 4117 τὸ

2454 4158 2657 4209 οἰκεῖον
2687 4157 3049 4225 στρατόπεδον
3079 4157 3141 4210 τὸ
3176 4157 3318 4210 κατά
3368 4158 3472 4227 γῆν
3522 4156 3951 4226 ἀπεδίδρασκον,
3990 4159 4065 4210 τὸ

2456 4248 2601 4302 κατά
2631 4248 2908 4303 θάλασσαν
2946 4246 3084 4303 εἶναι
3123 4250 3220 4303 καὶ
3243 4247 3607 4320 διαμάχεσθαι
3638 4251 4065 4320 ἀπαρνησάμε-

2455 4359 2536 4394 νοι
2571 4341 2871 4405 παντελῶς.
2898 4341 3056 4395 Ούτω
3082 4341 3179 4410 μὲν
3208 4336 3302 4394 οὖν
3327 4341 3558 4409 ἀπονητὶ
3576 4339 3793 4409 διελύθη
3820 4340 3879 4393 τὸ
3912 4357 4069 4392 vuu-

771 4417 955 4480 τικὺν,
982 4421 1077 4471 καὶ
1105 4419 1241 4480 τέως
1273 4420 1552 4491 ἐχώρησεν
1610 4420 1697 4492 [Ρ.
1725 4421 1817 4494 40]
1865 4425 1945 4487 είς
1989 4425 2163 4489 οὐδὲν.
2198 4428 2347 4495 ἄξιον
2375 4430 2499 4484 οὔτε
2534 4434 2581 4466 ⁸³
2607 4434 2702 4487 τοῦ
2752 4435 2992 4504 πλήθους
3042 4434 3154 4487 τῶν
3195 4435 3333 4487 νεῶν
3386 4433 3511 4487 οὔτε
3563 4432 3675 4486 τῶν
3739 4435 3821 4497 είς
3868 4436 4069 4496 αὑτὰς

771 4508 1189 4580 ἀναϐεϐηκότων
1211 4510 1421 4582 ἀνδρῶν
1449 4512 1910 4582 διαπραξάμενον.

845 4602 931 4655 l6.
982 4600 1121 4656 Hinc
1159 4618 1402 4674 quoque,
1441 4605 1601 4674 cujus
1632 4606 1744 4675 jam
1782 4608 2157 4678 meminimus,
2212 4612 2350 4667 Gre-
2378 4626 2431 4685 D

773 4694 983 4759 gorius,
1014 4708 1140 4747 cmn
1178 4694 1512 4751 desertorem
1554 4694 1822 4751 Thomam
1852 4700 2062 4770 exigua:
2113 4704 2355 4757 auctori-

774 4788 901 4840 tatis
934 4800 1078 4849 csse,
1103 4787 1447 4858 multumque
1477 4790 1527 4842 ei
1556 4791 1795 4845 nominis
1822 4791 2143 4856 decessisse,
2172 4795 2355 4867 longe-

769 4894 876 4946 que
921 4879 1159 4947 amplius
1190 4879 1264 4933 illi
1314 4882 1661 4950 postmodum
1702 4882 2054 4938 decessurum
2087 4886 2355 4956 intellige-

772 4983 875 5033 ret,
939 4972 1140 5043 quippe
1193 4973 1401 5028 homini
1458 4974 1566 5045 63
1605 4976 1818 5045 poculis
1877 4977 2083 5043 dedito,
2144 4988 2197 5035 ct
2267 4983 2353 5035 cui

773 5065 1014 5119 maxime
1054 5066 1340 5135 prudentia
1376 5068 1613 5134 deesset,
1641 5084 1748 5139 qua
1782 5072 2131 5139 potissimum
2161 5088 2224 5127 ac
2245 5089 2355 5142 pra:

772 5158 923 5211 omni
957 5158 1061 5212 alia
1112 5159 1313 5213 virtute
1366 5169 1631 5229 parantur
1671 5162 1937 5227 victoriae,
1992 5173 2202 5231 partem
2252 5165 2352 5218 ali-

772 5261 936 5312 quam
966 5263 1151 5301 secum
1183 5262 1475 5304 assumens
1516 5250 1775 5319 subjecta:
1806 5252 2058 5321 legionis,
2092 5254 2352 5325 priusque

773 5340 1025 5393 monachi
1076 5340 1361 5409 cujusdam
1412 5342 1649 5396 studiani
1700 5343 1939 5413 collegii,
1976 5345 2031 5399 in
2075 5360 2197 5401 eam
2232 5360 2348 5401 rem

774 5431 951 5493 missi.
974 5448 1137 5502 opera
1164 5435 1573 5490 communicato
1592 5451 1718 5491 cum
1745 5435 2074 5507 imperatore
2092 5441 2343 5505 consilio,

768 5539 798 5572 a
849 5522 1059 5592 reliquo
1096 5540 1152 5580 se
1190 5530 1434 5581 exercitu
1478 5526 1683 5593 avellit,
1733 5539 2073 5598 tyrannoque
2117 5545 2147 5583 a
2196 5537 2348 5601 tergo

768 5617 991 5681 secedit,
1021 5628 1133 5672 tum
1167 5628 1226 5673 ut
1258 5619 1410 5673 illum
1457 5628 1759 5676 exterreret
1792 5635 1855 5676 ac
1904 5622 2217 5678 turbatione
2245 5624 2344 5678 im-

2530 4619 2627 4677 ις’.
2664 4611 2835 4665 Ὅθεν
2868 4610 2962 4664 καὶ
2992 4608 3291 4679 Γρηγόριος
3314 4608 3344 4660 ό
3379 4606 3640 4677 δηλωθεὶς
3674 4608 4068 4677 συνεωρακὼς

2452 4706 2615 4758 αὐτόν
2644 4721 2702 4758 τε
2734 4702 2924 4755 τοῦτον
2955 4701 3046 4754 τὸν
3069 4702 3383 4769 ἀποστάτην
3405 4700 3889 4771 εὐκαταφρόνητον
3913 4702 4067 4754 ὄντα

2451 4814 2511 4850 τε
2536 4798 2631 4851 καὶ
2659 4795 2822 4848 πλέον
2850 4795 3133 4865 προίόντος
3160 4792 3256 4846 τοῦ
3294 4794 3491 4863 χρόνου
3518 4792 3914 4861 γενησόμενον,
3951 4794 4067 4847 az;

2451 4887 2516 4957 δὴ
2563 4888 2749 4950 πότοις
2802 4885 3133 4956 σχολάζοντα
3189 4884 3284 4936 καὶ
3344 4884 3662 4953 φρονήσεως
3702 4883 4069 4953 ἀμοιροῦντα

2453 4977 2595 5031 κατά
2626 4976 2783 5040 πολὺ,
2811 4977 2879 5030 δι’
2903 4972 2972 5048 ἧς
2996 4973 3278 5042 πεφύκασι
3324 4972 3530 5042 μᾶλλον
3558 4974 3592 5044 ή
3616 4972 3780 5025 ποθεν
3810 4973 4069 5027 ἄλλοθεν

2452 5073 2507 5125 αι
2537 5072 2688 5125 νῖκαι
2718 5067 3131 5142 προσγίνεσθαι,
3173 5068 3366 5138 μοῖράν
3410 5083 3533 5119 τινα
3570 5064 3669 5118 τοῦ
3720 5066 3813 5133 ὑφ’
3839 5067 4068 5121 ἑαυτὸν

2450 5165 2732 5234 τάγματος
2759 5160 3185 5230 συλλαϐόμενος,
3211 5156 3306 5210 καὶ
3340 5156 3607 5227 πρότερον
3628 5156 3683 5208 δὲ
3713 5156 4065 5228 κοινολογη-

2451 5257 2683 5326 σάμενος
2716 5255 2794 5325 τῷ
2833 5254 3046 5323 βασιλεῖ
3072 5253 3159 5307 διά
3204 5251 3440 5323 μοναχοῦ
3478 5268 3625 5313 τινος
3646 5250 3740 5304 τού
3771 5252 3882 5304 ἀπὸ
3934 5253 4068 5306 τῶν

2448 5347 2702 5401 Στουδίου
2733 5346 2828 5399 τοῦ
2852 5346 2897 5378 ⁸⁸
2927 5345 3191 5416 βασιλέως
3236 5344 3656 5406 ἀποσταλέντος.
3682 5344 3838 5414 ῥῆξιν
3862 5346 4070 5398 ὲννοεῖ

2447 5443 2541 5493 καὶ
2570 5439 2663 5492 τοῦ
2693 5440 3004 5493 ἀποστάτου
3022 5438 3231 5506 γίνεται
3257 5437 3397 5490 κατά
3418 5436 3612 5503 νώτου,
3630 5437 3769 5506 όμοῦ
3792 5437 3898 5505 μὲν
3921 5438 4071 5489 τοῦ-

2454 5550 2547 5584 τον
2576 5531 2913 5601 ἑκδειματῶν
2941 5531 3037 5584 καὶ
3085 5530 3319 5601 θορύϐου
3378 5529 3626 5601 πληρῶν,
3671 5527 3809 5596 ὁμοῦ
3852 5529 3915 5582 δὲ
3952 5532 4071 5583 καὶ

2454 5624 2564 5675 τῶν
2591 5625 2671 5685 εἱς
2700 5621 2925 5692 βασιλέα
2970 5620 3149 5692 ἑαυτῷ
3176 5620 3604 5692 ἡμαρτημένων,
3630 5618 3766 5672 ἀλλά
3806 5618 3923 5687 μὴν
3955 5622 4071 5673 καὶ

2044 5739 2282 5795 VARUE
2309 5738 2714 5796 LECTIONES.

837 5821 880 5849 ⁵ο
908 5821 1083 5901 filiam,
1109 5822 1321 5901 μᾶλλον
1352 5825 1553 5896 diam?
1628 5830 1666 5859 ⁶¹
1706 5830 2067 5901 τετριμμένον
2098 5830 2158 5885 Ρ.

767 5892 875 5942 δίου
902 5892 1003 5942 ύπὴ
1047 5894 1173 5946 τούῖ

2263 5834 2307 5864 ⁸⁸
2340 5832 2720 5903 ἐναπεράσαςῖ)
2820 5829 2864 5862 ⁸³
2890 5845 2955 5883 an
2983 5829 3061 5892 εἰς
3094 5827 3266 5894 οὐδέν,
3302 5828 3454 5881 οὐδὲν
3512 5826 3661 5894 ἀξιον
3704 5826 3727 5878 ?
3798 5828 3846 5858 “
3868 5828 4069 5880 Στου-
