4158 6442
702 378 773 436 τε
1823 369 2336 430 THEOPHANES
2368 370 2939 433 CONTINUATUS.
3921 373 3988 437 so

699 506 829 543 cum
893 489 1077 545 Leone
1139 489 1259 558 ejus
1317 488 1604 542 decessore
1676 494 1895 555 pactum
1980 486 2307 542 confirmare

2412 486 2584 549 ἄλλως
2619 486 2877 557 πολέμοις
2933 486 3139 558 χαίρων
3184 488 3279 540 καὶ
3329 487 3429 551 τὰς
3479 488 3543 540 ἐκ
3589 487 3794 541 τούτων
3845 488 3992 553 λείας

713 584 996 656 magisque
1047 583 1291 637 stabilire
1336 589 1631 651 quaereret,
1686 580 1955 635 adversus
2005 590 2304 651 tyrannum

709 677 1011 730 exercitum
1037 684 1214 743 parat.
1250 672 1618 738 Quamobrem
1657 671 2026 727 Romanorum
2056 674 2189 727 lines
2212 688 2308 727 au-

707 772 897 824 dacter
943 772 1223 836 ingressus
1272 768 1339 821 ad
1396 767 1578 819 locum
1616 766 1705 820 cui
1752 764 2031 821 Ccductus
2084 781 2303 834 nomen,

706 869 887 915 castra
952 860 1129 929 ponit.
1196 858 1683 913 Percrebrescebat
1743 873 1966 923 rumor;
2028 874 2127 912 nec
2188 857 2305 911 ﬁeri

707 960 924 1020 p0terat
956 960 1015 1005 ut
1066 950 1299 1020 irruptio
1341 960 1636 1022 tyrannum
1680 949 1917 1005 falleret.
1969 952 2168 1004 Merito
2206 951 2307 1003 ita-

708 1058 814 1111 que
841 1042 1217 1110 perturbatur,
1247 1043 1541 1110 animoque
1573 1041 1735 1110 plane
1766 1041 2036 1095 attonitus
2064 1050 2168 1095 est.
2202 1039 2305 1097 Ubi

709 1146 890 1188 tamen
939 1136 1165 1189 emersit
1212 1149 1389 1203 exque
1447 1148 1512 1187 ea
1568 1149 1631 1188 se
1684 1137 2009 1189 aestuatione
2061 1134 2303 1206 collegit,

707 1229 978 1283 adversus
1004 1228 1159 1282 illum
1192 1229 1295 1283 sibi
1339 1230 1669 1282 movendum
1702 1229 2011 1283 constituit.
2037 1229 2304 1294 Quoniam

709 1330 897 1378 autem
921 1320 1099 1373 diviso
1132 1320 1378 1374 exercitu
1406 1334 1464 1373 se
1493 1334 1722 1387 prorsus
1756 1318 1990 1373 debilem
2027 1317 2145 1374 fore
2195 1321 2307 1375 cla-

708 1412 876 1481 diqne
928 1411 1228 1466 obnoxium
1278 1411 1495 1463 videbat
1534 1412 1682 1479 (nam
1734 1420 1787 1464 et
1842 1410 1897 1464 in
1942 1414 2304 1481 expugnanda

709 1504 847 1559 urbe
890 1504 1133 1573 Augusta
1186 1517 1293 1555 non
1344 1503 1543 1572 exiguo
1592 1503 1685 1557 sed
1739 1518 2036 1559 numeroso
2069 1503 2305 1573 fortique

709 1596 954 1652 exercitu
991 1610 1132 1665 opus
1179 1605 1319 1657 erat,
1364 1610 1540 1664 eoque
1581 1596 1756 1665 magis
1794 1596 1938 1665 quod
1983 1597 2097 1663 jam
2130 1596 2303 1665 impe-

709 1696 864 1744 rator
912 1687 1216 1743 exercitum
1267 1687 1413 1741 haud
1464 1690 1925 1742 contemnendum
1993 1698 2300 1758 paraverat,

709 1782 917 1852 quique
950 1781 1087 1835 adeo
1112 1788 1368 1833 conserto
1396 1778 1529 1847 pede
1562 1793 1805 1849 pugnare
1834 1788 2021 1848 posset
2050 1794 2152 1833 nec
2180 1793 2307 1833 raro

712 1874 952 1930 hostium
978 1884 1214 1941 stragem
1242 1870 1403 1935 dare;
1443 1886 1543 1924 nec
1567 1886 1696 1925 vero
1722 1880 1913 1925 contra
1938 1870 2304 1940 Bulgarorum

711 1966 900 2036 copias
947 1964 1105 2019 aliter
1143 1978 1305 2033 quam
1359 1976 1556 2029 magno
1603 1961 1895 2028 validoque
1924 1960 2171 2015 exercitu
2205 1975 2305 2030 pu-

714 2071 819 2125 gna
852 2055 1049 2108 instrui
1078 2050 1341 2123 poterat),
1372 2066 1439 2105 ne
1471 2050 1636 2121 igitur
1670 2052 1820 2105 velut
1846 2051 2068 2120 rapidus
2085 2052 2306 2121 quidam

716 2159 932 2203 torrens
965 2146 1018 2200 in
1064 2146 1204 2200 duos
1238 2144 1509 2212 quosdam
1556 2142 1825 2198 deductus
1874 2143 2102 2209 rivulos,
2141 2160 2306 2214 quam

716 2255 812 2311 pro
845 2238 1011 2308 priori
1060 2238 1260 2291 virtute
1307 2236 1419 2306 66
1447 2236 1701 2291 hostibus
1750 2236 2079 2291 imbecillior
2134 2252 2302 2308 appa-

715 2340 881 2391 reret,
909 2336 963 2383 et
989 2329 1081 2397 qui
1109 2326 1270 2381 facile
1311 2326 1561 2380 edomari
1605 2335 1813 2395 posset,
1856 2327 2007 2381 urbis
2055 2327 2306 2384 obsidio-

713 2435 838 2475 nem
896 2419 949 2472 iu
1002 2428 1174 2473 totum
1229 2418 1412 2481 solvit,
1463 2418 1627 2487 inque
1668 2416 1957 2486 Bulgaros,
2002 2420 2203 2489 quibus
2247 2435 2308 2476 se

714 2526 903 2583 parem
962 2526 1084 2566 esse
1145 2509 1537 2573 arbitrabatur,
1596 2509 1855 2576 edocens,
1912 2510 1967 2564 in
2018 2526 2083 2565 eo
2141 2527 2303 2581 quem

713 2603 958 2659 diximus
984 2601 1209 2658 Ceducti
1239 2601 1382 2665 loco,
1432 2614 1556 2656 cum
1600 2601 1681 2656 eis
1711 2616 1950 2671 pugnam
1985 2603 2299 2658 committit.

788 2875 875 2931 18.
899 2874 1166 2931 Caeterum
1203 2883 1467 2944 tyrannus
1497 2873 1551 2927 in
1595 2887 1660 2927 eo
1711 2872 1899 2943 pralio
1930 2886 2126 2941 magna
2174 2889 2306 2928 suo-

714 2983 839 3026 rum
878 2977 1060 3037 strage
1095 2966 1348 3031 vincitur,
1382 2981 1482 3020 nee
1517 2964 1655 3021 adeo
1700 2964 1887 3021 hostes
1915 2966 2067 3021 clade
2119 2965 2301 3032 allicit,

719 3060 815 3118 sed
854 3060 971 3131 ipse
1027 3060 1097 3113 ab
1147 3059 1228 3113 eis
1280 3059 1488 3129 ingenti
1546 3058 1700 3114 clade
1751 3056 2003 3113 adicitur.
2053 3058 2302 3128 Cumque

2409 578 2755 649 καρποῦσθαι
2790 579 2982 647 φιλῶν,
3014 581 3108 632 καὶ
3132 579 3231 642 τὰς
3266 580 3401 651 πρὸς
3432 580 3594 633 αὑτὸν
3632 581 3690 633 δὲ
3723 598 3987 651 τριακον-

2406 667 2616 732 τούτεις
2654 670 2887 734 σπονδὰς
2916 674 3291 742 γεγενημένας
3339 672 3493 743 παρὰ
3562 672 3658 725 τοῦ
3706 690 3994 743 προκατα-

2410 759 2630 830 σχόντος
2658 762 2887 824 Λέοντος
2916 762 3311 818 ὲπιϐεϐαιῶσαι
3332 765 3426 819 καὶ
3450 766 3805 835 ἰσχυροτέρας
3830 766 3995 831 ποιῆ-

2410 870 2497 906 σαι
2531 852 2730 922 ζητῶν,
2766 855 2867 923 τὴν
2892 855 3033 907 κατὰ
3065 854 3161 907 τοῦ
3203 855 3465 926 τυράννου
3510 856 3775 925 στρατιάν
3802 856 3997 924 εὐτρέ-

2410 944 2585 1009 πιζεν,
2621 944 2717 997 καὶ
2766 944 2831 1016 δὴ
2871 946 2981 999 τῶν
3047 946 3335 1016 Ῥωμαίων
3386 948 3529 1017 ὅρων
3580 946 3799 1000 ἔντοσθε
3856 946 3999 1017 μετὰ

2410 1040 2724 1111 παρρησίας
2766 1041 3059 1111 γενόμενος
3109 1041 3253 1094 κατὰ
3296 1042 3389 1094 τὸν
3441 1040 3757 1111 Κηδούκτου
3814 1039 3998 1110 χῶρον

2408 1134 2552 1187 οὕτω
2602 1134 2942 1204 καλούμενον
2993 1132 3508 1205 ἐστρατοπέδευσεν.
3578 1131 3870 1185 Ἦκούοντο
3915 1131 3999 1193 δὲ,

2407 1226 2503 1277 καὶ
2555 1222 2743 1277 λαθεῖν
2776 1223 2948 1278 ταῦτα
2994 1223 3087 1277 τὸν
3125 1222 3445 1292 ἀποστάτην
3472 1223 3572 1276 οὐκ
3609 1217 3707 1292 ἦν’
3747 1221 3999 1292 περιεδο-

2409 1313 2547 1383 νήοη
2584 1314 2706 1383 μὲν,
2730 1314 2804 1378 ὡς
2833 1314 3003 1379 εἰκὸς,
3033 1314 3125 1367 καὶ
3151 1313 3250 1377 τὰς
3273 1314 3473 1383 φρένας
3503 1312 3911 1384 κατεκτυπήθη,
3942 1315 4002 1366 ὲν

2407 1406 2555 1476 αὐτῷ
2596 1407 2654 1459 δὲ
2688 1408 2853 1461 πάλιν
2883 1407 3177 1477 γενόμενος
3209 1406 3308 1479 τὴν
3368 1408 3488 1460 κατ’
3520 1406 3685 1460 αὑτοῦ
3736 1406 4002 1476 στρατιάν

2408 1498 2725 1564 ὲξὼπλιζεν.
2758 1501 2866 1552 Καὶ
2909 1500 3034 1552 ἐπεὶ
3057 1500 3136 1563 είς
3157 1498 3251 1553 δύο
3282 1498 3788 1570 καταμεριζόμενος
3811 1499 3997 1552 ἐδόκει

2409 1589 2689 1653 παντελῶς
2728 1591 2963 1661 ἀσθενής
2988 1607 3046 1644 τε
3076 1586 3217 1645 εἶναι
3257 1591 3351 1643 καὶ
3378 1590 3654 1653 εὕπτωτος
3685 1591 3739 1660 (ἦ
3772 1608 3831 1643 τε
3883 1590 4000 1658 γὰρ

2407 1680 2518 1735 τῶν
2545 1680 2757 1735 πόλεων
2775 1680 3247 1749 βασιλεύουσαοΰκ
3276 1680 3666 1751 εὖαριθμήτου,
3691 1680 3828 1734 ἀλλὰ
3846 1680 3945 1731 πλε
3958 1681 3998 1730 ί-

2410 1790 2536 1827 στου
2562 1772 2846 1842 ἀξιολόγου
2901 1764 3139 1843 στρατοῦ
3183 1774 3362 1826 ἐδέετο
3410 1773 3867 1845 πολιορκουμένη,
3894 1773 4001 1842 ἤδη

2412 1866 2506 1917 καὶ
2534 1864 2629 1919 τοῦ
2685 1865 2905 1937 Μιχαὴλ
2930 1866 3190 1936 δυνάμεις
3222 1867 3324 1919 οὐκ
3372 1866 3617 1935 ἀγεννεῖς
3648 1864 4003 1932 συλλέγοντος

2413 1958 2506 2009 καὶ
2535 1956 2678 2010 κατὰ
2731 1958 2900 2021 πόδας
2942 1957 3195 2011 ἵστασθαι
3231 1957 3555 2027 δυναμένου,
3588 1957 3684 2010 καὶ
3734 1955 4005 2017 πολλάκις

2410 2050 2633 2123 δλεθρον
2689 2053 2994 2121 ἐπαγαγεῖν
3049 2053 3235 2117 αὐτοῖς
3269 2052 3629 2122 δυνηθέντος·
3674 2052 3770 2104 καὶ
3804 2052 3839 2122 η
3890 2050 4006 2101 τῶν

2412 2144 2738 2215 Βουλγάρων
2767 2145 2825 2198 δὲ
2871 2145 3105 2216 δύναμις
3152 2145 3211 2198 οὺ
3249 2146 3455 2216 μικράς
3492 2160 3637 2209 τινος
3662 2144 3871 2207 τάξεως
3903 2140 4008 2195 καὶ

2414 2240 2694 2309 στρατιᾶς,
2728 2238 2932 2308 πολλῆς
2952 2238 3011 2291 δὲ
3046 2240 3139 2291 καὶ
3168 2238 3230 2291 οὐ
3264 2238 3363 2309 τῆς
3391 2237 3664 2307 τυχούσης
3691 2235 3872 2291 ἐδέετο
3897 2251 4008 2287 πα-

2412 2326 2735 2399 ρατάξεως),
2752 2358 2822 2368 -
2850 2327 2925 2399 μὴ
2954 2327 3046 2381 οὖν
3072 2330 3152 2391 είς
3185 2326 3279 2380 δύο
3306 2328 3431 2381 τινὰ
3456 2326 3834 2396 διαιρούμενος
3854 2324 4008 2378 κατά

2409 2437 2532 2473 τινα
2560 2420 2763 2491 λάϐρον
2802 2423 3135 2492 χειμάρρουν
3189 2419 3579 2491 ἀσθενέστερος
3619 2419 3748 2490 παρ’
3783 2419 3811 2472 δ
3853 2419 3899 2451 ⁸⁸
3934 2413 4007 2489 ἦν

2409 2511 2538 2585 δόξῃ
2564 2529 2621 2564 τε
2651 2514 2763 2575 τοῖς
2790 2509 3005 2583 ἐχθροῖς
3030 2513 3123 2566 καὶ
3156 2511 3483 2585 εὐχείρωτος
3503 2511 3748 2581 γένηται,
3770 2511 4008 2580 ἀπαίρει

2411 2605 2511 2674 μὲν
2555 2603 2693 2666 ὅλως
2748 2604 2851 2674 τῆς
2883 2603 3111 2669 πόλεως,
3138 2605 3274 2676 πρὸς
3302 2604 3394 2659 τὸν
3429 2604 3739 2674 Βούλγαρον
3762 2604 3817 2657 δὲ
3847 2604 4007 2671 άξιόη

2410 2710 2582 2765 μαχον
2608 2693 2798 2762 κρίνας
2824 2693 2987 2745 αὑτὸν
3016 2693 3157 2747 κατά
3178 2695 3269 2746 τδν
3300 2693 3588 2763 εἰρημένον
3614 2692 3780 2744 τόπον
3814 2706 4008 2759 παρα-

2405 2784 2663 2839 τάσσεται
2691 2786 2785 2839 καὶ
2812 2784 3269 2853 ἀνταγωνίζεται.

2479 2882 2569 2947 ιη’.
2602 2877 2714 2930 Καὶ
2751 2877 2873 2930 ἐπεὶ
2903 2878 2958 2940 ἐς
2996 2880 3185 2948 χεῖρας
3215 2878 3384 2948 ᾔεσαν
3418 2876 3540 2928 κατ’
3580 2875 3853 2945 ἀλλήλων,
3902 2873 4012 2944 ἠτ-

2406 2971 2565 3023 τᾶται
2596 2970 2921 3041 δηξίσχυρῶς
2953 2972 2982 3024 ό
3008 2970 3291 3040 τύραννος,
3321 2972 3416 3022 καὶ
3444 2969 3604 3037 φόνον
3634 2968 3697 3021 οὐ
3726 2968 3873 3021 ποιεῖ
3899 2969 4013 3036 μὲν

2408 3065 2608 3133 πάσχει
2635 3064 2693 3117 δὲ
2728 3064 2880 3133 παρὰ
2911 3062 3018 3116 τῶν
3050 3061 3281 3134 ἐχθρῶν.
3318 3063 3425 3115 Καὶ
3457 3062 3580 3114 ἐπεὶ
3612 3061 3687 3133 μὴ
3724 3061 3900 3123 ἄλλως
3934 3056 4014 3132 ἦν

716 3156 878 3209 aliter
936 3168 1044 3207 non
1100 3152 1310 3211 liceret,
1367 3149 1491 3221 fuga
1545 3151 1783 3205 salutem
1820 3150 2119 3219 expediunt
2151 3150 2305 3219 quie

2412 3157 2510 3224 τῆς
2566 3154 2843 3225 σωτηρίας
2875 3154 3160 3219 λαϐέσθαι,
3203 3152 3289 3225 [Ρ.
3320 3152 3412 3224 42]
3464 3152 3735 3223 φυγαδείᾳ
3792 3148 4015 3222 ταύτην

718 3245 909 3316 praslio
959 3242 1263 3298 incolumes
1297 3240 1536 3306 fuerant,
1595 3241 1876 3311 arduoque
1907 3241 2145 3310 quodam
2186 3241 2307 3296 loco

720 3352 821 3392 nec
867 3336 1011 3391 facili
1054 3349 1281 3389 accessu
1313 3333 1547 3401 dispersi
1582 3348 1770 3388 secum
1823 3333 2134 3403 cogitabant
2174 3350 2311 3403 qun-

717 3431 885 3486 modo
924 3443 1117 3482 rursus
1164 3429 1375 3483 coirent
1418 3442 1481 3480 ac
1531 3440 1724 3495 agmen
1758 3424 2147 3479 instaurarent.
2182 3424 2309 3479 Bul-

718 3534 886 3589 garus
930 3526 1111 3572 autem
1138 3516 1323 3571 statim
1376 3516 1645 3584 captivos,
1682 3514 1775 3584 qui
1810 3522 2073 3567 venerant
2106 3513 2159 3567 in
2213 3528 2309 3583 po-

720 3612 997 3672 tes‘tatem,
1050 3622 1363 3670 assumens,
1424 3604 1768 3675 ingentisque
1834 3604 2028 3673 praedae
2085 3619 2310 3674 compos

718 3701 970 3765 clfectns,
1010 3700 1238 3754 victoria
1277 3696 1427 3751 ferox
1468 3710 1642 3765 eaque
1679 3695 2007 3765 superbiens
2056 3696 2199 3750 redit
2254 3696 2308 3749 in

718 3794 977 3865 patriam.
1030 3789 1238 3844 Classis
1288 3788 1355 3842 ad
1412 3788 1769 3842 obsidendam
1840 3788 2031 3841 urbem
2097 3790 2308 3853 relicta,

719 3884 905 3939 audita
956 3896 1181 3936 suorum
1216 3891 1416 3947 strage,
1463 3887 1576 3932 tota
1611 3878 1675 3932 ad
1711 3878 2095 3946 imperatorem
2127 3880 2309 3935 deficit

719 3976 908 4045 illique
933 3973 1271 4043 adiungitur.
1298 3970 1541 4025 Thomas
1571 3986 1736 4041 porro
1766 3972 2016 4027 desertor
2048 3987 2114 4028 eo
2142 3983 2310 4028 teme-

719 4068 897 4124 ritatis
928 4068 1128 4137 erupit,
1156 4067 1491 4128 daemonum,
1524 4073 1584 4118 ut
1636 4064 1873 4131 videtur,
1908 4064 1984 4119 illi
2039 4066 2164 4121 belli
2212 4082 2307 4122 so-

718 4162 933 4215 ciorum
1003 4158 1207 4221 alllatu,
1266 4168 1323 4211 ut
1368 4166 1424 4211 et
1479 4156 1729 4211 cladibus
1795 4158 2037 4226 undique
2089 4158 2308 4213 attritus

717 4262 1000 4316 casusque
1034 4256 1196 4316 atque
1240 4261 1306 4299 ex
1337 4245 1693 4315 amplissimis
1724 4246 1887 4301 rebus
1927 4248 1979 4301 in
2022 4249 2309 4318 angustias

721 4342 1065 4410 compulsus,
1104 4353 1207 4393 nec
1248 4340 1397 4408 justo
1441 4354 1681 4407 unquam
1725 4340 1913 4409 praelia
1948 4340 2175 4395 victoria
2213 4358 2309 4409 po-

724 4439 855 4494 titus
898 4435 980 4490 vel
1020 4441 1276 4489 conserta
1310 4432 1487 4500 palam
1524 4433 1641 4485 acie
1674 4432 1759 4485 vel
1801 4448 1864 4486 ex
1909 4442 2060 4487 tanto
2095 4434 2302 4487 machi-

722 4543 919 4584 narum
969 4524 1216 4596 quotidie
1263 4523 1384 4577 urbi
1432 4523 1774 4576 admotarum
1800 4534 2066 4593 apparatu
2109 4540 2303 4580 censu-
2342 4512 2385 4566 Ῑ)

721 4637 850 4693 que,
883 4618 1130 4675 collectis
1178 4616 1378 4671 iterum
1422 4616 1599 4685 copiis
1637 4617 1689 4669 in
1721 4630 1914 4685 campo
1966 4617 2057 4671 cui
2106 4633 2307 4672 nomen

722 4713 997 4776 Diabasis,
1048 4710 1259 4780 aliquot
1312 4707 1384 4761 ab
1433 4707 1567 4761 urbe
1615 4707 1806 4761 stadiis
1844 4707 2058 4773 dissito,
2114 4710 2313 4763 castris

724 4805 999 4861 metandis
1026 4813 1141 4857 tum
1185 4816 1251 4856 ex
1298 4799 1412 4869 agri
1460 4797 1743 4855 feracitate
1774 4808 1888 4853 tum
1930 4816 1997 4855 ex
2049 4815 2318 4869 aquarum

722 4899 933 4968 irriguo
965 4897 1125 4965 longe
1170 4890 1643 4954 commodissima,
1679 4890 2013 4946 consederit.
2043 4890 2173 4945 lude
2201 4906 2319 4945 om-

722 5006 848 5046 nem
878 4987 1323 5045 suburbanorum
1346 4982 1670 5054 elegantiam
1690 4983 2114 5039 excursionibus
2137 4997 2289 5038 vasta
2305 5016 2318 5025 -

722 5086 817 5141 bat
844 5097 908 5138 ac
932 5081 1041 5152 67
1075 5080 1185 5149 igni
1218 5077 1565 5133 incendebat.
1585 5074 1742 5131 Haud
1769 5085 1949 5131 tamen
1982 5078 2133 5132 velut
2166 5078 2317 5147 prius

724 5193 784 5234 se
814 5175 1021 5231 civitati
1056 5173 1111 5227 in
1157 5178 1511 5240 conspectum
1559 5170 1743 5224 dabat.
1793 5168 2025 5224 Michael
2062 5185 2193 5226 vero
2228 5172 2317 5243 ubi

724 5285 841 5325 rem
885 5265 1172 5329 intellexit,
1222 5262 1420 5316 idoneo
1476 5261 1791 5330 conscripto
1835 5262 2099 5327 exercitu,
2135 5264 2320 5317 Olbia-

722 5374 857 5415 num
904 5371 1127 5427 quoque
1179 5363 1233 5408 et
1288 5352 1597 5423 Catacylam
1653 5367 1778 5407 cum
1814 5353 1932 5407 suis
1992 5354 2319 5424 legionibus,

722 5455 871 5505 viros
915 5447 1328 5505 strenuissimos
1372 5460 1437 5499 ac
1490 5444 1717 5514 integra:
1762 5444 1909 5511 fidei,
1963 5447 2168 5502 habens
2222 5448 2319 5501 ad-

725 5557 918 5595 versus
954 5539 1109 5592 illum
1140 5535 1341 5591 educit.
1380 5534 1619 5588 Olli-adit
1674 5544 1853 5589 autem
1909 5550 2014 5589 non
2057 5537 2311 5607 pavidum

723 5643 819 5689 aut
895 5633 974 5686 rei
1036 5628 1446 5699 exspectatione
1515 5642 1868 5697 suspensum,
1938 5627 2031 5683 sed
2101 5628 2312 5685 fortiter

2410 3246 2779 3317 εὑρίσκουσιν,
2816 3247 2909 3299 καὶ
2943 3245 3001 3298 ἔν
3022 3262 3129 3297 τινι
3159 3244 3320 3316 χώρῳ
3354 3244 3605 3314 δυσϐάτῳ
3630 3243 4015 3312 σκεδαννύμε-

2411 3354 2490 3389 νοι
2509 3338 2779 3390 ἐσκόπουν
2810 3336 2925 3399 πῶς
2960 3336 3321 3401 συνάγωνται.
3361 3334 3500 3386 Ἀλλ’
3526 3335 3555 3387 ό
3588 3334 3686 3404 μὲν
3708 3334 3815 3386 τῶν
3834 3334 4014 3386 Βουλ-

2412 3431 2601 3502 γάρων
2633 3430 2880 3501 ἀρχηγὸς
2917 3429 3079 3492 εὐθὺς
3110 3428 3177 3481 τά
3203 3445 3261 3481 τε
3292 3430 3524 3498 σώματα
3557 3427 4017 3497 προσλαϐόμενος

2412 3519 2486 3577 ὧν
2514 3523 2733 3591 ἐγένετο
2762 3522 2984 3591 κύριος,
3018 3520 3113 3573 καὶ
3151 3519 3300 3584 λείας
3346 3519 3402 3572 δὲ
3456 3519 3661 3588 πολλῆς
3706 3517 4017 3589 γενόμενος

2411 3615 2709 3686 ἐγκρατὴς,
2768 3614 2901 3684 πρὸς
2937 3614 3036 3681 τὴν
3062 3611 3256 3665 ἑαυτοῦ
3291 3611 3619 3682 ὑπέστρεψε,
3658 3612 3724 3682 τῇ
3757 3610 3879 3664 κατ’
3905 3611 4022 3663 αὖ-

2412 3707 2507 3762 τοῦ
2544 3708 2670 3781 νίκη
2705 3705 3071 3776 ἐπαιρόμενός
3101 3721 3161 3757 τε
3192 3703 3288 3757 καὶ
3327 3704 3597 3774 γαυριῶν.
3629 3703 3705 3756 Τδ
3724 3702 3781 3755 δὲ
3830 3718 4022 3758 κατα-

2411 3798 2629 3868 λειφθὲν
2657 3802 2904 3853 ναυτικὸν
2938 3797 3012 3860 ὡς
3041 3796 3202 3850 τοῦτο
3248 3796 3511 3866 ἀκήκοεν,
3568 3795 3730 3850 τοῦτο
3762 3796 3805 3826 ⁸⁷
3829 3795 3895 3866 δὴ
3934 3799 4016 3867 τῇ

2413 3891 2568 3944 πόλει
2604 3889 2986 3960 πρωεδρεῦον,
3022 3889 3337 3957 προσχωρεί
3365 3886 3442 3956 τῷ
3475 3886 3690 3956 βασιλεῖ
3727 3886 3821 3939 καὶ
3879 3886 4019 3956 μετ’

2413 3983 2578 4037 αὐτοῦ
2616 3984 2845 4052 γίνεται.
2889 3981 2949 4035 '0
2978 3981 3023 4035 δ’
3050 3978 3118 4035 αὖ
3168 3980 3482 4049 ἀποστάτης
3534 3981 3614 4042 είς
3644 3980 3869 4032 τοσοῦτο
3896 3975 4022 4053 ἦκα

2413 4074 2673 4147 θάρρους,
2708 4074 2862 4146 παρὰ
2894 4073 3006 4126 τῶν
3051 4071 3200 4141 αὑτῷ
3231 4070 3687 4142 συμμαχούντων,
3718 4070 3794 4135 ὡς
3830 4069 4021 4135 ἔοικε,

2412 4169 2685 4238 δαιμόνων
2718 4165 3013 4237 ἐγκρατὴς,
3054 4163 3196 4218 ὥστε
3252 4164 3522 4217 πάντοθεν
3578 4162 4025 4233 συπριϐόμενος

2412 4263 2507 4317 καὶ
2542 4261 2911 4331 πληττόμενος
2965 4260 3061 4311 καὶ
3117 4258 3298 4326 ὀλίγος
3344 4258 3409 4311 ἐκ
3443 4255 3656 4309 πολλῶν
3684 4253 4023 4325 γενόμενος,

2412 4353 2657 4424 καθαρᾶς
2686 4368 2746 4404 τε
2778 4350 2933 4420 νίκης
2954 4348 3014 4402 οὗ
3034 4367 3163 4402 ποτε
3191 4345 3802 4420 μετεσχηκὼςίοΰΐάπδ
3828 4362 4025 4416 παρα·

2412 4446 2620 4510 τάξεως
2682 4444 2806 4496 οὕτε
2856 4442 2963 4513 μὴν
2988 4442 3097 4495 ἀπὸ
3127 4441 3236 4494 τῶν
3262 4441 3384 4494 καθ’
3403 4441 3619 4512 ἡμέραν
3649 4440 4024 4510 προσαγομέ-

2416 4556 2521 4591 νων
2546 4536 2634 4590 διά
2665 4535 3021 4606 πολυχειρίας
3059 4532 3475 4604 μηχανημάτων
3505 4532 3648 4586 κατὰ
3677 4532 3784 4584 τῶν
3806 4531 4025 4601 τειχῶν

2414 4629 2512 4698 τῆς
2543 4628 2769 4689 πόλεως,
2796 4623 2953 4687 αὖθις
2982 4625 3367 4694 ἐπισυναχθεὶς
3397 4624 3538 4678 κατά
3559 4642 3610 4677 τι
3642 4623 3846 4685 πεδίον,
3876 4624 4027 4676 Διά-

2416 4720 2576 4775 ϐασιν
2605 4719 2749 4773 οὕτω
2786 4719 3145 4790 καλούμενον,
3175 4717 3422 4779 σταδίους
3448 4716 3649 4786 ἀπέχον
3666 4714 3766 4783 τῆς
3792 4714 4025 4778 πόλεως

2421 4812 2639 4874 ἱκανοὺς
2679 4811 2773 4864 καὶ
2806 4812 2942 4881 πρὸς
2997 4810 3425 4880 στρατοπεδείαν
3462 4807 3660 4877 εὐφυὲς
3699 4806 3761 4860 ἐκ
3799 4822 3861 4859 τε
3890 4808 4025 4861 τῶν

2419 4900 2702 4970 φυομένων
2731 4900 2826 4953 καὶ
2857 4900 3063 4953 ὑδάτων
3095 4899 3410 4970 ἑπιρρύτων
3439 4897 3519 4962 ὃν,
3558 4894 4021 4967 συναθροίζεται.

2418 4991 2688 5045 Κάκεῖθεν
2715 4992 2812 5055 τὰς
2845 4994 3126 5063 προνομὰς
3155 4990 3323 5044 ποιῶν
3355 4992 3532 5044 πάντα
3560 4988 3659 5059 μὲν
3692 4987 3798 5057 πρὸ
3826 4988 3874 5019 ⁸³
3907 4990 4030 5053 ταῖς

2416 5082 2623 5143 πόλεως
2648 5080 2828 5152 ἔκειρε
2863 5083 3068 5149 κόσμον
3104 5081 3198 5134 καὶ
3226 5080 3545 5151 ὲπυρπὸλει,
3577 5077 3926 5147 ἑνεφανίζετο
3952 5079 4028 5132 Et

2417 5172 2531 5233 τοῖς
2561 5171 2702 5225 κατὰ
2736 5172 2911 5234 πόλιν,
2943 5171 3017 5234 ὡς
3056 5172 3115 5223 τὸ
3162 5172 3450 5241 πρότερον,
3490 5168 3764 5239 οὐδαμῶς.
3810 5167 3878 5222 Ὀ
3908 5171 4029 5221 καὶ

2420 5264 2599 5327 συνεὶς
2652 5264 2680 5315 ὁ
2709 5265 2932 5334 Μιχαὴλ
2981 5266 3073 5317 καί
3102 5264 3380 5331 ἀξιόλογον
3435 5263 3707 5332 συστήσας
3743 5259 4028 5331 στρατὸν,

2418 5357 2580 5410 αὐτόν
2624 5374 2680 5408 τε
2727 5357 2999 5410 Ὀλϐιανὸν
3031 5356 3125 5409 καὶ
3156 5355 3490 5409 Κατάκυλαν
3542 5354 3681 5424 ἔχων
3717 5353 3860 5423 μετά
3891 5352 4029 5407 τῶν

2419 5449 2613 5502 ἑαυτοῦ
2645 5451 2898 5519 ἀκμῆτας
2936 5450 3233 5518 ταγμάτων
3268 5448 3361 5501 καὶ
3406 5448 3722 5517 ἀκεραίους,
3752 5446 3875 5498 κατ’
3902 5447 4031 5499 αὐ-

2419 5544 2511 5596 τοῦ
2547 5544 2901 5615 ἐπιστρατεύει
2927 5561 2939 5574 ·
2976 5546 3069 5597 καὶ
3098 5543 3287 5597 τοῦτον
3318 5544 3379 5595 οὐ
3417 5540 3863 5615 κατορῤωδοῧντα
3890 5539 4033 5594 οὐδ’

2420 5633 2846 5705 ἐκφοϐούμενον,
2870 5635 2985 5689 ἀλλ’
3008 5636 3156 5709 αὐτῷ
3178 5635 3647 5708 προσυπαντῶντα
3668 5634 3805 5706 μετὰ
3828 5651 4029 5688 σπου-

2004 5721 2236 5778 VARl/E
2279 5726 2683 5782 LECTIONES.

794 5821 839 5852 “
869 5817 922 5882 ὃ]
950 5812 1010 5870 οὗ
1042 5818 1099 5872 Ρ.
1177 5821 1220 5852 ⁸⁷
1262 5817 1444 5887 τοῦτο]
1468 5817 1565 5871 τόῖν
1589 5831 1657 5871 an
1689 5813 1847 5867 τοῦτο
1868 5813 1934 5884 δὴ
1964 5813 2069 5866 τδῗ
2143 5815 2187 5846 ⁸⁸
2226 5817 2325 5885 μὲν
2356 5817 2416 5871 ἐδ
2452 5816 2600 5886 ⁷⁷⁵9δῖ
