4158 6442
146 390 203 451 81
1164 388 1311 451 LIB.
1346 388 1431 448 Il.
1482 414 1516 421 -
1570 386 1912 449 MICIIAEL
1952 389 2445 454 AMORIENSIS.
3351 396 3429 457 8.?

145 508 235 575 δῆς
262 506 514 577 ἐφευρὼν
534 505 791 578 συνῆλθεν
830 508 908 571 είς
952 508 1151 579 χειρῶν
1179 508 1428 579 δύναμιν,
1451 512 1630 580 κρῖναι
1664 510 1724 563 τὸ

1848 507 2103 564 utstinere
2147 522 2435 580 paratum;
2464 512 2819 581 quamobrem
2865 511 3081 568 collatis
3123 510 3293 582 signis
3323 513 3420 564 de-

142 601 248 653 πᾶν
280 598 593 669 βουληθείς.
623 600 792 653 Ἔνθα
826 600 892 671 δὴ
923 601 1018 653 καὶ
1063 604 1588 673 καταστρατηγῆσαι
1636 603 1726 657 τὸν

146 689 369 758 βασιλέα
402 689 730 760 βουλόμενος
750 690 914 752 αὐτὸς
943 693 1009 761 τῇ
1039 691 1237 745 ἐαυτοῦ
1264 698 1729 765 καταστρατηγεῖ-

143 798 227 833 ται
252 779 423 851 βουλῇ
453 783 550 834 καὶ
587 781 685 833 τοῦ
741 781 940 845 παντὸς
989 782 1353 852 διαμαρτάνει
1401 782 1629 838 σκοποῦ.
1668 782 1726 837 '0

145 872 245 941 μέν
271 873 386 945 γὰρ
420 874 539 943 ἅμα
586 874 665 944 τῷ
696 875 1039 946 συρραγῆναι
1067 874 1159 927 τὸν
1190 876 1431 946 πόλεμον
1473 877 1620 930 νῶτα
1651 876 1726 930 διο

140 964 290 1015 δόναι
324 962 405 1035 τῷ
431 964 645 1033 βασιλεί
669 964 974 1031 ἐκέλευσεν,
1010 965 1070 1016 οὐ
1100 965 1201 1033 τὴν
1226 965 1334 1017 τῶν
1378 966 1575 1018 ἐαυτοῦ
1632 966 1727 1019 δυ-

144 1054 366 1124 νάμεων
385 1055 615 1126 γνώμην
638 1055 941 1121 κατανοῶν,
962 1053 1268 1125 ἀνθρώπιον
1290 1054 1524 1110 ἔκπαλαι
1541 1072 1729 1125 γυναι-

144 1146 254 1200 κῶν
282 1147 380 1201 καὶ
400 1147 608 1201 τέκνων
635 1145 1011 1217 στερουμένων
1035 1145 1103 1201 δι’
1127 1146 1291 1200 αὑτὸν
1309 1147 1405 1201 καὶ
1428 1148 1525 1211 τὰς
1542 1150 1729 1220 χεῖρας

143 1240 219 1309 τῷ
274 1238 554 1309 ἀδελφικῷ
608 1239 790 1310 λύθρῳ
853 1240 1362 1308 καταμιαινόντων·
1411 1241 1460 1294 οῖ
1509 1246 1732 1312 ταχεῖαν

145 1332 369 1385 ἔσεσθαι
402 1333 496 1384 καὶ
522 1333 624 1384 οὐκ
670 1332 750 1395 είς
787 1331 1047 1385 τοσοῦτον
1085 1332 1278 1402 χρόνον
1308 1334 1604 1404 ἐκταθῆναι
1633 1334 1732 1404 τὴν

145 1426 328 1479 αὐτῶν
356 1426 416 1476 ἐν
447 1428 561 1488 τοῖς
590 1423 881 1494 ὑπαίθροις
912 1423 1201 1495 διατριϐὴν
1254 1427 1734 1496 προσδοκήσαντες

145 1517 283 1587 πρὸς
333 1519 445 1570 πᾶν
499 1518 599 1586 μὲν
630 1511 773 1585 ἦσαν
802 1514 927 1569 κατ’
956 1518 1134 1587 ἀρχὰς
1185 1517 1479 1583 εὐπειθεῖς,
1524 1520 1645 1573 ἐπεὶ
1678 1521 1735 1573 δὲ

146 1610 240 1661 καὶ
268 1612 298 1661 ὁ
322 1609 516 1678 χρόνος
534 1609 638 1678 ἤδη
662 1626 764 1661 που
789 1608 1076 1674 ἐξετέτατο
1098 1610 1304 1680 (τρίτος
1327 1612 1436 1681 γὰρ
1456 1612 1734 1682 ἐξηνύετο)

144 1699 239 1751 καὶ
268 1696 561 1762 ἀνηνύτοις
583 1701 646 1750 ἐκ
668 1698 777 1751 τῶν
798 1697 921 1750 καθ’
948 1698 1164 1769 ἡμέραν
1190 1701 1492 1769 γινομένων
1517 1701 1737 1755 ἐδόκουν

140 1792 476 1859 ἐπιχειρεῖν,
522 1787 712 1858 ἀνδρὸς
763 1788 878 1851 ἐνὸς
928 1788 1196 1860 ἐπιθυμίᾳ
1236 1790 1329 1842 καὶ
1361 1792 1588 1863 ἀπονοίᾳ
1616 1793 1733 1845 δου-

140 1883 417 1944 λεύοντες,
450 1880 753 1952 τηνικαῦτα
775 1883 837 1935 τὺ
873 1882 1165 1935 κελευσθὲν
1211 1883 1286 1945 ὡς
1309 1885 1538 1953 ἕρμαιόν
1559 1904 1612 1938 τι
1640 1886 1734 1939 λα-

140 1973 332 2036 ϐόντες
358 1973 463 2042 οὐχ
488 1974 679 2044 ῶσπερ
709 1974 917 2036 ἐκεῖνος
947 1973 1201 2026 ἐϐούλετο
1225 1974 1575 2047 ἐξεπλήρουν,
1599 1978 1736 2029 ἀλλὰ

139 2068 215 2129 ὼς
242 2067 439 2129 αὐτοῖς
463 2067 637 2121 ἐδόκει
662 2065 847 2122 καλόν.
884 2068 942 2119 '0
975 2067 1074 2136 μὲν
1101 2068 1209 2139 γὰρ
1251 2068 1497 2134 ἐγκλῖναι
1526 2069 1737 2133 τούτοις

140 2161 218 2221 είς
242 2159 510 2212 τοσοῦτον
538 2159 844 2230 ἐπέτρεπεν
873 2160 998 2212 ὅσον
1026 2162 1125 2228 τὴν
1144 2160 1237 2211 τοῦ
1258 2160 1524 2229 βασιλέως
1552 2164 1733 2233 παρά-

139 2250 295 2317 ταξιν
361 2250 621 2305 διαλῦσαι
654 2252 749 2304 καὶ
794 2250 951 2315 αὖθις
982 2251 1323 2321 ὑποστρέψαι
1358 2253 1599 2323 στερρῶς
1642 2272 1737 2323 φο-

140 2345 401 2405 νεύοντας
424 2361 439 2374 ⁶
473 2342 561 2415 [Ρ.
587 2342 681 2416 45]
708 2344 757 2397 oi
786 2343 840 2396 δέ
863 2344 1057 2414 κόσμῳ
1082 2344 1177 2397 καὶ
1208 2348 1443 2417 τακτικῇ
1476 2348 1741 2419 ἐμπειρίᾳ

138 2438 235 2507 τὴν
256 2436 358 2490 τοῦ
392 2436 662 2508 βασιλέως
694 2437 953 2506 στρατιὰν
990 2437 1225 2490 κατόπιν
1247 2438 1498 2502 θέουσαν,
1524 2441 1619 2491 καὶ
1640 2440 1738 2510 οὐχ

139 2534 210 2592 ὡς
241 2530 407 2600 ᾠήθη
437 2528 771 2591 εύδιαλύτως
799 2530 863 2593 ⁸³,
904 2529 1106 2591 εἰδότες
1140 2530 1535 2601 ἁσχηματίστῳ
1563 2532 1741 2601 χρῶν·

140 2641 224 2673 ται
270 2625 455 2691 φυγῇ.
508 2624 607 2675 καὶ
651 2620 811 2683 ἄλλος
854 2620 990 2692 ἄλλῃ
1023 2621 1372 2674 διεσκέδαστό
1404 2639 1463 2675 τε
1509 2623 1604 2676 καὶ
1661 2623 1740 2676 δι-

139 2716 397 2784 εφέρετο.
417 2714 559 2765 Ἀλλ’
582 2715 633 2766 oi
665 2714 764 2784 μὲν
796 2713 965 2774 ἄλλοι,
1001 2713 1097 2766 νῦν
1138 2713 1239 2782 μὲν
1265 2714 1434 2782 ὀλίγοι
1458 2715 1553 2768 καὶ
1582 2710 1741 2780 αὖθις

140 2808 348 2875 ἕτεροι,
375 2806 461 2874 τῷ
496 2806 713 2875 βασιλεῖ
739 2807 1123 2876 προσχωροῦσι
1154 2807 1249 2858 καὶ
1279 2805 1741 2875 καθομολογοῦσιν

141 2898 293 2967 αὐτῷ
317 2917 333 2930 ·
371 2898 540 2960 αὐτὸς
565 2899 623 2952 δέ
680 2899 777 2952 σὺν
807 2898 1011 2966 ὀλίγοις
1056 2897 1171 2951 τισὶ
1201 2899 1338 2967 πρὸς
1368 2899 1469 2968 τὴν
1529 2899 1744 2969 ’Δδρια-

142 2990 407 3047 νούπολιν
435 2992 675 3055 σώζεται
724 2993 950 3045 κάκεῖσε
973 2992 1074 3060 τῆς
1101 2991 1285 3061 φυγῆς
1311 2992 1553 3047 ἵσταται.
1596 2993 1656 3048 '0
1685 2993 1740 3047 δέ

142 3100 204 3151 γε
241 3083 447 3137 τούτου
487 3084 642 3146 νόθος
670 3101 729 3136 τε
761 3084 853 3136 καὶ
875 3083 1307 3152 παρέγγραπτος
1339 3086 1454 3148 υίὸς
1492 3086 1744 3140 Ἀναστά-

1761 1842 1808 1900 Β

1831 604 2166 657 cernendum
2220 605 2430 659 statuit.
2493 603 2786 675 Tyrannus
2845 621 2971 660 cum
3037 612 3423 670 stratagemate

1831 693 2217 761 imperatorem
2273 696 2436 750 Vellet
2485 697 2754 765 decipere,
2788 699 2978 769 eodem
3011 697 3125 766 ipse
3154 693 3425 763 decipitur

1832 794 1891 839 ct-
1931 786 1998 840 ab
2048 801 2216 856 scopo
2257 804 2483 857 prorsus
2513 788 2753 843 aberrat.
2793 786 2955 843 Jubet
3002 788 3262 842 nimirum
3294 800 3424 839 suos

1832 878 2013 946 primo
2073 894 2371 947 congressu
2429 890 2578 948 terga
2636 879 2951 950 imperatori
3016 879 3167 942 dare,
3229 892 3422 947 parum

1831 969 2141 1038 intelligens
2179 985 2286 1040 qua
2336 971 2409 1024 illi
2469 972 2520 1025 in
2572 988 2699 1027 eum
2750 980 2933 1026 mente
2984 969 3158 1025 alfécti
3213 976 3423 1024 essent.

1832 1056 1933 1110 viri
1989 1058 2197 1113 scilicet
2247 1060 2366 1129 ejus
2412 1058 2741 1129 jampridem
2780 1075 2949 1114 causa
2984 1059 3169 1113 liberis
3204 1068 3257 1112 et
3285 1072 3424 1111 nxo-

1833 1149 1991 1205 ribus
2041 1151 2262 1218 privati,
2296 1162 2355 1204 ut
2406 1151 2648 1206 fraterno
2695 1166 2891 1206 cruore
2936 1150 3162 1206 dextras
3215 1148 3424 1217 pollue-

1836 1248 1959 1294 rent
1983 1257 1998 1305 ;
2026 1240 2120 1308 qui
2156 1242 2312 1297 initio
2347 1242 2592 1309 quidem,
2619 1256 2744 1296 cum
2774 1243 2994 1296 brevem
3020 1240 3425 1312 expeditionem

1839 1331 1955 1385 fore
1997 1347 2098 1385 nec
2146 1347 2205 1388 se
2240 1334 2425 1387 tandiu
2477 1333 2581 1388 sub
2631 1333 2724 1389 dio
2780 1341 3092 1387 moraturos
3140 1346 3264 1387 esse
3298 1345 3426 1398 spe-

1838 1430 2073 1483 rassent,
2130 1423 2197 1476 ad
2232 1422 2415 1476 omnia
2442 1437 2503 1478 se
2530 1424 2896 1491 obsequentes
2920 1422 3288 1492 praebuerant.
3321 1416 3424 1474 Ubi

1837 1524 2016 1567 autem
2069 1513 2182 1583 jam
2217 1521 2434 1583 tempus
2470 1513 2814 1577 trahebatur,
2844 1514 3046 1582 quippe
3082 1526 3207 1567 cum
3248 1526 3429 1565 annus

1833 1603 1945 1671 jam
1985 1604 2180 1657 tertius
2224 1603 2496 1669 ﬂuxisset,
2534 1619 2711 1674 exque
2740 1604 3058 1673 quotidiana
3087 1602 3427 1672 experientia

1837 1711 1902 1750 ea
1951 1711 2011 1749 se
2060 1704 2269 1749 tentare
2294 1694 2601 1764 {senserant
2641 1712 2762 1766 qua:
2812 1696 2964 1751 nullo
3013 1694 3223 1751 absolvi
3278 1694 3424 1749 exitu

1841 1798 2090 1858 possent,
2122 1788 2252 1842 dum
2301 1789 2467 1845 unius
2516 1790 2614 1844 viri
2666 1789 2877 1845 libidini
2910 1804 2975 1844 ac
2997 1788 3283 1848 dementia:
3313 1802 3429 1842 ser-

1840 1882 2041 1945 virent,
2071 1882 2291 1935 tandem
2342 1881 2397 1936 id
2427 1881 2570 1950 quod
2616 1882 2753 1952 ipsis
2787 1882 3113 1951 imperatum
3167 1890 3307 1941 erat.
3340 1882 3428 1935 in-

1838 1975 2039 2045 sperati
2069 1977 2205 2029 lucri
2240 1975 2362 2029 loco
2395 1975 2749 2045 accipientes,
2781 1991 2889 2030 non
2945 1992 3011 2031 ex
3059 1976 3206 2030 illius
3246 1984 3430 2031 mente

1839 2068 1932 2121 sed
1985 2081 2051 2120 ex
2107 2066 2225 2120 suis
2270 2067 2515 2133 ipsorum
2577 2066 2885 2120 rationibus
2936 2065 3272 2134 implendum
3320 2064 3426 2119 sibi

1839 2166 2121 2227 putavere.
2157 2154 2358 2224 Nempe
2404 2156 2544 2225 jussi
2578 2166 2733 2212 erant
2760 2166 2821 2212 ut
2850 2157 3118 2226 tantisper
3149 2156 3428 2219 cederent,

1839 2249 1969 2301 dum
2025 2247 2170 2316 regia
2213 2247 2361 2301 acies
2416 2247 2753 2317 insequendo
2796 2249 3019 2303 ordines
3070 2250 3326 2312 solveret,
3360 2264 3426 2304 ac

1842 2349 1957 2394 tum
2023 2340 2236 2395 demum
2310 2340 2560 2394 conversi
2624 2341 2809 2395 hostes
2868 2340 3082 2394 fortiter
3133 2341 3425 2396 crederent.

1842 2433 2043 2487 Verum
2088 2434 2164 2487 illi
2194 2433 2324 2486 dum
2359 2432 2661 2501 composite
2689 2448 2866 2503 exque
2907 2433 3103 2488 bellica
3137 2441 3273 2499 arte,
3322 2448 3430 2487 non

1845 2534 2050 2580 temere
2117 2525 2314 2581 solutis
2373 2524 2685 2591 ordinibus,
2736 2535 2797 2581 ut
2853 2525 2968 2595 ipsc
3025 2535 3333 2595 putaverat,
3400 2542 3429 2579 a

1845 2626 1997 2688 tergo
2043 2618 2344 2673 irruentem
2397 2618 2802 2688 imperatoriam
2839 2619 2953 2689 68
2998 2620 3171 2674 aciem
3225 2618 3430 2677 vident.

1842 2723 2029 2763 veram
2085 2710 2263 2779 reipsa
2293 2709 2541 2777 nihilque
2562 2710 2883 2765 simulantes
2907 2719 3203 2781 capessunt
3224 2708 3431 2780 fugam;

1844 2802 2049 2869 aliique
2097 2801 2207 2855 alio
2258 2800 2509 2871 dissipati
2569 2816 2631 2856 ac
2681 2801 3008 2867 dilabentes,
3042 2801 3207 2855 modo
3251 2802 3433 2872 pauci.

1844 2893 2009 2948 modo
2077 2893 2282 2963 plures,
2315 2893 2383 2948 ad
2438 2892 2830 2962 imperatorem
2887 2894 3216 2964 confugiunt
3267 2907 3437 2963 seque

1846 2983 1925 3037 illi
1985 2992 2335 3038 sacramento
2384 2984 2717 3052 astringunt.
2749 2982 3040 3053 Tyrannus
3091 3000 3215 3038 cum
3247 2985 3437 3054 paucis

1843 3075 2172 3145 quibusdam
2218 3074 2628 3144 Adrianopolim
2649 3116 2664 3140 ,
2697 3075 2882 3130 evadit
2916 3077 3208 3130 incolumis
3251 3076 3438 3146 ibique

145 3193 260 3236 σιος
288 3174 389 3228 τοῦ
417 3174 521 3242 τῆς
577 3174 757 3243 Βύζης
821 3173 1041 3241 φεύγων
1075 3173 1509 3244 ἐπιλαμϐάνεται
1553 3176 1739 3229 πτολί-

1848 3166 2029 3236 fugam
2081 3166 2265 3223 sistit:
2296 3166 2420 3237 ejus
2456 3182 2589 3220 vero
2636 3167 2841 3221 nothus
2889 3183 2953 3223 ac
2996 3168 3248 3223 facticius
3294 3167 3441 3222 ﬁlius

144 3282 381 3333 σματος.
415 3268 529 3319 Καὶ
558 3267 619 3318 οὐ
653 3265 794 3318 κατὰ
826 3264 1016 3333 τύχην,
1039 3259 1210 3332 οἶμαι,
1246 3264 1387 3317 κατὰ
1406 3266 1460 3319 δὲ
1487 3268 1744 3337 πρόνοιάν

142 3374 289 3417 τινα,
320 3358 388 3409 ἵν’
418 3358 656 3421 ἕκαστος
684 3357 892 3410 τούτων
923 3357 1057 3428 πρὸς
1079 3357 1273 3411 ἐαυτὸν
1291 3358 1503 3410 ἐλκύων
1532 3358 1629 3430 τὴν
1651 3360 1745 3415 τοῦ

146 3449 422 3517 βασιλέως
468 3448 797 3520 προσεδρίαν
848 3448 929 3519 τῷ
956 3448 1130 3521 ἐτέρῳ
1163 3450 1298 3504 διδοῖ
1327 3451 1514 3506 ἄνεσίν
1541 3470 1602 3506 τε
1653 3456 1747 3510 καὶ

147 3542 350 3611 καιρὸν
385 3544 470 3604 είς
498 3541 597 3612 τὴν
627 3543 931 3614 προνομήν.

219 3721 310 3773 ιθθ.
360 3719 503 3774 Ἀλλ’
535 3720 565 3772 ὃ
593 3736 673 3789 γε·
696 3720 951 3790 βασιλεὺς
970 3723 1035 3775 ἐκ
1065 3725 1222 3788 ποδὸς
1243 3726 1454 3791 τούτοις
1483 3727 1749 3799 ἐπόμενος

148 3812 376 3882 πρῶτον
424 3812 573 3879 ἐγνω
598 3812 686 3864 τὸν
721 3814 924 3882 Θωμᾶν
953 3814 1269 3885 πολιορκεῖν
1295 3820 1388 3871 καὶ
1416 3820 1514 3891 τὴν
1544 3837 1749 3891 προγε-

147 3906 471 3976 γενημένην
500 3908 582 3968 εἰς
610 3906 773 3958 αὑτὸν
806 3906 1099 3962 ἀποδοῦναι
1137 3910 1315 3982 τούτῳ
1344 3915 1555 3983 ποινήν.
1588 3914 1753 3967 Ὅθεν

145 3998 354 4064 ἐπάγει
382 3996 538 4066 αὖτῷ
572 3997 910 4069 πολιορκίαν,
943 4000 1003 4052 ού
1026 3999 1113 4054 διὰ
1153 4004 1622 4076 μηχανημάτωνῆ
1655 4005 1752 4058 ἄλ-

145 4090 256 4142 λων
292 4089 471 4143 τινῶν
512 4090 833 4155 σπουδάζων
862 4093 1023 4146 αὑτὸν
1073 4093 1347 4159 καθελεῖν,
1383 4096 1499 4166 ἅμα
1529 4096 1629 4165 μὲν
1660 4098 1753 4151 τὸν

148 4182 427 4250 ἐμφύλιον
458 4181 877 4251 ἀποδιδράσκων
924 4185 1184 4255 πόλεμον,
1220 4186 1336 4257 ἅμα
1362 4188 1420 4241 δὲ
1444 4188 1520 4258 τῷ
1550 4190 1596 4222 ⁷⁸
1627 4190 1754 4254 τοὺς

145 4275 241 4341 τὴν
252 4272 508 4326 Σκυθίαν
532 4274 819 4338 οἰκοῦντας
841 4274 951 4329 τῶν
972 4278 1231 4332 τοιούτων
1252 4279 1569 4350 ἀμαθητους
1584 4299 1756 4336 κατα⁴

148 4366 369 4419 σκευῶν
437 4364 733 4435 βούλεσθαι
763 4366 1061 4438 διαμένειν,
1097 4369 1236 4424 ἀλλά
1256 4371 1403 4442 λιμῷ
1424 4372 1519 4427 καὶ
1541 4373 1755 4446 ἀνάγκῃ

148 4458 252 4510 τῶν
280 4458 647 4529 ἐπιτηδείων,
679 4455 762 4523 οἷς
803 4461 860 4514 ἐν
891 4461 1084 4515 σπάνει
1139 4462 1237 4515 καὶ
1284 4464 1464 4537 ἐνδείᾳ
1513 4466 1628 4518 ἀλλ’
1656 4467 1756 4520 οὐκ

149 4550 684 4620 ἀποθησαυρίζουσα
711 4553 742 4621 η
768 4552 923 4616 πόλις
952 4554 1257 4608 ἐδείκνυτο.
1288 4555 1571 4623 Ἔγνωστο
1622 4556 1751 4626 γοῦν
1788 4539 1830 4593 D

149 4642 328 4697 ταῦτα
352 4643 533 4709 αὐτῷ,
568 4644 663 4696 καὶ
694 4642 871 4716 ἀρχὴν
899 4645 932 4715 ὴ
962 4644 1162 4715 πρᾶξις
1207 4646 1537 4716 ἐλάμϐανεν.
1608 4647 1666 4702 '0
1694 4649 1750 4703 δέ

149 4749 213 4799 γε
236 4734 720 4805 πολιορκούμενος
768 4737 970 4802 παντὸς
1021 4737 1124 4808 μέν
1159 4737 1299 4802 ζώου
1334 4740 1551 4811 πρῶτον
1608 4741 1751 4795 ίδέαν

149 4823 460 4895 ἇψηστον,
501 4827 695 4879 ἔπειτα
720 4828 778 4881 δέ
810 4830 905 4881 καὶ
941 4830 1125 4882 πᾶσαν
1149 4828 1369 4900 ἡλικίαν
1393 4830 1496 4900 τῆς
1544 4832 1753 4898 πόλεως

152 4917 369 4981 ἐξωθεῖ,
398 4918 464 4971 οὑ
500 4920 952 4990 παρακλητικοῖς,
980 4921 1055 4984 ὡς
1082 4921 1147 4975 ἂν
1171 4922 1314 4975 εἴποι
1345 4940 1450 4989 τις,
1478 4924 1657 4993 λόγοις
1686 4927 1756 4980 τὰ

152 5013 326 5065 πολλὰ
357 5013 476 5066 τῶν
507 5014 763 5084 πράξεων
794 5014 1037 5082 διοικῶν,
1067 5017 1320 5088 τυράννῳ
1348 5018 1406 5070 δέ
1439 5017 1633 5090 γνώμῃ
1661 5021 1755 5074 καὶ

148 5105 491 5174 αὖθεκάστῳ
508 5122 523 5135 ·
549 5106 578 5158 ὃ
612 5107 785 5159 καὶτὸ
816 5109 932 5160 κατ’
959 5108 1127 5163 αὑτοῦ
1151 5110 1483 5180 ἁνεθυμίασέ
1512 5128 1571 5165 τε
1596 5115 1757 5182 μῖσος

152 5202 253 5253 καί
308 5200 646 5254 ἀνενέωσεν.
689 5202 922 5256 Ἔπειτα
957 5203 1033 5265 ὡς
1087 5203 1190 5273 ήδη
1224 5203 1477 5273 ἢκμαζεν
1510 5206 1539 5259 ὁ
1572 5206 1753 5276 λιμὸς,

154 5292 448 5363 σωτηρίας
477 5292 521 5325 ⁷⁸
557 5292 717 5355 ἐλπὶς
748 5294 1011 5363 οὐδαμοῦ,
1060 5294 1344 5365 ἠνάγκαζε
1379 5297 1438 5349 δὲ
1491 5299 1586 5352 καὶ
1628 5301 1757 5364 τοὺς

153 5384 365 5453 ἑαυτῆς
401 5381 606 5453 φόρους
656 5384 961 5448 ἀνελλιπεῖς
992 5386 1193 5457 ἀπῄτει
1229 5388 1295 5457 δὴ
1329 5389 1361 5454 ἡ
1418 5387 1654 5461 γαστὴρ,
1706 5393 1757 5446 oi

157 5478 262 5545 μὲν
295 5475 483 5548 λάθρα
509 5476 601 5530 διά
625 5493 789 5531 τινων
812 5478 1047 5533 πυλίδων
1073 5482 1123 5533 oi
1146 5480 1204 5533 δέ
1248 5481 1337 5533 διὰ
1388 5480 1585 5551 τειχῶν
1625 5483 1760 5539 καθ-

158 5570 461 5640 ιμιίιμενοι,
491 5570 541 5623 oi
570 5570 670 5639 μὲν
698 5570 955 5642 φέροντες
978 5572 1058 5643 τῷ
1081 5573 1291 5644 βασιλεί
1312 5573 1541 5638 ἑαυτοὺς
1574 5575 1757 5631 ἐπεδί-

156 5662 311 5725 δουν,
347 5663 401 5715 οί
431 5662 492 5716 δὲ
524 5663 661 5734 πρὸς
682 5665 776 5717 τὸν
808 5665 923 5719 υἱὸν
958 5667 1101 5720 κατὰ
1147 5667 1208 5720 τὸ
1237 5667 1415 5737 Βύζης
1441 5667 1761 5730 πτολίεθρον

1849 3260 2175 3314 Anastasius
2222 3272 2287 3314 ex
2323 3257 2451 3327 fuga
2486 3257 2642 3329 Byzze
2687 3268 2927 3314 castrum
2971 3268 3222 3330 occupat.
3256 3260 3440 3331 Neque

1851 3351 1902 3405 id
1952 3366 2107 3416 casu,
2158 3350 2254 3406 sed
2302 3358 2452 3405 certa
2484 3348 2580 3404 Dei
2615 3350 2954 3420 providentia
2991 3350 3195 3407 factum
3245 3353 3439 3407 existi-

1849 3460 2014 3509 mem,
2053 3453 2112 3499 ut
2155 3446 2307 3511 Ldum
2369 3443 2604 3513 quisque
2658 3443 2877 3498 illorum
2928 3445 3309 3515 imperatorem
3368 3447 3435 3500 ad

1849 3538 2210 3593 obsidendum
2264 3536 2450 3603 trahit,
2498 3536 2654 3591 alteri
2692 3536 2938 3593 inducias
2971 3547 3293 3610 tempusque
3341 3556 3437 3609 pa-

1854 3630 2075 3685 bulandi
2126 3630 2417 3700 praeberet.

1926 3724 2012 3778 l9.
2056 3721 2229 3779 Porro
2281 3724 2579 3793 imperator
2613 3738 2644 3779 e
2688 3723 2921 3795 vestigio
2977 3722 3104 3781 illos
3154 3725 3440 3781 insecutus

1854 3816 2089 3884 primum
2121 3815 2392 3870 Thomam
2445 3816 2809 3871 obsidendum
2838 3832 2902 3872 ac
2933 3817 3196 3872 vicariam
3244 3818 3295 3874 ei
3323 3833 3440 3890 pa:-

1856 3925 1980 3964 nam
2037 3909 2371 3965 reddendam
2419 3909 2729 3964 constituit.
2795 3907 3025 3965 Obsidet
3060 3918 3268 3976 autem,
3326 3924 3439 3966 non

1857 4003 2164 4067 machinas,
2206 4018 2316 4058 non
2347 4010 2620 4057 tormenta
2652 4001 2945 4068 adhibens,
2976 4010 3092 4056 tum
3131 4002 3278 4070 quod
3314 4001 3441 4056 belli

1855 4094 2030 4150 civilis
2052 4096 2253 4149 damna
2288 4096 2464 4149 vitare
2496 4102 2745 4165 cuperet,
2800 4102 2916 4148 tum
2948 4093 3095 4163 quod
3129 4094 3339 4150 vicinos
3364 4093 3441 4149 illi

1856 4186 2066 4240 civitati
2124 4185 2360 4256 Scythas
2409 4201 2475 4241 ea
2532 4187 2901 4242 instrumenta
2952 4187 3152 4244 docere
3196 4187 3440 4252 nolebat,

1857 4280 2062 4350 quibus
2086 4279 2252 4334 urbes
2274 4279 2576 4349 expugnari
2607 4279 2789 4334 solent
2815 4279 2944 4335 :sed
2971 4278 3115 4335 fame
3148 4296 3445 4350 rerumque

1862 4372 1929 4427 ad
1963 4370 2169 4427 victum
2229 4371 2672 4426 necessariarum
2707 4371 2959 4441 penuria,
2991 4386 3117 4427 raro
3143 4372 3197 4426 in
3225 4372 3445 4428 civitate

1860 4471 2173 4517 commeatu
2203 4476 2305 4517 nec
2338 4462 2563 4530 c0piosa
2591 4476 2812 4517 annona
2864 4463 2919 4517 iu
2945 4477 3019 4518 ea
3055 4465 3317 4533 reposita.
3353 4464 3446 4518 Sic

1861 4556 2048 4625 itaque
2082 4554 2159 4609 illi
2187 4555 2575 4620 constitutum,
2608 4554 2775 4623 inque
2808 4569 2934 4610 eum
2964 4556 3187 4610 modum
3218 4556 3442 4610 ductum

1861 4648 1939 4702 rei
1980 4646 2290 4701 exordium.
2316 4643 2590 4701 Obsessus
2626 4645 2870 4701 Thomas
2914 4647 2969 4701 in
3022 4647 3217 4716 primis
3273 4663 3444 4718 genus

1861 4753 2025 4793 omne
2049 4737 2367 4793 animalium
2397 4737 2466 4791 ad
2495 4737 2699 4793 bellum
2730 4739 2947 4802 inutile,
2974 4754 3276 4809 omnesque
3306 4742 3444 4796 adeo

1863 4832 2067 4901 quibus
2115 4845 2211 4900 per
2254 4838 2471 4886 aetatem
2535 4844 2642 4885 non
2697 4831 2886 4885 liceret
2934 4846 3086 4886 arma
3119 4831 3283 4896 ferre,
3311 4834 3447 4889 urbe

1863 4925 2029 4995 cjicit,
2071 4923 2331 4994 pleraque
2382 4938 2597 4994 gerens,
2627 4934 2687 4978 ut
2713 4924 2840 4993 quis
2868 4924 3035 4990 dicat,
3085 4940 3193 4979 non
3228 4926 3450 4981 leuibus

1867 5016 2047 5071 verbis
2073 5026 2128 5071 et
2154 5015 2221 5072 ad
2241 5016 2641 5071 obsecrandum
2672 5016 3017 5085 compositis,
3036 5019 3130 5072 sed
3159 5021 3448 5088 tyrannica

1862 5112 2048 5166 animo
2083 5125 2148 5167 ac
2172 5110 2379 5181 rigido;
2407 5109 2559 5179 quod
2589 5119 2643 5166 et
2672 5110 2784 5181 69
2810 5110 3209 5179 oppidanorum
3234 5113 3289 5166 in
3315 5127 3447 5167 eum

1863 5204 2119 5261 conﬂavit
2176 5203 2439 5273 auxitque
2502 5202 2713 5260 odium.
2767 5202 2975 5258 Deinde
3030 5203 3445 5274 ingravescente

1860 5295 1974 5366 jam
2004 5294 2168 5359 fame,
2199 5308 2265 5349 ac
2303 5293 2476 5348 salute
2506 5294 2790 5362 desperata
2813 5335 2828 5360 ,
2860 5309 2985 5348 cum
3021 5303 3213 5350 venter
3245 5295 3445 5350 nihilo-

1867 5390 2050 5444 minus
2080 5396 2299 5457 cogeret
2333 5400 2545 5455 suaque
2581 5386 2782 5441 tributa
2809 5385 2983 5441 durus
3010 5396 3235 5442 exactor
3271 5388 3443 5459 ἀερο-

1868 5488 2065 5546 sceret,
2099 5480 2195 5551 qui
2228 5478 2368 5533 intra
2405 5478 2561 5534 urbis
2592 5488 2744 5550 septa
2783 5478 3133 5547 tenebantur,
3169 5480 3262 5535 alii
3284 5482 3445 5536 caecis

1865 5572 2197 5645 quibusdam
2254 5572 2427 5641 portis
2490 5569 2681 5626 furtim
2728 5574 2949 5635 dilapsi,
3014 5573 3105 5628 alii
3162 5573 3294 5628 loris
3346 5588 3443 5642 per

1871 5683 2061 5724 muros
2094 5665 2376 5732 submissi,
2413 5680 2541 5736 pars
2579 5681 2703 5722 sese
2726 5667 3042 5738 imperatori
3074 5667 3295 5732 dedunt,
3317 5681 3447 5737 pals

1474 5757 1711 5818 VARUE
1751 5759 2162 5821 LECTIONES.

248 5852 293 5881 "
318 5849 652 5917 ἐνδιαλύτως
692 5854 751 5909 ιι.
793 5872 918 5912 mox
949 5857 1135 5914 malim
1174 5858 1393 5925 ἰδόντες.

1474 5860 1519 5893 ⁷⁰
1552 5859 1631 5929 τῷ
1665 5878 1773 5919 om.
1798 5861 1858 5920 Ρ.

1940 5860 1979 5892 ῖ¹
2008 5855 2281 5926 σωτηρίας
2318 5854 2363 5909 δ’
2390 5850 2455 5926 ἧν
2487 5854 2635 5920 ἐλπὶς
2670 5856 2690 5908 ?
