4158 6442
696 336 767 399 83
1794 331 2307 395 THEOPHANES
2345 328 2905 390 CONTINUATUS.
3900 322 3972 386 84

694 450 895 518 Byzam
920 447 984 501 ad
1016 448 1368 502 Anastasium
1395 448 1515 518 ejus
1555 447 1726 502 filium
1761 448 2100 519 profugiunt.
2128 445 2272 500 Tan-

2384 444 2794 516 Ξιπεδίδρασκον.
2843 442 2997 496 Ἐπεὶ
3020 442 3112 496 οὐν
3140 441 3200 496 οὑ
3227 443 3293 496 τὰ
3329 443 3603 511 ἀναγκαῖα
3642 441 3804 511 μόνον
3830 442 3971 497 ἀλλὰ

694 542 818 595 dem
850 555 975 596 cum
1002 542 1211 595 obsessi
1240 556 1346 595 non
1384 541 1546 596 modo
1575 542 1887 596 necessaria
1923 542 2016 595 sed
2058 549 2113 594 et
2140 543 2273 593 abo-

693 634 955 687 minanda
997 643 1048 688 et
1102 635 1321 688 sordida
1350 636 1848 704 consumpsisscnt,
1892 649 1956 689 ac
1991 649 2166 705 usque
2207 633 2273 687 ad

696 728 1126 795 putrefactorum
1150 727 1427 781 coriorum
1451 738 1805 798 veterumque
1824 728 2098 782 solearum
2120 741 2275 781 esum

697 816 996 870 necessitas
1052 818 1377 886 pepulisset,
1420 819 1824 887 oppidanorum
1862 818 2087 888 quidam
2149 832 2274 871 cum

698 908 959 963 Illichaele
988 910 1245 963 collocuti
1283 910 1579 978 delictique
1606 912 1820 964 veniam
1849 911 2077 981 precati,
2111 924 2175 964 ac
2212 924 2277 963 ea

698 1003 984 1068 impetrata
1019 1041 1033 1063 ,
1083 1004 1544 1072 comprehensum
1602 1003 1867 1057 Thomam
1922 1004 2279 1070 vinctumque

700 1093 955 1148 inanibus
1019 1094 1072 1148 in
1123 1096 1299 1148 hostis
1330 1104 1657 1164 potestatem
1710 1094 1954 1149 tradunt.
2012 1094 2279 1163 Quodque

699 1186 908 1261 pridem
947 1201 1136 1257 regum
1173 1186 1421 1241 moribus
1451 1186 1666 1240 sederat
1698 1186 1919 1256 jamque
1949 1202 2050 1240 usu
2101 1186 2277 1241 inole-

701 1285 876 1340 verat,
902 1275 1129 1331 Michael
1164 1277 1403 1346 primum
1432 1277 1754 1342 observans,
1781 1278 2011 1345 ejusque
2034 1278 2278 1332 calcibus

698 1370 903 1424 calcata
938 1361 1154 1425 cervice
1197 1371 1359 1437 pedes
1398 1352 1705 1439 manusque
1739 1378 1978 1433 truncat,
2011 1371 2278 1439 asinoque

695 1462 1011 1529 impositum
1070 1462 1383 1531 ignominim
1439 1478 1603 1518 causa
1663 1478 1757 1533 per
1813 1478 2005 1515 omnes
2055 1462 2277 1517 ordines

693 1553 1032 1607 circumduci
1085 1554 1262 1623 jubet,
1317 1556 1369 1609 id
1422 1572 1591 1610 unum
1644 1556 1859 1625 lugubri
1911 1555 2275 1623 proferentcm

692 1661 867 1700 voce:
914 1649 1021 1713 Qui
1051 1665 1163 1702 uere
1210 1665 1303 1702 rex
1344 1666 1419 1711 es,
1454 1625 1702 1702 miserere
1743 1650 1865 1703 mei.
1917 1648 2278 1703 Pcrcontante

692 1755 875 1795 autem
911 1757 975 1796 ex
1007 1758 1071 1796 eo
1094 1742 1377 1807 Michaele,
1398 1740 1544 1794 Num
1571 1744 1659 1810 qui
1697 1758 1880 1830 eorum
1922 1758 2049 1810 quos
2077 1743 2275 1795 amico-

695 1848 812 1884 rum
828 1832 943 1886 loco
961 1833 1105 1886 circa
1127 1850 1180 1886 se
1200 1832 1664 1901 habebat,aliique
1693 1833 1964 1900 conjurati
1996 1832 2110 1899 ejus
2145 1832 2277 1884 socii

692 1937 884 1990 essent,
912 1927 1094 1993 plures
1130 1924 1363 1981 forsitan
1415 1926 1700 1981 delaturus
1723 1934 1863 1988 erat,
1897 1927 1999 1981 nisi
2034 1925 2276 1981 Joannes

692 2017 916 2084 quidam
949 2015 1284 2072 llexabulius
1311 2018 1701 2087 imperatorem
1737 2021 2071 2083 monuisset,
2115 2018 2275 2071 Haud

692 2107 895 2174 decere,
916 2107 1043 2177 quin
1068 2117 1116 2161 et
1143 2108 1297 2175 plane
1328 2108 1619 2160 absurdum
1640 2124 1771 2173 esse,
1812 2108 2045 2160 inimicis
2078 2108 2276 2161 amicos

695 2197 1069 2251 accusantibus
1098 2197 1260 2266 ﬁdem
1289 2198 1503 2251 habere.
1531 2197 1651 2263 Quo
1682 2196 1729 2252 is
1760 2212 2014 2251 sermone
2040 2197 2278 2265 majores

693 2289 1025 2343 miserorum
1066 2288 1269 2343 civium
1324 2294 1685 2357 suorumque'
1721 2288 2028 2343 amicorum
2083 2300 2277 2357 pinnas

695 2382 964 2436 dissolvit.
1005 2382 1098 2450 δίο
1146 2396 1277 2435 vero
1308 2382 1476 2435 etiam
1517 2381 1765 2435 desertor
1795 2381 1903 2450 70
1942 2380 2065 2434 vitae
2113 2380 2276 2434 finem

696 2474 926 2541 accepit,
979 2473 1143 2526 lentis
1190 2472 1478 2527 confectus
1518 2471 1804 2541 suppliciis
1837 2472 2055 2541 rituque
2091 2471 2278 2526 bestia:

697 2565 838 2619 mori
869 2564 1105 2619 difﬁcilis
1150 2566 1391 2619 animam
1442 2565 1797 2632 abrumpens,
1846 2565 1989 2618 circa
2035 2563 2275 2618 medium

698 2658 901 2712 mensis
924 2654 1199 2717 Octobris,
1236 2658 1399 2711 homo
1434 2656 1591 2712 initio
1618 2654 1836 2729 quidem
1869 2659 1936 2711 ad
1978 2671 2066 2712 res
2098 2657 2275 2711 maxi-

697 2764 816 2803 mas
861 2748 1241 2818 suscipiendas
1290 2750 1438 2806 visus
1479 2752 1712 2807 idoneus
1751 2754 2182 2819 animosusque,
2224 2757 2278 2805 et

697 2842 962 2911 propositi
997 2850 1259 2897 strenuus
1288 2853 1580 2897 exsecutor
1605 2862 1619 2899 :
1643 2860 1934 2914 progressu
1964 2860 2093 2898 vero
2118 2843 2278 2910 longe

697 2921 757 2987 se
787 2932 903 3001 ipse
932 2931 1173 2986 deterior
1201 2935 1474 3002 apparuit,
1497 2949 1598 2989 nec
1625 2951 1725 3005 pro
1748 2952 1809 2989 ea
1834 2936 2090 3005 opinione
2110 2948 2275 3004 quam

696 3023 765 3079 de
813 3040 871 3078 se
925 3024 1299 3080 concitaverat
1336 3037 1641 3097 nactusque
1691 3030 1745 3081 in
1802 3029 2033 3083 aliorum
2074 3029 2277 3083 animis

2379 530 2475 583 καὶ
2498 531 2567 583 τὰ
2598 531 2849 584 ἀπευκτὰ
2881 530 2977 584 καὶ
3000 530 3183 602 λυπρὰ
3225 529 3433 593 τούτοις
3462 531 3809 600 κατεδήδοτο,
3839 533 3971 602 ἄχρι

2379 624 2436 677 δὲ
2472 624 2583 676 τῶν
2613 624 2978 694 σεσημμένων
3013 623 3228 675 σκυτῶν
3269 640 3329 675 τε
3357 623 3450 676 καὶ
3480 624 3845 692 καττυμάτων
3900 625 3973 675 τὰ

2380 714 2480 784 τῆς
2504 716 2712 785 τροφῆς
2745 715 2966 786 ἐχώρει,
3000 718 3080 778 εἰς
3115 716 3304 783 λόγους
3334 717 3477 779 τινὲς
3507 716 3615 768 τῶν
3641 717 3697 768 ὲν
3722 718 3787 785 τῇ
3815 716 3976 767 πόλει

2380 807 2626 869 ἐλθόντες
2671 807 2750 878 τῷ
2801 807 3052 878 βασιλεῖ,
3085 809 3179 860 καὶ
3207 807 3316 860 τῶν
3345 808 3757 879 ἡμαρτημένων
3789 810 3974 877 ἀμνη-

2383 900 2538 953 στίαν
2572 900 2896 970 αἰτήσαντες
2929 916 2988 952 τε
3020 900 3116 954 καὶ
3164 898 3444 965 λαϐόντες,
3480 901 3838 970 περισχόντες
3876 901 3980 952 αὑ-

2378 993 2470 1046 τὸν
2503 992 2844 1062 λαμϐάνουσι
2872 1010 2930 1046 τε
2965 992 3054 1046 διὰ
3080 989 3309 1063 ’χειρῶν
3353 994 3447 1045 καὶ
3502 994 3845 1062 προσάγουσι
3893 991 3980 1061 τῷ

2378 1088 2580 1159 ἐχθρῷ.
2628 1090 2686 1142 '0
2716 1088 2772 1140 δὲ
2819 1089 2881 1141 τὸ
2907 1087 3066 1152 δόξαν
3101 1086 3269 1139 πάλαι
3301 1089 3417 1154 τοῖς
3455 1085 3731 1156 βασιλεῦσι
3765 1087 3858 1138 καὶ
3892 1088 3978 1146 εἰς

2382 1184 2672 1254 συνήθειαν
2704 1183 2804 1252 ἡδη
2854 1182 3007 1234 ἐλθὸν
3060 1182 3278 1252 πρῶτον
3321 1180 3551 1243 τελέσας
3581 1181 3675 1232 καὶ
3706 1180 3979 1231 ὑποκάτω

2380 1277 2491 1340 θεὶς
2522 1277 2632 1329 τῶν
2678 1275 2877 1338 ποδῶν,
2915 1274 3328 1347 ἀκρωτηριάξει
3380 1274 3569 1327 τοῦτον
3616 1272 3698 1343 ΙΡ.
3730 1271 3821 1343 di]
3878 1274 3979 1324 καὶ

2381 1372 2547 1435 πόδας
2571 1372 2663 1425 καὶ
2690 1373 2879 1442 χεῖρας
2904 1369 3216 1441 ἀπαράσσει
3247 1370 3432 1436 αὐτοῦ,
3466 1371 3556 1422 ἐπὶ
3588 1370 3709 1422 δνου
3745 1387 3803 1420 τε
3838 1368 3976 1419 θεα-

2378 1464 2556 1535 τρίζει
2581 1467 2734 1527 πᾶσι,
2769 1463 2929 1517 τοῦτο
2954 1464 3112 1534 μόνον
3147 1463 3626 1533 ὲπιτραγῳδοῦντα
3644 1480 3657 1493 ·
3674 1461 3981 1527 Ἐλέησόν

2378 1576 2475 1626 με,
2504 1560 2537 1610 ὀ
2580 1555 2819 1623 ἀληθῶς
2843 1554 3112 1621 ,βασιλεῦ
3143 1557 3211 1609 τ’.
3250 1554 3543 1625 Ἐρομένου
3574 1554 3629 1606 δὲ
3660 1553 3753 1605 τοῦ
3812 1553 3975 1622 βασι-

2382 1650 2540 1713 λέως,
2592 1650 2646 1702 ετ
2679 1665 2840 1713 τινες
2890 1647 3009 1700 τῶν
3061 1646 3223 1711 αὐτῷ
3276 1650 3594 1700 συνόντων
3637 1646 3832 1713 φίλων
3874 1644 3980 1695 καὶ

2380 1743 2569 1810 ἕτεροι
2608 1740 2732 1795 εἷεν
2756 1741 2828 1795 τὰ
2850 1739 3037 1794 αὑτοῦ
3058 1739 3448 1809 φρονοῦντες,
3487 1739 3631 1807 τάχα
3657 1736 3723 1789 ἂν
3756 1737 3982 1788 πολλῶν

2383 1836 2667 1895 κατεῖπεν,
2696 1834 2744 1884 ει
2779 1832 2851 1902 μή
2876 1849 2962 1894 τις
2996 1831 3136 1900 ἀνὴρ
3178 1830 3431 1897 Ἰωάννης
3460 1830 3488 1881 ὁ
3512 1826 3656 1880 κατὰ
3678 1827 3769 1880 τὸν
3815 1826 3985 1892 Ἐξα-

2383 1927 2599 1980 6ούλιον
2652 1926 2715 1978 οὐ
2766 1924 2888 1977 δέον
2939 1922 3044 1993 ἔφη
3096 1918 3260 1986 εἶναι,
3320 1920 3510 1975 Ἀλλὰ
3558 1919 3657 1971 καὶ
3720 1920 3980 1983 ἄτοπον,

2382 2021 2620 2091 ἐχθροῖς
2660 2018 2812 2073 κατὰ
2840 2018 3036 2088 φίλων
3075 2017 3407 2081 πιστεύειν,
3449 2009 3496 2068 ὦ
3520 2013 3809 2077 βασιλεῦ.
3866 2010 3983 2063 Καὶ

2383 2108 2538 2178 οὗτος
2573 2113 2673 2184 μὲν
2699 2114 2876 2181 τούτῳ
2902 2111 3115 2163 διέλυσε
3138 2107 3220 2179 τῷ
3252 2108 3397 2178 λόγῳ
3433 2106 3531 2170 τὰς
3562 2106 3815 2175 μείζονας
3866 2104 3984 2157 τῶν

2383 2206 2750 2275 ταλαιπώρων
2776 2204 2841 2275 δὴ
2873 2203 3112 2257 πολιτῶν
3150 2203 3241 2256 καὶ
3270 2200 3441 2271 φίλων
3473 2198 3637 2253 αὑτοῦ
3668 2199 3944 2268 τιμωρίας
3966 2216 3982 2229 ο

2383 2300 2528 2353 οὑτω
2558 2299 2616 2352 δὲ
2661 2299 2757 2351 καὶ
2786 2299 2815 2350 ὁ
2866 2297 3184 2365 ἀποστάτης
3217 2292 3483 2348 κατέλυσε
3544 2291 3637 2344 τὸν
3673 2289 3808 2359 βίον,
3854 2292 3983 2352 ταῖς

2384 2394 2526 2448 κατὰ
2564 2391 2760 2463 μικρὸν
2791 2392 3007 2450 ποιναῖς
3040 2388 3142 2457 τὴν
3184 2386 3363 2457 ψυχὴν
3414 2382 3734 2456 ἀπορρήξας
3783 2381 3984 2451 ὥσπερ

2382 2505 2436 2541 τι
2488 2486 2629 2551 ζῶον
2658 2481 3048 2547 δυσθανατοῦν,
3086 2480 3253 2552 μηνὸς
3282 2478 3576 2549 μεσοῦντος
3612 2475 3981 2545 Ὀκτωὸρῖου,

2383 2576 2525 2631 κατὰ
2554 2576 2657 2647 μὲν
2682 2575 2782 2638 τὰς
2811 2574 2986 2643 ἀρχὰς
3008 2572 3291 2642 γεγονέναι
3321 2570 3495 2625 δοκῶν
3526 2567 3985 2641 μεγαλεπὴεολος

2384 2668 2480 2723 καὶ
2535 2665 2808 2737 τολμηρὸς
2853 2665 2947 2717 καὶ
2991 2662 3087 2717 τοῦ
3145 2663 3506 2733 προτεθέντος
3559 2659 3981 2730 έξεργαστικδς,

2385 2760 2696 2833 προϐαίνων
2719 2758 2776 2811 δὲ
2800 2756 2994 2826 φανεὶς
3044 2755 3181 2811 πολὺ
3214 2754 3644 2822 καταδεέστερος
3681 2750 3848 2806 αὑτοῦ
3881 2752 3985 2803 καὶ

2383 2851 2482 2919 τῆς
2533 2848 2643 2901 τῶν
2697 2846 2854 2908 ὲκτὸς
2907 2843 3261 2914 προσδοκίας.
3312 2843 3553 2913 Πότερον
3583 2840 3641 2895 δὲ
3676 2842 3773 2893 καὶ
3820 2839 3983 2893 τοῦτ’

2385 2945 2605 3010 ἐγένετο
2630 2940 2783 3009 παρὰ
2815 2936 2912 3007 τὴν
2946 2935 3111 2989 αὑτοῦ
3148 2935 3358 2988 ἐκείνου
3386 2934 3652 3004 διαφορὰν
3678 2936 3770 2987 καὶ
3808 2951 3983 3003 μετα-

2386 3034 2549 3105 δολὴν
2580 3033 2673 3085 ἐπὶ
2699 3033 2760 3085 τὸ
2798 3033 2981 3102 χεῖρον
3009 3031 3041 3099 ἢ
3098 3030 3253 3099 παρὰ
3302 3028 3401 3098 τὴν
3434 3028 3543 3081 τῶν
3590 3025 3985 3097 πολεμούντων

697 3126 834 3171 erat.
874 3116 1071 3171 Utrum
1108 3127 1293 3171 autem
1319 3120 1400 3173 sic
1424 3120 1497 3173 illi
1522 3122 1785 3182 evenerit,
1815 3122 1956 3190 quod
1996 3122 2108 3191 ipse
2136 3122 2277 3176 alius

2386 3127 2522 3197 πρὸς
2549 3125 2711 3177 αὑτὸν
2742 3123 3123 3193 παραλλαγὴν,
3178 3121 3237 3174 οὑ
3265 3120 3432 3172 πολὺν
3477 3119 3591 3189 ἔχει
3622 3119 3799 3187 λόγον.
3827 3118 3984 3181 Ἕως

699 3224 729 3262 a
761 3224 820 3263 se
854 3210 1131 3265 evasisset.
1160 3225 1451 3280 moresque
1480 3213 1535 3265 in
1565 3214 1811 3268 deterius
1845 3216 2182 3277 nnnavisset,
2211 3230 2278 3267 an

698 3301 843 3369 quod
876 3301 1114 3356 hostium
1144 3302 1361 3357 diversa
1396 3304 1629 3359 subinde
1676 3308 1816 3358 ratio
1869 3309 2149 3374 molesque
2188 3322 2283 3361 ex-

699 3396 921 3459 stiterit,
958 3411 1067 3451 non
1123 3397 1355 3451 multum
1407 3397 1594 3452 refert.
1628 3399 1880 3464 Qttandiu
1939 3400 2159 3469 quidem
2202 3398 2279 3452 illi

699 3487 900 3541 bellum
932 3489 1092 3557 quasi
1126 3490 1279 3545 intus
1316 3505 1380 3545 ac
1408 3489 1775 3545 domesticum
1806 3491 1928 3553 fuit,
1952 3492 2101 3561 quod
2129 3492 2283 3562 prior

703 3583 819 3649 ipse
852 3582 1018 3635 animi
1052 3582 1281 3636 audacia
1317 3596 1381 3637 ac
1411 3583 1721 3639 temeritate
1771 3585 1873 3637 sibi
1924 3584 2280 3648 conflaverat,

704 3689 999 3743 rerumque
1037 3675 1189 3730 illius
1239 3686 1416 3731 status
1472 3658 1638 3747 atque
1693 3679 1921 3733 firmitas
1974 3679 2282 3743 vacillabat,

702 3773 860 3818 erant
890 3765 1011 3835 ejus
1050 3767 1198 3821 facta
1253 3767 1391 3822 nihil
1434 3771 1618 3823 minus
1671 3768 1835 3823 fortia
1889 3786 2065 3839 quanr
2096 3772 2282 3838 verba,

701 3872 900 3927 resque
949 3858 1093 3913 eiex
1148 3860 1333 3914 animo
1375 3861 1664 3915 cedebant.
1718 3861 1819 3916 Ubi
1857 3872 2038 3917 autem
2093 3865 2283 3919 Asiam

704 3949 818 4006 fere
871 3952 1186 4007 universam
1244 3952 1573 4023 subjeeisset
1623 3956 1790 4025 inque
1848 3957 2120 4025 Europam
2173 3972 2282 4012 non

705 4044 910 4098 imbelli
969 4045 1156 4099 animo
1207 4046 1426 4102 nemine
1481 4046 1781 4102 obsistente
1838 4050 2165 4118 trajecisset,
2203 4050 2287 4104 vir

705 4135 874 4190 nullis
896 4136 1300 4199 litteris,nullis
1332 4139 1753 4196 humanioribus
1777 4142 2029 4197 excultus
2060 4144 2282 4207 studiis,

706 4226 802 4280 sed
843 4226 1210 4285 illiberalibus
1266 4239 1425 4300 atque
1459 4232 1703 4287 sordidis
1758 4235 2046 4301 educatus,
2088 4236 2285 4291 animis

701 4318 813 4386 jam
878 4322 1085 4376 exarsit
1138 4325 1505 4395 superbiaque
1560 4326 1782 4381 inﬂatus
1812 4338 1928 4392 est,
1962 4344 2026 4383 ac
2068 4346 2098 4384 a
2148 4346 2284 4387 sano

704 4428 871 4469 sensu
906 4429 1006 4468 suo
1029 4416 1082 4468 in
1108 4430 1328 4472 amores
1353 4419 1620 4486 quosdam
1651 4429 1705 4474 et
1735 4422 2042 4489 impudicas
2067 4425 2284 4492 nuptias

2388 3220 2487 3289 μὲν
2522 3218 2630 3288 γὰρ
2657 3212 2723 3288 ἦν
2751 3216 2913 3276 αὐτὸς
2935 3213 3130 3267 ἑαυτοῦ
3155 3213 3390 3280 πόλεμος
3416 3210 3649 3274 ἔνδοθεν,
3678 3211 3737 3263 ὃν
3758 3209 3983 3279 φθάσας

2384 3312 2741 3383 ἀνερρίπισεν
2777 3308 3000 3362 αὐθάδει
3028 3305 3225 3377 γνώμῃ
3252 3306 3346 3357 καὶ
3377 3304 3647 3375 τολμηρᾷ,
3684 3305 3779 3356 καὶ
3800 3302 3983 3372 ἀμφί-

2385 3407 2541 3467 δολος
2585 3404 2725 3477 πρὸς
2756 3404 2854 3474 τὴν
2881 3402 2991 3460 τῶν
3014 3399 3358 3471 πραγμάτων
3390 3396 3728 3468 κραταίωσιν
3755 3390 3844 3465 ἡν,
3883 3394 3983 3464 έρ-

2388 3501 2560 3570 ρωντο
2592 3497 2701 3548 τῶν
2740 3495 2914 3561 λόγων
2945 3493 3000 3545 αἱ
3047 3490 3275 3563 πράξεις
3301 3489 3401 3543 οὐκ
3436 3488 3675 3549 ἔλαττον,
3708 3487 3803 3538 καὶ
3825 3489 3984 3538 κατὰ

2386 3590 2511 3646 νοῦν
2542 3588 2738 3659 ἐχώρει
2770 3586 2839 3639 τὰ
2867 3587 3172 3654 πράγματα
3195 3601 3209 3615 ο
3248 3583 3371 3635 ἐπεὶ
3408 3582 3465 3635 δὲ
3496 3580 3597 3652 τὴν
3655 3580 3843 3632 Ἀσίαν
3884 3596 3983 3647 μι-

2386 3682 2522 3752 κροῦ
2554 3682 2736 3734 πᾶσαν
2770 3677 3027 3743 ὑπέταξε,
3058 3675 3427 3748 διεπεραιώθη
3481 3674 3538 3728 δὲ
3587 3674 3682 3727 καὶ
3714 3673 3849 3744 πρὸς
3876 3673 3985 3743 τὴν

2389 3770 2659 3840 Εὐρώπην
2711 3771 2809 3822 σὺν
2865 3769 2966 3822 οὐκ
2998 3770 3213 3836 ἀγεννεῖ
3258 3768 3337 3838 τῷ
3394 3769 3707 3836 φρονήματι
3767 3764 3986 3833 μηδένα

2386 3861 2641 3931 ἐμποδὼν
2680 3860 2953 3931 εὑρηκὼς,
3004 3862 3144 3931 ἀνὴρ
3188 3859 3281 3913 ἅτε
3313 3859 3378 3924 δὴ
3428 3860 3529 3912 οὐκ
3562 3860 3625 3910 ἐκ
3668 3857 3843 3921 λόγων
3883 3858 3986 3909 καὶ

2389 3954 2639 4017 παιδείας
2659 3953 3003 4024 ὁρμώμενος,
3029 3951 3304 4023 βαναύσου
3340 3952 3399 4004 δέ
3430 3968 3578 4013 τινος
3604 3949 3699 4003 καὶ
3746 3950 3989 4017 ἀγυρτι-

2388 4045 2489 4115 κῆς
2516 4046 2753 4114 ὁμιλίας,
2786 4045 2988 4115 ἐξῆπτο
3013 4045 3113 4115 ἡδη
3138 4046 3229 4097 καὶ
3252 4043 3570 4115 ἐπεφύσητο
3599 4042 3693 4096 καὶ
3714 4042 3821 4095 τῶν
3846 4042 3989 4093 ἑαύ-

2386 4134 2482 4187 τοῦ
2504 4132 2716 4197 ἐξέπλει
2746 4134 2962 4202 φρενῶν
2983 4172 2997 4195 ,
3035 4134 3171 4202 πρὸς
3213 4132 3423 4203 ἔρωτάς
3452 4149 3605 4195 τινας
3637 4133 3730 4184 καὶ
3761 4131 3988 4200 γάμους

2388 4231 2447 4281 οὐ
2485 4229 2855 4298 σωφρονικούς
2912 4227 3000 4279 διὰ
3050 4225 3152 4294 τῆς
3209 4224 3333 4278 καθ’
3385 4224 3601 4296 ἡμέραν
3664 4222 3834 4293 μέθης
3886 4223 3990 4275 καὶ

2390 4322 2650 4395 βακχείας
2693 4320 2963 4390 ἀγόμενος
2985 4320 3078 4372 καὶ
3115 4318 3503 4388 αὐξανόμενος.
3547 4316 3685 4369 Ἀλλ’
3716 4316 3853 4386 ὑπὲρ
3878 4316 3988 4384 μὲν

2389 4417 2488 4482 τῆς
2510 4414 2618 4466 τῶν
2666 4413 3012 4483 πραγμάτων
3040 4410 3245 4463 τούτων
3279 4409 3586 4472 συντελείας
3613 4408 3830 4477 δίδομεν
3887 4408 3987 4461 καὶ

699 4503 814 4573 jugi
858 4507 1179 4560 temulentia
1211 4523 1275 4562 ac
1328 4510 1693 4566 bacchatione
1727 4523 1884 4568 actus
1915 4515 2164 4569 descivit.
2201 4517 2279 4571 Ad

2392 4507 2573 4569 ἄλλοις
2590 4506 2765 4568 ἄλλως
2790 4506 3015 4570 ἐννοεῖν,
3054 4505 3140 4556 ὅτε
3181 4502 3256 4573 μὴ
3281 4504 3393 4563 τοῖς
3415 4500 3708 4571 ἡμετέροις
3741 4498 3989 4569 βούλωνο

704 4595 897 4648 harum
930 4606 1112 4652 tamen
1149 4614 1332 4654 rerum
1394 4612 1649 4657 eventum
1705 4606 1851 4675 quod
1895 4609 2108 4671 attinet,
2160 4610 2285 4665 aliis

700 4701 924 4756 quoque
964 4707 1062 4760 pro
1097 4692 1366 4748 arbitratu
1419 4710 1522 4749 suo
1563 4696 1851 4765 judicandi
1905 4699 2140 4756 facimus
2199 4700 2285 4755 fa-

701 4787 981 4850 cultatem,
1040 4784 1199 4841 sicui
1234 4798 1420 4842 nostra
1456 4790 1896 4846 nonarrideant.
1935 4791 2135 4848 Verum
2174 4796 2290 4850 hzec

705 4874 993 4927 hactenus.
1050 4874 1156 4928 Sed
1207 4885 1261 4931 et
1314 4874 1631 4944 Byzienses,
1688 4884 1991 4949 prostantis
2053 4887 2284 4955 periculi

704 4975 875 5027 metu,
908 4966 1018 5020 cito
1064 4969 1393 5022 sententiam
1426 4980 1731 5025 mutarunt.
1770 4972 1893 5028 Mox
1923 4977 2066 5029 enim
2113 4978 2285 5032 infor-

702 5056 970 5110 tuniorem
1007 5057 1228 5113 Thomm
1279 5071 1503 5131 accepto
1548 5065 1767 5128 nuntio,
1811 5068 1864 5120 in
1904 5069 2178 5125 similibus
2210 5072 2283 5124 si-

703 5150 830 5203 mile
857 5151 1107 5206 ineuntes
1136 5155 1449 5220 consilium,
1488 5157 1732 5213 vinctum
1789 5177 1987 5217 manus
2017 5180 2081 5218 ac
2117 5166 2281 5233 pedes

702 5242 804 5309 '71
838 5243 1186 5299 Anastasium
1241 5247 1607 5304 adduxerunt.
1645 5250 1751 5317 Qui
1794 5255 1988 5310 iisdem
2028 5273 2093 5311 ac
2126 5270 2283 5329 pater

699 5336 1123 5393 excarnificatus
1150 5340 1433 5410 suppliciis
1460 5344 1679 5399 vivendi
1718 5346 1879 5401 tinem
1915 5348 2065 5404 fecit.

773 5425 860 5477 '20.
887 5425 1214 5497 Quanquam
1250 5447 1379 5486 vero
1416 5432 1529 5489 hare
1557 5436 1630 5490 ita
1656 5448 1951 5501 evenerant
2001 5442 2281 5496 sublatus-

701 5532 806 5583 quc
838 5527 1103 5588 tyrannus
1127 5531 1266 5589 erat,
1312 5524 1600 5581 maritimae
1626 5538 1807 5585 tamen
1845 5534 2009 5589 urbes
2035 5533 2284 5590 Thraciae

701 5608 930 5667 i'amum
982 5623 1039 5668 ct
1088 5616 1341 5675 lleraclea
1375 5622 1495 5693 ejus
1535 5625 1828 5681 tuebantur
1866 5639 2050 5698 partes
2080 5648 2142 5686 ac
2180 5634 2278 5686 Mi-

2388 4620 2481 4654 ται
2513 4600 2911 4665 ὲξακολουθεῖν.
2945 4598 3093 4667 Πλὴν
3123 4597 3254 4665 περὶ¹
3281 4594 3379 4665 μὲν
3424 4593 3629 4647 τούτων
3658 4593 3983 4661 αὐτάρκως.

2391 4696 2501 4749 Καὶ
2536 4697 2583 4747 οἱ
2614 4696 2677 4746 ὲκ
2703 4691 2878 4760 Βύζης
2905 4691 2962 4743 δὲ
2992 4691 3077 4758 ἐφ’
3103 4689 3297 4759 ἐτέρας
3322 4686 3534 4756 ταχέως
3563 4686 3813 4752 ἐγένοντο
3843 4682 3989 4750 γνώ-

2395 4806 2523 4859 μης,
2555 4787 2901 4856 ὑφορώμενοι
2932 4784 3024 4837 τὸν
3056 4780 3379 4853 προεστῶτα
3412 4779 3658 4832 κίνδυνον
3678 4794 3693 4809 ’
3729 4777 3844 4846 ἅμα
3867 4777 3989 4846 γὰρ

2388 4883 2465 4953 τῷ
2491 4882 2757 4935 πυθέσθαι
2791 4880 2860 4933 τὰ
2911 4878 3053 4932 κατὰ
3096 4878 3189 4931 τὸν
3243 4876 3448 4946 Θωμᾶν
3479 4876 3832 4943 ἀτυχήματα,
3894 4872 3987 4939 ἐφ’

2388 4977 2607 5047 ὁμοίαις
2641 4973 2875 5044 πράξεσι
2900 4972 2967 5025 τὰ
2988 4973 3150 5039 ὅμοια
3185 4968 3551 5038 πεποιηκότες
3580 4966 3670 5018 τὸν
3710 4964 3987 5018 ’Λναστά-

2392 5090 2504 5125 σιον
2534 5072 2743 5143 ἤγαγον
2774 5069 3056 5139 δεδεμένον
3114 5068 3302 5136 χεῖρας
3342 5065 3436 5117 καὶ
3474 5062 3664 5124 πόδας.
3716 5060 3907 5112 Ταυτὰ
3940 5059 3987 5088 ⁵³

2391 5165 2447 5217 δὲ
2481 5164 2574 5218 καὶ
2601 5158 2752 5224 οὗτος
2786 5161 2864 5233 [δέ
2896 5158 2979 5230 τε]
3012 5158 3340 5211 πεπονθέναι
3399 5154 3721 5227 βιαζόμενος
3759 5152 3837 5222 τῷ
3874 5169 3985 5204 πα-

2393 5260 2479 5330 τρῖ
2509 5258 2599 5311 τὸν
2631 5257 2744 5326 βίον
2774 5253 3124 5325 μετήλλαξεν.

2468 5448 2537 5493 κ’.
2581 5438 2657 5491 Οὑ
2710 5438 2820 5506 μὴν
2870 5433 3138 5487 ἐπαύοντο
3183 5430 3390 5483 τούτων
3425 5426 3567 5480 οὑτω
3619 5426 3981 5494 καθυπαντη-

2396 5536 2607 5588 σάντων
2637 5531 2777 5584 κατὰ
2799 5529 3021 5599 Θρᾴκην
3048 5525 3231 5587 πόλεις
3264 5522 3542 5594 παράλιοι,
3575 5522 3637 5572 τὸ
3679 5536 3737 5571 τε
3778 5520 3981 5572 Ila-nou

2394 5629 2489 5684 καὶ
2530 5624 2854 5696 Ἡράκλεια,
2880 5624 2947 5675 τὰ
2980 5618 3073 5673 τοῦ
3100 5617 3365 5685 τυράννου
3394 5613 3661 5685 φρονῆσαι
3685 5629 3694 5641 ·
3721 5607 3983 5664 τοσοίτον

1982 5722 2063 5777 VA
2077 5726 2114 5778 il
2127 5724 2210 5778 I112
2260 5720 2660 5780 LECTiONES.

794 5801 836 5829 ’³
870 5801 1087 5873 ἀληθῶς
1120 5808 1369 5877 permisi);
1400 5815 1421 5866 ?
1514 5816 1557 5847 ⁷³
1592 5815 1760 5871 ταετα
1792 5816 1849 5871 Γ.
