4158 6442
160 419 208 480 85
1104 417 1246 475 LIB.
1290 417 1366 476 II.
1408 442 1477 452 —-
1514 418 1857 478 MICIIAEL
1897 417 2388 480 AMORIENSIS.
3309 412 3384 474 86

161 533 239 595 ἄρα
265 526 415 595 μῖσος
448 524 588 577 κατὰ
616 522 709 577 τοῦ
737 523 959 593 Μιχαὴλ
1003 524 1169 575 πᾶσιν
1196 525 1355 592 ἐνέφυ
1391 524 1484 577 καὶ
1513 525 1571 588 ἐξ
1601 526 1692 578 ἄλο
1723 580 1726 586 η

1822 525 1968 579 :haeli
2022 524 2389 580 resistebant:
2422 531 2632 578 tantum
2674 523 2930 578 nimirutn
2986 523 3230 577 omnium
3258 528 3377 577 ani-

161 623 239 672 λων
267 617 361 686 μὲν
396 616 550 678 ἴσως,
578 615 760 686 πολλῷ
788 616 848 669 δὲ
880 616 1042 669 πλέον
1075 618 1139 669 ἐκ
1168 615 1262 668 τοῦ
1303 617 1377 687 μὴ
1415 616 1699 685 βούλεσθαι

163 711 228 763 τὸν
250 710 286 741 ’⁸
308 709 453 762 κατὰ
485 708 595 761 τῶν
644 709 729 779 [Ρ.
774 708 867 780 45]
912 708 1074 762 θείων
1136 710 1361 763 εἰκόνων
1406 711 1701 780 ἀναρριπι-

163 802 313 854 σθέντα
348 800 671 857 καταλῦσαι.
695 801 839 872 Πλὴν
864 802 1089 867 ταύταις
1111 801 1441 872 πλησιάσας,
1467 803 1560 855 τοῦ
1604 804 1702 872 μὲν

163 891 349 964 σεισμοῦ
394 894 780 964 ἐπιγινομένου
808 894 856 925 ⁷⁸
888 895 983 947 καὶ
1020 893 1114 947 τοῦ
1142 893 1353 965 τείχους
1383 892 1476 948 τοῦ
1502 894 1701 947 Πανίου

165 984 563 1054 καταϐληθέντος
590 988 623 1055 ἠ
650 987 729 1049 είς
749 985 883 1039 αὐτὸ
900 985 1139 1057 πάροδος
1168 984 1381 1056 ἁκμητλ
1411 985 1601 1054 γέγονε
1626 985 1702 1055 τῷ

164 1074 342 1145 Μιχαὴλ
363 1089 376 1101 ·
403 1075 436 1143 ἡ
453 1075 498 1126 δ’
533 1073 832 1145 Ἡράκλεια
864 1074 960 1127 καλ⁵
976 1073 1054 1138 ὣς
1076 1074 1396 1144 ἁντέχουσα,
1419 1074 1566 1142 ὅμως
1593 1073 1701 1127 τῶν

167 1171 214 1222 ἐκ
233 1168 313 1237 τῆς
345 1166 621 1235 θαλάττης
654 1165 841 1237 μερῶν
870 1164 1391 1236 κατακυριευθεῖσα,
1418 1165 1703 1218 ἁλίσκεται

166 1261 240 1313 καὶ
263 1259 388 1329 αὕτη
420 1259 715 1329 ἀναιμωτὶ,
752 1259 847 1310 καὶ¹
885 1258 981 1311 τοῦ
1020 1260 1246 1329 φρονεῖν
1284 1259 1353 1311 τὰ
1379 1255 1473 1310 τοῦ
1498 1258 1704 1328 τυράν-

168 1370 236 1404 νου
261 1351 676 1411 ἀπαλλάττεται,
712 1350 926 1412 πίστεις
955 1348 1220 1403 δεδωκυῖα
1251 1348 1331 1419 τῷ
1354 1348 1581 1418 βασιλεῖ.

221 1445 311 1497 Καὶ
352 1443 423 1498 τὰ
460 1444 559 1512 μὲν
606 1442 745 1497 κατὰ
792 1440 996 1512 Θωμᾶν
1045 1440 1433 1512 συμϐεϐηκότα
1466 1442 1708 1494 τοιοῦτον

168 1534 265 1603 ἔσχε
297 1533 444 1595 τέλος
475 1534 538 1586 ἐκ
566 1534 664 1602 τῆς
693 1533 991 1603 εἰρημένης
1034 1532 1231 1600 ἀρχῆς,
1283 1532 1374 1583 καί
1411 1531 1554 1585 οὓτω
1584 1550 1709 1602 τρο-

168 1628 425 1698 παιοφόρος
452 1628 481 1677 ὁ
515 1626 771 1695 βασιλεὺς
820 1626 885 1678 ἐκ
921 1624 1031 1677 τῶν
1065 1627 1188 1678 κατ’
1230 1624 1458 1695 ἤπειρον
1487 1625 1707 1695 ἔρχεται

169 1722 357 1785 πόλεων,
381 1719 537 1772 οῦδὲν
557 1720 745 1790 ἕτερον
773 1718 882 1772 ἀπὸ
913 1717 1233 1771 στασιωτῶν
1263 1717 1528 1790 ἐννοήσας
1559 1717 1590 1787 ἢ
1616 1719 1709 1770 ἐπὶ

167 1812 242 1881 τῆς
266 1788 661 1880 ἁμιλλητηρίουν
679 1808 805 1872 θέας
829 1808 920 1861 ἐπὶ
943 1806 1119 1877 τούτῳ
1141 1788 1513 1876 γεγενήμένης
1533 1807 1708 1861 ὀπίσω

164 1906 224 1958 τὼ
244 1908 373 1975 χεῖρε
401 1902 726 1974 δεδεμένους
748 1900 975 1971 ποιῆσαι
1000 1900 1233 1953 διελθεῖν
1256 1901 1352 1952 καὶ
1378 1900 1707 1970 ὑπερορίους

168 2002 266 2060 τοὺς
298 1997 654 2059 αἰτιωτάτους
688 1995 967 2064 γενέσθαι.

222 2088 407 2140 Αὐτίκα
437 2086 574 2155 γοῦν
622 2087 721 2141 καὶ
759 2087 898 2158 πρὸς
931 2086 1193 2158 Χοιρέαν,
1224 2086 1305 2140 ἔτι
1361 2104 1423 2155 γε
1464 2086 1570 2157 μὴν
1617 2088 1712 2141 καὶ

168 2177 277 2242 πρὸς
308 2174 627 2246 Γαζαρηνδν
671 2175 764 2228 τὸν
819 2175 1194 2246 Κολωνιάτην,
1234 2174 1557 2246 ἀνθρώπους
1611 2176 1711 2246 μὲν

164 2270 291 2330 ὂντας
320 2268 406 2321 καὶ
436 2266 609 2321 πιστὰ
641 2266 1013 2336 φυλάττοντας
1050 2268 1129 2340 τῷ
1155 2268 1346 2338 Θωμᾷ,
1380 2268 1711 2337 κατέχοντας

164 2363 207 2414 δὲ
239 2362 317 2414 τὸν
344 2360 443 2431 μὲν
494 2360 592 2431 τὴν
641 2358 902 2413 Καϐάλαν
935 2358 1029 2412 τοῦ
1068 2358 1293 2431 Χοιρέα,
1333 2359 1427 2412 τοῦ
1462 2359 1713 2430 Γαζαρη-

164 2454 236 2506 νοῦ
262 2454 427 2525 δὲτὴν
472 2452 766 2515 Σανιάναν,
794 2453 889 2505 καὶ
922 2451 1124 2515 πολλὰς
1166 2453 1377 2505 ἐκεῖθεν
1415 2454 1712 2507 ποιούντων

165 2545 505 2615 καταδρομὰς,
538 2544 634 2598 καὶ
666 2544 977 2617 λῃστρικῶς
1011 2542 1220 2608 ζῶντάς
1249 2562 1310 2597 τε
1351 2545 1445 2599 καὶ
1464 2563 1714 2616 τυραννιο

162 2636 271 2701 κῶς,
297 2637 717 2708 χρυσοόούλλιον
748 2638 1025 2705 ἐκπέμπει
1057 2638 1085 2690 ό
1128 2637 1371 2709 Μιχαὴλ,
1415 2640 1583 2708 τιμὰς
1618 2658 1713 2710 με-

164 2732 308 2798 γάλας
340 2733 439 2796 τὰς
493 2731 603 2783 τῶν
646 2731 966 2801 μαγίστρων
1023 2730 1560 2800 καθυπισχνούμενος
1622 2733 1713 2783 καὶ

162 2823 441 2892 ἀμνηστίαν
476 2822 690 2887 κακῶν,
728 2821 824 2875 καὶ
847 2821 1009 2891 δῆλον
1043 2821 1134 2875 τὸν
1158 2819 1253 2874 τοῦ
1294 2819 1467 2890 Θωμᾶ
1486 2820 1713 2876 θάνατον

160 2916 340 2981 τούτοις
393 2916 595 2969 ποιῶν.
668 2914 807 2967 Ἀλλ’
861 2914 1106 2977 ἐκείνους
1147 2914 1247 2985 μὲν
1289 2914 1390 2966 οὐκ
1442 2913 1658 2967 ἔπεισεν
1687 2918 1715 2969 ὁ

160 3008 483 3073 ἀποσταλεὶς,
520 3007 792 3071 ἀλαζόνας
836 3006 999 3068 ὄντας
1045 3024 1106 3060 τε
1159 3007 1256 3060 καὶ
1296 3006 1590 3063 ἀτίθασσον
1621 3026 1714 3062 κε-

158 3103 434 3172 κτημένους
464 3101 653 3172 ψυχήν
676 3118 690 3131 ·
725 3101 947 3169 ἐτέρους
993 3099 1051 3152 δέ
1099 3117 1250 3164 τινας
1288 3101 1395 3154 τῶν
1438 3100 1714 3173 ὑποϐεϐη-

158 3195 305 3247 κότων
324 3194 539 3265 κλέψας
560 3194 658 3248 καὶ
686 3195 823 3263 πρὸς
847 3195 948 3263 τὴν
972 3191 1067 3244 τοῦ
1102 3190 1369 3261 βασιλέως
1405 3192 1714 3261 πίστινμε-

156 3285 315 3347 ταθεὶς
370 3287 601 3339 ἔπεισεν
649 3284 963 3349 ἐξελθόντας
1019 3284 1066 3315 ⁷⁸
1112 3282 1250 3353 πρὸς
1311 3283 1411 3345 τὰς
1468 3282 1721 3353 συνήθεις

156 3377 383 3447 λῃστείας
412 3376 747 3431 ἀποκλεῖσαι
779 3375 991 3439 τούτοις
1026 3375 1126 3438 τὰς
1172 3374 1283 3428 τῶν
1313 3374 1512 3446 τειχῶν
1546 3374 1723 3439 πύλας

156 3476 231 3521 καὶ
263 3469 421 3537 λόγου
456 3468 922 3524 καταλελοιπέναι
963 3468 1155 3539 χωρίς.
1207 3468 1387 3539 Ὅπερ
1435 3468 1530 3521 καὶ
1563 3466 1723 3536 γέγο-

153 3576 244 3613 νεν.
286 3561 519 3614 Ἐκεῖνοι
578 3560 680 3631 μὲν
723 3555 818 3613 οὖν
873 3560 948 3622 ὡς
1004 3553 1162 3628 εὗρον
1189 3559 1582 3630 κεκλεισμένας
1624 3560 1723 3623 τὰς

156 3652 328 3719 πύλας,
376 3651 482 3723 τὴν
512 3651 611 3705 ἐπὶ
641 3652 841 3721 Συρίαν
882 3650 1155 3704 ἔσπευσαν
1190 3649 1440 3704 διανῦσαι
1471 3650 1609 3715 ὁδὸν,
1645 3650 1724 3723 τῷ

154 3740 283 3814 φόϐῳ
332 3745 690 3814 βαλλόμενοι.
718 3746 929 3806 Ζῶντες
950 3743 1009 3796 δὲ
1044 3743 1195 3813 ὅμως
1231 3742 1449 3806 ἁλόντες
1478 3742 1555 3813 τῷ
1580 3743 1724 3813 ξύλῳ

151 3836 459 3909 ὲξήρτηνται
515 3838 615 3892 καὶ
639 3836 736 3891 τοῦ
774 3836 889 3907 βίου
920 3835 1120 3900 ἔξωθεν
1147 3836 1411 3905 γίνονται.
1450 3836 1632 3903 ’Ἄξιον
1667 3837 1724 3889 δὲ

152 3928 268 3998 μηδὲ
298 3929 464 3983 τοῦτο
507 3928 923 3998 παραδραμεῖν,
952 3927 1100 3992 ὅπως
1129 3929 1158 3979 ὁ
1182 3927 1497 3999 Γαζαρηνὸς
1528 3926 1724 3998 προδέ-

153 4020 257 4073 δοτο
303 4022 399 4074 καὶ
458 4021 581 4074 τῶν
630 4019 829 4089 τειχῶν
877 4018 1298 4073 ἀπεκέκλειστο.
1355 4020 1561 4089 Ἄνδρα
1602 4019 1725 4072 τινὰ

148 4114 382 4184 ἄγροικον
409 4117 440 4168 ὁ
492 4112 830 4176 ἀποσταλεὶς
862 4111 1261 4181 δεξιωσάμενος
1302 4111 1488 4181 φωνῆς
1525 4112 1723 4178 ἐπιμε-

147 4202 387 4277 λούμενον
429 4207 535 4261 καὶ
586 4207 711 4267 ταῖς
751 4204 918 4275 ᾠδαῖς
959 4204 1298 4274 τερπόμενον
1329 4202 1583 4273 ἐμμελῶς
1605 4204 1724 4264 ταῖς

146 4300 444 4368 ἀνειμέναις
462 4298 707 4359 ταύταις
729 4297 825 4349 καὶ
842 4297 1215 4367 ἁγροικικαῖς,
1239 4295 1403 4365 μέλος
1426 4313 1481 4347 τι
1501 4294 1724 4358 ἐπλεξεν

151 4392 266 4461 πρὸς
286 4391 377 4444 τὸν
422 4392 653 4445 ἐκείνου
694 4389 981 4459 οἰκονόμον
1015 4387 1138 4457 ἔχον
1167 4386 1265 4458 τὴν
1287 4386 1589 4457 ἀναφοράν.
1617 4381 1725 4439 Ἦν

148 4482 195 4534 δὲ
225 4484 414 4546 αὐταῖς
440 4482 667 4546 λέξεσιν
693 4480 837 4535 οὕτω
854 4496 867 4510 °
905 4480 1235 4545 Ἄκουσον,
1261 4478 1396 4547 κῦρι
1426 4480 1723 4548 οίκονόμε,

1804 615 1908 669 mis
1932 613 2075 669 illius
2102 614 2375 670 insederat
2400 614 2608 679 odium,
2634 623 2745 668 tum
2772 613 2908 668 forte
2928 614 3050 668 aliis
3071 628 3138 668 ex
3171 616 3375 678 causis.

1806 719 1918 759 tum
1972 707 2243 776 praecipue
2285 705 2434 776 quod
2495 705 2815 761 suscitatam
2867 707 3130 762 adversus
3191 720 3378 761 sacras

1806 799 2072 868 imagines
2095 801 2529 868 persecutionem
2573 802 2754 869 sapire
2782 800 3022 854 nolebat.
3051 800 3154 857 Ubi
3191 810 3379 856 tamen

1806 889 1873 943 ad
1907 890 2031 945 illas
2054 892 2306 953 accessit.
2336 891 2583 959 disjectis
2623 900 2781 945 terra:
2823 900 2968 945 motu
3000 890 3152 946 Panii
3185 892 3379 955 muris.

1808 982 1959 1037 nullo
1988 982 2205 1053 negotio
2250 984 2303 1036 in
2340 984 2516 1052 ipsum
2558 983 2810 1038 Michacli
2862 985 3145 1053 ingressus
3187 985 3380 1051 patuit.

1808 1072 2070 1129 Heraclea
2119 1090 2251 1129 vero
2290 1091 2603 1145 quanquam
2651 1076 2976 1139 resistebat,
3016 1091 3043 1130 ι
3094 1076 3384 1130 maritimis

1811 1167 1927 1233 ipsa
1985 1166 2229 1235 partibus
2256 1178 2591 1237 expugnata,
2634 1169 2784 1221 nulla
2830 1167 3032 1222 civium
3082 1176 3265 1236 strage
3290 1181 3385 1221 ca-

1811 1257 2001 1325 pitur,
2070 1257 2304 1328 dataque
2354 1258 2671 1329 imperatori
2720 1260 2826 1314 ﬁde
2870 1258 3090 1314 studere
3153 1267 3387 1329 tyranno

1809 1350 2034 1405 desiuit.

1882 1441 1983 1496 llic
2018 1456 2201 1497 rerum
2253 1439 2479 1495 Thomas
2518 1440 2643 1496 finis
2690 1456 2757 1495 ex
2804 1440 2897 1495 tali
2932 1440 3206 1509 principio
3240 1439 3384 1501 fuit;

1811 1535 2001 1605 sicque
2053 1532 2282 1588 Michael
2315 1533 2658 1602 triumphans
2688 1548 2752 1586 ex
2784 1532 3120 1587 continentis
3160 1531 3387 1585 urbibus

1811 1628 1995 1685 rediit.
2054 1628 2113 1682 In
2142 1628 2327 1683 socios
2382 1636 2564 1681 autem
2614 1624 2939 1681 defectionis
2981 1625 3207 1679 Thomas
3254 1623 3388 1677 nihil

1810 1721 2062 1777 acerbius
2098 1722 2292 1776 statuit
2317 1736 2482 1790 quam
2536 1719 2682 1790 quod
2706 1719 3045 1774 Circensium
3077 1718 3391 1787 spectaculo

1813 1814 1867 1867 in
1898 1828 2021 1868 eam
2054 1828 2171 1869 rem
2220 1814 2525 1868 constituto
2571 1814 2826 1868 manibus
2858 1828 2885 1866 a
2934 1824 3087 1883 tergo
3131 1810 3391 1867 revinctis

1816 1921 1912 1961 eos
1939 1905 2303 1967 circumduci.
2356 1920 2423 1961 ac
2456 1906 2550 1973 qui
2590 1906 2959 1960 maximorum
2990 1906 3069 1959 rei
3121 1904 3389 1959 scelerum

1816 2008 2023 2065 essent,
2052 1998 2247 2054 exsilio
2277 1998 2455 2054 solum
2485 2007 2695 2052 vertere
2722 1998 2907 2066 jussit.

1887 2088 2008 2145 Mox
2034 2105 2254 2159 quoque
2279 2091 2345 2144 ad
2370 2089 2681 2151 Chaeream,
2706 2103 2913 2142 necnon
2965 2088 3030 2140 ad
3051 2088 3393 2141 Garat-cuum

1816 2182 2185 2248 Coloniatem,
2246 2181 2469 2236 'l‘homae
2519 2181 2794 2251 quondam
2852 2180 3184 2234 domesticos
3234 2180 3394 2248 eique

1818 2283 2138 2330 constanter
2156 2282 2439 2329 servantes
2462 2274 2622 2328 (idem
2637 2272 3056 2342 (tenebatalter,
3078 2272 3185 2342 72
3203 2285 3396 2339 nempe

1818 2364 2101 2428 Chaereas,
2141 2364 2392 2434 praesidio
2414 2363 2698 2427 Cabalam,
2725 2363 2884 2424 alter,
2935 2376 3131 2430 nempe
3161 2361 3398 2414 Gazare—

1820 2474 1944 2521 nus,
2008 2459 2311 2527 occupabat
2369 2456 2704 2523 Sanianam;
2754 2471 2823 2511 ex
2887 2456 3091 2525 quibus
3128 2453 3397 2523 praesidiis

1820 2550 2043 2605 crebras
2095 2549 2171 2601 illi
2234 2547 2591 2602 excursiones
2665 2546 2959 2608 habebant,
3012 2544 3398 2610 latronumque

1821 2657 1974 2695 more
1994 2656 2059 2695 ac
2087 2640 2369 2711 tyrannice
2399 2638 2674 2708 vivebant)
2700 2652 2926 2692 auream
2955 2637 3181 2701 bullam,
3216 2636 3394 2703 impe-

1821 2736 2088 2790 ratorium
2152 2733 2365 2789 scilicet
2393 2733 2659 2801 diploma,
2713 2732 2881 2785 mittit
2914 2729 3171 2794 Michael,
3223 2726 3397 2794 magi-

1820 2839 2060 2884 strorum
2102 2828 2309 2881 honore
2335 2826 2608 2895 prmeipuo
2634 2840 2693 2879 se
2714 2825 2856 2878 'illos
2891 2832 3208 2878 evecturum
3237 2820 3396 2892 polli-

1821 2922 1965 2974 citus
2024 2934 2089 2973 ac
2142 2919 2526 2987 impunitatem
2596 2918 2895 2979 daturum,
2967 2916 3235 2970 Thomam
3282 2913 3397 2985 jam

1822 3013 2154 3068 exstinctum
2192 3010 2530 3079 signiﬁcans.
2568 3008 2765 3064 Verum
2794 3008 3026 3062 nuntius
3068 3006 3136 3061 ab
3160 3007 3398 3071 impera-

1824 3115 1941 3160 tore
2006 3105 2212 3160 missus
2281 3103 2535 3158 homines
2602 3110 2925 3171 arrogantes
2980 3114 3046 3154 ac
3109 3097 3401 3168 praefracto

1825 3200 2005 3254 animo
2044 3198 2110 3251 ad
2149 3196 2387 3251 olIicium
2420 3209 2682 3250 revocare
2721 3210 2830 3249 non
2876 3192 3053 3263 potuit
3085 3210 3099 3246 :
3126 3189 3402 3260 corruptis

1823 3304 2006 3349 tamen
2039 3292 2370 3363 quibusdam
2404 3290 2873 3361 praesidiariorum
2919 3288 3023 3342 sub
3048 3286 3152 3341 illis
3183 3300 3399 3339 meren-

1825 3387 1972 3440 tibus
2004 3386 2168 3454 inque
2200 3384 2549 3453 imperatoris
2590 3382 2745 3436 (idem
2793 3379 3080 3444 traductis,
3113 3376 3307 3433 suadet
3344 3391 3404 3430 ut

1824 3476 1892 3530 ad
1917 3477 2108 3532 solitas
2136 3474 2520 3544 populationes
2547 3471 2869 3541 prtedasque
2900 3468 3141 3538 agendas
3164 3466 3405 3533 egressis

1826 3580 2111 3620 murorum
2135 3573 2325 3634 portas
2344 3562 2607 3618 claudant
2632 3577 2697 3616 ac
2730 3577 2829 3616 nec
2853 3574 3118 3629 responso
3146 3559 3402 3626 dignatus

1825 3659 2161 3727 relinquant.
2198 3657 2399 3726 Sicque
2427 3656 2565 3710 adeo
2586 3654 2834 3723 contigit.
2857 3653 2936 3707 Illi
2968 3654 3190 3707 clausas
3213 3658 3404 3720 portas

1827 3747 1972 3803 nacti
2002 3747 2239 3817 indeque
2260 3746 2533 3816 perterriti
2560 3745 2613 3800 in
2639 3744 2854 3815 Syriam
2892 3742 3019 3813 fuga
3048 3742 3401 3798 contendunt.

1830 3838 1944 3894 Ἣνί
1977 3849 2159 3894 tamen
2194 3843 2335 3909 capti
2393 3853 2533 3908 eque
2581 3839 2731 3908 ligno
2768 3836 3021 3905 suspensi
3070 3837 3182 3889 vita
3219 3844 3408 3890 extru-

1826 3934 2052 3991 duntur.
2094 3933 2281 4002 Neque
2305 3947 2436 3988 vero
2466 3931 2827 3987 omittendum
2861 3944 3002 3992 reor,
3034 3944 3143 3997 quo
3162 3943 3222 3982 se
3246 3926 3408 3981 modo

1827 4026 2080 4081 habuerit
2105 4025 2372 4080 Gazareni
2401 4023 2658 4093 proditio,
2678 4032 2734 4076 et
2754 4032 2814 4075 ut
2840 4022 2912 4075 sit
2935 4020 3108 4075 muris
3123 4018 3404 4074 exclusus.

1826 4119 2111 4175 Michaelis
2150 4119 2358 4187 legatus
2385 4118 2654 4173 rusticum
2684 4115 2978 4186 quemdam
3016 4113 3166 4168 vocis
3206 4111 3407 4166 modu-

1828 4212 2053 4267 lantiam
2096 4210 2441 4266 all‘ectantem
2471 4208 2779 4277 solutisque
2824 4222 2889 4261 ac
2925 4206 3211 4260 rusticano
3250 4219 3406 4259 more

1827 4303 2151 4369 Commius
2183 4302 2414 4357 canticis
2442 4316 2564 4357 sese
2594 4300 2956 4354 obiectantem
2990 4314 3116 4353 cum
3152 4297 3405 4352 Immani-

1828 4404 1912 4448 tcr
1960 4396 2287 4462 excepisset,
2332 4407 2557 4447 carmen
2609 4390 2884 4460 quoddam
2937 4390 3238 4453 contexuit,
3296 4405 3407 4456 quo

1828 4484 2097 4540 Gazareni
2147 4498 2495 4538 (economum
2540 4482 2943 4550 alloqueretur,
2984 4480 3144 4549 cujus
3193 4480 3279 4533 hic.
3339 4482 3404 4532 ait

146 4575 193 4625 tl
228 4575 387 4645 λέγει
420 4573 698 4642 Γυϐέριν
722 4588 737 4602 ·
777 4571 912 4625 Ἐάν
938 4588 1041 4641 μοι
1075 4569 1194 4637 δῷς
1239 4569 1355 4637 τὴν
1397 4569 1722 4635 Σανιὰναν,

1830 4578 2056 4633 verbum
2098 4587 2273 4631 tenor.
2307 4576 2469 4641 Audi,
2527 4576 2738 4629 domine
2768 4590 3049 4638 aconome,
3105 4574 3230 4642 quid
3264 4575 3409 4627 dicat

144 4668 592 4734 μητροπολὶτην
643 4677 718 4717 σε
793 4662 1029 4729 ποιήσω
1108 4661 1208 4716 καί
1259 4662 1729 4730 Νεοκαισάρειάν

148 4754 215 4827 [Ρ.
240 4757 327 4831 ιδι
362 4776 467 4812 σοι
500 4755 709 4810 δώσω.
739 4754 910 4809 Τοῦτο
955 4754 1215 4816 πολλάκις
1271 4753 1531 4824 ᾀδόμενον
1553 4756 1610 4807 ἐν
1644 4756 1728 4807 αῖ-

152 4850 320 4921 σθήσει
375 4852 581 4904 τοῦτον
639 4848 898 4918 γενέσθαι
948 4847 1041 4901 τὸν
1067 4849 1356 4917 οἰκονόμον
1406 4848 1725 4917 πεποίηκεν.

150 4945 288 4997 Ὀθεν
320 4946 397 5009 ὡς
425 4944 583 5011 ἔγνω
614 4941 711 4995 τὸν
738 4939 862 4995 νοῦν
889 4957 947 4993 τε
974 4941 1069 4993 καὶ
1096 4938 1197 5010 τὴν
1242 4939 1352 4991 τῶν
1383 4941 1731 5011 πραγμάτων

149 5038 428 5110 αιαφορὰν,
464 5034 797 5103 ἐξελθόντος
832 5034 962 5087 ποτὲ
1008 5033 1103 5087 τοῦ
1136 5032 1457 5105 Γαζαρηνοῦ
1488 5033 1732 5089 ἔκλεισεν

151 5130 251 5182 κατ’
282 5131 448 5183 αὑτοῦ
481 5128 595 5191 τὰς
631 5125 812 5189 πύλας
841 5128 937 5179 καὶ
961 5122 1154 5176 τοῦτον
1195 5124 1397 5191 ἔξωθεν
1447 5124 1731 5191 ἐγκατέλι-

152 5237 254 5277 πεν.
289 5222 397 5276 Καὶ
434 5220 649 5275 ταῦτα.
694 5219 792 5288 μὲν
846 5218 977 5288 περὶ
1019 5216 1128 5270 τῶν
1184 5216 1509 5288 ύπερνςφῶν
1528 5217 1735 5271 τούτων

153 5312 443 5383 πολιχνίων,
468 5314 575 5367 καὶ
613 5310 763 5365 οὕτω
785 5310 996 5364 τούτων
1017 5310 1050 5380 ἡ
1080 5308 1243 5362 πάλιν
1272 5308 1377 5362 ὑπὸ
1398 5308 1494 5362 τοῦ
1515 5309 1735 5381 Μιχαὴλ

152 5407 453 5478 κατάληψις.

209 5506 305 5550 κα⁸.
334 5499 452 5552 Ούκ
508 5495 720 5568 ἔμελλε
755 5494 814 5547 δὲ
852 5494 981 5564 ἄχρι
1019 5492 1230 5547 τούτων
1289 5495 1323 5562 ἡ
1355 5492 1497 5565 φορὰ
1540 5492 1734 5565 στήσε-

156 5589 374 5643 σθαιτῶν
402 5591 631 5652 κακῶν,
652 5586 790 5639 ἀλλὰ
805 5587 913 5639 τῶν
933 5586 1027 5641 δύο
1049 5585 1317 5657 ἠπείρων,
1344 5585 1529 5649 Ἀσίας
1554 5586 1733 5657 φαμὲν

158 5683 229 5734 καὶ
253 5684 546 5755 Εὐρώπης,
598 5683 665 5732 ἐν
700 5679 857 5750 (iugi?)
914 5679 1115 5750 Κυρίου
1161 5674 1271 5733 οἷόν
1314 5697 1457 5743 τινος
1492 5680 1735 5750 κεφαλῆς

1832 4668 2045 4739 Gyberi.
2065 4668 2125 4724 Si
2159 4667 2457 4723 Senianum
2478 4667 2705 4731 dederis,
2733 4666 2931 4736 faciant
2957 4675 3003 4719 te
3022 4665 3410 4733 metropolitani

1830 4770 1880 4815 et
1914 4759 2320 4815 Neocaesaream
2351 4759 2448 4813 tibi
2481 4757 2818 4813 concredam.
2864 4758 3000 4811 Dum
3054 4756 3169 4812 haec
3213 4756 3412 4825 saepius

1833 4852 2099 4916 cantillat,
2132 4866 2422 4906 (Bconomo
2452 4860 2687 4905 montem
2720 4850 2916 4919 aperit,
2949 4857 3009 4903 ut
3044 4863 3159 4902 rem
3208 4847 3409 4901 intelli-

1834 4955 1944 5015 gat.
1977 4944 2113 4999 Cum
2148 4944 2317 5013 igitur
2341 4959 2567 4997 sensum
2597 4942 2969 5012 perspexisset
2997 4956 3061 4995 ac
3085 4939 3216 5009 quid
3248 4939 3412 4993 verba

1838 5038 1925 5091 illa
1956 5036 2309 5105 designarent
2336 5034 2836 5097 animadvertisset,
2862 5032 2968 5103 73
2993 5046 3217 5101 egresso
3241 5046 3413 5098 quan-

1835 5116 2016 5198 doque
2044 5127 2328 5182 Gazareno
2380 5137 2569 5196 portas
2605 5126 2814 5181 claudit
2868 5134 2924 5180 et
2968 5124 3103 5179 foris
3133 5124 3409 5180 hominem

1838 5220 2121 5290 relinquit.
2150 5219 2426 5275 Hactenus
2455 5219 2602 5287 quod
2630 5220 2826 5273 attinet
2854 5218 2921 5272 ad
2954 5218 3062 5272 duo
3090 5218 3182 5271 illa
3214 5215 3411 5286 oppida

1836 5309 1969 5379 ipsis
2026 5308 2420 5379 propemodum
2471 5308 2712 5363 nubibus
2748 5307 3085 5371 minitantia,
3123 5317 3179 5362 et
3220 5315 3279 5361 ut
3322 5305 3415 5361 illa

1839 5414 2033 5454 rursus
2062 5414 2093 5453 a
2124 5398 2388 5454 Michaele
2411 5398 2464 5453 in
2491 5398 2652 5453 ﬁdem
2685 5408 2901 5467 recepta
2931 5400 3062 5453 sint.

1909 5492 2000 5546 21.
2034 5490 2222 5562 Neque
2257 5507 2389 5547 vero
2412 5491 2688 5546 malorum
2729 5492 2810 5547 vis
2847 5500 3013 5561 atque
3044 5491 3280 5560 impetus
3316 5496 3417 5543 hor

1841 5585 2063 5641 cardine
2084 5594 2203 5641 erat
2241 5586 2557 5642 sistendus:
2593 5588 2688 5641 sed
2728 5600 2853 5641 cum
2885 5586 3005 5640 dua:
3048 5584 3415 5641 continentes.

1844 5677 1972 5732 Asia
2002 5677 2213 5732 scilicet
2239 5686 2292 5731 et
2326 5676 2566 5747 Europa.
2597 5677 2761 5732 veluti
2784 5685 2951 5746 caput
2972 5686 3024 5732 et
3047 5675 3220 5731 cauda
3244 5674 3416 5731 divini

1466 5777 1704 5833 VARle
1745 5774 2155 5831 LECTIONES.

239 5878 453 5938 "dces!
483 5876 748 5947 διωγμὸν
786 5877 866 5932 \t-l
911 5875 1164 5946 πόλεμον.
1203 5875 1448 5932 Cumbcl.
1532 5875 1574 5907 ⁷⁸
1606 5874 1672 5943 τῇ
1708 5890 1726 5943 ι

1839 5866 2061 5937 σεισμοῦ
2096 5868 2490 5940 ἐπιγενομένου
2515 5870 2534 5921 ἲ

2688 5866 3065 5934 ἐξξλοῦϊῑων
