4158 6442
727 439 798 502 87
1849 436 1948 495 ΤΗ
1961 431 2300 495 ΕΟΡΙΙΑΝΕ

2405 433 2608 496 IONTI
2622 436 2947 497 NUATUS.
3912 438 3986 503 88

730 548 976 606 numinis
1013 547 1383 617 indignatione
1430 560 1761 617 quanquam
1798 547 1900 617 ipsi
1927 563 2037 603 non
2076 548 2290 602 intelle-

2405 550 2493 601 καὶ
2518 550 2707 618 οὐρᾶς,
2740 551 2787 602 εί
2814 549 2907 602 καὶ
2938 548 3012 619 μὴ
3038 548 3307 613 συνίεσαν,
3344 546 3743 601 παιδευθέντων
3776 548 3985 616 φόνοις,

730 642 945 710 serant)
974 639 1231 701 caedibus,
1262 638 1551 704 incendiis,
1585 648 1742 693 terra:
1772 639 2036 699 molibus.
2075 640 2304 709 rapinis,

728 735 969 789 civilium
988 743 1235 787 motuum
1264 732 1926 799 injuria,excursionibns
1950 747 2013 787 ac
2031 734 2306 796 vastitate,

731 826 1025 897 insperatis
1059 825 1277 879 urbium
1310 824 1728 890 mutationibus,
1758 825 1932 895 signis
1962 840 1992 879 e
2024 825 2188 889 caelo,
2231 826 2303 878 si-

729 915 851 983 gnis
895 929 960 969 ex
1002 929 1129 969 aere
1167 914 1447 983 castigata:
1474 914 1731 979 fuissent,
1765 925 2040 984 postremo
2073 917 2306 971 miseras

726 1022 947 1078 quoque
997 1007 1225 1071 insulas,
1280 1008 1420 1061 velut
1477 1006 1828 1062 instrumenti
1885 1008 2081 1062 musici
2118 1022 2303 1063 mesen

726 1100 1045 1168 quamdam,
1073 1108 1131 1153 ut
1162 1100 1329 1154 totius
1348 1099 1594 1166 corporis
1622 1100 1777 1170 plaga
1801 1102 2114 1155 communis
2137 1110 2304 1165 esset,

728 1190 872 1244 mala
934 1190 1269 1245 invaserunt.
1313 1187 1512 1245 Verum
1548 1190 1749 1260 corrigi
1782 1206 1889 1244 non
1922 1200 2172 1260 poterant
2210 1190 2303 1261 qui

726 1280 823 1335 Dei
878 1282 1116 1336 hominis
1161 1279 1391 1350 efﬁgiem
1425 1280 1711 1336 colendam
1773 1282 2142 1350 negavissent.
2186 1281 2305 1347 Quo

727 1375 897 1446 igitur
938 1382 1187 1445 tempore
1230 1373 1471 1428 Thomas
1504 1388 1592 1428 res
1623 1388 1794 1427 novas
1826 1373 2005 1427 moliri
2038 1383 2300 1444 cmperat,

728 1468 809 1522 rei
851 1466 996 1521 fama
1021 1467 1075 1521 in
1104 1481 1299 1521 omnes
1327 1465 1434 1543 late
1460 1476 1644 1536 partes
1676 1468 1883 1537 perlata
1939 1468 2177 1537 Agareni
2208 1482 2301 1520 oc—

724 1560 872 1613 cidui
904 1557 1095 1613 Iberia:
1138 1559 1293 1614 sinus
1350 1558 1563 1624 incolae,
1605 1557 1826 1614 Oceano
1864 1559 2101 1621 ﬁnitimi,
2161 1572 2301 1628 quos

719 1648 1049 1721 jampridem
1090 1658 1301 1703 mutata
1364 1648 1605 1704 nominis
1632 1648 1996 1718 appellatione
2030 1647 2300 1718 Hispanos

724 1750 943 1804 vocant,
977 1740 1197 1809 copiosa
1224 1739 1366 1794 aucti
1395 1739 1677 1794 hominum
1706 1740 2080 1806 multitudine,
2112 1756 2300 1795 suum-

723 1848 830 1902 que
858 1833 991 1886 illud
1023 1831 1343 1902 Hesperium
1378 1830 1523 1886 latus
1551 1832 1753 1901 gracile
1775 1848 2084 1904 parumque
2122 1832 2299 1886 fertile

724 1939 789 1979 ac
818 1923 1140 1994 opulentum
1196 1924 1517 1988 sentientes,
1572 1924 1659 1977 cui
1706 1923 1948 1993 denique
1999 1924 2296 1994 plurimum

723 2019 791 2069 de
820 2017 917 2071 soli
953 2016 1199 2071 ubertate
1220 2030 1284 2071 ac
1318 2016 1561 2072 bonitate
1582 2016 1829 2082 deesset;
1862 2018 1993 2087 quin
2024 2030 2079 2072 et
2108 2019 2298 2073 eodem

723 2110 859 2164 vitio
902 2110 1155 2165 laborare
1206 2110 1527 2165 orientalem
1561 2125 1782 2181 quoque
1825 2111 2016 2166 lberize
2046 2128 2110 2167 ac
2140 2114 2302 2167 meri-

722 2202 995 2258 dionalem
1027 2203 1238 2272 plagam
1270 2218 1284 2255 :
1322 2216 1432 2257 non
1456 2203 1602 2257 enim
1627 2211 1741 2257 tota
1776 2204 1935 2259 bonis
1968 2212 2128 2259 terra:
2160 2205 2302 2260 d0ti-

721 2296 824 2349 hus
851 2294 1017 2365 pollet
1046 2303 1140 2349 aut
1161 2295 1303 2350 satis
1330 2293 1482 2349 ferax
1520 2304 1604 2349 est
1625 2312 1639 2348 :
1658 2296 1888 2351 occidua
1907 2305 2093 2353 tamen
2117 2297 2296 2366 plaga,

722 2387 800 2441 uti
831 2387 1091 2451 diximus,
1120 2386 1332 2458 reliqua
1359 2387 1688 2465 squallidior
1732 2396 1817 2444 est
1867 2390 2159 2460 minusque
2192 2388 2301 2461 74

721 2477 874 2533 ferax
912 2494 973 2534 ac
999 2479 1278 2549 gracilior,
1307 2480 1540 2549 ideoque
1569 2480 1705 2550 ipsis
1751 2481 1963 2538 alendis
1997 2498 2061 2538 ac
2100 2497 2299 2552 procu-

720 2574 911 2629 randis
938 2588 1044 2627 non
1084 2572 1391 2635 sulliciens.
1417 2570 1565 2642 justa
1591 2576 1838 2643 corporis
1868 2576 2008 2629 mole
2034 2576 2297 2645 praaditis,

720 2681 787 2721 ac
814 2680 956 2735 quos
990 2678 1215 2720 necesse
1262 2664 1336 2719 sit
1383 2674 1726 2719 commeatus
1755 2666 2087 2721 abundantia
2118 2668 2300 2721 adole-

720 2772 896 2822 scere,
927 2772 1037 2813 non
1070 2757 1192 2828 ejus
1220 2757 1471 2827 penuria.
1513 2756 1579 2811 lli
1617 2757 1783 2828 igitur
1813 2758 1879 2813 ad
1909 2755 2297 2829 Apoéhapsum

721 2849 899 2919 gentis
928 2862 1308 2903 anterumnam
1345 2848 1668 2903 accedentes
1703 2849 1987 2919 rogabant,
2039 2847 2108 2903 Ut
2156 2850 2300 2904 colo-

722 2943 869 2994 niam
894 2941 1029 3010 ipsis
1059 2939 1250 2995 ducere
1278 2940 1459 2994 liceret
1490 2950 1646 3009 atque
1672 2941 1779 2994 alio
1802 2944 2173 3012 commigrare,
2209 2944 2299 3013 qui

721 3035 785 3087 ob
813 3034 1209 3087 multitudinem
1240 3042 1461 3104 anguste
1493 3033 1829 3099 habitarent,
1864 3052 1925 3088 ac
1958 3051 2087 3101 quos
2124 3052 2300 3089 neces-

722 3126 993 3180 sariarum
1036 3141 1214 3180 rerum
1273 3126 1455 3195 inopia
1493 3137 1767 3195 premeret.
1821 3126 2080 3197 Princeps
2110 3128 2294 3183 statim

2409 642 2791 711 ἐμπρησμοίς,
2835 642 3103 710 σεισμοῖς,
3141 641 3441 710 ἁρπαγαῖς,
3477 639 3764 709 ἐμφυλίοις
3816 658 3988 693 κατα-

2407 733 2660 805 δρομαῖς,
2708 735 2918 787 πόλεων
2959 732 3304 797 ἀνελπίστοις
3361 732 3703 803 μεταϐολαῖς,
3738 733 3990 803 σημείοις

2406 825 2467 890 ἐξ
2500 825 2756 898 οὐρανοῦ,
2793 826 3044 898 σημείοις
3083 827 3142 893 ἐξ
3180 826 3363 899 ἀέρος,
3415 820 3567 889 τέλος
3601 824 3695 880 καὶ
3743 831 3865 890 ταῖς
3895 845 3991 879 τα-

2406 919 2708 990 λαιπὼροις
2741 920 2930 991 νήσοις
2958 915 3068 972 οἷόν
3099 937 3221 973 τινα
3250 919 3444 1001 μέσην,
3491 919 3557 972 ἵν’
3590 918 3866 988 ὀλόσωμος
3902 920 3987 988 είη

2405 1014 2439 1082 ή
2475 1011 2694 1083 πληγή,
2730 1012 3008 1082 ἐπέδραμε
3063 1011 3130 1065 τὰ
3178 1011 3346 1065 δεινά.
3392 1010 3531 1064 Ἀλλ’
3586 1011 3687 1065 οὐκ
3732 1006 3803 1081 ἦν
3858 1027 3990 1062 παι-

2404 1105 2593 1159 δεῦσαι
2619 1106 2746 1169 τοὺς
2799 1106 2899 1177 τὴν
2937 1104 3288 1176 θεάνθρωπον
3333 1102 3991 1176 ἐξηρνημένουςμορφὴν

2406 1199 2758 1269 προσκυνεῖν.
2792 1197 2958 1250 Ὅθεν
2986 1198 3110 1267 ἄρτι
3134 1197 3199 1268 δή
3227 1195 3320 1250 τοῦ
3353 1197 3496 1251 κατά
3524 1195 3615 1248 τὸν
3656 1195 3860 1265 Θωμᾶν
3894 1194 3993 1263 ἀρ-

2407 1288 2595 1353 ξαντος
2612 1289 3006 1360 νεωτερισμοῦ,
3025 1290 3148 1343 ἐπεὶ
3166 1288 3340 1341 ταῦτα
3362 1286 3593 1357 ἠκούετο
3620 1288 3663 1318 ⁷⁷
3685 1285 3991 1355 πανταχοῦ,

2403 1380 2575 1432 οίτδν
2626 1378 2884 1451 ἑσπέριον
2940 1379 3142 1433 κόλπον
3195 1380 3295 1451 τῆς
3337 1378 3575 1448 Ἰϐηρίας
3614 1378 3693 1449 τῷ
3749 1378 3993 1446 Ὠκεανῷ

2405 1470 2781 1538 γειτονοῦντες
2862 1470 3158 1541 Ἀγαρηνοὶ
3231 1468 3618 1533 κατοικοῦντες
3671 1468 3993 1539 (Ἱσπάνους

2402 1562 2628 1627 τούτους
2660 1564 2689 1615 ὁ
2725 1562 2895 1626 πολὺς
2927 1563 3129 1634 ῥεύσας
3180 1561 3372 1632 χρόνος
3425 1558 3857 1631 μετωνόμασεν),
3907 1561 3994 1623 είς

2404 1655 2608 1723 πλῆθος
2648 1655 2914 1725 σωμάτων
2942 1656 3038 1709 καὶ
3076 1654 3333 1725 εὐθηνίαν
3356 1653 3453 1708 τοῦ
3498 1654 3688 1723 γένους
3727 1652 3996 1723 ἐξηλακό-

2400 1765 2512 1813 τες,
2547 1747 2647 1819 τὴν
2670 1750 2791 1802 κατ’
2821 1747 3019 1811 αὐτοὺς
3046 1747 3301 1816 ἑσπέριον
3327 1746 3570 1818 πλευρὰν
3590 1745 3801 1816 λυπρὰν
3822 1739 3995 1797 οὖσαν

2404 1841 2499 1894 καὶ
2526 1840 2765 1910 μετρίως
2792 1839 3088 1909 εὐδαίμονα
3109 1838 3363 1909 ὁρῶντες,
3398 1839 3495 1892 καὶ
3521 1836 3851 1909 λειπομένην
3888 1836 3995 1908 μὲν

2403 1933 2502 2003 τῆς
2552 1932 2690 2001 πρὸς
2721 1932 2826 2001 γῆν
2856 1932 3061 2003 ἀρετῆς
3110 1931 3208 1985 καὶ
3246 1931 3507 2001 ἀφθονίας
3544 1930 3685 1984 κατὰ
3714 1929 3871 1993 πολὺ,
3904 1931 3995 1982 ἐν·

2403 2025 2634 2078 δέουσαν
2664 2024 2721 2077 δὲ
2746 2024 2837 2077 καὶ
2866 2024 3004 2095 πρὸς
3026 2024 3160 2078 αὐτὸ
3188 2023 3349 2077 τοῦτο
3377 2024 3421 2055 ⁷⁸
3450 2022 3583 2092 ἑῷον
3612 2022 3714 2092 τῆς
3747 2021 3993 2092 Ἰϐηρίας

2403 2117 2498 2169 καὶ
2530 2116 2703 2170 νότιον
2752 2115 2836 2185 (οὐ
2870 2115 2979 2186 γὰρ
3008 2115 3194 2170 ἅπασα
3246 2116 3385 2186 πρὸς
3434 2116 3617 2168 πᾶσαν
3646 2113 3750 2183 γῆς
3787 2112 3996 2183 ἀρετὴν

2402 2206 2688 2275 ἐπιτηδεία
2725 2206 2821 2259 καὶ
2848 2204 3101 2275 εὐφορος,
3131 2202 3271 2258 ἀλλά
3295 2204 3354 2257 τὺ
3380 2203 3481 2273 τῆς
3530 2201 3789 2272 ἑσπερίου
3825 2198 3996 2251 πλευ-

2403 2301 2523 2371 ρᾶς,
2578 2298 2655 2362 ὡς
2696 2300 2934 2370 είρηται,
2962 2297 3248 2367 αὐχμηρόν
3278 2313 3336 2349 τε
3371 2294 3467 2349 καὶ
3522 2293 3860 2367 λυπρότερον
3890 2291 3994 2360 τῆς

2401 2390 2637 2462 λοιπῆς),
2666 2392 2761 2446 καὶ
2776 2391 3039 2460 διά,τοῦτο
3058 2390 3181 2444 οὐτε
3206 2390 3431 2461 τρέφειν
3462 2388 3766 2459 δυναμένης
3788 2384 3996 2447 αὐτοὺς

2400 2487 2498 2539 καὶ
2535 2487 2758 2540 διοικεῖν
2792 2486 2993 2555 ἀνδρας
3026 2484 3274 2553 σώμασιν
3318 2481 3644 2552 εὐμεγέθεσι
3673 2479 3994 2551 χρωμένους

2401 2577 2497 2630 καὶ
2524 2576 2745 2646 ἀγαθῶν
2764 2576 2997 2646 εὐφορίᾳ
3016 2575 3131 2629 ἀλλ’
3158 2575 3259 2628 οὐκ
3289 2573 3469 2644 ἐνδείᾳ
3494 2570 3896 2641 αὐξανομένους
3919 2568 3991 2631 ⁷⁹,

2400 2666 2545 2726 οὗτοι
2577 2671 2708 2739 γοῦν
2735 2670 3131 2741 προσελθόντες
3176 2668 3427 2738 Ἀπόχαψ
3453 2666 3533 2739 τῷ
3576 2665 3788 2719 ἑαυτῶν
3815 2665 3999 2733 ἀμερ·

2402 2783 2506 2835 μου
2516 2769 2621 2837 μ.νῇ
2637 2765 2924 2820 ἀποικίαν
2939 2761 3071 2817 τινὰ
3089 2762 3186 2815 καί
3206 2760 3314 2831 γῆς
3323 2758 3781 2830 μετανάστασιν
3800 2756 3999 2823 ᾔτουν

2400 2857 2607 2924 αὐτοῖς
2660 2857 2964 2928 γενέσθαι,
3018 2853 3237 2923 πλήθει
3284 2869 3350 2905 τε
3402 2844 3999 2919 στενοχωρουμένας

2402 2952 2497 3006 καί
2534 2950 2882 3019 ἀναγκαίων
2913 2947 3137 3002 σπάνει
3186 2944 3576 3014 πιεζομένοις.
3636 2940 3695 2993 '0
3727 2939 3785 2992 δὲ
3829 2937 4001 2990 πλοῖά

2399 3061 2521 3096 τινα
2544 3041 2915 3103 ἐπισκευάσας
2948 3039 3156 3111 μακρά,
3182 3037 3280 3091 καὶ
3300 3036 3534 3107 δύναμιν
3565 3034 3667 3087 οὐκ
3701 3031 3891 3100 ὀλίγην
3934 3029 4000 3095 ἐξ

2398 3134 2580 3189 αὐτῶν
2605 3132 2812 3187 τούτων
2829 3131 3157 3203 ἐμϐιϐάσας,
3190 3132 3283 3185 ἐπὶ
3305 3130 3561 3203 λῃστείαν
3588 3126 3748 3191 τέως,
3778 3121 3988 3176 λανθά-

723 3220 940 3290 tnagnis
968 3219 1251 3275 instructis
1279 3219 1512 3274 navibus
1541 3220 1815 3289 justisque
1844 3221 1924 3276 eis
1962 3222 2136 3292 copiis
2188 3222 2293 3276 im-

2405 3245 2594 3281 νουσαν
2632 3226 2772 3296 ἔχων
2806 3224 2903 3296 τὴν
2937 3224 3167 3287 ἔννοιαν,
3198 3223 3307 3276 τῶν
3333 3222 3567 3293 πρὸς,τῇ
3591 3219 3666 3287 ἕῳ
3715 3214 3999 3285 κειμένων

722 3312 940 3381 positis,
976 3310 1152 3366 celato
1190 3311 1373 3366 adhuc
1407 3311 1661 3374 consilio,
1700 3312 1767 3366 ad
1795 3311 2034 3367 Orientis
2063 3314 2293 3377 insulas,

720 3420 845 3475 quas
872 3414 1075 3460 nostra:
1120 3405 1346 3460 ditionis
1374 3415 1553 3471 erant,
1595 3404 1813 3459 interim
1842 3404 2140 3473 praedatum
2165 3405 2298 3459 edu-

718 3499 814 3564 cit,
854 3505 968 3552 tunt
1002 3496 1241 3551 subditis
1273 3512 1388 3551 rem
1414 3504 1623 3566 gratam
1658 3498 2028 3566 praestiturus,
2059 3511 2295 3566 quorum

719 3586 1077 3659 cupiditatem
1119 3588 1315 3642 alienis
1350 3588 1551 3657 Opibus
1591 3588 1838 3653 satiaret,
1890 3596 2004 3642 tum
2029 3589 2167 3644 adeo
2196 3602 2297 3643 ex-

731 3684 1048 3754 ploraturus
1083 3699 1213 3738 num
1262 3698 1385 3754 quae
1431 3682 1596 3738 fertili
1644 3684 1762 3738 solo
1793 3699 1856 3739 ac
1895 3684 2079 3755 opimo
2117 3682 2297 3738 insula

719 3784 1056 3842 occurreret,
1106 3776 1159 3830 in
1196 3791 1359 3846 quam
1410 3775 1697 3830 commode
1741 3790 1968 3830 suorum
2024 3774 2296 3829 coloniam

719 3870 966 3923 «luceret.
999 3866 1300 3937 Postquam
1335 3866 1501 3935 igitur
1535 3866 1600 3920 ad
1631 3865 1834 3921 multas
1864 3864 2073 3921 insulas
2101 3864 2298 3935 appul-

720 3975 817 4015 sus
851 3961 1125 4014 neminem
1155 3958 1259 4013 sibi
1303 3960 1650 4013 resistentem
1678 3959 1984 4028 majoresve
2006 3968 2099 4012 aut
2121 3960 2299 4012 mino-

721 4072 811 4111 res
844 4069 1013 4109 naves
1042 4061 1408 4123 opponentem
1455 4052 1663 4107 invenit
1716 4053 1932 4125 (omnes
1973 4052 2116 4108 enim
2146 4052 2296 4107 omni

719 4148 926 4202 orbata:
958 4132 1211 4216 praesidio
1272 4153 1450 4209 erant,
1480 4158 1547 4199 eo
1579 4145 1727 4214 quod
1760 4145 1941 4199 omnis
1973 4144 2169 4199 classis
2207 4160 2299 4199 ea-

718 4254 840 4293 rum
871 4236 1123 4309 prazsidio
1157 4236 1455 4290 constituta
1482 4235 1762 4305 suppetias
1786 4234 2012 4291 Thoma:
2032 4236 2298 4292 adversus

717 4329 929 4399 Cpolim
976 4326 1375 4396 adnavigarat),
1424 4324 1741 4395 ingentique
1773 4325 1955 4395 praeda
2008 4340 2075 4380 ex
2110 4326 2295 4381 omni-

718 4421 847 4483 bus,
878 4419 946 4474 ad
985 4434 1126 4489 quas
1175 4417 1442 4488 appulsus
1480 4416 1679 4482 fuerat,
1734 4416 1932 4473 insulis
1971 4420 2198 4488 potitus,
2239 4418 2295 4472 in

717 4511 935 4565 Cretam
966 4523 1186 4579 quoque
1230 4510 1396 4573 venit,
1426 4522 1592 4578 quam
1645 4507 1991 4577 depraedatus
2024 4524 2088 4565 ac
2124 4525 2297 4580 popu-

2405 3322 2585 3390 νήσων
2629 3319 2723 3374 καλ⁸
2767 3318 3059 3390 ἡμετέρων
3079 3315 3459 3386 τυγχανόντων
3509 3311 3802 3382 ἐτράπετο,
3852 3304 4001 3376 ὁμοῦ

2409 3413 2507 3485 μὲν
2538 3412 2599 3466 τὸ
2626 3412 2813 3474 αὐτοῖς
2844 3409 3287 3480 ἐπιθυμούμενον
3311 3403 3604 3476 ἐκπληρῶν
3638 3402 3735 3456 καὶ
3779 3400 3845 3453 ἐκ
3880 3397 4001 3451 τῶν

2404 3505 2706 3577 ἀλλοτρίων
2735 3504 2961 3567 τούτους
2988 3501 3419 3573 προσκορεννὺς,
3442 3496 3578 3568 ὁμοῦ
3627 3496 3683 3551 δέ
3714 3508 4003 3548 κατασκε-

2405 3600 2640 3670 ψόμενος
2666 3598 2713 3630 ⁸⁸
2741 3596 2795 3650 εί
2829 3614 2915 3660 τις
2968 3596 3117 3649 ἐστιν
3148 3594 3323 3657 οὕτως
3368 3592 3598 3662 εὐφορος
3652 3588 3762 3643 τῶν
3812 3586 4005 3656 νήσων

2407 3694 2501 3745 καὶ
2528 3690 2736 3763 λιπαρὰ
2766 3690 2846 3753 είς
2872 3690 3152 3760 μετοικίαν
3183 3687 3380 3740 αὐτῶν.
3416 3683 3501 3757 [Ρ.
3526 3681 3617 3755 47]
3665 3681 3819 3735 Ἐπεὶ
3859 3678 4004 3748 γοῦν

2406 3785 2631 3848 πολλαῖς
2670 3783 2779 3836 τῶν
2830 3783 3012 3852 νήσων
3042 3778 3364 3851 πλησιάζων
3394 3778 3486 3832 τὸν
3520 3772 4005 3844 ἀντιπαραταττόο

2410 3894 2570 3947 μενον
2612 3873 2795 3946 μικρῷ
2843 3873 2875 3943 ἦ
2931 3873 3154 3942 μεγάλῳ
3200 3870 3371 3939 πλοίῳ
3406 3869 3506 3938 οὐχ
3538 3867 3793 3939 εὕρισκεν
3839 3865 4006 3935 (ἐχη-

2410 3968 2603 4040 ροῦντο
2628 3966 2739 4036 γάρ
2766 3966 2940 4017 πᾶσαι
2972 3963 3071 4031 τῆς
3106 3962 3290 4016 αὐτῶν
3349 3957 3627 4031 βοηθείας,
3673 3956 3798 4027 ἄρτι
3847 3955 4004 4007 κατά

2405 4061 2505 4131 τῆς
2538 4054 3169 4116 Κωνσταντινουπόλεως
3193 4050 3575 4121 ἐκϐοηθουσῶν
3594 4050 3689 4101 καὶ
3709 4044 4004 4100 πλεουσῶν

2410 4151 2551 4224 μετά
2600 4150 2695 4204 τοῦ
2727 4148 2943 4219 Θωμᾶ).
2983 4146 3226 4215 μεγάλας
3258 4145 3314 4197 δὲ
3365 4142 3631 4211 ὠφελείας
3665 4141 3728 4193 ἐκ
3777 4137 4001 4201 πασῶν,

2407 4238 2500 4304 αἶς
2526 4239 2623 4294 καὶ
2656 4238 3069 4310 προσὼρμιζεν,
3100 4233 3409 4304 ἐκαρποῦτό
3434 4249 3494 4284 τε
3530 4230 3623 4284 καὶ
3659 4226 4002 4297 ἐλάμϐανεν,

2404 4330 2508 4406 ἧκε
2540 4334 2635 4386 καὶ
2666 4332 2802 4402 πρὸς
2823 4331 2952 4393 τοὺς
2978 4329 3297 4399 Κρηταιεῖς,
3325 4327 3420 4379 καὶ
3453 4324 3680 4385 τούτους
3711 4319 4002 4390 καταδρα-

2410 4426 2527 4494 μὼν
2568 4426 2663 4477 καὶ
2706 4423 2860 4476 λείαν
2904 4421 3141 4492 ποιήσας
3187 4420 3281 4473 καὶ
3312 4415 3871 4488 ἀνδραποδισάμενος,
3917 4410 4006 4475 ὥς

2408 4520 2557 4589 ἐνῆν,
2587 4518 2681 4571 καὶ
2710 4514 2975 4570 πάντοθεν
3000 4510 3337 4583 καταμαθὼν
3363 4510 3463 4581 τὴν
3496 4509 3594 4578 τῆς
3631 4509 3734 4576 γῆς
3766 4504 4006 4575 ἀρετὴν,

721 4601 867 4657 latus
892 4610 1159 4670 quantum
1212 4599 1262 4654 ei
1311 4599 1529 4664 licebat,
1576 4615 1701 4655 cum
1730 4600 1881 4655 omni
1913 4615 1980 4655 ex
2008 4610 2164 4671 parte
2194 4604 2299 4658 soli

2410 4614 2504 4665 καὶ
2535 4609 2653 4673 πῶς
2687 4609 2774 4677 εἴη
2818 4607 2954 4676 πρὸς
2982 4608 3164 4659 πᾶσαν
3200 4604 3360 4674 χάριν
3387 4602 3483 4654 καὶ
3509 4598 3733 4669 ἀγαθῶν
3760 4597 4006 4669 εὔφορος

721 4694 1021 4751 bonitatem
1055 4692 1525 4762 deprehendisset,
1548 4700 1602 4747 et
1632 4701 1971 4763 quantopere
1993 4694 2059 4749 ad
2084 4710 2304 4750 omnem

720 4794 1064 4841 venustatem
1112 4784 1443 4855 frugumque
1493 4785 1801 4841 ubertatem
1855 4785 2055 4842 fertilis
2114 4797 2301 4843 esset:

724 4879 828 4944 Eu,
857 4880 954 4943 ait,
992 4894 1098 4932 non
1140 4887 1219 4932 est
1246 4878 1359 4931 haec
1393 4876 1507 4930 alia
1530 4892 1692 4946 quam
1724 4888 1867 4930 terra
1892 4876 2063 4945 ﬂuens
2095 4877 2233 4932 lacte
2256 4888 2306 4933 et

721 4969 897 5024 melle.
927 4968 1005 5023 Ac
1031 4979 1143 5022 tum
1169 4966 1388 5037 quidem
1413 4967 1647 5021 navibus
1675 4967 1857 5021 omnis
1881 4968 2101 5038 generis
2122 4968 2303 5038 praeda

721 5061 965 5117 oneratis
998 5060 1105 5131 75
1139 5060 1360 5113 domum
1392 5058 1588 5124 rediit;
1647 5073 2011 5130 reversusque
2061 5061 2299 5116 validam

721 5164 790 5206 ac
822 5150 1092 5221 ingentem
1120 5150 1351 5204 classem
1384 5148 1626 5202 instruit.
1657 5149 1899 5204 Exeunte
1926 5165 2092 5220 porro
2125 5152 2303 5206 hieme

722 5256 962 5312 vereque
1005 5242 1247 5304 ineunte,
1297 5241 1657 5312 quadraginta
1692 5243 1913 5297 navium
1941 5243 2119 5299 classe
2150 5243 2305 5298 belli-

724 5334 877 5389 cosis
949 5333 1261 5388 hominibus
1337 5342 1603 5394 onerata.
1674 5342 2004 5405 captatoque
2060 5336 2305 5391 secundo

724 5438 911 5491 vento,
948 5436 1095 5481 recta
1136 5428 1191 5482 in
1223 5426 1467 5490 Cretam,
1523 5426 1644 5481 aliis
1695 5426 1893 5497 spretis
1926 5428 2146 5493 insulis,
2174 5444 2307 5483 con-

726 5520 919 5574 tendit.
948 5516 1068 5573 Jam
1091 5534 1221 5591 ergo
1253 5521 1517 5590 appulsus
1539 5530 1679 5585 erat,
1698 5530 1752 5574 et
1774 5519 1841 5575 ad
1863 5522 2303 5591 promontorium

726 5613 873 5683 quod
907 5616 1204 5669 Characem
1258 5623 1456 5669 vocant
1504 5628 1829 5669 exscensutn
1887 5613 2111 5672 fecerat.
2164 5614 2303 5671 Cum

2409 4702 2692 4770 ἀφθονίαν,
2749 4699 2951 4762 Τοῦτο,
2983 4697 3109 4767 ἐφη,
3144 4695 3220 4764 γῆ
3260 4696 3371 4748 οὑκ
3411 4692 3571 4759 ἄλλη
3611 4691 3650 4760 ἢ
3678 4691 3717 4759 ἡ
3759 4689 4009 4759 ῥέουσα

2402 4794 2543 4865 μέλι
2575 4793 2672 4845 καί
2709 4790 2885 4861 γάλα.
2943 4790 3052 4843 Καὶ
3084 4788 3205 4841 τότε
3244 4786 3347 4858 μὲν
3377 4784 3647 4839 παντοίων
3697 4782 4011 4853 γενόμενος

2408 4887 2634 4956 ἀγαθῶν
2658 4887 2700 4917 ⁸⁸
2740 4884 2914 4955 ἀπῄει
2940 4884 3040 4953 τὴν
3069 4882 3274 4947 οἶκαδε,
3306 4882 3401 4934 καὶ
3430 4879 3578 4950 πάσῃ
3613 4877 3757 4948 χειρὶ
3797 4876 3893 4929 καὶ
3914 4876 4012 4929 δυ-

2409 4980 2568 5049 νάμει
2596 4977 2849 5033 ναυτικὸν
2870 4975 2963 5047 ἐξή
2974 4992 3132 5045 ρτυεν
3158 4991 3171 5004 ’
3198 4973 3272 5037 ὡς
3295 4972 3339 5026 δ’
3362 4974 3389 5024 ὁ
3410 4969 3619 5043 χειμὼν
3647 4968 4013 5023 ἑτετελείωτα

2412 5070 2508 5125 καὶ
2526 5071 2588 5123 τὸ
2615 5069 2715 5137 ἐαρ
2735 5068 3084 5137 ὑπέλαμπεν,
3107 5066 3515 5135 τεσσαράκοντα
3540 5059 3838 5134 πληρώσας
3866 5062 4013 5127 ναῦς

2412 5161 2626 5231 ἀνδρῶν
2655 5160 2911 5230 μαχίμων
2956 5160 3051 5211 καὶ
3090 5156 3393 5227 ἐπιτήδειον
3422 5155 3624 5222 ἄνεμον
3652 5154 4013 5225 ὲπιτηρήσσς

2410 5257 2511 5327 τὴν
2545 5255 2638 5307 ἐπὶ
2696 5256 2923 5324 Κρήτην
2974 5250 3255 5305 ἐστέλλετο
3306 5247 3650 5317 εὐθυπορῶν,
3686 5245 3787 5310 τὰς
3830 5247 4015 5310 ἄλλας

2410 5347 2521 5400 τῶν
2548 5348 2729 5415 νήσων
2755 5344 2983 5414 θέμενος
3014 5345 3093 5405 εἰς
3125 5340 3299 5394 οὐδέν.
3333 5342 3491 5409 Ἀρτι
3512 5338 3643 5408 γοῦν
3671 5338 4011 5406 ἐπλησίαζε,

2415 5436 2508 5489 καὶ
2545 5434 2622 5504 τῷ
2653 5432 2989 5504 ἀκρωτηρίῳ
3019 5431 3097 5501 τῷ
3132 5430 3349 5502 Χάρακι
3381 5430 3703 5499 καλουμένῳ
3727 5431 4016 5497 κατηγετό

2412 5544 2473 5579 τε
2504 5527 2598 5579 καὶ
2644 5522 3083 5595 προσωρμίζετο.
3140 5522 3228 5584 Ὠς
3272 5521 3319 5574 δ’
3352 5520 3504 5574 οὐδὲν
3556 5518 3682 5572 οὔτε
3722 5519 3869 5573 κατά
3900 5520 4016 5590 τὴν

2414 5619 2747 5690 καταγωγὴν
2778 5617 2901 5671 οὐτε
2935 5617 3079 5671 κατὰ
3125 5616 3225 5687 τὴν
3263 5613 3533 5668 ἀπόϐασιν
3564 5613 3737 5682 ἐφάνη
3783 5613 4015 5680 τούτοις

2031 5731 2267 5789 VARUS
2316 5728 2723 5791 LEC'I'IONES.

812 5830 853 5855 ⁷⁷
885 5827 1115 5893 ἥκουστο
1140 5842 1329 5897 margo
1358 5826 1559 5881 Combe
1571 5828 1606 5881 ι’.

1708 5832 1725 5856 ⁸
1762 5828 1935 5891 τοῦῖοῖ
1966 5828 2051 5882 te?

734 5918 791 5950 τις
813 5898 1021 5969 π.ἶιηγιέ›;
1046 5896 1591 5962 ἀγαθῶνίϐειὶιειιιιε.
1924 5896 1933 5899 ’

2134 5832 2174 5860 τ’
2211 5830 2543 5903 subiti-aeu;
2581 5830 2637 5884 Γ.

2718 5833 2757 5854 ⁸⁸
2798 5828 3282 5897 κατασκεψάμενος
3310 5822 3371 5877 Ρ.
3465 5825 3505 5855 ⁸¹
3537 5824 3617 5879 ςὸν
3666 5823 3846 5877 στόλον
3894 5827 3970 5896 ἐμ
3996 5859 4007 5864 ς
