4158 6442
165 420 218 482 89
1096 415 1242 474 LIB.
1290 415 1370 474 ΙΙ.
1409 439 1474 451 -
1518 415 1858 474 ΜΙΕΙΜΕΙ.
1892 415 2384 476 AMORIENSIS.
3316 420 3386 483 90

163 528 250 581 τῶν
287 523 592 585 ἀπευκτῶν,
624 524 758 576 ἀλλὰ
803 524 896 576 καὶ
945 525 1080 593 πρὸς
1133 524 1280 584 λείας
1327 523 1568 593 χωροῦσι
1617 524 1711 575 καὶ

1828 534 1995 578 autem
2056 541 2155 580 nec
2209 525 2260 579 in
2312 524 2632 594 appulsione
2683 539 2781 579 nec
2827 524 3184 580 esscensione
3233 527 3391 584 triste

166 621 274 688 77.“;
301 618 554 686 ἀρπ-ιγάε
590 616 832 686 εὐχερῶς
865 618 932 668 τὰ
960 617 1057 682 τῆς
1085 617 1345 684 ἐπιϐολῆς
1375 632 1433 666 τε
1469 616 1563 666 καὶ
1589 616 1708 666 ἐπι-

162 708 430 778 χειρήσεως
466 706 807 776 ἐπεραίνετο,
841 707 968 766 τοὺς
1001 705 1101 774 μέν
1129 704 1467 774 ἐπιτηδείους
1499 704 1578 764 εἰς
1614 705 1710 763 τὰς

165 801 379 868 συνήθεις
411 797 695 867 προνομὰς
718 797 1015 850 ἀπέστελλε
1045 795 1561 865 δουλαγωγήσοντας
1587 797 1710 856 τοὺς

162 893 376 961 ἐχθροὺς,
430 891 595 953 αὐτὸς
629 891 685 942 δὲ
738 891 866 952 τοὺς
896 890 1118 952 λοιποὺς
1160 889 1320 958 ἔχων,
1353 889 1479 958 ἆρτι
1519 889 1583 956 δὴ
1617 887 1710 939 τοῦ

165 983 448 1052 πνεύματος
481 983 897 1050 ἐπακμάζοντος
931 981 1202 1034 κάκείνων
1235 981 1351 1050 ἅμα
1378 981 1712 1050 πορρωτέρω

166 1077 361 1128 σταδίων
391 1075 524 1128 δέκα
553 1074 586 1144 ἢ
613 1074 908 1127 δεκαπέντε
938 1073 1273 1142 γενομένων,
1315 1072 1427 1142 πῦρ
1461 1072 1713 1142 ὲμὸαλὼν

163 1172 261 1230 ταῖς
287 1168 470 1219 ναυσὶν
501 1167 718 1228 ἁπάσας
755 1165 1076 1234 κατέφλεξε,
1111 1167 1437 1234 φεισάμενος
1475 1166 1538 1218 τὸ
1572 1182 1713 1235 παρ-

165 1264 284 1315 ἁπαν
324 1259 605 1328 οὐδεμιᾶς.
644 1259 795 1320 Τέως
856 1259 956 1327 μὲν
1010 1257 1102 1310 οὖν
1151 1257 1230 1326 τῷ
1265 1256 1557 1326 παραδόξῳ
1619 1256 1713 1307 τοῦ

165 1355 458 1424 πράγματος
501 1351 949 1416 καταπλαγέντες
981 1351 1125 1412 ἄπας
1157 1349 1220 1418 δὴ
1262 1350 1289 1399 ό
1337 1350 1567 1418 στρατὸς
1602 1347 1717 1416 (καὶ

163 1450 252 1514 γὰρ
287 1445 667 1497 ἐπαλινόστουν
698 1441 922 1512 εὐθέως)
975 1441 1453 1512 ἐκδειματούμενοι
1492 1442 1589 1510 τὴν
1629 1443 1718 1492 αἰ-

164 1543 265 1592 τίαν
285 1538 648 1591 ἐπυνθάνοντο
688 1538 783 1590 καὶ
811 1538 891 1600 είς
922 1537 1112 1604 λόγους
1143 1535 1305 1606 ἦλθον
1339 1552 1499 1587 νεωτε
1513 1533 1716 1603 ρικούς.

171 1635 300 1687 Ἐπεὶ
355 1631 406 1683 δὲ
481 1633 822 1701 κατήκουσαν
877 1630 913 1684 ἃ.
979 1629 1148 1681 πάλαι
1205 1628 1455 1680 ὡδίνοντο
1497 1628 1578 1689 ⁸⁸,
1644 1625 1720 1687 ὡς

161 1725 320 1779 Αὐτοί
343 1741 403 1777 τε
434 1723 668 1776 τούτων⁴
695 1721 868 1790 ὑμεῖς
892 1722 937 1753 ⁸³
958 1720 1244 1775 ἀποικίαν
1277 1717 1593 1785 ζητοῦντες
1619 1717 1716 1768 καί

159 1818 258 1887 γῆν
301 1816 554 1886 ἀγαθὴν,
590 1815 722 1884 ἐμοί
751 1832 814 1868 τε
846 1815 1069 1879 ταύτης
1101 1811 1384 1878 οὐδετέρα
1442 1810 1721 1877 κρείττων

157 1914 500 1981 νενόμισται,
536 1913 625 1974 εὶς
657 1909 704 1941 ⁸⁸
737 1908 965 1973 ταύτην
1007 1902 1199 1974 ἦλθον
1257 1903 1404 1956 ὁδὸν
1450 1901 1592 1970 ὑμῖν
1659 1917 1722 1954 τε

158 2006 322 2072 ἀγαθὰ
357 2000 672 2074 προξενῶν
702 2001 798 2054 καὶ
828 1999 934 2068 ἐμὲ
957 1998 1069 2065 τῆς
1103 1997 1172 2060 ἐξ
1213 1994 1382 2064 ὑμῶν
1410 1993 1722 2048 ἀπαλλάτ-

156 2115 258 2150 των
280 2097 615 2165 ὀχλήσεως.
659 2094 750 2154 Ὠς
774 2093 831 2144 δὲ
858 2094 952 2145 καὶ
982 2089 1257 2159 γυναικῶν
1287 2090 1595 2158 ἐμέμνηντο
1631 2085 1724 2139 καὶ

158 2189 339 2244 παίδων
384 2190 488 2241 οὐκ
546 2185 883 2254 ὠλιγώρουν.
929 2183 1034 2236 Καὶ
1078 2180 1383 2248 γυναῖκες,
1429 2179 1556 2247 ἔφη,
1606 2171 1722 2230 ὦδε

155 2284 402 2352 ὑμέτεραι
461 2284 523 2334 al
582 2276 1176 2348 αίγμαλωτιζόμεναι,
1228 2273 1327 2327 καὶ
1386 2271 1600 2335 παῖδες
1649 2273 1721 2323 οὐ

151 2374 280 2444 μετὰ
301 2373 519 2443 μικρὸν
542 2372 589 2403 ⁸⁸
634 2371 703 2434 ἐξ
731 2366 951 2423 αὐτῶν.
991 2367 1156 2419 Ὅθεν
1188 2367 1300 2426 τοῖς
1331 2364 1596 2423 τοιούτοις
1625 2379 1721 2413 κα-

160 2467 566 2535 τασιγασθέντες
597 2465 800 2532 λόγοις,
830 2464 925 2516 καὶ
963 2459 1235 2529 ἀποδοχῆς
1281 2458 1405 2522 ἄξια
1439 2457 1721 2525 κρίναντες

155 2557 208 2609 τὰ
236 2555 524 2625 λεγόμενα,
558 2555 767 2622 τάφρον
819 2551 917 2621 μὲν
957 2550 1187 2618 ἡγειραν
1225 2547 1442 2616 πρῶτον
1476 2544 1718 2613 βαθεῖαν,

153 2652 231 2701 καὶ
264 2650 486 2720 χάρακα
541 2648 598 2699 ἐν
639 2646 812 2714 ταύτῃ
845 2641 1282 2710 καταπήξαντες,
1310 2637 1436 2690 ἔνθα
1483 2638 1576 2688 καὶ
1626 2633 1720 2686 νῦν

151 2741 306 2794 ὶσὸὼν
348 2742 448 2811 τὴν
492 2737 815 2806 ἐπωνυμίαν
847 2738 874 2788 ό
901 2735 1064 2795 τόπος
1112 2728 1275 2794 σώζει
1307 2729 1408 2798 τὴν
1442 2744 1718 2796 προσηγο-

155 2835 278 2903 ρίαν,
318 2831 540 2896 Χάνδαξ
589 2830 1012 2900 ὀνομαζόμενος,
1057 2825 1235 2878 ἐκεῖσε
1285 2819 1718 2887 διενυκτέρευον,

152 2929 376 2994 φυλακάς
414 2943 478 2978 τε
530 2925 632 2986 τὰς
688 2919 1076 2992 προσηκούσας
1128 2914 1444 2983 ποιούμενοι
1479 2911 1577 2964 καὶ
1621 2911 1720 2972 τὰς

152 3014 392 3082 ὠφελείας
421 3013 611 3066 αὐτῶν
639 3014 815 3064 ἐκεῖσε
846 3005 1406 3076 ἀποθησαυρίζοντες.

211 3104 308 3175 κβ’.
328 3105 540 3175 Χρόνος
561 3104 614 3156 δὲ
633 3100 803 3172 ἐρῤὐη
824 3099 991 3160 πολὺς
1009 3095 1285 3166 οὐδαμῶς,
1306 3095 1401 3148 καὶ
1425 3093 1600 3146 πάντα
1627 3091 1719 3144 τὸν

1815 618 2021 686 aliquid
2063 619 2373 679 accidissvt,
2413 616 2636 684 jamque
2694 617 2862 672 libere
2907 618 3115 686 praedas
3167 631 3391 690 agerent

1814 726 1877 764 ac
1909 724 2279 773 excurrerent,
2312 708 2486 762 facilis
2519 709 2635 762 visa
2692 712 2968 777 aggressio
2994 719 3076 765 est
3104 711 3384 778 explendi-

1816 815 1922 869 que
1941 800 2154 853 consilii
2189 798 2522 854 ratio.Viros
2551 800 2774 854 idoneos
2803 816 2866 853 ex
2899 816 3050 856 more
3074 804 3391 872 populatum

1818 893 1980 945 mittit
2018 893 2363 960 praedamque
2419 901 2676 954 acturos;
2710 894 2826 962 ipse
2872 908 2997 947 cum
3031 895 3276 963 reliquis,
3303 898 3393 950 ubi

1820 986 1908 1040 isti
1945 987 2106 1054 paulo
2145 985 2383 1053 longius,
2423 985 2487 1038 ad
2533 987 2718 1041 decem
2755 987 2973 1040 circiter
3012 987 3395 1056 quindecimve

1818 1077 2014 1141 stadia,
2051 1088 2453 1146 processerant,
2487 1089 2648 1132 vento
2679 1080 2842 1134 etiam
2873 1081 3268 1145 invalescente,
3308 1082 3394 1136 in-

1813 1169 1960 1238 jecto
2025 1170 2146 1236 igne
2196 1185 2390 1224 omnes
2429 1171 2495 1224 ad
2547 1187 2710 1224 unam
2748 1187 2914 1227 naves
2972 1173 3230 1227 incendit.
3273 1173 3395 1237 Ouo

1819 1261 2000 1316 subito
2027 1261 2415 1329 conflagrantis
2470 1263 2664 1318 classis
2734 1266 3042 1332 spectaculo
3074 1265 3396 1335 perterritus

1819 1355 2000 1407 omnis
2036 1354 2313 1407 exercitus
2346 1364 2455 1407 tum
2487 1355 2634 1408 illico
2669 1355 2734 1409 ad
2764 1365 2943 1410 castra
2981 1358 3176 1411 reverti
3209 1359 3395 1426 ccepit,

1823 1455 1932 1498 tum
1967 1443 2205 1498 ferocius
2243 1445 2364 1512 ejus
2399 1447 2529 1497 tanti
2588 1445 2851 1497 facinoris
2912 1445 3177 1498 rationem
3234 1461 3396 1515 repo-

1822 1552 1994 1590 scere.
2035 1536 2115 1589 Ad
2143 1551 2282 1604 quos
2332 1536 2484 1589 dux:
2523 1533 2750 1587 Factum
2773 1545 2873 1599 est,
2914 1537 3107 1606 inquit,
3137 1539 3274 1606 quod
3310 1553 3398 1590 eos

1821 1631 2021 1696 pridem
2058 1628 2467 1697 parturiebatis.
2518 1628 2615 1681 i'os
2676 1629 2780 1696 ipsi
2839 1629 2988 1681 nobis
3043 1629 3118 1682 rei
3155 1639 3399 1682 auctores

1823 1720 2029 1787 fuistis,
2081 1721 2170 1787 qui
2206 1720 2470 1771 coloniam
2503 1736 2564 1771 ac
2597 1731 2792 1773 tenam
2823 1720 3016 1772 bonam
3063 1723 3398 1789 qua'sieritis.

1826 1813 1908 1863 Ad
1944 1827 2023 1864 me
2048 1810 2186 1878 quod
2213 1811 2426 1873 attinet,
2453 1811 2554 1862 hac
2580 1812 3006 1876 prwstantiorem
3035 1809 3239 1862 nullam
3283 1812 3402 1862 exi-

1827 1905 2059 1958 stimavi.
2119 1902 2334 1973 Hocque
2380 1905 2510 1956 adeo
2543 1905 2642 1956 iter
2672 1906 2900 1970 suscepi,
2934 1913 2989 1955 ut
3015 1911 3063 1956 et
3092 1904 3232 1956 vobis
3265 1903 3402 1956 bona

1824 2014 2071 2065 pararem
2119 2009 2168 2052 et
2225 2005 2412 2051 vestrm
2451 2011 2532 2049 me
2579 1994 3026 2063 interpellationis
3064 1995 3308 2048 molestia
3339 1997 3405 2046 li-

1825 2093 2082 2145 berarem.
2124 2091 2261 2144 Cum
2309 2100 2492 2143 autem
2529 2090 2694 2142 etiam
2730 2103 2964 2142 uxorum
3021 2090 3407 2143 meminissent

1824 2202 1925 2242 nec
1951 2187 2250 2240 liberorum
2277 2185 2658 2254 negligentiam
2691 2199 2904 2247 curam,
2938 2183 3222 2252 respondit
3267 2184 3407 2251 Apo-

1823 2281 2081 2348 chapsus,
2116 2277 2180 2331 In
2211 2287 2455 2344 promptu
2483 2286 2607 2331 sunt
2641 2293 2852 2339 uxores,
2881 2277 3128 2329 mulieres
3160 2276 3403 2342 captiva',

1822 2383 1871 2427 et
1903 2390 2030 2443 quos
2063 2373 2171 2442 '76
2203 2387 2267 2425 ea:
2299 2373 2405 2425 illis
2462 2372 2602 2424 breui
2653 2371 2948 2437 suscepturi
2996 2370 3123 2423 estis
3185 2368 3402 2422 liberos.

1824 2466 1920 2520 llis
1962 2467 2143 2533 itaque
2181 2464 2358 2517 verbis
2383 2463 2578 2524 sedati,
2608 2477 2780 2531 eaque
2811 2461 2973 2531 digna
3009 2459 3407 2529 approbatione

1825 2558 1950 2621 rati,
1997 2557 2168 2609 altum
2202 2555 2379 2622 primo
2409 2553 2620 2606 ducunt
2666 2566 2939 2622 aggerem,
2974 2551 3287 2619 vallumque
3314 2549 3406 2618 ja-

1822 2652 2032 2706 cientes
2073 2647 2242 2717 (unde
2283 2655 2338 2701 et
2372 2647 2527 2701 locus
2559 2647 2793 2700 inditum
2824 2653 3242 2716 cognomentum
3275 2642 3409 2696 hac-

1825 2754 1979 2798 tenus
2019 2743 2238 2804 retinet,
2279 2739 2505 2794 Candax
2565 2738 2893 2809 appellatus)
2952 2737 3065 2792 illic
3112 2743 3405 2806 peruecta.

1823 2837 1972 2899 bant,
2005 2843 2301 2890 consuetas
2353 2833 2615 2887 excubias
2655 2833 2918 2886 habentes
2943 2843 3246 2897 omnesque
3272 2842 3407 2882 suas

1822 2944 1954 3001 opes
1993 2937 2048 2983 et
2076 2927 2364 2983 facultates
2393 2907 2475 2980 ibi
2511 2932 2857 2995 reponentes.

1891 3110 1984 3165 22.
2028 3108 2142 3163 Non
2184 3106 2407 3176 longum
2452 3103 2685 3157 fluxerat
2747 3111 2984 3168 tempus.
3059 3112 3183 3151 cum
3231 3093 3415 3149 clunis

149 3199 354 3270 βασιλέα
381 3200 416 3268 ή
456 3198 618 3265 φήμη
665 3192 888 3257 ἐδίδαξε.
919 3190 1032 3245 Καὶ
1075 3190 1142 3257 δὴ
1189 3187 1281 3240 τὸν
1312 3185 1717 3257 πρωτοσπαθά-

1828 3205 1940 3274 ejus
1971 3199 2272 3256 molitionis
2295 3197 2437 3251 fama
2469 3195 2534 3249 ad
2570 3192 2918 3262 imperatoris
2972 3203 3135 3244 aures
3165 3195 3416 3256 pervecta

150 3311 248 3362 ρισν
274 3291 572 3353 οωτεινὺν,
615 3287 700 3356 ιΡ,
729 3284 819 3357 48]
868 3284 1200 3355 πρόπαππον
1234 3279 1336 3350 μὲν
1363 3280 1514 3349 Ζωῆς
1541 3280 1636 3346 τῆς
1663 3279 1719 3328 ἐν

149 3385 378 3455 μακαρίᾳ
429 3386 502 3454 τῇ
557 3382 712 3451 λήξει
768 3377 1096 3432 θεοστέπτου
1147 3372 1467 3441 Αὐγούστης
1519 3371 1721 3439 τυγχά-

149 3494 311 3540 νοντα,
340 3472 765 3545 στρατηγοῦντα
784 3471 840 3524 δέ
864 3467 1171 3540 τηνικαῦτα
1197 3466 1308 3522 τῶν
1339 3461 1720 3525 ’Δνατολικῶν,

145 3571 203 3620 τὰ
222 3569 310 3637 τῆς
335 3570 573 3638 Κρήτης
597 3565 812 3618 ἅπαντα
829 3563 1054 3615 διοικεῖν
1077 3557 1440 3631 προεϐάλετοο
1461 3557 1517 3619 ὃς
1545 3557 1722 3608 ἐκεῖσε

146 3661 611 3730 παραγενόμενος,
641 3658 734 3710 καὶ
769 3655 878 3708 τῶν
903 3655 1004 3723 μὲν
1033 3653 1324 3721 γενόμενος
1355 3649 1577 3720 θεατὴς,
1613 3647 1724 3699 τῶν

145 3756 192 3807 δὲ
223 3755 314 3808 καὶ
339 3751 653 3824 ἀκροατὴς,
680 3749 1008 3820 τρανότερον
1039 3745 1353 3800 ἀνεδίδασκε
1380 3742 1472 3795 τὸν
1506 3739 1725 3810 Μιχαὴλ

145 3851 203 3901 τὰ
237 3849 624 3919 πραττόμενα,
681 3843 774 3896 καὶ
803 3841 1036 3912 δύναμίν
1073 3856 1198 3892 τινα
1226 3837 1380 3907 ἠξίου
1416 3835 1726 3905 ἐκπέμπειν

143 3942 228 4010 τὴν
256 3940 474 3995 ἐκεῖθεν
507 3935 966 4005 ἁποσοϐήσουσαν
1015 3932 1141 3995 τοὺς
1174 3927 1424 4000 ἐχθρούς.
1458 3925 1727 3997 Δαμιανδν

146 4033 259 4099 γοῦν
315 4032 546 4101 κόμητα
580 4029 710 4082 ὄντα
755 4026 849 4079 τοῦ
913 4022 1198 4095 βασιλικοῦ
1241 4020 1599 4075 ἱπποστασίου
1634 4017 1728 4070 καὶ

149 4123 642 4194 πρωτοσπαθάριον
675 4119 815 4187 μετὰ
848 4117 1052 4185 πολλῆς
1089 4116 1372 4184 δυνάμεως
1403 4115 1498 4165 καὶ
1551 4127 1730 4179 παρα-

149 4217 329 4284 σκευῆς
373 4218 402 4268 ὸ
467 4209 781 4283 βασιλεύων
820 4207 1144 4263 ἀπέστειλεν
1205 4207 1285 4268 εἰς
1339 4202 1591 4273 βοήθειαν
1633 4201 1728 4252 τοῦ

149 4307 443 4378 στρατηγοῦ
466 4303 750 4359 Φωτεινοῦ
771 4319 785 4334 ο
818 4302 869 4355 οἶ
899 4302 994 4354 καὶ
1023 4298 1318 4357 ἐνωθέντες
1338 4296 1430 4349 τὸν
1461 4295 1559 4364 μὲν
1590 4295 1731 4347 κατὰ

145 4401 237 4454 τῶν
280 4396 622 4469 Ἀγαρηνῶν
645 4395 883 4464 πόλεμον
913 4395 1174 4461 ἔστησαν,
1211 4391 1293 4452 είς
1322 4388 1477 4442 οὐδὲν
1509 4388 1567 4441 δὲ
1590 4389 1728 4457 χρή·

148 4511 286 4563 σιμον
317 4496 378 4548 τὸ
402 4493 570 4553 τέλος
623 4487 944 4557 ἐνέσκηψεν.
974 4485 1147 4547 Αὐτός
1177 4501 1236 4536 τε
1272 4483 1384 4555 γάρ
1428 4485 1455 4537 ὁ
1487 4484 1732 4553 προρῤηο

1824 3305 1928 3351 est.
1989 3293 2039 3348 ls
2071 3293 2255 3360 itaque
2281 3289 2514 3343 Ph0tino
2541 3282 3001 3355 protospathario,
3033 3279 3207 3335 felicis
3235 3293 3418 3332 recor-

1823 3386 2062 3443 dationis
2112 3385 2251 3438 Zeos
2311 3399 2340 3436 a
2383 3380 2495 3434 Deo
2546 3387 2820 3433 coronata:
2884 3376 3144 3444 Augustas
3190 3385 3416 3441 proavo,

1824 3475 2183 3532 Orientalium
2218 3488 2319 3541 per
2367 3471 2418 3524 id
2470 3479 2686 3538 tempus
2717 3467 2866 3528 duci,
2923 3478 3195 3520 summam
3225 3460 3302 3515 rei
3349 3459 3418 3514 ad

1825 3571 2038 3624 Cretam
2085 3565 2386 3636 spectantis
2436 3562 2736 3618 commisit.
2795 3558 2915 3625 Quo
2974 3556 3064 3611 ille
3117 3553 3418 3624 profectus,

1827 3679 1891 3716 ac
1928 3675 2050 3715 cum
2092 3660 2197 3713 alia
2241 3658 2417 3712 oculis
2459 3657 2572 3725 ipse
2621 3654 2932 3716 lustrasset,
2960 3660 3074 3705 tum
3107 3649 3229 3703 aliis
3279 3647 3421 3702 refe-

1828 3754 2073 3807 rentibus
2098 3751 2202 3804 alia
2247 3751 2571 3816 accepisset,
2598 3762 2718 3815 qua:
2751 3752 3071 3813 gererentur
3105 3739 3420 3809 imperatori

1830 3846 2032 3902 clarius
2070 3842 2386 3906 declaravit,
2428 3841 2684 3907 viresque
2729 3838 2946 3905 aliquas
2977 3834 3042 3887 ad
3074 3834 3261 3887 hostes
3297 3832 3422 3884 inde

1830 3935 2197 4008 proﬂigandos
2259 3933 2328 3988 ab
2385 3933 2520 3986 urbe
2582 3930 2721 3984 mitti
2788 3927 3019 3998 rogavit.
3087 3923 3413 3977 Damianum

1831 4032 2015 4099 itaque
2047 4029 2190 4084 sacri
2248 4025 2451 4081 stabuli
2481 4023 2740 4078 comitem
2787 4035 2852 4074 ac
2910 4013 3421 4086 protospatharium

1832 4138 1956 4178 cum
1987 4121 2194 4192 ingenti
2226 4118 2472 4174 exercitu
2513 4125 2566 4171 et
2589 4122 2854 4185 apparatu
2891 4109 3127 4165 Photin
3159 4105 3286 4161 duci
3320 4106 3423 4158 im-

1834 4225 2055 4283 perator
2111 4213 2392 4282 suppetias
2433 4211 2623 4263 mittit.
2695 4205 3021 4275 Conjunctis
3069 4203 3147 4256 illi
3213 4199 3426 4253 viribus

1835 4306 2100 4360 adversus
2132 4304 2414 4371 Agarenos
2439 4299 2639 4354 bellum
2664 4299 2984 4360 instruunt;
3026 4306 3126 4346 nec
3157 4300 3337 4344 tamen
3359 4302 3426 4341 eo

1835 4407 2033 4455 conatu
2066 4395 2413 4451 commodum
2445 4391 2651 4461 aliquid
2683 4387 3016 4459 parturiunt.
3078 4383 3250 4450 Quem
3277 4380 3423 4434 enim

1839 4490 2111 4551 dicebam,
2166 4486 2464 4540 Damianus
2517 4483 2692 4552 primo
2751 4480 2936 4536 statim
2978 4487 3280 4544 congressu
3333 4485 3427 4523 ac-

126 4560 246 4652 .Oai;
271 4586 561 4659 Δαμωνδς
617 4583 757 4636 κατὰ
794 4583 893 4651 τὴν
928 4579 1182 4648 εἰσϐολὴν
1219 4581 1320 4649 τῆς
1348 4580 1529 4647 μάχης
1565 4577 1727 4638 εὐθὺς

1837 4595 1994 4652 cepto
2023 4583 2244 4635 vulnere
2279 4579 2481 4633 cadens
2523 4585 2688 4645 atque
2712 4575 2998 4643 jugulatus
3034 4566 3268 4636 reliquis
3312 4579 3423 4617 non

147 4681 477 4753 τραυματίας
511 4677 702 4731 πεσὼν
734 4675 829 4728 καὶ⁵
876 4675 1059 4743 σψαγῇ
1101 4671 1436 4740 παραδοθεὶς
1469 4670 1595 4732 τοὺς
1627 4669 1731 4722 λοι-

146 4779 265 4840 ποὺς
305 4779 368 4831 οὐ
423 4776 601 4844 νικᾷν
654 4772 749 4826 καὶ
793 4770 980 4840 μένειν
1027 4766 1160 4820 ἀλλὰ
1198 4764 1421 4834 φεύγειν
1477 4762 1731 4830 ἐποίησεν

149 4871 513 4941 ἡττημένους·
568 4865 696 4920 καθ’
750 4865 818 4935 ἢν
879 4860 1090 4932 τροπὴν
1141 4861 1236 4913 καὶ
1277 4860 1306 4911 ό
1353 4856 1621 4918 Φωτεινὸς
1677 4855 1734 4906 ἐν

152 4966 375 5034 μονηρίῳ
408 4962 578 5032 μόλις
630 4957 956 5020 διασώζεται
994 4952 1133 5022 πρὸς
1175 4952 1277 5021 τὴν
1325 4950 1475 5010 Δίαν,
1513 4949 1606 5000 καὶ
1658 4945 1737 5012 τῷ

151 5057 344 5125 βασιλεί
372 5057 490 5108 τῶν
548 5049 912 5121 πραχθέντων
943 5044 1284 5113 αὐτάγγελος
1313 5042 1548 5110 γίνεται.
1599 5038 1738 5090 Ἀλλ’

150 5143 283 5208 ulto;
315 5149 417 5217 μὲν
453 5144 590 5197 ἐπεὶ
620 5142 708 5193 διὰ
735 5141 902 5209 τιμῆς
928 5139 1094 5208 ήγετο
1145 5136 1295 5205 παρὰ
1324 5133 1417 5186 τοῦ
1471 5131 1740 5202 βασιλέως

151 5240 244 5304 ἀεὶ,
271 5241 366 5308 τὴν
395 5241 504 5308 τῆς
532 5233 797 5293 Σικελίας
829 5229 1166 5301 στρατηγίδα
1191 5224 1348 5290 αὖθις
1379 5228 1478 5296 τῆς
1511 5224 1738 5295 Κρήτης

153 5330 488 5382 ἀλλάσσεται.

215 5422 311 5490 κγ’.
346 5425 477 5483 Τοῖς
516 5420 566 5472 δ’
617 5415 915 5478 Ἰσπανίοις
951 5414 1029 5467 ἔτι
1063 5430 1178 5475 πως
1213 5412 1272 5463 ἐν
1288 5411 1501 5480 ταραχῇ
1532 5407 1626 5460 καὶ
1650 5423 1744 5476 μευ

161 5517 309 5588 ρίμνῃ
343 5516 666 5588 διάγουσιν,
693 5511 832 5581 ἀνήρ
888 5526 970 5572 τις
1003 5508 1066 5559 ἐκ
1090 5505 1200 5558 τῶν
1231 5504 1406 5571 ὀρέων
1449 5501 1549 5570 τῆς
1580 5501 1745 5570 νήσου

161 5609 491 5670 ἑπικαταὸἁς
521 5602 812 5677 μοναστὴς
843 5602 1000 5655 ἄλλον
1031 5601 1234 5668 ἔφησεν
1274 5592 1412 5649 εἶναι
1448 5594 1612 5646 τόπον
1652 5591 1750 5643 α’ὐ-

158 5703 251 5765 τοῖς
284 5699 744 5770 ἐπιτηδειότερον
790 5695 926 5763 πρός
973 5709 1030 5747 τε
1069 5690 1405 5757 πολίσματος
1436 5687 1616 5737 κτίσιν
1654 5687 1746 5737 καὶ

1841 4674 2084 4729 victorize
2121 4670 2468 4738 durandique
2503 4666 2720 4721 fortiter
2755 4659 3093 4722 certaminis,
3143 4656 3242 4712 sed
3286 4653 3430 4723 fugae

1849 4783 1913 4822 ac
1947 4765 2120 4821 cladis
2175 4772 2367 4816 auctor
2405 4760 2528 4813 fuit.
2575 4757 2759 4826 anue
2804 4754 2930 4823 fuga
2989 4750 3255 4805 Photinus
3298 4761 3430 4800 cou-

1843 4873 2036 4914 scensa
2062 4856 2262 4916 celoce,
2288 4853 2394 4924 7⁵1
2425 4851 2490 4906 ad
2518 4849 2671 4902 Diam
2698 4849 2782 4901 vix
2807 4859 2997 4914 sospes
3025 4840 3285 4904 evadens,
3316 4838 3432 4906 ipse

1851 4947 2164 5020 imperatori
2193 4947 2364 5000 cladis
2404 4952 2642 5012 accepta:
2671 4938 2898 4994 nuntius
2932 4933 3166 4989 exstitit.
3189 4930 3432 4998 Impera-

1849 5017 1956 5105 tor,
1983 5039 2130 5110 quod
2162 5039 2338 5092 virum
2384 5035 2669 5103 magnilice
2693 5030 2918 5089 coleret,
2955 5040 3054 5095 pro
3097 5024 3261 5079 Creta
3293 5017 3431 5072 Sici-

1851 5135 1935 5189 lia:
1959 5147 2082 5186 cum
2111 5129 2342 5198 imperio
2375 5127 2526 5181 illum
2563 5120 3003 5195 praessejussit.

1920 5403 2009 5457 23.
2037 5400 2212 5454 Porro
2233 5396 2503 5464 Hispanos
2534 5391 2711 5445 adhuc
2738 5389 2879 5442 inter
2913 5399 3077 5439 curas
3108 5380 3436 5435 ﬂuctuantes

1854 5495 2162 5552 monachus
2196 5490 2420 5561 quidam
2459 5503 2525 5542 ex
2573 5484 2765 5540 insulze
2817 5479 3094 5534 montibus
3141 5479 3433 5540 degressus

1853 5586 2284 5646 commodiorem
2311 5582 2474 5636 alium
2509 5579 2686 5633 locum
2716 5589 2837 5630 esse
2861 5578 3067 5631 monet,
3112 5567 3202 5619 ubi
3240 5565 3431 5616 urbem

1853 5683 2094 5737 condant
2121 5677 2484 5743 ubcrioreque
2517 5670 2768 5725 fruantur
2823 5675 3038 5719 annona
3067 5672 3130 5712 ac
3165 5653 3264 5710 tuti
3296 5667 3429 5707 ροη-

1453 5775 1689 5830 VARIAS
1733 5769 2143 5828 LECI‘IUNES.

222 5891 257 5919 "
293 5889 566 5944 ιυδὺνυντο
603 5882 671 5936 ΙΙ.
754 5883 794 5914 ⁸³
822 5879 1002 5951 ὑμεῖς]
1042 5881 1200 5932 αἴτιοι
1229 5878 1381 5947 ὑμεῖς
1408 5879 1427 5908 ’³
1501 5879 1544 5907 ⁸*
1578 5874 1677 5943 εἰς]
1709 5874 1843 5926 ὥστε
1884 5872 1998 5933 ri;'.’
2071 5870 2112 5897 ⁵⁵
2155 5863 2399 5934 μσχρὺνῗ
