4158 6442
707 379 764 440 ιι
1793 380 2289 440 ΤΗΕΟΙἯΑΝ

2397 379 2888 440 )NTINUATUS.
3907 387 3980 446 9‘3

703 501 920 551 sistant.
987 495 1141 548 'l'unr
1214 494 1377 547 simul
1452 509 1547 549 eos
1619 510 1907 551 assumens
1974 496 2284 551 Candacem

2397 494 2490 562 τῆς
2530 493 2724 563 λοιπῆς
2774 495 3060 564 διαρκεξσς
3091 495 3184 546 καὶ
3237 495 3592 566 ἐπικρατείας
3639 497 3838 550 αὐτῶν.
3871 501 3981 551 Καὶ

704 589 964 654 ostendit,
1008 589 1095 640 tibi
1141 588 1443 640 etiamnum
1479 588 1694 641 illorum
1737 589 1871 642 urbs
1921 590 2137 642 condita
2187 607 2284 643 ex.

703 689 842 734 stat:
879 682 1108 747 ejusque
1163 689 1293 731 tunc
1323 693 1525 746 pra‘ses
1581 679 1941 748 Apoehapsus
1967 679 2086 732 fuit.
2153 680 2282 734 Inde

703 788 834 838 ergo
869 771 1017 822 velut
1047 786 1109 822 ex
1151 768 1386 838 quadam
1438 785 1564 823 arce
1611 770 1862 838 profecti,
1889 787 2012 824 eum
2046 773 2280 825 insulam

705 873 870 915 totam
899 871 1010 914 tum
1042 863 1247 915 vicinas
1275 863 1535 929 quasdam
1567 865 1702 918 alias
1733 866 1978 935 regiones
1999 866 2284 919 excursio-

704 956 866 1008 nibus
896 955 1201 1018 vastabant,
1227 963 1358 1008 utet
1382 954 1494 1008 illic
1511 958 1667 1010 sedes
1693 969 1950 1025 ponerent
1968 969 2287 1027 veteresque

709 1048 1009 1118 inquilinos
1036 1064 1098 1103 ac
1129 1051 1276 1104 cives
1306 1051 1552 1104 servituti
1584 1051 1916 1104 addicerent.
1964 1052 2140 1121 Ipsius
2161 1056 2287 1106 Cre-

705 1152 771 1194 ta:
815 1142 980 1194 urbes
1025 1158 1218 1195 novem
1251 1158 1418 1212 supra
1465 1145 1654 1212 viginti
1716 1145 1819 1212 ipsi
1868 1155 2031 1214 atque
2080 1148 2285 1213 pedites

703 1248 917 1301 cepere.
975 1233 1049 1286 Ex
1074 1249 1140 1288 eo
1173 1244 1416 1305 tempore
1452 1253 1557 1288 una
1615 1237 1876 1290 duntaxat
1914 1238 2177 1293 itntnuriis
2217 1243 2284 1292 ab

701 1328 1106 1396 expugnatione
1129 1329 1410 1397 illaesaque
1463 1331 1663 1384 mansit
1696 1331 1862 1383 verbo
1901 1332 2121 1399 quidem
2156 1335 2286 1388 sub—

699 1425 862 1492 jecta,
891 1439 1011 1491 qnze
1041 1433 1220 1476 tamen
1250 1423 1387 1476 ritus
1409 1437 1538 1476 suos
1569 1438 1632 1474 ac
1660 1424 2027 1478 Christianam
2065 1425 2288 1493 religio-

703 1530 826 1568 nem
862 1523 1126 1569 scrvaret.
1166 1512 1324 1568 Tune
1351 1529 1483 1568 sane
1516 1523 1569 1565 et
1600 1513 1836 1582 Cyrillns
1887 1513 2139 1582 Gorlynm
2178 1516 2287 1582 epi-

646 1600 648 1602 ⁷
703 1621 924 1674 scopus,
964 1621 1030 1660 eo
1057 1607 1201 1674 quod
1233 1617 1292 1659 ut
1320 1606 1600 1659 Christum
1654 1617 1872 1673 negaret
1932 1607 2115 1661 induci
2172 1625 2280 1661 non

702 1707 974 1768 potuerat,
1010 1699 1167 1767 quasi
1217 1697 1438 1752 victima
1492 1699 1756 1754 innocens
1811 1701 2096 1768 jugulatus
2159 1712 2282 1767 est;

703 1791 865 1857 cujus
897 1802 950 1844 et
980 1791 1228 1858 sanguis,
1263 1793 1411 1843 velut
1443 1792 1630 1846 Abelis
1657 1809 1752 1847 seu
1795 1794 1958 1846 etiam
1981 1793 2282 1855 Zachariw,

705 1884 768 1936 ad
800 1883 970 1937 Deum
1005 1885 1231 1947 clamat,
1263 1884 1400 1936 nihil
1459 1895 1705 1939 mutatus
1761 1900 2142 1952 perseverans.
2211 1887 2287 1939 lix

704 1978 824 2041 ejus
853 1976 1146 2043 sepulchro
1188 1992 1312 2030 eum
1344 1977 1529 2032 ﬁdeles
1562 1979 1809 2046 spongiis
1837 1980 2168 2046 quibusdam
2196 1996 2292 2032 ex-

703 2083 957 2136 pressum
997 2069 1176 2121 oleum
1214 2069 1384 2122 libere
1435 2070 1706 2129 hauriant,
1758 2071 2055 2135 tingentein
2110 2081 2290 2122 tamen

705 2156 892 2209 colore
931 2159 1258 2226 sanguinem
1299 2168 1508 2211 mutare
1534 2177 1640 2212 non
1675 2162 1876 2214 valent.
1908 2160 2136 2213 Exstant
2165 2178 2294 2214 vero

706 2242 780 2297 ibi
813 2245 976 2299 etiam
1005 2248 1098 2301 alii
1129 2248 1316 2310 loculi,
1343 2263 1406 2302 ac
1430 2265 1553 2304 cum
1599 2251 1832 2303 aliorum
1890 2253 2152 2318 plurium,
2195 2254 2290 2319 qni

705 2343 820 2388 ttnn
848 2352 946 2404 pro
973 2338 1194 2392 Christo
1221 2340 1546 2408 martyrium
1585 2341 1696 2409 78
1745 2354 2118 2408 sumpserunt,
2177 2353 2289 2393 tnm

703 2428 1038 2497 inclytorum’
1089 2431 1276 2484 decem
1307 2441 1608 2501 martyrum
1641 2445 1819 2486 erecta
1857 2435 2108 2501 Sepulrru
2139 2445 2285 2488 sont.

706 2520 797 2574 Sic
828 2536 958 2588 ergo
993 2530 1048 2574 et
1096 2537 1190 2590 per
1223 2523 1324 2577 hoc
1359 2535 1574 2592 tempus
1605 2528 1808 2594 talique
1840 2527 2129 2579 occasione
2160 2529 2290 2581 Cre-

707 2623 889 2668 tenses
919 2615 984 2667 de
1019 2615 1200 2670 medio
1218 2615 1660 2671 Christianorum
1702 2620 1900 2672 sublati
1932 2630 2079 2672 sunt.

772 2793 864 2850 Ἡ.
901 2792 1174 2848 Caeterum
1208 2795 1437 2850 Michael
1484 2797 1572 2850 vix
1633 2797 1848 2850 tandem
1893 2798 2291 2853 circmndanti-

707 2886 807 2938 bus
837 2899 960 2938 eum
982 2901 1045 2938 ac
1068 2889 1507 2942 conterrentibus
1525 2889 1741 2941 solutus
1773 2890 2043 2955 hostibus,
2068 2908 2290 2945 eorum-

703 2991 812 3043 qne
837 2986 982 3030 metu
1007 2977 1294 3042 liberatus,
1315 2996 1436 3032 cum
1457 2981 1521 3032 ad
1550 2983 1716 3034 licunt
1750 2985 1988 3036 converti
2035 2995 2290 3052 recti-que

704 3066 864 3123 factis
897 3070 1218 3137 placabilem
1260 3086 1383 3125 eum
1437 3089 1500 3126 ac
1538 3075 1833 3140 propitium
1869 3075 2094 3127 reddere
2123 3092 2286 3144 opor-

2395 585 2511 654 ἆμα
2543 586 2726 637 λαϐὼν
2755 587 2846 636 τὸν
2871 586 3124 638 Χάνδακα
3157 586 3370 648 τούτοις
3393 586 3688 651 ἐπέδειξεν,
3726 589 3856 640 ἔνθα
3889 593 3982 640 καί

2396 674 2490 726 νῦν
2526 675 2772 727 ἔκτισται
2813 675 3024 744 ἡπόλις
3081 674 3294 728 αὐτῶν·
3330 677 3426 728 καὶ
3482 677 3709 747 ἡγεμὼν
3749 681 3921 748 αὐτῆς
3956 681 3984 729 ὁ

2410 765 2654 834 ’Λπόχαψ
2691 767 2813 818 τότε
2839 768 3082 834 ἐγεγόνει
3119 768 3310 837 αὐτῆς.
3361 768 3457 820 Ἐκ
3501 769 3707 840 ταύτης
3737 771 3833 823 οὖν
3869 770 3985 823 ait};

2393 873 2539 918 τινος
2580 858 2636 923 ἐξ
2689 859 3041 926 ἀκροπόλεως
3091 857 3402 928 ὁρμώμενοι
3451 863 3632 913 πᾶσαν
3677 880 3735 914 τε
3773 863 3983 932 ταύτην

2395 950 2492 1017 τὴν
2524 951 2692 1018 νῆσον
2721 951 3059 1022 κατέτρεχον
3099 951 3192 1003 καί
3233 969 3385 1016 τινας
3411 954 3523 1006 τῶν
3550 958 3985 1025 παρακειμένων

2395 1041 2493 1091 οὐκ
2521 1042 2762 1106 ἔλαττον,
2790 1045 2864 1105 ὡς
2901 1047 2996 1096 καὶ
3025 1044 3082 1095 ἐν
3107 1045 3301 1108 αὑταῖς
3338 1046 3755 1115 ἐγκατοικῆσαι,
3782 1050 3986 1111 αὐτοὺς

2394 1137 2520 1194 τοὺς
2555 1135 2851 1202 οἰκήτορας
2896 1135 2986 1187 καὶ
3022 1135 3358 1205 αὐτόχθονας
3407 1137 3829 1208 δουλωσάμενοι.
3875 1142 3988 1192 Καὶ

2399 1225 2584 1286 πόλεις
2625 1225 2680 1275 δὲ
2726 1227 2947 1294 Κρήτης
2994 1227 3151 1280 ὲννέα
3180 1227 3318 1298 πρὸς
3357 1234 3477 1291 ταῖς
3520 1231 3724 1281 εἴκοσιν
3756 1231 3986 1294 εὖζωνοξ

2396 1333 2449 1366 τε
2496 1319 2589 1367 καὶ
2623 1317 2779 1378 πεζοὶ
2811 1317 3267 1387 ᾐχμαλώτευσαν,
3301 1323 3432 1390 μιᾶς
3459 1321 3645 1374 ἔκτοτε
3675 1325 3843 1391 μόνης
3877 1343 3987 1376 πα-

2397 1409 2740 1478 ραμεινάσης
2784 1411 3064 1463 ἀναλώτου
3114 1413 3210 1466 καὶ
3262 1412 3530 1475 ἀπαθοῦς,
3569 1417 3661 1466 καὶ
3696 1416 3837 1484 λόγῳ
3884 1417 3990 1484 μὲν

2391 1503 2782 1567 ὑποταγείσης,
2834 1503 2902 1552 τὰ
2929 1503 3142 1555 ἑαυτῶν
3171 1502 3226 1555 δὲ
3258 1503 3423 1572 ἔθιμα
3471 1505 3568 1557 καὶ
3598 1505 3692 1556 τὸν
3723 1507 3990 1575 Χριστια-

2394 1595 2588 1661 νισμὺν
2624 1594 3005 1664 φυλαττούσης
3033 1592 3338 1665 ἀλώὸητον.
3366 1597 3501 1648 Τότε
3533 1597 3623 1649 καὶ
3655 1598 3926 1666 Κύρι>.>.ος
3961 1601 3991 1649 ό

2396 1686 2669 1755 Γορτύνης
2725 1687 3010 1756 πρόεδρος,
3064 1688 3188 1742 ἐπεὶ
3242 1689 3317 1759 μὴ
3369 1692 3578 1754 τούτοις
3636 1693 3714 1754 εἰς
3755 1695 3991 1762 ἄρνησιν

2394 1778 2594 1848 ἐχώρει
2625 1777 2889 1848 Χριστοῦ,
2919 1779 2993 1839 ώς
3025 1781 3220 1848 ἱερεῖον
3257 1780 3492 1850 ἄμωμον
3516 1779 3857 1850 ἐσφαγίαστο
3879 1801 3892 1812 ·
3924 1779 3990 1834 οὗ

2399 1874 2489 1920 καὶ
2524 1870 2584 1923 τὸ
2615 1866 2756 1940 αἷμα
2778 1871 2874 1941 βοᾷ
2913 1872 3072 1940 μένον
3097 1871 3173 1934 ὡς
3205 1871 3299 1925 τοῦ
3324 1874 3489 1928 Ἀϐελ
3528 1876 3559 1943 ἢ
3586 1877 3681 1928 καὶ
3706 1875 3992 1946 Ζαχαρίου

2398 1961 2536 2030 πρὸς
2571 1959 2665 2012 τὸν
2699 1961 2834 2013 Θεὸν
2877 1962 3239 2015 ἀναλλοίωτον
3263 1975 3281 1994 ⁶
3314 1963 3409 2015 καὶ
3445 1965 3617 2034 μύρον
3646 1965 3746 2035 μὲν
3773 1968 3993 2020 ἐκεῖθεν

2398 2053 2546 2104 ἔστιν
2592 2052 2904 2122 ἀρύσασθαι
2942 2057 3056 2114 τοῖς
3116 2057 3330 2118 πιστοῖς
3389 2057 3652 2124 σπόγγοις
3707 2059 3852 2110 τισὶν
3899 2061 3990 2110 ὲν-

2397 2145 2869 2213 αποματτόμενον,
2893 2145 2995 2213 τὴν
3019 2145 3076 2198 δὲ
3099 2145 3282 2215 βαφὴν
3308 2146 3403 2198 τοῦ
3428 2149 3661 2216 αἵματος
3689 2149 3992 2202 ἀλλοιῶσαι

2397 2237 2456 2285 οὐ
2493 2236 2808 2304 πρόσεστιν.
2860 2237 3096 2306 Προσέτι
3138 2237 3246 2307 μὴν
3292 2238 3479 2292 αὐτόθι
3520 2241 3668 2308 σοροὶ
3699 2242 3792 2293 καὶ
3821 2242 3992 2309 τάφοι

2397 2330 2768 2398 ἀνεγήγερται
2821 2329 2999 2382 ἄλλων
3057 2347 3118 2382 τε
3177 2331 3394 2383 πολλῶν
3429 2331 3538 2384 τῶν
3568 2333 3711 2402 ὑπὲρ
3744 2335 3992 2404 Χριστοῦ

2395 2423 2517 2472 τότε
2577 2424 3051 2490 μαρτυρησάντων
3115 2424 3208 2476 καὶ
3273 2423 3383 2475 τῶν
3431 2423 3563 2476 δέκα
3618 2426 3995 2494 περιωνύμων

2399 2512 2716 2582 μαρτύρων.
2761 2513 2845 2584 μ’.
2884 2513 2974 2585 .59]
3017 2515 3258 2583 Τοιούτῳ
3304 2514 3436 2582 γοῦν
3471 2517 3659 2586 τρόπῳ
3697 2518 3790 2568 καὶ
3843 2517 3995 2568 κατὰ

2393 2607 2585 2658 τοῦτον
2607 2608 3043 2676 ἀνηρπάσθησαν
3066 2609 3159 2660 τὸν
3205 2609 3398 2679 καιρὸν
3423 2612 3486 2662 ἐκ
3514 2609 3680 2679 μέσου
3695 2609 3804 2662 τῶν
3850 2611 3997 2681 Χρι-

2393 2699 2626 2750 στιανῶν
2656 2701 2704 2750 οἱ
2743 2702 2783 2750 Κ
2795 2705 3058 2771 ρηταιείς.

2465 2791 2562 2844 κδ’.
2618 2793 2772 2844 Ἐπεὶ
2807 2793 2863 2845 δὲ
2900 2793 2998 2860 ὀψὲ
3036 2793 3128 2844 καὶ
3167 2792 3322 2860 μόλις
3353 2795 3481 2855 τοὺς
3511 2792 3995 2863 περικυκλοῦντας

2391 2887 2581 2938 τοῦτον
2612 2887 2841 2956 ἐχθροὺς
2867 2887 2960 2938 καὶ
2986 2885 3459 2956 περικτυποῦντας
3483 2889 3511 2938 ὁ
3531 2884 3751 2956 Μιχαὴλ
3768 2887 3996 2939 ἀπεσεί-

2395 2996 2543 3038 σατο,
2572 2979 2691 3030 δέον
2725 2979 2862 3048 πρὸς
2895 2978 3030 3030 Θεὸν
3060 2977 3370 3048 τραπέσθαι
3401 2979 3498 3031 καὶ
3532 2976 3725 3031 τοῦτον
3754 2976 3995 3048 ἐξευμεη-

2391 3068 2667 3132 νίσασθαι,
2702 3068 2830 3121 ἵλεω
2858 3069 2947 3122 διὰ
2992 3068 3105 3121 τῶν
3159 3068 3340 3138 ἔργων
3372 3067 3565 3132 ποιῶν,
3598 3070 3628 3121 ό
3669 3067 3728 3121 δὲ
3759 3068 3997 3120 τούνανο

707 3168 1065 3226 teret,sccus,
1107 3163 1257 3215 velut
1313 3179 1342 3216 a
1369 3179 1426 3215 se
1471 3165 1593 3230 ipso
1622 3182 1726 3217 non
1753 3166 1842 3217 bei
1889 3175 2022 3218 nutu
2055 3169 2284 3220 salutem

2397 3161 2506 3213 τίον
2535 3161 2567 3230 ἢ
2602 3161 2678 3224 ὼς
2707 3163 2758 3214 οἱ
2790 3162 3063 3215 πολιτικοὶ
3088 3160 3282 3231 θεσμοὶ⁸
3311 3161 3617 3229 βούλονται,
3647 3164 3725 3225 ὡς
3756 3162 3819 3215 οὐ
3852 3159 3999 3233 παρ’

703 3262 1054 3313 consecutus,
1081 3262 1270 3308 contra
1299 3269 1360 3307 ac
1387 3256 1732 3323 publicajura
1754 3258 2008 3325 legesque
2032 3258 2288 3322 habeant,

705 3341 829 3394 vita:
861 3357 974 3395 sum
1010 3344 1249 3397 rationes
1273 3345 1526 3399 instituit.
1564 3346 1799 3400 l'roinde
1840 3364 2008 3400 uxore
2055 3360 2290 3412 mortua,

703 3445 827 3484 cum
851 3445 970 3485 eam
1007 3434 1153 3500 vulgi
1181 3436 1494 3503 opinionem
1539 3438 1771 3489 ambiret
1824 3448 1883 3490 ut
1915 3438 2060 3492 illius
2095 3441 2292 3508 impla-

705 3523 865 3576 cabili
894 3524 1041 3578 luctu
1075 3539 1200 3579 eum
1231 3527 1368 3580 allici
1406 3536 1680 3595 putarent,
1709 3529 1938 3581 secretis
1975 3537 2158 3583 tamen
2192 3545 2290 3583 oc-

703 3600 984 3684 cultisque
1010 3618 1235 3670 monitis
1262 3633 1386 3671 cum
1421 3630 1614 3672 senatu
1641 3623 1753 3688 agit
1779 3630 1838 3674 ut
1868 3636 1927 3674 se
1963 3623 2031 3674 ad
2067 3624 2291 3690 nuptia-

707 3719 827 3757 rum
870 3705 1073 3760 faedera
1107 3708 1328 3762 -iterntn
1382 3709 1682 3773 inducant,
1729 3726 1828 3766 nec
1884 3714 2070 3767 verbis
2111 3715 2292 3769 solum

707 3799 972 3854 suasoriis
995 3815 1121 3854 cum
1153 3800 1271 3870 ipso
1307 3811 1489 3869 agant,
1520 3805 1612 3856 sed
1643 3812 1692 3856 et
1717 3815 1917 3872 cogant
1960 3805 2181 3875 vimque
2207 3807 2291 3862 fa-

707 3900 895 3945 cturos
933 3893 1274 3958 minitentur,
1299 3895 1402 3948 nisi
1443 3895 1489 3949 is
1531 3897 1757 3950 omnino
1796 3913 1910 3951 rem
1953 3901 2290 3967 praestiterit.

709 3983 1001 4036 Ustendant
1031 4000 1135 4037 non
1158 4001 1308 4045 posse
1338 3987 1704 4055 imperatorem
1731 3991 1963 4043 cwlibem
1981 3994 2170 4057 vivere,
2191 4011 2293 4064 quo

707 4074 801 4140 [int
828 4085 880 4124 ut
911 4074 1125 4127 illorum
1146 4091 1336 4128 uxores
1364 4077 1578 4130 domina
1596 4090 1751 4148 atque
1781 4083 2022 4150 Augusta
2053 4095 2291 4141 careant.

708 4165 784 4217 lta
825 4166 989 4232 igitur
1042 4167 1180 4222 ﬁctis
1236 4184 1428 4222 eorum
1470 4173 1822 4226 sermonibus
1873 4175 1941 4226 ad
1984 4186 2292 4230 extremum

706 4258 912 4324 cessit,
960 4273 1279 4328 quanquam
1313 4261 1431 4315 ﬁeri
1459 4278 1566 4316 non
1599 4273 1813 4333 poterat
1849 4275 2038 4322 utnon
2075 4272 2292 4324 tandem

709 4360 956 4417 tempore
985 4351 1168 4406 fabula
1193 4354 1511 4409 nudaretur.
1551 4357 1630 4409 Ac
1664 4359 1903 4425 primum
1927 4361 2295 4434 chirographo

706 4443 958 4499 subditos
976 4444 1293 4514 obstringit,
1327 4447 1598 4518 ﬁdemque
1627 4451 1818 4520 exigit,
1841 4467 1905 4506 ea
1931 4467 1991 4508 se
2015 4455 2291 4522 prmstitu-

2402 3253 2567 3306 αὐτοῦ
2605 3255 2698 3322 ἀφ’
2732 3255 2927 3308 ἑαυτοῦ
2953 3255 3011 3308 δὲ
3040 3253 3257 3318 σωθεὶς,
3290 3254 3530 3325 έπραττέ
3555 3272 3615 3308 τε
3652 3256 3749 3309 καὶ
3779 3257 3996 3308 ἐπεπο-

2399 3347 2632 3401 λίτευτο.
2662 3348 2774 3418 Τῆς
2796 3351 3050 3418 γαμετῆς
3077 3347 3210 3415 γοῦν
3236 3346 3646 3416 τελευτησάσης
3668 3346 3861 3411 αὑτοῦ,
3889 3347 4000 3400 καὶ

2399 3441 2560 3504 δόξαν
2609 3439 2860 3503 θέλοντος
2918 3441 3218 3510 κατασχεῖν
3264 3438 3378 3493 τῶν
3409 3438 3624 3492 πολλῶν
3667 3439 3745 3502 ὡς
3788 3438 3998 3502 πένθος

2399 3533 2634 3602 ἅληστον
2663 3531 2780 3601 ἔχει
2809 3531 3003 3600 αὐτῆς,
3029 3531 3130 3601 τὴν
3159 3530 3466 3600 σύγκλητον
3493 3531 3668 3584 ἐποίει
3699 3532 3787 3584 διά
3820 3548 4000 3585 τινων

2403 3622 2741 3692 μηνυμάτων
2783 3621 3032 3692 κρυφίων
3057 3623 3155 3675 καὶ
3201 3623 3481 3692 μυστικῶν
3505 3623 3840 3693 αἱρήσασθαι
3862 3623 4006 3676 τοῦ-

2400 3730 2492 3766 τον
2523 3715 2710 3768 πεῖσαι
2755 3712 2979 3780 γυναικὶ
3011 3707 3169 3775 αὖθις
3220 3711 3541 3784 ζευχθῆναι,
3581 3715 3677 3767 καὶ
3706 3715 3768 3768 οὐ
3799 3731 4006 3785 παρα-

2403 3804 2631 3856 καλέσαι
2664 3803 2824 3873 μόνον
2853 3803 2991 3872 πρὸς
3024 3801 3186 3855 τοῦτο
3225 3801 3366 3855 ἁλλά
3406 3804 3503 3854 καὶ
3534 3801 3851 3872 βιάσασθαι,
3891 3805 4008 3856 καὶ

2402 3897 2482 3959 εἰς
2519 3895 2914 3960 ἐπανάστασιν,
2949 3896 2998 3947 εἰ
3034 3894 3109 3965 μὴ
3136 3892 3294 3947 τοῦτο
3323 3893 3584 3964 γένηται,
3613 3895 3861 3965 χωρῆσαι
3885 3896 4008 3947 αὐ-

2401 3990 2527 4052 τούς
2549 4007 2562 4020 ·
2613 3991 2695 4042 Οὐ
2745 3990 2855 4057 γὰρ
2880 3988 3054 4043 ἔστιν
3086 3981 3217 4041 οἷον
3259 3986 3545 4056 γυναικὸς
3574 3986 3721 4041 ἄνευ
3759 3986 4012 4056 φάσκειν

2397 4085 2666 4150 ,ϐασιλέα
2695 4099 2760 4135 τε
2789 4080 2898 4149 ζῇν
2936 4080 3037 4134 καὶ
3065 4080 3173 4144 τὰς
3197 4077 3490 4148 ἡμετέρας
3523 4078 3860 4146 στερεῖσθαι
3889 4097 4012 4148 γα-

2398 4177 2583 4246 μετὰς
2624 4176 2962 4238 Δεσποίνης
2991 4171 3089 4225 καὶ
3109 4169 3462 4237 βασιλίδος.
3505 4171 3832 4225 Ἐπέπειστο
3860 4171 4012 4238 γοῦν

2401 4269 2499 4338 ὀψὲ
2523 4269 2614 4321 διὰ
2643 4267 2750 4321 τῶν
2804 4265 3160 4318 ἐπιπλάστων
3189 4263 3386 4330 λόγων,
3430 4261 3526 4325 οὓς
3555 4262 3636 4332 τῷ
3674 4265 3852 4332 χρόνῳ
3895 4262 4011 4316 λα-

2403 4362 2518 4415 θεῖν
2546 4361 2648 4413 οὑκ
2683 4355 2780 4430 ἦν·
2813 4357 2910 4411 καὶ
2945 4356 3166 4427 πρῶτον
3203 4356 3300 4426 μὲν
3339 4355 3680 4426 χειρόγραφα
3705 4355 3847 4425 ὑπὲρ
3876 4357 4008 4410 τῶν

2407 4455 2546 4525 μήτε
2573 4453 2745 4507 όντων
2777 4454 2916 4521 μήτε
2944 4451 3221 4519 ἐσομένων
3251 4451 3434 4503 πᾶσαν
3467 4449 3667 4520 ἀπῄτει
3697 4451 3875 4518 χεῖρα,
3913 4449 4007 4512 ὡς

709 4550 945 4604 rosqna:
975 4553 1074 4591 nec
1109 4537 1243 4592 [iant
1292 4555 1393 4594 nec
1445 4555 1567 4596 esse
1596 4558 1835 4614 unquam
1883 4547 2120 4615 possint,
2172 4551 2289 4617 ejus

2398 4545 2571 4612 αὑτήν
2620 4559 2681 4595 τε
2723 4541 2825 4613 τὴν
2867 4539 3138 4610 ἐσομένην
3187 4538 3336 4608 αὐτῷ
3393 4539 3643 4609 γαμετὴν
3681 4540 3773 4591 καὶ
3819 4539 3888 4591 τὰ
3930 4542 4007 4592 ἐκ

709 4626 950 4682 loturam
981 4645 1204 4684 uxorem
1227 4639 1442 4700 etquos
1471 4649 1537 4688 ex
1582 4635 1671 4689 illa
1717 4639 2023 4708 susceperit
2075 4641 2296 4710 liberos,

708 4735 832 4772 eum
859 4735 889 4774 e
922 4721 1061 4777 vivis
1091 4725 1412 4790 excesserit,
1460 4727 1688 4781 omnino
1719 4728 2072 4796 defensuros,
2103 4735 2198 4788 sed
2245 4743 2300 4792 et

709 4815 827 4862 tum
867 4809 989 4865 illos
1019 4811 1381 4880 imperatores
1435 4827 1550 4870 tum
1597 4817 1776 4887 ipsam
1807 4836 2052 4891 quoque,
2098 4830 2159 4877 ut
2201 4839 2300 4894 par

709 4909 817 4968 est,
835 4903 1114 4958 dominam
1149 4906 1454 4962 habituros.
1477 4909 1624 4965 Adeo
1644 4926 1752 4966 non
1784 4911 1839 4966 in
1865 4912 1973 4968 hoc
1994 4915 2161 4971 modo
2182 4932 2300 4971 aevo

712 4995 941 5061 setlpost
971 5010 1129 5049 suam
1161 5013 1380 5069 quoque
1402 5011 1630 5055 mortem
1663 5018 1723 5058 se
1748 5003 2147 5073 imperaturum
2183 5007 2294 5078 79

709 5086 1084 5154 existimabat,
1105 5104 1230 5143 cum
1267 5108 1332 5146 ex
1365 5091 1477 5148 Deo
1513 5093 1644 5163 (non
1683 5104 1942 5166 tanquam
1966 5114 2034 5152 ex
2068 5099 2290 5154 illorum

714 5179 1010 5244 penderent
1034 5183 1436 5249 manu)cuncta
1462 5187 1730 5254 speranda
1759 5187 1975 5257 forent;
2005 5189 2110 5245 Per
2137 5209 2292 5264 quem

716 5286 856 5339 rcges
893 5287 1108 5341 regnant
1142 5285 1190 5327 et
1232 5278 1442 5347 tyranni
1477 5289 1649 5332 tenent
1683 5289 1881 5335 terram
1909 5281 1960 5338 ά.
2019 5283 2292 5341 Caeterum

714 5380 926 5419 rnorem
955 5367 1099 5434 gerit
1135 5367 1212 5421 illi
1247 5373 1754 5441 senatusconsulto,
1786 5391 1933 5432 unus
1971 5376 2087 5447 ipse
2109 5379 2294 5434 omnis

713 5467 876 5511 terra:
908 5457 1231 5526 dominans;
1264 5464 1470 5535 quique
1499 5468 1772 5527 castitatis
1815 5473 2158 5542 propositum
2186 5473 2294 5529 ini-

786 5616 809 5652 ά
841 5613 1000 5674 Prov.
1039 5637 1158 5685 vni,
1196 5623 1277 5678 l5.

2395 4633 2602 4704 ταύτης
2632 4634 2836 4703 ἔκγονα
2881 4630 3284 4701 ὐπερασπίζειν
3325 4632 3423 4684 καὶ
3463 4631 3812 4702 ὑπερμαχεῖν
3849 4631 4014 4698 με.τὰ

2397 4731 2490 4782 τὸν
2521 4725 2690 4781 αὐτοῦ
2722 4725 2800 4797 μὴ
2838 4723 3144 4779 παύσαιντο
3176 4723 3428 4790 θάνατον,
3464 4723 3602 4776 ἀλλά
3632 4724 3898 4793 κάκείνην
3939 4741 4014 4778 τε

2403 4821 2522 4893 μετ’
2538 4821 2586 4854 ⁸⁸
2615 4819 2860 4880 ἐκείνους
2909 4815 3168 4888 βασιλέας
3201 4815 3378 4886 ἔχοιεν
3411 4816 3508 4870 καὶ
3549 4817 3867 4882 δέσποιναν,
3921 4820 4016 4882 ὼς

2399 4913 2568 4975 εἰκός.
2599 4910 2788 4974 Οὕτως
2816 4909 2879 4962 οὐ
2903 4908 3000 4963 τοῦ
3042 4909 3166 4962 κατ’
3195 4911 3409 4962 ἐκεῖνον
3437 4909 3572 4962 ἀλλ-ὲ
3607 4911 3703 4962 καὶ
3733 4909 3830 4963 τοῦ
3873 4911 4018 4979 μετ’

2396 5007 2558 5060 αὐτὸν
2601 5003 2739 5076 ᾠετο
2781 5002 3230 5072 κατακρατήσειν
3274 5002 3492 5068 αῐῶνος,
3543 5002 3663 5055 δέον
3695 5005 3878 5056 πάντα
3935 5006 4017 5058 ὲκ

2397 5095 2536 5151 Θεοῦ
2572 5096 2688 5150 ἀλλ’
2717 5095 2820 5147 οὐκ
2857 5092 3082 5146 ἐκείνων
3114 5091 3426 5164 ἀναρτῆσαι
3455 5092 3633 5162 χειρὶ,
3663 5093 3742 5144 Δι’
3773 5091 3848 5144 ὃν
3876 5093 4017 5156 βα-

2399 5188 2594 5254 σιλεῖς
2618 5184 3030 5251 βασιλεύουσι
3077 5183 3176 5238 καὶ
3203 5183 3487 5252 τύραννοι
3529 5183 3817 5250 κρατοῦσι
3852 5183 4010 5253 τῆς.

2402 5283 2548 5350 Πλὴν
2571 5279 2885 5332 ὕπέκυπτεν
2911 5276 2940 5327 ό
2966 5275 3146 5346 πάσης
3173 5275 3445 5346 κυριεύων
3473 5279 3578 5344 γῆς
3603 5276 4011 5345 προστάγματι

2399 5374 2480 5445 τῷ
2514 5368 2889 5442 συγκλητικῷ,
2937 5369 3034 5422 καὶ
3082 5367 3420 5438 συνάψεσθαι
3468 5369 3616 5422 ἄκων
3662 5368 3913 5438 ἠνείχετο
3975 5371 4012 5421 ὁ

2403 5467 2662 5538 σώφρονα
2699 5464 2814 5534 βίον
2854 5461 3222 5534 ἀνῃρημένος.
3259 5462 3461 5531 Ἥγετο
3509 5458 3602 5516 οὖν
3641 5462 3778 5532 πρὸς
3807 5461 4014 5530 γάμον

2024 5758 2255 5814 VARUS
2297 5750 2706 5812 LI‘ICTIONES.

786 5843 835 5873 “
866 5839 1007 5910 μετ’Ξ
1040 5844 1172 5897 atat?
