4158 6442
130 394 195 463 93
1103 408 1248 466 LIB.
1298 408 1371 469 [Ι.
1416 435 1479 445 -
1519 411 1734 471 ΜΙΕΗὲ

1836 414 1859 473 ἰ
1908 414 2402 476 AMORIENSIS.
3331 416 3403 478 94

130 527 188 561 ου
232 512 395 581 τήνδε
425 515 457 583 ἦ
492 516 674 585 τήνδε,
703 517 837 570 ἀλλὰ
859 520 1096 587 γυναῖκά
1121 539 1240 575 τινα
1274 524 1441 577 πάλαι
1476 527 1567 578 τὸν
1617 530 1709 581 κό-

1839 538 1973 594 sset,
2005 530 2233 583 invitum
2266 527 2539 584 simulans
2584 530 2638 583 in
2673 530 2894 600 nuptias
2927 530 3231 585 consentit.
3288 526 3401 582 Du-

133 622 269 673 σιιον
298 609 395 659 καὶ
425 609 492 661 τὰ
535 611 701 663 αὑτοῦ
747 612 1181 681 ἀποστέρξασαν,
1223 618 1445 689 Χριστῷ
1472 618 1529 671 δὲ
1565 638 1709 690 νυμ-

1836 622 1894 675 :it
1918 636 2048 675 vero
2072 636 2181 675 non
2220 621 2526 690 quamlibet
2552 620 2832 686 feminam,
2864 623 2956 678 sed
2986 637 3109 692 quae
3140 622 3269 674 olim
3296 636 3372 677 sa:

133 696 422 761 φευοείσαν
479 701 573 752 καὶ
628 703 925 772 ἀσκήσεσιν
977 707 1040 758 ἐκ
1095 708 1283 771 παιδὸς
1330 710 1472 763 κατά
1509 711 1607 781 τὴν
1655 714 1712 763 ἐν

1836 712 1944 767 :ulo
1975 728 2039 768 ac
2081 713 2266 767 saeculi
2297 713 2460 768 rebus
2494 712 2749 767 nuntium
2792 714 3116 777 remisisset,
3147 712 3403 768 Christo-

132 788 429 858 Πριγκίπῳ
456 792 606 861 νήσῳ
640 792 805 863 μονὴν
833 796 1175 863 σχολάσασαν
1207 802 1299 851 καὶ
1341 802 1710 872 προσανέχου-

1836 820 1922 874 lue
1946 806 2219 874 desponsa
2243 813 2411 870 esset,
2437 821 2501 860 ae
2524 806 2653 859 olim
2687 821 2716 859 a
2742 821 2934 875 puero.
2967 806 3021 859 in
3062 805 3404 860 monasterio

132 894 232 929 σαν
258 880 340 947 τῷ
389 880 538 948 Θεῷ·
579 884 898 955 Εὐφροσύνη
938 886 1140 956 ταύτης
1174 891 1207 958 ἠ
1242 891 1454 960 κλῆσις,
1483 896 1579 945 καὶ
1611 912 1714 947 πα-

1836 898 1962 965 μιοιΙ
1995 899 2047 951 iu
2079 897 2337 967 Principe
2368 898 2471 966 (sic
2501 899 2672 966 dicta)
2708 898 2888 952 insula
2912 900 3078 951 situm
3107 908 3212 962 est,
3244 914 3406 953 exer-

131 969 260 1035 τρὸς
304 970 637 1038 ἐσεμνύνετο
666 976 1078 1030 Κωνσταντίνου
1129 976 1288 1045 εἶναι,
1322 981 1508 1053 δικαίᾳ
1536 984 1716 1052 κρίσει

1836 991 1982 1044 :itata
2014 1006 2078 1043 ac
2100 991 2208 1044 Deo
2231 991 2446 1046 addicta
2481 1001 2647 1045 esset.
2700 991 3074 1062 Euphrnsynaa
3095 990 3171 1045 illi
3204 1005 3403 1045 nomen

132 1060 230 1127 τὴν
263 1060 541 1129 τύφλωσιν
587 1067 1064 1136 ὑπομεμενηκότος
1094 1073 1244 1142 παρὰ
1273 1076 1501 1144 μητρός.
1532 1076 1717 1130 Ταῦτα

1836 1092 1957 1136 παι.
1980 1082 2139 1137 Clara
2159 1084 2371 1138 scilicet
2390 1082 2737 1139 Constantini
2770 1060 2918 1139 illius
2935 1060 3137 1152 proles,
3172 1083 3266 1152 qui
3284 1082 3405 1150 ipsa

136 1152 235 1216 μὲν
276 1154 654 1224 ἐξεπέραινεν,
705 1160 795 1211 καὶ
847 1160 973 1214 ἵλεω
1003 1162 1068 1215 δι’
1108 1164 1287 1216 αὐτῶν
1320 1167 1379 1218 ού
1428 1166 1590 1236 μόνον
1619 1169 1719 1221 οὐκ

1844 1183 1963 1228 uste
1984 1186 2157 1230 matre
2182 1176 2478 1231 ulciscente
2497 1175 2797 1231 luminibus
2810 1184 3047 1231 emeatus
3072 1174 3270 1230 fuerat.
3296 1174 3410 1227 Hoc

134 1242 373 1298 ἐποιεῖτο
391 1247 529 1301 ἀλλὰ
556 1250 652 1302 καὶ⁵
688 1251 1008 1322 παρώργισε
1033 1254 1123 1307 τὸν
1153 1256 1305 1309 Θεόν.

202 1510 310 1564 κε’.
352 1513 609 1568 Καὶκατά
647 1515 757 1569 τῶν
811 1518 912 1587 τὴν
944 1520 1168 1590 Κρήτην
1202 1521 1256 1574 δέ
1304 1524 1724 1579 καταλαϐόντων

136 1604 228 1655 καὶ
293 1604 712 1676 λυμαινομένων
772 1609 931 1673 αὖθις
996 1614 1394 1668 ἐπαποστέλλει
1452 1621 1722 1687 στρατόνο

138 1696 427 1765 Κρατερὸς
459 1699 632 1767 δνομα
668 1701 746 1772 τῷ
780 1706 1147 1776 στρατηγέτῃ,
1179 1706 1237 1767 ὃς
1275 1708 1583 1777 τηνικαῦτα
1626 1710 1727 1779 τὴν

1828 1268 1920 1321 illc
1953 1267 2197 1322 facinore
2236 1282 2343 1321 non
2374 1267 2541 1323 modo
2585 1282 2692 1322 non
2733 1266 2969 1335 placavit
3004 1265 3254 1320 divinum
3291 1261 3407 1316 Nu-

1827 1375 1973 1418 men,
2001 1359 2134 1429 quin
2177 1360 2359 1427 potius
2396 1359 2522 1427 ejus
2556 1358 2610 1413 in
2638 1373 2697 1413 se
2736 1357 3159 1427 Romanamque
3183 1369 3409 1424 rempu-

1827 1452 2028 1507 blicam
2055 1450 2362 1519 graviorem
2387 1450 2524 1504 iram
2557 1447 2899 1518 provocavit.

1897 1543 1985 1599 9.5.
2022 1544 2213 1611 Itaque
2247 1543 2413 1596 aliam
2442 1556 2666 1611 quoque
2706 1540 2937 1595 classem
2978 1540 3247 1593 adversus
3307 1535 3411 1591 Sa-

1830 1650 2062 1690 racenos
2082 1634 2302 1689 Cretam
2333 1636 2644 1688 obtinentes
2687 1648 2753 1687 ac
2800 1631 3125 1701 diripientes
3175 1630 3412 1683 Cratero

1830 1725 1969 1781 duce
1998 1727 2219 1781 emittit.
2251 1726 2303 1779 ls
2326 1724 2904 1795 eum,Cibyrte0tarum
2938 1733 3067 1777 tune
3085 1719 3411 1791 praefectum

135 1789 240 1842 τῶν
269 1789 710 1862 Κιϐυρῥαιωτῶν
744 1794 945 1847 διέπων
970 1799 1323 1869 στρατηγίδα,
1355 1801 1727 1871 ἐϐδομήκοντα

1836 1828 2036 1889 ageret,
2072 1817 2420 1888 septuaginta
2463 1816 2769 1869 biremibus
2804 1832 2869 1868 ex
2912 1817 3029 1867 suis
3072 1811 3413 1881 reliquisque

138 1881 267 1944 ναῦς
312 1882 524 1951 διήρεις
570 1886 679 1938 τῶν
708 1887 798 1954 ὑφ’
824 1889 1003 1958 ἐαυτῷ
1030 1891 1124 1943 καὶ
1159 1891 1376 1945 πάντων
1414 1893 1525 1945 τῶν
1553 1893 1725 1963 Θεμα-

1836 1910 2232 1980 provinciarum
2279 1924 2345 1964 ac
2379 1907 2687 1963 insularum
2723 1906 3042 1975 assumptis,
3108 1904 3259 1958 ferox
3315 1903 3414 1957 ad-

136 1976 307 2027 τικῶν
338 1977 540 2041 λαϐὼν,
570 1978 792 2048 βρέμων
825 1979 945 2050 ἅμα
988 1981 1083 2035 καὶ
1132 1983 1313 2054 πολλῷ
1342 1983 1425 2055 [Ρ.
1461 1983 1572 2055 50]ξ
1598 2002 1733 2055 φρο⁹

140 2076 349 2139 νήματι
381 2075 755 2142 παρενέϐαλεν
779 2075 846 2129 ⁸⁷.
891 2077 1002 2130 Καὶ
1055 2079 1286 2149 ἐπείπερ
1345 2080 1454 2131 οὐδ’
1503 2081 1734 2146 ἐκείνοις

139 2166 318 2218 ἐδόκει
359 2167 791 2222 ὑποστέλλεσθαι
823 2169 939 2223 ἀλλ’
970 2173 1030 2234 ἐς
1073 2172 1253 2242 μάχην
1280 2176 1478 2243 χωρεῖν
1507 2173 1605 2244 τὴν
1632 2176 1733 2238 τὰς

138 2258 352 2312 ἑαυτῶν
401 2258 665 2330 δυνάμεις
723 2263 819 2315 καὶ
874 2265 1263 2335 γενναιότητας
1322 2267 1733 2335 ἐπιδειξομένην

140 2355 273 2422 (καὶ
315 2353 430 2425 γάρ
476 2356 583 2408 είσι
628 2357 737 2409 τῶν
771 2358 948 2412 ἀλλων
1003 2359 1326 2430 ’Δγαρηνῶν
1361 2354 1507 2413 οὗτοι
1537 2361 1600 2430 δὴ
1639 2362 1733 2413 εύ-

140 2450 294 2515 φυεῑς
315 2451 355 2513 ),
405 2449 734 2503 συνέϐαλλον
762 2451 820 2504 δὲ
865 2452 1155 2522 τολμηρῶς
1182 2455 1436 2525 ἑκάτεροι
1464 2454 1606 2509 κατά
1641 2456 1731 2508 τὸν

140 2540 329 2607 ἀγῶνα
378 2542 734 2613 χωρήσαντες
772 2543 898 2614 ἄρτι
940 2543 1005 2615 δὴ
1049 2546 1146 2599 τοῦ
1178 2547 1329 2616 ἡλίου
1357 2546 1457 2609 τάς
1504 2549 1730 2613 ἀκτῖνας

139 2631 281 2703 ὑπὲρ
309 2632 416 2702 γῆς
448 2634 824 2703 ὲφαπλοῦντος
841 2636 910 2700 ⁸³,
934 2636 1210 2707 οὐδέτεροι
1239 2638 1339 2708 μὲν
1370 2640 1499 2709 ἀχρι
1533 2641 1731 2711 μεσού-

140 2741 237 2795 σης
267 2727 487 2797 ἡμέρας
512 2727 808 2795 ἐνέκλινον,
842 2728 980 2782 ἀλλά
1005 2730 1270 2798 γενναίως
1300 2734 1603 2802 μαχόμενοι
1630 2734 1731 2803 τὴν

139 2818 354 2872 ἑαυτῶν
394 2819 672 2873 ἐδείκνυον
716 2821 1009 2892 ἐμπειρίαν
1056 2824 1153 2876 καὶ
1194 2823 1461 2894 δύναμινο
1504 2827 1627 2879 ἐπεὶ
1676 2827 1731 2880 δέ

139 2912 483 2980 πονήσαντες
530 2914 579 2964 oi
632 2914 929 2983 Κρηταιείς
976 2917 1076 2986 ήδη
1117 2916 1212 2970 τοῦ
1258 2916 1410 2985 ἡλίου
1452 2917 1733 2982 κλίναντος

140 3002 420 3054 ἐνέδωκαν
466 3004 603 3072 πρὶς
640 3006 840 3074 φυγὴν,
878 3006 999 3060 τότε
1043 3007 1108 3077 δὴ
1135 3002 1363 3072 πολλοὺς
1407 3011 1505 3079 μὲν
1550 3011 1733 3063 αὐτῶν

136 3094 497 3159 ἀπέκτειναν,
549 3096 765 3161 πλείους
816 3098 872 3150 δὲ
924 3099 992 3152 τὰ
1044 3101 1187 3154 ὅπλα
1248 3102 1512 3171 ῥίψαντας
1562 3106 1730 3172 αίχμ-

1833 2006 2055 2058 modum
2095 2019 2159 2059 ae
2203 2002 2630 2057 minitabundus
2658 2001 2879 2056 Cretam
2912 1999 3200 2071 applicuit.
3239 1998 3415 2053 Cum-

1829 2109 1935 2161 que
1962 2109 2060 2148 ncc
2087 2094 2354 2162 Agarenis
2391 2107 2585 2161 pugna:
2624 2093 2741 2145 alea
2779 2090 3229 2161 subterfugieuda
3257 2088 3414 2143 vide-

1831 2193 2003 2247 retur,
2040 2184 2137 2237 sed
2176 2182 2609 2237 connnitendnm
2644 2182 2925 2249 praelium,
2991 2197 3102 2250 quo
3158 2195 3288 2236 suas
3337 2179 3415 2233 illi

1829 2276 1976 2330 vires
2022 2290 2087 2329 ae
2129 2274 2383 2329 bellicam
2439 2273 2821 2328 fortitudinem
2854 2275 3244 2343 experirentur
3278 2271 3418 2341 (sin-

1830 2368 2003 2437 gulari
2055 2368 2202 2422 enim
2265 2367 2341 2421 illi
2410 2366 2772 2420 fortitudinis
2841 2365 2998 2419 laude
3065 2365 3211 2419 inter
3286 2378 3419 2418 suos

1829 2462 2049 2532 claret),
2077 2463 2327 2516 animose
2384 2460 2640 2529 utrinque
2670 2467 2962 2529 pugnatur.
3018 2459 3061 2512 A
3098 2457 3271 2527 prima
3300 2459 3419 2511 luce

1830 2559 1898 2611 ad
1945 2555 2226 2608 meridiem
2283 2567 2459 2622 usque
2514 2562 2703 2606 neutra
2757 2553 3017 2606 inclinata
3079 2551 3263 2617 acies,
3322 2548 3420 2604 sed

1828 2660 2052 2704 strenue
2080 2648 2299 2715 utrique
2327 2656 2636 2715 pugnantes
2679 2646 2959 2716 egregium
3001 2643 3116 2714 80
3159 2642 3420 2696 militaris

1836 2743 2045 2812 peritiae
2100 2756 2165 2794 ac
2225 2740 2563 2794 fortitudinis
2593 2739 2872 2807 specimen
2909 2735 3264 2791 exhibebant.
3309 2733 3417 2788 Po—

1828 2843 2037 2889 stremo
2066 2840 2323 2901 vergente
2356 2832 2423 2885 ad
2458 2845 2741 2900 vesperam
2774 2829 2865 2883 die
2898 2826 3145 2897 superati
3182 2824 3420 2881 Creten-

1830 2941 1919 2982 ses
1951 2925 2135 2994 fugam
2185 2922 2414 2978 faciunt.
2473 2924 2676 2977 Eorum
2729 2921 2886 2975 mulli
2936 2921 2989 2974 in
3028 2933 3206 2989 pugna
3265 2917 3428 2985 caesi,‘

1832 3018 2020 3088 plures
2070 3017 2299 3085 abiectis
2345 3016 2518 3070 armis
2567 3031 2597 3067 a
2636 3014 2901 3068 Romanis
2962 3009 3422 3081 persequentibus

1833 3110 2001 3179 capti.
2063 3110 2143 3163 Ae
2175 3108 2317 3163 forte
2358 3108 2669 3162 aceelerato
2698 3105 2921 3172 negotio
2954 3104 3263 3173 maiorique
3294 3100 3421 3153 dili-

136 3186 383 3249 αὶώτονς
410 3186 627 3249 ἔλαϐον,
657 3191 721 3241 ἐκ
751 3190 909 3253 ποδὸς
938 3192 1216 3258 ἑπόμενοι.
1249 3193 1461 3263 Τάχαὸ
1489 3194 1734 3263 ἂνΙσπου-

1844 3204 2022 3273 gentia
2053 3202 2227 3271 ipsam
2257 3215 2320 3254 ea
2349 3200 2437 3254 die
2471 3200 2663 3253 urbem
2696 3198 2992 3267 cepissent,
3046 3195 3150 3249 nisi
3178 3208 3284 3247 nox
3338 3192 3421 3245 in-

135 3278 406 3342 δάσαντες
432 3281 626 3334 ἐλτιϐον
652 3282 750 3353 τὴν
775 3284 931 3336 πόλιν
959 3284 1296 3355 αὐθημερὸν,
1326 3288 1375 3339 εί
1405 3288 1480 3357 μὴ
1511 3286 1606 3351 νὺξ
1629 3287 1731 3358 ήδη

142 3374 453 3442 φαινομένη
495 3372 825 3443 ἀνέστρεψεν
840 3376 885 3408 ⁸³
917 3377 992 3439 ὡς
1025 3376 1095 3431 τὰ
1128 3378 1432 3449 πράγματα
1464 3383 1557 3431 καὶ
1595 3380 1729 3432 ἀνά-

140 3465 361 3517 παυλαν
427 3465 642 3530 τούτοις
690 3465 916 3537 ζητοῦσι
959 3470 1120 3538 φόνον
1186 3470 1301 3523 ἀλλ’
1341 3473 1403 3525 οὐ
1457 3471 1733 3542 σωτηρίαν

136 3558 436 3611 ἀπέτεκεν.
471 3559 536 3611 Ol
569 3558 669 3628 μὲν
697 3560 805 3631 γὰρ
830 3561 907 3623 ὠς
936 3562 1036 3633 ήδη
1062 3563 1441 3632 νενικηκότες,
1470 3565 1565 3615 καὶ
1594 3564 1729 3617 πάν-

134 3667 236 3712 τας
258 3649 459 3719 αὖριον
491 3652 551 3702 ἐν
575 3650 767 3721 βραχεί
792 3652 1016 3723 βραχεῖς
1042 3653 1202 3717 ὖντας
1247 3654 1573 3716 ἐλπίσαντες
1604 3655 1728 3707 συλ-

136 3741 352 3807 λαϐεῖν,
396 3744 539 3812 πρὸς
578 3743 775 3806 πότους
806 3745 901 3796 καὶ
930 3745 1162 3815 τρυφὰς,
1209 3744 1287 3808 ὡς
1324 3746 1384 3797 ἐν
1406 3746 1583 3815 οἰκείᾳ
1613 3745 1729 3799 ἀλλ’

134 3839 240 3890 οὐκ
264 3837 328 3888 ἐν
358 3835 623 3906 ἀλλοτρίᾳ
648 3836 956 3904 διάγοντες,
990 3838 1374 3906 ἐξεϐάκχευον,
1415 3839 1553 3909 μήτε
1584 3839 1730 3903 τινὸς

137 3927 403 3998 φυλακῆς
438 3931 563 3999 μήτ’
592 3928 759 3998 ἀλλης
796 3929 1070 3999 σωτηρίας
1098 3932 1199 3999 τῆς
1252 3932 1395 3984 κατά
1423 3931 1515 3983 τὸν
1575 3932 1731 3985 πολε-

143 4024 309 4091 μικὸν
341 4022 511 4091 νόμον
532 4022 823 4091 γινομένης
854 4023 1261 4093 φροντίσαντες,
1289 4022 1459 4076 ὕπνου
1484 4024 1538 4076 δὲ
1565 4025 1728 4091 μόνου

140 4116 237 4168 καὶ
271 4116 379 4183 τῆς
408 4114 479 4167 τὰ
513 4116 693 4166 πάντα
723 4114 916 4184 ῥᾳδίως
959 4113 1376 4184 ἀνατρεπούσης
1422 4117 1516 4167 καὶ
1556 4117 1729 4169 ἀπολ-

138 4207 381 4276 λυούσης
403 4205 664 4276 ἀμελείας
694 4222 754 4257 τε
781 4207 873 4258 καὶ
903 4207 1206 4276 ῥᾳστώνης.
1231 4208 1394 4260 Ὅθεν
1413 4210 1541 4279 περὶ
1562 4211 1733 4278 μέσας

137 4298 371 4362 νύκτας,
393 4297 522 4348 ἐπεὶ
550 4295 640 4348 διά
663 4295 773 4347 τῶν
800 4294 1010 4347 ἐαυτῶν
1055 4294 1314 4363 φυλάκων
1364 4296 1440 4358 ὡς
1492 4299 1548 4350 ἐν
1598 4298 1735 4350 ἀπο-

139 4388 240 4459 ρίᾳ
282 4385 704 4458 ἀγρυπνοῦντες
740 4387 788 4438 οί
821 4386 1121 4455 Κρηταιεῖς
1149 4385 1304 4456 ὕπνῳ
1333 4388 1428 4438 καὶ
1451 4385 1579 4453 οἴνῳ
1606 4387 1739 4440 καθ-

136 4481 389 4552 ῃρῆσθαι
415 4479 545 4539 τοὺς
570 4476 672 4545 τῆς
712 4476 1027 4547 Ῥωμαῖκῆς
1058 4478 1411 4547 παρεμϐολῆς
1440 4478 1734 4548 ἀνέμαθον,

1840 3308 2041 3365 gruens
2095 3308 2184 3347 res
2245 3293 2299 3345 in
2350 3292 2629 3346 diversum
2682 3298 2992 3351 mutasset,
3047 3298 3101 3341 ct
3154 3284 3421 3339 Romanis

1834 3387 2083 3456 quietem
2140 3384 2491 3454 captantibus
2530 3398 2640 3437 non
2700 3384 2931 3437 salutem
2976 3380 3280 3450 peperisset
3326 3377 3420 3431 sed

1833 3479 2110 3533 interitum
2143 3485 2511 3545 stragemque.
2566 3475 2632 3529 Hi
2684 3475 2831 3529 enim
2882 3482 3144 3542 tanquam
3177 3472 3421 3525 victoria:

1839 3569 2045 3634 securi,
2084 3584 2291 3638 speque
2324 3566 2446 3622 fulti
2480 3565 2599 3621 fore
2646 3577 2705 3620 ut
2740 3567 3050 3630 universos,
3108 3564 3203 3633 qui
3260 3563 3418 3632 pauci

1837 3670 2243 3725 remanserant,
2271 3660 2359 3714 die
2383 3659 2629 3714 crastino
2651 3659 2795 3712 facili
2828 3658 3043 3726 negotio
3076 3656 3129 3709 in
3183 3663 3423 3724 potesta-

1836 3762 1944 3807 tem
1978 3753 2304 3822 redigerent,
2339 3751 2564 3822 perinde
2591 3766 2655 3805 ac
2697 3751 2742 3804 si
2774 3750 2946 3814 domi,
2975 3762 3084 3803 non
3118 3748 3173 3801 in
3205 3747 3422 3801 hostico

1835 3852 2081 3913 agerent,
2116 3841 2496 3912 potationibus
2546 3852 2600 3897 et
2644 3842 2865 3895 luxuria
2898 3849 3116 3894 noctem
3152 3837 3422 3907 transige-

1833 3937 1982 3992 bant.
2050 3937 2419 3991 Exeubiarum
2470 3951 2566 3991 seu
2624 3936 2860 3989 aliorum
2908 3933 3111 4003 quibus
3172 3932 3228 3985 in
3278 3929 3421 3985 bello

1840 4030 2007 4084 saluti
2041 4038 2266 4083 cantum
2324 4029 2575 4083 videatur
2602 4028 2751 4081 nulla
2798 4028 2879 4081 eis
2932 4027 3104 4091 ratio;
3162 4037 3420 4078 somnum

1836 4122 2107 4176 duntaxat
2143 4134 2196 4175 et
2240 4122 2482 4190 quietem
2525 4122 2824 4190 omniaque
2878 4118 3041 4173 facile
3086 4124 3419 4172 evertentem

1837 4212 2148 4267 socordiam
2176 4225 2230 4267 et
2250 4214 2535 4267 mollitiem
2556 4214 2895 4281 cogitabant.
2918 4212 3211 4265 Cretenses
3236 4210 3423 4278 itaque

1839 4303 2065 4373 (quippe
2099 4319 2325 4358 suarum
2358 4319 2540 4357 rerum
2573 4304 2743 4373 anxii)
2777 4303 2991 4371 vigiles,
3017 4316 3143 4356 eum
3175 4302 3422 4355 Romana

1835 4405 2016 4451 castra
2044 4398 2171 4452 vino
2198 4411 2506 4466 somnoque
2530 4397 2789 4465 depressa
2813 4411 2842 4450 a
2869 4398 2985 4450 suis
3008 4393 3423 4449 excubitoribus

1843 4488 2188 4553 didicissent,
2231 4489 2297 4543 ad
2328 4489 2564 4543 mediam
2612 4488 2835 4543 circiter
2877 4496 3095 4541 noctem
3129 4485 3421 4541 confestim

137 4551 396 4643 αὐθωρὸν
456 4568 766 4633 ἐξελθόντες
794 4570 1041 4639 μαχαίρᾳ
1074 4569 1279 4627 πάντας
1315 4568 1629 4635 ἀπώλεσαν,
1662 4570 1734 4634 ὠς

1844 4582 2050 4649 impetu
2080 4581 2134 4633 in
2177 4551 2274 4635 eos
2304 4580 2448 4635 facto
2480 4595 2675 4635 omnes
2706 4580 2889 4649 gladio
2928 4580 3224 4645 trucidant,
3260 4579 3331 4632 ita
3366 4588 3426 4632 ut

140 4668 275 4736 μηδ’
299 4663 653 4737 ἀγγελονητὸ
683 4662 748 4732 δὴ
777 4662 1090 4731 λεγόμενον,
1115 4662 1455 4731 ὑποστρέψαι
1481 4668 1575 4717 καὶ
1597 4666 1741 4716 ἐκεῖ·

138 4762 236 4815 θεν
276 4759 642 4827 διασωθῆναι,
694 4761 726 4825 ἢ
763 4758 926 4826 μόνον
955 4758 1048 4811 τὸν
1078 4759 1384 4828 στρατηγὸν
1432 4759 1739 4828 ἐμπορικοῦ

136 4854 415 4907 ἐπιϐάντα
442 4852 631 4904 πλοίου
646 4855 740 4903 καὶ
758 4851 856 4920 τὴν
876 4852 1155 4921 σωτηρίαν
1173 4851 1462 4921 ζητοῦντα.
1486 4853 1633 4922 Πλὴν
1649 4852 1743 4905 καὶ

137 4947 339 4999 τοῦτον
365 4945 492 4998 ἐπεὶ
524 4942 800 5013 πανταχοῦ
822 4945 849 4996 ό
866 4945 975 4996 τῶν
1013 4944 1334 5015 Ἀγαρηνῶν
1362 4945 1585 5014 ἡγεμὼν
1613 4947 1744 4998 ἁνα-

138 5037 329 5104 ζητῶν
374 5036 479 5105 μὲν
504 5035 604 5103 οὐχ
637 5034 858 5105 εὕρισκε
896 5035 1120 5101 φεύγειν
1145 5035 1202 5087 δὲ
1230 5035 1501 5105 διήκουεν,
1542 5037 1738 5090 ὁλκάσι

136 5128 339 5180 τοῦτον
368 5126 497 5196 μεθ’
522 5126 809 5196 ἡγεμόνων
844 5125 1184 5197 ἀναζητῆσαι
1221 5129 1539 5181 ἐκέλευσεν
1566 5131 1616 5183 οἲ
1645 5130 1741 5182 καὶ

138 5220 558 5282 καταλαϐόντες
592 5218 782 5272 τοῦτον
814 5221 872 5272 ἐν
902 5220 1000 5290 Κῷ
1030 5222 1126 5274 ἐπὶ
1167 5219 1327 5285 ξύλου
1362 5223 1742 5292 κρεμάσαντες

135 5314 531 5385 διαφθαρῆναι
580 5314 865 5383 ἐποίησαν.
899 5313 1013 5367 Καὶ
1037 5316 1105 5367 τά
1130 5315 1228 5383 μὲν
1259 5315 1401 5367 κατά
1434 5313 1534 5384 τὴν
1558 5315 1743 5384 μάχην

136 5409 374 5477 ἐκείνην
409 5409 509 5461 καὶ
550 5406 645 5459 τὸν
676 5406 866 5475 ἀγῶνα
902 5406 1289 5477 συμϐεϐηκότα
1321 5407 1566 5473 τοιαῦτα,
1612 5408 1743 5461 πολ-

140 5502 246 5569 Ᾱὴν
284 5500 589 5567 ἐνεγκόντα
626 5500 918 5568 Ῥωμαίοις
948 5502 1255 5571 συμφοράν,
1283 5502 1344 5554 ού
1369 5504 1468 5572 τὴν
1490 5502 1547 5567 ἐξ
1572 5503 1742 5572 ἣττης

143 5592 325 5663 μόνον
356 5595 598 5662 ἐκείνης,
626 5592 761 5646 ἀλλὰ
790 5594 887 5645 καὶ
916 5592 1015 5661 τὴν
1042 5591 1229 5646 ἔκτοτε
1265 5596 1619 5663 κρατήσασαν
1649 5594 1741 5647 καὶ

1842 4687 1913 4726 ne
1944 4672 2195 4725 nuntium
2225 4672 2445 4739 quidem
2480 4674 2649 4743 (quod
2695 4673 2876 4743 adagii
2908 4677 3016 4739 est)
3062 4687 3321 4727 reversus
3354 4671 3426 4726 sit

1844 4774 1935 4816 aut
1971 4764 2110 4817 cladi
2140 4773 2421 4832 superstes
2453 4765 2740 4819 exstiterit.
2802 4764 2958 4819 Unus
3005 4765 3116 4820 dux
3161 4765 3425 4819 Craterus

1847 4858 2176 4911 mercatoria
2203 4873 2337 4912 usus
2381 4858 2599 4927 navigio
2634 4859 2870 4912 salutem
2891 4859 3186 4927 expedivit.
3220 4856 3424 4912 Verum

1851 4947 1998 5001 hunc
2044 4962 2265 5016 quoque
2330 4949 2713 5017 Agarcnorum
2774 4948 2885 5001 dux
2934 4948 3029 5002 diu
3085 4948 3428 5017 multumque

1834 5041 2146 5109 quaesitum,
2178 5056 2281 5095 nec
2326 5056 2558 5111 usquam
2591 5042 2899 5107 inventum,
2969 5058 3094 5097 eum
3130 5041 3253 5111 fuga
3301 5056 3428 5096 eva-

1837 5133 1975 5186 sisse
2007 5133 2274 5197 audisset,
2339 5149 2504 5189 naves
2542 5132 2940 5203 praefectosque
3005 5135 3171 5188 mittit
3200 5134 3295 5203 qui
3322 5136 3423 5189 ho-

1839 5226 2040 5279 minem
2076 5235 2328 5295 quaarant
2356 5242 2420 5282 ac
2466 5227 2851 5296 insequantur.
2921 5226 2986 5281 lli
3044 5230 3097 5282 in
3129 5226 3206 5281 Co
3239 5228 3421 5283 insula

1840 5332 1963 5371 eum
1995 5319 2232 5372 assecuti
2262 5319 2315 5372 in
2350 5319 2456 5389 81
2491 5334 2715 5373 erucem
2776 5330 3003 5389 agentes
3055 5318 3423 5375 sustulerunt.

1851 5411 2061 5480 Hicque
2093 5411 2233 5465 adeo
2260 5411 2385 5466 belli
2418 5411 2566 5467 illius
2598 5422 2762 5482 atque
2798 5411 2969 5481 prmlii
3016 5420 3247 5466 eventus
3297 5409 3428 5474 fuit,

1850 5503 1993 5557 unde
2022 5504 2215 5574 ingens
2247 5505 2323 5559 rei
2355 5504 2616 5559 Romanae
2650 5519 2833 5559 creata
2868 5504 3177 5571 calamitas,
3222 5520 3330 5558 non
3354 5506 3429 5558 ob

1849 5611 1969 5650 cam
2001 5599 2519 5663 duntaxateladcm,
2546 5614 2709 5668 quam
2743 5608 2869 5654 tunc
2898 5598 3126 5668 accepit,
3157 5596 3251 5653 sed
3275 5596 3433 5666 quod~

1414 5778 1647 5834 VARI/li
1690 5778 1981 5835 LECTION
1990 5778 2096 5836 ES.

222 5874 276 5909 η
304 5873 674 5928 παρενέλαϐεν
698 5873 758 5929 1³.
832 5874 875 5905 ⁸⁸
906 5873 1256 5942 ύφαπλὼντος
1291 5872 1347 5927 l‘.

1428 5876 1471 5904 "
1495 5874 1830 5945 ἀνέστρεψεν
1860 5874 2141 5931 Ccdrenus
2172 5891 2183 5927 :
2219 5872 2259 5929 P
2290 5875 2435 5930 enim
2472 5873 2856 5945 ἀντέστρεψιν.
