4158 6442
700 418 776 479 95
1804 404 2315 465 THEOPIIANES
2341 399 2899 461 CONTINUATUS.
3911 391 3984 452 96

698 529 867 585 etiam
902 538 966 578 ex
1029 522 1122 576 illo
1168 530 1415 589 tempore
1468 519 1722 573 roborata
1771 517 2064 589 multieeps
2111 518 2281 589 hydra

2408 513 2745 583 ῑιαμείνασαν
2776 508 3151 578 πολυκέφαλον
3184 506 3371 576 ὕδραν,
3404 506 3583 558 ἐκεῖσε
3614 503 3712 557 καὶ
3740 502 3979 571 ἀλλαχοῦ

703 615 1023 680 duraverit;
1089 626 1213 681 quae
1257 626 1383 665 cum
1445 611 1517 663 ibi
1575 611 1811 679 aliisque
1877 609 2014 666 locis
2078 623 2297 677 semper

702 707 1095 769 exscindatur,
1159 704 1283 758 aliis
1352 704 1585 758 subinde
1676 701 1948 772 germinat
2024 716 2092 756 ac
2156 702 2302 757 revi-

704 814 735 854 r
754 801 890 855 iscit.

775 892 864 945 26.
899 891 1213 946 Secundum
1253 891 1367 945 haec
1407 890 1491 944 vir
1518 888 1749 959 quidam
1784 887 1864 943 rei
1907 887 2171 943 militaris
2201 902 2300 955 ap-

710 985 889 1055 prime
945 999 1152 1054 gnarus
1200 982 1613 1053 prudentiaeque
1654 996 1720 1035 ac
1762 981 2081 1048 sagacitatis
2121 980 2301 1035 laudis

708 1092 817 1130 non
837 1092 1053 1145 expers,
1070 1082 1437 1145 cegnomento
1451 1073 1759 1143 Oorypbas,
1778 1072 2296 1141 imperatorisjussu

715 1170 1020 1224 exercitum
1050 1168 1216 1237 cogit,
1239 1165 1748 1236 Ouadragenarinm
1779 1173 1909 1217 tunc
1937 1163 2298 1233 appellatum,

716 1264 861 1331 quod
880 1262 1241 1329 quadraginta
1264 1260 1417 1314 aurei
1439 1258 1492 1311 in
1517 1256 1761 1326 singulos
1788 1255 2066 1310 distributi
2091 1261 2300 1309 essent.

722 1355 772 1409 ls
803 1354 941 1408 alias
970 1369 1190 1422 quoque
1224 1352 1454 1415 insulas,
1498 1364 1639 1418 quas
1696 1348 1774 1402 illi
1836 1347 2036 1417 exiguo
2069 1360 2301 1400 numero

721 1452 1024 1515 paucisque
1080 1444 1289 1497 colonis
1326 1443 1607 1501 tenebant,
1670 1440 1955 1504 invadens,
1988 1438 2301 1508 partimque

710 1538 906 1590 locatis
963 1534 1178 1588 insidiis
1210 1532 1405 1601 partim
1442 1531 1632 1600 praelio
1695 1542 2050 1598 congressus,
2097 1529 2302 1596 Agare-

714 1641 816 1678 nos
864 1626 918 1677 in
978 1624 1060 1677 eis
1117 1621 1490 1676 internecione
1530 1618 1731 1673 delevit
1773 1632 1838 1672 ac
1858 1618 2101 1673 sustulit.
2145 1616 2300 1671 Hanc

708 1733 855 1780 vero,
914 1717 977 1768 de
1026 1732 1128 1783 qua
1177 1714 1323 1765 nobis
1349 1728 1521 1765 sermo
1586 1720 1662 1764 est
1714 1710 1788 1781 (id
1822 1720 1905 1765 est
1947 1710 2188 1779 Cretam)
2230 1713 2300 1764 ad

710 1826 828 1871 nos,
882 1819 936 1860 ut
1012 1808 1240 1869 videtur,
1296 1806 1381 1857 lue
1422 1809 1519 1857 hac
1575 1804 1903 1857 liberandam
1976 1805 2297 1858 transmisit.

2413 607 2511 678 μὲν
2540 604 2992 676 ἀποτεμνομένην
3019 601 3126 664 ἀεὶ,
3149 598 3552 654 ἀιιαθάλλουσαν
3578 596 3635 650 δὲ
3667 594 3925 665 ἀλλαχοῦ.

2477 877 2591 945 κς’.
2631 878 2788 933 Μετά
2814 877 2873 931 δὲ
2914 875 3089 930 ταῦτα
3116 876 3257 948 ἀνήρ
3290 892 3374 938 τις
3412 876 3815 947 στρατιωτικῆς
3856 875 3983 926 πεί-

2408 989 2533 1042 ρας,
2586 971 2725 1042 πρὸς
2783 970 2841 1024 δὲ
2889 970 2985 1023 καὶ
3028 971 3343 1039 φρονήσεως
3403 968 3500 1021 καὶ
3549 966 3831 1036 ἀγχινοίας
3880 967 3983 1019 οὐκ

2404 1065 2657 1135 ἄμοιρος,
2701 1057 2765 1116 οὗ
2807 1062 2869 1116 τὸ
2920 1059 3207 1130 ἐπώνυμον
3249 1058 3541 1131 Ὠορύφας,
3595 1059 3825 1129 στρατόν
3862 1076 3983 1111 τινα

2403 1152 2664 1224 ἀθροίσας
2690 1152 2784 1205 τὸν
2810 1153 2909 1225 [Ρ.
2941 1150 3035 1223 5i]
3061 1153 3593 1219 τεσσαρακοντάριον
3632 1152 3751 1205 τότε
3784 1152 3983 1205 καλού-

2406 1262 2567 1315 μενον
2590 1244 2875 1315 βασιλικῆς
2898 1245 2964 1296 ὲκ
2983 1243 3352 1315 προστάξεως,
3379 1245 3443 1295 ὲκ
3466 1243 3560 1295 τοῦ
3588 1245 3982 1314 διανεμηθῆναι

2402 1338 2589 1400 αὐτοῖς
2635 1336 2740 1389 ἀνά
2784 1337 3197 1404 τεσσαράκοντα
3247 1335 3539 1406 χρυσίνων,
3570 1336 3671 1398 τάς
3724 1352 3785 1388 τε
3815 1337 3985 1397 ἄλλας

2401 1430 2634 1498 νήσους,
2687 1422 2777 1491 αἷς
2818 1427 3078 1494 ὀλίγιστοι
3127 1426 3404 1497 ἐφέροντο,
3462 1427 3837 1497 κατατρέχων,
3890 1429 3986 1480 καὶ

2400 1521 2512 1581 τοῖς
2548 1518 2649 1588 μὲν
2692 1519 2884 1588 λόχους
2906 1519 3150 1585 ἐπάγων,
3180 1523 3293 1580 τοῖς
3327 1518 3382 1569 δὲ
3412 1518 3507 1571 καὶ
3536 1520 3784 1589 φανερῶς
3827 1521 3988 1571 πολε-

2405 1611 2544 1681 μῶν,
2570 1611 2937 1681 ὲξωλόθρευσέ
2965 1628 3023 1663 τε
3050 1614 3146 1665 καὶ
3174 1612 3423 1682 ἀπωλείᾳ
3454 1612 3804 1683 παρέδωκεν·
3842 1614 3987 1667 Tati-

2401 1720 2515 1769 την
2532 1704 2578 1735 ’⁸
2605 1701 2696 1767 δὲ,
2723 1703 2805 1769 ὡς
2828 1704 3044 1768 ἔοικεν,
3069 1705 3464 1773 παρέπεμψεν
3484 1708 3570 1770 είς
3598 1704 3773 1773 ἡμᾶς.
3812 1707 3989 1759 Ἀλλὰ

2400 1795 2474 1848 τὰ
2500 1793 2620 1863 μὲν
2638 1794 2770 1863 περὶ
2799 1792 2992 1862 αὐτῆς
3024 1793 3147 1859 Θεῷ
3175 1794 3418 1861 πάντως
3432 1795 3711 1865 μελήσει,
3726 1795 3992 1864 μελήσει

715 1900 850 1963 Qua:
896 1916 1056 1967 porro
1093 1898 1245 1951 illum
1282 1908 1542 1963 spectant,
1592 1898 1806 1949 omnino
1862 1893 2071 1947 curabit
2121 1896 2298 1948 Deus:

2408 1885 2472 1937 δὲ
2502 1886 2603 1939 καί
2648 1885 2796 1954 ἡμῖν
2845 1886 2971 1952 τοῖς
3002 1888 3233 1953 νύκτωρ
3280 1887 3376 1940 καί
3424 1888 3552 1956 μεθ’
3609 1887 3836 1958 ἡμέραν
3873 1889 3994 1956 τὴν·

715 1996 808 2046 sed
839 2005 886 2046 et
918 1993 1063 2044 nobis
1085 2008 1226 2044 cura:
1249 1994 1371 2051 erit,
1402 2006 1627 2058 quarunt
1655 1990 1863 2043 animos
1887 1988 2003 2055 eius
2027 1988 2302 2042 vindican-

712 2083 797 2135 da:
817 2081 1117 2134 sollicitudo
1142 2082 1234 2132 diu
1266 2092 1527 2149 noctuque
1561 2080 1771 2132 diverat
1807 2095 1869 2132 ac
1893 2079 2125 2147 conﬁcit.

785 2175 872 2228 ‘27.
912 2174 1117 2229 Eodem
1153 2186 1397 2241 tempore
1444 2173 1784 2243 Enpliemius
1814 2174 2041 2243 quidam
2076 2174 2129 2227 in
2166 2172 2306 2227 Sici-

717 2267 789 2321 lia
814 2266 1069 2321 tribunus
1123 2266 1350 2335 virginis
1376 2266 1665 2334 cujusdam
1698 2268 1751 2320 in
1777 2267 2031 2322 emnobio
2073 2267 2306 2337 agentis,

718 2358 969 2425 olimque
1017 2358 1071 2409 in
1099 2370 1167 2409 eo
1198 2366 1461 2423 suscepto
1488 2356 1758 2424 religiosa:
1811 2355 2177 2410 institutionis
2208 2357 2309 2410 ha-

720 2448 838 2500 liitn
878 2449 1164 2510 merentis,
1194 2461 1383 2500 amore
1405 2446 1723 2514 corripitur,
1752 2446 2142 2515 explendaeque
2175 2446 2303 2500 libi-

722 2542 870 2597 dinis
931 2542 1133 2610 ingenti
1187 2541 1464 2597 desiderio
1521 2542 1791 2608 cepulatis
1832 2557 1954 2596 cum
2008 2557 2071 2596 ea
2100 2541 2306 2611 nuptiis

721 2635 1064 2689 accenditur.
1094 2634 1250 2700 Quod
1280 2650 1409 2688 vero
1428 2635 1738 2703 exemplum
1772 2634 1917 2688 baud
1948 2635 2136 2701 procul
2165 2645 2307 2699 erat,

716 2743 834 2780 rem
862 2726 1133 2793 ejusmodi
1194 2726 1337 2780 nihil
1370 2736 1561 2780 vetans
1612 2736 1708 2779 aut
1762 2726 1832 2779 ab
1885 2741 1953 2780 eo
1999 2726 2306 2792 deterrens,

717 2820 833 2886 ipse
865 2818 975 2887 82
1010 2817 1268 2871 nimirum
1307 2816 1538 2871 Michael
1568 2816 1717 2888 (nam
1753 2826 1807 2871 et
1843 2818 1955 2883 ille,
1990 2820 2069 2872 uti
2097 2818 2306 2873 dictum

717 2920 826 2972 cst,
858 2911 1041 2964 simile
1066 2909 1280 2964 facinus
1305 2925 1478 2978 nuper
1532 2910 1923 2979 perpetrarat),
1980 2910 2247 2980 virginem
2277 2926 2309 2966 e

720 3004 1057 3057 monasterio
1108 3013 1321 3073 raptam
1362 3003 1591 3057 invitam
1633 3006 1700 3057 ad
1750 3019 1811 3059 se
1866 3003 2147 3060 subducit.
2196 3004 2309 3059 Ad-

722 3102 858 3147 eunt
885 3095 1070 3164 itaque
1098 3094 1419 3149 SIieliaelem
1456 3096 1681 3167 virginis
1702 3095 1967 3163 germani,
1986 3105 2311 3167 gestumque

726 3187 908 3240 scelus
934 3202 1070 3255 ειμι»
1109 3187 1306 3240 "dant.
1366 3186 1506 3241 Tum
1546 3190 1847 3256 imperator
1907 3187 2114 3243 Sicilia:
2166 3205 2304 3259 prte-
2330 3208 2375 3271 ρ

722 3278 829 3330 tori
885 3280 1132 3344 mandat,
1167 3281 1431 3350 siquidem
1461 3296 1640 3333 verum
1669 3298 1757 3334 eos
1809 3284 2008 3334 crimen
2047 3282 2307 3337 detulisse

720 3370 1056 3437 compererit,
1096 3369 1221 3439 legis
1276 3373 1333 3424 in
1381 3386 1500 3424 eum
1548 3373 1719 3439 rigore
1776 3370 2067 3439 Bap/tentia
2117 3389 2307 3427 nasum

723 3461 1026 3515 abscindat.
1062 3461 1399 3529 Eupliemins
1432 3477 1562 3515 vero
1591 3463 1680 3517 ubi
1712 3464 1953 3527 rescivit,
2009 3479 2307 3534 secumque

720 3554 846 3621 jure
882 3557 1151 3622 agendum
1178 3565 1437 3623 reputans
1462 3571 1527 3610 ac
1557 3557 1905 3624 imperatoris
1959 3558 2093 3611 iram
2128 3558 2306 3612 refor-

731 3648 969 3712 midans,
996 3648 1189 3703 aseitis
1208 3649 1262 3703 in
1286 3648 1721 3717 conjurationetn
1740 3660 1855 3704 ttnn
1876 3650 1925 3704 ei
1951 3650 2305 3707 militantium

722 3754 890 3794 manu
911 3751 1025 3795 tum
1060 3743 1342 3796 nonnullis
1368 3743 1493 3798 aliis
1522 3744 1778 3807 tribunis,
1802 3753 2090 3813 praetorem
2116 3745 2172 3799 in
2205 3748 2311 3800 boc

730 3831 1040 3886 venientem
1072 3843 1131 3887 ut
1156 3847 1348 3901 ptenas
1381 3835 1451 3887 ab
1484 3848 1551 3887 eo
1578 3844 1911 3901 reposceret,
1934 3835 2058 3904 luga
2084 3834 2307 3898 delusit.

723 3929 885 3987 atque
909 3919 976 3975 ad
1006 3920 1207 3975 Africa!
1241 3936 1689 3977 ameramnunem
1729 3919 1996 3991 confugit,
2031 3923 2308 3991 pollicitus

726 4025 947 4064 omnem
977 4025 1037 4065 se
1064 4011 1139 4064 illi
1170 4011 1414 4066 Siciliam
1462 4013 1838 4078 subiecturum
1872 4028 1935 4068 ac
1968 4014 2175 4082 grande
2207 4014 2310 4068 tri-

731 4102 926 4156 butum
959 4103 1294 4168 soluturum,
1329 4105 1371 4158 si
1405 4106 1567 4158 modo
1600 4106 1645 4159 is
1681 4105 1729 4159 ei
1766 4107 2077 4175 imperiales
2102 4106 2309 4163 infulas

726 4210 1034 4264 nomenque
1064 4196 1301 4250 deferret
1330 4197 1729 4266 nonnullasque
1788 4199 1978 4268 copias
2014 4200 2144 4253 belli
2171 4202 2307 4255 sub-

727 4285 871 4339 sidio
926 4286 1395 4342 subministraret.
1461 4287 1616 4343 Facit
1673 4289 1784 4353 ille.
1828 4305 1892 4345 ac
1936 4291 2309 4347 Romanorum

726 4376 1108 4446 imperatorem
1131 4379 1399 4435 acclamat
1415 4396 1430 4444 ;
1444 4396 1848 4451 numerosoque
1859 4383 2140 4450 assignato
2155 4397 2314 4437 exer-

725 4466 837 4519 citu
872 4466 1018 4522 illius
1045 4468 1219 4537 ipsius
1234 4484 1402 4539 opera
1433 4468 1634 4524 Siciliae
1659 4486 1886 4541 compos
1908 4472 2173 4539 edicitur;
2211 4488 2311 4528 nec

2400 1978 2614 2049 ψυχὴν
2645 1979 3002 2034 δαπανῶσιν
3030 1980 3183 2048 ὑπὲρ
3211 1978 3421 2047 αὐτῆς.

2478 2157 2581 2224 κζ’.
2618 2160 2778 2214 Κατά
2799 2161 2855 2213 δὲ
2884 2161 2974 2215 τὸν
3000 2161 3163 2215 αὐτὸν
3191 2161 3384 2231 καιρὸν
3416 2161 3704 2232 Εὑφήμιός
3733 2179 3817 2225 τις
3847 2162 3995 2215 κατά

2401 2254 2503 2321 τὴν
2550 2254 2800 2307 Σικελίαν
2870 2254 3231 2324 τουρμάρχης
3292 2253 3464 2307 τελῶν
3513 2253 3788 2324 παρθένου
3844 2254 3997 2317 τινὸς

2405 2346 2519 2415 ἦρα
2563 2346 2922 2417 ἀσκητηρίοις
2976 2345 3405 2416 ὲνδιαιτωμένης
3453 2348 3547 2399 καὶ
3596 2346 3659 2399 τὸ
3699 2347 3999 2417 μοναχικδν

2403 2437 2641 2490 ἔκπαλαι
2664 2438 3048 2507 ἀναλαϐούσης
3071 2438 3276 2507 σχῆμα,
3304 2439 3398 2491 καὶ⁵
3422 2438 3510 2491 διά
3535 2437 3731 2491 πολλοῦ
3752 2441 4002 2492 ἑποιεῖτο

2407 2532 2499 2583 τὸν
2531 2529 2699 2584 αὐτοῦ
2728 2530 2908 2601 ἔρωτα
2933 2531 3314 2600 ἐκπληρῶσαι,
3355 2532 3456 2601 τὴν
3504 2531 3777 2599 παρθένον
3810 2530 4001 2584 λαϐὼν

2407 2640 2527 2686 πως
2560 2627 2640 2685 εἰς
2683 2625 2952 2693 γαμετήν.
3008 2624 3162 2676 Ἐπεὶ
3194 2623 3326 2690 γοῦν
3381 2624 3734 2693 παράδειγμα
3763 2625 3823 2676 ού
3860 2624 4002 2694 πόρ-

2408 2716 2584 2785 ρωθεν
2617 2712 2765 2785 εἶχεν
2799 2716 2860 2768 οὐ
2905 2714 3117 2768 κωλῦον
3146 2716 3258 2769 οὐδ’
3305 2716 3639 2786 ἀποτρέπον,
3684 2714 3876 2767 τοῦτον
3930 2715 4002 2784 δὴ

2407 2807 2498 2860 τὸν
2522 2806 2743 2877 Μιχαὴλ
2770 2807 2894 2877 (καὶ
2919 2808 3050 2876 γάρ,
3078 2808 3155 2869 ὡς
3176 2809 3412 2879 εἴρηται,
3440 2809 3533 2861 καὶ
3561 2808 3726 2871 αὐτὸς
3753 2807 4004 2861 τοιοῦτον

2406 2915 2460 2951 τι
2487 2900 2790 2968 ἐτόλμησεν
2809 2901 2852 2966 ),
2892 2900 3211 2971 ἀφαρπάζει
3245 2903 3345 2971 τὴν
3391 2902 3660 2972 παρθένον
3692 2900 3787 2954 τοῦ
3822 2902 4005 2971 ἀσκη-

2405 2990 2598 3061 τηρίου
2632 2992 2727 3044 καὶ
2756 2992 2894 3061 πρὸς
2921 2994 3114 3045 ἑαυτὸν
3140 2992 3382 3047 ἄκουσαν
3414 2992 3753 3061 ὑπηγάγετο.
3775 2992 4008 3062 Ταύτης

2406 3083 2502 3137 οὖν
2520 3086 2568 3137 oi
2595 3084 2819 3153 ἀδελφοὶ
2844 3084 2923 3155 τῷ
2952 3085 3172 3155 Μιχαὴλ
3198 3086 3487 3154 προσίασι,
3513 3086 3581 3138 τὰ
3605 3085 3700 3139 τοῦ
3720 3086 4008 3155 δράματος

2408 3174 2781 3244 διηγούμενοι.
2829 3176 2887 3229 '0
2916 3176 2973 3230 δὲ
3007 3176 3218 3230 κελεύει
3250 3177 3329 3248 τῷ
3354 3177 3668 3248 στρατηγῷ,
3710 3180 3780 3232 Et
3808 3177 4008 3243 οὕτως

2408 3268 2679 3336 φωράσω
2722 3269 2996 3336 ἔχουσαν
3043 3271 3158 3337 τὴν
3200 3270 3511 3335 ἀλήθειαν,
3565 3271 3683 3338 τὴν
3709 3271 3853 3339 ῥῖνα
3888 3271 4008 3324 τοῦ

2410 3362 2849 3429 τετολμηκότος
2884 3364 3198 3431 Εὐφημίου
3221 3363 3544 3432 ἀποτεμεῖν
3581 3363 3731 3417 κατὰ
3754 3363 3867 3430 τὴν
3888 3366 4008 3418 τοῦ

2408 3454 2599 3520 νόμου
2639 3452 2962 3519 ἀκρίϐειαν.
3002 3454 3113 3507 Καὶ
3139 3457 3167 3508 ὀ
3201 3456 3485 3524 Εὐφήμιος
3513 3456 3703 3526 μαθὼν
3729 3455 3795 3526 δὴ
3824 3454 4009 3509 ταῦτα

2412 3544 2508 3597 καὶ
2538 3544 2637 3613 τὴν
2668 3547 2748 3607 είς
2778 3545 2945 3598 αὐτὸν
2975 3547 3071 3601 τοῦ
3099 3548 3264 3617 νόμου
3309 3550 3544 3619 τήρησιν
3571 3551 3666 3602 καὶ
3708 3550 3807 3619 τὴν
3842 3548 3999 3619 βασι-

2410 3637 2570 3707 λικὴν
2599 3637 3217 3710 ἀπειλὴν,,συνωμότας
3264 3641 3448 3694 λασὼν
3499 3643 3727 3705 τούτους
3770 3658 3832 3694 τε
3871 3644 4013 3705 τοὺς

2412 3730 2517 3783 ὑπὸ
2540 3729 2640 3801 τὴν
2672 3730 2840 3784 αὑτοῦ
2873 3738 3035 3804 χεῖρα
3070 3733 3165 3786 καί
3196 3750 3348 3795 τινας
3370 3733 3481 3786 τῶν
3509 3731 4005 3803 συντουρμαρχῶν,

2410 3821 2503 3873 τὸν
2533 3826 2839 3893 στρατηγὸν
2864 3826 2957 3879 ἐπὶ
2986 3826 3162 3895 τούτῳ
3195 3825 3634 3893 παραγινόμενον
3665 3822 4012 3892 παρελαύνει

2411 3915 2644 3981 ἐκεῖθεν,
2686 3919 2782 3970 καὶ
2823 3919 2963 3990 πρὸς
3008 3918 3100 3971 τὸν
3138 3917 3405 3986 Ἀφρικῆς
3438 3914 3825 3985 ἀποδιδράσκει
3857 3915 4013 3985 ἀμε-

2414 4009 2713 4078 ραμνουνῆ,
2757 4012 2942 4065 πᾶσαν
2987 4012 3087 4082 τὴν
3118 4010 3370 4063 Σικελίαν
3406 4009 3499 4062 ὑπ’
3541 4009 3737 4078 ἐκείνῳ
3770 4008 4011 4079 ποιῆσαι

2414 4098 2897 4170 καθυποσχόμενος
2935 4101 3031 4155 καὶ
3060 4101 3264 4155 διδόναι
3294 4102 3496 4170 φόρους
3528 4099 3779 4165 πολλοὺς,
3819 4101 3869 4151 εί
3907 4100 4015 4168 μό-

2412 4208 2502 4245 νον
2533 4193 2894 4263 ἀναγορεύσει
2945 4194 3137 4246 τοῦτον
3191 4193 3416 4262 βασιλέα
3450 4191 3543 4244 καί
3569 4208 3693 4244 τινα
3721 4190 4014 4259 παράσχοι

2415 4282 2689 4353 βοήθειαν.
2760 4284 3109 4354 Ἀναγοριύει
3160 4282 3292 4351 γοῦν
3348 4280 3538 4335 τοῦτον
3588 4279 3814 4351 βασιλέα
3860 4281 4011 4333 Ῥω-

2416 4375 2615 4443 μαίων,
2670 4375 2764 4428 καὶ
2803 4378 2963 4446 χεῖρα
2991 4376 3177 4429 δίδωσι
3209 4375 3432 4445 πολλὴν,
3484 4375 3579 4427 καὶ⁸
3620 4374 3719 4444 τῆς
3746 4372 4016 4436 Σικελίας

2416 4469 2693 4538 ἐγκρατὴς
2722 4470 2955 4536 γίνεται,
2997 4471 3130 4539 παρ’
3172 4468 3339 4521 αὑτοῦ
3369 4468 3562 4521 τούτου
3593 4466 3773 4520 λαϐὼν
3804 4467 4015 4536 αὐτὴν,

726 4561 875 4615 illius
908 4561 1275 4629 solummodo,
1307 4564 1401 4619 sed
1434 4573 1491 4619 et
1548 4565 1807 4629 aliorum,
1838 4566 1931 4635 qui
1994 4566 2097 4634 ipsi
2148 4568 2307 4637 adju-

2417 4562 2479 4613 οὐ
2510 4561 2701 4614 τούτου
2742 4563 2903 4631 μόνον
2932 4563 3070 4615 ἀλλά
3108 4563 3203 4614 καὶ
3234 4563 3437 4630 ἑτέρων
3486 4560 3804 4630 συνδρόμων
3849 4575 4019 4626 γενο-

725 4668 920 4708 verunt
960 4670 1231 4726 suamque
1282 4657 1491 4725 pariter
1521 4671 1742 4726 operam
1776 4656 1844 4710 ad
1884 4658 2127 4727 regionis
2158 4658 2308 4714 illius

726 4745 1087 4802 defectionem
1127 4749 1500 4804 contulerunt.
1560 4748 1685 4804 Haec
1723 4749 2028 4805 clarissime
2055 4749 2310 4806 uberius-

724 4853 832 4908 que.
881 4849 1176 4895 exsecutus
1222 4838 1606 4911 Theognostus
1662 4842 1899 4896 historia
1947 4856 2113 4910 quam
2178 4853 2309 4897 tunc

724 4928 918 4996 edidit,
952 4931 1209 5001 venitque
1262 4931 1317 4985 in
1354 4947 1551 4986 manus
1581 4942 1842 4998 nostras;
1898 4932 1945 4988 is
1975 4932 2188 4987 scilicet
2215 4932 2309 5002 qui

726 5019 795 5074 de
828 5020 1215 5089 orthographia
1246 5021 1443 5075 librum
1472 5022 1799 5091 conscripsit
1840 5038 1908 5077 ex
1948 5038 2059 5092 qua
2100 5024 2305 5092 possit,

727 5110 941 5181 singula
978 5111 1193 5180 plenius
1217 5112 1430 5168 discere
1453 5112 1539 5168 cui
1590 5113 1835 5168 libuerit.
1886 5112 2157 5169 Caeterum
2199 5112 2310 5167 Eu-

733 5202 985 5270 plicmius
1010 5203 1153 5257 haud
1171 5203 1244 5257 ita
1270 5213 1392 5273 post
1407 5202 1734 5260 defectionis
1757 5206 2068 5261 mercedem
2085 5220 2311 5276 sumque

731 5292 1013 5361 praemium
1041 5293 1410 5359 improbitatis
1453 5297 1632 5365 capite
1662 5311 1840 5351 caesus
1876 5295 2092 5366 recipit.
2137 5294 2311 5367 Regio

734 5400 970 5453 namque
1015 5386 1202 5440 habitu
1243 5402 1371 5442 cum
1398 5394 1454 5442 et
1489 5384 1795 5457 Syracusas
1849 5387 2131 5451 lustraret,
2194 5387 2313 5442 lon-

729 5476 967 5544 giusque
1002 5492 1030 5528 a
1058 5478 1422 5545 stipatoribus
1450 5479 1590 5542 suis,
1631 5488 1899 5547 quantum
1932 5477 2043 5549 83
2087 5478 2202 5533 fere
2228 5486 2314 5535 est

725 5579 908 5637 jactus
936 5568 1168 5638 sagittae,
1198 5569 1501 5638 praevolans
1526 5570 1592 5624 ad
1630 5571 1821 5625 urbem
1854 5572 2204 5637 accessisset,
2229 5579 2307 5641 ty-

732 5662 1000 5729 rannique
1030 5677 1095 5715 ac
1131 5661 1282 5733 regio
1311 5662 1455 5719 fastu
1486 5664 1818 5735 alloqucnm
1842 5664 1993 5721 cives
2026 5663 2312 5719 demulce-

2413 4648 2592 4716 μένων
2628 4649 2723 4701 ἐπὶ
2755 4651 2823 4720 τῇ
2865 4649 3128 4702 τοιούτων
3181 4650 3430 4719 ἀπωλείᾳ.
3475 4648 3679 4703 τόπων.
3731 4647 3897 4716 Δηλοῖ
3950 4648 4016 4700 δὲ

2408 4739 2583 4792 ταῦτα
2610 4740 2925 4809 σαφέστατα
2952 4743 3045 4794 καὶ
3075 4740 3487 4811 πλατικὼτερον
3517 4743 3551 4811 ὴ
3576 4740 3697 4793 τότε
3726 4742 4015 4810 γραφεῖσα

2411 4829 2743 4899 Θεογνώστῳ
2770 4830 2848 4901 τῷ
2875 4832 3009 4901 περὶ
3044 4832 3416 4901 ὀρθογραφίας
3457 4830 3762 4901 γεγραφότι
3798 4830 3898 4882 καὶ
3925 4833 4017 4893 εἰς

2411 4923 2600 4991 χεῖρας
2630 4922 2864 4976 ἐλθοῦσα
2895 4923 3075 4992 ἡμῶν,
3112 4925 3179 4992 ἢν
3204 4926 3231 4974 ὁ
3265 4923 3589 4992 βουλόμενος
3618 4920 4015 4994 μεταχειριζό-

2416 5028 2573 5081 μενος
2600 5011 2671 5064 τά
2704 5012 2828 5066 καθ’
2858 5012 3092 5066 ἕκαστον
3122 5013 3635 5083 ἀναδιδαχθήσεται.
3671 5011 3819 5081 Πλὴν
3844 5012 3875 5062 ὁ
3905 5010 4017 5081 μὲν

2414 5105 2699 5175 Εὑφήμιος
2757 5106 2874 5176 μετ’
2924 5106 2987 5158 οὐ
3021 5106 3159 5159 πολὺ
3190 5103 3355 5159 ἆθλον
3382 5106 3484 5176 τῆς
3536 5106 3877 5165 ἀποστασίας
3910 5106 4016 5157 καὶ

2413 5195 2511 5265 τῆς
2537 5194 2736 5248 ἑαυτοῦ
2761 5196 2995 5265 ἀνομίας
3028 5197 3094 5248 λα
3103 5196 3303 5266 μὸἀνει
3335 5197 3435 5268 τὴν
3454 5198 3554 5267 τῆς
3579 5193 3775 5249 ἑαυτοῦ
3805 5194 4019 5264 στέρη-

2416 5302 2500 5339 σιν
2531 5286 2801 5356 κεφαλῆς.
2852 5287 3048 5358 Σχῆμα
3080 5288 3188 5360 γάρ
3217 5288 3359 5357 ἔχων
3405 5287 3685 5357 βασιλικὸν
3714 5286 3883 5356 ἀπῄει
3910 5286 4018 5339 καὶ

2414 5379 2559 5432 κατά
2585 5382 2685 5450 τὴν
2717 5380 3095 5451 Συράκουσαν,
3126 5382 3222 5434 καὶ
3251 5381 3316 5449 δὴ
3348 5379 3554 5435 ἄποθεν
3580 5378 3875 5448 γενόμενος
3904 5377 4017 5446 τῆς

2412 5472 2609 5525 ἑαυτοῦ
2666 5472 2874 5537 τάξεως
2926 5475 3021 5526 καὶ
3067 5474 3177 5527 τῶν
3222 5473 3541 5544 δορυφόρων
3586 5472 3663 5535 ὡς
3694 5471 3808 5525 ἀπὸ
3842 5469 4015 5534 τόξου

2413 5566 2575 5637 βολῆς
2597 5568 2817 5634 ἐγένετο
2846 5566 2992 5620 κατά
3020 5566 3120 5637 τὴν
3143 5566 3321 5629 πόλιν,
3352 5565 3560 5636 ὁμιλῶν
3592 5565 3777 5628 αὐτοῖς
3803 5580 4015 5633 τυραν-

2410 5661 2577 5725 νικῶς
2612 5660 2696 5732 μ’.
2729 5660 2831 5733 5‘2]
2862 5678 2924 5714 τε
2954 5662 3047 5714 καὶ
3078 5661 3397 5731 βασιλικῶς.
3432 5660 3636 5718 Τοῦτον
3656 5658 3733 5726 ὡς
3764 5675 4018 5730 προσερ-

2015 5756 2247 5813 νΑΒΙΔΕ
2288 5754 2696 5812 ιερτιυΝΕδ.

806 5848 850 5873 ’⁸
893 5845 1107 5917 αὕτην.
1131 5880 1179 5888 ·-
1224 5850 1355 5923 ὒπὶῐι
1386 5850 1577 5923 αὐτῆς]
1609 5850 1962 5910 Constantini
1986 5849 2499 5924 I‘orpliyrogenneti
2532 5849 2720 5917 verba,
2755 5860 2810 5903 ut
2846 5850 3079 5905 \idctur.
3119 5848 3286 5904 ϋυιιιι.
