4158 6442
168 369 222 429 9ῑ
906 370 1055 429 LIB.
1092 369 1183 428 ΙΙΙ
1256 396 1306 407 -
1337 368 1831 430 TIIEOPHII.US
1877 369 2300 430 MICIIAELIS
2332 368 2609 428 FILIUS.
3325 366 3395 431 98

168 487 363 556 χύμενον
396 480 641 553 ἔγνωσαν
670 482 761 535 δύο
788 484 932 547 τινὲς
981 484 1221 553 ἀδελφοὶ,
1252 485 1537 554 γενόμενοι
1569 483 1710 555 σύμ·-
1739 493 1781 548 Λ
1815 500 1871 539 re

1815 494 1915 549 ret,
1966 485 2045 538 sic
2087 485 2435 538 accedentem
2469 483 2578 537 duo
2615 478 2838 549 quidam
2878 478 3074 533 fratres
3097 480 3402 549 conspicati

168 576 410 629 meo-.131
453 575 651 628 ταυτὸν
700 576 1071 646 φρονήσαντες
1102 576 1494 647 προσέρχονται
1540 577 1716 648 τούτῳ

166 667 451 738 εἰρηνικῶς.
497 667 598 737 τὴν
644 673 1028 737 προσήκουσαν
1078 667 1294 738 βασιλεῖ
1326 669 1492 739 τιμὴν
1522 668 1717 722 ἀπονέ-

169 778 352 831 μοντες.
396 758 486 822 Ὦς
528 760 573 810 δ’
608 759 888 828 Εὑφήμιος
918 763 1016 831 τήν
1049 778 1108 813 τε
1150 762 1278 832 παρ’
1304 761 1483 814 αὐτῶν
1514 762 1717 829 ἀναγό-

166 869 325 924 ρευσιν
351 852 653 914 ἀσπαστῶς
685 852 901 916 ἐδέξατο
931 853 1027 905 καὶ
1060 853 1169 906 τῶν
1200 853 1376 907 ἄλλων
1410 856 1716 924 κατήκουεν

166 944 336 1008 αὐτῶν,
376 943 772 1013 προσεκαλεῖτο
799 944 1025 1010 τούτους
1055 947 1394 1016 φιλοφρόνως
1420 947 1716 1021 ἀποδώσων

163 1038 238 1088 τὸν
264 1037 582 1107 ἀσπασμόν
630 1038 727 1090 καὶ
770 1038 835 1109 δὴ
876 1037 1067 1102 κλίνας
1097 1040 1194 1106 τὴν
1240 1041 1484 1111 κεφαλὴν
1519 1043 1611 1093 καὶ
1654 1041 1717 1093 τδ

165 1128 312 1196 στόμα
368 1127 732 1197 προσερείσας
797 1128 879 1199 τῷ
938 1131 1170 1200 στόματι
1228 1135 1349 1194 ταῖς
1420 1132 1567 1203 θριξὶ
1617 1132 1717 1201 μὲν

164 1218 424 1289 κατέχεται
457 1219 693 1291 ίσχυρῶς
740 1222 878 1290 πρὸς
932 1222 1119 1289 ἐτέρου
1156 1224 1264 1276 τῶν
1311 1223 1577 1293 ἀδελφῶν,
1612 1224 1719 1276 ὑπὸ

162 1310 206 1364 δὲ
247 1309 331 1363 τοῦ
376 1310 564 1381 ἑτέρου
612 1314 932 1382 ἀφαιρεῖται
963 1314 1064 1383 τὴν
1114 1315 1382 1386 κεφαλήν.
1418 1316 1529 1370 Καὶ
1557 1317 1585 1368 ὁ
1616 1316 1717 1387 μὲν

162 1404 417 1472 Εὐφήμιος
445 1403 675 1473 τοιούτῳ
701 1403 845 1457 τέλει
879 1404 973 1458 τοῦ
1005 1405 1120 1475 βίου
1150 1408 1441 1478 ἐχρήσατο.

218 1492 314 1564 κη’.
346 1496 411 1546 Ol
443 1494 487 1548 δ’
522 1495 813 1565 Ἀγαρηνοὶ⁵
843 1498 902 1549 ού
926 1496 1028 1565 τῆς
1061 1498 1314 1561 Σικελίας
1346 1499 1507 1568 μόνον
1529 1499 1716 1553 ἔκτοτε
1786 1516 1791 1521 ³

160 1583 276 1637 ἀλλά
328 1583 419 1635 καὶ
472 1583 793 1655 Καλαϐρίας
850 1587 945 1638 καὶ⁵
997 1587 1415 1657 Δαγγοϐαρδίας
1470 1589 1717 1657 ἐγένοντο

159 1676 441 1746 ἐγκρατεῖς,
487 1677 671 1729 πᾶσαν
700 1678 1129 1747 κατατρέχοντες
1172 1679 1265 1733 καὶ
1294 1680 1717 1752 διαπορθοῦντες

159 1769 236 1819 καὶ
259 1765 641 1837 ἐνσκηνοῦντες
667 1767 794 1839 ἄχρι
819 1771 914 1840 τῆς
944 1768 1225 1839 βασιλείας
1248 1770 1342 1823 τοῦ
1375 1774 1435 1824 ὲν
1468 1774 1717 1844 μακαρίᾳ

1816 579 1933 647 pari
1973 577 2133 631 ambo
2173 576 2581 645 conspiratione
2616 589 2835 644 unoque
2897 575 3128 628 consilio
3179 575 3403 644 pacillce

1816 670 2040 733 adeunt,
2075 670 2419 723 convenienti
2444 682 2544 737 pro
2570 666 2853 734 majestate
2885 665 3091 721 honore
3116 681 3243 720 eum
3273 681 3403 734 pro-

1815 766 2129 825 Sequeutes.
2175 755 2511 824 Euphemius
2548 770 2738 808 eorum
2790 748 3399 810 lubens'salutationem

1816 849 2077 909 admittit,
2106 862 2285 916 exque
2312 849 2434 903 aliis
2458 849 2682 902 eosdem
2716 847 2903 901 titulos
2930 849 3103 901 audit.
3142 849 3282 902 Tum
3308 849 3395 901 vi-

1815 958 1909 996 ros
1943 942 2009 996 ad
2045 957 2104 997 se
2134 942 2363 995 comiter
2387 952 2564 1002 vocat,
2605 944 2725 1014 ipse
2755 942 2995 996 vicissim
3039 942 3245 996 salutes
3275 942 3401 995 red-

1818 1036 2055 1089 diturus.
2087 1033 2228 1105 Ergo
2251 1050 2374 1089 cum
2402 1045 2567 1103 caput
2609 1022 2880 1090 inclinans
2912 1036 3136 1090 alterius
3172 1036 3400 1089 fratrum

1817 1128 1897 1181 ori
1961 1129 2211 1183 osculum
2284 1127 2493 1199 figeret,
2533 1128 2777 1183 crinibus
2841 1129 2930 1184 ille
2989 1130 3393 1198 apprehensum

1817 1221 1994 1274 valide
2033 1232 2199 1285 tenet,
2226 1222 2363 1276 alter
2401 1222 2470 1276 ab
2501 1222 2744 1277 humeris
2784 1231 2945 1290 caput
2998 1229 3266 1291 amputat.
3320 1224 3401 1276 Ac

1815 1312 2038 1384 quidem
2064 1312 2401 1383 Euphemins
2422 1315 2513 1369 tali
2548 1314 2741 1369 mortis
2784 1328 2982 1383 genere
3009 1314 3137 1368 fatis
3172 1328 3403 1369 conces-

1818 1407 1911 1461 sit.

1885 1499 1975 1553 28.
2031 1496 2199 1552 Porro
2252 1495 2508 1551 Saraceni
2552 1511 2617 1550 ex
2662 1510 2729 1550 eo
2767 1504 3010 1564 tempore
3059 1510 3167 1549 non
3216 1495 3402 1549 Sicilia

1818 1591 1994 1643 solum
2025 1590 2118 1643 sed
2151 1598 2204 1643 et
2250 1588 2506 1642 Calabria
2541 1597 2595 1642 et
2637 1584 3015 1655 Longobardia
3050 1587 3204 1655 potiti
3248 1598 3401 1650 sunt,

1818 1695 2035 1735 omnem
2068 1695 2188 1734 eam
2228 1680 2504 1749 regionem
2548 1678 2898 1732 incursantes
2942 1691 3010 1731 ac
3055 1679 3400 1745 papulantes,

1800 1770 1885 1837 .ad
1928 1785 2102 1840 usque
2134 1781 2377 1838 tempora
2422 1769 2599 1823 felicis
2638 1768 3036 1825 recordationis
3076 1768 3263 1821 Basilii
3299 1768 3400 1820 im-

158 1863 212 1929 τῇ
253 1859 394 1929 λήξει
435 1859 719 1914 Βασιλείου
750 1861 845 1915 τοῦ
885 1862 1172 1933 βασιλέως.
1219 1864 1381 1919 Ἀλλά
1408 1864 1580 1919 ταῦτα
1618 1867 1716 1936 μὲν
1750 1859 1791 1914 Β
1818 1878 1871 1932 pr

1818 1862 2086 1932 peratoris
2140 1861 2251 1915 illic
2301 1862 2618 1915 constitutis
2660 1861 2905 1915 sedibus.
2949 1863 3075 1931 Hice
3119 1860 3401 1915 enimvero

161 1949 187 2017 ἡ
231 1947 425 2000 ὲκείνου
474 1947 712 2017 δηλώσει
757 1949 1001 2019 ἱστορία·
1053 1954 1081 2004 ὁ
1134 1951 1193 2005 δὲ
1258 1952 1478 2025 Μιχαὴλ
1534 1955 1710 2026 μῆνας

157 2036 279 2089 ὀκτὼ
324 2038 417 2091 καὶ
463 2037 561 2109 ἔτη
616 2039 715 2109 τῆς
766 2038 1043 2108 βασιλείας
1091 2041 1383 2113 γενόμενος
1440 2045 1716 2116 ἑῨκρατὴς

159 2130 288 2183 ἐννέα
337 2131 426 2183 τὸν
456 2130 575 2200 βίον
631 2132 920 2196 κατέλυσε,
974 2133 1053 2204 τῷ
1095 2135 1389 2207 δυσουρίας
1441 2139 1715 2209 νοσήματι

157 2224 311 2288 ἁλοὺς,
342 2226 406 2277 ὲκ
452 2226 565 2278 τῶν
610 2225 824 2297 νεφρῶν
882 2228 1154 2300 λαϐούσης
1202 2229 1302 2301 τὴν
1336 2231 1537 2302 ἀρχὴν,
1576 2232 1713 2302 μήτε

156 2318 239 2386 τὴν
262 2317 391 2388 πρὺς
420 2318 557 2372 Θεὸν
588 2320 901 2385 καταλύσας
927 2323 1273 2392 δυσμένειαν,
1305 2319 1385 2387 οἷς
1417 2325 1518 2377 ούκ
1549 2324 1707 2395 ἡθελε

156 2409 235 2477 τὴν
275 2411 466 2464 ἑαυτοῦ
520 2412 737 2483 μορφὴν
786 2413 853 2466 δι’
894 2415 1044 2484 ἡμᾶς
1093 2415 1495 2485 ἀναλαϐόμενον
1529 2417 1709 2487 σάρκα

158 2507 475 2570 προσκυνεῖν,
547 2505 751 2574 μᾶλλον
815 2505 873 2558 δὲ
930 2506 1025 2559 καὶ
1085 2507 1214 2571 τοὺς
1270 2507 1715 2577 προσκυνοῦντας

156 2592 400 2665 καθαιρῶν
430 2596 700 2650 Μεθόδιόν
732 2614 791 2650 τε
828 2596 924 2650 καὶ
953 2598 1250 2668 Εὑθύμιον,
1285 2600 1417 2671 περὶ
1447 2595 1523 2653 ὧν
1555 2601 1713 2671 εἰρή-

154 2702 324 2756 καμεν,
358 2689 451 2742 καὶ
481 2688 578 2742 τὸν
607 2688 716 2742 τῶν
761 2690 1083 2760 Ἀγαρηνῶν
1114 2691 1433 2762 ὲπαυξήσας
1469 2692 1709 2744 ἀκατάλ-

155 2784 323 2837 )ακτον
353 2782 617 2852 πόλεμον,
660 2782 732 2835 τά
774 2800 835 2837 τε
864 2785 1007 2838 κατά
1048 2784 1249 2852 Θωμᾶν
1284 2784 1377 2838 καὶ
1424 2783 1534 2835 τῶν
1560 2785 1713 2853 Κρη-

154 2876 338 2941 ταιέων,
372 2875 517 2928 ἀλλά
548 2875 655 2946 μὴν
684 2876 781 2929 καὶ
812 2876 921 2928 τῶν
970 2875 1282 2946 εἰρημένων
1321 2875 1598 2944 ’Δφρίκων
1623 2874 1711 2927 διὰ

154 2964 234 3032 τὴν
261 2963 447 3017 ἑαυτοῦ
478 2964 683 3018 κακίαν
728 2963 1152 3028 ἀποστείλαντος
1205 2963 1301 3018 τοῦ
1344 2964 1503 3019 Θεοῦ.
1552 2962 1713 3016 Ἀλλὰ

154 3059 231 3112 καὶ
270 3060 415 3111 πᾶσα
464 3058 502 3127 ἡ
562 3057 849 3128 Δαλματία
878 3057 979 3128 τῆς
1006 3057 1115 3110 τῶν
1175 3058 1466 3126 Ῥωμαίων
1500 3061 1712 3130 ἀπέστη

153 3150 250 3203 τότε
278 3148 577 3219 βασιλείας,
604 3151 700 3203 καὶ
731 3150 1022 3218 γεγόνασιν
1046 3148 1283 3212 ἅπαντες
1321 3149 1623 3220 ίδιόρυθμοί
1651 3169 1710 3203 τε

1820 1956 1965 2010 illius
1993 1954 2297 2009 declarabit
2322 1954 2575 2008 historia.
2599 1954 2827 2008 Michael
2857 1963 3038 2008 autem
3068 1970 3193 2009 cum
3224 1969 3400 2008 annos

1818 2065 2012 2119 novem
2059 2062 2297 2102 'mcnses
2353 2056 2478 2102 octo
2529 2048 2816 2116 imperium
2885 2048 3168 2110 tenuisset,
3228 2048 3402 2102 urinae

1817 2139 2131 2194 difﬁcultate
2175 2150 2241 2190 ex
2280 2152 2472 2192 renum
2514 2139 2768 2207 passione
2802 2145 2920 2190 orta
2965 2138 3268 2191 exstinctus
3291 2148 3398 2199 est,

1818 2246 1942 2285 cum
1990 2245 2091 2285 nec
2134 2230 2570 2286 infensissirnum
2602 2229 2655 2283 in
2689 2228 2855 2284 Deum
2891 2228 3075 2282 odium
3126 2228 3402 2299 posuiss-t

1818 2323 1837 2392 (
1864 2338 1926 2377 ea
1950 2323 2155 2379 scilicet
2182 2323 2570 2391 ratione,quod
2594 2321 2715 2390 ejus
2744 2321 2836 2390 qui
2868 2335 2966 2388 pro
2988 2321 3148 2375 nobis
3176 2335 3397 2375 carnem

1817 2394 2114 2485 assumpsit
2166 2414 2399 2484 efﬁgiem
2468 2415 2697 2475 adorare
2750 2413 2915 2467 nollet
2962 2431 2977 2478 ;
3022 2415 3152 2481 quin
3214 2413 3400 2481 potius

1818 2507 1961 2561 illius
1978 2507 2216 2561 cultores
2231 2507 2531 2568 abdicaret,
2553 2505 2883 2583 M’ethodium
2906 2504 3395 2576 Enphemiumque,

1815 2599 1883 2653 de
1911 2599 2109 2668 quibus
2148 2599 2200 2651 iu
2229 2598 2608 2666 superioribus
2629 2613 2811 2652 sermo
2842 2599 3065 2657 habitus
3091 2600 3219 2667 est),
3255 2601 3401 2668 Aga-

1815 2706 2069 2767 renorum
2111 2706 2331 2760 quoque
2371 2690 2716 2760 implacabile
2750 2691 2949 2746 bellum
2992 2692 3237 2745 auxisset
3276 2708 3293 2757 ;
3335 2707 3400 2746 ac

1816 2783 1961 2838 Deus
2000 2785 2069 2838 ob
2108 2786 2228 2853 ejus
2272 2786 2568 2852 nequitiam
2608 2794 2662 2838 et
2693 2782 2918 2839 Thoma:
2965 2784 3311 2839 rebellionem
3343 2793 3400 2839 et

1814 2860 2153 2930 Cretensium
2185 2884 2348 2944 atque
2374 2874 2486 2947 84
2513 2874 2892 2930 Africanorum
2922 2917 2936 2939 ,
2968 2876 3035 2929 de
3068 2876 3264 2944 quibus
3284 2878 3397 2945 jam

1815 2968 2019 3022 dictum
2050 2977 2154 3034 est,
2187 2966 2585 3022 Saracenorum
2618 2966 2817 3021 bellum
2847 2966 3188 3021 immisisset.
3220 2966 3323 3021 Sed
3346 2976 3400 3019 et

1814 3062 1995 3114 omnis
2040 3059 2307 3114 Dalmatia
2348 3059 2451 3113 sub
2484 3059 2537 3112 id
2581 3070 2795 3125 tempus
2830 3072 2859 3111 a
2888 3057 3139 3111 Romano
3172 3060 3399 3123 imperio

1814 3149 2032 3214 defecit,
2056 3152 2249 3221 suique
2272 3166 2463 3205 omnes
2480 3150 2621 3218 juris
2643 3165 2706 3203 ac
2731 3150 2831 3203 sibi
2850 3150 3027 3219 capita
3050 3150 3393 3214 exstiterunt,

153 3242 229 3294 καὶ
252 3242 612 3309 αὑτοκέφαλοι
651 3241 813 3312 μέχρι
852 3243 952 3311 τῆς
984 3240 1078 3292 τοῦ
1123 3240 1399 3293 Βασιλείου
1426 3241 1522 3293 τοῦ
1550 3242 1716 3294 ἀοιδί-
1742 3220 1786 3280 c
1818 3260 1869 3313 qi

1818 3220 2176 3313 quoadusque
2213 3244 2448 3313 inclytus
2480 3243 2569 3295 ille
2601 3241 2831 3295 Basilius
2880 3241 3166 3309 imperium
3203 3256 3395 3309 regen-

154 3346 237 3398 μου
289 3330 602 3399 ﬂuctuetur
657 3330 776 3383 τότε
828 3330 939 3399 τάρ
995 3329 1159 3383 πάλιν
1213 3324 1360 3383 οὗτοι
1421 3332 1715 3401 Ῥωμαίοις

152 3420 612 3492 ηθυπετάγτισαν.
670 3419 1008 3492 Πεπλήρωτο
1066 3419 1124 3473 δὲ
1161 3421 1257 3474 καὶ
1328 3423 1357 3474 ὁ
1410 3422 1498 3474 ἐπ’
1564 3421 1716 3493 αὐτῷ

151 3514 389 3584 χρησμὸς,
424 3513 606 3581 λέγων
639 3512 782 3566 οὕτω
805 3530 820 3545 ’

217 3606 383 3672 Ἀρχὴ
405 3604 619 3658 κακῶν
650 3620 717 3673 τε
748 3603 1181 3672 προσπεσεῖται
1211 3602 1286 3672 τῇ
1308 3603 1503 3671 χθονὶ,

206 3675 375 3728 Ὅταν
407 3674 682 3742 κατάρξῃ
708 3673 819 3740 τῆς
849 3675 1206 3739 Βαϐυλῶνος
1237 3674 1477 3740 δράκων

204 3747 604 3814 Δύσγλωσσος
631 3744 823 3812 ἄρδην
849 3745 947 3797 καὶ
977 3745 1354 3812 φιλόχρυσος
1381 3744 1543 3797 λίαν.

159 3833 320 3906 Ἐτέθη
351 3836 409 3890 δὲ
457 3839 489 3890 ὁ
538 3836 733 3889 τούτου
767 3837 961 3907 νεκρὸς
996 3840 1054 3889 ὲν
1092 3835 1171 3904 τῷ
1217 3835 1329 3905 ναῷ
1367 3834 1477 3888 τῶν
1515 3834 1715 3903 Ἀγίων

158 3928 492 3998 Ἀποστόλων,
543 3933 604 3984 ἐν
635 3931 713 4002 τῷ
746 3930 911 4003 ήρώῳ
952 3930 1361 3996 ἰουστινιανοῦ,
1391 3933 1449 3983 ὲν
1482 3930 1715 4003 λάρνακι

149 4022 365 4093 πρασίνῳ
388 4022 725 4093 Θετταλικῇ.

1812 3332 1941 3387 dum
1972 3333 2210 3400 suscepit
2240 3350 2253 3383 :
2288 3341 2419 3385 tunc
2442 3332 2589 3386 enim
2620 3330 2878 3384 Romanae
2911 3329 3037 3384 facti
3065 3338 3196 3385 sunt
3227 3331 3396 3383 ditio-

1812 3426 1920 3479 nis.
1952 3423 2241 3494 lmpletum
2281 3440 2412 3479 vero
2440 3435 2521 3480 est
2558 3424 2704 3493 quod
2743 3424 2811 3477 de
2838 3423 2935 3477 illo
2962 3420 3240 3477 ferebatur
3269 3438 3398 3476 ora-

1812 3516 2021 3581 culum,
2052 3516 2105 3569 in
2137 3517 2277 3569 hanc
2307 3516 2657 3571 sententiam.

1951 3605 2063 3659 Hoc
2095 3606 2307 3658 initium
2337 3607 2598 3659 malorum
2635 3604 2817 3659 telluri
2851 3586 3077 3672 accidet,

1958 3674 2151 3728 Rerum
2181 3679 2417 3743 potietur
2442 3694 2561 3729 cum
2592 3677 2914 3744 Babylonius
2960 3677 3146 3738 draco,

1956 3744 2176 3816 Lingua:
2207 3747 2482 3815 imperitas,
2518 3756 2567 3799 et
2595 3750 2717 3800 auri
2751 3748 3195 3815 cupientissimus.

1812 3837 2044 3892 cadaver
2064 3839 2186 3904 ejus
2213 3840 2514 3907 repositum
2534 3840 2588 3893 in
2603 3837 2903 3895 Justiniani
2929 3850 3301 3903 monumento.
3322 3842 3392 3895 ad

1810 3928 1982 3983 aedem
2010 3930 2399 3998 Apostolorum
2426 3931 2481 3986 in
2503 3946 2631 3986 area
2660 3947 2726 3986 ex
2757 3946 3031 3987 marmore
3049 3930 3395 3987 viridi'l‘hcs-

1812 4023 2004 4078 salico.

154 4198 3364 4230 ————-——————————————_—_—_—__—______

1492 4344 1856 4432 ΛΟΓΟΣ
1892 4338 2013 4432 Γ’.

946 4514 1108 4566 ΠΕΡΙ
1137 4513 1274 4567 ΤΗΣ
1304 4514 1666 4571 ΒΑΣΙΛΕΙΑΣ
1704 4516 2046 4570 ΘΕΟΦῙΛΟΥ
2075 4514 2241 4568 ΥΙΟΥ
2282 4512 2578 4571 ΜΙΧΔΗΔ.

1438 4818 1797 4908 LIBER
1867 4772 2064 4908 1ft.

1071 4983 1439 5043 THEOPHILI
1478 4988 1848 5047 MICHAELIS
1886 4991 2039 5047 FlLll
2085 4980 2449 5051 IMPERlUM.

202 5255 273 5327 [P.
289 5257 376 5331 55]
399 5256 471 5314 α’.
489 5256 579 5312 Τά
600 5257 781 5329 μὲνδὴ
798 5258 1112 5331 πραχθέντα
1134 5262 1356 5333 Μιχαὴλ
1370 5263 1448 5335 τῷ
1469 5266 1703 5339 Τραυλῷ
1736 5275 1780 5331 ι)

1882 5271 1937 5325 l.
1979 5268 2259 5325 Michaelis
2294 5268 2442 5324 Balbi
2474 5278 2626 5341 gesta
2670 5269 2827 5324 annis
2873 5285 3069 5326 novem
3104 5273 3391 5330 mensibus

150 5345 495 5415 βασιλεύσαντι
517 5348 685 5405 ἐννέα
711 5348 891 5403 ἔτεσιν
915 5353 1051 5420 πρὸς
1074 5354 1243 5424 μησὶν
1268 5354 1413 5408 ὀκτὼ
1434 5358 1491 5409 ὲν
1503 5356 1580 5428 τῷ
1602 5358 1710 5429 πρὸ
1810 5380 1871 5420 oc

1815 5372 1956 5428 octo,
2010 5363 2213 5432 quibus
2256 5377 2438 5417 rerum
2479 5363 2682 5431 potitus
2729 5371 2835 5428 est,
2880 5363 3151 5434 superiori
3182 5364 3323 5421 libro
3355 5382 3389 5421 a

147 5440 303 5494 τούτου
326 5442 522 5514 βιϋλίῳ
542 5441 851 5512 δεδήλωται
872 5459 886 5474 ·
912 5444 940 5497 ὁ
966 5444 1023 5498 δὲ
1048 5444 1162 5509 υἱὸς
1187 5446 1356 5501 αὐτοῦ
1378 5448 1480 5519 ἠδη
1506 5448 1706 5519 Θεόφι-
1810 5472 1871 5512 ne

1815 5457 1970 5512 nobis
2013 5457 2261 5526 exposita
2295 5466 2443 5511 sunt.
2484 5454 2614 5525 Ejus
2646 5465 2827 5511 autem
2858 5455 3003 5511 filius
3027 5454 3389 5526 Theophilus,

148 5529 216 5619 in;
254 5535 437 5604 ἀνδρὲς
487 5536 639 5605 ἔχων
682 5534 899 5606 ἠλικίαν
949 5535 1049 5607 τὴν
1096 5538 1371 5608 πατρικὴν
1404 5539 1579 5611 ἀρχὴν
1610 5539 1706 5593 καὶ
1806 5550 1871 5603 vii

1815 5550 2017 5603 virilem
2060 5548 2172 5617 jam
2205 5557 2416 5603 aetatem
2451 5546 2753 5618 ingressus.
2782 5558 3071 5617 paternum
3098 5550 3390 5619 imperium

151 5618 388 5685 βασιλείαν
439 5629 592 5679 κατὰ
634 5625 728 5678 τὸν
774 5625 1104 5697 Ὀκτὼὁριον
1170 5628 1316 5698 μῆνα
1364 5629 1465 5700 τῆς
1513 5630 1707 5701 ὀγδόης
1808 5657 1870 5697 stt

1815 5640 2051 5707 suscepit
2083 5638 2286 5695 'mense
2319 5638 2563 5705 Octobri,
2602 5638 2903 5695 indictione
2930 5640 2985 5695 8.
3022 5639 3071 5695 Is
3097 5618 3392 5695 ferventis-

152 5713 441 5781 ίνδικτιῶνος
470 5716 777 5785 διεδέξατο,
800 5719 945 5789 λόγῳ
974 5720 1072 5789 μὲν
1104 5714 1197 5773 οὖν
1227 5721 1326 5791 τῆς
1357 5722 1704 5793 δικαιοσύνης
1804 5729 1871 5783 sit

1815 5729 2005 5783 simum
2037 5729 2257 5797 quidem
2284 5729 2512 5798 justitiae
2541 5729 2779 5784 studium
2806 5747 2914 5800 prae
2936 5746 2995 5786 se
3018 5731 3128 5802 8'5
3154 5730 3389 5796 ferebat,

150 5801 303 5877 ὥσπερ
333 5808 588 5882 ἔμπυρος
642 5810 885 5883 ἐραστὴς
937 5811 1220 5866 καλεῖσθαι
1254 5812 1575 5886 βουλόμενος
1608 5816 1702 5870 καὶ
1799 5820 1871 5887 Ie;

1823 5820 2348 5889 egumquecivilium
2372 5820 2597 5878 sedulus
2616 5824 2932 5879 observator
2960 5801 3130 5879 videri
3166 5823 3330 5879 voluit
3370 5842 3385 5877 :
