4158 6442
128 453 186 512 lﬂl
836 448 982 507 LIB.
1011 447 1124 506 lli.
1163 471 1228 480 -
1267 441 1761 504 TIIEOPIIILUS
1793 441 2210 502 MICHAELIS
2250 443 2525 504 FILIUS.

3221 441 3322 505 102

123 577 315 632 πίστεως,
345 569 523 637 εἴχετο
555 565 612 618 δὲ
642 563 733 618 καὶ
768 563 866 633 τῆς
896 563 1381 636 πατροπαραδότου
1433 561 1636 629 μιαρᾶς

1761 557 1909 614 )cum
1948 560 2111 630 inque
2141 560 2260 629 ejus
2289 561 2655 614 castissimam
2707 568 2934 614 matrem
2961 599 2974 622 ,
3015 559 3089 613 uti
3122 558 3322 620 aiebat.

124 665 197 716 τῶν
229 660 597 735 Είκονομάχων
645 657 948 726 αἱρέσεως,
998 657 1093 707 καὶ
1134 654 1305 724 ταύτῃ
1341 671 1402 721 γε
1440 652 1504 722 δὴ
1550 653 1641 702 τὸν

123 753 266 820 εὐσεϐῆ
293 750 378 822 [Ρ.
557 750 651 803 καὶ
697 750 965 815 πανάγιον
1008 749 1135 801 λαὸν
1162 747 1430 817 ὲτάραττέ
1458 765 1516 798 τε
1547 747 1642 799 καὶ

123 845 396 901 πολυειδέσιν
438 845 609 897 ἐδίδου
658 842 957 907 κακώσεσι,
992 842 1172 895 πάντα
1219 841 1311 894 τὸν
1360 841 1460 909 τῆς
1493 839 1641 910 βασι-

120 944 226 1003 λείας
261 939 417 992 αὐτοῦ
451 939 642 1008 χρόνον
680 939 958 1008 ἠρεμῆσαι
1002 936 1076 1007 μὴ
1125 938 1511 1006 συγχωρήσας,
1560 931 1642 998 οἷς

122 1035 205 1086 οὐδὲ
223 1033 299 1094 τὰς
327 1034 385 1083 ἐν
409 1032 671 1100 πολέμοις
703 1031 1071 1101 ἀνδραγαθίας
1097 1030 1449 1100 καταλλήλως
1479 1029 1643 1097 ὲλὰμ-

119 1134 257 1190 ῦινεν,
283 1125 392 1178 ἀλλ’
421 1124 622 1195 ἣττητό
644 1142 702 1178 τε
737 1125 825 1178 ἀεὶ
865 1125 960 1176 καὶ
999 1124 1059 1177 ού
1100 1123 1242 1178 κατὰ
1285 1122 1508 1193 βασιλέα
1536 1124 1641 1176 ὑπ-

122 1221 352 1286 ἔστρεφεν.

169 1489 223 1557 γ’.
249 1485 541 1556 Τοιγαροῦν
591 1485 852 1555 ἐχόμενος
878 1483 980 1554 τῆς
1026 1483 1394 1556 δικαιοσύνης,
1431 1484 1493 1536 ού
1538 1486 1642 1554 μὴν

116 1583 156 1636 δὲ
182 1581 259 1635 καὶ
287 1580 384 1649 τῆς
432 1579 575 1648 πρὸς
608 1579 709 1649 τὴν
741 1577 839 1631 τοῦ
889 1578 1027 1631 Θεοῦ
1059 1578 1272 1649 μητέρα
1319 1576 1556 1641 πίστεώς
1584 1595 1643 1630 τε

118 1675 187 1723 καὶ
216 1668 531 1741 προθυμίας,
566 1668 734 1739 ἀπῄει
788 1668 1027 1737 ἔφιππος
1058 1668 1147 1721 διὰ
1201 1667 1303 1736 τῆς
1343 1668 1484 1722 κατὰ
1545 1669 1645 1739 τὴν

118 1762 253 1831 μέσην
279 1759 538 1822 πλατείας
565 1759 661 1813 καὶ
687 1760 967 1828 λεωφόρου
998 1760 1137 1828 πρὸς
1167 1759 1257 1812 τὸν
1295 1762 1351 1812 ὲν
1404 1760 1644 1829 Βλαχέρ-

115 1869 205 1914 vat;
231 1851 358 1905 θεῖον
394 1850 522 1904 ναὸν
584 1850 794 1922 ἑκάστῃ
847 1850 1126 1918 ὲϐδομάδι,
1188 1850 1292 1901 ὑπὸ
1330 1849 1438 1902 τῶν
1492 1851 1646 1920 δορυ-

112 1942 259 2009 φόρων
296 1915 821 2010 παραπεμπόμενος.
867 1915 1056 2007 Ἀπῇει
1094 1937 1151 1990 δὲ
1185 1938 1320 1990 πᾶσι
1380 1937 1503 2007 μὲν,
1540 1915 1645 2009 πρὸ
1678 1915 1721 1970 Β

114 2029 276 2092 παντὸς
300 2030 352 2082 δὲ
402 2031 516 2090 τοίς
573 2027 947 2096 ἀδικουμένοις
995 2027 1171 2089 διδοὺς
1200 2028 1414 2093 ἑαυτὸν,
1446 2029 1519 2091 ὡς
1580 2030 1646 2082 ἂν

112 2124 250 2190 ἔχοιεν
292 2123 357 2175 τὰ
391 2120 576 2175 αὐτῶν
628 2119 1001 2189 ὲκτραγῳδεῖν
1043 2119 1371 2190 ζάδικήματα
1422 2121 1516 2174 καὶ
1572 2122 1645 2191 μὴ

113 2215 232 2285 παρὰ
265 2230 420 2266 τινων
447 2211 767 2266 κακοποιῶν
803 2211 1099 2263 κωλύοιντο
1147 2212 1520 2281 ὑφορωμένων
1543 2212 1646 2282 τὴν

111 2307 298 2367 ἔκτισιν,
321 2303 575 2375 δεύτερον
605 2301 662 2356 δὲ
691 2303 776 2355 ἵνα
808 2303 898 2355 διὰ
922 2301 1022 2372 τὴν
1061 2303 1268 2372 ἀγορὰν
1301 2303 1648 2373 διερχόμενος

109 2398 272 2466 θεατὴς
327 2397 532 2464 γίνοιτο
571 2395 680 2446 τῶν
721 2394 898 2447 ὠνίων
930 2410 944 2423 ·
1001 2393 1124 2447 ὅθεν
1185 2394 1417 2452 ἑκάστου
1439 2393 1486 2426 ’δ
1541 2394 1650 2447 τῶν

109 2489 534 2559 πιπρασκομένων
581 2487 706 2538 ὅσου
765 2484 1027 2538 πωλεῖται
1101 2487 1243 2538 κατὰ
1288 2486 1388 2556 τὴν
1440 2486 1649 2557 ἀγορὰν

107 2586 280 2651 ἠρώτα,
307 2582 406 2634 οὐκ
428 2582 488 2632 ἐν
511 2581 774 2650 παρέργῳ
807 2579 965 2632 τοῦτο
994 2579 1163 2632 ποιῶν
1206 2579 1343 2631 ἀλλὰ
1377 2581 1472 2632 καὶ
1532 2579 1652 2632 λίαν

105 2675 305 2741 ἐνεργῶς
334 2690 396 2725 τε
427 2672 527 2726 καὶ⁸
550 2673 850 2740 ὲπιμόνως,
885 2671 993 2724 οὐδ’
1031 2672 1112 2723 ἐνὶ
1160 2671 1320 2724 τοῦτο
1344 2673 1473 2725 εῖδει
1515 2672 1652 2725 ἀλλὰ

101 2765 234 2816 παντὶ
269 2764 364 2833 μὲν
394 2763 476 2832 τῷ
511 2763 736 2832 τρέφειν
765 2760 1053 2831 ἄνθρωπον
1090 2761 1392 2831 δυναμένῳ,
1433 2762 1532 2814 εἶτ’
1561 2760 1653 2814 οὖν

103 2856 378 2924 ἐσθιόμενον
397 2855 502 2907 εἴτ’
533 2854 626 2907 οὖν
645 2854 740 2907 καὶ
774 2855 1084 2921 πινόμενον,
1110 2853 1272 2905 παντὶ
1300 2853 1356 2904 δὲ
1387 2853 1466 2923 τῷ
1494 2871 1656 2924 περι-

99 2949 288 3001 θαλπειν
308 2951 404 3002 καὶ
432 2950 518 3010 είς
555 2946 826 3016 ἀμφίασιν
855 2945 1121 3011 τελοῦντι,
1153 2947 1248 2998 καὶ
1273 2948 1438 2999 πᾶσιν
1466 2949 1654 3012 ἁπλῶς

100 3043 185 3097 τοῖς
214 3043 351 3094 κατὰ
387 3042 491 3110 τὴν
515 3041 727 3110 ἀγορὰν
760 3039 1150 3108 προκειμένοις
1167 3037 1280 3090 τῶν
1309 3039 1654 3109 βουλομένων

97 3138 346 3205 ὲξωνήσει.
385 3138 490 3192 Διά
532 3154 616 3189 τοι
670 3135 830 3188 τοῦτο
857 3135 980 3188 οὐδὲ
1009 3135 1208 3206 ῥαδίως
1265 3133 1332 3186 ἂν
1378 3129 1519 3186 εἶδέν
1571 3150 1658 3195 τις

1746 664 1931 708 sancte
1967 655 2277 708 adhaerebat
2313 673 2326 708 :
2361 655 2454 708 sed
2486 663 2540 708 et
2570 655 2794 723 impurte
2825 655 3162 708 venerabiles
3191 656 3326 708 ima-

1746 746 1898 816 gines
1941 746 2376 814 impugnantium
2427 745 2620 800 haeresi
2673 761 2702 798 a
2754 746 3053 814 majoribus
3091 757 3327 816 accepta:

1745 839 1996 894 addictus
2029 848 2165 900 erat,
2201 856 2370 908 eaque
2394 840 2603 894 ratione
2638 839 2942 908 religiosam
2971 849 3328 910 sanctamque

1747 930 1988 984 turbavit
2025 931 2232 998 plebem
2265 931 2512 999 variique
2544 932 2759 999 generis
2804 930 2957 982 malis
2990 929 3198 992 amixit,
3228 945 3327 983 nec

1744 1024 1987 1093 quandiu
2024 1023 2237 1092 imperii
2271 1023 2512 1077 habenas
2544 1023 2856 1075 moderatus
2878 1032 2978 1085 est,
2998 1022 3179 1088 quiete
3207 1037 3326 1075 eam

1745 1131 1904 1183 agere
1953 1115 2218 1184 permisit.
2274 1114 2427 1168 Unde
2466 1115 2630 1168 etiam
2676 1123 3066 1183 congruentem
3111 1115 3252 1169 hanc
3296 1128 3328 1167 τι

1748 1206 1856 1259 Deo
1899 1209 2201 1260 mercedem
2246 1207 2448 1265 retulit.
2489 1217 2548 1258 ut
2611 1207 2746 1258 nihil
2780 1206 3023 1274 prmelari
3065 1204 3327 1260 facinoris

1747 1299 1800 1351 iu
1855 1299 2009 1353 bellis
2040 1301 2286 1363 ediderit,
2332 1300 2424 1353 sed
2457 1300 2631 1352 victus
2670 1314 2904 1365 semper,
2954 1314 3054 1354 nec
3088 1307 3145 1353 ut
3172 1299 3329 1354 decet

1747 1391 2134 1458 imperatorem
2164 1405 2340 1457 exque
2374 1391 2658 1460 majestate
2682 1390 2905 1444 domum
2943 1394 3184 1448 redierit.

1816 1484 1868 1536 3.
1896 1482 1999 1548 Qui
2031 1497 2161 1551 ergo
2193 1484 2469 1538 studiosus
2490 1485 2715 1551 justitiae
2739 1494 2901 1549 esset,
2929 1501 3163 1556 ergaque
3199 1502 3329 1540 sau-

1747 1584 1888 1629 ctam
1921 1575 2013 1628 Dei
2045 1574 2266 1628 Matrem
2309 1575 2466 1628 tidem
2499 1591 2652 1630 suam
2685 1592 2748 1630 ac
2774 1578 3105 1631 alacritatem
3135 1580 3331 1646 proba-

1747 1677 1849 1731 ret,
1901 1684 1998 1736 per
2034 1669 2277 1737 singulas
2327 1668 2695 1722 hebdomadas
2724 1670 2808 1721 via
2846 1669 3060 1736 publica
3095 1672 3332 1737 stipante

1747 1761 2004 1815 satellitio
2049 1761 2114 1814 ad
2171 1762 2411 1814 divinam
2462 1761 2916 1816 Blacliernenscm
2973 1762 3140 1816 mdem
3191 1776 3332 1830 equo

1749 1853 2096 1922 procedebat.
2153 1853 2328 1922 Hujus
2358 1865 2538 1908 autem
2590 1870 2803 1924 pompa:
2837 1869 2899 1908 ea
2931 1855 3072 1908 ratio
3102 1864 3239 1913 erat.
3278 1863 3335 1907 ut

1754 1961 1811 1998 se
1843 1945 2118 2006 omnibus,
2146 1945 2211 1998 iis
2235 1945 2469 1998 maxime
2493 1945 2585 2013 qui
2613 1945 2719 1999 ulla
2743 1946 2940 2014 injuria
2968 1946 3329 2008 adicerentur,

1756 2038 1997 2107 ipsorum
2047 2037 2336 2091 auditurus
2371 2037 2643 2106 querelas,
2685 2037 2738 2090 in
2774 2049 3123 2106 conspectum
3157 2039 3331 2101 daret,

1756 2145 1854 2182 nec
1872 2128 2014 2182 ullus
2039 2128 2316 2182 malelicus
2345 2143 2558 2194 paruam
2586 2129 2652 2182 ab
2673 2143 2737 2182 eo
2771 2128 3114 2198 irrogaudam
3138 2130 3336 2182 timens

1756 2236 2036 2274 accessum
2063 2220 2394 2288 prohiberet.
2413 2222 2586 2274 Simul
2603 2222 2764 2273 etiam
2790 2233 2848 2274 ut
2871 2236 2965 2289 per
2983 2221 3158 2274 forum
3182 2222 3336 2289 equi-

1759 2322 1881 2365 tans
1921 2328 2007 2365 res
2033 2314 2247 2367 vernales
2277 2314 2588 2382 inspiceret.
2619 2312 2873 2367 Omnium
2905 2314 3087 2382 itaque
3132 2315 3185 2368 in
3215 2314 3335 2369 foro

1759 2403 2031 2455 venalium
2082 2404 2314 2472 pretium
2369 2403 2733 2471 exquirebat;
2784 2419 2958 2473 nequc
2990 2420 3118 2459 vero
3158 2405 3338 2460 obiter

1758 2511 1871 2548 rem
1919 2495 2231 2562 praestabat,
2274 2495 2365 2547 sed
2408 2509 2636 2562 operose
2663 2493 2959 2547 admodum
2993 2509 3057 2548 ac
3101 2511 3336 2562 morose,

1759 2603 1858 2641 nec
1905 2587 1954 2639 in
1983 2604 2092 2641 uno
2119 2589 2385 2641 duntaxat
2421 2588 2680 2639 mercium
2713 2601 2927 2654 genere,
2956 2592 3048 2643 sed
3084 2591 3136 2642 in
3160 2592 3337 2642 omni-

1761 2677 1862 2731 bus
1890 2679 2185 2730 esculentis
2219 2678 2332 2732 sive
2373 2680 2534 2730 etiam
2575 2678 2890 2745 potulentis,
2927 2679 3170 2734 vestibus
3209 2682 3336 2734 item

1761 2786 1824 2825 ac
1850 2770 2202 2838 Operimcntis
2238 2787 2253 2836 ;
2288 2769 2547 2839 quidquid
2576 2769 2811 2836 denique
2842 2770 2894 2822 in
2927 2768 3041 2823 fore
3074 2773 3336 2826 merciqu

1763 2866 2059 2931 prostabat.
2101 2863 2466 2929 Quamobrem
2504 2865 2588 2917 vix
2625 2882 2863 2931 unquam
2903 2865 3132 2918 solemni
3170 2867 3341 2934 impc-

1766 2964 2004 3007 ratorum
2034 2971 2183 3008 more
2212 2971 2403 3024 pompa
2451 2957 2744 3024 procedere
2773 2957 2888 3026 88
2916 2958 3063 3010 visus
3097 2965 3204 3024 est,
3246 2959 3340 3026 qui

1766 3048 2118 3116 procuranda:
2139 3049 2442 3115 reipublicae
2462 3065 2710 3117 magnam
2731 3051 3060 3119 diligentiam
3075 3066 3138 3104 ac
3155 3063 3338 3103 curam

1768 3140 2018 3203 haberet,
2062 3157 2206 3194 nunc
2244 3157 2342 3208 pro
2375 3141 2628 3194 tribunali
2663 3142 2861 3196 sedens
2887 3185 2900 3208 ,
2935 3159 3082 3197 nunc
3110 3145 3342 3214 singulis

97 3227 229 3279 αὐτὸν
249 3227 621 3296 ἐξεληλυθότα
661 3229 742 3290 είς
773 3226 1099 3297 πρόκενσον,
1131 3224 1330 3297 πολλὴν
1380 3226 1655 3279 ἐνδεικνύ-

1767 3233 2111 3300 septimanis,
2163 3234 2236 3287 uti
2298 3234 2504 3287 dictutu
2552 3242 2669 3298 est,
2715 3234 2768 3288 in
2818 3235 3092 3304 publicum
3155 3249 3343 3304 proce-

99 3337 229 3385 μενον
253 3321 498 3388 σπουδὴν
543 3320 679 3390 πρὸς
723 3322 793 3372 τα
815 3320 970 3373 κοινά
995 3336 1053 3372 τε
1079 3320 1173 3372 καὶ
1200 3317 1526 3387 ἐπιμέλειαν
1558 3316 1655 3371 νῦν

95 3406 173 3472 μὲν
201 3408 252 3459 έν
278 3407 740 3478 κριτηρίοις,νῦν
776 3409 853 3474 δὲ,
915 3409 992 3472 ὼς
1049 3409 1288 3479 εἴρηται,
1347 3409 1490 3461 κατὰ
1555 3409 1655 3472 τὰς

94 3495 324 3561 apt/160w
357 3497 460 3566 τῆς
497 3496 816 3565 ἑϐδομάδος.

141 3588 192 3642 δ’.
231 3591 396 3643 Ὀθεν
438 3591 574 3642 ἐπεί
635 3608 761 3643 τινα
793 3591 900 3643 τῶν
956 3590 1254 3662 ὀφθαλμῶν
1301 3593 1548 3646 ἑστίασιν
1588 3593 1657 3646 τὰ

91 3684 174 3750 πρὸ
217 3687 312 3754 τῆς
371 3685 596 3746 πόλεως
636 3684 826 3751 ἔχοντα
872 3683 948 3745 ὡς
1007 3685 1099 3736 ἐπὶ
1154 3685 1213 3737 τὸ
1277 3686 1528 3737 πλεῖστον
1577 3688 1659 3746 είς

88 3779 227 3830 ἑαυτὰ
250 3779 489 3832 καλοῦσι
531 3779 658 3841 τοὺς
687 3779 952 3847 βασιλεῖς,
981 3777 1050 3830 τὰ
1091 3779 1227 3849 πρὸς
1251 3778 1349 3848 τὴν
1381 3780 1656 3832 θάλασσαν

88 3871 158 3922 τοῦ
207 3873 480 3925 παλατίου
535 3872 692 3941 τείχη
741 3871 851 3925 τῶν
899 3871 1146 3941 ἀρχαίων
1180 3870 1450 3940 θεμελίων
1506 3867 1658 3934 οὗτος

89 3965 449 4032 παρεκϐαλὼν,
495 3967 597 4017 καὶ
635 3963 772 4032 πρὸς
819 3963 887 4017 τὰ
939 3963 1166 4031 ἡλιακὰ,
1211 3963 1340 4016 ἔνθα
1392 3964 1658 4034 πρότερον

87 4054 379 4124 κινστέρνης
432 4053 617 4122 οῦσης
681 4052 879 4122 συνέϐη
937 4052 1218 4122 βασιλικὸν
1287 4055 1658 4123 ἀποπνιγῆναι

86 4145 192 4206 ui‘av,
223 4146 610 4214 παραδείσους
645 4144 1047 4214 ἐργασάμενος,
1104 4144 1315 4198 ἐκεῖθεν
1365 4147 1427 4198 τὸ
1477 4148 1661 4199 λεῖπον

87 4236 366 4308 ἀνεπλήρου
413 4239 522 4290 καὶ
584 4236 784 4291 ἑαυτὸν
831 4235 1031 4307 ἔτερπε
1064 4237 1278 4300 τούτοις
1329 4239 1425 4290 καὶ
1485 4238 1657 4308 ἔψυχ-

84 4331 281 4397 ιιγὼγει,
314 4331 398 4393 ὡς
435 4332 507 4382 τὸ
541 4328 714 4391 εἰκός.
747 4331 856 4383 Καί
891 4347 1022 4383 ποτε
1055 4329 1248 4382 τούτου
1273 4331 1450 4381 ἐκεῖσε
1486 4330 1661 4382 ἐνδια-

83 4423 346 4490 τρέϐοντος,
378 4427 504 4478 εἴτε
531 4422 604 4494 δὴ
635 4423 732 4476 καὶ
752 4423 1119 4488 δειπνοῦντος,
1139 4423 1212 4486 ὼς
1244 4423 1423 4492 λόγος,
1457 4425 1657 4496 συνέϐη

84 4512 186 4564 ναῦν
235 4533 362 4568 τινα
424 4514 784 4585 μυριοφόρον
824 4513 884 4577 ἐξ
919 4513 1105 4582 οὐρίας
1143 4513 1414 4565 πλέουσαν
1459 4515 1668 4567 ἀναπε-

1766 3325 1917 3379 deus.

1835 3589 1888 3645 4.
1927 3588 2076 3643 Unde
2096 3590 2219 3657 quia
2247 3589 2560 3643 suburbana
2583 3588 2831 3658 quaedam
2859 3598 3076 3657 aspectu
3098 3591 3344 3660 jucunda

1761 3693 1925 3751 atque
1973 3698 2186 3736 amoena
2231 3686 2374 3737 haud
2426 3698 2552 3735 raro
2600 3683 2904 3751 principum
2942 3685 3156 3738 animos
3185 3686 3251 3738 ad
3286 3700 3350 3740 se

1764 3776 2065 3844 pelliciunt,
2104 3777 2218 3844 ipse
2244 3792 2429 3829 muros
2456 3775 2641 3844 palatii
2678 3775 2743 3828 ad
2778 3792 2929 3830 mare
2969 3773 3252 3845 vergentes
3277 3778 3347 3830 ab

1763 3871 2003 3938 antiquis
2055 3869 2423 3924 fundamentis
2457 3872 2717 3935 diruens,
2767 3879 2819 3923 et
2854 3870 2919 3924 ad
2979 3871 3180 3925 solaria
3229 3871 3344 3940 (ubi

1764 3967 1914 4031 prius
1939 3980 2060 4018 cum
2099 3964 2248 4017 lacus
2277 3973 2446 4027 esset,
2476 3965 2820 4033 imperatoris
2849 3963 3015 4017 [ilium
3042 3967 3199 4032 aquis
3231 3965 3347 4018 suf-

1764 4055 1935 4108 focari
1989 4055 2312 4124 contigerat)
2380 4056 2568 4108 hortos
2625 4053 2852 4113 iaciens,
2911 4055 3034 4108 imle
3099 4055 3345 4109 levamen

1763 4147 1982 4215 aliquod
2041 4148 2226 4200 animo
2285 4147 2577 4215 quaerebat,
2629 4162 2794 4216 seque
2841 4147 2945 4211 his,
2982 4156 3038 4200 ut
3088 4162 3186 4216 par
3241 4158 3344 4211 ρει,

1766 4240 2090 4293 oblectabat.
2119 4241 2231 4294 Illic
2261 4242 2595 4310 quandoque
2612 4251 2862 4296 versante
2885 4241 3204 4310 Theophilo,
3233 4244 3348 4296 slve

1765 4333 1950 4396 etiam,
1989 4341 2046 4385 ut
2078 4332 2221 4386 fama
2257 4343 2360 4395 est,
2396 4345 2647 4410 cenante,
2681 4335 2909 4405 contigit
2939 4335 3116 4387 navim
3152 4349 3368 4407 quamg.

1767 4425 1888 4476 dam
1934 4423 2240 4476 onerariam
2273 4424 2644 4493 przcgrandem
2680 4423 2867 4492 pansis
2899 4423 3051 4487 velis,
3107 4425 3350 4477 secundo

1768 4524 1928 4567 vento
1959 4516 2239 4583 appulsam
2268 4555 2282 4578 ,
2315 4516 2518 4584 ingenti
2554 4517 2695 4570 mole
2727 4517 2917 4571 umbra
2950 4526 3162 4585 portum
3193 4517 3349 4570 obte-

85 4611 347 4677 πταμένοις
377 4610 449 4679 δὴ
484 4610 616 4669 τοῖς
652 4607 838 4670 ἱστίοις
884 4606 960 4676 τῷ
998 4607 1220 4676 μεγέθει
1253 4607 1340 4659 τὸν
1392 4608 1589 4676 λιμένα
1615 4609 1662 4639 ⁸⁸

1773 4623 1899 4676 gere
1930 4623 1994 4660 ac
2021 4608 2404 4676 imperatorem
2448 4610 2500 4662 in
2533 4619 2810 4678 stuporem
2845 4625 3022 4679 agere.
3058 4611 3352 4664 Perconta-

86 4706 431 4759 κατασκιάσαι
470 4703 585 4756 καὶ
612 4702 704 4754 τὸν
739 4701 962 4770 βασιλέα
986 4703 1065 4764 είς
1097 4700 1306 4770 θάμϐος
1335 4702 1659 4770 ἐπαγαγεῖν.

93 4797 324 4853 Ἐπύθετο
353 4795 458 4852 οὖν
504 4795 719 4850 αὐτίκα
749 4795 892 4858 τίνος
922 4812 983 4847 τε
1024 4797 1057 4864 ἡ
1089 4795 1253 4857 ὁλκὰς
1298 4793 1383 4865 είη
1415 4797 1509 4848 κα)⁸
1561 4797 1589 4848 ὅ
1614 4814 1665 4848 τι

86 4889 205 4956 φέροι
219 4891 328 4945 τῶν
370 4889 707 4959 ἐδωδίμων.
751 4887 840 4950 Ὦς
870 4887 926 4939 δὲ
956 4887 1056 4956 τῆς
1082 4887 1403 4956 Αύγούστης
1433 4890 1666 4959 ἡκουσεν

85 4978 154 5028 καὶ
183 4979 365 5031 λαθεῖν
417 4979 609 5031 τοῦτο
632 4977 736 5029 οὐκ
766 4971 859 5046 ἦν,
888 4979 1008 5028 τότε
1057 4976 1156 5046 μὲν
1189 4979 1536 5048 ὲφησυχὰσαι
1578 4978 1668 5031 λέ-

86 5084 205 5133 γεται
237 5073 330 5126 καὶ
353 5072 700 5142 διαπέμψαι
726 5070 818 5124 τὸν
839 5072 1031 5140 καιρὸν
1065 5071 1227 5141 μέχρι
1257 5073 1358 5141 τῆς
1392 5067 1461 5143 ἦς
1487 5072 1668 5127 είώθει

84 5166 258 5236 ἡμέρας
287 5169 442 5220 κατὰ
495 5167 617 5228 τὰς
650 5164 962 5234 Βλαχέρνας
1020 5164 1176 5218 ἰέναι.
1235 5165 1390 5218 Ἐπεὶ
1441 5165 1485 5217 δ’
1545 5165 1670 5235 ἣτε

85 5260 233 5327 ιξμέρα
265 5262 463 5333 παρῆν
505 5259 620 5312 καὶ
648 5258 678 5308 ὁ
706 5257 800 5310 τοῦ
835 5257 1023 5310 πλοίου
1055 5259 1224 5328 ὄρμΰς
1255 5257 1416 5326 δῆλος
1456 5258 1670 5328 ὑπῆρχε

86 5347 140 5414 τῷ
167 5349 370 5417 βασιλεῖ
395 5347 770 5418 ἀναμαθόντι
794 5347 882 5402 διά
921 5365 1092 5411 τινος,
1131 5349 1231 5418 τῆς
1262 5350 1344 5412 είς
1382 5348 1446 5402 τὸ
1487 5349 1671 5404 πλοῖον

87 5450 319 5516 capo-3311;
345 5445 471 5510 ἀπή
483 5457 672 5513 ρχετο
697 5440 821 5494 ὀδοῦ
847 5458 860 5471 ·
892 5436 961 5513 ἦν
988 5440 1047 5494 δὲ
1069 5442 1212 5495 κατὰ
1243 5443 1336 5494 τὸν
1363 5443 1664 5513 Βόσπορον.

91 5533 151 5599 ΞΡ.
177 5536 260 5610 56]
293 5538 407 5592 Καὶ
468 5535 736 5602 ἐπείπερ
762 5534 1210 5604 παραγενόμενος
1237 5534 1390 5604 παρὰ
1412 5536 1513 5605 τὴν
1543 5537 1674 5606 πρύ-

92 5646 195 5691 μναν
223 5633 350 5703 έςτη
381 5633 491 5702 τῆς
521 5627 683 5689 νεὼς
700 5626 1100 5697 ἀκολουθούσης
1123 5628 1222 5697 τῆς
1239 5628 1467 5694 τάξεως,
1484 5628 1671 5700 ἠρώτα

92 5717 160 5789 τὴν
183 5722 486 5797 σύγκλητον
512 5723 627 5790 οὐχ
669 5717 819 5783 ἅπαξ
854 5719 918 5789 δὴ
961 5719 1120 5789 μόνον
1149 5719 1285 5774 ἀλλὰ
1325 5722 1421 5774 καὶ
1467 5722 1550 5784 δὶς
1580 5727 1672 5778 καὶ

1774 4702 1935 4755 batur
1953 4700 2115 4770 igitur
2140 4703 2344 4764 statim,
2366 4701 2650 4770 cujusuam
2672 4701 2759 4755 illa
2783 4712 2923 4756 esset
2950 4702 3147 4770 quidve
3179 4717 3352 4755 anno-

1772 4808 1964 4845 narum
2003 4792 2311 4846 adveheret.
2341 4794 2439 4847 Ubi
2476 4808 2637 4862 porro
2673 4793 2933 4863 Augusta:
2966 4809 3087 4848 esse
3122 4794 3351 4859 audivit,

1774 4902 1966 4954 resque
1997 4886 2175 4939 notior
2205 4895 2322 4939 erat
2345 4902 2506 4955 quatn
2543 4894 2601 4938 ut
2634 4885 2799 4940 latere
2829 4894 3030 4955 posset,
3067 4895 3198 4940 tunc
3227 4887 3352 4955 qui-

1773 4979 1895 5033 dem
1944 4979 2162 5034 siluisse
2207 4978 2383 5041 aiunt,
2433 4979 2687 5047 diemque
2720 4988 3066 5047 exspectasse
3092 4994 3200 5046 quo
3248 4979 3352 5047 ipsi

1775 5073 1948 5125 moris
1981 5079 2097 5124 erat
2130 5070 2458 5125 Blachernas
2487 5070 2801 5139 procedere.
2830 5070 3078 5139 Cumque
3111 5071 3227 5124 dies
3260 5085 3354 5138 ap-

1777 5165 2041 5234 petiisset,
2096 5174 2258 5233 atque
2304 5163 2393 5217 ubi
2446 5164 2601 5216 navis
2643 5162 2808 5216 statio
2839 5171 2984 5216 esset
3014 5177 3078 5215 ex
3114 5161 3353 5230 quodam

1775 5258 2076 5322 didicisset,
2107 5273 2299 5313 versus
2327 5273 2443 5309 eam
2478 5257 2759 5310 contendit
2783 5255 2905 5316 iter,
2941 5256 3008 5308 ad
3044 5255 3352 5322 Bosporum

1776 5349 2004 5403 scilicet.
2060 5347 2294 5402 Veniens
2341 5347 2524 5414 itaque
2585 5345 2814 5413 stipatus
2863 5344 3145 5412 obsequio,
3183 5353 3236 5397 et
3285 5345 3354 5396 ad

1778 5442 1999 5512 puppim
2023 5441 2253 5511 positus,
2273 5449 2518 5494 senatum
2544 5438 2772 5508 rogavit,
2791 5453 2966 5508 neque
2992 5437 3045 5490 id.
3066 5435 3235 5490 semel
3257 5437 3354 5490 sed

1778 5536 1974 5589 iterum
2015 5542 2176 5602 atque
2208 5534 2387 5595 tertio,
2412 5547 2541 5586 num
2571 5530 2698 5600 quid
2733 5531 2892 5585 alicui
2919 5530 3132 5584 deesset
3160 5544 3353 5582 eorum

1777 5645 1899 5700 quae
1935 5629 1988 5681 in
2020 5644 2178 5682 usum
2226 5626 2443 5680 familia:
2484 5626 2597 5696 89
2619 5627 2818 5680 cedunt
2848 5639 2913 5678 ac
2944 5636 3173 5677 annona:
3198 5631 3353 5686 sunt,

1777 5725 2017 5779 triticum
2045 5723 2246 5776 scilicet
2279 5730 2332 5776 et
2363 5721 2544 5775 vinum
2569 5721 2783 5775 aliudve
2814 5718 3076 5774 edulium.
3106 5716 3358 5784 Cumque

1373 5817 1612 5874 VABUE
1667 5818 2069 5877 LECTIONES.

145 5921 178 5948 ⁵⁵
202 5925 426 5977 Ξκιςτον
595 5915 651 5948 9.
683 5914 876 5982 λιμένα
909 5912 1297 5974 (Σοιιὼϐίιδὶυε,
1328 5911 1598 5981 λειμῶνα.
