4158 6442
772 403 870 466 ιεη

1853 411 2361 474 ΤΠΕΟΡΙῘᾹΝΕΞ
2402 412 2962 473 CONTINUATUS.

3925 399 4020 465 1οἰ

767 522 967 590 Saepius
1007 522 1178 590 rogati
1213 524 1298 574 vix
1343 523 1556 577 tandem
1598 528 2008 594 respondissent
2040 531 2243 584 nullius
2290 549 2348 586 se

2457 530 2592 601 τρὶς,
2625 531 2749 583 ὅτου
2778 530 2842 594 δή
2877 546 2960 591 τις
2986 527 3098 596 ἔχοι
3143 526 3333 599 χρείαν
3365 523 3475 577 τῶν
3509 520 3806 590 ἐδωδίμων,
3875 517 4018 568 σίτου

764 629 923 682 egere
961 615 1204 683 quandiu
1259 616 1350 668 illo
1405 631 1585 668 rerum
1634 620 1856 672 domino
1902 637 1964 674 ac
2020 626 2347 690 imperatore

767 705 1000 757 feliciter
1032 705 1352 772 gauderent,
1386 721 1448 759 ac
1482 722 1538 758 se
1566 707 1783 774 pt-tliltls
1817 724 1927 777 quo
1957 721 2225 778 spectaret
2256 713 2346 768 illa

769 800 1122 867 interrogatio
1154 800 1369 852 nescire
1394 801 1747 856 addidissent.
1782 806 1848 854 At
1886 806 2116 866 nescitis,
2151 807 2344 874 inquit.

766 905 845 940 me
873 891 960 956 qui
990 887 1083 940 Dei
1115 899 1243 940 nutu
1275 906 1336 941 ac
1367 892 1634 942 voluntate
1659 893 1945 958 imperator
1973 896 2244 954 exsistam,
2283 895 2346 946 ab

766 979 1004 1045 Angusta
1031 997 1088 1029 ac
1113 981 1331 1047 conjuge
1355 983 1656 1032 nauclerum
1679 983 1878 1048 factum
1906 985 2055 1036 esse?
2078 985 2348 1052 Additque

767 1072 1212 1141 indignabundus
1259 1090 1270 1124 :
1331 1073 1473 1125 Auni
1521 1075 1638 1140 quis
1693 1093 1922 1142 unquam
1981 1078 2347 1143 imperatorem

767 1163 1061 1216 Romanum
1121 1166 1296 1232 ejusve
1351 1164 1627 1233 coniugem
1693 1178 2046 1218 mercaturam
2114 1183 2350 1220 exercere

764 1257 896 1308 ridi:
921 1257 946 1308 ?
986 1255 1248 1324 Tuncque
1288 1256 1426 1310 adeo
1460 1274 1586 1311 cum
1623 1274 1783 1311 nemo
1821 1274 2146 1328 responsum
2175 1263 2349 1327 daret,

764 1349 1000 1416 egressis
1032 1349 1302 1403 duntaxat
1333 1349 1462 1405 viris
1482 1352 1578 1419 qui
1610 1353 1660 1403 in
1696 1353 1819 1405 navi
1856 1362 2033 1416 erant,
2065 1370 2184 1408 eam
2220 1369 2350 1408 cnn-

766 1437 943 1490 fcstlin
984 1454 1108 1492 cum
1155 1441 1371 1493 ancoris
1403 1451 1457 1494 et
1487 1441 1641 1505 velis,
1669 1458 1734 1496 ac
1775 1444 2042 1512 quidquid
2088 1445 2349 1498 mercium

764 1542 903 1595 erat,
957 1531 1066 1599 igni
1117 1533 1424 1597 succendit,
1472 1536 1705 1588 multum
1768 1546 1953 1604 postea
2011 1539 2352 1606 vituperans,

768 1621 1026 1690 nulloque
1078 1637 1185 1676 non
1220 1625 1469 1680 convicio
1520 1627 1798 1680 dominam
1849 1644 2106 1691 onerans,
2161 1645 2224 1682 ac
2273 1631 2355 1684 vel

769 1729 960 1766 necem
1001 1715 1282 1780 minitans,
1318 1719 1361 1771 si
1387 1733 1552 1786 porro
1583 1719 1848 1786 ejusmodi
1877 1720 2082 1790 aliquid
2112 1722 2356 1777 factitare

766 1821 1006 1871 unquam
1047 1808 1571 1876 deprehenderetur.

2451 623 2483 692 ἢ
2520 625 2663 675 οἴνου
2697 623 2729 692 η
2763 638 2906 684 τινος
2935 620 3098 674 ἄλλου
3153 619 3264 672 τῶν
3315 617 3433 670 κατ’
3474 611 3620 668 οἷκον
3663 608 4021 678 ἀναλισκομέο

2449 732 2576 767 νων.
2629 713 2716 776 Ὠς
2740 714 2794 765 δὲ
2822 713 3080 776 πολλάκις
3106 711 3473 783 ἐρωτηθέντες
3522 708 3673 778 μόλις
3719 704 3862 768 ἅπαξ
3892 704 4025 755 ἀπεο

2452 806 2720 876 κρίθησαν
2747 807 3020 872 Μηδενὸς
3062 806 3379 859 λείπεσθαι
3408 801 3583 870 μέχρι
3620 797 3730 864 τῆς
3775 794 3897 862 σῆς
3929 796 4024 846 εὑ-

2448 897 2774 965 μοιροῦμεν
2795 897 3154 958 δεσποτείας
3175 912 3239 948 τε
3255 895 3350 947 καί
3373 891 3718 956 βασιλείας.
3739 888 3834 940 καὶ
3858 902 4024 956 προσ-

2451 989 2712 1041 τιθέντων
2730 987 2933 1055 Μηδὲν
2951 988 2996 1019 ’⁸
3009 987 3225 1040 ειδέναι
3245 984 3361 1037 τῶν
3373 979 3460 1036 ὧν
3484 980 3842 1049 ἐρωτώμέθα.
3863 978 3918 1030 Ἀ
3928 976 4025 1030 μ’

2453 1083 2564 1132 οὐκ
2586 1080 2737 1144 Ιστε,
2771 1080 2994 1147 ἐφησεν,
3027 1079 3116 1130 ὅτι
3143 1094 3218 1146 με
3242 1076 3360 1130 ὑπὸ
3391 1073 3540 1127 Θεοῦ
3564 1071 3829 1136 ,ϐασιλέα
3862 1069 4028 1137 τενό-

2452 1188 2640 1239 μενον
2675 1172 2712 1238 ἡ
2763 1170 3086 1239 Αὑτοῦστα
3137 1168 3235 1221 καί
3269 1168 3522 1234 σύμϐιος
3569 1165 3918 1228 ναύκληρόγ
3958 1176 4029 1226 με

2455 1262 2808 1330 είργάσατο;
2839 1263 2934 1316 καὶ
2969 1264 3060 1326 τίς
3098 1259 3358 1324 πώποτε,
3393 1257 3530 1327 μετά
3549 1256 3775 1324 πικρίας
3797 1249 4027 1319 λέγω-δ”

2455 1356 2615 1408 τοῦτο
2659 1355 2859 1424 ψυχῆς,
2904 1353 3171 1418 ,βασιλέα
3240 1351 3543 1420 Ῥωμαίων
3592 1347 3629 1415 ἧ
3686 1345 3799 1413 τὴν
3843 1342 4030 1396 αὑτοῦ

2461 1448 2727 1517 ταμετὴν
2765 1448 3034 1516 ἔμπορον
3074 1447 3403 1508 ἐθεάσατο;
3436 1443 3547 1497 Καὶ
3591 1442 3682 1492 ἐπὶ
3723 1437 3898 1506 τούτῳ
3937 1439 4034 1488 ἀν-

2462 1540 2820 1611 απολογήτων
2866 1541 3158 1610 μενόντων,
3211 1538 3503 1604 ἐκέλευσεν
3551 1531 3798 1602 αὐθωρδν
3841 1530 4033 1600 μόνους

2460 1635 2703 1699 ὲξνοόνἸτιτιηῖ
2739 1637 2864 1697 τοὺς
2892 1633 3212 1706 ἀνθρώπους
3264 1633 3362 1703 τὴν
3404 1630 3538 1684 ναῦν
3601 1629 3819 1695 ἐκείνην
3855 1641 4036 1692 παρα-

2457 1726 2638 1779 δοῦναι
2667 1728 2802 1796 πυρί¹
2829 1728 3018 1789 αὐταῖς
3057 1725 3333 1796 ἀγκύραις
3379 1725 3473 1777 καὶ
3527 1721 3718 1783 ίστίοις
3772 1719 3866 1772 καὶ
3921 1719 4035 1777 τοῖς

2463 1819 2643 1881 ἄλλοις
2679 1821 2842 1872 πᾶσιν
2897 1819 3227 1887 ἀγωγίμοις,
3289 1816 3460 1870 πολλὰ
3489 1813 3764 1869 κατειπὼν
3807 1811 4032 1879 ὕστερον

765 1904 857 1954 καὶ
890 1903 1170 1966 παντοίαις
1194 1902 1385 1974 ὕϐρεσι
1421 1907 1522 1973 τὴν
1566 1906 1861 1960 δέσποιναν
1896 1908 2232 1978 περιϐαλὼν,
2265 1910 2340 1976 ὡς
2370 1914 2463 1966 καὶ
2486 1915 2657 1986 αὐτῆς
2706 1913 3072 1985 ἐπαπειλῆσαι
3123 1913 3412 1982 ἐξαγαγεῖν
3459 1912 3557 1982 τῆς
3597 1910 3764 1979 ζωῆς.
3803 1907 3918 1976 εἴτε
3975 1905 4040 1976 δὴ

763 1996 949 2049 ἔκτοτε
975 1996 1215 2050 τοιοῦτόν
1244 2015 1297 2048 τι
1321 1998 1549 2051 ποιοῦσα
1568 2001 1874 2070 φωραθείη.

834 2092 886 2144 5.
921 2090 1190 2144 Caeterum
1215 2089 1504 2146 'l‘lieodora
1525 2095 1653 2160 (hoc
1675 2096 1820 2148 enim
1847 2097 2106 2165 Augusta:
2125 2099 2346 2168 nomen)

2526 2096 2587 2149 ε’.
2629 2094 2792 2148 Ἀλλά
2821 2094 3054 2165 πατρίδα
3081 2094 3179 2164 μὲν
3208 2093 3242 2163 ἡ
3275 2090 3530 2162 Θεοδώρα
3558 2088 3738 2158 (τοῦτο
3781 2088 3890 2156 γὰρ
3916 2087 4041 2140 bvo-

764 2180 1185 2251 Paplilagoniam
1218 2184 1452 2252 patriam
1493 2185 1849 2250 honestabat,
1888 2190 2144 2258 oppiduni
2200 2191 2355 2246 Ebis-

764 2290 881 2328 sam
918 2289 935 2329 :
969 2283 1222 2343 parentes
1247 2274 1518 2330 Marinum
1544 2288 1771 2347 patrem,
1808 2282 1984 2336 virum
2017 2299 2123 2336 non
2152 2283 2353 2338 obscu-

765 2383 885 2420 rum
918 2377 1013 2420 aut
1029 2367 1252 2436 private
1277 2370 1443 2423 sortis
1468 2370 1764 2434 hominem,
1785 2375 1876 2427 sed
1907 2374 1998 2441 qui
2022 2375 2353 2444 drungarius

764 2457 1036 2511 exstiterit
1087 2459 1169 2511 vel
1215 2458 1298 2528 (ut
1345 2459 1474 2515 aliis
1517 2461 1713 2531 placet)
1770 2464 2020 2520 tribunus
2062 2484 2074 2519 :
2130 2467 2353 2522 Matrem

766 2547 957 2601 habuit
1010 2545 1378 2603 Tlieoctistam
1425 2565 1789 2617 cognomento
1825 2553 2124 2621 Florinani,
2165 2558 2356 2615 ambos

766 2638 870 2705 piis
900 2636 1146 2691 moribus
1169 2649 1425 2706 rectaque
1454 2640 1505 2692 in
1541 2642 1644 2694 lide
1667 2643 1948 2706 educatos,
1979 2661 2040 2699 ac
2069 2647 2162 2714 qui
2189 2662 2355 2700 vene-

768 2726 1019 2782 rabilium
1048 2726 1347 2796 imaginum
1371 2729 1604 2792 cultum,
1639 2745 1737 2798 pro
1763 2734 2009 2786 ninnium
2042 2733 2159 2803 ejus
2185 2736 2359 2791 atatis

766 2819 1047 2873 hominum
1075 2819 1236 2889 genio
1266 2828 1430 2889 atque
1463 2822 1683 2888 haeresi,
1711 2823 1938 2878 minime
1969 2826 2356 2895 abnegassent,

764 2914 860 2967 sed
891 2914 1282 2968 ardentissimo
1301 2929 1400 2969 eas
1431 2915 1617 2971 studio
1649 2918 1764 2972 oris
1797 2933 2103 2988 manusque
2130 2930 2181 2975 et
2203 2922 2358 2976 sinus

763 3004 1018 3075 amplexu
1035 3018 1446 3061 venerarentur.
1470 3006 1640 3062 Porro
1659 3009 1946 3066 Theodora
1980 3013 2128 3082 regia
2145 3014 2354 3085 pridem

763 3111 830 3153 ex
876 3097 1268 3167 imperatorum
1319 3098 1429 3169 90
1469 3116 1621 3154 more
1663 3116 1868 3155 corona
1913 3105 2138 3167 donata,
2190 3105 2359 3160 Mater

763 3204 987 3260 quoque
1022 3189 1336 3244 'l‘beoctista
1387 3200 1556 3246 zostaa
1585 3208 1751 3261 quam
1789 3207 1988 3249 vocant
2021 3197 2096 3266 (id
2132 3207 2216 3251 est
2246 3199 2362 3251 cin-

764 3281 893 3348 gulo
925 3281 1254 3348 donata-lae
1285 3283 1526 3350 patricia:
1551 3284 1874 3351 dignitatem
1906 3296 2199 3342 consecuta
2219 3300 2357 3344 erat.

2459 2208 2534 2261 μα
2570 2191 2636 2260 τῇ
2667 2186 2980 2260 Αύγούστῃ)
3014 2185 3398 2255 Παφλαγονίαν
3427 2183 3746 2252 ἐσέμνυνεν,
3783 2180 3880 2232 καὶ
3931 2197 4039 2249 χω-

2459 2283 2576 2354 ρίον
2625 2280 2911 2345 Ἐϐισσαν,
2947 2280 3248 2348 γεννήτορα
3287 2278 3344 2331 δὲ
3377 2277 3622 2346 Μαρϊνον
3675 2273 3777 2325 οὐκ
3825 2271 4042 2341 ἄσημόν

2451 2391 2573 2428 τινα
2603 2374 2635 2444 ἢ
2670 2373 2892 2443 ἰδιώτην
2915 2372 3016 2443 τὴν
3055 2371 3248 2439 τύχην,
3305 2367 3668 2439 δρουγγάριον
3717 2365 3776 2418 δέ
3814 2365 3846 2434 ἢ
3878 2380 4042 2436 coup-

2462 2470 2679 2540 μάρχην
2734 2465 2877 2520 κατά
2926 2481 3100 2526 τινας,
3142 2463 3237 2516 καὶ
3291 2462 3506 2532 μητέρα
3559 2459 3894 2527 Θεοκτίστην
3944 2457 4044 2523 τὴν

2455 2559 2599 2613 οῦτω
2645 2559 2928 2629 Φλωρίναν
2963 2553 3507 2624 κατονομαζομένην,
3557 2551 3905 2622 ἀμφοτέρους
3949 2550 4044 2601 εὐ-

2459 2652 2647 2723 σεϐείᾳ
2674 2650 3153 2722 ἐντεθραμμένους
3176 2647 3222 2680 ⁸⁸
3265 2647 3360 2700 καὶ
3389 2648 3490 2716 τὴν
3545 2644 3654 2700 τῶν
3704 2644 3920 2698 σεπτῶν
3963 2644 4046 2695 el-

2459 2745 2633 2798 κόνων
2686 2741 3067 2813 προσκύνησιν
3119 2739 3221 2792 οὐκ
3299 2737 3736 2808 ἐξαρνουμὲνους
3792 2734 3912 2803 μέν,
3967 2732 4046 2793 ὡς

2457 2834 2578 2888 κατ’
2626 2835 2804 2886 ἐκεῖνο
2840 2831 3046 2893 πάντες
3101 2827 3323 2900 καιροῦ,
3359 2826 3782 2894 ἀσπαζομένους
3826 2823 3885 2877 δέ
3942 2823 4045 2876 καὶ

2460 2923 2974 2994 ἐνστερνιζομένους
3023 2917 3342 2990 ὑπερφυῶς.
3386 2917 3527 2969 Ἀλλ’
3559 2917 3593 2985 ή
3652 2914 3750 2984 μὲν
3789 2912 4049 2982 Θεοδώρα

2457 3017 2755 3085 διαδήματι
2803 3011 3084 3083 βασιλείας
3130 3010 3296 3064 πάλαι
3339 3009 3406 3080 δὴ
3457 3009 3815 3070 κατέστεπτο,
3863 3004 3964 3058 καὶ
4016 3006 4049 3072 ἡ

2460 3106 2630 3173 αὐτῆς
2690 3105 2875 3175 μήτηρ
2927 3101 3228 3170 Θεοκτίστη
3290 3098 3472 3168 ζωστὴ
3524 3114 3585 3150 τε
3639 3098 3734 3149 καὶ
3782 3095 4052 3164 πατρικία

2456 3198 2739 3266 τετίμητο.
2775 3196 2925 3264 Αῦτη
2949 3193 3014 3258 δὴ
3042 3191 3136 3246 οῦν
3163 3193 3196 3261 ἡ
3219 3190 3522 3260 Θεοκτίστη
3552 3190 3693 3243 κατά
3719 3188 3809 3240 τὸν
3837 3188 4049 3254 εαυτῆς

2455 3285 2626 3353 οἷκον,
2646 3287 2778 3340 ἔνθα
2801 3286 2867 3355 δὴ
2886 3288 2920 3353 ἠ
2959 3285 3068 3338 τῶν
3096 3286 3134 3337 Γ
3138 3284 3378 3352 αστρίων
3401 3281 3538 3352 μονὴ
3569 3281 3670 3351 τὴν
3722 3279 3882 3349 πῆξιν
3931 3279 4054 3349 ἔχει

765 3371 841 3427 lbi
896 3374 1078 3442 itaque
1117 3374 1426 3429 Tlieoctista
1475 3377 1529 3428 in
1581 3377 1803 3431 domum
1854 3395 2033 3443 suam.
2084 3397 2248 3451 quam
2293 3398 2354 3433 eo

2461 3380 2528 3434 τὰ
2553 3379 2649 3434 νῦν
2679 3379 2777 3432 καὶ
2829 3379 3040 3448 ἵδρυσιν
3069 3373 3161 3448 (ἦν
3212 3377 3269 3428 δὲ
3311 3375 3506 3428 τοῦτον
3574 3373 3636 3438 ἐξ
3681 3373 3890 3425 ἐκείνου
3951 3371 4053 3425 τοῦ

763 3462 888 3518 loco
905 3462 1065 3516 sitam
1096 3461 1329 3517 habebat
1358 3464 1448 3517 ubi
1469 3464 1632 3518 modo
1653 3467 1996 3524 Gastrioruin
2021 3442 2354 3525 exstructum

2465 3473 2758 3544 πατρικίου
2787 3442 3178 3540 ἐξω-νησαμενη
3216 3469 3478 3540 Νικήτα),
3503 3467 3600 3530 τὰς
3632 3468 3730 3537 τῆς
3764 3463 4056 3535 Θεοδώρας

765 3557 1159 3611 monasterium
1211 3568 1315 3620 est,
1367 3571 1544 3627 exque
1601 3557 1788 3614 Niceta
1843 3564 2071 3630 patricio
2124 3574 2354 3630 emerat,

765 3648 1070 3704 Theodore:
1096 3651 1236 3706 ﬁlias
1256 3651 1493 3706 invitans
1509 3653 1779 3723 (quinque
1798 3655 1902 3709 illa:
1931 3673 2161 3711 numero
2179 3669 2357 3723 erant,

766 3738 964 3793 Thecla
997 3749 1051 3793 et
1071 3739 1223 3793 Anna
1254 3741 1653 3810 Anastasiaque
1683 3751 1738 3796 et
1763 3744 2052 3798 Pulclieria
2078 3755 2132 3798 et
2167 3744 2363 3826 Maria)

765 3849 890 3888 cum
924 3834 1046 3888 aliis
1080 3835 1442 3900 munusculis,
1486 3836 1689 3904 quibus
1728 3836 2027 3892 deniulceri
2063 3839 2152 3893 hic
2194 3856 2359 3895 sexus

764 3929 922 3992 solet,
969 3928 1374 3992 blandiebatur,
1417 3935 1530 3980 tum
1567 3944 1816 3983 seorsum
1848 3945 2137 3987 assumens
2169 3933 2358 3988 horta-

766 4024 925 4074 batur
971 4029 1030 4074 ut
1073 4034 1238 4089 supra
1289 4035 1480 4073 sexum
1522 4037 1678 4074 suum
1723 4032 1979 4091 saperent
2032 4024 2358 4095 animosque

763 4113 948 4165 viriles
983 4125 1050 4165 ac
1077 4121 1324 4165 materno
1357 4110 1496 4165 lacte
1525 4112 1721 4182 dignos
1748 4123 2114 4181 assumerent,
2147 4115 2358 4170 abomi-

765 4213 958 4256 nantes
1004 4212 1282 4271 paternam
1329 4204 1582 4258 lueresim
1623 4219 1924 4272 sacrasque
1957 4207 2354 4262 venerabilium

766 4294 1063 4363 imaginum
1111 4294 1486 4362 amplexantes
1539 4309 1605 4348 ac
1653 4296 2039 4353 exosculantes
2094 4297 2297 4368 elﬁgies
2336 4317 2352 4365 ;

762 4385 1041 4454 simulque
1074 4384 1126 4438 in
1164 4400 1362 4439 manus
1386 4400 1700 4452 assumens,
1728 4388 1929 4457 quippe
1961 4404 2099 4458 quas
2129 4391 2182 4445 in
2217 4391 2356 4446 cista

762 4479 1000 4546 quadam
1044 4477 1314 4547 repositas
1356 4478 1615 4541 habebat,
1657 4480 1829 4534 vultui
1869 4481 2136 4550 labiisque
2166 4483 2357 4538 admo-

764 4584 899 4623 vens
946 4569 1154 4639 puellas
1205 4571 1606 4636 sanctiﬁcabat,
1668 4572 1832 4642 inque
1874 4589 2064 4627 earum
2111 4590 2354 4630 amorem

763 4663 888 4716 illas
936 4661 1237 4716 excitabat.
1274 4661 1389 4717 Hoc
1434 4663 1524 4718 illa
1569 4680 1695 4719 cum
1735 4665 2033 4721 identidem
2060 4665 2357 4731 factitaret,

2464 3564 2771 3635 θυγατέρας
2802 3561 3262 3633 μετακαλουμένη
3297 3559 3482 3632 (πέντε
3529 3559 3587 3612 δὲ
3619 3553 3762 3630 ἦσαν
3790 3557 3882 3610 τὸν
3919 3559 4056 3627 ἀρι-

2461 3657 2491 3709 θ
2499 3658 2620 3729 μὸν,
2649 3659 2685 3729 ἦ
2701 3675 2758 3712 τε
2780 3658 2960 3711 Θέκλα
2988 3655 3084 3710 καὶ
3101 3657 3291 3720 Ἀννα,
3311 3656 3367 3710 Ἀ
3377 3655 3645 3706 ναστασία
3671 3669 3730 3704 τε
3760 3651 3854 3704 καὶ
3875 3653 4057 3707 Hau}.-

2461 3749 2641 3819 χερία,
2683 3750 2776 3802 καὶ
2806 3750 2840 3819 η
2882 3747 3094 3818 Μαρία)
3128 3746 3318 3808 ἄλλαις
3350 3761 3410 3796 τε
3438 3744 3669 3814 δωρεαῖς
3713 3737 3800 3805 αἷς
3836 3742 4056 3810 ὑπάγε-

2464 3843 2588 3896 σθαι
2631 3842 2692 3895 τδ
2722 3842 2856 3911 θῆλυ
2885 3841 3133 3910 πέφυκεν
3162 3837 3457 3904 ἐδεξιοῦτο,
3490 3838 3587 3890 καὶ
3619 3837 3727 3908 ἰδίᾳ
3752 3835 4059 3905 παραλαμ-

2461 3935 2701 3988 ϐάνουσα
2724 3934 2784 3987 οὐ
2827 3931 3229 4003 μαλακίζεσθαι
3261 3931 3386 3984 οὐδὲ
3443 3929 3626 4001 μένειν
3650 3929 3871 3999 θηλείας
3899 3928 4052 3996 ὅπερ

2459 4023 2602 4099 ἦσαν
2641 4026 2957 4097 ἐξελιπάρει
3004 4025 3100 4077 καὶ
3138 4023 3496 4077 καθικέτευεν
3529 4061 3545 4086 ,
3585 4020 3936 4090 ἀνδρίζεσθαι
3992 4020 4056 4072 δὲ

2459 4120 2556 4173 καὶ
2585 4121 2685 4191 τῆς
2716 4117 2977 4189 μητρῴας
3028 4116 3199 4188 θηλῆς
3232 4116 3359 4180 ἄξια
3416 4111 3746 4168 διανοεῖσθαι
3779 4112 3876 4166 καὶ
3907 4112 4024 4180 πρέ

2457 4230 2654 4276 ποντα,
2682 4213 2784 4283 τὴν
2801 4211 3066 4284 πατρῴαν
3104 4211 3202 4281 μὲν
3235 4209 3449 4280 αἰρεσιν
3502 4204 4054 4278 ἀπορριπιζομένας,

2458 4305 2866 4376 καταφιλούσας
2892 4306 2952 4358 δὲ
3002 4306 3098 4358 καὶ
3130 4302 3626 4371 κατασπαζομένας
3681 4300 3779 4361 τὰς
3811 4298 3920 4350 τῶν
3955 4315 4058 4351 σε-

2457 4397 2610 4450 πτῶν
2639 4396 2866 4449 εἰκόνων
2897 4394 3131 4467 μορφάς.
3150 4395 3262 4447 Καὶ
3278 4393 3397 4462 ἅμα
3413 4391 3616 4453 ταύτας
3633 4390 3713 4450 εἰς
3731 4391 3913 4458 χεῖρας
3948 4388 4060 4458 ἐμ-

2459 4491 2732 4544 ϐάλλουσα
2756 4488 3144 4559 (ἐφυλάττοντο
3162 4487 3220 4540 δὲ
3250 4487 3390 4557 αὐτῇ
3409 4484 3466 4538 ἐν
3494 4500 3603 4540 τινι
3647 4482 3936 4552 κιϐωτίῳ),
3972 4481 4059 4549 τῷ

2459 4581 2738 4652 προσώπῳ
2791 4581 2886 4634 καὶ
2929 4581 3044 4643 τοῖς
3103 4579 3340 4650 χείλεσιν
3395 4577 3483 4650 [Ρ.
3519 4576 3612 4648 57]
3687 4575 4056 4645 ἐπιτιθεμένη

2459 4673 2688 4744 ήγίαζέν
2716 4688 2777 4724 τε
2800 4671 2969 4734 αὑτὰς
3003 4671 3100 4724 καὶ
3122 4669 3260 4740 πρὸς
3313 4668 3374 4721 τὸ
3432 4668 3660 4720 ἐκείνων
3715 4666 3942 4736 φίλτρον
3976 4665 4064 4719 διο

762 4754 1074 4822 ardensque
1108 4769 1237 4824 erga
1273 4754 1541 4824 imagines
1573 4756 1905 4812 desiderium
1950 4761 2203 4827 neptibus
2244 4761 2353 4815 fre-

2458 4766 2706 4834 ήγειρεν.
2724 4763 2898 4816 Τοῦτο
2920 4758 3015 4816 οὖν
3047 4760 3339 4830 ἐνδελεχῶς
3359 4759 3590 4813 ποιοῦσα
3616 4758 3710 4812 καὶ
3741 4761 3858 4819 ταῖς
3885 4759 4063 4827 ἐγγό-

763 4863 942 4917 quens
985 4847 1328 4912 accenderet,
1379 4863 1486 4901 non
1520 4846 1707 4902 fefellit
1746 4863 1833 4903 res
1869 4848 2257 4918 Theophilum.
2306 4852 2357 4906 ls

763 4941 910 4994 enim
946 4939 1248 5008 aliquando
1278 4954 1401 4993 cum
1436 4938 1578 4994 ﬁlias
1604 4941 1964 5010 interrogaret
1994 4943 2122 5011 quid
2142 4959 2208 4997 ex
2242 4945 2359 4998 avia

763 5045 1052 5086 munerum
1109 5031 1474 5101 accepissent,
1531 5032 1733 5102 quidve
1793 5033 2138 5088 humanioris
2197 5034 2360 5089 ollicii

761 5121 1265 5190 blanditiarumque
1295 5121 1348 5173 in
1391 5135 1483 5175 eas
1516 5122 1777 5176 collatum
1810 5133 1977 5186 esset,
2019 5125 2246 5194 reliquis
2279 5127 2360 5179 in-

761 5212 1189 5284 (errogationem
1249 5211 1370 5280 ejus
1437 5223 1697 5282 tanquam
1762 5215 2128 5284 muscipulam
2173 5217 2359 5272 solerti

762 5306 950 5360 animo
1010 5313 1331 5359 constanter
1386 5305 1836 5371 declinantibus,
1903 5305 2192 5365 Pulcheria
2252 5326 2361 5365 non

767 5401 945 5471 magis
995 5409 1155 5454 aetate
1186 5416 1350 5469 quam
1398 5417 1562 5456 sensu
1596 5402 1891 5456 immatura
1916 5444 1930 5466 ,
1962 5419 2129 5474 quam
2162 5405 2362 5461 blande

762 5502 1007 5548 tractata:
1032 5502 1218 5549 essent
1250 5493 1475 5557 referre,
1497 5509 1560 5549 ac
1577 5511 1740 5565 quam
1778 5496 1943 5550 variis
1973 5497 2152 5566 pomis
2183 5499 2359 5553 dona-

763 5595 852 5644 tae.
889 5599 1108 5656 unaque
1149 5585 1544 5640 venerabilium
1589 5586 1891 5656 imaginum
1939 5590 2350 5647 venerationem

763 5679 1079 5750 adiungere,
1102 5685 1265 5749 atque
1303 5677 1375 5733 ita
1401 5693 1512 5733 rem
1541 5677 1646 5748 91
1673 5679 1911 5749 simplici
1937 5696 2102 5735 sensu
2139 5684 2351 5740 verbis-

2461 4874 2572 4918 νοις
2594 4857 2655 4909 τὸ
2685 4855 2817 4926 περὶ
2837 4857 2936 4918 τὰς
2957 4856 3175 4916 εἰκόνας
3212 4854 3435 4924 φίλτρον
3461 4850 3900 4921 ἀναζωπυροῦσα
3952 4852 4066 4903 οὐκ

2459 4950 2617 5002 ἔλαθε
2641 4949 2732 5002 τὸν
2750 4947 3032 5018 Θεόφιλον,
3057 4946 3468 5015 πυνθανόμενον
3497 4945 3526 4998 ὃ
3540 4961 3593 4997 τι
3610 4960 3669 4996 τε
3690 4943 3880 5002 αὑταῖς
3899 4959 3976 4993 πα
3986 4944 4067 5011 ρὰ

2457 5045 2556 5113 τῆς
2593 5042 2829 5112 μάμμης
2855 5039 3161 5113 δεδώρηται
3188 5041 3287 5093 καὶ
3318 5041 3347 5094 ὅ
3371 5057 3426 5093 τι
3453 5040 3678 5110 χάριτος
3701 5035 4066 5106 ἐξείργασται

2457 5136 2724 5201 ﬁrm...“
2765 5135 2865 5207 μὲν
2897 5136 3007 5206 γὰρ
3046 5135 3203 5189 ἄλλαι
3233 5134 3427 5188 τούτου
3477 5135 3578 5190 τὰς
3606 5131 3832 5192 πεύσεις
3867 5130 4070 5198 ἀγαθὰ

2466 5229 2764 5300 φρονοῦσαι
2834 5228 3024 5301 ὥσπερ
3057 5229 3212 5292 τινὰς
3268 5227 3442 5290 λαϐὰς
3517 5225 3846 5297 ἐρρωμένως
3904 5239 4067 5288 παρ’

2462 5321 2687 5393 ἐτρεχον
2706 5338 2720 5352 ο
2757 5322 2791 5392 ἡ
2811 5320 2869 5374 δὲ
2897 5319 3209 5391 Πουλχερία
3240 5319 3336 5372 ἀτε
3385 5318 3576 5388 ἡλικίᾳ
3622 5317 3717 5368 καὶ
3739 5314 3818 5383 νῷ
3856 5314 4073 5380 νηπιά-

2460 5416 2631 5480 ζουσα
2650 5415 2750 5476 τάς
2780 5432 2840 5467 τε
2877 5414 3283 5485 φιλοφροσύνας
3315 5412 3470 5480 ἔλεγε
3512 5409 3608 5464 καὶ
3627 5409 3690 5461 τὸ
3716 5407 3918 5475 πλῆθος
3944 5407 4068 5458 τῶν

2456 5507 2714 5575 ὀπωρῶν,
2749 5505 3078 5578 συνηρίθμει
3099 5506 3156 5558 δέ
3180 5505 3276 5558 καὶ
3306 5505 3406 5573 τὴν
3436 5502 3546 5556 τῶν
3571 5499 3786 5554 σεπτῶν
3823 5499 4070 5550 εἰκόνων

2461 5601 2860 5673 προσκύνησιν,
2887 5599 3032 5654 οὕτω
3065 5599 3132 5670 δὴ
3165 5598 3349 5653 ἀπαλά
3377 5594 3651 5668 φρονοῦσα
3693 5591 3792 5646 καὶ
3812 5591 4068 5658 λέγουσα.

2461 5689 2536 5752 ὡς
2559 5690 2703 5742 νινία
2735 5689 2908 5749 πολλά
2932 5690 3019 5761 εἴη
3051 5690 3189 5760 αὐτῇ
3227 5687 3368 5744 κατὰ
3387 5689 3450 5741 τδ
3468 5685 3726 5741 κιϐώτιον
3751 5681 3847 5737 καὶ
3877 5679 4067 5734 ταῦτα

2057 5769 2292 5834 VARI/Ei
2338 5781 2742 5841 LECTIONES.

831 5868 876 5900 οε
905 5868 1039 5938 μηδὲ
1073 5867 1130 5924 ρ,
1210 5871 1254 5902 9⁷
1277 5871 1417 5938 λέγω
1448 5871 1468 5923 ?
1544 5869 1588 5898 "‘
1620 5870 2100 5942 ἐκτεθραμμένους
2119 5870 2178 5926 Ρ.
