4158 6442
788 437 886 500 107

1876 427 2383 487 ΤΙῙΕΟΡΙΙΑΝΕΞ
2422 425 2977 486 CONTIXUATUS.

3936 426 4035 490 108

782 546 1009 619 degebat
1038 560 1099 598 ac
1134 557 1335 612 equum
1381 540 1432 593 in
1467 540 1677 595 deliciis
1704 538 1955 593 habebat.
1988 538 2242 592 Fluxerat
2271 538 2356 591 in-

2483 538 2555 589 ιαὶ
2586 537 2722 607 πρὸς
2772 537 2867 591 τὸν
2917 536 3179 606 Θεόφιλον
3218 536 3498 590 κατειπὼν
3529 536 3626 589 τοῦ
3666 536 3884 607 ἀνδρός.
3930 533 4038 590 Ἦν

784 642 941 695 terim
980 637 1201 705 longum
1240 641 1480 702 tempus,
1512 648 1637 685 cum
1674 631 1871 699 partim
1904 630 2138 699 quadam
2181 644 2354 682 aemu-

787 732 985 786 latione
1016 725 1289 780 hominem
1320 723 1384 776 ad
1412 723 1608 776 bellum
1644 729 1987 790 provocaret,
2011 719 2205 789 partim
2230 734 2360 774 vero

788 822 950 877 etiam
984 831 1229 872 ntmrore
1258 817 1572 877 conﬁceret,
1606 814 1682 866 uti
1721 813 1828 866 illis
1852 811 1967 867 fere
1990 812 2188 866 accidit
2218 826 2359 879 quos

789 914 1017 968 adversa
1049 908 1266 965 fortuna
1300 908 1418 960 dire
1456 905 1638 959 allicit.
1672 903 1914 975 Contigit
1945 905 2129 974 itaque
2162 912 2221 956 ut
2248 919 2359 973 quo

788 1017 1035 1073 tempore
1089 1002 1177 1055 ille
1229 1000 1451 1053 adversa
1497 998 1715 1053 fortuna
1766 998 2135 1067 premebatur,
2176 996 2358 1050 Theo-

789 1097 972 1166 philus
1026 1108 1229 1163 equum
1289 1105 1617 1160 generosum
1687 1099 2003 1158 quaereret;
2068 1089 2363 1159 missisque

791 1189 982 1243 litteris
1015 1187 1284 1257 primores
1317 1198 1509 1238 omnes
1541 1198 1604 1236 ac
1636 1182 1991 1251 magistratus
2051 1198 2148 1238 seu
2192 1184 2362 1238 duces

788 1278 1057 1351 ejusmodi
1096 1293 1298 1347 equum
1348 1277 1634 1346 diligenter
1685 1290 1931 1344 quaerere
1957 1285 2011 1329 et
2039 1277 2104 1330 ad
2147 1292 2204 1332 se
2234 1276 2363 1331 mit-

793 1382 906 1425 tere
934 1370 1108 1438 jubet.
1138 1369 1347 1421 Praetor
1377 1372 1593 1433 arrepta
1623 1365 1916 1419 occasione
1947 1381 1976 1419 a
2004 1368 2123 1421 viro
2160 1366 2241 1419 vel
2276 1366 2363 1419 in-

794 1464 909 1517 vito
948 1462 1191 1514 ablatum
1226 1473 1427 1526 equum
1462 1467 1517 1511 ut
1553 1472 1669 1509 rem
1698 1472 1853 1511 suam
1890 1457 2209 1527 imperatori
2237 1457 2367 1511 mit-

794 1558 876 1611 tit.
906 1555 1017 1607 lloc
1048 1554 1279 1614 crimen,
1330 1559 1384 1604 et
1437 1550 1553 1604 llTC
1603 1550 1727 1620 equi
1784 1552 2030 1605 amissio.
2070 1549 2199 1604 Orta
2238 1565 2366 1605 vero

794 1650 982 1703 bellica
1038 1647 1221 1714 aliqua
1281 1645 1610 1699 necessitate
1665 1642 1941 1712 rebusque
1996 1643 2367 1699 consternatis

790 1740 1036 1808 jusserat
1080 1735 1377 1803 imperator
1414 1740 1475 1786 ut
1521 1747 1715 1787 omnes
1750 1734 1948 1802 quovis
1978 1734 2138 1788 modo
2173 1733 2365 1788 militia

794 1827 958 1881 soluti
1000 1826 1063 1879 ad
1106 1823 1307 1877 bellum
1363 1821 1881 1892 proficiscerentur;
1922 1838 2030 1892 quo
2071 1824 2272 1878 factum
2311 1831 2369 1876 ut

720 1902 727 1913 ’
797 1920 884 1974 hic
914 1933 1133 1988 quoque
1181 1916 1433 1986 generosi
1485 1915 1634 1969 illius
1679 1915 1804 1983 equi
1841 1915 2093 1983 praesidio
2127 1916 2366 1970 nudatus

798 2011 941 2065 inter
971 2008 1310 2062 militandum
1341 2016 1567 2061 necatus
1600 2005 1692 2073 sit,
1721 2006 1907 2061 relicta
1940 2022 2177 2076 paupere
2210 2007 2368 2062 vidua

795 2114 849 2158 et
881 2103 1086 2157 liberis.
1121 2100 1260 2166 Quid
1298 2116 1429 2170 ergo
1462 2100 1681 2165 mulier,
1714 2115 1838 2155 cum
1885 2110 1938 2155 et
1982 2100 2367 2169 imperatorem

796 2210 958 2250 aurcs
991 2192 1151 2247 facile
1185 2193 1515 2262 praebentem
1562 2200 1615 2245 et
1644 2191 1786 2260 juris
1842 2207 1907 2246 ac
1954 2192 2095 2260 atqui
2127 2202 2368 2246 tenacem

796 2288 1009 2341 audiret
1040 2327 1053 2349 ,
1100 2282 1414 2353 ingentique
1459 2281 1562 2336 viri
1627 2281 1900 2337 desiderio
1946 2282 2216 2352 ﬂagraret,
2271 2297 2371 2335 nec

799 2377 1025 2432 haberet
1066 2373 1211 2428 unde
1252 2372 1440 2427 liberis
1478 2370 1545 2425 ad
1580 2372 1778 2425 victum
1822 2371 2128 2425 necessaria
2159 2370 2371 2425 submi-

800 2467 1096 2524 nistraret?
1143 2463 1341 2520 Urbem
1386 2464 1591 2535 regiam
1645 2464 1799 2533 petit,
1850 2478 1913 2517 ac
1968 2461 2370 2533 Theophilum,

799 2576 910 2630 quo
965 2560 1055 2613 die
1107 2558 1173 2611 ad
1230 2556 1566 2611 Blachernas
1623 2555 1775 2610 exire
1830 2555 2061 2618 solebat,
2114 2554 2216 2609 viri
2259 2554 2375 2623 ipso

801 2669 941 2721 equo
972 2651 1297 2707 insidentem
1328 2649 1666 2717 conspicata,
1704 2647 1759 2700 in
1786 2662 1960 2716 genua
1984 2646 2376 2715 lprocumbens

799 2743 1124 2813 ejulansque
1159 2754 1221 2792 ac
1256 2736 1471 2791 frenum
1529 2735 1655 2803 equi
1698 2745 1892 2788 tenens
1948 2736 2177 2804 supplex
2231 2743 2373 2800 orat,

802 2836 1068 2902 docetque
1092 2831 1236 2884 hunc
1256 2842 1457 2898 equum
1494 2841 1657 2881 suum
1699 2841 1842 2892 esse,
1875 2841 1975 2881 nec
2008 2827 2174 2880 alium
2210 2841 2374 2895 quam

802 2940 927 2982 eum
970 2926 1145 2992 ipsum
1177 2921 1278 2975 viri
1305 2918 1418 2991 94
1449 2918 1619 2987 necis
1649 2928 1929 2973 auctorem
1984 2933 2125 2972 esse.
2162 2917 2218 2971 ln
2257 2927 2379 2971 stu-

805 3033 993 3090 porem
1020 3015 1132 3085 egit
1162 3015 1546 3083 imperatorem
1596 3011 1787 3081 ingens
1815 3011 1906 3065 illa
1960 3009 2207 3064 mulieris
2243 3008 2381 3063 fidu-

806 3112 890 3166 cia
921 3127 935 3173 ;
966 3104 1459 3174 vehementiusque
1495 3103 1748 3167 miratus,
1782 3116 1881 3156 nec
1912 3116 2101 3157 eorum
2145 3116 2266 3171 quae
2294 3101 2377 3155 di-

806 3203 1069 3256 cebantur
1132 3198 1429 3266 quidquam
1485 3193 1836 3263 intelligens,
1896 3190 2111 3245 interim
2161 3191 2379 3260 quidem

809 3291 1013 3352 servari
1064 3290 1348 3343 mulierem
1397 3286 1571 3355 jubet,
1607 3285 1734 3339 dum
1768 3284 1821 3337 in
1862 3283 2122 3354 palatium
2152 3284 2269 3354 ipse
2298 3298 2385 3337 re-

809 3383 1021 3437 diisset.
1085 3380 1210 3434 t‘.ito
1262 3380 1446 3447 itaque
1501 3390 1754 3431 reversus
1818 3374 2075 3429 feminam
2131 3374 2383 3429 accersit.

811 3470 937 3526 Mox
967 3470 1056 3523 illa
1090 3474 1287 3539 praesto
1312 3477 1421 3533 est,
1451 3466 1719 3535 docetque
1750 3465 1931 3519 omnia
1966 3465 2143 3530 clare,
2182 3480 2245 3518 ac
2276 3479 2387 3519 rem

2410 3243 2453 3301 C

812 3576 1029 3615 onmem
1070 3558 1314 3627 exponit.
1342 3556 1506 3612 lubet
1553 3556 1740 3624 itaque
1769 3557 2071 3624 imperator
2096 3561 2387 3624 praetorem

808 3652 955 3717 ‘sisti,
990 3660 1045 3705 et
1082 3650 1150 3705 de
1205 3663 1349 3719 equo
1384 3647 1584 3701 acriter
1630 3645 1880 3715 inquirit.
1933 3642 2031 3697 Illo
2068 3654 2250 3697 autem
2279 3657 2389 3696 non

813 3742 1036 3799 aliunde
1067 3750 1169 3795 nec
1205 3756 1301 3807 per
1330 3739 1439 3793 vim
1475 3752 1541 3792 ac
1588 3737 1861 3806 rapinam,
1885 3734 1980 3789 sed
2007 3749 2073 3789 ex
2098 3749 2193 3789 sua
2224 3734 2391 3788 domo

813 3834 1119 3890 allirmante
1146 3831 1384 3894 misisse,
1416 3831 1738 3900 producitur
1784 3829 1837 3881 in
1872 3835 2228 3897 conspectum
2269 3839 2391 3879 mu-

814 3928 937 3989 lier,
953 3940 1107 3981 reum
1136 3924 1204 3978 de
1228 3923 1283 3977 vi
1310 3919 1768 3993 peractura.Ejus
1794 3934 1919 3974 mox
1944 3929 2142 3989 praetor
2163 3924 2389 3988 aspectu

816 4018 963 4072 haud
997 4017 1100 4072 sibi
1138 4016 1250 4083 jam
1284 4015 1350 4068 de
1376 4012 1663 4066 mendacio
1689 4010 1964 4075 blandiri;
1997 4023 2236 4078 moxque
2264 4024 2393 4077 sup-

816 4110 938 4179 plex
989 4104 1359 4161 miserabilem
1410 4105 1465 4158 in
1510 4103 1730 4157 modum
1762 4101 1958 4172 lugens
1984 4110 2151 4169 atque
2177 4098 2392 4169 eiulans

817 4198 1166 4269 imperatoris
1201 4196 1362 4267 pedes
1412 4193 1687 4263 astringit.
1735 4192 1879 4260 Quid
1933 4202 2049 4247 tum
2091 4192 2228 4246 ille?
2280 4189 2393 4244 Viri

815 4291 1106 4348 facultates
1159 4290 1339 4344 vidua:
1393 4296 1559 4357 atque
1615 4286 1808 4342 liberis
1851 4286 1989 4341 ratis
2043 4284 2393 4353 portionibus

2460 624 2553 680 οὖν
2601 630 2630 680 6
2679 629 3025 699 στρατιώτης
3060 630 3119 681 ἐν
3175 628 3379 696 ἐαυτῷ,
3416 630 3508 681 καὶ
3553 627 3644 681 τδν
3684 627 3853 681 ἵππον
3898 627 4039 699 ἔχων

2462 722 2813 792 ἐντρύφημα.
2850 722 3145 793 Παρῴχετο
3176 722 3233 774 δέ
3268 722 3362 773 καὶ
3385 721 3577 790 χρόνος
3616 718 3822 784 ἱκανὸς,
3871 721 3901 772 6
3948 720 4041 772 τὸν

2462 812 2631 882 ἄνδρα
2664 815 2801 885 πρὸς
2838 814 3077 881 πόλεμον
3095 816 3159 865 ἐκ
3182 812 3518 883 φιλονεικίας
3552 811 3756 874 καλῶν,
3778 810 3919 864 ἀλλὰ
3948 813 4043 864 καὶ

2464 904 2864 958 ηταδαπανῶν
2888 904 3073 968 αὑτὸν,
3101 899 3189 955 οἷα
3238 903 3383 969 φιλεί
3414 906 3526 965 τοῖς
3571 900 3893 971 δυστυχοῦσι
3933 902 4045 954 δειο

2464 1001 2589 1063 νῶς.
2629 1001 2876 1068 Ἐγένετο
2904 997 2996 1053 οὗν
3028 1000 3196 1052 ἵππου
3221 998 3426 1067 ἀγαθοῦ
3456 999 3683 1068 ζήτησις
3724 998 3875 1067 παρᾶ
3912 997 4045 1050 Θεο-

2465 1094 2619 1164 φίλου
2665 1092 2808 1145 κατά
2851 1094 2943 1145 τὸν
2974 1093 3074 1161 τῆς
3103 1091 3396 1160 δυστυχίας
3440 1091 3634 1158 καιρὸν
3676 1089 3767 1141 τοῦ
3801 1089 4001 1156 ἀνδρὸς
4030 1105 4043 1115 ·

2465 1185 2546 1238 διδ
2569 1186 2656 1237 καὶ
2689 1184 2778 1238 διὰ
2807 1184 3154 1254 γραμμάτων
3206 1182 3416 1243 πάντας
3463 1183 3522 1234 ἐν
3576 1180 3715 1233 τέλει
3747 1180 3841 1232 καὶ
3871 1180 4045 1245 ἀξιώ-

2470 1296 2638 1348 μασιν
2666 1276 2975 1347 ἀνερευνῶσι
3021 1275 3241 1329 ἐκέλευε
3274 1273 3474 1327 τοιόνδε
3529 1273 3623 1324 καὶ
3659 1271 3860 1325 τοιόνδε
3911 1272 4052 1323 ἀπο⁴

2470 1370 2677 1423 στεῖλαι
2708 1368 2877 1439 αὐτῷ.
2914 1367 3078 1421 Ὀθεν
3098 1367 3393 1434 λαϐόμενος
3410 1368 3438 1418 ὀ
3465 1364 3767 1435 στρατηγὸς
3786 1362 4049 1432 ἀφορμῆς

2466 1462 2719 1529 ἀφείλετο
2751 1462 2845 1513 τοῦ
2876 1460 3069 1531 ἀνδρὸς
3087 1459 3179 1511 τὸν
3209 1459 3374 1510 ἵππον
3398 1456 3493 1510 καὶ
3512 1457 3756 1518 ἄκοντος,
3786 1454 3879 1508 καὶ
3912 1454 4051 1522 πρὸς

2471 1552 2695 1622 βασιλέα
2725 1553 2800 1615 ὡς
2826 1554 3026 1605 οίκεῖον
3077 1550 3443 1603 ἀπέσταλκεν.
3476 1548 3625 1617 Αὕτη
3658 1548 3689 1615 ἡ
3744 1544 3919 1609 αἰτία,
3953 1546 4052 1595 καὶ

2468 1646 2563 1699 τοῦ
2604 1647 2772 1698 ἵππου
2807 1646 2863 1699 δὲ
2902 1647 2935 1714 ὴ
2972 1645 3247 1714 στέρησις.
3293 1640 3533 1695 Ἔπεῖδὲ
3564 1638 3706 1693 κατά
3738 1655 3861 1690 τινα
3890 1653 4057 1705 περι-

2480 1739 2707 1793 πέτειαν
2739 1737 2947 1800 πάντας
2974 1736 3259 1789 ἐκέλευσεν
3284 1737 3311 1788 6
3344 1733 3617 1805 βασιλεὺς,
3648 1731 3740 1784 καὶ
3768 1732 3894 1792 τοὺς
3936 1730 4060 1799 οἱα-

2471 1832 2671 1902 δήποτε
2716 1814 2865 1900 αἰτία
2915 1829 3321 1899 πεπαυμένους,
3363 1827 3565 1892 ἐξιέναι
3610 1824 3749 1895 πρὸς
3788 1822 4057 1891 πόλεμον,

2474 1923 2567 1975 καὶ⁸
2593 1922 2687 1974 τὸν
2706 1922 2871 1991 ἄνδρα
2892 1920 3081 1973 τοῦτον
3104 1918 3460 1988 ἐξεληλυθότα
3484 1919 3655 1969 ἵππου
3684 1914 4060 1984 στερούμενον

2474 2014 2681 2084 ἀγαθοῦ
2718 2016 2972 2085 ἀπήγαγε
3005 2014 3105 2082 τῆς
3129 2013 3295 2083 ζωῆς,
3351 2013 3586 2078 γυναῖκα
3614 2005 4060 2061 καταλελοιπότα

2478 2108 2570 2160 καὶ
2596 2108 2757 2161 τέκνα
2787 2106 2997 2175 πτωχὰ.
3037 2105 3103 2157 Τί
3142 2101 3235 2158 οὖν
3276 2106 3309 2175 ή
3344 2105 3511 2174 γυνή;
3544 2102 3651 2156 Καὶ
3691 2100 3753 2153 τὸ
3792 2098 4066 2168 φιλήκοον

2477 2199 2754 2252 ἀκούουσα
2777 2197 2871 2250 τοῦ
2902 2196 3169 2267 βασιλέως
3199 2198 3293 2249 καὶ
3320 2195 3673 2265 φιλοδίκαιον,
3707 2193 3803 2246 καὶ
3832 2190 3913 2260 τῷ
3963 2188 4064 2243 τοῦ

2478 2290 2667 2359 ἀνδρὸς
2705 2290 2913 2358 φίλτρῳ
2968 2287 3327 2358 ἐκκαιομένη,
3363 2286 3457 2339 καὶ
3498 2287 3611 2347 τοῖς
3642 2284 3852 2343 τέκνοις
3907 2282 4069 2341 ὅπως

2480 2384 2573 2435 καὶ
2597 2383 2859 2451 χορηγοίη
2887 2382 2987 2435 οὐκ
3012 2381 3213 2450 ἔχουσα
3246 2380 3314 2433 τά
3338 2378 3475 2449 πρὸς
3504 2377 3673 2447 ζωὴν,
3738 2376 3836 2445 τὴν
3898 2374 4068 2444 βασις

2479 2475 2744 2528 λεύουσαν
2802 2472 3236 2542 καταλαμϐάνει,
3293 2472 3389 2525 καὶ
3440 2471 3533 2523 τὸν
3582 2468 3864 2538 Θεόφιλον,
3910 2469 3973 2519 ἐν

2482 2566 2663 2637 ἡμέρᾳ
2696 2565 2897 2618 εἴθιστο
2934 2564 3068 2634 πρὸς
3096 2564 3406 2633 Βλαχέρνας
3429 2563 3476 2595 ’⁸
3506 2563 3749 2622 ἀπιέναι,
3782 2558 3979 2612 τοῦτον
4001 2559 4077 2627 δὴ

2481 2654 2574 2709 τοῦ
2627 2655 2818 2725 ἀνδρὸς
2874 2655 3044 2722 αὐτῆς
3090 2654 3257 2706 ἵππον
3314 2651 3676 2707 ἀναϐαίνοντα
3735 2646 4076 2709 κατιδοῦσα,

2483 2749 2855 2813 γονυπετοῦσα
2896 2743 2988 2795 καὶ
3011 2741 3491 2811 κατολοφυρομένη
3525 2739 3707 2791 ἐδέετο
3760 2736 3854 2788 τοῦ
3905 2734 4084 2804 βασι-

2484 2837 2639 2899 λέως,
2672 2836 2763 2888 τὸν
2797 2835 3013 2905 χαλινὸν
3043 2834 3137 2887 τοῦ
3170 2834 3337 2886 ἵππου
3373 2832 3701 2900 κατέχουσα,
3734 2828 3821 2899 [Ρ.
3858 2824 3955 2899 59]
3976 2826 4085 2879 καὶ

2485 2926 2830 2979 ἀνεδίδασκεν
2854 2924 2972 2987 πῶς
2996 2924 3167 2992 αὐτῆς
3195 2941 3253 2975 τε
3282 2924 3366 2992 εἴη
3394 2924 3422 2975 ὁ
3448 2923 3635 2984 ἵππος,
3660 2921 3753 2972 καὶ
3781 2919 3883 2970 οὐκ
3906 2917 4089 2979 ἄλλος

2487 3036 2591 3083 τις,
2617 3017 2733 3070 ἀλλ’
2755 3017 2917 3079 αὐτὸς
2948 3017 3118 3077 αίτιος
3146 3017 3245 3085 τῆς
3276 3014 3371 3067 τοῦ
3416 3014 3606 3083 ἀνδρὸς
3642 3012 3878 3080 σφαγῆς.
3947 3010 4091 3063 Ἐκ-

2489 3108 2700 3177 πλαγὴς
2727 3109 2742 3139 ⁸
2774 3107 2870 3160 οὖν
2904 3110 2932 3161 6
2968 3106 3222 3176 βασιλεὺς
3261 3105 3551 3175 γενόμενος
3583 3104 3641 3157 ἐν
3676 3104 3741 3173 τῇ
3782 3102 4092 3173 «appr-‘65;

2485 3196 2584 3264 τῆς
2606 3195 2864 3263 γυναικὸς
2893 3197 2986 3247 καὶ
3024 3194 3394 3267 περιθαμϐὴς,
3464 3196 3560 3247 καὶ
3604 3194 3714 3246 τῶν
3747 3192 4086 3261 λεγομένων

2491 3286 2646 3350 είδὼς
2672 3286 2848 3352 οὐδὲν,
2883 3288 3022 3349 τέως
3053 3286 3152 3356 μὲν
3182 3286 3353 3355 αὐτὴν
3382 3285 3747 3356 ταμιιυθῆναι
3775 3285 4098 3354 διωρίσατο

2488 3381 2585 3447 τῆς
2609 3377 2775 3431 αὐτοῦ
2810 3378 2939 3448 ἄχρι
2995 3378 3255 3430 ἐπανόδου
3312 3377 3449 3447 πρὸς
3506 3378 3572 3429 τὰ
3618 3377 3922 3446 ἀνάκτορα,
3983 3378 4099 3429 καί

2490 3467 2675 3522 καλεῖν
2705 3468 2908 3538 ταύτην
2940 3467 3033 3520 καὶ
3070 3468 3135 3537 δὴ
3169 3469 3189 3498 ⁸
3239 3468 3441 3537 ἔφησεν
3485 3468 3585 3535 τὴν
3640 3469 3877 3535 γυναῖκα
3933 3468 4097 3535 μετὰ

2492 3559 2727 3630 σπουδῆς
2778 3558 3222 3630 ἐπαναδραμών·
3268 3560 3361 3613 καὶ
3407 3559 3503 3629 ἥδε
3555 3560 3800 3629 παρέστη
3836 3558 4098 3623 εὐθέως,

2491 3651 2885 3705 ἐκδιδάσκουσά
2900 3668 2960 3704 τε
2980 3652 3161 3706 πάντα
3185 3652 3280 3705 καὶ
3309 3650 3587 3716 διεξιοῦσα
3609 3651 3819 3719 σαφῶς.
3840 3653 4105 3705 Κελεὺει

2490 3742 2583 3796 οὖν
2602 3743 2732 3795 τόν³
2762 3761 2821 3797 τε
2860 3743 3157 3812 ἀφικέσθαι
3211 3744 3303 3796 τὸν
3365 3743 3675 3813 στρατηγὸν
3727 3744 3756 3795 6
3791 3743 4105 3812 βασιλεὺς,

2493 3836 2740 3906 καὶπερὶ
2768 3835 2863 3887 τοῦ
2904 3836 3071 3888 ἵππου
3123 3835 3353 3904 ζήτησιν
3384 3836 3529 3886 ποιεῖ
3581 3836 3859 3904 νεανικήν.
3916 3836 4020 3899 Ὦς
4052 3837 4111 3887 δ’

2491 3926 2703 3979 οἴκοθεν
2729 3928 2756 3980 6
2793 3926 3099 3997 στρατηγὸς
3132 3928 3227 3979 καὶ
3281 3927 3384 3979 οὐκ
3433 3927 3679 3989 ἄλλοθεν,
3715 3927 3831 3980 ἀλλ’
3855 3927 3976 3980 οὐδ’
4038 3930 4113 3994 ἐξ

2494 4018 2751 4089 ἁρπαγῆς
2782 4019 2875 4072 τὸν
2919 4020 3086 4072 ἵππον
3141 4019 3517 4089 ἀποσταλῆναι
3550 4018 3883 4083 διεϐεϐαίου,
3934 4039 4114 4091 παρ.

2497 4110 2676 4181 ίστησι
2703 4110 2843 4164 κατά
2896 4111 3189 4182 πρόσωπον
3241 4112 3341 4182 τὴν
3381 4112 3668 4182 ἄνθρωπον
3696 4112 3922 4181 ἔλεγχον
3973 4115 4117 4167 τῶν

2494 4201 2804 4271 λεγομένων
2839 4203 2935 4255 καὶ
2959 4203 3287 4271 κατήγορον.
3320 4203 3435 4254 Οὐκ
3466 4202 3663 4271 ἔφερεν
3686 4202 3779 4254 οὖν
3817 4204 3845 4254 6
3876 4219 4118 4274 στρατ-

2495 4294 2632 4364 ηγὸς
2684 4294 2761 4363 τῷ
2819 4293 3009 4363 ψεύδει
3061 4292 3624 4364 καταλαμπρύνεσθαι
3670 4295 3772 4364 τὴν
3810 4294 3941 4362 ὄψιν
3988 4299 4121 4366 τῆς

818 4384 1165 4439 ιιιιιτεάὶιιιιὶο
1222 4383 1381 4453 quasi
1430 4380 1553 4451 jure
1599 4378 1865 4445 ascribit,
1923 4391 2159 4446 eumque
2223 4375 2375 4445 magi

2497 4384 2759 4451 γυναικὸς
2795 4381 3018 4453 ἐνορῶν,
3056 4382 3149 4433 καὶ
3180 4380 3295 4450 ἅμα
3346 4380 3536 4450 ἱκέτης
3571 4382 3788 4449 γίνεται
3845 4381 4125 4447 ἐλεεινὸς

818 4483 993 4528 stratu
1048 4482 1264 4537 movet;
1299 4480 1464 4539 atque
1518 4470 1575 4523 in
1623 4484 1750 4522 eum
1789 4467 2012 4523 modum
2049 4468 2201 4536 justa
2248 4467 2375 4521 illiu:

2500 4479 2597 4530 καὶ
2624 4475 2717 4528 τοῦ
2747 4474 3017 4544 βασιλέως
3042 4476 3171 4537 τοὺς
3229 4473 3400 4535 πόδας
3433 4472 3700 4541 λαμϐάνει
3730 4473 3868 4541 μετά
3916 4476 4130 4529 κλαυς

818 4566 1114 4629 sententia,
1146 4578 1210 4619 ae
1255 4573 1595 4634 quantopere
1629 4562 1849 4633 iniquos
1880 4571 2130 4632 raptores
2156 4561 2375 4623 odisset,

2500 4566 2659 4637 θμοῦ.
2700 4566 2765 4618 Τί
2804 4561 2897 4619 οὖν
2922 4566 2951 4617 6
2978 4564 3266 4636 βασιλεύςς
3310 4563 3560 4634 Ἐκείνην
3597 4565 3695 4633 μέν
3717 4566 3816 4634 τὴν
3846 4570 4133 4632 γυναῖκα

817 4655 1031 4714 cunctis
1059 4654 1373 4709 innoteseit.

2510 4660 2647 4729 μετά
2676 4658 2786 4710 τῶν
2840 4658 3010 4726 αὐτῆς
3054 4655 3264 4708 παίδων
3294 4655 3560 4724 ἀδελφοὺς
3590 4655 3650 4721 ἐξ
3677 4654 3793 4708 ίσου
3825 4657 3929 4709 καὶ
3958 4658 4132 4731 πλη-

823 4748 1084 4820 ῳνόμους
1111 4747 1210 4816 τῆς
1236 4746 1447 4800 ἐκείνου
1496 4748 1769 4802 δείκνυσιν
1819 4748 2197 4813 ὑποστάσεως,
2232 4748 2523 4821 μεθίστησι
2553 4767 2612 4802 τε
2646 4751 2745 4820 τῆς
2796 4749 2974 4820 ἀρχῆς
3022 4749 3207 4813 αὑτὸν,
3273 4749 3370 4805 καὶ
3416 4750 3551 4803 πᾶσι
3600 4748 3903 4818 κατάδηλος
3948 4752 4139 4820 γίνε-

819 4858 908 4895 ται
937 4842 970 4911 ἡ
1004 4838 1189 4892 δικαία
1209 4839 1390 4911 κρίσις
1412 4840 1578 4893 αὑτοῦ
1601 4843 1693 4894 καὶ
1716 4843 1777 4894 τὸ
1802 4842 1936 4911 πρὶς
1969 4843 2096 4903 τοὺς
2133 4836 2391 4911 ἅρπαγας
2412 4841 2854 4913 φιλαπέχθημον.

890 4937 944 4991 8.
974 4933 1085 4990 Nec
1113 4936 1295 4991 minus
1320 4936 1567 4991 aedificiis
1600 4952 1831 5003 operose
1858 4938 2208 4993 exstruendis
2236 4952 2391 4992 suam

823 5030 912 5085 ille
945 5029 1283 5099 diligentiam
1343 5030 1617 5099 probavit.
1672 5028 1806 5083 Nam
1853 5029 2006 5085 urbis
2052 5044 2263 5095 muros,
2298 5029 2393 5097 qui

823 5123 1145 5176 humiliores
1213 5131 1436 5188 essent,
1496 5139 1528 5177 a
1588 5122 1960 5177 fundamentis
2011 5122 2394 5187 exzdiﬁcans,

2580 4939 2649 5012 η’.
2672 4940 2785 5009 Οὐχ
2812 4934 2976 5010 ἦττον
3000 4937 3058 4991 δέ
3088 4954 3153 5004 γε
3178 4938 3270 4989 καὶ
3284 4939 3403 5000 ταῖς
3429 4936 3740 5005 οίκοδοματς
3767 4937 4143 5007 ἐγκείμενος

2508 5033 2610 5105 τὴν
2641 5034 2834 5086 ἑαυτοῦ
2865 5030 3139 5084 ἐδείκνυτο
3170 5028 3511 5099 ἐπιμέλειαν.
3545 5031 3714 5100 Τείχη
3762 5045 3822 5081 τε
3864 5029 3983 5100 γὰρ
4051 5038 4145 5087 τὰ

2514 5124 2919 5197 χθαμαλώτερα
2958 5124 3022 5175 ἐκ
3058 5122 3275 5194 βάθρων
3320 5122 3776 5193 ἀναδειμάμενος,
3805 5120 3867 5174 τὸ
3914 5121 4145 5194 γῆρας

823 5216 942 5286 ejus
984 5217 1141 5271 -velut
1176 5217 1389 5270 senium
1424 5217 1702 5281 abstersit,
1732 5232 1906 5288 eaque
1957 5216 2245 5271 altitudine
2274 5231 2375 5269 cuit

2517 5217 2706 5287 ὥσπερ
2735 5216 3016 5282 ἀποξύσας
3056 5216 3151 5268 καὶ
3186 5216 3324 5287 πρὸς
3358 5214 3493 5284 ὕψος
3547 5214 3685 5285 μετά
3722 5212 3962 5278 κάλλους
3996 5218 4146 5271 ἀπ..

826 5309 944 5377 pari
975 5308 1382 5385 pulchritudine
1412 5309 1610 5363 extulit
1642 5319 1704 5365 ut
1740 5324 1884 5379 aegre
1907 5308 2164 5377 deinceps
2190 5308 2260 5362 ab
2299 5308 2369 5362 ho

2511 5311 2651 5381 άρας
2687 5309 2732 5373 ⁸,
2764 5308 2942 5362 ἄϐατα
2974 5309 3151 5377 πάντη
3186 5308 3457 5378 πεποίηκε
3490 5309 3601 5370 τοῖς
3632 5306 3847 5376 ἐχθροῖς
3868 5347 3884 5369 ,
3930 5305 3969 5359 ἃ
4020 5315 4145 5363 καὶ

827 5401 1004 5455 stibus
1030 5403 1327 5457 conscendi
1360 5403 1606 5472 possint;
1634 5403 1729 5473 qui
1767 5411 1821 5457 et
1848 5402 1958 5473 95
1987 5404 2253 5457 hactenus
2282 5403 2369 5470 eju

2514 5402 2676 5473 μέχρι
2704 5386 2929 5454 τοῦννλῦν
2968 5401 3066 5470 τὴν
3090 5401 3281 5453 τούτου
3324 5400 3700 5469 προσηγορίαν
3730 5399 4146 5468 ἐμφαίνουσιν

830 5509 1028 5549 nomen
1080 5494 1277 5549 litteris
1328 5510 1650 5566 expressum
1702 5496 1905 5551 celebri
1959 5498 2225 5551 memoria
2272 5496 2369 5549 reti

2514 5494 2976 5566 ἐγγεγραμμένην
3010 5493 3201 5562 ἔχοντα
3248 5495 3306 5545 ἐν
3330 5493 3538 5556 αὐτοῖς.
3583 5493 3659 5545 Οὐ
3714 5490 3820 5563 μὴν
3854 5491 3916 5544 δὲ
3959 5492 4146 5549 ἀλλὰ

2122 5676 2355 5731 VARUS
2393 5675 2800 5731 LECTIONES.

889 5797 935 5828 ’θ
970 5796 1295 5867 Ιιλαχὲρναις
1325 5795 1391 5862 Ρ;
1450 5796 1593 5867 quod
1626 5798 1812 5850 nescio
1847 5812 1916 5848 an
1949 5804 2168 5867 tueatur
2195 5791 2661 5867 collatumuillud
2696 5809 2749 5861 p.
2785 5791 2846 5867 7_l
2885 5792 2918 5867 lt
2951 5794 3108 5867 :_1:p‘.;
3150 5789 3651 5867 :«b_x:=ar:po&3v::
3694 5786 3885 5842 τοῦτον
3921 5802 4146 5861 etp:-

828 5868 1057 5938 τεύτιατι
1079 5862 1437 5937 διεσώθησαν.
1470 5862 1481 5867 ⁷
1522 5871 1533 5898 ⁸
1560 5867 1854 5935 ἐκπλαγεὶς
1884 5867 1941 5919 Β.
2022 5868 2040 5895 ⁸
2066 5866 2158 5918 καὶ
2189 5862 2278 5932 δὴ]
2315 5864 2433 5917 τότε
2462 5862 2570 5933 δὴῖ
2645 5865 2666 5895 ³
2692 5867 2785 5916 τὸν
2818 5865 2830 5931 Ι
2861 5864 3065 5917 αὐτὸν³ὲ
3143 5867 3159 5895 ³
3190 5864 3389 5933 ἐξάρας
3424 5868 3444 5914 2'
