4158 6442
752 372 846 435 ill

1808 366 2315 426 'l‘llEOPllANES
2349 364 2902 424 CONTINUATUS.

3907 363 4013 426 112

748 495 803 537 et
855 498 973 550 qua-
1039 495 1205 534 unum
1264 479 1528 533 duntaxat
1562 478 1871 531 Romanum
1928 478 2315 546 imperatorem

2447 496 2540 542 ἀς,
2571 478 2664 529 καὶ
2708 476 2806 546 τῆς
2836 477 2857 505 ⁸
2889 477 3211 546 ἐρωτήσεως
3243 476 3401 545 χάριν
3438 475 3588 546 αὐτῷ
3630 477 4013 545 ὑπηντηκόσιν

750 582 1026 630 decerent.
1057 573 1163 650 97
1199 570 1336 624 llinc
1372 572 1444 624 illi
1482 570 1780 623 admiratio
1811 570 2081 639 longeque
2111 583 2176 622 ac
2214 568 2322 622 late

751 669 1041 739 pervolans
1076 664 1315 719 nominis
1356 662 1596 716 claritas.
1642 662 1911 716 Czeterum
1959 660 2051 715 ubi
2085 661 2323 729 primum

753 762 1112 816 Barbarorum
1187 759 1320 811 lines
1376 757 1590 826 attigit,
1648 764 1877 810 cunctos
1918 757 1989 809 -in
2043 766 2323 824 stuporem

751 848 1133 917 cgit;eosque
1172 845 1264 913 qui
1314 844 1505 897 amicae
1554 844 1977 912 permutationis
2020 858 2184 899 causa
2230 843 2327 898 ob-

751 940 893 992 viam
932 938 1008 992 illi
1048 936 1425 1007 procederent,
1459 946 1511 990 et
1567 938 1671 989 hoc
1702 937 1901 1003 solum,
1929 936 2202 1004 quomodo
2226 936 2329 989 im-

751 1040 971 1101 perator
1004 1030 1231 1084 haberet
1269 1044 1332 1083 ac
1369 1044 1535 1099 quam
1586 1044 1847 1099 prospera
1902 1038 2148 1082 uteretur
2180 1027 2326 1081 vale—

753 1125 962 1189 tudine,
995 1131 1324 1194 quazrercnt,
1350 1137 1643 1175 munerum
1693 1122 1925 1189 aurique
1958 1118 2327 1175 munificentia

752 1233 817 1273 ac
855 1218 1010 1286 copia
1048 1214 1250 1283 ingenti
1292 1214 1658 1268 admiratione
1698 1211 1988 1267 alliciebat.
2020 1212 2173 1267 Tunc
2198 1200 2368 1268 Sane‘

752 1309 820 1360 ad
847 1306 1130 1360 lsmaelem
1158 1306 1422 1360 accedens
1462 1312 1516 1358 et
1546 1304 1599 1357 in
1631 1314 1988 1374 conspectum
2031 1305 2328 1368 admissus,

756 1397 1105 1467 imperatoris
1143 1397 1217 1450 illi
1266 1410 1552 1450 sermones
1590 1395 1855 1461 referens,
1906 1412 2028 1450 cum
2079 1412 2330 1465 peroras-

756 1498 859 1553 set,
894 1488 1210 1544 refectionis
1258 1502 1427 1541 causa
1462 1486 1517 1541 in
1567 1486 1927 1541 diversorium
1961 1487 2185 1542 secedit.
2226 1485 2331 1540 Eo-

757 1597 864 1651 que
903 1582 1089 1635 animo
1124 1581 1385 1636 incitatus
1413 1588 1588 1635 utres
1622 1579 1900 1634 Romanas
1926 1580 2098 1650 magis
2131 1582 2333 1649 magis-

753 1689 862 1745 que
915 1674 1163 1737 etferret,
1216 1673 1468 1742 quisquis
1528 1672 1595 1726 ad
1636 1686 1759 1726 eum
1812 1673 2010 1742 quavis
2054 1688 2117 1726 ex
2164 1688 2332 1728 causa

756 1769 982 1839 majoris
1033 1769 1328 1824 minorisve
1375 1767 1635 1821 momenti
1670 1768 1974 1831 accederet,
2009 1778 2327 1836 argenteum

2428 572 2518 622 καὶ
2546 569 2693 631 ὅπως
2730 568 2844 637 ἔχοι
2874 566 3201 636 πυθομένοις
3238 567 3397 636 μόνον
3437 570 3465 620 ὁ
3497 566 3771 637 βασιλεὺς,
3803 570 3871 638 τῇ
3908 569 4011 621 δι-

2425 661 2611 731 ψιλείᾳ.
2640 660 2749 712 τῶν
2774 660 2963 729 δώρων
2994 658 3091 711 καὶ
3114 658 3207 712 τοῦ
3232 659 3458 729 χρυσίου
3482 660 3763 729 θαυμάσαι
3779 660 4013 723 τούτους

2426 755 2703 823 ἐποίησεν.
2749 753 2882 805 Τότε
2914 751 2979 823 δὴ
3008 752 3319 823 πλησιάσας
3361 751 3438 822 τῷ
3479 752 3703 823 Ἰσμαὴλ
3739 755 3831 807 καὶ
3865 755 4015 806 κατά

2428 847 2721 918 πρόσωπον
2763 845 2916 909 στάς,
2951 845 3047 898 καὶ
3074 845 3419 914 ἀπαγγείλας
3470 846 3597 908 τοὺς
3638 847 3702 899 ἐκ
3736 846 4013 916 βασιλέως

2428 939 2621 1007 λόγους
2652 938 2824 1008 αὐτῷ,
2859 939 2985 991 ἐπεὶ
3018 937 3377 1005 ἀπηγγέλκει,
3405 938 3591 991 ἄπεισι
3620 938 3756 1009 πρὸς
3788 939 3849 991 τὸ
3870 940 4015 992 ἀνα-

2431 1029 2685 1091 παύσεως
2717 1028 3085 1097 καταγώγιον.
3113 1026 3200 1099 [Ρ.
3231 1028 3323 1099 61]
3351 1028 3568 1081 Μᾶλλον
3592 1029 3649 1082 δέ
3677 1030 3771 1082 καὶ
3805 1030 4017 1098 μᾶλλον

2432 1123 2754 1192 βουλόμενος
2788 1124 2981 1194 ἐξᾶραι
3033 1122 3101 1175 τά
3160 1121 3451 1191 Ῥωμαίων
3497 1122 3820 1191 πράγματα,
3879 1122 4017 1184 τοὺς

2430 1213 2517 1282 ἐφ’
2557 1211 2916 1283 οίᾳδηποτοῦν
2962 1211 3114 1281 αἰτίᾳ
3156 1211 3292 1282 πρὸς
3319 1212 3482 1265 αὑτὸν
3529 1212 3847 1279 φοιτῶντας,
3913 1229 4019 1281 με·-

2430 1306 2570 1375 γάλῃ
2604 1322 2663 1358 τε
2710 1304 2805 1358 καὶ
2857 1305 3048 1375 μικρᾷ,
3098 1303 3289 1367 σκεῦός
3345 1321 3397 1355 τι
3452 1303 3721 1373 ἀργύρεον
3780 1306 4019 1375 χρυσίου

2433 1396 2657 1467 πληρῶν
2694 1384 2929 1467 ἐκάστιεί
2952 1395 3194 1448 ἐπεδίδου
3230 1396 3703 1465 φιλοτιμούμενος.
3734 1398 3843 1450 Καί
3876 1414 4017 1450 ποτε

2430 1488 2489 1541 δὲ
2510 1490 2622 1549 τοῖς
2651 1487 2946 1559 βαρϐάροις
2970 1486 3415 1557 συνεστιώμενος
3440 1487 3551 1539 τῶν
3582 1488 3889 1558 εἰρημένων
3918 1487 4021 1540 δύο

2433 1578 2825 1650 χειρονίπτρων
2854 1582 2964 1640 τοῖς
2990 1580 3324 1649 ὑπηρετοῦσι
3347 1579 3719 1650 παρήγγειλεν
3743 1579 4021 1632 ἀπολέσαι

2433 1670 2638 1723 τούτων
2655 1670 2919 1732 ἑκουσίως
2935 1670 2997 1722 τὸ
3022 1670 3107 1722 ἐτε
3118 1687 3230 1739 ρον,
3245 1669 3273 1721 ὃ
3290 1670 3367 1733 είς
3386 1670 3695 1739 ὑπηρεσίαν
3724 1668 4016 1737 ἐκέκτητο.

2447 1763 2534 1825 Ὠς
2564 1763 2620 1816 δὲ
2644 1762 2806 1832 θροῦς
2837 1780 2918 1826 τις
2945 1764 3044 1816 οὐκ
3076 1763 3306 1833 ἀγεννὴς
3332 1765 3425 1817 ἐπὶ
3446 1766 3512 1833 τῇ
3542 1762 3788 1833 ἀπωλείᾳ
3820 1763 4019 1815 τούτου

758 1862 1041 1917 vasculum
1096 1876 1233 1915 auro
1284 1859 1635 1929 nummisque
1689 1860 1906 1929 plenum
1963 1859 2219 1912 munifica
2281 1858 2330 1912 ei

2447 1858 2669 1925 ἐγένετο,
2701 1857 2795 1911 καὶ
2836 1857 3037 1917 πάντες
3063 1858 3110 1910 οἱ
3148 1856 3416 1928 βάρϐαροι
3461 1856 3540 1926 τῷ
3584 1855 3769 1909 κάλλει
3816 1854 4020 1907 τούτου

761 1954 1050 2023 largitione
1117 1953 1410 2007 tribuebat.
1466 1950 1808 2022 Quandoque
1864 1967 1995 2007 vero
2051 1953 2330 2007 communi

761 2062 951 2101 mensa
998 2060 1123 2100 cum
1180 2043 1437 2098 Barharis
1492 2044 1722 2110 epulans
1774 2042 2181 2108 malluviorum,
2214 2058 2336 2111 qure

757 2139 1021 2204 diximus,
1060 2138 1291 2192 alterum
1320 2137 1481 2206 cujus
1506 2135 1581 2190 illi
1606 2151 1743 2191 usus
1775 2136 1829 2189 in
1855 2137 2165 2189 ministerio
2194 2145 2332 2199 erat,

758 2232 1030 2288 ministris
1070 2231 1317 2300 praecipit
1343 2239 1403 2283 ut
1430 2230 1687 2284 consulto
1720 2232 2057 2283 amitterent.
2081 2228 2336 2299 Tumque

758 2342 871 2383 non
915 2327 1017 2381 levi
1049 2334 1166 2380 orta
1198 2324 1509 2379 turbatione
1540 2339 1605 2379 ac
1637 2323 1899 2389 clamore,
1929 2323 2073 2392 quod
2101 2324 2180 2377 sic
2204 2323 2335 2376 illud

760 2421 1029 2473 amissum
1061 2425 1228 2482 esset,
1272 2432 1337 2471 ac
1382 2431 1507 2471 cum
1545 2431 1736 2471 omnes
1775 2416 2003 2471 Barbari
2048 2432 2160 2487 pra:
2194 2419 2338 2471 vasis

763 2510 1172 2580 pulchritudine
1202 2518 1257 2563 et
1290 2508 1477 2577 lepore
1500 2508 1812 2579 ingentique
1842 2510 2037 2577 pretio,
2067 2512 2338 2578 jactnram

763 2618 904 2673 aegre
944 2602 1183 2658 ferentes
1206 2642 1221 2667 ,
1257 2600 1464 2655 nullam
1507 2616 1615 2655 non
1670 2601 2010 2670 diligentiam
2044 2603 2339 2669 quaremlo

764 2694 1107 2757 adhiberent,
1164 2707 1251 2757 ac,
1307 2692 1452 2761 quod
1517 2692 1696 2758 aiunt,
1737 2692 1944 2745 nullum
1992 2708 2098 2747 non
2155 2693 2337 2747 funem

765 2785 1145 2854 investigando
1182 2793 1488 2849 moverent,
1518 2793 1579 2838 ut
1610 2785 1755 2853 quod
1784 2784 1930 2839 furto
1958 2784 2195 2840 ablutum
2226 2796 2342 2840 erat

768 2880 821 2931 in
862 2879 1034 2932 lucem
1088 2876 1349 2945 prodiret,
1403 2875 1604 2944 jnbens
1657 2875 1747 2929 ille
1798 2874 2030 2944 proferri
2085 2875 2339 2941 alterum,

765 2984 1033 3037 servoque
1058 2967 1326 3022 mandans
1359 2976 1419 3021 ut
1444 2967 1598 3036 prius
1624 2966 1755 3019 illud
1791 2967 1970 3036 perire
1997 2967 2162 3030 sinat,
2197 2951 2342 3037 quth

768 3063 847 3118 sic
879 3061 1109 3116 ulterius
1158 3061 1393 3114 scrutari
1427 3058 1757 3124 inhibuerat,
1792 3058 2097 3115 Saracenos
2139 3060 2190 3114 in
2224 3070 2344 3115 stu-

2436 1953 2528 2003 κα“ι
2567 1953 2632 2019 τῇ
2667 1950 2977 2021 σεμνότητι,
3006 1950 3087 2003 ἔτι
3124 1968 3186 2018 γε
3216 1950 3311 2003 καὶ
3350 1954 3412 2020 τῇ
3444 1949 3889 2021 μεγαλοπρεπείᾳ
3923 1948 4024 2018 βε-

2436 2043 2698 2111 ϐλημένοι
2754 2043 2853 2115 τὴν
2915 2042 3093 2115 ψυχὴν
3130 2044 3332 2112 πολλὴν
3383 2042 3679 2114 συζήτησιν
3733 2041 4025 2095 ἐποιοῦντο

2437 2134 2532 2186 καὶ
2555 2133 2805 2205 ἔρευναν,
2853 2136 2947 2188 καὶ
2996 2135 3173 2187 πάντα
3224 2136 3426 2199 κάλων,
3477 2135 3539 2186 τὸ
3584 2135 3648 2203 δὴ
3694 2118 4021 2203 λεγόμενον,

2439 2226 2635 2291 ἔσειον,
2689 2228 2765 2288 ti);
2806 2226 2873 2279 ἂν
2902 2230 2981 2290 είς
3025 2228 3139 2296 φιῖς
3170 2227 3309 2297 ἀχθῇ
3356 2230 3416 2279 τὸ
3446 2227 3673 2290 κλαπὲν,
3712 2225 4026 2294 τηνικαῦτα

2437 2316 2593 2386 οὗτος
2627 2324 2688 2375 τὸ
2722 2324 2908 2392 ἓτερον
2939 2324 3188 2376 ἐκϐαλεῖν
3220 2323 3503 2387 κελεύσας,
3540 2324 3653 2387 καὶ,
3697 2342 3714 2373 ι
3749 2321 3925 2376 Τοῦτο
3956 2323 4028 2375 ἔτι

2441 2416 2782 2486 φθείρεσθαι,
2822 2435 2840 2466 ι
2877 2416 3140 2482 ἐπειπὼν,
3166 2419 3245 2481 είς
3286 2417 3494 2498 θάμϐος
3528 2412 3631 2487 ἦγε
3666 2418 3793 2479 τοὺς
3834 2417 4027 2486 Σαρα-

2441 2510 2663 2580 κηνοὺς,
2689 2511 2786 2581 τὴν
2810 2510 3064 2580 τοιαύτην
3096 2509 3323 2580 ζήτησιν
3349 2508 3514 2563 αὑτοῦ
3544 2508 4027 2569 καταπαύσαντος.

2444 2604 2608 2656 Ὅθεν
2640 2603 2735 2655 καὶ
2768 2606 2796 2657 ὁ
2819 2602 3249 2673 ἀμεραμνουνῆς
3284 2600 3881 2671 ἀντιφιλοτιμούμενος,
3930 2604 4032 2652 καὶ

2441 2694 2633 2748 τούτου
2668 2694 2920 2764 δεύτερος
2964 2693 3199 2765 ὀφθῆναι
3242 2694 3317 2765 μὴ
3360 2694 3703 2763 βουλόμενος,
3752 2692 3933 2755 ἄλλοις
3963 2710 4031 2743 τε

2442 2788 2635 2859 δώροις
2658 2789 2817 2843 αὑτὸν
2839 2788 3193 2858 ἐθεράπευεν.
3224 2781 3423 2857 οἷσπερ
3441 2787 3602 2849 αὐτὸς
3626 2787 3724 2855 οὐχ
3744 2784 4032 2855 ἡλίσκετο,

2443 2880 2561 2933 ἀλλ’
2588 2879 2663 2943 ὡς
2688 2879 2817 2950 χοῦν
2850 2882 3015 2932 αὑτοῦ
3051 2880 3390 2933 κατενώπιον
3432 2880 3712 2950 ἔρριπτεν,
3749 2878 3843 2930 καὶ
3874 2878 3894 2907 ⁹
3926 2878 4037 2928 ἐττ-

2446 2972 2618 3025 εδίδου
2648 2964 3032 3042 αἰχμαλώτόυς
3062 2971 3255 3024 ἑκατὸν
3287 2972 3412 3042 ἄρτι
3435 2972 3535 3039 τῆς
3554 2972 3797 3041 φρουρᾶς
3820 2968 4035 3037 ἐξαγα-

2448 3063 2559 3132 γὼν
2592 3065 2686 3117 καὶ
2732 3065 3035 3135 ἀμφιάσεσι
3082 3066 3366 3135 κοσμήσας
3417 3063 3743 3133 εὐπρεπέσι,
3804 3063 3876 3116 τὰ
3924 3062 4036 3129 τῆς

766 3154 956 3225 parem
984 3153 1165 3209 vertit.
1199 3151 1339 3206 Hinc
1389 3166 1609 3221 quoque
1652 3167 2073 3207 ameramnunes
2126 3163 2179 3207 et
2228 3154 2341 3223 ipse

2448 3155 2828 3223 αἰχμαλωσίας
2872 3152 3258 3225 περιελόμενος
3295 3152 3484 3223 ρἀια.
3537 3150 3700 3204 Ἀλλά
3740 3150 3835 3203 καὶ
3870 3142 4036 3211 οὗτος

769 3244 1016 3298 muniﬁci
1053 3257 1250 3296 nomen
1288 3242 1558 3306 ambiens,
1583 3250 1743 3311 atque
1787 3241 1839 3295 id
1873 3257 2073 3297 cavens
2110 3259 2175 3297 ne
2203 3245 2344 3297 ulla-

770 3348 930 3391 tenus
974 3335 1050 3390 illi
1090 3336 1267 3404 impar
1321 3332 1619 3395 videretur,
1673 3349 1797 3386 cum
1846 3334 2005 3388 donis
2050 3334 2173 3389 aliis
2235 3334 2349 3405 98

768 3444 893 3484 cum
924 3427 1121 3497 accipit
1141 3425 1397 3496 (quorum
1429 3424 1516 3479 ille
1546 3425 1836 3494 splendore
1859 3426 1997 3481 nihil
2021 3435 2211 3495 captus
2236 3436 2343 3491 est,

770 3523 865 3577 sed
903 3522 1077 3575 instar
1106 3519 1348 3588 puIVeris
1395 3532 1580 3573 coram
1635 3519 1913 3590 proiecit),
1950 3531 2066 3575 tum
2102 3521 2348 3590 captivos

771 3614 990 3669 centum
1031 3626 1224 3665 recens
1256 3625 1477 3666 carcere
1509 3611 1737 3667 eductos
1768 3612 2073 3681 ablatisque
2108 3613 2355 3683 captivo-

771 3720 895 3761 rum
941 3704 1137 3774 pannis
1186 3714 1385 3757 ornato
1426 3704 1627 3757 vestitu
1660 3703 1903 3767 indutos,
1954 3706 2195 3775 amplum
2239 3708 2349 3760 sci-

775 3802 901 3853 iicet
923 3812 1143 3862 munus,
1172 3796 1418 3852 donavit.
1465 3795 1665 3851 Verum
1710 3798 1753 3851 is
1791 3813 2011 3867 quoque
2048 3798 2203 3852 valde
2224 3788 2351 3868 qu'i-

771 3888 894 3942 dem
932 3888 1119 3941 laudat
1170 3886 1469 3955 probatque
1523 3885 1703 3941 dantis
1742 3888 2192 3955 munificentiam,
2235 3904 2353 3942 mu-

774 3998 879 4037 nus
912 3992 1093 4035 tamen
1126 3981 1342 4034 interim
1382 3981 1607 4047 respuit,
1637 3982 1821 4050 aitque
1851 3982 2064 4035 interim
2093 3981 2212 4035 illos
2231 3982 2354 4051 qni-

771 4074 894 4127 detn
932 4070 1217 4125 remissius
1246 4070 1563 4138 iudultaque
1594 4070 1839 4124 libertate
1879 4070 2179 4141 gaudentes
2212 4070 2353 4141 apud

776 4181 835 4219 se
888 4176 1129 4226 acturos,
1177 4162 1350 4216 donec
1409 4162 1523 4229 ipsc
1562 4164 1711 4230 paria
1767 4162 1964 4228 faciat,
2020 4164 2354 4234 redditisquc

774 4257 898 4310 aliis
938 4254 1227 4309 Saracenis
1274 4255 1504 4323 captivis
1562 4256 1726 4308 hosce
1776 4254 2052 4309 Romanos
2104 4257 2354 4326 recipiat.

777 4350 888 4404 lies
922 4349 1002 4403 sic
1034 4356 1309 4402 transacta
1361 4357 1582 4415 stupore
1624 4346 1959 4401 Saracenum
2008 4347 2205 4403 aﬂ‘ecit.
2247 4348 2357 4404 Nec

774 4442 885 4512 jam
926 4451 982 4494 nt
1038 4439 1277 4508 hOSpite,
1335 4439 1427 4492 sed
1486 4449 1544 4492 ut
1579 4440 1881 4493 domestico
1904 4436 1984 4495 ~ac
2048 4442 2357 4495 necessario

2447 3246 2636 3317 ἐπῄνει
2674 3245 2774 3314 μὲν
2803 3244 2943 3298 πάνυ
2979 3244 3073 3297 καὶ
3111 3244 3411 3313 ἀπεδέχετο
3441 3241 3535 3295 τοῦ
3561 3242 3793 3303 διδόντος
3821 3241 3883 3293 τὸ
3929 3257 4036 3311 με·

2446 3324 2781 3407 γαλόὸωρον,
2819 3335 3093 3407 ἐλάμϐανε
3122 3336 3178 3388 δέ
3207 3335 3481 3405 οὐδαμῶς,
3513 3332 3683 3387 εἰπὼν
3715 3332 3942 3395 τούτους
3971 3333 4040 3384 ἐν

2448 3430 2632 3482 ἀνέσει
2669 3429 2769 3499 μὲν
2806 3429 2942 3490 τέως
2975 3428 3070 3480 καὶ
3098 3426 3380 3497 ἐλευθερίᾳ
3415 3426 3596 3495 μένειν
3626 3423 3757 3494 παρ’
3791 3424 4039 3485 ἐαυτοίς,

2450 3522 2647 3592 μέχρις
2678 3521 2743 3573 ἂν
2773 3521 2873 3592 τὴν
2900 3521 3267 3590 ἀντισήκωσιν
3287 3519 3676 3590 ἐξεργάσηται,
3710 3518 3804 3570 καὶ
3834 3515 4043 3577 ἄλλους

2450 3612 2829 3685 αἰχμαλώτους
2905 3613 3256 3684 Σαρακηνοὺς
3316 3611 3536 3672 ἐπιδοὺς
3591 3608 3821 3671 ἐκείνοις
3901 3611 4043 3669 τοὺς

2451 3707 2751 3777 ἡμετέρους
2770 3707 3087 3776 ἐκλήψεται.
3110 3705 3281 3758 Τοῦτο
3301 3704 3432 3773 γοῦν
3450 3703 3743 3772 γενόμενον
3770 3700 4044 3770 ἐξέπληξε

2452 3800 2545 3851 τὸν
2581 3798 2901 3868 Σαρακηνὸν
2926 3815 2939 3828 ⁸
2972 3799 3065 3853 καὶ
3108 3799 3292 3850 οὐκέτι
3318 3799 3395 3858 ώς
3426 3797 3595 3861 ξένον,
3638 3797 3713 3858 ώς
3740 3798 3942 3847 οἰκεῖον
3978 3796 4047 3848 δὲ

2453 3892 2762 3961 ἡγούμενος
2791 3891 2979 3944 τοῦτον
3010 3890 3253 3960 συνεχῶς
3297 3889 3671 3959 μετεκαλείτο,
3703 3887 3797 3940 καὶ
3825 3886 4049 3955 θησαυ-

2430 3976 2583 4054 ⁵ροὺς
2612 3982 2853 4036 ἐδείκνυε
2888 3982 3013 4043 τοὺς
3063 3980 3260 4035 ἐαυτοῦ
3310 3980 3404 4033 καὶ
3448 3979 3520 4032 τά
3561 3978 3668 4031 τῶν
3720 3975 4050 4047 οἰκημάτων

2456 4076 2629 4147 κάλλη
2656 4076 2751 4128 καὶ
2781 4074 2881 4145 τὴν
2913 4073 3078 4127 αὐτοῦ
3127 4072 3593 4143 σεμνοπρέπειαν,
3639 4070 3733 4123 καὶ
3766 4068 3942 4131 οὕτως
3978 4068 4053 4139 δὴ

2455 4168 2633 4237 τιμῶν
2660 4183 2723 4234 γε
2767 4166 2957 4218 τοῦτον
3009 4156 3283 4233 ἐφαίνετο,
3323 4163 3481 4233 ἄχρις
3506 4155 3568 4214 οὗ
3606 4160 4053 4231 μεγαλοπρεπῶς

2457 4259 2623 4312 πάλιν
2655 4258 2791 4328 πρὸς
2828 4258 2935 4329 ’τὴν
2998 4254 3576 4315 Κωνσταντινούπολιν
3612 4252 4052 4319 ἐξαπέσταλκεν.

2465 4354 2562 4417 ’⁸ος
2590 4353 2685 4407 καὶ
2724 4353 2861 4424 πρὸς
2893 4354 2984 4406 τὸν
3013 4352 3273 4421 Θεόφιλον
3303 4352 3428 4421 ἄρτι
3462 4347 3818 4419 ἐξεληλυθὼς,
3848 4347 3945 4398 καὶ
3979 4349 4055 4399 τὰ

2461 4446 2560 4514 τῆς
2587 4445 2787 4516 Συρίας
2824 4444 2960 4515 πρὸς
2987 4445 3151 4497 αὑτὸν
3179 4443 3610 4513 διεξερχόμενος,
3641 4441 3824 4492 ἔπεισε
3850 4438 3919 4488 τὰ
3954 4437 4055 4491 τοῦ

779 4534 876 4589 illo
909 4534 1180 4593 utebatur,
1212 4531 1469 4586 continue
1510 4532 1575 4584 ad
1608 4547 1665 4586 se
1698 4532 1957 4596 invitans,
2001 4548 2240 4603 suosque
2281 4534 2344 4589 illi

2466 4535 2641 4607 Βρύου
2692 4537 2970 4606 ἀνάκτορα
3016 4537 3155 4605 πρὸς
3185 4536 3282 4604 τὴν
3327 4535 3436 4587 τῶν
3487 4531 3821 4605 Σαρακηνῶν
3874 4548 4058 4583 κατα-

777 4629 1071 4682 thesanros
1105 4634 1159 4678 et
1186 4624 1474 4676 domorum
1516 4622 1863 4692 elegantiam,
1894 4639 1959 4679 ac
2006 4625 2051 4679 si
2094 4626 2226 4694 quid
2260 4642 2357 4680 au-

776 4720 994 4791 gustius
1016 4717 1194 4788 gentis
1212 4716 1457 4770 moribus
1481 4716 1804 4777 habebatur,
1852 4718 2139 4772 visendum
2170 4729 2357 4792 osten-

780 4815 975 4879 debat;
1004 4827 1183 4880 eoque
1214 4810 1367 4863 illum
1399 4809 1550 4864 visus
1575 4818 1658 4863 est
1689 4810 1897 4865 honore
1922 4812 2125 4875 colere,
2157 4812 2362 4881 quoad-

782 4920 955 4976 usque
1012 4901 1302 4974 magniﬁce
1334 4915 1528 4975 rursus
1557 4901 2093 4973 Constantinopolim
2125 4904 2359 4958 remisit.

784 4999 1058 5053 Reversus
1096 5003 1279 5049 autem
1314 4994 1403 5048 ille
1452 4978 1521 5047 ad
1555 4992 1922 5064 Theophilum
1949 5009 2016 5049 es
2066 4996 2357 5066 legatione,

781 5106 980 5161 resque
1010 5089 1088 5143 illi
1118 5089 1290 5157 Syriae
1320 5102 1607 5149 enarraus,
1641 5088 1819 5141 suasit
1845 5097 1904 5141 ut
1930 5087 2170 5159 Bryense
2208 5091 2361 5159 pala-

784 5185 919 5239 tium
966 5182 1035 5235 ad
1087 5182 1541 5235 Saracenicarum
1579 5180 1777 5235 aedium
1814 5181 2231 5236 similitudinem
2269 5198 2363 5237 cx-

783 5284 1040 5339 strucret,
1072 5274 1261 5327 eadem
1298 5272 1471 5344 ﬁgura
1517 5289 1579 5327 ac
1610 5269 1889 5341 varietate,
1945 5285 2001 5328 nt
2037 5277 2173 5328 nihil
2205 5292 2363 5345 pror-

782 5383 879 5423 sus
932 5367 988 5420 in
1040 5368 1289 5436 utrisque
1343 5366 1621 5421 diversum
1671 5378 2009 5423 occurreret.
2068 5369 2362 5426 l’rzefectus

782 5461 933 5527 opt-ri
969 5474 1148 5529 exque
1202 5458 1429 5513 Joannis
1487 5460 1750 5514 relatione
1812 5474 2107 5516 exsecutus
2165 5473 2244 5517 est
2284 5464 2365 5516 vir

784 5528 1320 5616 l’atriciu‘snomine',
1346 5551 1438 5621 qui
1470 5562 1523 5605 et
1556 5553 1671 5622 ipsa
1699 5552 1926 5622 patricia
1966 5552 2231 5623 dignitate
2264 5554 2368 5607 ful-

2467 4629 2837 4697 σκευασθῆναι
2891 4627 3176 4699 ὁμοίωσιν,
3208 4628 3264 4681 έν
3292 4644 3350 4679 τε
3381 4626 3627 4697 σχήμασι
3666 4624 3759 4676 καὶ
3800 4623 4057 4691 ποικιλίᾳ

2469 4723 2637 4793 μηδὲν
2683 4722 2910 4775 ἐκείνων
2940 4724 3001 4775 τὸ
3052 4720 3272 4775 σύνολον
3304 4719 3767 4789 παραλλάττοντα,
3817 4715 4060 4777 ἐκείνοις

2467 4815 2659 4871 τούτου
2690 4816 3103 4885 παρισταμένου
3135 4816 3230 4867 καὶ
3260 4812 3401 4866 κατά
3437 4811 3536 4883 τὴν
3574 4810 3821 4864 Ίωάννου
3847 4808 4064 4877 ἐξήγη-

2475 4924 2559 4961 σιν
2610 4906 2679 4959 τά
2730 4906 2841 4959 τῶν
2888 4906 3066 4977 ἔργων
3113 4903 3567 4976 ἐκπερατοῦντος,
3620 4901 3679 4964 ὃς
3728 4900 3899 4970 δνομα
3952 4899 4061 4969 μὲν

2473 5001 2755 5069 Ιιατρίκης
2793 4998 2937 5053 οὕτω
2970 4997 3303 5067 καλούμενος
3330 4995 3665 5067 ὠνομάζετο,
3690 4996 3758 5064 τῇ
3788 4991 3897 5045 τῶν
3946 5009 4064 5045 πα-

2472 5094 2703 5163 τρικίων
2726 5093 2782 5146 δὲ
2808 5094 2943 5163 τιμῇ
2973 5092 3324 5162 ἐσεμνύνετο,
3353 5088 3514 5144 τοῦτο
3543 5089 3703 5158 μόνον
3733 5085 4065 5156 περιττότε-

2475 5203 2567 5255 ρον
2592 5185 2990 5255 ἐργασάμενος,
3025 5186 3087 5237 τὸ
3120 5187 3261 5238 κατά
3298 5184 3391 5236 τὸν
3429 5183 3661 5236 κοιτῶνα
3703 5180 3790 5249 lP.
3821 5174 3913 5249 62]
3958 5179 4067 5247 μὲν

2472 5279 2755 5345 ἀνεγεῖραι
2783 5276 2911 5329 ναὸν
2939 5277 3018 5338 εἰς
3048 5275 3221 5345 δνομα
3253 5273 3557 5344 ὑπεραγίας
3575 5272 3865 5339 δεσποίνης
3895 5269 4068 5337 ἡμῶν

2473 5368 2761 5433 Θεοτόκου,
2794 5370 2937 5440 κατά
2965 5368 3019 5421 δέ
3047 5368 3108 5420 τὸ
3145 5366 3439 5439 προαύλιον
3462 5365 3570 5418 τῶν
3598 5362 3856 5416 τοιούτων
3876 5361 4067 5413 παλα-

2472 5463 2604 5514 τίων
2642 5462 2736 5515 τὸν
2791 5463 3085 5534 τρίκογχον
3134 5462 3261 5515 ναὸν
3295 5458 3480 5514 κάλλει
3530 5475 3591 5511 τε
3636 5456 3925 5511 κάλλιστον
3964 5455 4069 5507 καὶ

2477 5555 2700 5626 μεγέθει
2733 5556 2941 5609 πολλῶν
2996 5555 3344 5625 διαφέροντα,
3377 5554 3470 5606 καὶ
3501 5550 3561 5604 τὸ
3617 5550 3716 5620 μὲν
3760 5547 3925 5619 μέσον
3981 5563 4069 5609 εις

2069 5736 2302 5791 ΥᾹΙῖΙειίῖ
2335 5738 2735 5794 LECTIONES.

858 5823 882 5856 ⁸
907 5826 1030 5897 τῆςξ
1065 5826 1217 5889 τοῖςῖ
1292 5830 1311 5857 ⁹
1343 5826 1435 5880 καὶ
1478 5842 1590 5880 om.
1624 5825 1684 5879 Ρ.
