4158 6442
758 340 864 412 1Ῑ5

1854 348 2363 411 THEOPHANES
2408 348 2965 412 CONTINUATUS.

3913 343 4020 407 116

754 468 992 524 tuentes,
1025 457 1251 514 delicias
1307 475 1370 514 ac
1419 459 1701 514 luxuriam
1745 460 2043 515 consectati
2075 471 2223 524 sunt,
2271 476 2337 515 ne

2464 464 2655 530 ςαλινός
2681 479 2766 525 τις
2794 458 2936 516 εἶναι
2974 465 3089 527 τοῖς
3126 463 3265 534 πρὸς
3307 462 3375 517 τά
3400 463 3544 518 πάθη
3577 464 3826 524 ἀτάκτως
3874 479 4024 515 κατ-

752 551 1064 605 divinarum
1099 551 1320 621 quidem
1370 551 1592 604 laudum
1627 561 1681 606 et
1709 552 2047 606 canticorum
2083 552 2328 605 habitus-

2436 550 2647 606 ολισθαί
2654 569 2852 607 νουσιν.

752 659 859 712 que
884 643 1150 697 rationem
1183 643 1465 707 habentes,
1496 660 1562 698 eo
1608 644 1754 714 quod
1812 644 1896 699 his
1948 659 2170 714 quoque
2222 645 2585 701 conventibus
2652 655 2915 716 tyrannus
2962 647 3072 701 illis
3117 645 3465 700 interdictum
3533 642 3717 707 vellet,
3780 641 3875 711 qui
3932 647 4022 698 vel

753 736 855 789 soli
886 750 991 801 non
1025 750 1148 789 raro
1182 751 1399 790 servare
1440 739 1654 807 possint
1682 751 1747 791 ac
1790 736 1939 790 velut
1977 736 2191 791 frenum
2243 748 2446 793 temere
2492 740 2545 793 in
2577 739 2704 793 vitia
2746 739 3090 807 prolabentcs
3118 746 3421 793 coerceant.

830 829 981 897 ιοι
1018 828 1103 883 ll.
1135 828 1243 884 Nec
1277 838 1456 891 tamen
1488 831 1602 884 ﬁeri
1635 840 1842 899 poterat
1889 841 1949 884 ut
1992 846 2217 901 prorsus
2264 847 2329 885 cx

757 920 993 973 humana
1054 920 1163 973 vita
1213 922 1427 974 dicendi
1462 922 1686 975 libertas
1723 923 1974 976 exsulata
2033 922 2331 976 videretur.

760 1011 865 1066 Sed
894 1027 1081 1066 eorum
1118 1012 1213 1081 qui
1243 1014 1440 1081 majori
1466 1012 1680 1068 fervore
1720 1014 2077 1079 ducebantur,
2114 1014 2332 1084 quidam

757 1102 979 1170 singuli,
1013 1102 1232 1173 quidam
1268 1118 1396 1157 vero
1418 1102 1667 1157 conferto
1700 1104 1938 1172 agmine,
1967 1106 2132 1159 veluti
2160 1106 2334 1159 Abra-

759 1193 976 1247 bamitze
1015 1195 1287 1260 monachi,
1317 1194 1592 1255 hominem
1624 1196 1959 1258 adoricntes,
2002 1196 2238 1258 erudite,
2272 1211 2338 1251 ac

760 1293 876 1338 tum
912 1301 976 1338 ex
1019 1293 1334 1341 sanctorum
1371 1286 1590 1340 Patrum
1614 1286 1799 1349 dietis,
1837 1288 2145 1341 admirandi
2177 1287 2336 1341 uimi-

761 1392 884 1429 ruzn
922 1376 1163 1449 Dionysii
1201 1390 1256 1433 et
1312 1378 1587 1433 llierothei
1651 1395 1716 1433 ac
1748 1378 1961 1444 Irenaei,
1988 1380 2335 1435 demonstra-

761 1478 892 1524 runt
908 1486 1011 1523 non
1037 1486 1210 1540 nuper
1238 1487 1303 1525 ac
1328 1487 1516 1528 recens
1548 1473 1894 1527 adinventam
1938 1475 2338 1528 monachorum

762 1561 979 1615 vivendi
1011 1563 1280 1616 rationem
1334 1573 1388 1617 et
1417 1564 1789 1633 disciplinam,
1822 1564 1917 1619 sed
1945 1579 2068 1619 esse
2101 1564 2343 1634 peranti-

763 1668 929 1723 quam
960 1654 1261 1724 priscaeque
1300 1655 1526 1724 originis
1578 1670 1885 1726 magnoque
1915 1656 1968 1710 in
2020 1656 2194 1726 pretio
2242 1656 2345 1709 ho-

765 1747 1009 1802 minibus
1042 1748 1280 1802 habitam
1308 1765 1324 1813 ;
1365 1757 1481 1801 tum
1513 1763 1798 1803 sacrarum
1831 1749 2132 1818 imaginum
2176 1747 2343 1802 effor-

767 1837 1057 1890 mationem
1089 1837 1158 1891 ab
1180 1836 1571 1906 .apostolorum
1603 1837 1717 1905 jam
1761 1850 1879 1891 aevo
1925 1836 2145 1905 illisque
2180 1834 2343 1888 fami-

2509 832 2598 886 ια’.
2638 833 2785 902 Πλὴν
2813 833 2913 884 οὐκ
2946 827 3016 902 ἦν
3038 833 3214 899 πάντη
3246 830 3346 899 τὴν
3376 828 3689 899 παρρησίαν
3735 826 3829 879 καὶ
3856 826 4026 877 ﬂeo"

2436 924 2626 996 θερίαν
2646 925 2775 978 ίδεῖν
2795 925 2905 977 τῶν
2933 922 3240 991 ἀνθρώπων
3265 922 3734 990 ἀποφοιτὴσασαν,
3759 919 3892 971 ἀλλὰ
3906 918 4026 969 τῶν

2436 1016 2786 1086 θερμοτέρων
2826 1016 2969 1077 τινὲς
3015 1015 3118 1083 μὲν
3148 1014 3274 1067 καθ’
3318 1009 3421 1077 εἷς,
3454 1013 3598 1074 τινὲς
3630 1012 3687 1064 δὲ
3724 1011 4026 1076 συστάδην,

2434 1109 2513 1171 ὡς
2548 1109 2599 1161 οἱ
2622 1108 2721 1173 τῆς
2751 1108 2862 1159 τῶν
2900 1105 3285 1177 Ἀϐρααμιτῶν
3308 1108 3478 1175 μονῆς
3508 1103 3839 1174 ὁρμώμενοι,
3866 1100 4031 1169 αὐτῷ

2437 1196 2676 1266 λογικῶς
2707 1197 2769 1250 ἐκ
2800 1214 2857 1250 τε
2903 1198 3012 1250 τῶν
3055 1197 3365 1268 εἰρημένων
3398 1198 3508 1256 τοῖς
3538 1194 3815 1264 Πατράσιν
3862 1190 4033 1260 ἡμῶν

2440 1289 2705 1359 Διονυσίῳ
2728 1306 2787 1340 τε
2831 1288 2910 1356 τῷ
2964 1288 3094 1356 θείῳ
3136 1288 3233 1339 καὶ
3292 1286 3540 1354 Ἰεροθέῳ
3606 1286 3700 1338 καὶ
3744 1281 4033 1353 Εἰρηναίῳ

2441 1380 2799 1433 ἀπεδείκνυον
2828 1380 2903 1441 ὡς
2937 1379 3000 1431 οὗ
3051 1378 3180 1448 χθὲς
3214 1378 3308 1430 καὶ
3341 1377 3533 1447 πρώην
3562 1377 3595 1445 ἡ
3627 1376 3737 1428 τῶν
3770 1376 4035 1444 μοναχῶν

2441 1469 2690 1522 πολιτεία
2722 1486 2781 1521 τε
2814 1471 2908 1522 καὶ
2955 1467 3294 1528 κατάστασις
3334 1466 3700 1534 ἐπινενόηται,
3730 1463 3942 1515 παλαιὰ
3968 1462 4037 1513 δέ

2442 1578 2527 1623 τις
2573 1560 2669 1612 καὶ
2707 1560 3006 1629 ἀρχέγονος
3050 1559 3146 1610 καὶ
3190 1559 3306 1619 τοῖς
3351 1555 3662 1626 ἀνθρώποις
3699 1555 4033 1623 ἐπέραστος.

2440 1655 2517 1706 οὐ
2541 1654 2647 1725 μὴν
2664 1652 2723 1706 δὲ
2735 1651 2871 1706 ἀλλὰ
2897 1650 3116 1704 καὶτῶν
3132 1650 3294 1702 θείων
3319 1650 3545 1702 εἰκόνων
3565 1648 3875 1701 ἐκτύπωσιν
3896 1647 4037 1699 σύν-

2439 1763 2470 1799 τ
2478 1745 2640 1815 ροςρόν
2659 1761 2719 1796 τε
2741 1742 2851 1795 τῶν
2873 1741 3189 1795 ἀποστόλων
3209 1741 3304 1793 καὶ
3325 1740 3633 1808 ὁμοδίαιτον
3649 1738 4037 1800 ἀπεδείκνυον,

2441 1834 2559 1903 εἴγε
2591 1835 2807 1895 Λουκᾶς
2856 1833 2953 1902 μὲν
2995 1833 3023 1883 ὁ
3072 1831 3214 1892 θεῖος
3244 1830 3342 1897 τὴν
3375 1828 3476 1896 τῆς
3507 1827 3771 1879 Θεοτόκου
3815 1824 4041 1895 μορφὴν

769 1926 961 1979 liarem
1007 1926 1399 1987 ostenderunt,
1432 1926 1653 1995 quando
1683 1934 1737 1980 et
1768 1925 1986 1979 divinus
2022 1923 2200 1979 Lucas
2230 1939 2353 1978 san-

2464 1928 2817 1985 ἱνετύπωσεν,
2852 1925 3013 1987 αὐτὸς
3039 1924 3094 1976 δὲ
3123 1921 3359 1991 Χριστὸς
3391 1923 3419 1974 ό
3444 1920 3723 1989 Δεσπότης
3753 1918 3916 1987 ἡμῶν
3939 1918 4045 1969 καὶ

767 2028 869 2072 ατε
944 2018 1187 2087 υθὶριιτεε
1252 2019 1544 2088 imaginem
1621 2019 1878 2088 penicillo
1946 2034 2011 2073 ac
2069 2017 2349 2072 coloribus

767 2110 1059 2178 expressit.
1106 2111 1334 2180 ipseque
1365 2110 1503 2164 adeo
1547 2109 1801 2165 Christus
1825 2109 2090 2164 Dominus
2118 2124 2182 2163 ac
2209 2109 2352 2163 Dens

768 2211 957 2255 noster
1003 2204 1172 2256 linteo
1214 2202 1536 2271 impressam
1594 2204 1678 2256 sui
1711 2203 2004 2271 imaginem
2061 2202 2206 2255 nulla
2246 2216 2355 2254 ma-

776 2309 881 2347 nus
926 2307 1091 2360 opera
1148 2292 1484 2346 elaboratam
1522 2292 1681 2347 nobis
1736 2292 1973 2362 reliquit.
2032 2292 2147 2347 lloc
2192 2294 2353 2348 modo

770 2385 1098 2438 (“VilliSSillli
1142 2384 1228 2439 isti
1282 2386 1383 2438 viri
1444 2400 1569 2438 cum
1622 2387 1837 2455 tyranni
1904 2385 2232 2439 dementiam
2291 2399 2356 2439 ac

772 2476 1035 2530 saevitiam
1092 2491 1201 2544 pro:
1228 2490 1438 2529 summa
1492 2476 1707 2530 dicendi
1741 2476 1989 2530 libertate
2019 2476 2351 2536 irritassrnt,

771 2576 895 2637 post
928 2568 1125 2621 mullos
1178 2568 1315 2622 alios
1360 2569 1635 2623 cruciatus
1684 2570 1819 2623 urbe
1872 2568 2028 2637 ejecti
2072 2568 2355 2635 sunt;qui

774 2677 899 2713 cum
936 2661 1001 2713 ad
1074 2662 1432 2729 prmi-ursoris
1488 2662 1794 2715 oratorium
1849 2662 1927 2717 sic
1981 2672 2355 2726 nuncupatum

776 2750 1007 2804 l’hoberi
1041 2751 1233 2820 (velut
1279 2734 1546 2805 tremendi
1590 2752 1805 2822 dicas),
1836 2751 1890 2806 in
1946 2752 2117 2805 Ponto
2143 2750 2360 2805 Euxino

776 2842 965 2906 situm,
991 2842 1393 2912 confugissent,
1417 2844 1708 2899 verberum
1732 2844 1870 2898 diris
1890 2844 2089 2899 ictibus
2138 2860 2361 2914 prorsus

776 2932 1011 2987 confecti
1080 2936 1357 2989 caelestem
1415 2936 1807 2990 beatitudinem
1868 2937 2150 2991 consecuti
2211 2948 2359 2990 sunt.

778 3022 985 3075 llornm
1018 3039 1174 3078 sacra
1209 3025 1432 3094 pignora
1452 3025 1545 3080 diu
1569 3026 1916 3096 multumque
1947 3027 1999 3079 in
2019 3029 2137 3080 solo
2161 3037 2365 3082 temere

774 3114 977 3184 jactata
1039 3128 1201 3186 atque
1269 3118 1535 3187 projecta,
1591 3133 1694 3174 nec
1752 3119 2046 3188 sepultura;
2102 3120 2362 3174 honorem

780 3218 1077 3261 consecuta
1143 3209 1351 3278 integra
1414 3210 1691 3278 illaesaque
1732 3220 1945 3264 servata
2005 3222 2155 3275 sunt,
2191 3212 2365 3265 donec

2451 2019 2585 2081 Θεὸς
2619 2019 2718 2089 τὴν
2774 2016 2970 2071 ἑαυτοῦ
3019 2016 3113 2069 ἐπί
3164 2031 3309 2075 τινος
3362 2012 3554 2081 ὀθόνης
3606 2009 4046 2079 άπομαξάμενος

2452 2113 2876 2183 άχειρότευκτον
2942 2111 3071 2179 ἡμῖν
3132 2106 3516 2175 ἐγκατέλιπεν.
3594 2099 3752 2158 Οὗτοι
3798 2102 3933 2171 γοῦν
3987 2103 4045 2153 oi.

2454 2205 2723 2258 θειότατοι
2752 2202 2943 2272 ἄνδρες
2977 2202 3077 2270 τὴν
3110 2200 3207 2252 τοῦ
3250 2198 3519 2268 τυράννου
3571 2197 3771 2265 μανίαν
3802 2194 3896 2247 καὶ
3942 2192 4047 2263 θην

2456 2298 2680 2368 ριωδίαν
2726 2295 3164 2360 ἐκκαλεσάμενοι
3194 2293 3273 2363 τῷ
3319 2293 3524 2361 σφόδρα
3554 2288 4049 2361 παρῤησιασθῆναι

2458 2390 2594 2458 μετὰ
2634 2387 2837 2449 πολλάς
2872 2387 3068 2454 ἐτέρας
3116 2384 3383 2455 βασάνους
3412 2385 3509 2453 τῆς
3547 2383 3755 2445 πόλεως
3795 2379 4053 2449 ἐξώσθη-

2458 2497 2577 2542 σαν,
2609 2478 2745 2548 πρὸς
2794 2478 2849 2531 δὲ
2891 2478 3181 2547 εὐκτήριον
3222 2477 3541 2546 Προδρὸμου
3573 2476 3634 2528 τὸ
3672 2475 3816 2527 οὕτω
3844 2471 4056 2525 καλούο

2460 2590 2621 2643 μενον
2640 2572 2733 2626 τοῦ
2770 2571 3010 2641 Φοϐεροῦ
3044 2571 3187 2623 κατὰ
3217 2572 3308 2623 τὸν
3338 2568 3594 2633 Εὔξεινον
3618 2572 3810 2621 πόντον
3835 2582 4058 2635 πεφευο

2460 2665 2642 2731 γότες,
2678 2664 2772 2717 καὶ
2814 2668 2935 2727 ταῖς
2963 2663 3076 2716 τῶν
3105 2664 3388 2732 μαστίγων
3412 2664 3705 2731 ἀφορήτοις
3735 2661 3928 2729 φοραῖς
3951 2675 4059 2711 τε·

2458 2756 2619 2820 λείως
2648 2756 3144 2824 καταπονηθέντες,
3178 2756 3281 2822 τῆς
3310 2754 3423 2809 ἄνω
3457 2752 3666 2823 λήξεως
3693 2749 4013 2820 ἠξιώθησαν
4039 2766 4056 2781 ο

2461 2843 2534 2903 ὧν
2566 2849 2749 2901 καὶτὰ
2792 2849 2913 2917 ἱερά
2956 2846 3188 2916 σώματα
3231 2846 3326 2899 ἐπὶ
3351 2846 3488 2898 πολὺ
3516 2844 3694 2905 άλλως
3735 2841 4063 2912 ἐρριμμένα

2464 2940 2601 3009 πρὸς
2650 2939 2935 3008 τοῦδαφος,
2981 2941 3115 3011 μηδὲ
3149 2940 3248 3009 τῆς
3282 2938 3461 3007 ταφῆς
3503 2933 3896 3005 εὐμοιρηκότα,
3932 2931 4064 2985 σῶα

2462 3033 2872 3103 διετηρήθησαν
2901 3035 2995 3086 καὶ
3024 3031 3308 3101 ἀλώόητα,
3332 3032 3524 3100 μέχρις
3550 3028 3675 3081 ὅτου
3694 3029 3804 3088 τοῖς
3835 3026 4063 3085 πιστοῖς

2464 3127 2733 3195 γενόμενα
2773 3126 2986 3196 φανερὰ
3016 3124 3393 3196 ἐκηδεύθησάν
3440 3139 3502 3175 τε
3546 3120 3642 3174 καὶ
3694 3116 4067 3185 καταλλήλως

2466 3220 2575 3280 τοῖς
2611 3218 2753 3286 ὑπὲρ
2785 3217 3024 3287 Χριστοῦ
3059 3215 3474 3286 μαρτυρήσασιν
3506 3211 3869 3282 ἐτιμήθησαν.

780 3299 998 3353 tandem
1053 3298 1299 3354 ﬁdelibus
1358 3300 1541 3370 agnita
1593 3309 1759 3369 atque
1808 3301 1947 3355 elata
2002 3304 2363 3358 conveniente
2406 3305 2614 3363 honore
2676 3308 2744 3362 iis
2777 3309 2870 3378 qui
2911 3323 3009 3376 pro
3046 3308 3269 3361 Christo
3320 3305 3643 3376 martyrium
3699 3315 4072 3370 sumpserunt

782 3396 980 3449 donata
1039 3401 1184 3447 sunt.

858 3489 1014 3559 102
1054 3490 1135 3542 12.
1189 3487 1283 3545 llis
1318 3490 1581 3544 assimilis
1621 3491 1852 3561 parique
1891 3493 2071 3548 clarus
2117 3494 2358 3547 facinore
2384 3494 2429 3554 C

793 3583 1098 3639 monachus
1132 3584 1375 3652 quidam,
1405 3600 1551 3638 nunc
1579 3600 1710 3639 vero
1732 3586 1798 3638 ad
1841 3586 2128 3640 sacerdotii
2182 3602 2360 3640 arcem

791 3676 1087 3731 subvectus
1146 3674 1441 3744 divinaque
1508 3676 1855 3729 aemulatione
1910 3676 2104 3744 plenus
2176 3688 2362 3747 tyran-

791 3784 919 3824 num
976 3783 1205 3839 arguere
1255 3768 1543 3827 constituit
1588 3784 1672 3835 ac,
1702 3770 1747 3823 si
1781 3768 1894 3823 tieri
1916 3779 2128 3839 posset,
2178 3770 2365 3824 colen-

790 3862 891 3914 das
942 3875 1129 3915 sacras
1189 3859 1454 3929 imagines
1520 3860 1596 3913 illi
1674 3861 2026 3929 persuadere.
2107 3860 2369 3930 Adeoque

792 3953 1068 4007 hominem
1100 3966 1286 4006 coram
1344 3952 1676 4007 conveniens
1720 3969 1845 4008 cum
1894 3953 2000 4007 alia
2063 3953 2230 4007 multa
2259 3954 2368 4007 dis-

794 4053 967 4112 putat,
1020 4051 1135 4095 tum
1184 4042 1415 4111 apostoli
1447 4058 1567 4096 eam
1619 4046 2001 4098 auctoritatem
2038 4057 2214 4115 urget,
2250 4061 2372 4114 quae

795 4137 873 4189 ait
899 4152 911 4189 :
937 4133 1133 4203 Siquis
1178 4134 1321 4188 vobis
1361 4136 1753 4188 annuntiaverit
1783 4148 1978 4203 pra-ter
2031 4153 2192 4205 quam
2231 4138 2372 4206 quod

795 4228 1099 4295 accepistis,
1128 4227 1413 4280 anathema
1435 4228 1503 4279 sit
1534 4224 1577 4282 ι.
1598 4225 1799 4280 Verum
1831 4228 1976 4282 hunc
1998 4243 2213 4297 quoque
2236 4228 2374 4282 mul-

798 4319 869 4372 tis
899 4318 1216 4377 verberibus
1245 4318 1522 4383 allectum,
1554 4334 1677 4373 cum
1720 4320 2105 4387 sapientiorem
2142 4336 2241 4390 pro
2288 4321 2374 4374 sui

798 4411 1012 4469 ratione
1065 4426 1131 4465 ac
1178 4410 1506 4477 disputando
1539 4410 1808 4464 acriorem
1865 4419 2132 4480 tyrannus
2182 4411 2375 4464 adver-

799 4509 958 4561 teret,
991 4500 1055 4553 ad
1086 4497 1355 4551 Joannem
1387 4514 1545 4553 suum
1578 4500 1854 4568 quondam
1898 4509 2286 4570 pmceptorem
2316 4514 2380 4554 ac

803 4593 1129 4664 magistrum
1164 4592 1335 4657 misit,
1357 4592 1553 4662 iubens
1572 4601 1631 4645 ut
1661 4592 1963 4647 dialecticis
2004 4608 2128 4647 eum
2150 4593 2378 4659 rationi-

802 4688 908 4742 bus
932 4702 997 4750 ac
1028 4686 1368 4755 argumentis
1390 4684 1673 4753 dejiceret.
1709 4682 1907 4739 Verum
1962 4685 2109 4741 hunc
2161 4700 2384 4755 quoque

804 4784 1101 4853 praeclarus
1127 4790 1384 4837 certator.
1411 4796 1521 4836 non
1559 4781 1871 4851 sophisticis
1894 4796 1957 4835 ac
1970 4781 2274 4837 dialecticis
2303 4796 2385 4835 ra-

2535 3489 2621 3562 [P.
2643 3491 2733 3561 Gl]
2764 3489 2849 3558 ιβ’.
2900 3488 3122 3550 Τούτοις
3157 3482 3451 3555 ἐφάμιλλος
3508 3481 3602 3534 καί
3634 3498 3717 3543 τις
3765 3479 4074 3547 γενόμενος

2470 3583 2725 3657 μοναχδς,
2755 3582 2878 3651 ἄρτι
2912 3582 2969 3633 δὲ
2998 3579 3133 3647 πρὸς
3162 3576 3335 3648 ἀρχὴν
3359 3576 3458 3643 τῆς
3490 3574 3791 3644 ἱερωσύνης
3820 3571 4075 3642 ἀναδρα-

2471 3675 2587 3743 μὼν
2610 3674 2706 3727 καὶ
2735 3672 2901 3741 ζήλου
2937 3668 3218 3738 πλησθεὶς,
3247 3666 3338 3720 τὸν
3387 3664 3653 3737 τύραννον
3705 3661 3916 3728 ἐλέγξαι
3982 3661 4079 3713 δι-

2468 3768 2678 3836 έγνωκε
2706 3766 2800 3817 καὶ
2835 3763 2964 3832 περὶ
2991 3761 3100 3813 τῶν
3134 3760 3305 3828 ἀγίων
3340 3757 3563 3810 εἰκόνων
3593 3758 3797 3817 πεῖσαι,
3829 3755 3877 3806 εί
3902 3753 4081 3805 δυνα-

2467 3863 2581 3913 τόν.
2635 3858 2740 3909 Καὶ
2769 3855 2833 3925 δὴ
2875 3853 3016 3907 κατὰ
3046 3851 3338 3923 πρόσωπον
3362 3846 3531 3901 αὑτοῦ
3561 3845 3693 3908 στὰς
3724 3845 3860 3899 ἀλλα
3882 3861 3945 3897 τε
3990 3844 4083 3896 δι-

2473 3954 2619 4024 εξῄει
2660 3951 2829 4003 πολλά
2866 3948 2959 4000 καὶ
3004 3946 3066 3997 τὸ
3113 3942 3209 3997 τοῦ
3268 3941 3573 3996 ἀποστόλου
3630 3937 3846 3991 Παύλου
3875 3936 4079 4005 ῥητὸν,

2472 4045 2631 4099 τοὶτο
2664 4043 2727 4111 δὴ
2752 4041 2813 4094 τὸ
2838 4040 3069 4107 φάσκον*
3105 4036 3178 4089 ΕΖ
3195 4052 3283 4100 τις
3300 4032 3444 4101 ὑμῖν
3465 4028 3901 4099 εὐαγγελίζεται
3928 4030 4081 4095 παρ’

2474 4139 2506 4193 ὃ
2535 4136 2930 4204 παρελάβετε,
2978 4129 3247 4197 ἀνάθεμα
3302 4126 3479 4180 ἔστω.
3542 4124 3701 4176 Ἀλλὰ
3767 4121 3861 4174 καὶ
3890 4122 4085 4190 τούτῳ

2474 4232 2690 4302 πληγάς
2739 4226 2948 4288 ἐπιθεὶς
2982 4223 3083 4276 οὐκ
3128 4222 3336 4288 ὀλίγας,
3392 4216 3515 4271 ἐπεὶ
3573 4214 3854 4283 σοφώτερα
3885 4213 4086 4280 λέγειν

2476 4326 2771 4391 διέγνωκεν
2831 4316 2994 4372 αὖτοῦ
3051 4332 3111 4367 τε
3177 4310 3524 4380 δυνατώτερα
3572 4310 3767 4369 εἰπεῖν,
3803 4304 3944 4377 πρὸς
3982 4305 4087 4356 τὸν

2490 4418 2744 4482 Ἰωάννην
2776 4406 3203 4475 ἐξαπέσταλκεν,
3232 4402 3553 4471 καθηγητὴν
3608 4398 3774 4451 αὐτοῦ
3805 4400 4087 4464 γεγονότα

2479 4528 2538 4563 τε
2565 4508 2658 4561 καὶ
2681 4501 3023 4560 ὅδάσκαλον,
3045 4498 3415 4556 διαλεκτικαῖς
3452 4492 3760 4557 ἀποδείξεσι
3785 4489 4087 4560 χρώμενον

2482 4594 2810 4652 καταϐαλεῖν
2854 4590 3017 4644 αὑτὸν
3057 4585 3543 4657 ἐγκελευσάμενος.
3605 4581 3767 4635 Ἀλλά
3820 4582 3915 4633 καὶ
3946 4580 4083 4633 τοῦ-

2481 4708 2575 4744 τον
2601 4691 2631 4741 ό
2654 4687 2894 4755 γενναῖος
2914 4680 3221 4751 ἀγωνιστὴς
3247 4679 3308 4730 οὐ
3331 4680 3451 4739 ταῖς
3475 4675 3813 4744 σοφιστικαῖς
3841 4671 3939 4725 καὶ
3963 4672 4093 4725 δια-

2487 4782 2767 4841 λεκτικοῖς
2796 4775 3124 4839 ἀποδείξεσι,
3154 4774 3267 4833 τοῖς
3293 4769 3670 4829 ἁποστολικοῖς
3696 4766 3753 4818 δὲ
3776 4769 3876 4817 καὶ
3908 4766 4094 4831 εὐαγ-

811 4875 1078 4936 tionibus,
1103 4874 1197 4927 sed
1228 4871 1545 4940 apostolicis
1574 4871 2014 4942 evangelicisque
2037 4871 2363 4926 testimoniis

2493 4875 2729 4947 γελικοῖς
2758 4872 2994 4943 ῥήμασιν
3017 4864 3360 4935 ἀφωνότερον
3392 4862 3587 4930 ἰχθύων
3622 4857 3909 4923 ἀποδείξας
3939 4859 4094 4919 τέως

811 4969 960 5039 pisce
978 4967 1151 5035 magis
1166 4966 1438 5034 elinguem
1474 4979 1599 5017 cum
1626 4963 1973 5028 reddidisset,
2002 4962 2097 5017 illo
2122 4962 2390 5017 hactenus

810 5062 1024 5116 solutus
1059 5068 1163 5113 est.
1193 5057 1386 5113 Postea
1425 5073 1554 5113 vero
1592 5057 1659 5113 ad
1689 5050 1933 5112 montem
1963 5057 2136 5111 Calon
2181 5057 2388 5110 dictum

815 5155 905 5223 (ac
928 5151 974 5206 si
999 5150 1289 5221 pulchrum
1330 5150 1603 5231 nomines)
1635 5149 1884 5210 veniens,
1916 5163 1981 5201 ac
2010 5148 2121 5200 illic
2140 5148 2388 5201 divinum

814 5241 1108 5315 quemdam
1140 5240 1321 5293 virum
1357 5240 1574 5308 Deoque
1607 5238 1847 5291 alllatum
1907 5235 2171 5305 lgnatium
2219 5232 2391 5288 oﬂ'en-

813 5336 973 5398 dens,
1002 5334 1071 5389 ab
1129 5349 1196 5388 eo
1247 5331 1614 5387 ordinationis
1655 5345 1855 5385 Illltlttls
1905 5337 2234 5382 consecutus
2285 5333 2391 5390 est,

813 5431 993 5499 deque
1030 5442 1212 5481 rerum
1245 5441 1309 5491 ac
1345 5426 1738 5495 imperatorum
1780 5422 2228 5477 successionibus
2262 5420 2395 5473 vati-

816 5515 1056 5587 cinatus,
1087 5523 1155 5577 ad
1205 5522 1408 5577 Christi
1471 5530 1746 5576 amantem
1796 5519 2031 5573 Leonem
2081 5522 2390 5586 Augustum

818 5633 884 5673 ac
936 5617 1139 5671 liberos
1196 5617 1316 5682 ejus
1373 5629 1746 5685 perseverans,
1810 5616 1874 5665 :nl
1954 5611 2243 5665 Dominum
2288 5608 2389 5663 mi-

816 5709 1012 5778 gravii.

895 5802 911 5840 ί
946 5799 1119 5857 Galat.
1159 5818 1197 5862 ι,
1236 5800 1284 5855 8.

2498 4969 2599 5039 μὲν
2628 4965 2736 5021 ἀπὸ
2770 4962 2958 5014 τούτου
2986 4958 3222 5025 ἐγένετο,
3264 4954 3487 5024 ὕστερον
3520 4952 3576 5004 δὲ
3630 4952 3762 5020 πρὸς
3802 4950 3863 4999 τὸ
3893 4950 4094 5001 Καλὸν

2495 5059 2639 5112 οὕτω
2699 5053 2989 5121 λεγόμενον
3041 5046 3402 5114 ἀποδημήσας
3454 5042 3599 5112 ὅρος,
3648 5040 3907 5107 Ἰγνάτιόν
3960 5056 4095 5091 τινα.

2497 5149 2757 5220 θεοφόρον
2788 5144 2961 5214 ἀνδρα
2988 5137 3308 5194 καταλαϐὼν
3354 5132 3687 5206 χειροτονίας
3732 5149 3790 5184 τε
3822 5130 4093 5201 ἠξίωσεν,

2498 5245 2593 5299 καὶ
2630 5243 2759 5313 περὶ
2780 5238 2886 5291 τῶν
2910 5236 3214 5307 μελλόντων
3239 5230 3583 5302 πραγμάτων
3608 5244 3664 5280 τε
3692 5227 3784 5279 καὶ
3812 5224 4097 5294 βασιλέων

2499 5334 2844 5399 ἀναδιδάξας,
2889 5331 3020 5399 ἄχρι
3068 5322 3281 5379 καὶτοῦ
3331 5319 3675 5390 ιριλοχρίστου
3718 5319 3946 5379 Λέοντος
3993 5318 4099 5369 καὶ

2497 5427 2607 5481 τῶν
2633 5426 2837 5480 τέκνων
2870 5418 3035 5475 αὐτοῦ
3063 5415 3365 5487 διαμείνας,
3402 5413 3537 5484 πρὸς
3573 5410 3779 5481 Κύριον
3805 5406 4097 5478 ἐξεδήμη-

2500 5538 2613 5574 σεν.
