4158 6442
127 393 192 457 117
844 388 989 447 LIB.
1023 386 1138 447 III.
1174 409 1239 421 -
1264 381 1770 444 TIIEOPHILUS
1810 382 2230 442 MICHAELIS
2282 384 2561 444 FILIUS.
3229 385 3331 451 118

169 497 233 564 ιγ’.
264 493 407 547 Ἐπεὶ
432 493 491 546 δὲ
518 492 727 556 πάντας
756 494 883 555 τοὺς
925 492 1025 555 τὰς
1063 490 1216 554 θείας
1266 488 1636 545 ὲκτυποῦντας
1669 499 1710 553 Α

1682 499 1710 553 ι
1812 488 1902 543 15.
1932 487 2106 544 Porro
2133 504 2255 544 cum
2297 489 2637 560 Theophilus
2679 490 2988 547 divinarum
3025 494 3324 566 imaginum

122 586 276 659 μορφὰς
296 584 353 650 ἐξ
381 583 687 655 ἀνθρώπων
724 586 899 635 ποιεῖν
938 584 967 635 ὁ
1009 582 1274 651 τύραννος
1305 578 1644 649 ἐνενόησενῆ
1751 596 1764 650 ι

1751 580 1987 650 pictores
2037 596 2229 636 omnes
2259 597 2289 634 e
2320 583 2500 636 medio
2543 583 2733 638 tollere
2776 586 3081 649 statuisset,
3147 598 3242 640 aut
3281 592 3327 644 si

118 683 159 734 τὸ
180 678 256 749 ζῇν
281 678 630 746 αἱρουμένους
687 676 950 745 ἐμπτύειν
981 693 1038 728 τε
1069 676 1163 728 καὶ
1192 674 1266 732 ὡς
1292 672 1496 744 βέϐηλά
1524 689 1647 725 τινα
1750 690 1760 717 ι

1750 676 1875 727 vitae
1907 674 2131 728 mallent
2156 673 2443 729 consulere
2497 687 2685 730 sacras
2717 676 2982 742 imagines
3028 693 3332 747 conspuere

119 770 181 823 ἐπ’
209 770 408 836 ἐδάφους
438 770 653 838 ῥιπτεῖν
687 770 779 821 καὶ
812 770 1145 821 καταπατεῖν
1173 766 1266 819 καὶ
1289 764 1432 819 οὕτω
1480 763 1649 827 σώζει
1750 780 1761 818 t

1750 779 1817 819 ac
1857 765 2002 818 velut
2028 765 2253 833 profana
2285 766 2533 835 quaedam
2570 767 2691 822 solo
2730 767 2955 823 alliilere
3000 778 3055 824 et
3104 763 3330 825 concul-

118 864 223 925 σθαι,
247 859 327 912 καὶ
356 859 450 911 τὸν
490 860 726 929 μοναχὸν
754 859 1005 930 Λάζαρον
1042 858 1389 929 (περιϐόητος
1416 856 1470 908 δὲ
1495 873 1646 926 τηνι-
1749 874 1760 909 t

1749 872 1877 911 care
1913 856 2195 924 jussisset.
2244 867 2305 913 ut
2342 858 2447 913 hoc
2505 858 2649 913 Iacto
2692 859 3123 916 incolumitatem
3168 878 3326 918 suam

119 953 248 1004 καῦτα
266 951 395 1004 κατὰ
420 951 520 1021 τὴν
573 951 689 1013 ζῶα
746 954 1068 1021 γράφουσαν
1143 952 1356 1021 ὑπῆρχε
1425 946 1644 1019 τέχνην)
1750 964 1761 1000 l

1750 947 2100 1011 redimerent,
2136 947 2405 1005 Lazarum
2437 966 2654 1022 quoque
2705 953 2861 1022 103
2906 955 3237 1009 monachum
3264 970 3328 1010 ea

118 1042 340 1111 βιάζεσθαι
389 1042 482 1094 τὸν
532 1042 702 1113 ἄνδρα
756 1044 1071 1110 διέγνωκεν.
1112 1042 1274 1095 Ἀλλὰ
1332 1044 1426 1096 καὶ
1458 1040 1647 1094 τοῦτον
1748 1054 1760 1090 :

1748 1046 1909 1091 aetate
1940 1038 2194 1108 pingendi
2245 1049 2362 1093 arte
2398 1042 2665 1097 celebrem
2719 1044 2771 1095 in
2800 1060 2897 1097 sua
2960 1057 3085 1100 vota
3126 1061 3323 1117 cogen-

1754 1127 1885 1179 dum
1922 1141 2044 1180 esse
2089 1130 2321 1196 putavit.
2360 1128 2513 1184 Unde
2544 1147 2668 1185 eum
2701 1140 2756 1187 et
2797 1134 3206 1191 adulationibus
3228 1152 3327 1191 su-

1747 1219 2015 1289 periorem
2095 1235 2196 1275 nec
2242 1235 2357 1276 suae
2431 1224 2728 1292 quidquam
2784 1226 3054 1280 voluntati
3124 1228 3329 1283 ceden-

1748 1320 1855 1365 tem
1908 1311 2255 1380 attendisset,
2306 1330 2432 1370 cum
2482 1315 2569 1371 ille
2608 1332 2717 1371 non
2763 1318 2952 1373 'semel
2985 1328 3042 1373 et
3094 1320 3322 1385 iterum,

1748 1402 1843 1456 sed
1916 1410 1971 1455 et
2040 1404 2238 1472 saepius
2272 1410 2436 1459 ‘eum
2507 1405 2987 1475 reprehendisset,
3037 1409 3173 1464 adeo
3240 1410 3329 1465 di-

1749 1495 1825 1547 ris
1874 1494 2053 1563 ipsum
2111 1496 2433 1551 verberibus
2485 1498 2764 1566 subjecit,
2815 1509 2875 1553 ut
2936 1499 3175 1569 primum
3220 1514 3329 1555 una

1749 1599 1875 1638 cum
1909 1598 2102 1638 cruore
2133 1599 2327 1639 carnes
2357 1587 2661 1642 dissilireut
2693 1604 2757 1641 ac
2787 1605 2853 1645 ne
2893 1592 3075 1647 vivere
3103 1590 3325 1661 quidem

1749 1678 1938 1731 multis
1964 1678 2353 1732 aestimaretur.
2408 1677 2512 1733 Ubi
2552 1690 2736 1735 autem
2773 1682 2827 1736 in
2876 1697 3099 1739 carcere
3150 1684 3328 1739 inclu-

1752 1783 1896 1834 sum,
1928 1769 2087 1833 paulo
2118 1769 2308 1824 mitius
2340 1771 2409 1824 ab
2448 1771 2774 1841 aegritudine
2805 1773 3097 1829 habentem
3126 1783 3329 1829 artem-

1744 1877 1852 1930 que
1892 1856 2247 1932 repetentem,
2283 1879 2472 1919 sacras
2502 1868 2682 1921 denuo
2716 1868 2769 1921 in
2822 1869 3038 1924 tabellis
3063 1870 3330 1941 imagines

1743 1952 1969 2022 pingere
2008 1954 2235 2021 audivit,
2301 1955 2536 2012 laminas
2588 1956 2797 2013 ferreas
2858 1961 3153 2017 candentes
3204 1962 3329 2031 ejus

1745 2047 1945 2115 palmis
1994 2046 2274 2101 adoleveri
2319 2048 2507 2116 jussit.
2542 2047 2670 2119 Igne
2709 2050 2893 2122 itaque
2950 2053 3074 2123 ejus
3129 2054 3328 2124 depas-

117 1134 297 1204 ιιρείττω
322 1134 417 1202 μὲν
440 1134 549 1186 τῶν
570 1134 845 1200 θωπειῶν,
872 1136 1107 1205 κρείττω
1136 1135 1193 1187 δὲ
1236 1136 1329 1187 καὶ
1350 1138 1448 1205 τῆς
1481 1133 1645 1187 αὐτοῦ

113 1224 286 1294 γνώμης
313 1225 605 1295 εὑρίσκων,
639 1227 737 1297 οὐχ
766 1226 917 1292 ἅπαξ
950 1226 1105 1298 ἢδὶς,
1143 1226 1281 1280 ἀλλὰ
1311 1227 1405 1279 καὶ
1438 1226 1643 1280 πολλα-

115 1333 177 1377 κις
213 1316 287 1368 ὑπ’
325 1317 489 1369 αὑτοῦ
524 1318 903 1389 ἐλεγχόμενος,
937 1318 1192 1372 τοσοῦτον
1230 1323 1349 1383 ταῖς
1387 1319 1645 1388 βασάνοις

114 1408 351 1477 κατῄκισεν
378 1407 452 1471 ὡς
483 1409 701 1478 πρῶτον
734 1411 832 1478 μὲν
872 1412 1265 1482 συναπορῤέειν
1298 1416 1397 1475 τὰς
1429 1414 1641 1483 σάρκας

113 1499 170 1568 τῷ
188 1499 350 1570 αἵματι
369 1501 468 1554 καὶ
500 1501 635 1572 μηδὲ
659 1502 758 1573 ζῇν
788 1504 922 1564 ὅλως
952 1504 1299 1558 ὑπονοεῖσθαι
1326 1507 1475 1575 παρὰ
1516 1508 1645 1560 πολ·-

112 1591 205 1644 ὶῶν.
240 1593 377 1644 Ἐπεὶ
421 1593 479 1645 δὲ
514 1594 591 1664 τῷ
621 1594 982 1666 δεσμωτηρίῳ
1024 1596 1213 1650 τοῦτον
1252 1594 1411 1660 αὖθις
1441 1600 1643 1667 ἐγκαθ-

110 1683 342 1753 ειργμένον
392 1685 547 1755 μόλις
612 1704 674 1739 τε
719 1687 1129 1758 ἁναῤῥαῖσαντα
1209 1691 1461 1759 διήκουσε
1496 1735 1511 1757 ,
1553 1701 1649 1754 καὶ

111 1778 160 1845 τῇ
183 1775 353 1828 ἑαυτοῦ
404 1777 569 1848 τέχνῃ
592 1778 1052 1850 ἐνασχολούμενον
1102 1782 1198 1844 τὰς
1224 1784 1335 1837 τῶν
1388 1784 1559 1853 ἁγίων
1584 1787 1644 1839 ὲν

109 1866 280 1931 πίναξιν
307 1868 643 1937 ἀναστηλοῦν
669 1871 908 1939 μορφὰς,
964 1872 1169 1927 πέταλα
1231 1875 1429 1946 σιδηρᾶ
1469 1876 1643 1929 ἁπαν-

109 1956 407 2024 ερυιωθέντα
455 1960 578 2022 ταῖς
636 1961 920 2028 παλάμαις
982 1963 1147 2015 αὐτοῦ
1190 1964 1412 2034 τεθῆναι
1466 1983 1639 2036 προσ-

105 2046 271 2112 ἔταξεν.
311 2048 596 2102 Ἐὃόσκετο
620 2046 714 2106 οιῖν
740 2052 800 2105 τὸ
831 2052 944 2123 πῦρ
967 2054 1066 2118 τὰς
1113 2055 1322 2126 σάρκας
1360 2057 1526 2110 αὐτοῦ
1549 2057 1643 2111 καὶ

105 2137 399 2204 nervias-.0,
422 2138 553 2209 ἄχρι
584 2143 714 2195 ποτὲ
742 2143 1132 2214 ἀπαγορεύσας
1167 2146 1343 2201 ἔκειτο
1381 2150 1638 2220 ἡμιθνὴς.

110 2227 220 2279 Ἀλλ’
245 2229 343 2282 ἔδει
370 2230 560 2284 τοῦτον
588 2232 695 2286 ὑπὸ
715 2236 815 2305 τῆς
846 2237 1072 2307 χάριτος
1129 2239 1501 2309 διατηρείσθαι
1546 2244 1642 2295 καὶ

102 2322 185 2382 rei;
203 2319 411 2395 ὕστερον
441 2324 691 2395 ἐναυσμα
732 2345 745 2357 ·
777 2329 901 2383 ὅθεν
929 2332 1053 2382 ἐπεὶ
1074 2331 1143 2384 τὰ
1171 2333 1461 2387 τελευταῖα
1486 2340 1641 2391 πνεῖν

100 2411 167 2462 τὸν
193 2414 319 2467 ὃσιον
351 2417 751 2487 ἀνεμάνθανεν,
785 2421 1046 2487 ἱκετείαις
1067 2418 1514 2497 τῆςἈὺγούστης
1546 2429 1641 2482 καί

101 2519 225 2557 τινων
253 2507 419 2562 ἄλλων
448 2513 799 2583 οἰκειοτέρων
825 2515 922 2583 τῆς
950 2516 1173 2587 εἱρκτῆς
1210 2518 1311 2588 μὲν
1343 2520 1640 2587 ἀπέλυσεν,

100 2598 192 2650 ὁδὶ
213 2600 338 2670 πρὸς
372 2602 467 2655 τὸν
505 2605 634 2658 ναὸν
663 2605 758 2658 τοῦ
797 2606 1115 2679 Προδρόμου
1146 2610 1238 2664 τὸν
1274 2611 1417 2666 οὕτω
1448 2614 1643 2667 καλού-

1744 2148 1900 2193 cente
1963 2155 2162 2193 carnes
2213 2141 2399 2194 tandiu
2454 2141 2693 2208 duravit,
2743 2144 2919 2200 donec
2961 2145 3137 2200 victus
3184 2148 3329 2201 malo

1743 2234 2083 2289 semianimis
2106 2233 2296 2302 jacuit.
2337 2234 2537 2289 Verum
2586 2236 2815 2291 decebat
2852 2246 2912 2292 ut
2940 2238 3118 2295 divina
3154 2240 3328 2308 gratia

1744 2342 1867 2381 cum
1899 2327 2134 2396 posteris
2156 2328 2304 2381 velut
2327 2326 2630 2396 igniculum
2656 2329 2990 2385 incolumem
3017 2340 3322 2401 praestaret.

1743 2418 2011 2484 Quoniam
2080 2417 2245 2488 igitur
2296 2426 2559 2489 tyrannus
2589 2434 2717 2473 eum
2744 2419 2856 2488 jam
2888 2421 3128 2476 animam
3157 2439 3327 2493 agere

1745 2510 2015 2574 audierat,
2055 2508 2314 2581 Augustte
2372 2509 2865 2580 supplicationibus
2905 2514 3328 2569 nonnullorum-

1746 2617 1856 2672 que
1884 2601 2116 2656 aliorum
2149 2617 2215 2655 ex
2245 2601 2453 2656 intimis
2484 2603 2766 2672 magisque
2794 2605 3122 2661 necessariis
3147 2615 3331 2661 motus

99 2703 223 2755 μενον
243 2693 329 2745 τοῦ
346 2693 584 2767 Φοϐεροῦ
613 2697 986 2770 ὲναπεκρύὸη.
1007 2698 1090 2772 [Ρ.
1110 2700 1203 2772 65]
1256 2702 1383 2754 ἔνθα
1409 2705 1503 2756 καὶ
1528 2703 1638 2757 τῶν

1746 2695 1924 2762 ipsum
1949 2707 1979 2746 e
2006 2707 2224 2747 carcere
2249 2690 2479 2747 dimisit.
2503 2692 2580 2745 lta
2608 2693 2847 2756 demum,
2880 2695 2934 2747 in
2968 2692 3329 2751 Pracursoris

97 2782 274 2852 πληγῶν
300 2789 578 2842 συνουσιῖη
603 2790 754 2861 αὐτῷ
787 2793 969 2846 είκόνα
987 2794 1247 2863 διέγραψε
1279 2794 1373 2847 τοῦ
1402 2797 1642 2867 Προδρό-

1747 2785 1968 2856 templo,
1989 2785 2133 2855 Quod
2158 2782 2390 2839 Phoberi
2424 2795 2620 2839 vocant
2641 2786 2811 2855 (velut
2840 2786 2994 2841 dicas
3017 2788 3326 2859 terribilis),

98 2882 172 2933 μου
226 2871 320 2941 τὴν
356 2875 449 2925 καὶ
508 2877 705 2946 μέχρις
753 2879 909 2949 ἡμῶν
962 2881 1371 2953 διασωζομένην
1427 2903 1485 2937 τε
1547 2888 1643 2939 καὶ

1744 2893 1801 2930 se
1838 2875 2157 2940 occultavit;
2192 2875 2285 2929 ubi
2340 2878 2505 2928 etiam
2560 2892 2704 2943 aegre
2771 2893 2839 2932 ex
2890 2878 3067 2948 plagis
3120 2880 3327 2935 habens

99 2958 231 3024 ἰάσεις
274 2965 630 3021 ἐπιτελοῦσαν
679 2971 899 3033 πολλάς.
960 2974 1067 3026 Καὶ
1110 2976 1231 3026 τότε
1286 2976 1386 3044 μὲν
1444 2978 1639 3040 ταῦτα,

1747 2970 1991 3038 ejusdem
2048 2967 2415 3027 Prtecursoris
2462 2969 2757 3038 imaginem
2797 2969 3064 3039 depinxit,
3101 2988 3223 3042 qua:
3272 2982 3328 3027 ct

96 3053 199 3116 μετὰ
219 3053 270 3106 δὲ
299 3056 397 3126 τὴν
424 3059 524 3112 τοῦ
555 3061 819 3132 τυράννου
863 3064 1187 3131 ἀποϐίωσιν,
1212 3067 1309 3136 τῆς
1331 3068 1644 3138 ὀρθοδοξίας

1752 3062 2019 3114 hactenus
2079 3068 2259 3115 exstat
2316 3060 2631 3129 multosque
2680 3063 3066 3131 mgrotautium
3096 3064 3320 3119 morbos

94 3145 466 3221 ἀνίλαμψάσης,
490 3152 591 3220 τὴν
622 3155 680 3206 ὲν
698 3156 761 3224 τῇ
796 3156 984 3226 Χαλκῇ
1022 3159 1213 3212 εἰκόνα
1241 3160 1336 3213 τοῦ
1368 3162 1643 3232 θεανθρὼ-
1670 3188 1713 3248 C

1685 3188 1712 3209 ’ν
1757 3153 1999 3221 depellit.
2024 3152 2203 3221 Atque
2243 3152 2358 3206 haec
2380 3153 2667 3209 hactenus.
2699 3152 2986 3210 Exstincto
3012 3164 3196 3210 autem
3241 3166 3327 3228 ty-

94 3253 168 3287 τοο
190 3240 351 3309 Ἰησοῦ
363 3244 607 3313 Χριστοῦ
621 3244 1014 3313 οἰκείαιςοῦτος
1029 3253 1217 3321 χερσὶν
1242 3254 1639 3322 ἀνεστήλωσεν,
1676 3240 1713 3248 υ

1683 3240 1713 3248 “
1752 3261 1921 3298 ranno
1953 3261 2076 3299 cum
2109 3255 2269 3299 recta:
2304 3245 2425 3299 lidei
2450 3245 2541 3300 lux
2585 3245 2907 3311 all'ulsisset,
2959 3246 3054 3302 Dei
3089 3249 3325 3303 hominis

98 3326 170 3389 '0;
187 3330 272 3384 καὶ
310 3334 655 3405 καλούμενος
694 3339 800 3391 ὑπὸ
847 3341 947 3411 τῆς
997 3344 1332 3412 περιφανοῦς
1361 3346 1643 3415 Θεοδὼρας

1746 3336 1871 3391 Jcsu
1891 3338 2088 3390 Christi
2116 3338 2411 3407 imaginem
2442 3340 2496 3391 in
2522 3336 2724 3393 Chalce
2755 3349 2906 3408 porta
2932 3342 2950 3410 (
2975 3340 3027 3395 id
3056 3350 3139 3395 est
3156 3340 3324 3412 aerea)

92 3424 373 3497 συγγνώμην
388 3427 582 3481 δοῦναί
602 3447 660 3482 τε
681 3431 775 3484 καὶ
802 3434 1127 3501 αἰτήσασθαι
1138 3436 1215 3505 τῷ
1234 3436 1437 3505 ταύτης
1465 3439 1639 3509 ἀνδρὶ,

1747 3430 1863 3484 suis
1900 3430 2015 3498 ipse
2070 3430 2329 3484 manibus
2383 3431 2663 3485 excitavit.
2719 3430 2857 3485 Tum
2896 3432 3162 3487 invitante
3195 3433 3323 3487 illu-

90 3512 179 3564 θίικ
198 3513 393 3581 ἄδικος
410 3521 445 3571 ό
469 3519 643 3585 Θεὸς,
657 3520 782 3591 ἔφη,
801 3517 849 3576 ὦ
861 3524 1230 3591 βασίλισσα,
1250 3528 1641 3583 ἐπιλαθέσθαι

1746 3521 1844 3573 stri
1893 3518 2181 3575 Tlieodora
2214 3529 2274 3573 ut
2306 3522 2424 3575 viro
2448 3523 2661 3576 veniam
2695 3524 2851 3577 daret
2893 3534 3057 3594 atque
3085 3535 3320 3594 rogaret,

88 3601 166 3667 τῆς
193 3606 349 3674 ἡμῶν
400 3610 653 3679 ἀγάπης
701 3614 801 3667 καί
842 3613 960 3668 τῶν
996 3616 1147 3684 πρὸς
1178 3619 1366 3671 αὐτὸν
1412 3621 1637 3686 κόπων,

1748 3612 1871 3665 Non
1889 3613 2141 3680 injustas.
2168 3613 2413 3683 inquit,o
2442 3615 2704 3682 Augusta,
2736 3625 2811 3667 est
2851 3613 3011 3679 Deus,
3049 3625 3106 3668 ut
3129 3625 3323 3669 nostra:

86 3692 275 3754 ἐκείνου
324 3701 397 3754 δὲ
434 3704 510 3756 τὸ
556 3704 737 3773 μῖσος
795 3708 896 3761 καί
957 3708 1074 3775 τὴν
1129 3711 1639 3779 ὑπερϐάλλουσαν

1744 3705 2042 3757 dilectionis
2071 3702 2231 3775 104
2283 3712 2690 3773 nostrorumque
2717 3704 2832 3773 ejus
2871 3721 3035 3759 causa
3079 3704 3323 3759 laborum

84 3788 263 3848 μανίαν
304 3795 403 3848 καί
458 3796 851 3865 προτιμῆσαι.
891 3800 1050 3855 Ἀλλὰ
1097 3802 1269 3856 ταῦτα
1322 3805 1422 3873 μὲν
1480 3805 1638 3858 ὓστε-

1744 3814 1806 3850 ac
1848 3813 2215 3851 wrumnarum
2248 3796 2615 3862 obliviscatur,
2650 3797 2900 3865 illiusque
2950 3798 3060 3852 odii
3102 3815 3322 3865 exsupe-

86 3891 167 3939 Ρὶν.
1742 3892 2013 3959 ramisque
2042 3891 2267 3945 insanire
2295 3891 2549 3957 majorem
2581 3891 2840 3943 rationem
2864 3890 3079 3944 habeat.
3115 3890 3319 3948 Verum

1744 3983 1859 4034 hmo
1896 3989 2104 4049 postea.

134 4094 200 4150 ιδ’.
226 4098 329 4154 Καί
383 4119 528 4157 ποτε
581 4105 639 4159 δὲ
694 4106 786 4159 τὸν
838 4109 1178 4180 ὁμολογητὴν
1231 4111 1513 4182 Θεοφάνην
1543 4115 1637 4167 καὶ

1818 4094 1907 4148 Μ.
1955 4094 2091 4160 Quia
2123 4105 2305 4147 autem
2344 4092 2735 4164 Theophanem
2778 4095 3150 4151 confessorem
3177 4097 3322 4167 ejus-

84 4184 309 4275 βεόδωρον
354 4196 451 4250 τὸν
487 4197 671 4251 αὐτοῦ
731 4200 984 4270 ἀδελφὺν,
1059 4202 1296 4275 ἐπείπερ
1361 4204 1635 4275 λογιότητι

1740 4206 1847 4261 que
1884 4190 2106 4245 fratrem
2142 4189 2515 4255 Theodorum,
2557 4206 2720 4258 quant
2756 4205 2855 4261 pro
2883 4191 3026 4261 vulgi
3055 4207 3176 4257 usu,
3204 4206 3318 4244 ma-

83 4272 385 4348 διαφέροντας
412 4284 763 4353 ἀνεγίνωσκε
792 4288 903 4341 τῶν
956 4289 1189 4353 πολλῶν,
1239 4272 1381 4345 κατὰ
1421 4293 1511 4345 τὸν
1539 4272 1633 4346 τοῦ

1735 4283 1855 4353 jore
1886 4292 2145 4351 praestare
2204 4282 2513 4336 eruditione
2574 4297 2679 4335 non
2733 4281 3037 4352 ignorabat,
3079 4282 3181 4337 sibi
3225 4297 3320 4336 eos

83 4368 342 4426 ,ὶαυσιακοῦ
372 4375 665 4444 τρίκλινον
694 4376 942 4442 ἑξεκάλει
964 4380 1202 4453 δημοσίᾳ
1219 4382 1634 4453 διαλεξομένους

1740 4375 1807 4430 ad
1841 4373 2171 4428 Lausiacum
2216 4372 2512 4426 triclinium
2562 4372 2890 4441 quandoque
2936 4372 3055 4428 sisti
3104 4371 3320 4442 publice

85 4458 282 4529 περὶτῆς
298 4464 545 4528 πίστεως
575 4480 590 4494 ⁸
609 4468 724 4531 καὶ,
752 4468 883 4537 Ἄγε
897 4468 997 4536 δὴ,
1030 4473 1217 4540 φησὶν,
1250 4474 1419 4543 ὑμεῖς
1433 4470 1479 4528 ὦ
1500 4492 1610 4529 κατ
1624 4505 1636 4516 ·

1738 4468 1940 4523 deiide
2009 4466 2385 4535 disputaturos
2437 4465 2623 4534 jussit.
2676 4466 2856 4534 Atque
2912 4465 3010 4526 ibi,
3060 4464 3317 4532 Agedum,

86 4544 266 4612 ἀροτοι,
299 4556 425 4608 τισι
484 4559 836 4626 πειθόμενοι
855 4562 1083 4628 ρήσεσι
1121 4563 1233 4633 τῆς
1251 4566 1500 4635 ι’ραεοῆς
1535 4569 1633 4623 καὶ
1669 4552 1714 4608 Ῑ)

1673 4552 1714 4608 Ι)
1744 4559 1938 4630 inquit,
1978 4556 2325 4611 exsecrabiles
2355 4572 2462 4618 vos,
2512 4555 2831 4625 quibusnam
2873 4552 3166 4622 Scriptura:
3186 4555 3315 4608 locis

84 4642 464 4715 τεθαρρηκότες
518 4651 599 4704 τὰ
644 4651 889 4715 ειὸωλα,
936 4656 1121 4727 ἀφὲτῳ
1149 4655 1212 4727 δὴ
1272 4657 1495 4733 γλώσσῃ
1546 4662 1640 4712 καὶ

1743 4669 1806 4706 ac
1852 4650 2167 4705 testimoniis
2210 4649 2451 4718 persuasi
2494 4648 2785 4719 idola(sic
2834 4648 3089 4701 nimirum
3130 4662 3315 4702 sacras

85 4738 213 4804 μωρᾷ
237 4738 331 4802 τὰς
350 4742 526 4807 ἁγίας
572 4744 790 4808 εἰκόνας
816 4744 959 4799 οὕτω
981 4748 1182 4815 καλῶν,
1216 4751 1635 4816 προσκυνεῖτε,

84 4826 149 4877 καί
183 4830 311 4898 τοὺς
347 4834 643 4901 πολλοὺς
702 4838 802 4891 καί
862 4840 1185 4909 ἀκεραίους
1225 4843 1426 4911 καλῶς
1472 4846 1639 4915 ἔχειν

83 4916 213 4971 mitti
231 4925 423 4978 ποιεῖν
460 4926 965 4996 διαϐεϐαιοῦσθε;
1000 4934 1092 4985 καὶ
1130 4934 1244 4988 ἄλλ’
1297 4935 1435 4989 ἄττα
1462 4953 1635 5007 προσ-

88 5008 208 5063 ετξθιι
236 5011 544 5088 βλάσφημα
590 5019 689 5071 και
725 5020 911 5092 ἀπηχῆ
952 5024 1092 5077 κατὰ
1130 5024 1228 5093 τῆς
1261 5026 1469 5088 εἰκόνος
1497 5027 1635 5097 Χρι-

85 5102 174 5153 στοῦ
199 5107 284 5159 τοῦ
307 5110 448 5163 θεοῦ
484 5113 848 5185 γεγωνοτέρᾳ
876 5119 1048 5185 φωνῇ.
1068 5117 1179 5171 Καὶ
1199 5113 1345 5171 οὗτοι
1368 5119 1433 5187 δὴ
1462 5119 1506 5150 ⁸¹
1535 5136 1641 5188 μα.

84 5195 234 5260 γαριοι,
250 5199 660 5272 Ἐμφραχθειή
684 5204 751 5257 τὸ
774 5208 988 5276 στόμα,
1005 5209 1352 5279 εἰπόντεςητό
1370 5213 1519 5266 κατὰ
1532 5211 1640 5265 τοῦ

85 5285 192 5339 θεσῦ
218 5294 448 5349 λαλοῦν
462 5295 699 5363 ἄνομα,
733 5298 827 5350 καὶ
851 5299 1022 5370 τούτῳ
1061 5301 1125 5371 δὴ
1160 5303 1219 5355 τὸ
1245 5303 1445 5372 θράσος
1472 5302 1639 5356 αὐτοῦ

85 5382 431 5451 nummi-ra;
472 5390 568 5458 (οὐ
630 5389 787 5459 φέρει
843 5392 950 5461 γὰρ
998 5392 1251 5461 βασιλεὺς
1282 5396 1467 5455 ἄδικος
1495 5395 1638 5448 κατά

87 5471 319 5534 πρὶςωπον
340 5479 770 5551 ἐλεγχόμενος),
802 5482 890 5537 τὸν
922 5484 1080 5540 θῶπα
1104 5486 1239 5551 τέως
1259 5486 1633 5556 ὑποκρίνεται,

135 5628 157 5666 ⁸
179 5629 301 5689 ιἐιι.
338 5654 474 5701 uti,
520 5637 613 5691 Η..

1744 4745 2011 4813 imagines
2068 4740 2345 4810 impotenti
2380 4740 2704 4809 impuroque
2728 4754 2823 4792 ore
2856 4737 3314 4805 vocans)colitis.

1742 4836 2073 4906 simplicique
2095 4820 2257 4901 vulgo
2288 4842 2344 4885 ut
2377 4832 2455 4885 sic
2486 4830 2685 4898 faciant
2717 4846 2886 4898 operae
2933 4830 3160 4898 pretium
3208 4846 3318 4883 esse

1747 4928 2029 4984 asseritis?
2058 4926 2287 4993 Aliaque
2320 4922 2636 4990 blasphema
2678 4932 2843 4992 atque
2881 4922 3085 4976 absona
3123 4921 3315 4975 adver-

1749 5039 1843 5078 sus
1872 5020 2072 5076 Christi
2106 5016 2198 5071 Dei
2231 5016 2522 5084 imaginem
2550 5013 2771 5067 clariori
2828 5028 2962 5067 voce
3031 5013 3315 5083 magisque

1748 5116 2002 5164 contenta
2051 5104 2271 5175 adjecit.
2318 5104 2397 5155 Ad
2431 5104 2543 5157 haec
2571 5117 2696 5155 cum
2739 5101 2880 5155 beati
2904 5101 3005 5154 viri
3039 5101 3313 5156 dicereut:

1752 5202 2079 5257 Obstruatur
2142 5213 2200 5250 os
2233 5236 2248 5263 ,
2305 5194 2445 5264 quod
2507 5194 2743 5264 loquitur
2826 5194 3076 5247 adrersus
3149 5192 3317 5247 Deum

1744 5294 2075 5364 iniquitatem
2112 5292 2201 5352 1,,
2225 5300 2398 5356 eoque
2444 5286 2598 5342 vocis
2666 5286 2908 5341 tonitrua
2956 5285 3169 5356 tyranni
3215 5302 3315 5338 au-

1741 5389 1955 5444 daciam
2012 5381 2423 5453 depressissent
2463 5378 2603 5448 (non
2665 5380 2810 5433 enim
2896 5393 2993 5433 rex
3074 5378 3315 5449 injustus

1748 5482 2016 5552 patienter
2036 5476 2290 5539 sustinet,
2330 5487 2457 5530 cum
2480 5472 2535 5528 in
2554 5471 2744 5527 faciem
2767 5470 3065 5541 arguitur),
3096 5470 3311 5526 interim

1345 5776 1577 5832 \‘ARIAS
1620 5773 2024 5831 LEIZ'I'IOM‘LS.

138 5865 167 5891 ”
189 5866 259 5937 εὴι
291 5873 335 5923 οἱ
360 5872 381 5922 1’
412 5888 483 5926 an
517 5870 591 5939 δὴ
624 5870 719 5925 oi?
