4158 6442
158 414 222 480 121
560 420 563 421 ⁷
869 413 1016 476 LIB.
1054 412 1173 473 III.
1210 432 1281 448 ·-
1317 410 1814 472 THEOPIIILUS
1847 409 2267 470 MICIIAELIS
2292 412 2573 472 FILIUS.

3257 411 3359 476 ΝΞ

156 526 589 601 μεθαρμοσάμενος
611 528 707 581 καὶ
734 527 941 596 ῥυθμὸν
983 526 1303 598 παρασχὼν,
1346 530 1404 580 ὲν
1450 528 1516 596 τῇ
1573 522 1670 579 τοῦ

1793 526 2007 581 :innans
2037 525 2755 597 rhythmumqueapponens
2776 524 2830 580 in
2852 522 2942 580 ltei
2984 523 3216 580 ecclesia
3242 543 3371 583 cun.

152 621 247 676 Θεοῦ
271 621 533 692 ἱκκλησίᾳ
574 623 663 683 εἰς
720 622 941 675 πάντων
983 622 1220 691 ἐπήκοον
1246 620 1681 693 ᾄδεσθαιδιωρί-

1784 617 1889 671 ctis
1920 618 2271 672 audientibus
2305 618 2516 672 cantari
2549 618 2824 687 przecepit.
2877 616 2981 671 Sed
3019 626 3073 672 ct
3101 619 3242 671 fama
3284 627 3371 674 est

153 730 260 767 σιτο.
306 712 537 782 Φέρεται
574 711 639 782 δή
667 711 763 765 καὶ
791 712 947 779 λόγος
986 728 1072 776 τις
1122 711 1201 775 ὡς
1237 712 1402 774 αὐτὸς
1452 706 1607 773 οὗτος
1653 712 1684 763 ὁ

1793 707 2036 763 eumdem
2072 710 2252 778 ipsum
2289 707 2678 778 Theophilum,
2710 710 2790 763 sic
2835 708 3101 763 modulati
3164 716 3365 763 cantus

152 803 352 875 θεόφιλος
380 804 544 876 ἔρωτι
570 804 666 858 τοῦ
692 804 892 875 μέλους
918 803 1269 873 βαλλόμενος,
1300 801 1553 874 καθάπερ
1580 820 1685 855 πα-

150 900 264 969 τέρες
288 898 410 969 περὶ
437 897 507 950 τὰ
528 898 750 967 ἔκγονα,
778 898 923 951 κατὰ
935 897 1035 968 τὴν
1054 898 1317 966 Μεγάλην
1350 897 1685 966 Ἐκκλησίαν

154 994 193 1044 ἐν
208 990 375 1061 φαιδρᾷ
405 992 715 1060 πανηγύρει
736 992 796 1044 οὐ
825 992 1181 1065 παρῃτήσατο
1224 991 1284 1044 τὸ
1312 992 1682 1061 χειρονομεῖν,

152 1082 213 1154 [Ρ.
242 1081 313 1155 67]
364 1083 488 1147 δοὺς
540 1084 618 1154 τῷ
667 1083 853 1155 κλήρῳ
876 1085 1049 1153 αὐτῆς
1081 1083 1271 1154 λίτρας
1305 1084 1447 1153 ὑπὲρ
1493 1082 1685 1137 τούτου

152 1174 320 1242 nmiae
356 1174 574 1257 ἑκατόν.
639 1174 751 1227 Kal
799 1174 861 1226 τὸ
904 1174 1163 1243 στιχηρὸν
1189 1173 1247 1227 δὲ
1283 1173 1345 1227 τὸ
1391 1173 1534 1227 κατὰ
1584 1173 1685 1244 τήν

153 1265 404 1336 βαῖοφόρον,
449 1267 783 1330 Ἑξέλθετε,
825 1267 993 1333 ἔθνη,
1043 1266 1321 1329 ἐξέλθετε
1372 1266 1473 1320 καὶ
1523 1266 1687 1341 ,λαοίν

151 1358 221 1427 τῆς
249 1358 438 1411 ἐκείνου
474 1360 517 1392 ¹⁹
549 1359 715 1427 φασὶν
743 1355 885 1412 εἶναι
913 1360 1071 1413 τόκον
1105 1358 1311 1429 ψυχῆς.

204 1533 271 1597 ιζ’.
286 1533 494 1588 Ἐπεὶδὲ
516 1535 612 1589 καὶ
634 1535 726 1588 τὸν
755 1535 855 1604 τῆς
884 1534 1129 1608 κεφαλῆς
1148 1534 1356 1604 κόσμον
1371 1532 1551 1601 ὀλίγον
1570 1550 1687 1596 πως

151 1627 385 1696 ἐκφύσεως
404 1626 569 1697 ἔφερε
596 1627 854 1695 autem;
882 1627 980 1689 τὰς
997 1626 1191 1697 τρίχας
1210 1628 1373 1697 ὑπῆν,
1397 1626 1690 1679 ἐθέσπισεν

147 1722 376 1789 ἁπανταχῆ
429 1723 489 1773 ὲν
534 1719 651 1791 χρῷ
702 1720 906 1784 ταύτας
938 1721 1258 1790 ἀποκείρειν
1285 1720 1380 1773 καὶ
1443 1722 1518 1790 μή
1566 1736 1690 1773 τινα

1784 815 1974 855 amore
2008 800 2165 870 107
2195 800 2457 863 illectum,
2490 813 2554 855 ac
2582 799 2725 853 velut
2758 814 2819 853 se
2847 810 3104 869 parentes
3131 802 3201 855 ad
3227 796 3372 856 tilios

1787 908 1853 948 ac
1881 904 2110 963 nepotes
2138 895 2358 957 habent,
2393 893 2538 949 hand
2570 907 2602 947 a
2634 892 2898 963 dignitate
2929 892 3216 964 oﬂicioque
3235 894 3370 950 alie-

1787 999 1919 1040 num
1954 993 2175 1054 putasse
2205 984 2434 1038 solemni
2488 985 2823 1054 quandoque
2883 983 3025 1039 festo
3055 984 3108 1038 in
3174 984 3368 1053 Magna

1787 1079 2020 1135 ecclesia
2070 1093 2235 1133 manu
2286 1086 2552 1147 gestuque
2581 1088 2733 1133 certa
2764 1077 2883 1148 iege
2922 1076 3193 1133 movendo
3238 1092 3373 1133 ean-

1790 1174 2002 1228 toribus
2059 1173 2277 1242 praeire,
2335 1186 2454 1226 eam
2484 1171 2538 1225 in
2594 1187 2707 1226 rem
2769 1178 2992 1241 centum
3036 1171 3155 1224 auri
3214 1168 3370 1223 libris

1787 1268 1909 1336 ejus
1949 1269 2195 1323 ecclesiae
2228 1270 2377 1323 clero
2416 1268 2656 1324 tributis.
2712 1267 2992 1324 Modulum
3050 1280 3271 1339 quoque
3315 1267 3368 1321 in

1787 1360 1877 1414 die
1908 1358 2046 1415 festo
2106 1361 2437 1430 palmarum,
2471 1358 2645 1420 Exite.
2674 1367 2870 1439 gentes,
2902 1360 3044 1412 exite
3072 1367 3124 1414 et
3164 1356 3369 1428 populi,

1788 1454 1909 1522 ejus
1950 1453 2152 1523 ingenii
2185 1452 2352 1507 fetum
2402 1468 2524 1508 esse
2552 1453 2760 1508 dicunt.

1862 1548 1949 1600 l7.
1984 1546 2124 1612 Quia
2155 1560 2286 1600 vero
2312 1561 2342 1599 a
2379 1554 2575 1599 natura
2605 1560 2809 1615 paucos
2843 1558 3113 1615 rarasque
3142 1542 3371 1612 capillos

1793 1635 2029 1691 habebat
2055 1651 2121 1691 ac
2150 1637 2480 1690 recalvaster
2504 1646 2639 1698 erat,
2684 1635 2801 1704 lege
2841 1636 3025 1689 sanxit
3075 1633 3142 1689 ad
3188 1644 3369 1689 cutem

1793 1733 1997 1803 ubique
2030 1732 2426 1796 detondendos,
2462 1747 2563 1786 nec
2598 1730 2694 1785 ulli
2732 1730 3107 1785 Romanorum
3142 1727 3225 1784 las
3251 1743 3373 1785 esse

156 1816 377 1883 Ῥωμαῖον
404 1813 536 1867 ὄντα
560 1813 657 1867 τοῦ
674 1814 951 1884 τραχήλου
987 1813 1299 1886 περαιτέρω
1331 1813 1520 1883 φέρειν
1555 1829 1690 1881 συγ-

1794 1826 1937 1880 ultra
1998 1824 2200 1880 collum
2242 1824 2512 1879 demissos
2554 1821 2931 1895 gestare.‘Sin
2962 1831 3143 1877 autem
3173 1820 3372 1890 aliquis

148 1909 302 1976 χωρεῖν
329 1923 341 1937 ’
385 1908 435 1959 εί
464 1907 523 1960 δέ
569 1924 655 1970 τις
687 1905 939 1976 φωραθῇ,
986 1905 1209 1970 πολλαῖς
1256 1905 1605 1975 αἰκιζόμενον

146 2093 329 2159 ἁγισθαι
349 2095 554 2165 ἀρετήν
580 2110 594 2123 ο
622 2093 798 2164 τούτῳ
826 2094 935 2164 γὰρ
962 2094 1056 2146 καὶ
1089 2085 1236 2145 οὗτοι
1289 2091 1598 2161 τριχώματι
1631 2094 1688 2144 ὲ-

148 2186 616 2257 σεμνύνοντο.ὐθεν
632 2188 911 2258 καὶινὸμον
934 2185 1152 2252 ἐξέθετο
1166 2184 1260 2237 τοῦ
1281 2186 1354 2255 μή
1376 2203 1498 2238 τινα
1509 2184 1686 2239 διόλου

144 2281 444 2353 κατατολμᾷν
518 2280 833 2352 περαιτέρω
896 2279 992 2333 τοῦ
1070 2279 1296 2348 αὐχένος
1366 2277 1687 2348 προϐαίνειν

144 2392 231 2427 εαν.

195 2468 267 2537 ιη’.
324 2468 465 2522 Ἐδει
496 2468 553 2522 δὲ
586 2469 695 2539 ἄρα
722 2466 905 2521 καὶτὰ
929 2466 1051 2519 κατ’
1091 2464 1254 2519 αὐτὸν
1277 2464 1370 2518 καὶ
1392 2463 1491 2534 τὴν
1521 2462 1686 2518 αὐτοῦ
1763 2498 1767 2507 -

144 2562 415 2628 συγγένειαν
458 2558 875 2631 προνοήσασθαί
924 2576 984 2611 τε
1018 2557 1115 2611 καὶ
1145 2557 1422 2626 διοικῆσαι
1453 2558 1594 2611 κατὰ
1628 2556 1688 2609 τὸ

138 2652 275 2721 τούτῳ
296 2650 485 2704 δοκοῦν
516 2668 531 2682 ⁸
564 2651 658 2703 καὶ
684 2650 774 2703 διὰ
806 2650 983 2722 τοῦτο,
1015 2649 1136 2701 ἐπεὶ
1189 2650 1359 2703 πέντε
1398 2649 1499 2720 μὲν
1526 2648 1686 2720 ἔτυχε

138 2744 393 2812 τηνικαῦτα
443 2744 767 2815 Θυγατέρων
810 2743 1079 2812 ὑπάρχειν
1121 2742 1325 2813 πατὴρ,
1372 2742 1579 2813 ἔρημος
1630 2742 1689 2796 δὲ

138 2836 384 2906 ἇρῤενικῆς
412 2836 597 2906 ὠρᾶτο
625 2836 811 2906 γονῆς,
840 2833 939 2904 τὴν
972 2834 1163 2887 πασῶν
1200 2836 1436 2905 ἐσχάτην
1468 2834 1688 2905 Μαρίαν

138 2928 361 3000 tamen)
373 2931 546 2993 όντως
594 2929 964 2998 ἠγαπημένην
1013 2927 1180 2980 οὖσαν
1202 2927 1312 2979 τῶν
1342 2928 1516 2981 ἄλλων
1531 2926 1688 2998 ᾠήθη

136 3022 219 3073 δεῖν
250 3022 493 3090 συζεῦξαι
540 3022 719 3093 ἀνδρί.
760 3022 818 3075 Ὀ
871 3022 914 3074 δ’
951 3020 1092 3091 ἀνὴρ
1120 3020 1219 3089 τῆς
1254 3019 1362 3072 τῶν
1398 3018 1689 3089 Κρηνιτῶν

134 3114 365 3184 κατήγετο
380 3116 601 3183 γενεᾶς,
623 3113 810 3183 χώρας
827 3114 925 3183 τῆς
943 3112 1054 3166 τῶν
1087 3112 1421 3183 Ἀρμενίων,
1442 3108 1690 3175 Ἀλέξιος

1642 1874 1768 1936 ὲοΒ

150 2001 323 2067 μάστιξι
364 2000 501 2070 πρὸς
534 2001 635 2070 τὴν
672 2000 785 2053 τῶν
834 2000 1119 2071 προγόνων
1188 2000 1478 2069 Ῥωμαίων
1519 2001 1685 2053 ὲπαν-
1732 2032 1744 2050 ι

1795 1919 1930 1989 legis
1960 1928 2333 1988 transgressor
2363 1917 2737 1987 deprehensus
2773 1925 2940 1981 esset,
2969 1916 3157 1971 multis
3184 1930 3374 1971 emen-

1792 2013 1981 2068 datum
2020 2012 2359 2073 verberibus,
2397 2012 2463 2066 ad
2505 2012 2790 2081 pristinam
2836 2010 3211 2065 Romanorum
3257 2008 3371 2061 vir-

1794 2114 1965 2160 tutem
2023 2105 2390 2161 revocandum
2448 2120 2590 2160 esse.
2660 2102 2795 2158 Nam
2853 2104 2955 2158 hac
3010 2116 3229 2173 quoque
3295 2098 3372 2154 illi

1794 2200 2230 2256 honestabantur
2281 2199 2528 2253 cmsarie.
2585 2196 2726 2267 Lege
2777 2197 2963 2266 itaque
3020 2203 3244 2249 cautum
3304 2206 3374 2247 ne

1791 2292 1918 2364 quis
1947 2292 2175 2347 omnino
2196 2292 2337 2345 ultra
2360 2290 2562 2345 collum
2588 2289 2818 2360 capillos
2836 2288 3123 2343 demittere
3151 2286 3371 2341 audeat.

1866 2473 1957 2529 18.
1988 2472 2125 2539 Quia
2157 2485 2289 2527 vero
2313 2486 2443 2526 suas
2479 2483 2700 2539 quoque
2728 2466 2882 2521 illum
2909 2479 2997 2520 res
3020 2462 3375 2533 amniumque

1754 2592 1757 2595 ν
1792 2568 2085 2638 disponere
2115 2579 2293 2634 exque
2319 2562 2548 2618 arbitrio
2575 2573 2905 2630 componere
2932 2556 3177 2623 decebat,
3225 2555 3374 2627 quod

1792 2663 2037 2732 quinque
2070 2669 2203 2715 tunc
2234 2657 2376 2712 tilias
2416 2671 2517 2710 nec
2547 2654 2713 2709 ullam
2759 2653 3025 2708 hactenus
3074 2649 3374 2705 masc-uiam

1792 2755 2002 2825 prolem
2032 2758 2370 2820 susceperat.
2421 2764 2486 2804 ex
2526 2748 2635 2803 illis
2674 2756 2804 2801 natu
2848 2746 3129 2800 minimam
3160 2743 3378 2811 sibique

1794 2861 1906 2916 prae
1938 2844 2164 2914 reliquis
2190 2842 2389 2898 eximie
2405 2838 2897 2901 charam,Mariam
2928 2836 3169 2901 nomine,
3185 2834 3379 2893 statuit

1794 2939 1910 2993 viro
1941 2947 2168 3006 nuptum
2203 2935 2441 2990 tradere.
2498 2933 2750 2987 Delectns
2779 2929 3010 2985 maritus
3040 2945 3103 2983 ex
3131 2927 3380 2984 Crenita-

1794 3048 1914 3087 rum
1945 3040 2126 3101 gente,
2156 3030 2451 3083 Armenius
2493 3027 2694 3096 patria,
2745 3023 2971 3079 Aleaius
3009 3028 3378 3093 cognomento

1795 3125 2050 3188 Moscles,
2082 3123 2257 3178 forma
2289 3122 2515 3189 elegans
2554 3134 2618 3173 ac
2646 3117 2863 3173 ﬂorenti
2910 3123 3088 3181 aatate,
3136 3113 3203 3169 ad
3232 3112 3378 3169 arcis

135 3203 604 3275 τοῦνομα,Μουσελὲ
622 3196 721 3275 τήν
741 3205 1086 3274 ἐπωνυμίαν,
1106 3204 1183 3274 τῷ
1203 3204 1334 3256 εῖδει
1349 3203 1572 3273 ὡραῖος,
1592 3206 1689 3257 duc-

1794 3229 2000 3290 partem
2033 3219 2085 3271 in
2121 3216 2446 3271 Crenetissa:
2480 3213 2644 3283 108
2673 3212 2834 3267 dictis
2864 3210 3072 3264 aedibus
3098 3206 3377 3263 habitans.

136 3296 285 3364 μείζων
303 3296 398 3369 τὴν
415 3298 662 3366 ήλικίαν,
683 3296 848 3349 οἰκῶν
865 3298 1006 3349 κατὰ
1027 3297 1088 3349 τὸ
1104 3297 1204 3365 τῆς
1224 3296 1571 3367 ἀκροπόλεως
1594 3296 1687 3366 μέ-

134 3392 367 3456 ρος,κατὰ
386 3393 491 3452 τὰς
520 3390 666 3443 οὕτω
699 3390 1040 3460 καλουμένας
1073 3389 1175 3458 τῆς
1207 3388 1581 3459 Κρηνιτίσσης
1605 3390 1686 3441 οἰ-

132 3482 244 3545 κίας
260 3484 313 3536 ὃν
330 3484 551 3555 πρῶτον
574 3485 671 3552 μὲν
683 3486 749 3553 τῇ
766 3482 873 3535 τῶν
892 3483 1197 3553 πατρικίων
1215 3482 1432 3535 καὶτῶν
1451 3481 1691 3535 ἀνθυπά-

129 3580 447 3648 τωντιμήσας
471 3578 604 3648 ἀξία
620 3577 708 3630 διὰ
722 3583 781 3629 τὸ
801 3576 937 3647 πρὸς
961 3580 1059 3646 τὴν
1079 3576 1357 3645 θυγατέρα
1375 3576 1567 3630 τούτου
1603 3596 1690 3647 φι-

128 3667 398 3739 λόστοργον,
428 3671 630 3725 ἔπειτα
653 3671 709 3723 δὲ
740 3671 836 3722 καὶ
883 3670 1190 3739 μάγιστρον
1221 3670 1316 3721 καὶ
1339 3670 1598 3739 Καίσαρα
1629 3670 1691 3723 τὸ

126 3761 315 3833 ἔσχατον
341 3765 747 3835 ἀνηγόρευσεν,
763 3762 1154 3836 στρατεύματά
1169 3781 1225 3817 τε
1238 3764 1359 3828 δοὺς
1377 3765 1537 3818 ἱκανὰ
1555 3764 1689 3836 πρὸς

128 3855 202 3923 τὴν
216 3856 621 3929 Δογγοϐαρδίαν
638 3856 965 3926 ἐξέπεμψεν,
1000 3856 1190 3926 χρείας
1224 3855 1531 3925 τηνικαῦτα
1558 3873 1692 3909 κατ-

128 3948 422 4018 επειγούσης
473 3947 650 4011 τινός.
717 3947 828 4001 Καὶ
855 3949 882 4001 ὁ
931 3947 1031 4017 μὲν
1056 3947 1221 4019 ἀπῄει
1252 3946 1432 4010 καλῶς
1465 3949 1535 4000 τὰ
1567 3949 1689 4001 κατ’

127 4035 254 4091 αὐτὸν
271 4040 470 4108 ἀνύων,
499 4040 601 4094 καὶ
627 4038 703 4103 ὡς
730 4039 906 4093 ἐδόκει
930 4040 1006 4110 τῷ
1039 4038 1256 4110 βασιλεῖ
1276 4055 1291 4068 ο
1329 4040 1423 4093 καὶ
1448 4039 1537 4093 διὰ
1561 4038 1690 4093 τοῦ-

124 4132 391 4202 τοήκμαξε
453 4134 562 4204 μὲν
597 4136 625 4187 ὁ
661 4132 795 4204 πρὸς
828 4133 989 4186 αὑτὸν
1036 4133 1199 4196 πόθος
1255 4132 1352 4186 τοῦ
1402 4131 1688 4202 βασιλέως,

128 4226 400 4296 συνήκμαζε
448 4226 513 4279 δὲ
556 4224 654 4278 καὶ
683 4226 711 4278 ὀ
737 4224 795 4291 ἐξ
824 4223 1126 4292 ἀνθρώπων
1164 4222 1359 4292 φθόνος
1403 4224 1574 4294 αὐτῷ,
1598 4223 1692 4277 καί

124 4332 235 4380 τινες
283 4319 602 4390 ἐλοιδόρουν
636 4320 732 4390 καὶ
770 4317 1071 4390 βλάσφημά
1114 4334 1238 4370 τινα
1281 4315 1523 4385 ἔφασκον
1559 4316 1682 4371 κατ’

125 4409 274 4479 αὐτοῦ,
294 4411 369 4476 ὡς
398 4414 505 4484 τῆς
530 4429 598 4465 τε
614 4410 893 4481 βασιλείας
927 4408 1187 4478 ἐπιθυμεῖ
1214 4409 1309 4461 καὶ
1340 4410 1421 4461 δεῖ
1465 4426 1598 4461 ποτε
1632 4409 1692 4463 τὸ

124 4502 236 4575 ἄρα
271 4507 363 4560 τοῦ
400 4508 549 4577 θῆτα
586 4504 1043 4573 κατακυριεῦσαι.
1081 4503 1246 4557 Ὀθεν
1276 4505 1400 4557 ἐπεὶ
1438 4503 1539 4567 τὰς
1564 4505 1685 4557 κατ’

122 4599 251 4653 αὑτοῦ
263 4600 538 4673 συρραφεί
546 4616 651 4662 σας
666 4597 921 4661 διαϐολάς
948 4599 976 4650 ό
1001 4598 1219 4668 Καῖσαρ
1234 4595 1477 4664 Ἀλέξιος
1494 4596 1682 4668 διακήο

124 4708 233 4757 rm,
256 4694 344 4749 τδν
367 4695 581 4765 φθόνον
614 4692 809 4763 ὥσπερ
847 4690 1356 4761 κατευλαϐούμενος
1388 4690 1556 4743 πολλὰ
1587 4688 1681 4742 τοῦ

124 4784 341 4853 βασιλέως
387 4789 586 4845 ἐδέετο
639 4787 906 4856 οἰκτεῖραι
942 4784 1132 4839 τοῦτον
1184 4785 1279 4837 καὶ
1323 4784 1684 4856 συγχωρῆσαι

124 4880 227 4948 πρὸς
252 4882 337 4955 τὸν
363 4884 598 4953 μονήρη
632 4880 751 4949 βίον
776 4877 1201 4948 μετατάξασθαι.
1240 4877 1402 4931 Ἀλλὰ
1429 4879 1552 4931 τότε
1586 4879 1686 4948 μὲν

123 4972 206 5027 ὦτ’
237 4977 437 5041 ἐκεῖνος
469 4972 894 5044 συνεχώρησεν,
927 4971 1027 5044 τήν
1051 4971 1279 5043 χηρείαν
1299 4971 1400 5041 τῆς
1421 4970 1692 5043 θυγατρὸς

123 5068 564 5141 προϐαλλόμενος,
627 5069 724 5122 καὶ
757 5068 785 5120 ὁ
847 5067 1035 5138 ῥηθεὶς
1092 5069 1310 5138 Καῖσαρ
1356 5068 1550 5137 ἔμενεν
1606 5069 1693 5138 ἐφ’

124 5161 308 5231 ἡσυχίας
332 5163 549 5233 πολλῆς
587 5163 706 5225 τοῖς
726 5161 1008 5231 δημοσίοις
1032 5160 1491 5231 ένασχολούμενος
1510 5163 1691 5233 πράγ.

126 5272 270 5320 μασιν.
311 5258 399 5321 Ὠς
430 5257 494 5311 δὲ
528 5255 634 5310 τὸν
673 5253 893 5325 Μιχαὴλ
924 5255 1215 5325 ἐγέννησεν
1239 5257 1267 5307 ὀ
1296 5255 1577 5324 Θεόφιλος,
1602 5258 1698 5311 καὶ

126 5349 335 5413 ﬁte-51w
367 5351 471 5422 μὲν
504 5349 777 5419 θυγάτηρ
797 5347 890 5402 τοῦ
918 5347 1202 5419 Καίσαρος
1251 5348 1311 5402 δὲ
1342 5351 1559 5420 γαμετὴ
1600 5350 1695 5404 τὸν

126 5439 214 5505 βεεν
240 5443 601 5514 μετήλλαξεν,
644 5439 854 5509 ταύτην
886 5440 986 5510 μὲν
1004 5439 1258 5494 τοσοῦτον
1300 5442 1597 5513 τετίμηκεν
1621 5442 1697 5508 ὼς

126 5536 195 5583 καὶ
220 5534 301 5587 τὸν
325 5534 455 5606 χοῦν
479 5533 678 5605 αὐτῆς
708 5532 769 5586 ὶν
794 5530 1025 5603 λάρνακι
1074 5531 1249 5587 θεῖναι
1306 5551 1698 5608 περιηργυρω-

130 5620 234 5697 μένῃ
257 5630 344 5681 καὶ
397 5628 726 5697 προνόμιον
783 5612 1106 5679 δοῦναιἛιὰ
1163 5624 1570 5698 λελαξευμένων
1638 5630 1699 5683 ἐν

129 5716 233 5791 αὑτῇ
257 5720 463 5793 ἰάμϐων
480 5718 733 5781 ἀσυλίας
761 5721 873 5781 τοῖς
905 5721 973 5788 ἐφ
990 5720 1004 5739 ⁹
1024 5718 1157 5781 οἵοις
1182 5710 1381 5789 δήποτε
1415 5721 1698 5793 ἐγκλήμα-

1795 3313 1934 3367 Huic
1978 3309 2195 3380 patricii
2236 3308 2473 3378 primum
2511 3322 2575 3360 ac
2603 3302 2976 3374 proconsulis,
3016 3314 3129 3370 quo
3171 3306 3292 3354 erat
3322 3297 3378 3353 in

1795 3405 1962 3458 filiam
1998 3415 2207 3462 amore,
2242 3398 2437 3453 collata
2471 3412 2503 3451 a
2527 3395 2834 3466 Theophilo
2860 3392 3096 3464 dignitas
3120 3400 3225 3458 est;
3264 3401 3379 3445 tum

1795 3512 1927 3552 vero
1953 3496 2119 3551 etiam
2147 3495 2430 3561 magister,
2465 3506 2529 3546 ac
2564 3491 2784 3545 demum
2815 3488 2997 3544 Czesar
3028 3487 3097 3541 ab
3130 3500 3195 3539 eo
3234 3499 3385 3539 crea-

1795 3600 1903 3655 tus,
1932 3592 2156 3657 c0pioso
2189 3587 2495 3641 instructus
2530 3582 2777 3639 exercitu
2825 3582 2878 3635 in
2916 3578 3380 3650 Longohardiam.

1794 3682 1961 3736 rebus
2002 3682 2077 3735 ita
2120 3679 2501 3750 poscentibus,
2547 3676 2805 3730 mittitur.
2868 3674 2944 3727 Eo
2975 3672 3201 3727 Alexius
3251 3685 3381 3740 pro-

1794 3769 1971 3825 fectus
2001 3783 2126 3823 cum
2155 3775 2321 3833 esset,
2367 3764 2628 3834 praeclare
2657 3763 2707 3819 ei
2760 3776 2849 3817 res
2885 3768 3176 3817 cesserunt
3204 3772 3385 3828 exque

1794 3864 1973 3920 soceri
2012 3872 2157 3916 voto.
2203 3860 2324 3928 Quo
2364 3860 2566 3914 factum
2595 3866 2678 3913 est
2730 3866 2790 3912 ut
2840 3862 3124 3911 crescente
3170 3852 3224 3906 in
3255 3864 3383 3906 eum

1796 3955 2142 4027 imperatoris
2170 3968 2359 4009 amore
2389 3967 2454 4006 ac
2482 3950 2758 4006 desiderio
2794 3964 2901 4003 una
2941 3962 3162 4017 quoque
3208 3945 3388 4000 homi-

1797 4064 1927 4103 num
1972 4047 2023 4101 in
2050 4061 2177 4101 eum
2208 4043 2412 4099 invidia
2441 4042 2616 4108 magis
2647 4048 2988 4111 augesceret.
3018 4035 3137 4091 Non
3159 4036 3387 4091 deerant

1795 4144 1888 4214 qui
1944 4140 2369 4197 criminarentur
2414 4146 2468 4193 et
2523 4135 2815 4190 maledicta
2864 4133 3117 4203 quamam
3159 4131 3214 4185 in
3255 4144 3384 4184 eum

1791 4240 2082 4311 iactarent,
2128 4235 2291 4306 quasi
2318 4232 2640 4288 dominandi
2673 4230 2873 4301 cupido
2911 4228 3092 4297 ipsum
3124 4224 3387 4281 incessis-

1797 4340 1899 4398 set,
1935 4344 1999 4383 ac
2031 4328 2149 4383 fore
2177 4337 2238 4382 ut
2275 4327 2318 4379 Δ
2352 4327 2403 4378 in
2431 4324 2474 4377 Θ
2502 4322 2837 4394 quandoque
2881 4320 3172 4389 imperium
3219 4332 3386 4372 usur-

1795 4433 1970 4496 paret.
2012 4420 2388 4489 Quamobrem
2438 4418 2529 4473 ubi
2578 4419 2694 4472 haec
2739 4418 2794 4470 in
2830 4431 2888 4471 se
2920 4431 3011 4485 per
3049 4412 3384 4468 calumniam

1799 4516 2023 4572 rescivit
2052 4514 2278 4569 Alexius
2299 4512 2506 4577 Caesar,
2538 4510 2690 4566 velut
2724 4510 2925 4564 timens
2956 4520 3269 4576 cavensqne
3298 4506 3388 4559 in-

1792 4611 2017 4673 vidiam,
2066 4608 2259 4662 multis
2291 4605 2439 4676 apud
2469 4605 2857 4672 imperatorem
2904 4600 3161 4671 precibus
3192 4598 3388 4669 agebat

1791 4715 1851 4759 ut
1872 4719 1985 4759 sure
2015 4702 2275 4757 misertus
2298 4702 2463 4755 sortis
2485 4698 2553 4754 ad
2582 4697 2883 4753 monastiea
2908 4711 3033 4751 eum
3058 4704 3183 4749 vota
3206 4704 3387 4748 trans-

1793 4799 1873 4853 ire
1934 4804 2229 4867 pateretur.
2258 4792 2465 4848 Verum
2502 4802 2636 4848 tunc
2664 4790 2887 4862 quidem
2912 4804 3017 4845 nec
3050 4786 3389 4855 Theophilus

1795 4891 2011 4956 annuit,
2039 4889 2203 4943 tiliam
2250 4888 2451 4942 marito
2488 4885 2711 4940 viduam
2741 4898 2909 4955 grave
2947 4898 3069 4938 esse
3092 4880 3385 4951 objiciens,

1797 5000 1883 5046 ac,
1915 4997 2075 5054 quem
2107 4979 2377 5046 diximus,
2405 4978 2593 5035 Caesar
2615 4977 2786 5031 multa
2818 4991 2943 5030 cum
2977 4974 3165 5045 quiete
3197 4989 3264 5030 ac
3296 4989 3386 5029 se-

1797 5089 1965 5128 curus
1985 5071 2221 5141 publicis
2247 5071 2415 5126 rebus
2444 5084 2668 5139 operam
2703 5068 2891 5124 dabat.
2941 5065 3045 5123 Ubi
3083 5075 3266 5122 autem
3300 5066 3390 5121 ille

1798 5163 2115 5219 Michaelem
2138 5161 2307 5216 lilium
2336 5169 2680 5230 susceperat,
2724 5161 3008 5230 ipsiusque
3038 5157 3144 5212 lilia
3175 5173 3241 5213 ac
3268 5158 3389 5212 Cre-

1805 5259 1947 5314 saris
1986 5273 2126 5313 uxor
2149 5257 2293 5311 diem
2324 5255 2564 5320 obierat,
2604 5254 2750 5308 illam
2782 5252 3003 5323 quidem
3033 5266 3212 5322 usque
3248 5251 3388 5306 adeo

1804 5350 1991 5413 coluit,
2028 5358 2087 5403 ut
2115 5358 2168 5403 et
2195 5349 2316 5418 ejus
2347 5349 2560 5403 cineres
2599 5346 2655 5402 in
2692 5359 2822 5399 arca
2854 5344 3128 5415 argenteis
3169 5342 3389 5399 laminis

1804 5444 2040 5500 obducta
2086 5444 2413 5505 condiderit,
2460 5440 2865 5511 insculptisque
2895 5441 2947 5493 in
2974 5451 3040 5494 ea
3067 5437 3263 5492 iambis
3288 5453 3389 5493 cu-

1801 5538 2114 5609 juscunque
2156 5537 2346 5609 ﬂagitii
2396 5536 2506 5592 reis
2532 5551 2601 5591 eo
2653 5519 3101 5604 confugientibus
3128 5532 3263 5603 asyli
3294 5531 3389 5600 jus

1806 5630 2190 5686 constituerit:
2248 5630 2496 5684 Alc'xium
2548 5642 2697 5695 vero,
2744 5627 2839 5697 qui
2891 5626 3033 5681 clam
3086 5632 3390 5679 mutaverat

1808 5724 2055 5779 ordinem
2096 5739 2162 5780 ac
2195 5723 2561 5779 monasticum
2590 5720 2835 5779 habitum
2878 5728 3217 5789 susceperat,
3258 5733 3385 5774 cum

1401 5817 1630 5873 \‘Alllﬁ
1670 5819 2073 5877 LI‘JC'I‘IONES.

186 5906 434 5979 “inim;
467 5909 531 5964 Ρ.
624 5910 676 5940 ²⁰
698 5906 1042 5977 αἰκιζόμενος
1075 5908 1135 5970 I‘.
