4158 6442
689 311 788 373 123

1774 302 2281 362 'l‘IIEOPl-IANES
2320 302 2875 366 CONTINUATUS.

3845 300 3946 365 1:21

685 421 832 473 nulla
865 417 913 471 vi
948 426 1040 470 aut
1071 413 1323 469 suasione
1351 413 1420 465 ab
1467 411 1718 466 instituto
1743 425 1926 481 posset
1960 413 2250 475 deducere,

2378 429 2440 467 tW
2467 413 2776 484 ἀνθρώποις
2827 413 3050 466 ἁλοῦσιν
3075 413 3171 466 καὶ
3202 413 3610 483 προσφυγοῦσιν
3655 415 3773 467 ἐκεῖ
3807 431 3819 446 ·
3851 417 3948 469 τὸν

686 527 828 581 :egre
855 510 973 578 ejus
1009 505 1356 561 consectandi
1390 505 1604 559 veniam
1648 505 1796 566 leeit,
1837 504 2021 558 multis
2058 519 2259 572 expro-

685 607 853 660 brans
888 601 1045 671 109
1072 599 1222 670 quod
1265 614 1450 652 secum
1493 607 1548 652 et
1589 599 1642 651 in
1680 598 1802 651 aula
1835 597 2038 650 versari
2070 596 2258 658 nollet,

688 697 781 751 sed
807 696 1076 748 obscurus
1108 700 1161 746 et
1197 691 1250 744 in
1282 690 1483 758 angulo
1510 689 1696 742 mallet
1729 687 1895 742 vitam
1929 701 2114 758 agere;
2174 686 2262 739 ld-

688 791 834 843 circo
891 787 1099 857 regium
1151 784 1546 838 monasterium
1579 781 1648 835 ad
1682 781 2065 852 Chrysopolim
2092 781 2140 835 ei
2173 781 2262 833 tri-

691 880 853 943 huit;
893 879 959 931 ad
1023 878 1138 931 haec
1201 878 1363 931 etiam
1421 874 1674 938 Coriar'ri,
1735 883 1790 926 et
1830 875 1971 941 quod
2019 883 2137 927 erat
2194 875 2261 925 ad

691 970 913 1024 Elaeam.
973 968 1044 1022 At
1077 983 1208 1022 vero
1239 983 1362 1021 eum
1400 967 1454 1020 in
1508 965 1966 1036 Chrysopolitano
2018 979 2263 1018 commo-

690 1067 927 1121 raretur,
977 1072 1041 1111 ac
1077 1057 1412 1126 quandoque
1458 1056 1760 1109 commoda:
1802 1054 2263 1108 deambulationis

690 1167 857 1205 causa
890 1153 955 1205 ad
998 1150 1177 1205 locum
1220 1148 1500 1201 Anthemii
1529 1148 1757 1210 dictum,
1786 1146 1854 1200 ad
1887 1147 2265 1200 Armamenta-

693 1243 835 1295 rium
904 1251 1034 1295 tunc
1086 1240 1502 1308 imperatorium
1557 1247 1936 1305 spectantem,
2001 1240 2263 1300 venisset,

691 1348 878 1387 secum
910 1340 1175 1402 reputans
1206 1331 1419 1399 singula
1457 1344 1686 1398 qumque
1715 1330 2042 1384 monasteria
2075 1330 2265 1383 condi-

694 1437 874 1481 torum
909 1426 1129 1479 nomina
1153 1423 1314 1476 viridi
1348 1438 1564 1490 semper
1600 1439 1664 1477 ac
1687 1423 1977 1477 immortali
2004 1424 2265 1477 memoria

692 1531 951 1579 servare,
1015 1515 1306 1583 impetrato
1379 1513 1728 1582 imperatoris
1784 1514 2042 1567 mandato
2112 1513 2266 1566 illum

693 1622 946 1662 coemere
1000 1605 1234 1670 statuit,
1292 1605 1488 1673 suique
1542 1605 1682 1673 juris
1741 1605 1943 1658 factum
1989 1613 2270 1659 exstructo

693 1699 1032 1754 monasterio
1068 1711 1359 1762 exornare;
1391 1696 1533 1765 quod
1565 1705 1618 1749 et
1649 1694 1951 1750 Theodorus
1985 1697 2265 1765 Augustae,

697 1790 848 1845 illius
907 1803 1276 1858 socrusope,
1339 1803 1662 1842 concessum
1713 1799 1816 1843 est.
1882 1787 2030 1842 Loco
2087 1790 2269 1859 itaque

695 1884 925 1954 pulchre
960 1882 1205 1938 aediliciis
1255 1893 1449 1935 ornato
1483 1882 1646 1949 inque
1679 1881 1996 1936 monasterii
2031 1862 2262 1935 formam

697 1990 972 2043 usumque
1019 1977 1371 2042 composito,
1432 1973 1542 2026 illic
1604 1973 1721 2041 ipse
1777 1973 1960 2026 vivere
2012 1973 2268 2028 desinens

698 2068 958 2122 humatus
981 2073 1083 2131 est;
1112 2066 1340 2134 ejusque
1365 2065 1511 2134 quod
1536 2065 1740 2118 dictum
1764 2079 1793 2117 a
1820 2065 1978 2118 nobis
1999 2073 2082 2118 est
2108 2064 2268 2118 ﬁdem

697 2157 832 2211 facit
881 2172 1008 2212 cum
1058 2157 1204 2210 illius
1263 2157 1602 2226 sepulcrum,
1665 2165 1781 2212 tum
1844 2173 1964 2225 quae
2022 2158 2152 2211 olim
2200 2173 2267 2210 ex

698 2248 820 2316 ejus
880 2247 1102 2299 nomine
1154 2245 1264 2298 illic
1300 2249 1478 2313 posita
1511 2247 1688 2315 imago
1733 2255 1836 2299 est.
1886 2246 2028 2310 Quin
2063 2256 2117 2300 et
2150 2246 2270 2314 ejus

699 2351 992 2405 germanus
1053 2333 1402 2389 Theodosius
1452 2350 1624 2403 pr0pe
1687 2335 1942 2388 conditus
1989 2344 2111 2400 est,
2173 2337 2268 2403 qui

700 2423 983 2493 patriciam
1046 2423 1366 2491 dignitatem
1428 2431 1756 2476 consecutus
1829 2423 1999 2476 multa
2052 2425 2271 2490 Optimae

698 2518 823 2570 vita:
855 2531 968 2570 sua:
1002 2515 1328 2568 documenta
1366 2513 1419 2567 in
1453 2530 1517 2567 eo
1547 2514 1880 2569 monasterio
1920 2516 2232 2584 reliquerat.

773 2609 861 2664 i9.
933 2607 1104 2661 Porro
1164 2607 1432 2675 Agarenis
1487 2606 1887 2676 ingruentibus,
1942 2608 2273 2676 illorumque

700 2701 840 2754 duce
881 2699 1118 2753 lbraimo
1149 2714 1273 2752 eum
1308 2698 1494 2752 multis
1531 2698 1867 2768 myriadibus
1898 2700 1950 2753 in
1994 2701 2273 2757 Romanos

701 2792 1102 2860 expeditionem
1146 2800 1420 2852 movente,
1469 2787 1801 2856 Theophilus
1835 2807 2055 2861 quoque
2089 2797 2273 2864 magni

703 2884 871 2937 animi
912 2882 1180 2952 fortisque
1225 2881 1437 2935 laudem
1497 2881 1762 2944 ambiens,
1817 2898 1917 2936 nec
1973 2885 2272 2955 quidquam

703 2973 955 3028 timidum
994 2981 1089 3026 aut
1129 2971 1293 3024 molle
1340 2970 1525 3024 animo
1578 2987 1822 3034 versans,
1869 2976 2271 3043 expeditionem

2373 507 2605 571 Ἀλέξιον
2626 509 2680 560 δὲ
2716 508 2890 578 λάθρα
2928 509 3366 578 μεταταξάμενον
3398 508 3482 579 [Ρ.
3513 506 3604 578 68]
3633 510 3729 562 καὶ
3760 509 3820 561 τὸ
3851 528 3950 578 μο-

2359 601 2581 670 ναχικδν
2611 602 3136 670 μεταμφιασάμενον
3171 600 3408 669 ἐσθημα,
3437 601 3560 651 ἐπεὶ
3609 600 3684 668 μὴ
3716 599 3950 667 ἠδύνατο

2362 696 2544 746 πεῖσαι
2572 693 2665 744 τοῦ
2698 693 2860 746 πάλιν
2889 692 3023 745 αὐτὸ
3042 691 3355 754 ἀποϐαλεῖν,
3382 691 3536 758 μόλις
3568 691 3946 759 συγχωρῆσαιο

2362 785 2578 847 πολλοῖς
2605 786 2830 837 ὀνείδεσι
2862 782 3173 850 περιϐαλὼν
3195 780 3276 846 οἷς
3299 784 3359 834 οὐ
3387 782 3508 851 μετ’
3531 781 3699 834 αὑτοῦ
3729 782 3948 851 ἔκρινεν

2363 873 2528 941 εἶναι,
2558 876 2673 928 ἀλλ’
2705 879 2765 928 ἐν
2791 876 3129 946 παραϐύστῳ
3160 892 3264 926 που
3288 875 3381 926 καὶ
3412 875 3602 942 γωνίᾳ.
3643 873 3809 925 Ὅθεν
3837 872 3950 924 ἐδί-

2361 971 2453 1023 δου
2485 969 2657 1038 τούτῳ
2678 969 2889 1039 δωρεάν
2929 969 2992 1020 τό
3038 985 3096 1020 τε
3131 967 3270 1020 κατὰ
3293 965 3640 1036 Χρυσόπολιν
3659 963 3947 1034 βασιλικὸν

2368 1063 2750 1131 μοναστήριον,
2783 1061 3007 1132 προσέτι
3036 1060 3140 1130 μὴν
3159 1059 3334 1112 καὶτὸ
3357 1057 3451 1111 τοῦ
3480 1059 3733 1127 Βυρσέως
3766 1056 3864 1108 καλ⁵
3887 1056 3950 1107 τὸ

2364 1152 2459 1206 τοῦ
2505 1151 2645 1206 κατὰ
2676 1152 2767 1204 τὸν
2812 1151 3051 1204 Ἐλαίαν.
3097 1150 3237 1203 Ἀλλ’
3267 1151 3476 1211 ἐκεῖνος
3525 1148 3603 1218 τῷ
3651 1146 3795 1200 κατὰ
3841 1146 3946 1214 τὴν

2365 1245 2706 1316 Χρυσόπολιν
2741 1245 2854 1297 ὄντι
2885 1241 3317 1312 ἐνδιαιτώμενος,
3346 1241 3468 1294 ἐπεί
3489 1259 3615 1294 ποτε
3642 1239 3950 1307 περιπάτου

2365 1339 2559 1409 ἐδεήθη
2583 1339 2674 1390 καὶ
2709 1336 2851 1390 κατὰ
2879 1337 2969 1388 τὸν
3009 1334 3288 1404 ’Δνθεμίου
3309 1338 3472 1386 τόπον
3494 1333 3728 1400 ἐγένετο,
3791 1330 3950 1399 βασι-

2366 1428 2535 1481 λικῶν
2553 1427 2854 1496 τηνικαῦτα
2880 1427 3214 1496 τυγχάνοντα
3265 1425 3373 1479 τῶν
3411 1425 3729 1492 μαγγάνων,
3763 1421 3952 1488 ἔλεγεν

2367 1521 2423 1574 δὲ
2451 1522 2526 1582 ὡς
2560 1521 2795 1572 ἕκαστον
2815 1520 2922 1572 τῶν
2957 1518 3224 1582 σεμνείων
3253 1518 3362 1569 τῶν
3391 1515 3822 1583 οίκοδομούντων
3851 1515 3952 1580 φέ-

2374 1628 2455 1683 ρει
2480 1611 2580 1681 τὴν
2609 1610 2799 1679 κλῆσιν
2821 1610 3107 1672 ἀθάνατον,
3140 1609 3313 1660 εἵλετο
3339 1607 3524 1661 τοῦτον
3551 1606 3636 1659 διὰ
3665 1604 3952 1675 βασιλικῆς

2373 1703 2718 1774 προστάξεως
2747 1699 3119 1769 ἐξωνήσασθαι
3144 1703 3235 1754 καὶ
3257 1701 3387 1753 ἴδιον
3418 1698 3847 1752 κατασκευάσαι.
3885 1696 3954 1746 Ὀ

2301 1766 2343 1822 Β
2371 1766 2468 1847 καὶ
2496 1792 2585 1845 διὰ
2600 1766 2711 1860 τῆς
2737 1766 3005 1860 βασιλίδος
3028 1790 3314 1859 Θεοδώρας
3363 1789 3602 1857 ἐγένετο,
3644 1787 3746 1855 τῆς
3784 1783 3955 1837 αὐτοῦ

2368 1884 2657 1953 πενθερᾶς.
2692 1882 2855 1935 Ὅθεν
2884 1881 3064 1943 καλῶς
3094 1881 3531 1949 ἐποικοδομήσας
3562 1878 3656 1930 καὶ
3686 1877 3766 1939 εἰς
3789 1893 3958 1945 μονα-

2367 1977 2525 2048 χικὴν
2551 1977 2702 2041 τάξιν
2717 1973 2940 2042 ἀγαγὼν
2962 1976 3135 2026 ἐκεῖσε
3153 1975 3242 2026 τὸν
3264 1974 3376 2043 βίον
3399 1973 3747 2042 ἐκλιμπάνων
3767 1969 3956 2040 ἐτέθη,

2367 2070 2458 2122 τὸν
2501 2068 2673 2136 τάφον
2730 2068 2824 2118 καὶ
2869 2067 2969 2136 τὴν
3015 2066 3183 2120 αὑτοῦ
3211 2066 3418 2120 ἄνωθεν
3463 2065 3959 2134 ἐπιγεγραμμένην

2369 2161 2557 2214 είκόνα
2589 2159 2843 2229 μάρτυρα
2877 2158 3016 2227 ἔχων
3045 2159 3152 2210 τῶν
3191 2156 3519 2226 λεγομένων.
3576 2157 3648 2209 Οὐ
3679 2154 3783 2225 μὴν
3816 2154 3959 2205 ἀλλὰ

2369 2256 2465 2307 καὶ
2510 2254 2538 2305 ὁ
2598 2251 2792 2304 τούτου
2850 2250 3078 2319 ἀδελφὸς
3130 2251 3408 2312 Θεοδόσιος
3447 2249 3674 2320 πλησίον
3719 2247 3961 2300 τέθειται

2370 2345 2558 2408 αὑτοῦ,
2581 2343 2884 2414 πατρικίων
2918 2344 3051 2413 τιμῇ
3107 2341 3516 2410 ἐγκαταλεγεὶς,
3551 2340 3721 2392 πολλὰ
3753 2338 3966 2406 γνωρί-

2373 2457 2555 2509 σματα
2583 2441 2681 2508 τῆς
2708 2436 2874 2489 αὑτοῦ
2903 2433 3133 2506 ἀρίστης
3163 2434 3400 2504 βιώσεως
3428 2436 3487 2488 ἐν
3510 2433 3588 2503 τῷ
3611 2432 3966 2504 μοναστηρίῳ

2372 2530 2712 2586 καταλιπών.

2444 2623 2529 2679 ιθ’.
2567 2623 2931 2693 Ἐγκειμένων
2961 2623 3017 2676 δὲ
3047 2621 3155 2675 τῶν
3199 2620 3516 2690 Ἀγαρηνῶν
3545 2619 3640 2672 καὶ
3671 2617 3808 2688 μετὰ
3830 2615 3967 2669 πολ-

2373 2716 2479 2768 λῶν
2512 2716 2788 2786 μυριάδων
2816 2714 2911 2768 τοῦ
2955 2715 3185 2784 ἰὄραὴμ
3213 2715 3355 2766 κατὰ
3392 2713 3682 2781 Ῥωμαίων
3723 2714 3968 2780 ἐκστρα-

2373 2811 2642 2873 τεύοντος,
2691 2809 2785 2862 καὶ
2811 2811 2840 2862 ὁ
2869 2808 3125 2877 Θεόφιλος
3163 2807 3326 2877 ἐρωτι
3365 2806 3678 2875 φιλοτιμίας
3710 2807 3804 2857 καὶ
3829 2821 3965 2872 γεν-

2375 2905 2653 2971 ναιότητος
2683 2902 2777 2954 ἐπὶ
2804 2902 3039 2970 πόλεμον
3085 2900 3306 2967 ἔξεισιν,
3347 2900 3608 2970 ἄνανδρον
3657 2899 3809 2951 οὐδὲν
3843 2898 3971 2949 οὐδὲ

2379 2992 2623 3061 μαλακὸν
2648 2991 2845 3045 ἐννοῶν
2892 3007 2906 3021 ⁸
2942 2993 2989 3043 εί
3019 2991 3127 3058 γάρ
3147 3008 3198 3042 τι
3247 2991 3338 3042 καὶ
3387 2990 3507 3052 δέος
3539 2989 3770 3058 προσῆν,
3831 2986 3959 3040 ἀλλ’

701 3075 758 3120 et
794 3066 909 3134 ipse
939 3064 1190 3132 suscipit.
1227 3063 1362 3114 Nam
1407 3063 1508 3116 etsi
1557 3064 1767 3116 timoris
1811 3065 2015 3134 aliquid
2075 3068 2270 3135 inerat,

2380 3086 2414 3153 ἡ
2439 3083 2545 3136 τῶν
2569 3084 2664 3136 σὺν
2694 3082 2842 3151 αὐτῷ
2870 3083 3079 3152 ἀνδρῶν
3111 3080 3252 3134 κατὰ
3285 3081 3556 3149 πολέμους
3587 3080 3756 3148 πεῖρά
3780 3096 3840 3131 τε
3868 3067 3973 3132 καἱ

704 3171 930 3213 suorum
973 3165 1153 3208 tamen
1209 3155 1284 3207 rei
1337 3154 1590 3209 militaris
1641 3156 1830 3224 peritia
1888 3166 1943 3212 et
1989 3159 2185 3224 virtus,
2222 3163 2275 3216 id

705 3258 971 3317 quantum
1007 3257 1146 3312 erat,
1197 3248 1357 3301 facile
1401 3249 1685 3301 avertebat
1725 3265 1793 3302 ac
1824 3253 2012 3317 procul
2043 3253 2282 3322 depelle-

706 3341 818 3394 bat.
892 3337 1149 3393 Virorum
1215 3339 1370 3392 alteri
1438 3338 1848 3408 Theophobus,
1907 3343 2066 3414 110
2127 3346 2282 3402 alteri

705 3433 920 3486 Manuel
986 3449 1182 3486 nomen
1246 3441 1387 3488 erat.
1459 3431 1628 3488 Porro
1686 3434 1902 3490 Manuel
1965 3439 2284 3495 fortitudine

705 3525 1019 3593 spectabilis
1054 3525 1186 3594 ipsis
1229 3541 1448 3595 quoque
1495 3527 1746 3582 hostibus
1795 3527 2069 3584 universis
2121 3542 2285 3586 notus

707 3624 845 3671 erat.
905 3618 985 3671 Ex
1015 3618 1291 3671 Armeniis
1331 3633 1570 3686 namque
1601 3629 1776 3683 ortus,
1829 3619 2010 3676 Leone
2044 3622 2285 3691 impera-

708 3719 828 3763 tore
866 3709 1224 3764 Orientalium
1277 3711 1452 3779 capiis
1499 3710 1812 3780 prmluerat,
1861 3713 2286 3786 decessorisque

708 3801 829 3870 ejus
875 3801 1157 3856 Michaelis
1213 3804 1542 3872 equisonum
1602 3807 1880 3875 princeps,
1939 3822 2105 3877 quem
2157 3825 2284 3878 pro-

709 3904 1061 3952 tostratorem
1091 3905 1306 3962 vocant,
1336 3898 1637 3953 exstiterat.
1667 3898 1739 3953 De
1765 3899 2100 3970 TheOphobo
2121 3907 2282 3956 etiam

709 3988 1025 4051 dicendum,
1067 3990 1211 4042 unde
1255 3995 1310 4041 et
1362 3991 1639 4059 quomodo
1685 4006 1750 4045 ex
1786 3991 2074 4047 Persarum
2118 3995 2286 4063 stirpe

709 4094 872 4138 natus
906 4084 960 4137 in
996 4085 1344 4153 imperatoris
1374 4086 1626 4141 notitiam
1667 4089 1876 4142 venerit
1915 4089 2146 4158 ejusque
2181 4090 2283 4143 sibi

711 4193 959 4231 sororem
992 4178 1344 4230 matrimonio
1372 4178 1636 4246 junxerit.
1693 4179 1927 4245 Quidam
1964 4183 2114 4252 regia
2148 4183 2282 4236 Per-

709 4285 896 4323 sarum
944 4277 1095 4323 satus
1136 4270 1387 4339 prosapia
1420 4271 1714 4340 aliquando
1750 4270 1961 4341 Cpolim
1997 4273 2283 4344 fungendae

710 4363 997 4432 legationis
1039 4379 1203 4417 causa
1243 4373 1488 4418 venerat.
1536 4364 1586 4419 Is
1632 4380 1739 4419 non
1782 4382 1847 4420 ex
1881 4367 2122 4436 legitimo
2153 4383 2284 4422 con-

706 4431 878 4524 jugio,
915 4456 1009 4509 sed
1045 4457 1264 4510 occulto
1291 4458 1586 4511 concubitu
1629 4468 1888 4522 suscepto
1922 4431 2279 4529 'i‘heophobo,
2309 4431 2362 4491 D

711 4548 849 4601 urbe
891 4547 1166 4601 discessit.
1215 4547 1487 4614 Quoniam
1539 4559 1723 4603 autem
1753 4551 1897 4619 apud
1943 4550 2142 4607 Persas
2195 4553 2282 4606 in-

709 4638 952 4693 violabili
993 4639 1118 4706 jure
1164 4640 1246 4693 lex
1299 4640 1531 4704 obtinet,
1575 4655 1775 4695 cavens
1809 4642 2019 4697 scilicet
2056 4659 2091 4697 n
2159 4645 2284 4711 quis

711 4733 873 4786 aliter
903 4733 1056 4802 regni
1098 4748 1324 4801 compos
1380 4733 1666 4797 elliciatur,
1711 4750 1876 4803 quam
1934 4735 1980 4789 si
2024 4751 2089 4790 ex
2137 4737 2284 4806 regia

712 4832 868 4878 ortus
913 4824 1083 4892 stirpe
1135 4825 1228 4888 sit,
1277 4825 1547 4893 regiaaque
1591 4825 1814 4880 familiae
1853 4827 1954 4880 viri
2011 4829 2288 4884 continuis

713 4917 871 4971 hellis
901 4932 966 4972 ac
994 4918 1259 4987 Agarenis
1295 4919 1401 4972 huc
1432 4919 1561 4974 illuc
1598 4921 1759 4975 sedes
1790 4931 2002 4977 mutare
2041 4927 2281 4993 cogenti-

714 5009 818 5064 bus
852 5025 916 5063 ac
940 5010 1269 5078 pellentibus
1294 5010 1632 5077 defecerant,
1659 5028 1895 5084 euntque
1918 5015 2125 5084 alioqui
2144 5018 2286 5085 apud

713 5114 812 5152 eos
851 5099 942 5168 qui
985 5099 1226 5155 Persidis
1258 5101 1538 5171 regionem
1565 5103 1843 5167 colebant,
1881 5105 2088 5159 multus
2126 5105 2194 5159 de
2223 5122 2289 5160 eo

715 5206 902 5244 rumor
931 5191 1350 5260 percrebuisset,
1379 5209 1502 5250 esse
1521 5197 1811 5264 quemdam
1837 5195 2083 5267 Byzantii
2106 5196 2289 5251 Theo-

717 5284 957 5353 phohum
1024 5286 1246 5342 nomine
1316 5289 1503 5358 (quem
1575 5291 1753 5358 ipsum
1824 5305 2104 5345 rumorem
2168 5291 2292 5361 ejus

718 5385 849 5429 tunc
888 5387 1038 5446 pater
1079 5380 1402 5448 sparserat),
1450 5380 1627 5436 visum
1659 5389 1745 5436 est
1783 5380 2075 5438 Persarum
2108 5392 2291 5438 satra-

719 5470 804 5538 pis
837 5484 902 5523 ac
941 5473 1259 5538 proceribus
1314 5473 1528 5528 occulte
1575 5474 1844 5545 quosdam
1904 5476 2140 5541 mittere,
2197 5477 2291 5546 qui

721 5573 835 5611 rem
866 5560 1154 5630 diligenter
1188 5565 1551 5633 inquirerent.
1588 5565 1651 5620 lli
1678 5567 1863 5636 itaque
1889 5567 1953 5621 ad
1983 5567 2291 5622 Romanum

2383 3178 2695 3247 γενναιότης
2718 3177 2993 3246 ἀπέτρεπε
3019 3175 3176 3227 τοῦτο
3207 3174 3300 3227 καὶ
3317 3175 3507 3245 πόρρω
3535 3190 3628 3226 ποι
3653 3173 3890 3226 ἐναπέπε
3899 3191 3946 3242 μ
3965 3204 3976 3212 -

2384 3287 2472 3322 πε.
2533 3268 2798 3337 Θεόφοόος
2850 3265 2901 3320 οἱ
2960 3267 3150 3335 ἄνδρες
3197 3267 3291 3318 καὶ
3337 3266 3594 3334 Μανουὴλ
3651 3265 3973 3318 ἐκαλοῦντο.

2398 3358 2538 3411 Ἀλλ’
2563 3361 2589 3411 ὁ
2608 3357 2866 3428 Μανουὴλ
2896 3359 2940 3389 ’³
2972 3357 3143 3420 δεινὸς
3169 3358 3257 3408 ἐπ’
3293 3357 3536 3424 ἀνδρείᾳ,
3565 3357 3784 3417 καὶτοῖς
3807 3357 3975 3406 ἐναν-

2384 3451 2518 3513 τίοις
2545 3449 2719 3504 ἅπασι
2752 3450 3025 3519 γνώριμος
3050 3467 3064 3480 ·
3090 3448 3147 3514 ἐξ
3188 3447 3486 3518 Ἀρμενίων
3505 3447 3610 3518 γὰρ
3635 3446 3734 3518 τὴν
3755 3447 3978 3514 γένεσιν

2384 3538 2474 3613 ἦν,
2504 3545 2599 3596 καὶ
2631 3543 2725 3595 τοῦ
2749 3542 2985 3614 στρατοῦ
3017 3542 3127 3596 τῶν
3170 3540 3528 3594 Ἀνατολικῶν
3564 3542 3656 3592 ἐπὶ
3679 3539 3770 3593 τοῦ
3803 3539 3980 3593 Λέον-

2385 3650 2477 3695 τος
2513 3631 2944 3703 προηγούμενος,
2980 3632 3073 3685 καὶ
3102 3631 3195 3684 τοῦ
3221 3631 3325 3700 πρὸ
3366 3629 3531 3684 αὐτοῦ
3549 3631 3769 3700 Μιχαὴλ
3817 3631 3984 3682 ίππο.

2387 3725 2618 3795 κόμωνὸ
2643 3723 2860 3794 πρῶτος
2881 3741 2894 3754 ·
2929 3723 3393 3793 πρωτοστράτορα
3424 3722 3613 3774 τοῦτόν
3646 3738 3830 3790 φασιν.
3862 3724 3978 3790 Δη-

2389 3814 2552 3866 λώσει
2581 3814 2638 3866 δέ
2670 3815 2764 3867 καὶ
2791 3814 2882 3866 τὸν
2914 3813 3185 3880 Θεόφοδον
3211 3813 3238 3863 ὁ
3268 3811 3444 3877 λόγος,
3476 3811 3598 3863 ὅθεν
3637 3828 3695 3862 τε
3714 3810 3807 3863 καλ⁵
3823 3811 3982 3872 ὅπως

2388 3910 2451 3960 ἐκ
2478 3905 2706 3977 Περσῶν
2734 3906 3109 3973 καταγόμενος
3134 3904 3212 3973 τῷ
3237 3903 3448 3972 βασιλεί
3481 3903 3670 3970 γέγονε
3695 3901 3982 3972 γνώριμος

2388 4001 2482 4052 καὶ
2520 3999 2617 4069 τὴν
2649 3998 2885 4068 ἀδελφὴν
2933 3996 3101 4050 αὑτοῦ
3165 3997 3243 4058 εἰς
3291 3996 3468 4064 γάμον
3513 3996 3814 4065 ἡρμόσατο.
3877 3996 3983 4059 Εἰς

2389 4089 2687 4160 πρεσῦείαν
2711 4089 2795 4151 τίς
2829 4105 2959 4140 ποτε
2987 4087 3096 4140 τῶν
3120 4090 3182 4140 ἐκ
3209 4088 3496 4157 βασιλικῆς
3528 4088 3716 4157 σειρᾶς
3748 4088 3986 4156 Περσῶν

2388 4179 2717 4248 ἀφικόμενος
2744 4178 2880 4248 πρὸς
2902 4177 3000 4247 τὴν
3017 4177 3451 4238 Κωνσταντίνου,
3482 4177 3584 4228 οὐκ
3631 4177 3696 4228 ἐκ
3740 4175 3986 4244 νομίμου

2394 4270 2709 4341 συναφείας,
2745 4269 2975 4340 κρυφίου
3008 4269 3063 4322 δὲ
3094 4270 3188 4321 καὶ
3209 4268 3471 4338 λαθραίας
3497 4268 3684 4320 τοῦτον
3711 4266 3987 4336 γεννηθῆ-

2387 4383 2473 4416 ναι
2501 4364 2732 4433 ποιήσας
2768 4361 3205 4430 ἐξαπεδήμησεν.
3266 4361 3419 4414 Ἐπεὶ
3440 4361 3496 4413 δὲ
3516 4361 3678 4429 νόμος
3704 4362 3813 4420 τοῖς
3841 4360 3993 4430 Πέρ-

2391 4473 2512 4519 σαις
2538 4453 2889 4524 ἀπαράόατος
2922 4452 3006 4523 [Ρ.
3037 4451 3128 4523 69]
3167 4452 3241 4522 μή
3290 4469 3413 4503 τινα
3458 4455 3559 4523 τῆς
3615 4452 3746 4522 παρ’
3799 4452 3992 4504 αὐτῶν

2391 4548 2564 4618 ἀρχῆς
2596 4547 2839 4616 ἐγκρατῆ
2872 4543 3149 4612 γενέσθαι,
3175 4546 3223 4595 εί
3254 4543 3329 4613 μὴ
3368 4545 3468 4612 τῆς
3520 4544 3804 4614 βασιλικῆς
3844 4561 3991 4613 μετ-

2391 4641 2490 4710 έχῃ
2520 4639 2726 4706 σειράς,
2755 4636 2998 4701 ἐξέλιπον
3014 4637 3071 4689 δὲ
3099 4639 3165 4689 ἐκ
3197 4636 3306 4689 τῶν
3328 4637 3568 4706 συνεχῶν
3603 4637 3855 4706 πολέμων
3881 4653 3997 4706 καλ

2391 4731 2517 4800 τῇδε
2535 4730 2753 4782 κάκεῖσε
2770 4727 3241 4798 μετασκηνώσεων
3259 4728 3362 4781 ὑπὸ
3375 4727 3804 4798 τῶνἈγαρῆνῶν
3822 4729 4000 4781 ἐλαυ-

2394 4823 2612 4892 νόμενοι
2637 4823 2686 4874 οἱ
2719 4820 2820 4891 τῆς
2845 4820 3127 4890 βασιλικῆς
3149 4821 3344 4889 φυλῆς,
3380 4820 3518 4872 ἀλλά
3537 4821 3633 4873 καὶ
3662 4820 3817 4887 λόγος
3850 4822 3997 4887 ἐφέ-

2399 4931 2521 4984 ρετο
2542 4913 2708 4976 πολὺς
2736 4912 2863 4982 περὶ
2889 4911 3052 4965 αὑτοῦ
3080 4911 3231 4981 παρά
3275 4911 3384 4962 τῶν
3415 4912 3472 4963 ἐν
3506 4909 3737 4978 ’Περσίδι
3787 4911 3997 4978 μενόν-

2393 5025 2524 5070 των,
2711 5022 2795 5067 τις
2838 5005 2978 5057 κατὰ
3005 5005 3064 5056 τὸ
3088 5003 3380 5067 Βυζάντιον
3414 5003 3808 5072 ὠνομασμένος
3846 5003 3994 5055 656-

2397 5102 2560 5171 φοὸος
2599 5098 2715 5170 (καὶ
2740 5097 2850 5169 γὰρ
2868 5093 2936 5169 ἦν
2961 5097 3132 5160 δοθεὶς
3165 5098 3210 5127 ¹²
3238 5096 3344 5150 ὑπὸ
3368 5095 3464 5149 τοῦ
3487 5095 3789 5165 τηνικαῦτα
3822 5099 3996 5147 σπεί-

2399 5209 2590 5263 ραντος
2622 5190 2811 5243 τοῦτον
2834 5189 3087 5259 πατρὸς),
3124 5188 3274 5254 εδοξε
3298 5191 3411 5251 τοῖς
3431 5188 3677 5257 άρίστοις
3703 5187 3811 5240 τῶν
3833 5189 3991 5258 Περ-

2399 5286 2509 5337 σὼν
2553 5282 2742 5353 κρύφα
2790 5282 2942 5345 τινὰς
3000 5279 3280 5350 ἐκπέμψαι
3338 5280 3434 5333 τοῦ
3494 5279 3830 5348 ζητουμένου
3903 5284 3996 5342 εἰς

2401 5378 2648 5447 ἔρευναν.
2710 5375 2816 5427 Καὶ
2843 5375 2908 5444 δὴ
2934 5372 3332 5436 καταλαϐόντες
3375 5371 3770 5441 τὴνὴμετέραν
3821 5371 3996 5440 μόγις

2401 5470 2588 5523 τοῦτόν
2619 5485 2749 5521 ποτε
2773 5471 2837 5537 τῇ
2885 5468 3053 5536 μητρὶ
3083 5465 3312 5519 συνόντα
3336 5467 3430 5517 καὶ
3455 5465 3597 5517 κατὰ
3625 5464 3724 5532 τὴν
3771 5461 3994 5526 Ὁξεῖαν

2401 5565 2817 5631 ἐνδιαιτώμενον
2869 5559 3356 5630 προσεφεύρισκον.
3423 5559 3572 5612 Ἐπεὶ
3593 5557 3724 5625 γοῦν
3767 5557 3867 5609 οὐκ
3925 5557 3990 5607 Ex

1993 5658 2227 5712 \‘ARLL‘
2281 5655 2676 5712 LECTIONI'IS.

799 5747 840 5778 "
867 5748 892 5798 ὁ
927 5747 1022 5814 μὲν
1049 5747 1346 5816 Max-cuiq}?
1425 5748 1755 5812 “52160055;
1793 5765 1981 5819 margo
2010 5750 2256 5806 Combel‘.
