4158 6442
157 412 224 473 125
877 411 1027 472 LIB.
1060 412 1177 473 III.
1208 436 1276 448 ·-·
1311 408 1807 470 THEOPHILUS
1830 408 2252 469 MICHAELIS
2283 412 2560 472 FILIUS.

3237 412 3349 478 126

153 538 267 573 τινων
294 520 451 588 μόνον
472 520 832 591 ἰνδαλμάτων,
867 522 1004 574 ἀλλὰ
1033 522 1128 574 καὶ
1162 520 1346 573 αὐτῶν
1378 521 1476 590 τῆς
1498 519 1675 589 ψυχῆς

1779 519 1987 573 devecti
2020 520 2207 572 orbem
2240 534 2383 588 aegre
2407 521 2623 575 tandem
2651 521 2945 592 aliquando
2963 522 3356 593 Theopliobum

152 616 215 668 καὶ
239 613 475 683 σώματος
520 617 920 685 γνωρισμάτων
961 616 990 668 δ
1053 614 1388 684 ζητούμενος
1431 613 1685 684 ἐδηλοῦτο

149 707 236 759 τότε
259 707 346 758 καὶ
373 709 723 777 ὲγνωρὶζετο,
761 707 986 778 προσέτι
1020 708 1129 777 μὴν
1158 709 1253 760 καὶ
1284 707 1394 759 τῶν
1427 708 1490 760 ὲκ
1507 706 1684 775 γειτό-

151 817 224 852 νων
246 799 534 869 ἐμαρτύρει
559 817 643 862 τις
673 800 774 871 τὴν
821 799 1122 870 γενομένην
1154 801 1222 869 τῇ
1269 798 1493 867 γυναικὶ
1544 797 1684 869 πρὸς

147 893 212 943 τὸν
238 891 440 960 Πέρσην
467 892 861 960 συνάφειαν(οὺ
884 893 994 963 γάρ
1017 910 1072 946 τι
1100 892 1341 960 κρυπτὸν
1368 892 1397 944 ὃ
1424 892 1538 953 τοῖς
1554 890 1682 942 πολ-

148 983 227 1044 λοῖς
242 983 291 1035 οὐ
323 982 737 1051 γνωσθήσεται),
763 982 951 1053 δήλους
970 985 1195 1047 ἑαυτοὺς
1219 984 1270 1036 οἱ
1285 981 1681 1052 ἀπεσταλμένοι

148 1074 311 1127 ποιοῦσι
338 1074 416 1143 τῷ
448 1074 656 1145 βασιλεί
686 1078 781 1129 καὶ
809 1077 877 1129 τὰ
913 1076 1008 1129 τοῦ
1039 1077 1314 1146 δράματος
1353 1074 1682 1145 σαφηνίζου-

148 1184 225 1232 σιν,
274 1166 492 1236 εἰρήνην
544 1166 639 1219 καὶ
690 1168 919 1231 σπονδὰς
972 1168 1067 1221 καὶ
1112 1168 1316 1231 παντὸς
1354 1167 1449 1221 τοῦ
1494 1166 1681 1230 ἔθνους

145 1259 376 1328 ὑποταγὴν
407 1259 965 1331 καθυπισχνούμενοι,
1005 1263 1055 1314 εί
1096 1260 1289 1315 τοῦτον
1333 1262 1520 1324 αὐτοῖς
1562 1262 1681 1313 ἔπι-

144 1349 281 1402 ῖιοῦναι
305 1349 366 1401 οὐ
399 1352 823 1420 παραιτήσεται.
891 1351 1181 1420 Ἐγεγήθει
1226 1351 1360 1418 γοῦν
1399 1351 1512 1413 τοῖς
1544 1350 1678 1403 ὐπο-

144 1441 367 1509 σχεθεῖσιν
417 1441 447 1493 ὁ
484 1441 761 1509 βασιλεὺς,
798 1441 891 1494 καὶ
939 1442 1172 1511 ἐπείπερ
1226 1441 1399 1504 οὕτως
1446 1440 1677 1510 ἔχουσαν

142 1534 317 1603 εὕρισκε
344 1534 446 1603 τὴν
478 1534 760 1602 ἀλήθειαν,
814 1536 873 1587 ὲν
909 1534 1207 1603 βασιλείοις
1233 1533 1425 1587 τοῦτον
1457 1533 1674 1595 αὐλίζεο

141 1624 234 1677 σθαι
258 1624 339 1676 καὶ
359 1624 745 1695 κατασκηνοῦν
762 1627 927 1690 ποιεῖ,
954 1625 1242 1695 μαθήμασί
1260 1641 1316 1678 τε
1344 1625 1439 1678 καὶ
1456 1623 1674 1694 παιδεία

137 1713 347 1785 ίπιμελού
357 1731 541 1785 μενον.

186 1894 241 1950 κ’.
272 1894 415 1949 Ἐστι
458 1895 515 1949 δὲ
561 1897 658 1951 καὶ
686 1896 845 1960 ἄλλος
867 1896 1028 1964 λόγος
1058 1896 1191 1967 περὶ
1244 1896 1341 1949 τοῦ
1390 1896 1663 1965 Θεοφόϐου

136 1989 281 2056 (καλὸν
300 1990 404 2058 γάρ
427 1989 774 2059 ἀμφοτέρους
799 1990 1095 2061 εἰρῆσθαι),
1128 1990 1324 2060 μικρὸν
1372 1988 1472 2059 μιν
1525 1988 1666 2043 κατά

130 2074 205 2143 τήν
223 2074 377 2146 ἀρχὴν
392 2075 762 2147 διενηνοχέναι
787 2078 982 2143 δοκῶν,
998 2075 1169 2132 τᾶλλα
1196 2079 1254 2131 δὲ
1275 2080 1437 2148 ὅμοια
1470 2078 1661 2141 σώζων

131 2165 214 2217 τῶν
235 2168 625 2237 γεγραμμένων
662 2170 759 2222 καὶ
788 2169 999 2242 πάρισα
1022 2187 1035 2200 ο
1066 2170 1215 2224 ἐστιν
1249 2170 1305 2223 δὲ
1343 2170 1403 2233 ὃς
1425 2170 1526 2223 οὐκ
1554 2170 1666 2223 ἀπὸ

129 2259 370 2327 τρέσϐεώς
400 2277 547 2324 τινος
594 2261 693 2331 τὴν
742 2262 896 2316 νόθον
948 2264 1159 2334 σπορὰν
1188 2262 1447 2327 δέξασθαι
1476 2262 1665 2316 τοῦτόν

131 2366 278 2419 φησιν,
302 2350 435 2403 ἀλλά
465 2352 609 2405 κατά
635 2370 756 2405 τινα
790 2356 1147 2423 περιπέτειαν
1179 2354 1289 2407 τῶν
1312 2356 1370 2406 εν
1405 2354 1667 2424 πολέμοις

130 2441 495 2509 συμϐαινόντων
522 2446 616 2497 καὶ
644 2444 737 2497 τὸν
774 2444 968 2497 τούτου
1003 2446 1239 2517 πατέρα,
1277 2446 1385 2500 εἴτε
1416 2447 1669 2517 βασιλεύ-

128 2546 226 2584 οντα
256 2536 355 2588 εἴτε
385 2537 482 2589 καὶ
516 2536 782 2607 βασιλέως
807 2539 973 2606 ἐγγὺς
996 2540 1126 2592 ὄντα
1152 2540 1295 2593 κατὰ
1324 2543 1664 2608 συγγένειαν,

128 2629 284 2692 φυγεῖν
314 2630 377 2679 ἐκ
415 2628 680 2696 Περσίδος
730 2630 827 2682 καὶ
857 2631 993 2700 πρὸς
1021 2632 1121 2700 τὴν
1154 2629 1541 2700 βασιλεύουσαν
1573 2631 1671 2683 πέ-

127 2734 229 2783 νητα
252 2717 567 2772 διαθλοῦντα
591 2719 706 2790 βίον
745 2722 1081 2791 προσρυῑψαι
1104 2760 1119 2786 ,
1158 2725 1382 2775 κάκεῖσε
1409 2723 1668 2793 καπηλίδι

125 2813 207 2863 τινὶ
231 2814 500 2878 γυναικῶν
533 2813 856 2867 δουλεύοντα
877 2813 975 2882 ὀψέ
1008 2831 1139 2867 ποτε
1167 2813 1245 2884 τῷ
1269 2814 1475 2884 ταύτης
1500 2814 1668 2885 ἔρωτι

124 2907 194 2958 καὶ
222 2908 430 2979 νομίμῳ
491 2910 759 2979 συναφεία
813 2908 1000 2961 τοῦτον
1040 2910 1411 2962 ὲναποτεκεῖν,
1463 2908 1604 2960 Ἀλλ’
1642 2910 1670 2961 ὁ

126 2996 201 3061 μὲν
225 2997 278 3061 ἐξ
306 3000 615 3068 ἀνθρώπων
666 3002 906 3068 ἐγένετο,
959 2999 1296 3070 ἀστρονομίᾳ.
1341 3000 1397 3052 δέ
1432 3016 1537 3052 τινι
1575 3001 1670 3053 καὶ

122 3094 313 3159 μαντείᾳ
336 3093 455 3162 (καὶ
477 3092 589 3160 γάρ
609 3109 741 3160 φασι
765 3092 972 3155 ταύτας
1001 3092 1098 3154 τὰς
1144 3094 1457 3160 ἐπιστήμας
1486 3094 1670 3162 ἀκμά-

1787 627 1912 667 cuni
1950 619 2121 664 matre
2151 620 2459 665 versantem
2483 613 2548 666 ad
2572 610 2762 667 Oxiam
2784 614 3087 669 inveniunt.
3111 616 3247 683 Quia
3269 632 3363 671 ve-

1787 720 1850 759 ro
1864 720 2027 775 quem
2048 705 2130 759 sic
2153 706 2492 775 quaerebant.
2519 721 2626 760 non
2654 709 2906 763 obscuris
2924 711 3100 765 solum
3123 709 3357 776 indiciis,

1786 797 1877 851 sed
1906 806 1959 850 et
1995 797 2130 866 ipsis
2170 796 2336 849 animi
2371 798 2523 867 111
2561 799 2921 869 corporisque
2948 801 3092 857 notis
3122 802 3359 872 propriis

1785 889 2181 953 innotescebat,
2215 890 2369 958 isque
2399 890 2488 944 ille
2518 890 2635 961 ipse
2677 906 2799 947 esse
2844 894 3243 962 agnoscebatur
3272 896 3359 965 (ac

1785 997 1885 1038 nec
1913 998 1979 1037 ex
2027 982 2222 1037 vicinis
2273 982 2488 1049 quidem
2538 986 2726 1037 deerat
2775 984 2868 1053 qui
2927 983 3184 1038 feminam
3230 1002 3356 1041 eum

1782 1074 1949 1131 Persa
2004 1089 2118 1129 rem
2180 1074 2443 1129 habuisse
2500 1084 2814 1141 testaretur,
2878 1088 3002 1129 cum
3065 1075 3202 1130 nihil
3265 1092 3358 1133 oc-

1782 1171 1986 1224 cultum
2047 1170 2120 1223 sit
2175 1168 2321 1236 quod
2371 1182 2480 1222 non
2539 1168 2757 1223 tandem
2815 1169 2867 1222 in
2916 1169 3062 1238 vulgi
3106 1169 3353 1224 notitiam

1783 1261 2007 1328 veniat),
2046 1276 2105 1315 se
2148 1260 2370 1314 demum
2422 1260 2514 1325 qui
2568 1260 2723 1314 missi
2770 1259 2987 1314 fuerant
3041 1262 3354 1331 imperatori

1780 1354 2075 1424 prodentes
2104 1362 2270 1406 tntam
2304 1353 2379 1405 rei
2417 1352 2656 1406 fabulam
2696 1353 2971 1421 aperiunt,
3006 1363 3218 1422 paceni,
3252 1353 3353 1409 fm-

1779 1446 1931 1510 dera,
1960 1454 2287 1513 gentemque
2318 1458 2537 1496 omnem
2571 1442 2880 1511 subjectum
2915 1443 2980 1497 iri
3021 1442 3271 1512 polliciti,
3307 1443 3355 1499 si

1777 1539 1941 1593 modo
1997 1536 2388 1604 Theophobum
2451 1535 2587 1602 ipsis
2639 1535 2841 1590 dedere
2900 1551 3009 1590 non
3064 1537 3347 1591 abnueret.

1775 1632 2009 1690 Gavisus
2045 1631 2335 1702 promissis
2378 1630 2737 1698 Theophilus,
2786 1633 3041 1701 quodque
3093 1647 3209 1685 rem
3252 1631 3352 1685 niti

1776 1729 2005 1782 veritate
2054 1727 2342 1786 didicerat.
2402 1727 2607 1779 morari
2668 1725 3068 1795 Theophobum
3122 1726 3177 1781 in
3228 1727 3354 1781 aula

1698 1856 1743 1917 Β
1778 1824 1993 1894 illicque
2024 1820 2333 1890 disciplinis
2366 1821 2534 1875 imbui
2568 1837 2631 1875 ac
2660 1822 2865 1877 erudiri
2892 1824 3069 1890 jubet.

1838 1917 1927 1973 20.
1974 1915 2077 1970 Sed
2111 1917 2214 1970 alia
2259 1931 2479 1985 quoque
2509 1916 2576 1969 de
2609 1915 2957 1984 TheOphobo
3007 1916 3179 1969 fertur
3222 1930 3352 1969 nar-

1763 2012 1926 2071 ratio,
1954 2018 2288 2078 praastatqne
2328 2024 2448 2062 eam
2491 2023 2712 2078 quoque
2752 2006 2978 2061 referre.
3031 2008 3100 2063 Et
3133 2006 3350 2062 videtur

1765 2099 1983 2169 quidem
2039 2103 2153 2151 ha‘c
2202 2112 2230 2150 a
2284 2097 2452 2165 priori
2507 2097 2754 2150 nonnihil
2811 2090 3053 2163 diﬂ'erre,
3086 2097 3233 2167 quod
3279 2100 3346 2152 axl

1763 2194 1913 2246 initia
1950 2192 2181 2253 attinet;
2210 2191 2566 2258 sequentibus
2622 2199 2802 2244 tamen
2847 2192 3044 2245 similis
3082 2201 3165 2246 est
3194 2200 3354 2258 atque

1763 2284 1952 2337 eadem
1981 2282 2221 2335 exhibet.
2282 2282 2374 2334 Sic
2421 2296 2553 2351 ergo
2586 2296 2645 2336 se
2694 2282 2781 2336 illa
2824 2280 3006 2346 habet,
3044 2298 3149 2337 non
3192 2281 3354 2338 ullius

1769 2377 1926 2447 legati
1973 2378 2192 2431 notham
2252 2376 2495 2430 sobolem
2539 2373 2935 2444 Theophobum
2969 2392 3111 2440 esse,
3158 2375 3241 2429 vel
3289 2390 3353 2430 ea

1769 2480 1948 2524 satum
2010 2469 2222 2522 ratione
2271 2484 2435 2537 quam
2476 2468 2642 2536 'prior
2675 2467 2881 2522 ferebat
2935 2468 3200 2529 narratio.
3254 2466 3350 2521 sed

1770 2556 1894 2610 belli
1955 2556 2191 2624 quodam
2249 2555 2402 2608 vario
2452 2571 2593 2609 casu
2640 2570 2934 2623 rerumque
2978 2553 3355 2609 vicissitudine

1770 2654 2003 2714 cogente
2044 2646 2166 2713 ejus
2215 2659 2433 2712 quoque
2472 2652 2777 2712 parentem,
2822 2645 2936 2698 sive
2971 2659 3067 2697 rex
3094 2651 3211 2697 erat
3241 2644 3357 2697 sive

1768 2734 1957 2804 stirpis
1994 2733 2175 2803 regite,
2224 2748 2289 2786 ex
2325 2730 2546 2787 Perside
2587 2732 2813 2800 fugisse,
2855 2733 3021 2801 inque
3051 2734 3199 2802 regia
3224 2732 3358 2787 urbe

1772 2840 2065 2895 pauperem
2134 2826 2457 2878 tolerantem
2523 2824 2690 2877 vitam
2758 2823 2972 2877 civibus
3023 2823 3355 2885 adhaesisse;

1771 2925 1936 2983 atque
1987 2914 2101 2969 illic
2132 2912 2459 2967 tabernariae
2498 2912 2747 2966 mulieris
2775 2913 3146 2981 mancipatum
3197 2910 3358 2965 obse-

1775 3008 1958 3075 quiis,
2012 3015 2137 3074 post
2188 3005 2380 3075 longos
2434 3005 2651 3058 tandem
2703 3020 2911 3070 annos,
2967 3002 3114 3058 illius
3168 3015 3358 3058 amore

1781 3088 2135 3168 legitimoque
2184 3096 2500 3164 copulatum
2549 3096 2805 3165 conjugio
2847 3097 2991 3149 hunc
3027 3095 3354 3162 suscepisse,

120 3178 208 3241 ζειν
234 3182 307 3235 ἔτι
346 3186 503 3255 παρά
552 3184 810 3253 Πέρσαις)
847 3183 1038 3252 μαθεῖν
1068 3185 1194 3254 περὶ
1226 3184 1322 3236 τοῦ
1369 3184 1662 3252 Θεοφόόου,

1779 3191 1935 3258 inque
1986 3202 2113 3240 eum
2165 3187 2388 3240 modum
2424 3188 2477 3238 in
2511 3187 2652 3240 vivis
2683 3201 2805 3241 esse
2836 3186 3086 3251 desiisse;
3119 3185 3357 3254 quadam

118 3272 332 3343 ζητοῦσιν
372 3279 569 3340 αὐτοῖς
599 3279 649 3329 εἰ
681 3277 796 3329 ἔστι
832 3276 935 3329 πεύ
969 3293 1052 3339 τις
1080 3278 1145 3329 ὲκ
1174 3276 1461 3346 βασιλικῆς
1494 3277 1668 3345 φυλῆς

117 3368 482 3438 καταγόμενος,
515 3370 609 3421 καὶ
638 3369 871 3437 ἐπείπερ
894 3366 1115 3436 ἔμαθον,
1147 3369 1351 3438 σπουδῇ
1380 3371 1473 3421 ἐπὶ
1493 3369 1591 3437 τήν
1624 3369 1669 3401 ’³

114 3456 500 3513 Κωνσταντίνου
532 3459 648 3512 θεῖν
673 3461 755 3522 εἰς
790 3460 889 3529 τὴν
911 3460 1007 3512 τοῦ
1046 3459 1385 3530 ζητουμένου
1419 3460 1671 3531 ἔρευναν.

114 3547 320 3604 Γνωστὸν
344 3551 531 3613 οὕτως
560 3549 819 3619 γενέσθαι
850 3551 929 3620 τῷ
970 3552 1200 3621 βασιλεῖ,
1231 3553 1673 3625 καταληφθέντος

115 3644 264 3697 αὑτοῦ.
296 3644 380 3716 [Ρ.
426 3641 527 3716 70]
574 3644 839 3714 Ἐπείπερ
872 3643 967 3698 οὖν
1003 3647 1035 3714 ἡ
1063 3645 1255 3699 τούτου
1279 3646 1551 3716 ὲμφάνεια
1578 3651 1674 3703 καὶ

112 3736 225 3788 κατὰ
247 3737 336 3789 τὸν
370 3736 499 3807 βίον
529 3737 804 3806 παρουσία
833 3736 1038 3789 ἅπασιν
1071 3736 1319 3807 ἐγνώσθη
1375 3740 1489 3802 τοῖς
1531 3740 1673 3794 κατά

111 3827 186 3891 τὴν
212 3828 449 3897 Περσίδα
474 3826 570 3879 διὰ
592 3825 703 3878 τῶν
731 3826 1188 3895 ὑποστρεψάντων
1213 3828 1546 3893 ἅποστᾴλων,
1574 3830 1672 3899 sas

109 3922 241 3971 stium
272 3920 451 3989 ἐφάνη
480 3920 583 3973 καὶ
608 3918 799 3987 ἐφετὸν
828 3917 923 3971 τοῦ
954 3919 1255 3972 ἀπόστασίν
1279 3937 1398 3972 τινα
1422 3920 1673 3989 ἐννοῆσαι

108 4009 191 4060 ὰπδ
207 4010 312 4063 τῶν
338 4011 448 4081 τῆς
481 4012 691 4081 ’Δγαρ,
707 4012 773 4080 τῇ
794 4010 853 4063 δὲ
873 4011 983 4063 τῶν
1017 4010 1305 4079 Ῥωμαίων
1332 4013 1475 4081 ἀρχῇ
1501 4029 1672 4081 προσ-

107 4099 341 4167 χωρῆσαι,
397 4102 483 4163 ὡς
534 4098 603 4153 ἂν
641 4098 737 4152 τοῦ
767 4101 906 4154 κατὰ
940 4100 1091 4168 γένος
1128 4100 1374 4172 ἀρχηγοῦ
1408 4103 1672 4175 εὐμοιρή-

110 4203 248 4244 ειιαν.

158 4372 247 4424 ια’.
294 4374 510 4442 Ἐτυχε
546 4373 604 4425 δὲ
633 4372 808 4435 ἄλλως
833 4373 862 4424 ὁ
890 4373 1000 4426 τῶν
1030 4375 1260 4445 Περσῶν
1287 4376 1530 4447 ἀρχηγὸς
1567 4379 1671 4431 Βά-

106 4460 180 4515 εεκ
208 4466 301 4535 ήδη
340 4464 691 4517 πενταετίαν
722 4463 859 4533 ἔχων
894 4464 953 4528 ἐξ
994 4467 1388 4537 ἁμεραμνουνῆ
1424 4469 1671 4532 ἀποστὰς

1777 3294 1905 3334 vero
1934 3279 2269 3332 astronomia
2304 3291 2367 3331 ac
2391 3278 2650 3331 vaticinio
2680 3277 2829 3346 (nam
2865 3278 2961 3331 has
2988 3286 3133 3333 artes
3162 3276 3359 3331 etiam-

1776 3387 1908 3425 num
1942 3371 2097 3424 aiunt
2146 3368 2288 3438 apud
2328 3366 2524 3422 Persas
2555 3366 2759 3439 vigere)
2792 3368 3050 3424 didicisse
3088 3368 3155 3424 de
3181 3367 3360 3423 Theo-

1776 3464 1976 3533 phobo,
2007 3463 2137 3517 dum
2166 3470 2420 3531 quarunt
2447 3475 2514 3513 an
2556 3461 2702 3514 ullus
2728 3460 2943 3529 uspiam
2985 3460 3138 3530 regia
3178 3460 3354 3530 stirpe

1778 3555 1886 3609 illis
1914 3563 2067 3608 satus
2092 3562 2293 3607 exstet.
2326 3551 2578 3621 Cumque
2607 3551 2746 3605 adeo
2772 3563 2992 3606 exstare
3024 3553 3183 3621 112
3213 3552 3361 3607 didi-

1776 3645 2002 3707 cissent,
2036 3643 2104 3697 ad
2127 3659 2253 3698 eum
2280 3643 2662 3712 vestigandum
2694 3641 2907 3712 Cpolim
2945 3641 3142 3698 festine
3170 3657 3359 3698 accur-

1776 3741 1952 3803 risse;
1994 3752 2171 3805 eoque
2200 3736 2563 3806 deprehenso,
2597 3736 2675 3790 sic
2709 3736 3024 3804 imperatori
3052 3750 3166 3789 rem
3197 3735 3360 3789 inno-

1778 3832 1971 3886 tuisse.
2042 3830 2181 3884 Cum
2242 3830 2431 3899 itaque
2482 3843 2581 3897 per
2652 3830 2880 3882 nuntios
2947 3830 3002 3883 in
3076 3826 3358 3883 Persidem

1777 3937 2029 3977 reversos
2054 3921 2269 3977 cunctis
2301 3935 2397 3990 per
2418 3935 2538 3974 eam
2568 3920 2846 3991 regionem
2870 3920 3207 3978 innotuisset
3233 3934 3359 3974 eum

1776 4012 2050 4067 detectum
2094 4012 2327 4081 vitaeque
2371 4012 2719 4079 superstitem
2749 4024 2893 4076 esse,
2936 4021 3154 4081 gratum
3180 4010 3361 4065 omni-

1780 4105 1883 4161 bus
1955 4105 2133 4159 visum
2187 4112 2271 4159 est
2320 4104 2685 4172 expetendum
2738 4103 3117 4173 Agarenorum
3169 4102 3363 4173 jngum

1776 4195 1967 4265 quovis
2005 4193 2170 4247 modo
2205 4202 2485 4256 excutere,
2537 4193 2896 4260 Romanoque
2931 4192 3158 4262 adjungi
3190 4195 3363 4262 impe-

1774 4287 1878 4351 rio,
1916 4295 1977 4340 ut
2014 4300 2126 4339 sua:
2152 4284 2338 4353 stirpis
2374 4284 2567 4338 ducem
2605 4284 2790 4337 liceret
2820 4283 3089 4338 obtinere.

1845 4381 1937 4435 2|.
1999 4379 2126 4433 Erat
2175 4394 2307 4432 vero
2374 4388 2637 4446 praeterea
2690 4375 2983 4431 Persarum
3037 4375 3145 4429 dux
3192 4375 3369 4430 Balteo

1774 4472 2039 4526 nomine:
2082 4469 2129 4523 is
2176 4483 2351 4522 annos
2390 4467 2501 4536 jam
2547 4467 2789 4535 quinque
2838 4465 2907 4519 ab
2977 4476 3371 4518 ameramnune

107 4553 179 4603 iui.
216 4556 459 4625 πτέρναν
525 4553 744 4623 ἐπάρας
781 4553 901 4606 κατ’
934 4553 1099 4606 αὐτοῦ
1140 4556 1198 4607 ἐν
1227 4556 1464 4626 χιλιάσιν
1491 4559 1629 4611 ἑπτά
1654 4575 1667 4589 ·

1779 4563 2073 4623 defecerat,
2113 4561 2281 4629 inque
2325 4574 2450 4613 eum
2491 4574 2615 4612 cum
2646 4567 2854 4625 septem
2903 4556 3147 4611 millibus
3190 4556 3371 4609 calca-

106 4643 147 4705 ri;
176 4648 261 4699 iui.
310 4648 474 4717 πόθῳ
508 4646 657 4715 πρὸς
691 4646 783 4698 τὸν
809 4646 1077 4715 Θεόφοῦον
1104 4650 1199 4700 καὶ
1236 4649 1389 4719 φόϐῳ
1416 4650 1494 4721 τῷ
1523 4651 1584 4717 ἐξ
1610 4645 1673 4705 οὗ

105 4737 277 4809 ἀπέστη
310 4738 645 4810 Ἀγάρηνοῦ
668 4739 805 4809 πρὸς
825 4740 926 4810 τὴν
962 4739 1276 4811 Ῥωμαϊκὴν
1318 4742 1678 4814 ἐπικράτειαν

106 4832 216 4883 κατὰ
240 4833 397 4885 πόλιν
426 4831 700 4898 Σινώπην
732 4830 950 4900 ἔρχεται
970 4872 986 4896 ,
1011 4834 1106 4884 καὶ
1132 4832 1210 4902 τῷ
1246 4832 1457 4902 βασιλεῖ
1485 4837 1680 4890 ἑαυτόν

104 4937 146 4974 τε
173 4926 334 4978 καὶτὸ
366 4927 503 4979 ὅλον
539 4923 699 4987 ἔθνος
732 4924 973 4994 ὑπήκοον
997 4927 1263 4984 τέθεικεν.
1295 4928 1395 4981 Διά
1419 4946 1501 4982 τοι
1528 4930 1686 4984 τοῦτο

106 5014 243 5068 τόντε
270 5017 572 5087 Θεόςροὸον
602 5018 635 5069 ὁ
666 5016 924 5083 Θεόφιλος
972 5022 1107 5090 τιμῇ
1142 5024 1209 5091 τῇ
1257 5023 1567 5093 πατρικίων
1600 5028 1685 5077 ὲν-

105 5109 315 5177 σρεθμεῐ,
338 5113 439 5164 καὶ
463 5112 542 5179 τῇ
580 5109 782 5162 ἑαυτοῦ
814 5110 1016 5181 ἀδελφῇ
1042 5114 1181 5181 πρὸς
1209 5115 1387 5184 γάμον
1412 5118 1683 5183 ἐκδίδωσι,

111 5201 527 5271 σθίιαρμὸζεσθαί
596 5217 659 5253 τε
694 5199 924 5255 ἕκαστον
979 5203 1087 5257 τῶν
1150 5206 1373 5276 Περσῶν
1406 5211 1691 5279 νομοθετεῖ

105 5296 192 5352 τῗιῖς
226 5297 540 5366 Ῥωμαίοις
574 5294 678 5347 καὶ
707 5296 827 5348 κατ’
862 5297 1165 5367 ἐπιγαμίαν
1196 5300 1466 5355 ἅπτεσθαί
1495 5319 1556 5354 τε
1591 5305 1689 5357 καὶ

106 5383 439 5454 συνείρεσθιι,
482 5385 734 5448 πολλοὺς
762 5385 968 5439 τούτων
1005 5390 1117 5451 τοῖς
1143 5388 1445 5457 βασιλικοῖς
1474 5392 1687 5463 ὲμπρέο

108 5488 200 5527 πειν
218 5480 503 5549 ἀξιώμασι
539 5478 895 5548 πεποιηκώς.
942 5481 1105 5534 Ἀλλά
1160 5484 1255 5535 καὶ
1299 5483 1488 5551 κώδιξι
1514 5502 1681 5555 στρα-

106 5574 340 5635 τιωτικοῖς
397 5571 627 5633 αὐτοὺς
689 5571 1100 5642 ἁναγράφεται,
1158 5574 1255 5628 καὶ
1288 5575 1477 5646 τάγμα
1508 5575 1679 5640 οὓτως

109 5656 407 5727 ηλοὺμενον
476 5661 771 5729 Περσικὸν
833 5664 1230 5734 ἐγκατέστησε,
1264 5668 1350 5720 καὶ
1396 5669 1510 5728 τοῖς
1541 5671 1683 5720 κατὰ

1781 4671 1944 4711 neum
1975 4655 2197 4709 levarat.
2232 4653 2283 4707 Is
2329 4664 2443 4705 tum
2471 4651 2750 4706 desiderio
2790 4666 2917 4719 erga
2952 4649 3368 4718 TheOphobum,

1786 4760 1901 4803 tum
1939 4746 2168 4817 Agareni
2210 4755 2379 4810 metu,
2432 4760 2462 4798 a
2508 4758 2621 4811 quo
2654 4742 2947 4804 defecerat,
2992 4741 3056 4795 ad
3092 4740 3371 4795 Romano-

1785 4857 1908 4897 rum
1938 4841 2080 4895 ultro
2109 4840 2377 4894 ditionem
2407 4839 2460 4891 in
2489 4838 2681 4892 urbem
2715 4835 2973 4913 Sinopem
2998 4843 3368 4898 concesserat,

1793 4948 1964 5003 seque
1997 4934 2115 5001 ipse
2139 4946 2203 4986 ac
2235 4940 2403 4984 totam
2435 4937 2651 5000 gentem
2685 4928 3004 4996 imperatori
3039 4925 3369 4995 subjecerat.

1793 5025 2003 5079 ideirco
2054 5020 2395 5089 Theophilus
2442 5028 2555 5073 tum
2612 5018 2843 5088 patricia
2881 5018 3146 5085 dignitate
3192 5015 3372 5070 Theo-

1793 5120 2034 5191 phobum
2068 5125 2230 5185 auget
2274 5128 2499 5184 suaeque
2545 5113 2723 5167 sorori
2776 5110 3131 5165 matrimonio
3170 5109 3370 5179 jungit;

1795 5221 1911 5266 tum
1942 5210 2051 5264 lata
2090 5208 2208 5277 lege
2241 5206 2424 5262 Persis
2460 5204 2720 5259 omnibus
2750 5202 2922 5257 libera
2953 5217 3078 5257 cum
3108 5200 3374 5255 Romanis

1792 5303 2048 5373 coniugia
2092 5300 2243 5365 facit,
2283 5309 2341 5355 et
2389 5306 2449 5353 ut
2489 5295 2970 5352 matrimoniorum
3010 5309 3132 5349 cum
3164 5293 3243 5347 eis
3274 5291 3375 5346 fa:-

1790 5397 1921 5451 dera
1944 5396 2178 5466 jungere
2206 5393 2389 5457 liceat,
2431 5389 2619 5445 multis
2644 5403 2835 5444 eorum
2870 5388 3035 5457 regiis
3070 5385 3375 5440 Itonrsmtis

1787 5488 2192 5556 dignitatibus.
2266 5497 2571 5554 eorumque
2628 5483 2942 5537 nominibus
2996 5480 3051 5533 in
3105 5480 3373 5533 miiitarrs

1783 5582 2003 5635 codices
2061 5579 2274 5646 relatis,
2315 5578 2506 5646 sicque
2554 5590 2623 5629 ex
2672 5575 2780 5629 illis
2826 5572 3121 5629 constituta
3166 5569 3378 5639 iesione

1791 5687 1956 5741 quam
2003 5671 2275 5727 Persicam
2308 5675 2527 5729 vocant,
2582 5665 2843 5721 Romanis
2882 5664 3140 5719 adversus
3175 5661 3377 5732 Agare«

1374 5760 1606 5817 VMll/E
1643 5763 2051 5821 LECTlONES.

162 5847 195 5876 “
220 5850 303 5902 ἐπὶ
329 5848 452 5921 τήν]
497 5847 617 5917 τὴν
658 5848 750 5901 ἐπὶ
776 5849 834 5904 Ρ.
