4158 6442
739 378 837 439 1:37

1796 376 2302 435 'l‘llEUl’ll.\NES
2332 375 2896 437 CONTINUATL'S.

3902 377 4007 439 123

737 507 837 545 nos
880 490 944 543 ad
1005 489 1203 544 bellum
1261 490 1681 558 proccdcutibus
1739 506 1857 542 cam
1921 487 2307 542 connumerari

2441 488 2654 557 πόλεμον
2714 489 2920 553 ἐξιοῦσι
2988 490 3284 557 Ὶίυμαῖοις
3340 494 3479 542 κατὰ
3519 490 3627 542 τῶν
3679 491 4005 559 Ἀγαρηνῶν

730 584 919 652 jussit.

808 673 899 727 2‘2.
961 672 1058 728 llis
1103 688 1234 741 ergo
1292 671 1425 725 viris
1477 670 1647 725 fretus
1688 669 2046 739 Theophilus,
2075 670 2220 739 quod
2256 677 2310 722 et

739 766 877 821 alias
932 766 1076 820 bello
1142 774 1402 817 strenuos
1466 763 1664 823 sciret,
1714 764 1976 815 adversus
2029 761 2309 829 Agarenos

741 855 1127 925 proﬁciscitur,
1184 870 1308 908 cum
1361 863 1415 907 et
1464 852 1765 915 lbraemns,
1804 853 1878 907 uti
1943 852 2152 907 dictum
2202 861 2309 915 est,

742 948 899 1018 113
955 948 1119 1001 etiam
1177 946 1290 1013 ipse
1346 947 1398 998 in
1450 960 1550 999 nos
1591 946 1872 998 movisset.
1938 943 2075 999 Cum
2126 945 2313 1012 itaque

740 1036 1043 1105 ambaajam
1082 1038 1248 1098 acies,
1280 1052 1342 1089 ac
1375 1045 1486 1089 tum
1513 1035 1889 1105 Agarenorum
1917 1034 2170 1104 princeps
2197 1045 2311 1089 tum

739 1128 1077 1197 Theophilus
1108 1128 1160 1180 in
1189 1127 1367 1179 vicino
1394 1138 1601 1192 essent,
1626 1138 1881 1195 essetque
1912 1143 1998 1180 res
2026 1127 2078 1179 in
2112 1127 2317 1181 delibe-

741 1222 1011 1276 rationem
1057 1231 1271 1283 vocata,
1324 1219 1586 1275 Manuelis
1616 1236 1679 1275 ea
1730 1220 2001 1276 sententia
2055 1219 2181 1286 fuit,
2230 1222 2314 1273 in-

740 1317 965 1386 dignum
1006 1313 1176 1366 videri
1201 1312 1572 1367 lloiiianorum
1595 1313 1983 1381 imperatorem
2010 1328 2134 1369 cum
2167 1328 2317 1366 ame-

741 1420 1011 1460 ramnune
1066 1414 1319 1459 conserta
1377 1406 1494 1459 acie
1543 1420 1806 1472 pugnare;
1862 1420 2029 1457 unum
2082 1405 2314 1473 aliquem

741 1513 865 1550 cum
911 1508 1063 1566 parte
1113 1498 1384 1550 exercitus
1428 1498 1480 1549 in
1525 1512 1649 1550 cum
1691 1497 2115 1558 inimittemlum,
2158 1498 2319 1565 idque

745 1588 978 1641 interdiu
1032 1586 1391 1640 factitandum
1457 1604 1601 1642 esse.
1688 1587 1889 1641 Contra
1952 1587 2321 1655 The0phobus

743 1689 1067 1750 praesentem
1121 1679 1173 1731 in
1218 1682 1335 1736 acie
1370 1682 1751 1748 imperatorem
1801 1681 1993 1735 adesse
2032 1682 2317 1749 suadebat;

748 1784 913 1827 noctu
965 1783 1145 1829 tamen
1191 1773 1697 1837 congrediendum,
1758 1760 2119 1840 impressione
2180 1772 2319 1829 facta

2411 581 2431 616 ἓ
2444 581 2599 650 ναριθ
2609 581 2828 649 μεῖσθαι
2864 583 3030 650 προσέ
3042 582 3160 645 ταξε
3172 621 3185 633 .

2483 670 2588 741 κβ’.
2614 670 2838 733 Τούτοις
2861 671 2991 739 γοῦν
3019 671 3380 741 τεθαρρηκὼς
3402 672 3431 724 ό
3454 671 3733 741 Θεόιριλος,
3760 675 3885 725 ἐπεὶ
3908 675 4009 725 καὶ

2412 763 2588 825 ἄλλως
2616 763 2735 833 ᾔδει
2760 763 2984 825 τούτους
3013 764 3583 832 ἁνδραγαθιζομένους
3602 805 3617 826 ,
3656 767 3733 826 εις
3760 766 4011 831 πόλεμον

2413 860 2556 913 κατὰ
2581 858 2689 911 τῶν
2747 857 3064 926 Ἀγαρηνῶν
3104 858 3273 924 ἔξεισι
3310 862 3406 911 καὶ
3458 859 3552 911 τοῦ
3608 858 3839 927 Ίὸραὴμ
3878 857 4011 909 καθ’

2414 950 2591 1020 ἡμῶν,
2625 950 2701 1011 ὡς
2729 949 2968 1018 εἴρηται,
2997 949 3517 1018 ἐκστρατεύσαντος.
3580 949 3841 1016 Ἐπεὶπερ
3871 949 4012 1015 τοῖν

2414 1042 2581 1109 ἐγγὺς
2610 1040 2859 1110 ἀλλήλων
2881 1042 2909 1091 ὅ
2936 1058 2997 1093 τε
3022 1040 3131 1093 τῶν
3164 1041 3500 1111 Σαρακηνῶν
3534 1042 3775 1110 ἀρχηγὸς
3810 1042 4011 1107 ἐγεγις..

2416 1151 2496 1186 νει
2526 1134 2620 1185 καὶ
2641 1134 2668 1185 ὁ
2692 1131 2973 1201 Θεόφιλος,
2998 1132 3106 1185 ἔδει
3126 1132 3181 1185 δὲ
3206 1134 3302 1185 καὶ
3337 1133 3553 1203 βουλῆς,
3574 1133 3601 1183 ὁ
3625 1133 3723 1201 μὲν
3744 1134 4013 1203 Μανουὴλ

2416 1226 2477 1278 ού
2522 1224 2730 1277 δίκαιον
2784 1224 2954 1295 ἔφησε
3011 1224 3239 1293 βασιλέα
3280 1225 3575 1292 Ῥωμαίων
3628 1224 3765 1292 πρὸς
3792 1226 4014 1293 ἀμερατ

2422 1319 2625 1386 μνουνῆ
2646 1316 2924 1380 πολεμεῖν,
2948 1315 3085 1369 ἀλλά
3102 1333 3223 1369 τινα
3259 1316 3429 1385 μέρος
3453 1316 3685 1368 λαεόντα
3708 1316 3814 1367 τῶν
3838 1332 4017 1385 στρα-

2418 1408 2689 1460 τιωτικῶν
2735 1408 2939 1471 ἐξιέναι
2993 1410 3133 1461 κατὰ
3161 1408 3456 1475 πρόσωπον
3494 1407 3605 1459 τῶν
3640 1407 3871 1476 ἐχθρῶν,
3912 1408 4016 1459 καὶ

2422 1500 2537 1569 ἅμα
2598 1500 2714 1569 μεθ’
2748 1500 2965 1569 ἡμέραν
2997 1500 3157 1551 τοῦτο
3188 1503 3385 1563 ποιεῖν,
3413 1503 3441 1551 ὁ
3470 1499 3741 1566 Θεὸφοδος
3769 1500 3822 1550 δὲ
3864 1496 4016 1551 εἶναι

2426 1596 2527 1662 μὲν
2562 1595 2653 1645 ἐπὶ
2701 1594 3061 1663 παρατάξεως
3099 1593 3189 1645 τὸν
3221 1593 3445 1663 βασιλέα
3477 1594 3751 1656 ἐϐούλετο,
3787 1594 4022 1664 νύκτωρ

2422 1684 2478 1737 δέ
2510 1684 2824 1753 ἐπιτεθῆναι
2856 1686 3040 1745 αὐτοῖς
3078 1685 3214 1752 μετὰ
3236 1683 3330 1736 τοῦ
3355 1684 3464 1736 τῶν
3497 1686 3720 1755 Περσῶν
3751 1685 4020 1750 πεζικοῦ,

2426 1777 2516 1829 καὶ
2568 1777 2658 1828 ὅτε
2712 1775 2875 1827 πάλιν
2915 1775 3179 1843 δεήσειεν,
3232 1776 3608 1828 ὲπικυκλῶσαι
3660 1778 3721 1828 τὸ
3761 1777 4023 1831 ἱππικόν.

746 1882 843 1934 per
878 1868 1129 1922 Persicas
1157 1868 1436 1938 pedestres
1468 1867 1674 1934 copias;
1725 1881 1788 1920 ac
1832 1878 1945 1921 tum
1982 1878 2169 1937 postea
2196 1883 2319 1922 cum

2441 1870 2579 1921 Ἀλλ’
2600 1870 2699 1922 οὐκ
2728 1868 2914 1921 ἔπεισε
2940 1868 3034 1921 τὸν
3061 1869 3308 1936 βασιλέα,
3332 1870 3594 1921 εἰπόντων
3621 1868 3851 1931 πολλῶν,
3880 1887 4028 1935 σφε-

746 1975 974 2014 necesse
1011 1962 1197 2025 fuerit,
1229 1969 1514 2028 equestres
1560 1969 1767 2013 turmas
1798 1969 1995 2027 praesto
2031 1959 2167 2023 fore,
2202 1977 2325 2029 qua:

746 2049 1000 2102 hostilem
1041 2050 1340 2102 exercitum
1364 2056 1549 2103 essent
1578 2047 1943 2101 conclusuraa.
1984 2048 2184 2103 Verum
2215 2067 2323 2103 non

746 2141 1024 2209 acquievit
1054 2144 1375 2210 imperator,
1421 2139 1609 2192 multis
1656 2140 1859 2195 idcirco
1894 2158 2127 2210 pugnam
2160 2152 2323 2197 noctu

746 2233 1143 2287 conserendam
1194 2232 1428 2286 suadere
1469 2230 1864 2301 Theophobum
1896 2233 2226 2298 dicentibus,
2267 2243 2328 2290 ut

748 2325 852 2378 sibi
905 2325 1006 2394 ipsi
1057 2324 1431 2378 Romanorum
1484 2324 1789 2379 vindicaret
1824 2327 2075 2395 gloriam.
2124 2326 2326 2395 Aperto

750 2418 937 2486 itaque
966 2415 1136 2471 Marte
1162 2417 1441 2471 decretum
1486 2426 1543 2469 ut
1573 2432 1697 2470 cum
1731 2416 1888 2471 hoste
1928 2419 2341 2488 congredereno,

750 2518 862 2559 tur.
906 2507 1175 2561 Caeterum
1210 2506 1513 2569 lhraemus,
1558 2506 1823 2561 ini-crtum
1855 2525 1984 2562 num
2020 2512 2329 2581 arrogantia

748 2599 951 2653 ductus
999 2614 1066 2651 an
1131 2599 1477 2667 imperatoris
1540 2611 1686 2653 metu
1752 2603 2116 2668 conterritus,
2180 2614 2330 2673 parte

750 2691 1031 2745 exercitus
1083 2703 1364 2759 assumpta
1411 2693 1660 2757 recessit,
1716 2693 1964 2748 immisso
2006 2696 2330 2750 Abuchazar

751 2800 877 2838 cum
938 2783 1215 2852 octoginta
1281 2784 1521 2838 millibus
1580 2796 1915 2838 armatorum
1976 2786 2043 2839 ad
2092 2802 2328 2856 pugnam

750 2878 1173 2929 conserendam.
1244 2873 1343 2927 Diu
1408 2877 1664 2944 utrinque
1723 2876 1938 2930 fortiter
1987 2879 2329 2947 dimicatum;

755 2969 972 3022 tandem
1022 2968 1223 3021 schol-.e
1264 2983 1388 3021 cum
1443 2969 1745 3021 domestico
1791 2969 2032 3023 adversae
2061 2971 2195 3025 aciei
2231 2972 2332 3025 int-

754 3069 883 3128 petu
922 3069 1122 3112 coacta:
1163 3059 1355 3112 cedere
1390 3072 1453 3112 ac
1494 3061 1674 3126 [ngam
1716 3059 1872 3112 inire.
1929 3058 2175 3127 Hincque
2198 3061 2333 3115 adeo

2424 1960 2776 2029 τεριζομένου
2801 1959 2846 1991 ³⁸
2866 1960 2961 2012 τοῦ
2991 1959 3262 2027 Θεοφόϐου
3291 1960 3388 2028 τὴν
3413 1958 3519 2010 τῶν
3549 1960 3836 2029 Ῥωμαίων
3852 1960 4031 2022 δόξαν

2428 2052 2521 2104 καὶ
2551 2051 2639 2104 διὰ
2670 2049 2828 2103 τοῦτο
2856 2051 3185 2120 βουλομένου
3220 2053 3278 2103 ἐν
3333 2052 3490 2103 νυκτὶ
3540 2053 3801 2119 πολεμεῖν
3822 2068 3836 2083 ο
3874 2052 4033 2122 πλὴν

2427 2142 2602 2208 ἔδοξεν
2634 2143 2713 2205 εἰς
2739 2143 3050 2212 τούμφανὲς
3077 2142 3196 2210 μεθ’
3234 2143 3450 2213 ἡμέραν
3494 2142 3759 2213 συρῤῆξαι
3788 2142 3883 2196 τὸν
3916 2144 4035 2197 1:6-

2429 2235 2482 2286 λε
2495 2252 2613 2305 μον.
2648 2234 2758 2287 Καὶ
2786 2237 2815 2286 b
2846 2235 2943 2303 μὲν
2974 2233 3227 2303 Ἰὄραὴμ,
3248 2236 3348 2286 εἰτ’
3376 2234 3552 2295 ἄλλως
3579 2233 4034 2297 καταλαζονευό-

2433 2343 2593 2397 μενος
2626 2328 2736 2380 εῐτε
2762 2326 2826 2398 δὴ
2856 2329 2950 2380 καὶ
2981 2327 3129 2395 φόϐῳ
3153 2327 3417 2396 βασιλέως
3451 2327 4038 2397 περιστοιχιζόμενος,

2434 2426 2601 2493 μέρος
2632 2423 2816 2477 λαϐὼν
2848 2422 2942 2476 τοῦ
2985 2423 3220 2493 στρατοῦ
3247 2421 3618 2493 ἀνεχώρησεν,
3669 2422 4039 2493 Ἀδουχάζαρ

2430 2517 2488 2569 δὲ
2521 2517 2657 2585 πρὸς
2686 2516 2776 2568 τὸν
2828 2515 2972 2568 κατὰ
3001 2516 3266 2584 βασιλέως
3292 2516 3530 2584 πόλεμον
3567 2516 3705 2583 μετὰ
3734 2514 4037 2584 μυριάδων

2431 2606 2575 2661 ὀκτὼ
2600 2605 3007 2671 ἐξαπέστειλεν,
3060 2605 3111 2657 οἳ
3152 2606 3247 2657 καὶ
3278 2603 3562 2673 καρτερῶς
3594 2606 3733 2671 ἄγαν
3760 2605 4043 2674 ἁνδρισα-

2436 2700 2612 2767 μένων
2641 2697 2973 2767 ἀμςροτέρων
3007 2698 3100 2750 ἐπὶ
3135 2696 3292 2758 πολὺ,
3330 2695 3412 2767 [Ρ.
3456 2696 3545 2767 7i]
3577 2697 3733 2760 τέλος
3773 2696 4044 2751 ἐνδοῦναι

2431 2787 2531 2851 τὰς
2580 2787 2775 2855 σχολὰς
2829 2786 2966 2854 μετὰ
3019 2784 3114 2838 τοῦ
3149 2787 3472 2855 δομεστίκου
3526 2788 3619 2839 καὶ
3675 2788 3809 2857 πρὸς
3838 2787 4047 2856 φυγὴν

2433 2880 2709 2949 τραπῆναι
2756 2878 3127 2943 ἐξεὸιάσαντο.
3185 2878 3349 2930 Ὀθεν
3397 2879 3425 2931 ό
3454 2878 3708 2947 βασιλεὺς
3741 2878 3880 2947 μετὰ
3926 2877 4049 2946 τῆς

2437 2972 2723 3041 βασιλικῆς
2754 2971 3031 3039 φάλαγγος
3053 2972 3147 3022 καὶ
3168 2970 3264 3021 δύο
3288 2970 3543 3038 χιλιάδων
3576 2971 3825 3040 Περσῶν,
3849 2988 4050 3040 προσ-

2436 3066 2588 3125 όντος
2646 3064 2854 3126 τούτοις
2909 3064 3002 3115 καὶ
3040 3062 3134 3115 τοῦ
3187 3063 3485 3129 Θεοφόϐου,
3514 3064 3608 3115 ἐπί
3636 3079 3780 3125 τινος
3834 3061 4054 3129 βουνοῦ

758 3156 1055 3223 imperator
1100 3168 1224 3205 cum
1272 3152 1495 3204 cohorte
1551 3153 1802 3219 praetoria
1849 3162 1901 3204 et
1936 3153 2152 3205 duobus
2202 3153 2333 3208 l’er—

2445 3158 2705 3220 σέσωστο,
2733 3157 2824 3207 τὸν
2858 3156 2986 3225 περὶ
3015 3155 3195 3224 ψυχῆς
3226 3155 3471 3208 κίνδυνον
3505 3155 3880 3224 ὑφορώμενος.
3921 3157 4058 3209 Καὶ

757 3261 947 3301 sarum
1000 3246 1262 3305 millibus.
1314 3260 1420 3297 una
1455 3245 1617 3297 etiam
1668 3245 1927 3311 adjuncto
1979 3244 2335 3314 TheOphobo,

762 3341 817 3392 in
866 3339 1060 3391 collem
1107 3338 1398 3406 quemdam
1432 3336 1595 3391 saluti
1629 3347 1876 3387 metuens
1903 3337 2095 3389 evasit.
2131 3337 2341 3391 Acriter

760 3433 829 3484 ad
875 3444 1160 3499 vesperam
1205 3444 1379 3497 usque
1423 3429 1569 3483 circa
1624 3430 1777 3481 illum
1834 3441 2157 3497 pugnatum,
2221 3430 2343 3485 aliis

761 3532 1024 3592 capturos
1066 3538 1123 3577 se
1176 3523 1557 3590 imperatorem
1607 3522 2032 3588 conlidentibus,
2091 3524 2214 3578 aliis
2259 3525 2343 3577 ul-

763 3612 1100 3668 ciscentibus
1146 3612 1308 3683 114
1350 3629 1450 3667 nec
1493 3628 1620 3667 eum
1666 3614 1893 3681 prodere
1922 3616 2342 3670 sustinentibus.

763 3706 933 3761 Nocte
982 3710 1164 3773 itaque
1212 3707 1653 3774 superveniente,
1704 3706 1796 3773 qui
1843 3721 1967 3758 cum
2017 3705 2347 3775 imperatore

765 3809 943 3863 crant,
982 3797 1236 3851 simulata
1268 3797 1449 3865 gaudii
1479 3800 1659 3866 specie
1693 3809 2035 3866 perstrepere
2065 3801 2344 3863 manibus,

766 3891 1134 3955 conclamare,
1157 3891 1426 3961 cinnyris,
1451 3890 1693 3951 chordis,
1716 3891 1962 3958 aliasque
1990 3892 2346 3947 buccinarum

768 3986 951 4044 sonitu
976 4000 1157 4041 aerem
1204 3986 1433 4055 strepitu
1494 3986 1744 4052 implere;
1794 4000 1905 4052 quo
1952 3986 2210 4040 nimirum
2260 3986 2347 4041 in-

769 4088 959 4149 gentes
984 4079 1089 4134 sibi
1122 4089 1315 4135 auctas
1346 4093 1473 4148 spes
1500 4080 1736 4147 novique
1766 4079 1998 4133 subsidii
2031 4080 2349 4149 opinionem

772 4170 1150 4225 conterrcndis
1196 4170 1435 4224 hostium
1483 4171 1684 4223 animis
1730 4172 2061 4239 ingererent.
2102 4170 2257 4237 Quod
2296 4183 2352 4227 et

774 4263 848 4318 ita
888 4263 1139 4333 contigit.
1171 4260 1283 4317 Hoc
1308 4263 1456 4317 enim
1480 4262 1658 4333 ipsum
1692 4262 1767 4316 illi
1800 4265 2168 4332 suspicantes,
2199 4281 2263 4320 ac
2284 4281 2352 4320 ne

774 4355 830 4411 in
853 4355 1001 4425 ipsos
1026 4356 1211 4410 hostes
1240 4356 1602 4424 irrumperent
1630 4357 1698 4408 ab
1727 4355 1915 4424 eisque
1942 4356 2352 4410 circumdaren-

775 4457 888 4513 tur,
929 4449 997 4501 ad
1051 4463 1145 4502 sex
1190 4446 1335 4499 milia
1384 4462 1646 4516 passuum
1704 4463 2001 4501 recessere.
2054 4449 2355 4517 imperator

2444 3248 2570 3318 ἄχρι
2605 3249 2703 3317 μὲν
2755 3249 2993 3317 ἑσπέρας
3026 3248 3197 3309 πολὺς
3238 3243 3306 3319 ἦν
3357 3250 3385 3300 ὁ
3418 3250 3546 3316 περὶ
3580 3248 3741 3301 αὑτὸν
3770 3248 4056 3318 πόλεμος,

2441 3338 2552 3389 τῶν
2582 3339 2681 3406 μὲν
2711 3338 3045 3401 ἐλπιζόντων
3086 3336 3277 3389 τοῦτον
3315 3338 3409 3388 ἐπὶ
3442 3339 3634 3406 χεῖρας
3675 3337 3889 3403 λαϐεῖν,
3925 3338 4063 3391 τῶν

2444 3430 2498 3481 δέ
2521 3430 2942 3497 ἁνταμυνόντων
2976 3428 3070 3481 καὶ
3100 3426 3174 3496 μὴ
3203 3426 3494 3497 προδοῦναι
3524 3427 3713 3480 τοῦτον
3736 3428 4065 3497 διακαρτε-

2449 3519 2706 3588 ρούντων.
2739 3520 2829 3571 Διὸ
2853 3519 3049 3581 νυκτὸς
3076 3519 3203 3589 ἄρτι
3225 3518 3527 3587 γενομένης
3574 3520 3791 3585 κρότοις
3832 3519 4066 3588 χειρῶν

2445 3630 2505 3665 τε
2530 3614 2624 3665 καὶ
2659 3612 3005 3682 ἀλαλαγμοῖς
3052 3612 3296 3682 ἐχρῶντο
3327 3613 3377 3664 οι
3432 3610 3574 3679 μετὰ
3619 3610 3713 3663 τοῦ
3746 3610 4065 3679 βασιλέως,

2449 3704 2665 3774 χαίρειν
2710 3701 3195 3771 προσποιούμενοι,
3251 3700 3536 3771 κιννύραις
3569 3716 3627 3751 τε
3668 3700 3762 3753 καὶ
3816 3701 4075 3769 χορδαῖς

2449 3799 2544 3850 καὶ
2570 3796 2745 3858 ἄλλως
2772 3793 3036 3863 βουκίνων
3086 3794 3293 3861 φωναῖς
3319 3793 3410 3845 τὸν
3444 3792 3642 3863 αἰθέρα
3664 3792 4069 3863 περιεδόνουν,

2449 3889 2671 3950 ἐλπίδας
2703 3888 2764 3939 ού
2788 3886 2888 3949 τὰς
2913 3884 3187 3955 τυχούσας
3208 3886 3323 3947 τοῖς
3356 3885 3573 3954 ἐχθροῖς
3597 3883 3843 3946 θέλοντες
3876 3901 4070 3956 περι-

2452 3983 2697 4051 ποιῆσαι.
2735 3981 2799 4033 Ὃ
2823 3980 2918 4033 καλ⁸
2950 3978 3153 4050 συνέῶ]
3181 3994 3196 4009 ο
3233 3980 3387 4048 μὶλια
3433 3978 3543 4046 γὰρ
3594 3977 3651 4041 ἒξ
3686 3978 4075 4046 ὑποχωρῆσαι

2450 4073 2675 4136 τούτους
2722 4075 2803 4135 εἰς
2848 4072 3095 4125 τούπίσω
3142 4071 3265 4125 τινὰ
3298 4068 3709 4139 κατορρωδοῦσι
3733 4069 4077 4143 προσϐολήν

2451 4182 2509 4218 τε
2544 4166 2638 4218 καὶ
2664 4164 2941 4217 κύκλωσιν
2973 4163 3361 4235 προσεγένετο.
3388 4162 3553 4215 Ὅθεν
3581 4161 3764 4224 ἀδείας
3790 4162 4079 4231 τυχόντες

2459 4260 2658 4330 μικρᾶς
2681 4259 2730 4311 οἱ
2762 4261 2891 4329 περὶ
2913 4258 3006 4310 τδν
3032 4256 3278 4327 βασιλέα,
3305 4256 3495 4327 πόρρω
3517 4271 3623 4308 που
3653 4255 3868 4310 νυκτῶν
3898 4263 4079 4327 φυτῇ

2455 4351 2792 4423 χρησάμενοι
2850 4351 2952 4419 τὴν
3009 4348 3287 4418 σωτηρίαν
3338 4346 3894 4416 ἐπραγματεύσαντο,
3957 4352 4084 4400 καὶ

2460 4448 2597 4514 πρὸς
2623 4444 2702 4513 τῷ
2732 4442 3133 4513 καταπροδόντι
3176 4440 3367 4493 τοῦτον
3426 4438 3802 4510 στρατεύματι
3852 4438 3960 4491 καὶ
3996 4441 4089 4492 τὰ

774 4555 901 4594 cum
932 4541 1048 4595 suis
1080 4539 1422 4608 aliquantum
1451 4540 1696 4609 periculo
1734 4540 2052 4595 sublevatus
2093 4540 2218 4609 fuga
2260 4555 2337 4595 sa-

2461 4539 2605 4593 νῶτα
2640 4536 2787 4590 δόντι
2816 4538 2930 4599 τοῖς
2982 4534 3200 4605 ἐχθροῖς
3248 4531 3610 4602 διεσώθησαν.
3649 4528 3915 4599 Μέμψεσι
3956 4532 4091 4600 μὲν

776 4633 948 4687 lutem
978 4629 1276 4700 expedivit,
1300 4638 1355 4685 et
1374 4631 1440 4685 ad
1470 4631 1778 4685 exercitum
1813 4631 1906 4701 qui
1940 4631 2260 4701 prodiderat
2289 4648 2355 4687 ac

778 4727 1009 4796 turpiter
1040 4736 1189 4796 terga
1220 4724 1447 4779 dederat
1473 4724 1767 4779 incolumis
1787 4724 1991 4780 evadit.
2022 4725 2101 4780 Ac
2129 4725 2354 4795 quidem

779 4819 1112 4888 proditorem
1160 4817 1462 4873 exercitum
1497 4817 1796 4886 imperator
1850 4816 2035 4871 acrius
2080 4817 2354 4887 objurgat,

779 4924 1051 4964 summam
1082 4924 1214 4963 vero
1250 4907 1587 4978 Theophobo
1631 4908 1858 4978 suisque
1894 4909 2123 4977 gratiam
2174 4910 2357 4974 habet,

782 5004 1131 5075 prtemiisque
1173 5018 1239 5058 ac
1283 5001 1584 5057 honoribus
1625 5001 1911 5072 magniﬁce
1948 5002 2177 5073 accepit.
2221 5000 2361 5058 Hinc

782 5095 964 5152 Persa:
1014 5095 1243 5151 ferventi
1303 5095 1357 5149 in
1424 5093 1820 5165 Theophobum
1880 5109 2068 5149 amore
2125 5094 2356 5159 incensi,

786 5190 1200 5257 incredibilique
1231 5190 1431 5259 gaudio
1467 5190 1719 5256 animati,
1768 5205 1879 5245 uno
1907 5190 2002 5245 illo
2043 5190 2182 5244 duce
2222 5193 2362 5258 Aga-

787 5296 1044 5335 renorum
1082 5282 1186 5336 sibi
1230 5282 1433 5336 bellum
1486 5281 1741 5336 concredi
1776 5281 2077 5351 postulant,
2132 5279 2364 5335 invicta-

788 5388 897 5441 que
951 5373 1118 5427 animi
1188 5374 1240 5428 vi
1286 5386 1489 5429 certam
1561 5374 1665 5429 sibi
1726 5374 2055 5444 compressis
2120 5373 2368 5428 hostibus

795 5465 1122 5535 pollicentur
1181 5467 1493 5523 victoriam.
1551 5467 1919 5534 Quamobrem
1974 5469 2139 5521 etiam
2196 5465 2368 5535 impe-

793 5569 944 5616 rator
973 5558 1370 5630 Theophobum
1410 5558 1699 5615 Persarum
1728 5562 1922 5616 ducem
1958 5559 2075 5615 fore
2106 5560 2366 5615 decrevit.

865 5654 955 5706 2’5.
998 5650 1307 5723 Insequenti
1365 5670 1510 5709 anno
1559 5652 1894 5725 Theophilus
1929 5669 2120 5710 rursus
2179 5651 2367 5721 copias

2461 4624 2556 4683 οὖν
2613 4627 2829 4690 πολλαῖς
2861 4628 2891 4678 ὁ
2921 4624 3175 4695 βασιλεὺς
3223 4622 3285 4676 τὸ
3329 4620 3677 4692 προδεδωκὸς
3732 4619 4092 4690 στράτευμα

2463 4719 2861 4782 καθυπέὸαλεν,
2887 4719 3076 4787 χάρισι
3100 4714 3159 4769 δέ
3184 4715 3279 4768 καὶ
3307 4715 3497 4784 τιμαῖς
3525 4712 3897 4784 διαφερόντως
3932 4716 4095 4778 τοὺς

2466 4814 2596 4884 περὶ
2616 4812 2708 4865 τὸν
2737 4808 3010 4879 Θεὸφοόον
3035 4807 3351 4878 ἐγέραιρεν.
3376 4804 3543 4858 Ὅθεν
3567 4806 3616 4858 οἱ
3657 4805 3864 4876 Πέρσαι
3888 4804 4097 4877 ἔρωτι

2463 4906 2715 4974 διαπύρῳ
2748 4902 2886 4975 πρὸς
2914 4900 3008 4954 τὸν
3035 4898 3308 4967 Θεόφοὸον
3324 4896 3660 4961 ἐξεκαίοντο,
3693 4896 3787 4950 καὶ
3813 4896 4101 4971 θυμηδίᾳ

2463 5002 2572 5055 τινὶ
2598 5000 2823 5072 ἀρρήτῳ
2861 4993 3379 5065 ηάναθαρρυνόμενοι
3450 4992 3575 5063 μετ’»
3613 4989 3779 5044 αὐτοῦ
3804 4992 3902 5043 τὸν
3938 4996 4101 5047 κατ’

2478 5091 2799 5164 ’Λγαρηνῶν
2825 5086 3153 5143 ὑποδύεσθαι
3178 5085 3418 5156 πόλεμον
3447 5083 3778 5147 ἐλιτᾶνευον,
3807 5083 3908 5136 καὶ
3942 5087 4106 5154 τρέ-

2468 5202 2594 5238 πειν
2627 5183 2852 5246 τούτους
2890 5180 2949 5245 ἐξ
2970 5179 3244 5251 ἀηττήτου
3294 5177 3579 5247 δυνάμεως
3622 5175 3914 5229 ἐόεὸαιουν
3937 5193 3952 5205 ο
3992 5179 4111 5231 διδ

2473 5278 2567 5330 καὶ
2592 5277 2620 5328 ὁ
2654 5274 2909 5345 βασιλεὺς
2930 5270 3288 5342 ἡγεμονεύειν
3319 5268 3500 5321 αὐτῶν
3533 5266 3788 5319 ἐϐούλετο
3815 5265 3913 5319 τὸν
3941 5266 4114 5324 Θεό-

2477 5369 2667 5437 φοϐον.

2547 5641 2651 5710 κγ’.
2688 5638 2779 5702 Τῷ
2802 5639 2845 5691 δ’
2866 5636 3071 5691 ἐπιόντι
3105 5633 3341 5703 ἐνιαυτῷ
3367 5632 3533 5701 ἔξεισι
3564 5629 3723 5683 πάλιν
3750 5624 3974 5699 μετὰζυ
3996 5630 4079 5683 σί
4098 5673 4127 5683 -

2096 5743 2330 5801 νΑιιΙΑῐ
2368 5734 2770 5801 ιιιιιιίοκεδ.

874 5843 914 5866 ⁵³
951 5840 1022 5901 ὡς
1053 5849 1185 5908 5;.3
