4158 6442
146 403 215 465 199
870 406 1015 466 LIB.
1047 406 1161 467 ΙΙΙ.
1191 433 1258 441 -
1298 407 1789 471 TllEOIPIllLUS
1830 409 2247 472 MICIIAELIS
2279 415 2553 476 FILIUS.

3244 425 3340 488 120

142 532 248 582 μεως
271 514 299 566 ὁ
325 512 600 583 Θεόφιλος,
632 518 725 571 καὶ
756 519 896 571 κατὰ
945 521 1006 572 τὸ
1055 521 1359 591 Χαρσιανὸν
1396 524 1566 575 πολλὰ
1605 525 1667 575 ἐκ
1699 532 1735 585 Α

1770 525 2031 579 adversus
2065 527 2366 582 lsmaelitas
2400 530 2601 594 educit,
2635 545 2698 586 ac
2722 547 2844 586 cutn
2878 534 2957 589 eis
2987 550 3052 590 ex
3077 540 3342 608 superiori

140 606 210 674 τῆς
230 607 489 676 προτέρας
529 610 687 677 νίκης
728 610 836 662 τῶν
879 613 1238 682 Ἰσμαηλιτῶν
1269 614 1671 678 ἀπαυθαδιαζο-

141 698 274 766 μένων
294 700 386 752 καὶ
416 700 914 771 ἁλαζονευομένων,
938 704 1146 767 τούτοις
1180 704 1521 775 συμπλακεὶς
1546 707 1673 759 πολ-

138 788 229 852 106.;
269 807 324 841 τε
360 793 644 863 χειροῦται
694 795 921 861 τούτων,
954 797 1050 849 καὶ
1100 797 1247 851 λείαν
1301 799 1566 870 λαμϐάνει
1595 800 1671 862 ὡς

135 881 217 932 τῶν
236 881 383 934 πέντε
416 886 509 937 καὶ
541 886 717 938 εἴκοσι
748 886 873 957 ἄχρι
910 887 1179 957 χιλιάδων,
1212 890 1307 943 καὶ
1339 891 1477 961 μετὰ
1514 892 1670 962 νίκης

135 972 351 1043 λαμπρᾶς
370 974 504 1043 πρὸς
528 978 627 1047 τὴν
650 979 1040 1047 βασιλεύουσαν
1064 982 1443 1052 ἐπανέρχεται.
1469 984 1665 1055 Ἔτυχε

133 1062 233 1129 γοῦν
261 1082 338 1128 τις
368 1067 475 1119 τῶν
504 1070 598 1120 ἐπὶ
662 1072 863 1141 χειρῶν
907 1074 1107 1144 εὐφυΐᾳ
1149 1075 1467 1144 ὀνομαστῶν
1499 1078 1664 1147 αἰχμ-

133 1155 293 1209 άλωτον
305 1156 928 1235 ληφθῆναιᾌγαρηνῶν.
948 1164 1134 1233 Τούτῳ
1157 1164 1397 1235 μεγάλας
1413 1166 1507 1230 τὰς
1525 1169 1663 1223 κατὰ

130 1249 319 1319 πόλεμον
346 1251 548 1320 ἀρετὰς
580 1253 648 1306 δι’
679 1258 975 1327 ἐγγράφων
1006 1260 1301 1328 ἐγκωμίων
1335 1263 1363 1313 6
1397 1261 1506 1313 τῶν
1534 1278 1661 1332 σχο-

130 1340 209 1391 λῶν
260 1342 531 1409 προεστὼς
590 1345 909 1417 ἐμαρτύρει,
964 1349 1057 1401 καὶ
1104 1349 1350 1403 ἐϐεϐαίου
1378 1352 1454 1414 ὼς
1487 1352 1570 1423 εῐη
1604 1370 1660 1406 τε

127 1433 262 1497 δεξιὸς
282 1451 341 1486 πε
353 1437 405 1505 pl.
419 1437 519 1505 τὴν
548 1439 817 1493 ἱππασίαν
841 1440 936 1493 καὶ
957 1445 1057 1512 τὴν
1077 1442 1171 1496 τοῦ
1195 1444 1445 1513 σώματος
1468 1445 1659 1516 ῥώμην

128 1527 349 1591 γενναῖος.
392 1530 484 1581 καὶ
534 1530 617 1583 ὅτι
656 1529 775 1583 δυσί⁵
802 1531 991 1601 δόρασι
1048 1533 1330 1604 χρώμενος
1384 1539 1512 1607 περὶ
1559 1539 1658 1609 τήν

1780 616 2003 671 victoria
2034 618 2188 673 elatis
2214 635 2278 675 ac
2309 620 2698 679 ferocientibus
2722 626 2787 679 ad
2818 624 3179 684 Charsianutn
3213 647 3344 688 con-

1776 721 2017 775 gressus,
2054 710 2240 765 multis
2269 727 2459 767 eorum
2494 715 2821 785 subjugatis,
2867 721 3111 789 captivos
3147 724 3211 775 ad
3260 727 3343 777 vi-

1774 797 1905 862 ginti
1944 812 2107 867 supra
2134 800 2374 871 quinque
2414 804 2580 856 millia
2609 804 2867 870 abducit;
2901 809 3210 879 illustrique
3242 830 3342 883 po-

1773 887 1901 942 titus
1925 892 2102 958 praeda
2125 891 2191 945 ad
2218 894 2406 948 urbem
2443 906 2727 965 augustam
2753 899 2909 957 redit.
2934 900 3079 956 Inter
3100 903 3341 974 captivos

1771 979 2054 1051 Agarenos
2086 1000 2357 1039 nonnemo
2386 988 2486 1041 l‘uit
2518 1005 2778 1045 manuum
2811 992 3055 1059 agilitate
3082 996 3336 1051 celebris.

1774 1069 1931 1139 115
1959 1069 2118 1127 Hunc
2146 1074 2460 1129 scholarum
2494 1094 2689 1146 praises
2739 1081 2932 1137 bellica
2977 1083 3177 1139 virtute
3223 1088 3339 1141 exi-

1768 1162 2095 1234 mium.ejus
2120 1169 2325 1239 scripto
2350 1171 2684 1240 consignatis
2713 1174 3338 1245 laudibus,perhibebat;

1766 1258 2157 1327 asserebatque
2185 1262 2463 1329 equitandi
2494 1272 2612 1318 arte
2636 1268 2893 1333 praeclare
2919 1268 3248 1323 industrium
3274 1285 3339 1325 ac

1764 1347 2016 1415 corporis
2056 1350 2251 1405 robore
2283 1362 2590 1420 strenuum,
2631 1358 2902 1426 ejusmodi
2955 1360 3190 1429 denique
3242 1362 3336 1431 qui

1764 1433 1820 1490 in
1855 1440 2013 1508 equis
2063 1441 2263 1510 duplici
2318 1445 2547 1500 solerter
2586 1448 2741 1504 hasta
2775 1451 2986 1506 hostem
3019 1454 3339 1524 aggredere-

1766 1539 1872 1583 tur.
1905 1531 2061 1595 Quod
2090 1535 2253 1602 igitur
2288 1536 2341 1590 in
2368 1539 2515 1592 circo
2560 1539 2845 1596 domestici
2874 1543 3185 1613 triumphus
3210 1558 3340 1615 age-

1760 1617 1940 1684 batur,
1968 1622 2110 1677 inter
2150 1626 2397 1694 captivos
2432 1628 2610 1697 primo
2639 1631 2684 1683 is
2716 1630 2835 1685 loco
2869 1631 3176 1698 incedebat,
3215 1650 3338 1689 cor-

1758 1709 1906 1777 poris
1929 1711 2046 1780 ipsa
2069 1715 2395 1780 proceritate
2420 1719 2698 1789 animique
2721 1722 2975 1791 superbia
3001 1737 3065 1778 ac
3091 1723 3338 1781 celsitate

1762 1799 1829 1854 de
1857 1800 1973 1870 ipso
2006 1819 2256 1873 sparsum
2292 1824 2566 1864 rumorem
2597 1815 2953 1869 conﬁrmans.
2993 1814 3198 1874 Videas
3233 1820 3337 1873 ita-

129 1616 348 1668 ἰππασίαν
408 1617 560 1690 [μὲν]
613 1621 875 1691 ἐντέχνως
941 1624 1080 1691 ἄγαν
1131 1627 1223 1678 καὶ
1269 1627 1484 1695 εὐφυῶς
1519 1629 1657 1697 πρὸς

126 1708 224 1770 τοὺς
268 1712 380 1761 κατ’
422 1712 589 1765 αὑτοῦ
625 1714 914 1771 διαϐαίνει.
977 1716 1133 1771 Ἐπεὶ⁵
1182 1719 1312 1787 γοῦν
1352 1722 1410 1773 ἐν
1442 1722 1519 1791 τῷ
1546 1722 1657 1778 τῶν

125 1798 271 1851 ίτπων
309 1801 689 1873 ἁμιλλητηρίῳ
717 1808 760 1917 δ’
775 1807 868 1860 τοῦ
890 1808 1216 1878 δομεστίκου
1245 1810 1507 1882 θρίαμϐος
1537 1815 1654 1867 ἐτε-
1691 1861 1735 1921 Β

122 1890 252 1957 ὶιῖτο,
298 1900 593 1964 προηγεῖτο
618 1898 675 1951 δὲ
702 1891 858 1963 οὗτος
894 1900 971 1970 τῷ
1005 1901 1099 1954 τοῦ
1153 1901 1403 1973 σώματος
1439 1906 1661 1975 μεγέθει

122 1981 194 2033 καὶ
220 1980 287 2052 τῷ
323 1982 425 2052 τῆς
447 1984 627 2055 ψυχῆς
653 1988 1005 2059 ἀναστήματι
1027 1992 1154 2055 τοὺς
1190 1994 1320 2063 περὶ
1364 1995 1529 2049 αὐτοῦ
1574 1995 1663 2050 λό-

119 2086 221 2137 γους
251 2074 682 2145 ἐπισφραγίζων,
718 2080 975 2134 ἐκέλευσέ
1008 2099 1127 2146 πως
1174 2084 1296 2138 ίδὼν
1327 2088 1354 2139 6
1386 2086 1660 2156 βασιλεὺς,

119 2165 190 2213 tu".
214 2167 313 2227 τοῖς
344 2167 591 2231 ἐπαίνοις
611 2170 861 2234 κλαπεὶς,
883 2171 966 2244 [Ρ.
989 2173 1078 2245 72]
1107 2175 1277 2251 ἵππον
1302 2195 1360 2230 τε
1387 2178 1477 2231 τὸν
1494 2180 1663 2249 ἄνδρα

118 2252 334 2323 ἐπιϐῆναι
361 2256 457 2307 καὶ
480 2258 681 2325 δόρατα
709 2259 942 2314 λαϐόντα
966 2262 1061 2316 δύο
1090 2266 1187 2333 τὴν
1212 2266 1443 2334 εὐφυΐαν
1469 2269 1661 2322 τούτου

120 2344 194 2395 καὶ
221 2345 493 2416 ἀριστείαν
524 2350 715 2423 ἁπάσῃ
738 2355 805 2424 τῇ
840 2354 995 2407 πόλει
1032 2357 1392 2425 ἐνδείξασθαι.
1447 2362 1556 2415 Καὶ
1595 2362 1659 2434 δὴ

114 2433 269 2487 τούτου
300 2440 600 2505 γενομένου
633 2443 727 2494 καὶ
752 2445 862 2506 τοῖς
895 2445 1277 2518 ἀπειροτέροις
1305 2449 1495 2518 τέρψιν
1525 2469 1659 2522 παρ·

118 2524 297 2594 έχοντος
322 2531 386 2599 τῇ
410 2531 623 2598 ὁράσει,
663 2532 939 2603 Θεόδωρος
961 2538 989 2587 ὁ
1022 2538 1304 2611 Κρατερὸς
1339 2539 1482 2593 οὓτω
1506 2542 1659 2609 λεγό-

118 2632 265 2683 μενος,
289 2622 315 2672 6
343 2622 439 2673 καὶ
466 2624 608 2691 μετὰ
632 2623 810 2694 βραχὺ
828 2628 1071 2697 ἀρχηγὸς
1092 2628 1192 2698 τῆς
1224 2630 1335 2682 τῶν
1368 2632 1539 2700 ἁγίων
1573 2634 1659 2704 μβο

117 2714 371 2780 μαρτύρων
395 2713 682 2781 φάλαγγος
712 2717 975 2785 γεγονὼς,
999 2718 1319 2789 πλησιάζων
1346 2722 1424 2793 τῷ
1450 2724 1662 2793 βασιλεί

116 2799 475 2875 ὲξεμυκτήριζε
506 2807 598 2860 τὸν
630 2808 952 2880 Ἀγαρηνὸν,
982 2812 1228 2883 ἀνδρεῖον
1257 2814 1411 2868 οὐδὲν
1437 2818 1660 2885 φάσκων

112 2892 203 2945 0%
232 2894 678 2965 καταπληκτικὸν
714 2901 1144 2972 ἐνδεικνύμενον.
1179 2899 1251 2975 ’ᾨ
1278 2906 1370 2958 καὶ
1413 2907 1659 2979 χαλεπή-

112 3000 185 3044 ν-ις
214 2985 240 3035 6
270 2984 548 3054 βασιλεὺς,
593 2990 771 3045 Ἀλλὰ
800 2992 874 3045 δι’
905 2995 1117 3063 ισχὺος
1169 2998 1329 3066 ἔχεις
1358 3001 1563 3066 αὐτὸς,
1614 2998 1662 3056 ὦ

110 3074 366 3142 θηλυὸζρία
405 3078 509 3131 καί
541 3080 823 3150 arar-6pc,
867 3086 1141 3140 τοιοῦτόν
1168 3106 1219 3141 τι
1250 3089 1655 3159 ἐργάσασθαι;

1771 1910 1879 1964 que
1908 1895 2232 1967 imperator,
2260 1900 2487 1972 ejusque
2534 1903 2733 1960 celebri
2766 1905 2910 1961 fama
2959 1918 3161 1972 motus,
3204 1926 3339 1965 con-

1764 2002 1961 2044 scenso
1983 2006 2125 2061 equo
2154 1994 2468 2066 duplicique
2513 2009 2726 2067 arrepta
2777 2000 2930 2057 hasta
2956 2004 3090 2059 artis
3132 2021 3246 2061 sua:
3271 2022 3335 2063 ac

1764 2079 1998 2136 solertiae.
2055 2085 2329 2153 specimen
2385 2098 2665 2156 spectante
2704 2105 2887 2145 coram
2948 2102 3062 2148 tota
3117 2096 3337 2152 civitate

1762 2172 2029 2228 exhibere
2078 2175 2255 2242 jubet.
2285 2178 2340 2232 Id
2388 2194 2514 2233 cum
2546 2180 2699 2236 lieret
2728 2193 2783 2238 et
2832 2185 2908 2239 rei
2962 2189 3333 2255 spectaculum

1764 2260 2133 2329 imperitiores
2161 2264 2419 2332 alliceret,
2458 2268 2778 2326 Theodorus
2805 2285 3166 2344 cognomento
3196 2276 3335 2330 Cra-

1762 2356 1914 2406 terus
1939 2353 2010 2419 (is
2037 2356 2127 2423 qui
2157 2370 2263 2408 non
2292 2358 2460 2412 multo
2487 2370 2608 2427 post
2632 2371 2942 2417 sanctorum
2971 2366 3330 2436 quadraginta

1763 2439 1997 2496 duorum
2031 2456 2331 2515 martyrum
2373 2449 2616 2515 cohortis
2639 2452 2747 2506 dux
2781 2454 3010 2521 exstitit)
3060 2457 3127 2510 ad
3160 2456 3333 2527 impc-

1762 2543 1994 2589 ratorem
2036 2539 2302 2593 accedens
2334 2542 2642 2611 Agarenum
2696 2545 3056 2613 subsannare,
3088 2549 3333 2620 nihilque

1761 2641 1885 2681 eum
1916 2629 2060 2698 quod
2089 2629 2245 2685 fortis
2271 2633 2437 2686 animi
2461 2634 2533 2689 sit
2559 2637 2772 2704 quodve
2802 2646 3078 2708 stuporem
3111 2639 3334 2710 injicere

1760 2719 1958 2775 debeat
2011 2737 2074 2776 ea
2130 2723 2412 2780 molitione
2444 2739 2705 2796 praestare
2734 2731 2899 2784 etiam
2957 2740 3122 2802 atque
3166 2733 3331 2787 etiam

1761 2825 2029 2871 asserere.
2067 2813 2148 2866 Ad
2178 2829 2338 2883 quem
2371 2815 2813 2887 indignabundus
2835 2820 3150 2890 imperator,
3186 2822 3330 2876 Num

1761 2916 1900 2961 vero,
1931 2902 2232 2969 eﬂ'eminate
2264 2914 2320 2957 tu
2350 2914 2398 2957 et
2440 2908 2657 2970 evirate,
2693 2909 2954 2971 eiusmodi
2979 2912 3198 2981 aliquid,
3227 2930 3333 2982 qua

1761 2992 1926 3061 polles
1951 2995 2284 3062 fortitudine,
2302 2998 2473 3063 possis
2502 3009 2759 3066 praestare
2780 3003 2806 3055 .9
2826 3001 3028 3056 Contra
3051 3003 3330 3059 Craterus:

1767 3084 1989 3139 Duabus
2044 3087 2253 3156 quidem
2282 3088 2471 3152 hastis,
2504 3105 2534 3142 ο
2565 3090 2874 3159 imperator,
2910 3108 3001 3146 nec
3025 3093 3195 3148 didici
3241 3111 3334 3148 nec

109 3166 193 3217 Καὶ
213 3168 267 3229 ὃς
312 3170 540 3235 αὐτίκα,
569 3175 683 3227 Δύο
700 3177 837 3244 μὲν,
856 3178 1143 3245 βασιλεῦ,
1176 3181 1263 3249 μὴ
1283 3184 1490 3250 μαθὼν
1515 3188 1657 3240 οὐδὲ
1684 3195 1727 3255 C

1766 3178 1844 3227 ut!
1873 3176 2016 3230 valeo
2039 3192 2059 3229 :-
2093 3194 2215 3230 nam
2245 3195 2337 3232 nec
2378 3197 2638 3249 nugarum
2687 3182 2945 3250 ejusmodi
2976 3200 3100 3237 usus
3134 3186 3331 3255 aliquis

104 3260 601 3328 μεταχειρίσασθαι
637 3264 860 3331 δόρατα
899 3267 1159 3338 δύναμαι
1183 3285 1199 3301 ⁸
1230 3270 1374 3324 οὐδὲ
1422 3273 1532 3341 γὰρ
1586 3276 1655 3329 ἐν

108 3349 309 3419 πολέμῳ
323 3355 617 3420 τοιαύτης
644 3358 814 3424 χρεία
830 3356 1199 3427 ἀδολεσχίας
1216 3376 1230 3389 ·
1262 3361 1351 3414 ἐνὶ
1372 3361 1439 3414 δὲ
1455 3363 1655 3432 δόρατι

104 3439 369 3508 χρώμενος
411 3442 535 3512 τὴν
564 3448 653 3511 εἰς
689 3448 838 3500 Θεὸν
862 3450 1227 3517 πεποίθησιν
1248 3451 1365 3520 ἔχω
1398 3454 1656 3518 ,βεϐαίαν

104 3528 481 3602 ὡςκρημνίσω
514 3553 582 3590 τε
612 3537 828 3591 τοῦτον
846 3539 943 3591 καὶ
974 3540 1080 3593 τοῦ
1108 3540 1297 3596 ἵππου
1316 3546 1650 3601 καταϐαλῶ.

102 3622 187 3691 Τὴν
214 3628 533 3697 παρρησίαν
567 3629 699 3697 γοῦν
752 3631 827 3700 μὴ
866 3631 1047 3699 φέρων
1094 3634 1122 3685 6
1152 3632 1406 3701 βασιλεὺς
1457 3631 1492 3709 ἦ
1544 3639 1655 3710 μὴν

104 3708 257 3782 ἔφησε,
280 3718 424 3770 κατὰ
449 3717 556 3786 τῆς
580 3718 823 3787 κεφαλῆς
844 3719 1008 3773 αὑτοῦ
1029 3723 1121 3774 τὸν
1151 3723 1313 3794 ὅρκον
1338 3728 1651 3795 ἐπαγαγὼν,

102 3800 279 3873 θανάτῳ
306 3807 660 3877 παραδοῦναι
688 3810 782 3861 τὸν
807 3808 983 3877 ἅγιον,
1016 3812 1065 3862 εί
1101 3813 1175 3882 μὴ
1203 3814 1329 3876 τοὺς
1352 3815 1541 3884 λόγους
1562 3816 1653 3871 δν-

101 3899 271 3960 τωςείς
292 3899 463 3968 ἔργον
496 3900 763 3967 ἀγάγοιεν
785 3901 851 3954 ’⁵.
889 3903 1084 3956 Ἵππον
1112 3900 1205 3958 οὖν
1240 3907 1443 3971 ἀναϐὰς
1472 3910 1499 3961 6
1523 3909 1652 3962 Θεό-

100 3983 233 4050 δωρος
262 3990 353 4040 καὶ
379 3989 519 4057 δόρυ
547 3990 731 4043 λαϐὼν
758 3992 816 4043 ἐν
841 3995 1025 4061 χεροῖν
1054 3993 1251 4048 θᾶττον
1276 3996 1306 4065 ἢ
1334 3996 1489 4064 λόγος
1513 4000 1570 4051 ἐν
1590 4000 1651 4052 οὐ

100 4075 281 4142 πολλαῖς
300 4082 590 4153 περιόδοις
618 4083 711 4136 τὸν
744 4086 1061 4156 Σαρακηνὸν
1093 4092 1519 4160 κατεκρήμνισε,
1557 4096 1654 4148 καὶ

104 4166 213 4233 μέγα
237 4170 413 4240 τούτῳ
444 4178 676 4245 φρονεῖν
722 4177 957 4230 δέδωκεν
1003 4180 1278 4249 οὐδαμῶς.
1351 4184 1406 4238 Ὀ
1436 4187 1534 4255 μέν
1559 4183 1653 4241 οὖν

102 4254 308 4343 tissimi;
344 4264 608 4336 ᾐσχύνθη
637 4264 735 4319 ἆτε
791 4267 857 4338 δὴ
907 4271 1386 4343 καταϐεϐλημένον
1419 4254 1538 4330 ἰδὼν
1562 4280 1653 4333 τὸν

101 4340 375 4419 ὣρακηνδν
440 4352 548 4404 ὑπ’
590 4353 782 4423 ἀνδρὸς
829 4356 1087 4428 εὐνούχου
1144 4361 1241 4414 καὶ
1289 4363 1349 4416 οὐ
1401 4367 1651 4432 γενναίου

100 4437 229 4504 τινὸς,
258 4442 588 4515 πανοῦργος
610 4445 668 4498 δέ
697 4447 838 4510 τέως
866 4447 942 4501 ὣν
972 4450 1070 4504 καὶ
1094 4450 1196 4522 τὴν
1239 4455 1442 4525 ἀρετὴν
1476 4458 1654 4511 αἰδού-

1754 3270 1807 3321 in
1836 3269 1968 3322 bello
2001 3272 2204 3324 exsistit
2233 3290 2245 3326 :
2285 3289 2390 3325 una
2425 3290 2542 3327 vero
2567 3285 2775 3344 arrepta
2796 3316 2811 3340 ,
2847 3276 2944 3330 Dei
2974 3277 3141 3346 fretus
3170 3282 3332 3333 auxi-

1754 3360 1849 3422 lio,
1882 3377 2012 3430 equo
2045 3363 2305 3431 dejectum
2337 3366 2404 3418 iri
2434 3366 2695 3420 hominem
2727 3384 2788 3420 ac
2809 3385 3087 3423 excussum
3111 3386 3329 3438 prorsus

1755 3452 1983 3519 conﬁdo.
2026 3452 2182 3508 Tunc
2232 3457 2530 3525 imperator
2562 3459 2775 3514 dicendi
2819 3461 2968 3515 illam
3021 3462 3328 3519 libertatem

1756 3558 1863 3597 non
1898 3543 2097 3607 ferens.
2132 3561 2228 3617 per
2272 3559 2438 3617 caput
2480 3566 2642 3605 suum
2679 3552 2866 3621 jurare
2894 3553 3144 3620 Cratero,
3186 3571 3248 3613 se
3279 3556 3329 3612 t-i

1755 3632 1921 3686 vitam
1978 3644 2315 3704 erepturum,
2347 3639 2453 3693 nisi
2487 3641 2648 3714 116
2695 3658 2753 3698 re
2811 3644 2924 3714 ipsa
2959 3648 3107 3717 quod
3146 3651 3329 3705 verbis

1751 3722 2056 3794 jactaverat
2085 3728 2351 3797 impleret.
2376 3729 2501 3785 Mox
2532 3748 2660 3802 ergo
2687 3734 3007 3792 Theodorus
3027 3753 3329 3798 conscenso

1754 3831 1897 3887 equo
1944 3830 2267 3892 arreptaque
2319 3824 2471 3879 hasta
2528 3841 2747 3880 manum
2800 3843 3126 3894 conserens,
3181 3831 3328 3887 dicto

1755 3908 1917 3965 citius
1967 3927 2068 3967 nec
2117 3912 2280 3984 longo
2311 3916 2540 3983 ambitu,
2592 3917 2902 3988 Agarenum
2956 3935 3099 3991 equo
3138 3925 3324 3979 datum

1755 4003 2085 4072 praecipitem
2120 4004 2291 4059 altum
2318 4022 2508 4076 sapere
2538 4024 2644 4061 non
2679 4010 2824 4063 sivit.
2859 4009 3061 4067 Puduit
3093 4013 3324 4084 impera-

1756 4107 1949 4160 torem,
1981 4098 2108 4151 dum
2142 4113 2250 4153 non
2280 4114 2307 4153 a
2347 4101 2463 4154 viro
2489 4102 2725 4171 quodam
2770 4103 3055 4173 magniﬁce
3080 4113 3325 4174 strenuo,

1755 4187 1850 4242 sed
1885 4190 1951 4242 ab
1977 4192 2188 4243 evirato
2218 4201 2554 4259 prostratum
2608 4194 2939 4249 Saracenum
2977 4197 3128 4250 vidit.
3185 4197 3330 4253 Inte-

1755 4281 1858 4335 rim
1896 4292 2099 4345 tamen,
2141 4284 2338 4339 callido
2367 4286 2629 4356 vafroque
2672 4290 2924 4354 consilio,
2961 4289 3172 4360 virique
3218 4293 3329 4347 vir-

1754 4380 1923 4427 tutem
1983 4377 2274 4441 reveritus,
2332 4377 2506 4431 amice
2548 4378 2729 4433 verbis
2782 4380 3000 4450 accipit,
3051 4384 3328 4454 donatque

1756 4466 2001 4521 vestibus
2034 4466 2266 4521 honoris
2295 4483 2483 4534 causa,
2545 4472 2746 4524 civium
2795 4472 3009 4527 animos
3055 4473 3328 4529 oll'endere

99 4540 220 4593 Ρενῡς
242 4533 333 4587 τοῦ
363 4537 579 4604 ἀνδρὸς
623 4538 1087 4612 ἐφιλοφρονήσατο
1122 4545 1220 4612 μέν
1249 4546 1430 4612 λόγοις
1458 4550 1644 4617 αὑτὸν,
1683 4534 1729 4591 Ῑ)

1760 4557 1985 4624 veritus,
2012 4558 2058 4613 si
2085 4558 2218 4626 quid
2243 4559 2461 4614 homine
2490 4561 2648 4615 aliter
2682 4572 2945 4618 uteretur.

98 4623 247 4686 στολάς
273 4643 331 4678 τε
370 4629 473 4680 καὶ
505 4628 812 4699 περιϐολὰς
844 4631 993 4703 αὑτῷ
1024 4631 1122 4703 τὴν
1145 4634 1421 4691 πολιτείαν
1463 4640 1645 4694 αἰδού-

100 4726 219 4780 μενος
247 4718 423 4791 ίδωρή
432 4737 599 4777 σατο.

147 4824 228 4879 κδ’.
264 4830 427 4898 Ἄρτι
459 4830 525 4883 δὲ
561 4830 732 4885 πάλιν
765 4832 859 4885 τοῦ
895 4832 1055 4905 ἔαρος
1084 4837 1374 4909 ίσταμὲνου
1402 4844 1496 4897 καί
1519 4847 1650 4911 τοὺς

102 4918 303 4986 μαχητὰς
322 4923 451 4975 κατ’
483 4921 748 4993 ἀλλήλων
776 4925 1114 4998 ὁπλίζοντος,
1159 4933 1188 4984 6
1214 4933 1472 5003 Θεόφιλος
1491 4937 1651 4992 δύνα-

101 5023 165 5071 μιν
186 5010 372 5083 πολλὴν
428 5013 724 5085 ἠθροικὼς
754 5019 893 5073 κατὰ
938 5020 1049 5074 τῶν
1093 5023 1430 5096 Σαρακηνῶν
1455 5029 1645 5096 ἔξεισι,

99 5098 164 5148 ul
194 5101 276 5155 τὸν
303 5106 455 5157 ὅσιον
488 5103 772 5157 Μεθόδιον
800 5109 900 5178 τῆς
932 5110 1159 5180 εἱρκτῆς
1197 5112 1645 5185 ἁναρῤυσάμενος

100 5191 165 5241 za‘t
190 5195 296 5261 μεθ’
317 5193 525 5250 ἑαυτοῦ
555 5196 924 5267 ἐπαγόμενος,
948 5200 1010 5253 ού
1041 5200 1135 5255 νῦν
1188 5205 1348 5272 μόνον
1375 5208 1468 5259 καὶ
1499 5209 1650 5279 πρῶ-

99 5300 160 5335 m
183 5291 220 5320 "
255 5292 365 5343 ἀλλ’
409 5294 505 5346 ἀεὶ
538 5290 712 5343 τοῦτο
761 5294 931 5347 ποιῶν
965 5296 1060 5350 καὶ
1098 5296 1327 5369 πλησίον
1363 5318 1465 5355 που
1508 5303 1648 5374 ἔχων

101 5378 239 5445 αἰετὸν,
265 5386 367 5437 είτε
399 5386 503 5438 τοῦ
536 5384 736 5454 ἀσαφῆ
784 5384 971 5440 ἕνεκεν
1001 5390 1095 5442 καὶ
1136 5391 1351 5456 πολλοῖς
1395 5395 1646 5462 ἄγνωστα

100 5467 284 5525 διαλύειν
314 5478 406 5528 καὶ
433 5474 715 5545 γνώριμα
758 5476 934 5547 τούτῳ
961 5470 1136 5533 ποιεῖν
1162 5481 1251 5535 διὰ
1279 5485 1376 5554 τὴν
1407 5486 1644 5555 ἐνυπάρο

102 5578 255 5628 ζουσαν
280 5570 425 5641 αὑτῷ
451 5567 668 5637 σοφίαν
692 5565 937 5639 (καὶγὰρ
968 5572 1229 5642 ἐτύγχανε
1262 5575 1371 5628 τῶν
1400 5578 1638 5649 ἀποκρύ-

104 5672 181 5719 ᾳσδ
206 5661 327 5729 ἄγαν
350 5660 662 5735 ζητητικὸς
687 5660 1040 5735 ὁΘεόφιλος),
1090 5666 1199 5719 εῐτε
1242 5667 1304 5738 δή
1337 5686 1487 5733 τινας
1545 5675 1645 5727 ἐπ-

1826 4849 1917 4905 ει.
1954 4846 2070 4903 Jam
2108 4863 2238 4903 vero
2272 4865 2490 4905 rursum
2523 4865 2648 4904 vere
2678 4862 2963 4922 appetente
2996 4871 3060 4911 ac
3095 4856 3326 4914 bellato-

1756 4956 1846 4996 res
1876 4943 2023 4996 viros
2052 4942 2196 4996 inter
2231 4957 2290 4997 se
2320 4943 2717 5008 committente,
2749 4943 3087 5017 Theophilus
3136 4950 3326 5022 ingen-

1759 5031 1904 5086 tibus
1930 5031 2227 5086 contractis
2259 5033 2431 5100 c0piis
2461 5042 2650 5087 contra
2685 5034 2988 5092 Saracenos
3022 5039 3325 5107 proﬁcisci-

1758 5134 1867 5187 tur,
1903 5124 2099 5176 educto
2138 5139 2169 5177 e
2201 5138 2418 5178 carcere
2451 5124 2664 5193 sibique
2694 5125 2950 5194 adjuncto
2997 5140 3187 5184 sancto
3218 5131 3323 5186 Me-

1754 5217 1959 5271 thodio.
2014 5215 2201 5286 Neque
2249 5230 2379 5270 vero
2434 5223 2564 5270 tunc
2618 5217 2854 5286 primum
2919 5220 3064 5286 fecit,
3117 5223 3210 5277 sed
3270 5237 3323 5278 ct

1751 5322 1967 5377 semper
2022 5307 2320 5372 factitabat,
2352 5321 2520 5376 penes
2550 5322 2610 5363 se
2635 5309 2812 5365 virum
2859 5310 3086 5378 habens,
3116 5314 3231 5369 sive
3265 5326 3323 5370 ut

1751 5400 1872 5470 ejus
1930 5400 2212 5466 sapientia
2246 5399 2293 5453 vi
2328 5401 2563 5454 obseura
2593 5401 2864 5473 vulgoque
2914 5403 3095 5475 ignota
3126 5407 3323 5461 dissol-

1751 5499 1900 5543 veret
1952 5503 2128 5557 eaque
2183 5489 2285 5558 ipsi
2330 5489 2564 5559 aperiret
2598 5491 2736 5561 (erat
2783 5491 2930 5546 enim
2988 5492 3323 5565 Theophilus

1752 5581 2127 5635 abstrusarum
2166 5595 2348 5634 rerum
2390 5594 2658 5652 operosus
2690 5584 3095 5655 investigator),
3123 5588 3235 5643 sive
3268 5589 3319 5642 id

1751 5687 1972 5735 cavens,
2003 5684 2070 5727 ne
2100 5687 2238 5744 quas
2270 5672 2317 5728 is
2344 5673 2533 5730 turbas
2575 5689 2634 5731 se
2682 5674 2905 5732 absente
2934 5677 3005 5733 oh
3037 5691 3321 5751 sacrarunt

1368 5762 1599 5820 VARIAS
1638 5765 2040 5825 LECTlONES.

152 5853 186 5881 ³³
205 5854 381 5925 ἀγάγοι
403 5856 432 5907 ?
516 5855 566 5886 “
600 5852 704 5906 καὶ
739 5852 979 5927 πρῶτον]
1010 5854 1064 5907 δὲ
1100 5870 1190 5924 πρ.
1230 5853 1292 5912 Ρ.
