4158 6442
112 365 198 427 133
877 358 1025 419 LIB.
1052 357 1164 416 ῐΙΙ.
1205 380 1264 389 -
1306 355 1798 416 TIIEOPIHLUS
1836 355 2252 414 MlCI-lAEl.l.S
2295 355 2572 414 FILIUS.

3254 354 3352 418 33$

104 477 188 527 καὶ
214 473 273 527 τὸ
306 469 560 541 Χορασὰν
610 469 830 535 λέγεται
879 470 1172 536 κατασχεῖν
1220 469 1305 518 καὶ
1344 467 1421 536 τῷ
1461 469 1666 536 ἅμερα-

1779 466 1933 517 vincti
1969 466 2018 517 in
2072 466 2386 520 carceribus
2430 474 2636 532 essent,
2668 467 2716 520 ei
2753 465 3051 520 militantes
3082 483 3352 538 exseque-

103 569 294 636 μνουνῇ
320 563 589 625 ὑποτάξαι
619 562 678 613 οὐ
707 561 785 628 τῷ
810 561 1087 630 διαφέρειν
1125 560 1285 629 μόνον
1327 561 1406 622 εἰς
1444 559 1668 628 ἀνδρίαν

98 660 296 718 αὐτοῖς,
322 654 463 708 ἀλλὰ
488 654 582 707 καὶ
605 653 686 722 τῷ
707 652 909 712 καινῶς
930 669 1047 714 πως
1076 653 1169 705 καὶ
1199 650 1668 721 παρηλλαγμένως

97 747 321 814 ὀφθῆναι
357 747 542 806 αὐτοῖς
563 761 575 774 ·
616 744 650 813 ἦ
683 760 742 795 τε
782 743 892 811 γὰρ
921 741 1029 793 τῶν
1070 743 1366 812 σχημάτων
1400 739 1669 811 μεταϐολὴ

97 842 181 890 καὶ
215 842 249 907 ἡ
277 839 388 890 τῶν
426 836 620 905 φωνῶν
647 836 798 905 παρὰ
835 834 990 899 δόξαν
1024 833 1334 903 μεταλλαγὴ
1367 834 1445 895 είς
1467 833 1669 885 δειλίαν

93 930 390 995 ἐμπίπτειν
452 928 733 996 ἠνάγκαζε
803 927 928 988 τοὺς
988 924 1300 995 πολεμίους.
1353 925 1428 975 Οὐ
1465 922 1574 992 μὴν
1617 922 1674 972 δὲ

92 1019 221 1071 ἀλλὰ
254 1020 349 1070 καὶ
386 1018 596 1070 πολλῶν
642 1017 953 1070 ἁτιθάσσων
989 1015 1195 1085 θηρίων
1233 1015 1677 1081 κατασινομένων

89 1114 288 1173 αὐτοὺς
312 1113 408 1163 καὶ
443 1110 792 1180 βλαπτόντων
837 1108 1233 1178 ἐλευθερώσας,
1286 1107 1380 1160 καὶ
1427 1105 1679 1174 μεγάλων

89 1204 259 1265 αἴτιος
291 1201 476 1255 καλῶν
502 1201 685 1262 αὐτοῖς
719 1199 976 1267 γεγονὼς,
1003 1197 1373 1267 διαφερόντως
1415 1195 1676 1265 ἠγαπήθη

85 1296 231 1363 αὐτῷ
268 1311 327 1345 τε
351 1292 430 1363 τῷ
460 1294 679 1362 ἄρχοντι
708 1292 802 1344 καὶ
826 1294 892 1360 τῇ
931 1290 1192 1359 γερουσίᾳ
1221 1289 1410 1340 αὑτοῦ.

1779 556 1959 617 batur,
2002 555 2125 608 data
2154 556 2416 626 Agarenis
2449 557 2551 610 ﬁde
2585 556 2807 612 minime
2834 558 2901 612 ab
2946 558 3025 612 eis
3061 556 3350 627 fugiturus.

1776 645 2003 710 Quando
2033 648 2193 701 etiam
2226 650 2504 702 Chorasan
2529 650 2738 718 cepisse
2772 648 2953 704 ferunt
2979 666 3042 704 ac
3083 666 3303 705 ameran
3325 680 3355 694 -

1779 753 1940 791 nonae
1972 739 2290 806 snbjecisse.
2333 741 2522 794 lstluec
2554 741 2636 794 vir
2669 749 2854 794 tantus
2885 742 3208 795 conﬁciebat
3241 759 3351 796 non

1779 830 1979 899 insigni
2015 840 2223 885 tantum
2262 831 2583 887 fortitudine
2617 850 2738 898 sua,
2776 835 2865 886 sed
2896 842 2949 887 et
2982 833 3125 903 quod
3159 850 3351 888 novam

1772 922 2066 988 quamdam
2121 938 2221 977 nec
2283 925 2536 977 usitatam
2575 927 2843 978 rationem
2879 924 3016 978 inire
3046 925 3352 980 videretur:

1772 1015 2028 1067 Ordinum
2064 1017 2206 1068 enim
2251 1025 2303 1070 et
2335 1016 2471 1070 aciei
2509 1017 2612 1068 alia
2649 1018 2865 1085 aliaque
2896 1015 3216 1086 compositio
3254 1023 3356 1071 tes-

1775 1120 2017 1174 seraaque
2047 1123 2111 1162 ac
2146 1123 2342 1163 vocum
2387 1109 2665 1177 inopinata
2709 1110 2934 1162 mutatio
2969 1111 3023 1164 in
3060 1108 3227 1162 animi
3262 1125 3358 1161 an-

1778 1201 1988 1267 gustias
2034 1203 2194 1272 119
2229 1220 2291 1257 ac
2328 1219 2585 1273 pavorem
2630 1205 2816 1257 hostes
2849 1203 3197 1271 conjiciehat.
3246 1200 3358 1255 Nec

1780 1293 1959 1345 solum
1996 1295 2260 1347 adversus
2305 1296 2494 1349 hostes
2547 1306 2768 1348 strenue
2800 1295 2930 1362 egit,
2973 1309 3159 1347 verum
3191 1292 3353 1346 etiam

85 1403 108 1438 a
167 1385 304 1439 feris
337 1384 530 1439 bestiis
567 1385 776 1453 regioni
831 1383 1138 1436 vastitatem
1188 1379 1544 1435 ail'erentibus
1613 1397 1707 1435 eos
1750 1383 2020 1447 liberavit,
2056 1387 2462 1453 multorumque
2493 1387 2572 1439 eis
2608 1387 2872 1439 honormn
2923 1395 3134 1449 auctor,
3205 1383 3358 1454 prin-

82 1478 183 1546 cipi
254 1477 466 1544 pariter
522 1477 751 1545 ejusque
819 1475 1140 1544 proceribus
1177 1486 1391 1525 summe
1455 1473 1654 1525 chartis
1696 1471 1815 1526 fuit.

149 1567 266 1632 ις’.
320 1568 462 1620 Ἀλλ’
489 1569 612 1619 ἐπεὶ
668 1566 971 1635 μετάμελον
1021 1565 1099 1635 τῷ
1147 1564 1357 1632 βασιλεῖ
1383 1563 1671 1632 ἐνεποίησε

79 1661 248 1712 ταῦτα
282 1659 593 1712 διακούοντι
637 1659 733 1711 καὶ
765 1657 943 1727 λύπης
973 1659 1144 1716 αἴτιος
1178 1656 1415 1724 κατέστη
1449 1656 1668 1718 πολλῆς,

80 1755 259 1804 πάντα
309 1751 495 1802 κάλων
545 1750 723 1802 ἐδόκει
749 1749 926 1816 τούτῳ
979 1749 1151 1800 κινεῖν
1177 1746 1253 1808 ὡς
1288 1747 1352 1799 ἂν
1379 1747 1469 1798 τὸν
1500 1745 1670 1815 ἄνδρα

79 1841 515 1909 μετακαλέσοετο
557 1841 652 1893 καὶ
698 1839 1131 1908 παλινδρομήσαι
1171 1839 1472 1903 ποιήσειεν.
1510 1834 1671 1887 Ὀοεν

76 1939 119 1988 οἱ
152 1938 258 2004 μὲν
296 1934 587 2005 εἰρηνικὰς
633 1934 866 1996 σπονδὰς
907 1931 996 1985 διὰ
1025 1931 1120 1984 τοῦ
1169 1929 1406 2000 μοναχοῦ
1449 1930 1670 1998 ποιῆσαι
1706 1968 1747 2027 Β

75 2029 267 2081 τοῦτόν
298 2046 470 2095 φασιν
514 2025 739 2090 ’1αννοῦ,
774 2026 909 2093 πρὸς
932 2025 1124 2094 καιρὸν
1150 2024 1243 2077 τοῦ
1276 2024 1417 2076 κατὰ
1445 2024 1542 2086 τὰς
1574 2041 1672 2090 φυ-

77 2125 241 2182 λακὰς
274 2119 620 2186 διαλλαγίου,
651 2119 746 2170 καὶ
777 2118 913 2187 πρὸς
941 2116 1010 2168 τὰ
1047 2115 1156 2169 ἴδια
1189 2118 1547 2186 μεταγαγεῖν,
1583 2114 1672 2166 ὅτε

76 2217 156 2266 καὶ
192 2211 631 2282 χρυσοὸούλλιον
666 2209 843 2278 τούτῳ
896 2210 990 2261 καὶ
1031 2210 1229 2280 ὅρκους
1281 2208 1552 2268 ἀπαθείας
1604 2206 1672 2257 δι’

74 2307 234 2359 αέτοῦ
265 2322 330 2357 τε
365 2305 462 2357 καὶ
490 2302 694 2373 ἐτέρων
717 2300 1002 2371 προτέρων
1029 2300 1239 2352 πολλῶν
1267 2296 1672 2363 ἐξαπέστειλεν.

75 2403 127 2450 Ui
163 2399 225 2450 δὲ
256 2396 328 2449 δι’
355 2394 526 2448 αὐτοῦ
567 2395 664 2464 μὲν
710 2393 802 2445 τοῦ
848 2390 1072 2456 Ἰαννοῦ,
1107 2392 1168 2442 οὐ
1231 2390 1336 2457 μὴν
1367 2388 1540 2450 οὕτως
1588 2387 1676 2439 διὰ

77 2490 322 2558 Γξανερξῖίς
369 2485 669 2549 ἐντεύξεως
712 2484 809 2537 καὶ
857 2483 1169 2552 συντυχίας,
1213 2480 1466 2550 κρυπτῆς
1493 2479 1676 2532 δὲκαὶ

74 2583 272 2650 ἀδήλου
309 2579 549 2642 πολλοῖς,
598 2580 632 2646 ἢ
683 2576 774 2629 τὸν
816 2576 1025 2646 Ἰαννῆν
1056 2574 1251 2645 γνώμῃ
1294 2573 1386 2625 τοῦ
1415 2571 1674 2640 Θεοφίλου

79 2673 160 2739 ἀφ’
194 2671 369 2741 ἡμῶν
413 2674 807 2740 μεταστήσασα
851 2671 944 2721 καὶ
989 2668 1421 2737 μεταμφιὰσασα
1446 2665 1675 2727 καὶτοῖς

79 2763 482 2832 ρακοόυτοῦσιν
543 2761 758 2830 Ἴϐηρσι
826 2761 918 2812 καὶ
967 2762 1221 2828 μοναχοίς
1264 2760 1376 2819 τοῖς
1442 2758 1578 2825 πρὸς
1607 2755 1676 2808 τὰ

87 2858 452 2928 Ἱεροσόλυμα
514 2854 652 2924 μετὰ
691 2855 841 2924 λιτῆς
873 2853 1132 2921 φοιτῶσιν
1190 2849 1569 2918 ἐξομοιῶσασά
1617 2865 1676 2900 τε

75 2952 163 3000 xz".
195 2944 674 3013 συγκαταμίξασα
706 2943 783 3014 τῷ
806 2946 864 2995 ἐν
962 2943 1182 3014 διῃτᾶτο
1210 2942 1342 3008 οἴκῳ
1367 2941 1394 2993 ὁ
1419 2940 1678 3010 Μανουηλ

76 3040 217 3092 κατὰ
255 3039 325 3090 τὸ
353 3036 547 3103 Βαγδᾶ
572 3034 976 3104 ἐγκατέστησεν
1008 3035 1252 3086 ἐπαιτεῖν
1278 3049 1337 3084 τε
1377 3048 1678 3100 προσποιη-

77 3133 324 3197 σάμενον
379 3131 480 3182 καὶ
515 3132 615 3198 τὴν
649 3126 745 3179 τοῦ
789 3127 1054 3196 βασιλέως
1104 3127 1392 3194 μετάνοιαν
1425 3125 1678 3179 ἀναδιδά-

75 3240 309 3275 σκοντα..
343 3223 460 3275 Καὶ
499 3221 784 3289 μάρτυρας
814 3220 922 3270 τῶν
950 3219 1254 3289 εἰρημένων
1288 3220 1349 3270 τό
1371 3235 1428 3270 τε
1451 3218 1546 3271 τοῦ
1584 3220 1678 3286 βα-

1845 1566 1934 1620 26.
1981 1567 2178 1621 \‘ezum
2212 1584 2334 1621 cum
2374 1567 2498 1636 ejus
2529 1566 2979 1636 pererebescente
3011 1565 3152 1618 fama
3184 1562 3362 1617 Theo-

1775 1661 1982 1729 philnm
2040 1661 2112 1713 rei
2168 1662 2480 1729 pmnileret,
2541 1675 2639 1713 nec
2691 1661 2823 1714 levis
2877 1658 3035 1714 dolor
3065 1658 3191 1711 imle
3234 1671 3360 1709 eum

1775 1754 2115 1816 incessisset,
2148 1754 2356 1805 nullum
2393 1768 2500 1805 non
2539 1751 2724 1805 funem
2783 1750 3112 1805 movendum
3144 1751 3358 1811 statuit,

1778 1854 1836 1898 ut
1864 1845 2042 1898 virum
2077 1845 2143 1898 ad
2177 1861 2235 1898 se
2281 1853 2565 1898 revocaret
2593 1843 2659 1898 ad
2707 1858 2877 1913 seque
2907 1843 3084 1896 redire
3114 1842 3360 1909 compel-

1777 1936 1933 1988 leret.
1967 1935 2121 1990 Unde
2155 1936 2242 1988 alii
2300 1935 2519 2005 quidem
2589 1950 2681 2004 per
2712 1933 2941 1988 .lannem
3004 1933 3357 1994 monachum,

1775 2045 1884 2098 quo
1920 2039 2166 2098 tempore
2202 2031 2403 2083 missus
2429 2040 2511 2084 est
2546 2031 2611 2082 ad
2647 2029 3066 2083 conunutandos
3090 2027 3359 2096 captivos,

1775 2122 1926 2189 pacis
1949 2137 2071 2174 eum
2113 2121 2318 2175 foedera
2352 2122 2541 2175 iniisse
2569 2136 2632 2174 ac
2665 2120 2969 2174 Manuclem
3000 2120 3066 2173 ad
3104 2135 3163 2172 se
3196 2135 3356 2172 revo-

1775 2227 1931 2266 casse
1969 2212 2170 2274 fernnt,
2226 2213 2445 2280 quando
2480 2212 2644 2264 etiam
2699 2212 2909 2265 litteras
2941 2220 2995 2264 et
3051 2211 3363 2266 securitatis

1779 2305 1936 2358 Iidem
1967 2304 2327 2373 jurejurando
2369 2303 2640 2356 ﬁrmatam
2672 2319 2766 2372 per
2790 2318 2912 2356 eum
2953 2303 3245 2372 pluresque
3271 2302 3363 2354 illo

1778 2399 1988 2468 priores
2033 2398 2198 2450 misit.
2242 2396 2344 2449 Alii
2393 2396 2637 2462 ejusdem
2672 2396 2892 2464 quidem
2947 2393 3143 2448 Jannis
3197 2410 3362 2463 opera

1778 2506 1890 2544 rem
1916 2499 2188 2558 peractam
2227 2487 2458 2550 malunt,
2493 2499 2601 2539 non
2635 2496 2814 2540 tamen
2861 2489 2940 2540 sie
2971 2498 3166 2555 aperto
3193 2487 3364 2539 collo-

1778 2584 1927 2652 quin,
1954 2581 2048 2637 sed
2076 2580 2291 2634 occulto
2323 2594 2388 2632 ac
2421 2579 2582 2648 vulgo
2621 2579 2881 2643 obscuro,
2914 2577 2985 2631 ita
3017 2577 3274 2630 nimirum
3307 2587 3365 2631 ut

1776 2674 1980 2728 Jannvs
2016 2674 2242 2742 jubente
2273 2670 2577 2739 Thcophilo
2613 2669 2893 2739 profectus
2923 2670 3016 2733 sit,
3061 2671 3364 2738 habituque

1777 2777 1985 2821 mutato
2023 2782 2088 2820 ac
2122 2765 2318 2834 pannis
2352 2762 2576 2817 indutus
2626 2762 2795 2817 lberis
2848 2772 3014 2831 atque
3069 2761 3365 2816 monachis

1779 2861 2213 2930 Hierosolymam
2268 2857 2378 2912 voti
2432 2872 2596 2910 causa
2643 2853 3144 2923 proficiscentibus,
3193 2869 3364 2906 unum

1779 2953 1994 3008 illorum
2053 2953 2342 3013 simulans,
2393 2963 2512 3003 sese
2566 2948 2903 3015 adjunxerit,
2951 2961 3128 3013 eoque
3175 2943 3363 2998 habitu

1779 3044 2046 3098 Manuelis
2072 3044 2298 3097 domum
2354 3041 2548 3108 Bagdaa
2584 3040 2840 3095 subierit.
2876 3039 2988 3092 lllic
3039 3036 3273 3091 mendici
3302 3051 3365 3090 ea

1779 3137 1960 3206 specie
1979 3136 2043 3189 ad
2070 3135 2426 3206 enniladitum
2461 3141 2653 3187 nactus
2678 3133 3062 3201 imperatorem
3101 3131 3368 3200 poenitere

1779 3229 1996 3289 docuit,
2025 3226 2320 3293 verbisque
2360 3225 2520 3278 Iidem
2555 3224 2680 3278 fecit
2735 3224 2882 3276 illius
2931 3221 3141 3291 prolata
3175 3220 3367 3274 collari

75 3314 273 3376 σιλέως
308 3311 610 3379 ἐγκὸλπιον
641 3312 734 3363 καὶ
770 3311 833 3362 τὸ
864 3309 1284 3380 χρυσοὸούλλιον
1322 3310 1518 3372 ἐδίδου,
1545 3327 1678 3379 συμ-

1786 3335 1950 3376 cruce
1981 3333 2043 3371 ac
2077 3319 2293 3382 litteris,
2326 3317 2528 3386 quibus
2562 3316 2606 3370 is
2653 3330 2908 3369 securum
2963 3313 3214 3367 redderet
3246 3328 3366 3366 oni-

75 3405 320 3460 πλθειάν
376 3423 442 3457 τε
499 3404 594 3456 καὶ
647 3404 886 3471 παντελῆ
951 3401 1058 3452 τῶν
1111 3401 1298 3454 κακῶν
1374 3401 1681 3470 ἀμνηστίαν

73 3499 561 3567 ε-ᾅαγγελιζὸμενα
579 3515 591 3526 ·
625 3495 661 3550 ἃ.
688 3495 780 3546 καὶ
808 3491 989 3546 λαϐὼν
1021 3494 1100 3555 είς
1126 3495 1314 3562 χεῖρας
1344 3494 1372 3543 ὁ
1398 3491 1680 3560 Μανουὴλ,

70 3601 164 3646 καί
191 3595 376 3646 οἱονεὶ
406 3590 508 3660 τὴν
527 3588 707 3658 ψυχὴν
747 3587 1030 3648 ἀνακαεὶς,
1063 3587 1163 3655 τὴν
1217 3585 1400 3637 οἶκαδε
1446 3584 1684 3654 ἐμελέτα

73 3687 372 3740 ἐπάνοδον.
422 3683 580 3735 Ἐπεὶ
617 3680 745 3747 γοῦν
774 3681 836 3734 ἐκ
855 3696 913 3730 τε
944 3678 1038 3730 τοῦ
1067 3677 1258 3748 χρόνου
1293 3679 1386 3733 καὶ
1412 3677 1521 3730 τῶν
1550 3678 1684 3745 πρό-

69 3796 232 3847 τερον
274 3778 422 3847 ⁴ἡμῖν
479 3774 792 3843 εἰρημένων
846 3769 1014 3824 αὑτοῦ
1071 3770 1214 3822 κατὰ
1264 3769 1375 3823 τῶν
1407 3769 1683 3837 πολεμίων

71 3874 256 3940 ἔργων
295 3871 334 3938 ἡ
379 3867 522 3935 πρὸς
555 3864 718 3917 αὐτὸν
767 3863 951 3926 πίστις
995 3861 1056 3915 οὐ
1091 3864 1340 3930 μείωσιν,
1372 3860 1597 3932 αὔξησιν
1627 3860 1685 3913 δέ

65 3982 196 4016 τινα
214 3963 350 4014 καθ’
371 3959 620 4026 ἑκάστην
645 3953 971 4024 ἐλάμϐανεν,
1004 3954 1201 4024 μηνύει
1227 3953 1304 4024 τῷ
1333 3955 1686 4024 ἀμεραμνου-

69 4060 134 4126 νῇ
169 4057 248 4117 ὡς
283 4053 543 4121 ἐφέσεως
567 4047 679 4117 ἔχοι
711 4047 804 4099 καὶ
836 4046 978 4099 κατὰ
1030 4046 1139 4098 τῶν
1183 4045 1468 4115 Ῥωμαίων
1519 4062 1685 4116 στρα-

68 4149 298 4211 τεῦσαι,
355 4143 458 4196 καὶ
489 4141 620 4201 τοὺς
655 4137 905 4209 ἐχθροὺς,
962 4138 1012 4189 οἳ
1039 4139 1300 4189 κατεῖπον
1348 4137 1514 4190 αὑτοῦ
1553 4137 1689 4207 πρὸς

1787 3416 2049 3480 niumque
2073 3410 2406 3464 offensarum
2432 3409 2762 3462 oblivionem
2793 3415 2980 3459 sancte
3005 3404 3365 3473 promitteret.

1785 3505 2038 3571 Acceptis
2091 3503 2145 3555 in
2199 3517 2395 3555 manus
2437 3499 2653 3554 Manuel
2683 3499 2901 3560 litteris,
2947 3497 3175 3551 incenso
3202 3496 3368 3550 ardo-

1786 3595 1934 3647 ribns
1962 3592 2167 3656 animo,
2205 3591 2352 3645 serio
2382 3591 2586 3659 cogitat
2634 3591 2687 3643 in
2751 3590 2983 3660 patriam
3037 3588 3373 3657 domumque

1786 3685 2008 3739 reverti.
2068 3683 2207 3748 Quia
2252 3683 2416 3752 igitur
2477 3683 2738 3750 temporis
2795 3681 2912 3749 ipsa
2972 3679 3371 3749 longinquitate

1786 3775 2062 3843 rebusque
2127 3774 2389 3828 adversus
2462 3772 2622 3841 120
2687 3785 3097 3825 ameramnunte
3146 3773 3370 3836 hostes,

1788 3881 1926 3935 quas
1978 3881 2142 3935 supra
2185 3866 2496 3930 retulimus,
2534 3865 2675 3920 bello
2707 3865 2966 3933 praeclare
3020 3862 3189 3932 gestis
3215 3879 3371 3918 suam

1790 3959 1864 4012 illi
1901 3961 2074 4030 magis
2103 3960 2155 4012 in
2188 3959 2306 4013 dies
2342 3958 2602 4028 probarat
2625 3959 2809 4022 ﬁdem,
2850 3972 2952 4011 nec
2980 3957 3086 4009 ulla
3115 3955 3230 4025 jam
3278 3972 3374 4010 su-

1791 4051 2033 4120 spicioae
2081 4051 2385 4117 laborabat,
2426 4049 2700 4120 signiﬁcat
2727 4050 2830 4104 hoc
2860 4049 2965 4102 sibi
2996 4049 3183 4102 animo
3229 4063 3376 4101 con-

1790 4142 2063 4204 stitutum,
2094 4149 2153 4193 ut
2184 4149 2238 4194 et
2263 4139 2530 4194 adversus
2565 4139 2842 4192 Romanos
2872 4138 3070 4192 educat
3104 4146 3158 4191 et
3194 4135 3378 4189 inimi-

68 4239 165 4286 τῂν
193 4232 466 4302 βασιλέα,
486 4227 826 4297 ἀμύνασθαι,
860 4226 954 4278 καὶ
979 4226 1119 4278 κατὰ
1151 4226 1250 4296 τὴν
1293 4227 1690 4280 Καππαδοκίαν

67 4335 172 4387 :1;
214 4324 478 4394 οἰκήσεις
535 4318 794 4387 ἔχοντας’
844 4317 938 4370 καὶ
992 4318 1090 4370 σὺν
1140 4315 1291 4386 αὐτῷ
1330 4317 1546 4370 καὶτὸν
1576 4319 1690 4370 υἱὸν

67 4417 234 4484 ἠξίου
259 4408 595 4482 πέμπεσθαι
618 4407 707 4458 τὸν
732 4405 1126 4476 ἀμεραμνουνῆ
1143 4405 1188 4436 ⁸⁸
1225 4407 1307 4469 είς
1331 4406 1552 4460 πλείονα
1579 4408 1690 4461 τῶν

71 4505 525 4575 ἐπσνωυμένων
579 4499 665 4570 [Ρ.
689 4497 782 4570 75]
840 4497 1164 4565 ἀσφάλειαν.
1221 4498 1529 4551 Κατανεύει
1581 4502 1679 4562 τοῖς

1794 4507 1936 4559 mitti
1977 4514 2155 4575 rogat.
2190 4505 2398 4556 Annuit
2456 4502 2661 4572 petenti
2725 4499 3014 4561 lsmaelus,
3055 4512 3120 4551 ac
3149 4500 3201 4550 in
3239 4511 3379 4566 quos

63 4599 402 4669 αἰτηθεῖσιν
433 4597 466 4647 ὁ
526 4591 779 4660 Ἰσμαὴλ,
839 4591 933 4643 καὶ
974 4591 1117 4643 κατὰ
1149 4589 1260 4642 τῶν
1302 4583 1378 4644 ὧν
1421 4592 1679 4663 ἐπεθύμει

1791 4604 2093 4674 expetierat
2131 4602 2318 4656 hostes
2343 4598 2648 4654 Manuelem
2681 4597 2900 4651 emittit-
2955 4593 3057 4647 Ubi
3112 4593 3228 4663 jam
3263 4591 3380 4646 Ro.

65 4665 432 4760 ἐΞέπεμπεν.
480 4686 574 4748 Ὠς
601 4685 660 4737 δὲ
693 4683 922 4755 πλησίον
947 4701 1051 4736 που
1087 4686 1200 4749 τοῖς
1229 4686 1339 4739 τῶν
1399 4686 1679 4757 Ῥωμαίων

1797 4665 1991 4751 manes
2021 4708 2156 4764 pene
2195 4694 2330 4746 ﬁnes
2377 4691 2651 4762 attigerat,
2697 4685 3054 4757 Cappadociae
3093 4693 3378 4754 pratorem

61 4785 256 4851 ἁρὲοις
311 4781 588 4848 ἐγίνοντο,
635 4776 771 4847 δῆλα
804 4779 1036 4829 ποιεῖται
1083 4778 1129 4809 ’⁸
1162 4776 1233 4830 τὰ
1262 4779 1382 4831 κατ’
1413 4778 1575 4832 αὐτὸν
1612 4778 1679 4850 τᾷ

1799 4787 1866 4842 de
1904 4785 2020 4840 suis
2051 4785 2217 4839 rebus
2256 4794 2464 4846 monet,
2505 4795 2675 4850 seque
2742 4794 2936 4833 rursus
2986 4778 3052 4831 ad
3101 4773 3382 4829 Romanos

63 4871 509 4932 Καππαδοκίας
533 4868 826 4940 στρατηγῷ
857 4871 951 4922 καὶ
979 4868 1079 4939 τὴν
1103 4869 1348 4933 εἰσαῦθις
1371 4870 1508 4941 πρὸς
1553 4871 1679 4924 Ῥω.

1801 4877 1985 4934 redire
2011 4877 2304 4947 signiﬁcat,
2348 4876 2621 4944 simulque
2653 4883 2802 4928 certo
2834 4872 2953 4925 loco
3005 4869 3264 4924 locandas
3295 4868 3382 4920 in-

67 4973 289 5036 μαίσυς
320 4963 624 5018 ἐπάνοδον.
663 4962 758 5013 καὶ
812 4960 930 5030 ἅμα
963 4961 1244 5015 ἐδίδασκεν
1285 4963 1360 5025 ὡς
1395 4963 1501 5035 χρὴ
1551 4963 1679 5017 κατᾶ

1805 4971 1974 5029 sidias
1999 4972 2190 5024 docet:
2226 4967 2294 5023 Ut
2325 4985 2467 5032 cum,
2496 4966 2695 5036 inquit,
2740 4964 2870 5017 illuc
2907 4978 3114 5026 venero,
3154 4959 3383 5014 Sarace-

63 5062 161 5111 τὲῆν
207 5060 374 5112 δεῖνα
401 5055 577 5108 τόπον
629 5051 788 5121 λόχον
836 5051 958 5104 τινὰ
1014 5051 1110 5105 καὶ
1165 5053 1392 5123 ἐνέδραν
1419 5054 1674 5124 γενέσθαι

1804 5079 1992 5117 norum
2041 5061 2380 5131 praedonibus
2430 5061 2537 5112 alio
2590 5057 2851 5118 dimissis,
2908 5056 2964 5107 in
3024 5053 3384 5107 Romanorum

65 5155 218 5205 Ἵνα
261 5149 417 5202 ὅταν
449 5145 654 5198 ἐκεῖσε
674 5141 750 5211 δὴ
780 5141 1060 5214 γένωμαι,
1086 5142 1159 5197 τὰ
1181 5146 1300 5215 μὲν
1332 5146 1679 5215 Σαρακηνῶτ

1806 5151 1917 5219 ipse
1949 5166 2172 5204 cuneum
2207 5152 2463 5213 incidam,
2497 5157 2655 5215 atque
2680 5149 2756 5199 ita
2791 5145 2859 5197 ad
2893 5143 3096 5211 patrios
3133 5142 3272 5194 lares
3304 5157 3385 5193 re-

59 5244 335 5312 κοῦρσα
384 5239 487 5293 ἐπ’
556 5237 755 5290 ἄλλον
807 5236 883 5304 δή
928 5254 1065 5290 τινα
1123 5239 1313 5292 τόπον
1344 5239 1679 5303 ἐξελαύνειν

1805 5255 2013 5308 vertor;
2050 5245 2127 5297 uti
2159 5245 2325 5297 etiam
2360 5241 2560 5296 factum
2592 5249 2694 5295 est.
2740 5237 2841 5293 Ubi
2876 5236 3022 5290 enim
3076 5247 3248 5305 prope
3273 5232 3384 5300 jam

57 5356 168 5389 πει
180 5338 365 5398 ἠσας
394 5330 551 5400 μετὰ
573 5330 680 5382 τοῦ
705 5331 895 5397 λόχου
925 5327 1002 5396 δὴ
1035 5331 1289 5400 γένωμαι
1323 5331 1423 5384 καὶ
1450 5333 1600 5398 πρὸς
1628 5334 1679 5386 τε

1804 5339 1871 5392 ad
1903 5339 2078 5392 locum
2109 5345 2439 5401 accesserat,
2472 5333 2718 5388 lsmaelis
2761 5332 2931 5386 ﬁlium
2969 5327 3183 5397 prolixe
3237 5326 3387 5376 salu-

71 5429 420 5496 Ῥωμαίων
453 5425 575 5491 ἢθη
598 5422 993 5493 ἐπαναδράμω
1013 5427 1217 5488 αὑτός.
1248 5425 1312 5477 Ὃ
1336 5425 1429 5476 καὶ
1451 5426 1674 5493 γέγονεν

1806 5441 1930 5486 tans
1954 5447 2017 5486 ac
2043 5430 2335 5486 osculans:
2369 5428 2491 5494 Abi,
2522 5427 2718 5496 inquit,
2750 5424 2858 5484 abi,
2879 5423 2978 5491 ﬁli,
3007 5421 3289 5474 incolumis
3320 5417 3389 5469 ad

53 5527 200 5590 ἀρτι
227 5520 361 5589 γὰρ
379 5519 567 5570 ἐκεῖσε
587 5516 651 5586 δή
678 5533 782 5569 που
808 5517 1160 5588 ἐπλησίαζεν,
1184 5520 1277 5571 καὶ
1300 5519 1471 5572 πολλά
1495 5520 1585 5571 τὸν
1600 5520 1679 5574 τοί

1805 5533 2008 5594 patrem
2038 5533 2224 5586 tuum;
2258 5523 2388 5576 scito
2419 5535 2538 5574 vero
2563 5535 2666 5572 non
2698 5517 2766 5570 ad
2807 5515 2975 5569 alium
3011 5528 3092 5566 me
3121 5509 3390 5580 proficisci

75 5614 350 5688 ’ίςμειὴλ
374 5614 492 5665 υἱὸν
523 5610 1049 5679 κατασπασάμενος,
1086 5612 1309 5677 Ἄπιθι,
1333 5611 1461 5683 ἔφη,
1493 5611 1679 5680 ὑγιὴς.

1805 5633 1962 5686 quam
2004 5617 2071 5669 ad
2125 5632 2295 5670 meum
2339 5631 2514 5670 verum
2564 5612 2934 5682 imperatorem
2982 5624 3044 5660 ac
3091 5605 3385 5658 dominum.

1445 5706 1679 5762 VARle
1721 5709 2015 5767 LECTION
2025 5711 2126 5768 ES.

143 5808 198 5840 ³³
237 5807 349 5860 τὸν
379 5800 470 5854 τοζ
505 5801 673 5870 ἁμερ.
702 5800 724 5851 ?
799 5801 842 5831 ’θ
867 5799 1002 5869 δῆλα
1034 5798 1224 5852 ποιεῖῖ
1257 5814 1321 5854 an
1359 5799 1672 5869 8q).o:rmsi?

1791 4249 1886 4287 eos
1919 4233 2073 4304 (suos
2108 4234 2251 4301 apud
2294 4233 2680 4301 imperatorem
2717 4227 3011 4296 delatores)
3053 4227 3374 4292 ulciscatur,

1789 4321 1880 4390 qui
1934 4321 1986 4373 in
2017 4318 2363 4390 Cappadocia
2398 4319 2561 4373 sedes
2612 4318 2906 4372 habebant.
2940 4317 3017 4368 Ac
3044 4329 3154 4384 quo
3205 4314 3378 4384 magis

1791 4414 2102 4468 institutum
2142 4413 2296 4473 celet.
2330 4413 2506 4480 ipsum
2553 4423 2960 4464 ameramnuna:
2994 4407 3162 4460 ﬁlium
3191 4421 3377 4461 secum
