4158 6442
767 415 877 487 139

1834 410 2241 474 ΤΗΕΟΡΗΑΝ
2252 410 2338 469 ES
2374 408 2928 473 CONTINUATUS.

3921 410 4027 471 1Ᾱο

774 530 1117 589 obﬁrmatlus
1159 531 1364 586 haerere
1423 530 1724 601 proposito,
1774 530 2100 599 animosque
2161 525 2342 580 Theo-

2469 524 2615 589 ›υξαν
2636 542 2651 556 ο
2682 526 2741 589 δς
2768 525 2907 578 αἰδοῖ
2936 542 2991 576 τε
3022 523 3113 576 καὶ
3146 522 3295 592 φόδῳ
3337 522 3471 591 πρὸς
3501 522 3591 574 τὸν
3626 520 3848 590 βασιλέα
3886 521 4025 589 βαλ-

768 625 972 692 phoho,
1005 637 1167 692 quem
1206 621 1446 675 medium
1478 621 1782 683 habebant,
1818 619 2015 674 facere.
2057 619 2148 673 llle
2179 632 2343 687 porro

758 715 904 768 eciam
942 712 1257 782 imperatori
1292 726 1405 765 rem
1445 711 1747 782 signiﬁcat,
1798 711 2163 781 jurejurando
2210 725 2345 765 con-

770 809 992 859 firmans
1023 819 1131 857 non
1162 818 1244 869 se,
1277 805 1370 858 sed
1395 804 1590 858 Persas
1612 804 1772 873 hujus
1799 814 2055 858 auctores
2084 802 2347 858 facinoris

768 912 910 951 esse.
992 897 1068 952 Ac
1143 905 1257 951 tum
1333 898 1547 966 quidem
1624 895 1964 968 Theophilus
2012 898 2345 953 voluntatem

770 986 930 1056 125
955 984 1275 1058 Theophobi
1300 987 1644 1057 approbavit,
1685 996 1739 1042 et
1785 990 1839 1042 in
1876 989 2056 1042 aulam
2094 995 2348 1043 revocato

769 1078 1056 1143 pristinam
1117 1079 1433 1147 dignitatem
1485 1078 1743 1133 restituit.
1790 1079 1969 1133 Persis
2006 1093 2226 1148 quoque
2255 1078 2349 1133 de-

774 1168 1117 1223 lictiveniam
1162 1169 1329 1235 dedit,
1388 1170 1825 1239 injuriarumqne
1887 1170 2157 1238 promissa
2210 1170 2349 1224 obli-

770 1260 930 1313 vionc
968 1275 1063 1315 eos
1098 1259 1322 1330 Sinope,
1352 1261 1467 1317 sive
1509 1262 1673 1315 etiam
1710 1262 2042 1327 Amasti-ide,
2086 1265 2351 1317 excedere
2381 1293 2404 1302 -

766 1350 948 1422 jubet.
985 1351 1051 1406 Et
1075 1353 1335 1421 quoniam
1384 1353 1437 1406 in
1498 1354 1773 1423 ingentem
1800 1354 1911 1423 jam
1943 1355 2347 1409 multitudinem

773 1451 1125 1497 excreverant
1168 1442 1315 1510 (nam
1363 1458 1578 1497 summa
1613 1459 1803 1497 eorum
1832 1445 1897 1498 ad
1929 1445 2149 1514 triginta
2180 1444 2350 1497 millia

774 1533 1145 1603 assurgebat),
1184 1532 1329 1586 haud
1359 1549 1389 1589 e
1422 1548 1482 1588 rc
1531 1535 1710 1587 visum
1758 1533 2060 1604 Theophilo
2085 1544 2143 1589 ut
2173 1550 2269 1590 eos
2294 1534 2354 1589 li-

776 1625 936 1679 beros
965 1636 1131 1695 atque
1188 1625 1399 1679 solutos
1436 1641 1557 1680 esse
1607 1628 1967 1694 permitteret.
2006 1627 2136 1682 Utili
2165 1627 2354 1698 itaque

773 1716 1009 1771 consilio
1045 1717 1171 1770 bina
1209 1717 1379 1771 millia
1409 1716 1461 1770 in
1492 1717 1705 1788 singula
1753 1719 1992 1773 themata
2021 1720 2233 1787 dividit,
2258 1720 2353 1791 qui

774 1807 876 1862 sub
908 1808 1125 1863 illorum
1160 1809 1395 1865 ducibus
1450 1807 1651 1875 forent,
1693 1812 1795 1865 sub
1828 1812 2029 1882 quibus
2061 1814 2226 1868 etiam
2256 1813 2355 1868 tri-

778 1898 907 1952 btrni
936 1913 1238 1968 eorumque
1274 1910 1575 1954 turmarum
1621 1900 1859 1971 praefecti
1889 1903 1995 1956 illis
2030 1912 2349 1973 praeessent.

779 1988 1021 2060 llincqne
1074 1990 1277 2046 factum
1307 2000 1368 2047 ul
1397 1992 1664 2048 hactenus
1709 1994 2001 2051 Persarum
2038 2010 2238 2050 nomen
2266 2010 2355 2051 eo-

777 2082 964 2139 horles
1006 2084 1112 2140 illae
1149 2100 1212 2141 ac
1275 2095 1470 2142 turmae
1511 2088 1801 2151 retineant,
1847 2089 1901 2141 in
1935 2104 2072 2159 quas
2117 2088 2353 2158 dispersi

776 2176 950 2231 fuere.
980 2177 1256 2233 Audacius
1284 2178 1469 2249 itaque
1491 2195 1556 2233 ae
1604 2181 1893 2249 procacius
1930 2181 2143 2236 facinus
2171 2182 2353 2237 visum

776 2264 1085 2339 'lheophilo
1112 2278 1225 2323 tum
1267 2268 1390 2325 illos
1424 2280 1708 2341 suspectos
1738 2272 1792 2325 in
1821 2286 1946 2326 eum
1992 2272 2215 2327 modum
2240 2272 2356 2328 dis-

777 2360 970 2427 persit,
1010 2370 1122 2415 tum
1152 2376 1260 2417 non
1310 2363 1482 2416 multo
1527 2372 1650 2433 post
1683 2362 2021 2434 Theophobo
2050 2379 2243 2420 necem
2273 2373 2360 2420 at-

777 2450 921 2507 tulit.
953 2450 1277 2521 Quanquam
1321 2454 1425 2508 alia
1455 2469 1676 2525 quoque
1714 2470 1904 2521 causa,
1936 2472 2103 2527 quam
2129 2456 2357 2512 omnino

776 2556 877 2609 pro
931 2543 1033 2597 loci
1084 2546 1489 2614 Opportunitate
1544 2549 1815 2602 narraturi
1865 2564 2083 2613 sumus,
2109 2551 2363 2606 accessit.

2446 616 2671 686 λόμενος
2688 617 2907 670 ἁνένευέ
2925 632 2984 668 τε
3005 616 3099 669 καὶ
3117 616 3264 668 δεινὰ
3288 613 3572 666 πείσεσθαι
3591 614 3811 674 τούτους
3835 613 4029 681 ἔλεγεν

2447 708 2541 760 ἐπὶ
2594 706 2670 777 τῷ
2714 708 3045 778 τολμήματι.
3107 706 3272 758 Ὅθεν
3327 705 3491 758 πλέον
3549 704 4027 775 καπρῤωδοῦντες

2448 800 2604 853 αὐτοὶ
2648 799 2745 861 τὰς
2796 799 2859 851 ὲκ
2897 797 3161 867 βασιλέως
3218 796 3450 858 ἀπειλὰς
3502 795 3712 865 εἴχοντο
3767 796 3867 863 μὲν
3921 796 4033 862 τῆς

2448 889 2674 961 γνώμης
2712 890 2924 954 αὐτῶν,
2954 887 3101 959 εἶχον
3127 888 3184 941 δὲ
3216 889 3309 940 καὶ
3359 888 3522 939 αὐτὸν
3555 890 3611 939 ὲν
3642 889 3791 957 μέσῳ
3838 906 4029 957 παρα-

2449 982 2830 1054 θαρρύνοντες.
2874 982 3014 1035 Ἀλλ’
3040 984 3069 1034 ὁ
3101 982 3368 1051 Θεόφοεος
3400 981 3573 1048 λάθρα
3603 980 3671 1033 τὰ
3700 981 4037 1034 τελεσθέντα

2449 1075 2602 1145 δηλοῖ
2632 1076 2710 1145 τῷ
2738 1075 2966 1146 βασιλεῖ,
2996 1077 3091 1127 καὶ
3138 1075 3425 1144 ἐνωμότως
3454 1074 3790 1143 πληροφορεί
3817 1074 3894 1136 ὡς
3924 1074 4037 1125 οὐκ

2451 1168 2611 1232 αὐτὸς
2662 1170 2860 1221 ἐκεῖνοι
2891 1167 2948 1221 δὲ
2982 1168 3091 1221 τῶν
3139 1166 3520 1237 τολμηθέντων
3570 1166 3830 1218 ὑπαίτιοι.
3883 1166 4041 1217 Ἀλλ’

2451 1262 2662 1315 ἐκείνου
2680 1277 2737 1313 τε
2755 1263 2785 1313 6
2813 1260 3067 1331 βασιλεὺς
3086 1260 3338 1328 ἀσμένως
3362 1258 3683 1327 ἀποδέχεται
3706 1259 3804 1327 τὴν
3831 1259 4044 1327 προαί-

2455 1370 2605 1424 ρεσιν
2654 1354 2749 1405 καὶ
2779 1352 2915 1425 πρὸς
2945 1353 3014 1406 τὰ
3048 1352 3298 1423 βασίλεια
3349 1351 3615 1411 εἰσκαλεῖ,
3648 1351 3748 1421 τὴν
3788 1352 4044 1419 ἀρχαίαν

2454 1444 2620 1515 εὐκλη
2628 1444 2749 1515 ρίαν
2765 1443 3065 1506 ἀποδιδούς’
3085 1442 3417 1513 συγγνώμην
3436 1460 3497 1494 τε
3528 1443 3700 1495 ἅπασι
3714 1444 3826 1504 τοῖς
3846 1443 4049 1502 ἄλλοις

2456 1534 2551 1587 καὶ
2571 1536 2881 1605 ἀμνηστίαν
2926 1534 3113 1587 κακῶν
3134 1535 3259 1597 δοὺς
3289 1536 3387 1604 τῆς
3410 1533 3683 1601 Σινώπης,
3709 1534 3818 1586 εἴτε
3848 1533 3917 1602 δὴ
3940 1534 4051 1585 καὶ

2468 1627 2847 1699 Ἀμάστριδος,
2878 1628 3024 1679 ποιεῖ
3054 1626 3333 1696 ἐκδημεῖν.
3364 1626 3473 1677 Καὶ
3500 1624 3726 1693 ἐπείπερ
3757 1626 3836 1687 είς
3866 1625 4054 1674 πολυ-

2458 1719 2691 1791 πληθίαν
2738 1719 3010 1773 ὲνέδωκάν
3042 1719 3087 1750 ³³
3113 1735 3174 1771 τε
3220 1717 3313 1772 καὶ
3354 1717 3601 1789 ηὔξησαν
3631 1717 3706 1780 ὼς
3751 1719 3832 1777 είς
3885 1718 4055 1786 τρεῖς

2462 1812 2727 1885 μυριάδας
2749 1811 3093 1882 ἐληλακέναι,
3121 1812 3181 1865 οὐ
3207 1810 3489 1880 συμφέρον
3515 1810 3690 1863 ἐδόκει
3720 1811 3795 1879 τῷ
3820 1809 4057 1879 βασιλεῖ

2457 1907 2681 1971 τούτους
2707 1905 3023 1978 ἐλευθέρους
3040 1901 3179 1958 εἶναι
3197 1906 3292 1960 καὶ
3318 1904 3657 1972 ἀνειμένους,
3685 1902 3820 1956 ἀλλὰ
3850 1904 4056 1964 καλῶς

2462 1998 2803 2069 σκεψάμενος
2820 1996 3036 2066 ἑκάστῳ
3057 1994 3258 2065 θέματι
3280 1993 3523 2065 χιλιάδας
3550 1991 3646 2045 δύο
3671 1990 4056 2053 ἀπέσταλκεν,

2458 2090 2567 2144 ὑπὸ
2599 2094 2753 2160 χεῖρα
2785 2088 2960 2142 τελεῖν
2998 2091 3111 2150 τοῖς
3154 2087 3234 2149 είς
3268 2086 3603 2157 στρατηγίαν
3636 2084 4009 2153 τεταγμένοις
4039 2099 4057 2112 °

2462 2182 2549 2251 ἐφ’
2572 2176 2648 2235 ὧν
2675 2180 2768 2233 καὶ
2794 2178 3150 2249 τουρμάρχας
3180 2175 3496 2229 ἐπιστατεῖν
3528 2172 3818 2239 ἐξετίθετο.
3871 2172 4062 2225 Ὅθεν

2459 2273 2619 2341 ἄχρις
2646 2268 2807 2340 ἡμῶν
2839 2263 3338 2337 τὴνπροσηγορίαν
3368 2262 3595 2332 Περσῶν
3625 2262 3681 2313 αἱ
3710 2260 3819 2312 τῶν
3866 2258 4066 2329 θεμά-

2460 2379 2568 2417 των
2613 2360 2851 2431 τοῦρμαι
2905 2357 3317 2425 κεκλήρωνται,
3371 2355 3456 2422 ἐφ’
3500 2348 3583 2415 οἷς
3636 2350 4061 2420 διεσπάρησαν.

2464 2452 2637 2508 Τοῦτο
2666 2451 2799 2519 γοῦν
2836 2449 2896 2503 τὸ
2928 2448 3185 2518 τόλμημα
3209 2445 3544 2517 θρασύτερόν
3581 2462 3695 2506 πως
3720 2443 3812 2494 καὶ
3842 2439 4070 2507 ἰταμώ-

2471 2564 2631 2617 τερον
2660 2544 2817 2607 δόξαν
2851 2541 2930 2612 τῷ
2958 2540 3203 2609 Θεοφίλῳ
3231 2537 3431 2599 αὐτούς
3465 2552 3524 2587 τε
3551 2534 3925 2603 διασπαρῆναι
3956 2531 4073 2584 καὶ

776 2635 1173 2707 διανεμηθῆναι
1231 2636 1486 2708 εποίησεν
1531 2640 1624 2691 καὶ
1672 2639 1765 2693 τὸν
1814 2639 2088 2710 Θεόφοῦον
2139 2641 2227 2715 [Ρ.
2262 2642 2352 2716 78]
2398 2641 2515 2715 μετ’
2544 2638 2605 2691 οὐ
2638 2636 2772 2689 πολὺ
2802 2634 3057 2704 ἀπήγαγε
3088 2631 3189 2701 τῆς
3219 2629 3386 2699 ζωῆς.
3439 2626 3683 2695 Ἐγένετο
3709 2626 3765 2677 δέ
3827 2641 3885 2676 τι
3955 2618 4074 2675 κίὶ

778 2728 1031 2799 δεύτερον
1054 2728 1250 2796 αἴτιον,
1281 2730 1310 2783 δ
1336 2730 1569 2803 δηλώσει
1604 2732 1821 2797 πάντως
1854 2736 1882 2788 6
1905 2734 2063 2803 λόγος
2094 2738 2238 2791 κατὰ
2262 2737 2354 2791 τὸν
2392 2737 2593 2790 οἰκεῖον
2627 2732 2837 2801 καιρόν.

847 2820 937 2876 30.
971 2822 1239 2876 Caeterum
1293 2838 1713 2880 ameramnunes
1752 2827 1823 2881 ob
1867 2838 2234 2900 expugnatam
2274 2830 2359 2883 di-

784 2918 1104 2980 reptamque
1149 2912 1383 2981 patriam
1438 2922 1588 2969 tanto
1650 2916 1794 2971 ictus
1839 2918 2011 2971 animi
2057 2918 2247 2973 dolore
2276 2929 2361 2974 est

782 3002 973 3071 sicque
999 3003 1314 3069 excanduit,
1352 3012 1411 3057 ut
1440 3005 1682 3076 undique
1721 3021 1789 3061 ex
1820 3006 2092 3079 Babylone
2117 3019 2172 3064 et
2203 3008 2364 3064 Phoe-

786 3093 927 3147 nicia
960 3103 1013 3148 et
1033 3093 1331 3166 Ccelesyria
1367 3095 1766 3168 Palmstinaque
1810 3110 1864 3154 et
1895 3100 2158 3157 inferiore
2189 3101 2359 3172 Libya

783 3188 1098 3257 conscripto
1128 3190 1371 3244 exercitu
1400 3190 1821 3262 ingentibusque
1846 3193 2136 3249 conductis
2164 3194 2362 3265 copiis,

2536 2823 2602 2879 λ’.
2622 2823 2683 2877 Ὀ
2703 2823 2762 2876 δὲ
2790 2824 2968 2889 ἅμερα
2978 2816 3211 2888 μνοιινῆς
3228 2814 3482 2867 τοσοῦτον
3514 2811 3724 2881 ἐτρώθη
3745 2810 3849 2881 τὴν
3867 2810 4077 2881 ψυχὴν

2466 2918 2559 2971 ἐπὶ
2604 2919 2672 2987 τῇ
2722 2910 3026 2983 καταλήψει
3069 2926 3130 2962 τε
3174 2909 3268 2961 καὶ
3308 2906 3573 2977 πορθήσει
3627 2904 3729 2973 τῆς
3786 2905 4077 2972 πατρίδος

2467 3004 2634 3060 αὐτοῦ
2668 3005 2743 3067 ὼς
2774 2999 3052 3069 πανταχοῦ
3087 2998 3343 3051 Θεσπίσαι
3374 3014 3435 3049 τε
3470 2996 3565 3048 καὶ
3597 2994 3831 3064 κηρῦξαι
3867 2995 4081 3046 πᾶσαν

2466 3098 2687 3169 ἠλικίαν
2721 3095 2783 3147 ἐκ
2813 3111 2873 3146 τε
2901 3090 3249 3152 Βαϐυλωνίας
3280 3090 3376 3142 καὶ
3407 3087 3658 3155 Φοινίκης
3706 3087 3801 3139 καὶ
3845 3085 4084 3156 Κοίλης

2474 3186 2674 3257 Συρίας
2707 3184 3071 3250 Παλαιστίνης
3100 3198 3157 3234 τε
3192 3183 3285 3235 καὶ
3337 3180 3438 3249 τῆς
3489 3180 3637 3233 κάτω
3685 3177 3900 3248 Διὸύης
3936 3194 4089 3231 συν-

796 3277 1005 3348 clypcis
1038 3285 1283 3335 omnium
1322 3282 1548 3337 inscribi
1576 3283 2131 3353 jusseritAmorium,
2171 3301 2364 3341 suscea

2474 3283 2541 3336 αθ
2551 3280 2870 3352 ροιζομένην
2893 3278 2987 3329 ἐπὶ
3001 3278 3119 3339 ταῖς
3139 3274 3363 3329 ἀσπίσιν
3380 3273 3559 3326 αὐτῶν
3579 3260 3857 3343 ἐγγράψαι
3891 3271 3960 3324 Ἀ
3976 3275 4090 3342 μό-

796 3380 941 3437 ptam
977 3385 1005 3423 a
1032 3387 1089 3424 se
1124 3383 1315 3426 contra
1336 3374 1387 3427 id
1418 3374 1677 3445 oppidum
1695 3377 2091 3445 expeditionem
2122 3376 2367 3447 illudque

791 3462 931 3516 bello
987 3463 1302 3518 tentandum
1359 3481 1485 3520 cum
1543 3467 1774 3522 audacia
1825 3468 2084 3523 innuens.
2137 3468 2369 3540 Collegit

790 3552 955 3621 igitur
1011 3555 1230 3623 copias;
1269 3564 1322 3609 et
1352 3557 1491 3626 apud
1532 3554 1766 3613 Tarsum
1816 3574 1879 3614 ex
1911 3561 2260 3629 paucissimis
2293 3562 2371 3615 in-

789 3659 922 3709 gens
975 3646 1156 3700 subito
1221 3663 1657 3720 nnmerosusque
1719 3652 1993 3722 apparuit,
2061 3654 2134 3707 ob
2180 3655 2371 3723 patriae

796 3733 957 3804 136
985 3750 1096 3789 suae
1127 3737 1478 3807 ignominiam
1537 3738 1727 3796 furore
1788 3752 2115 3798 exaestuans.
2163 3744 2271 3799 Sed
2316 3753 2374 3799 et

792 3825 1128 3893 ‘l'lu-Ophilus
1192 3828 1453 3884 adversus
1530 3829 1684 3884 illum
1735 3829 2018 3900 profectus
2050 3830 2367 3902 Dorylaeum

793 3918 1069 3984 pcn‘cuil,
1126 3918 1267 3986 quod
1328 3920 1492 3973 tridui
1542 3920 1736 3976 itinere
1801 3921 1871 3975 ab
1924 3922 2147 3976 Amorio
2194 3923 2368 3978 abest.

797 4007 968 4061 Fuere
995 4009 1147 4061 multi
1193 4011 1284 4079 qui
1339 4010 1649 4080 imperatori
1680 4024 1932 4069 auctores
1969 4025 2155 4069 essent
2184 4023 2243 4068 ut
2271 4012 2372 4067 Sa-

796 4114 1147 4165 racenorum,
1200 4102 1395 4173 majori
1450 4106 1501 4157 vi
1558 4119 1723 4174 quam
1748 4120 1872 4175 quae
1916 4106 2153 4161 inhiberi
2186 4116 2376 4177 posset

798 4194 1143 4255 irrm-ntium.
1179 4196 1440 4265 impetum
1472 4198 1753 4253 declinans
1777 4199 1985 4253 Amorii
2023 4200 2235 4254 incolas
2263 4200 2373 4253 alio

798 4286 1135 4342 transferret.
1164 4289 1410 4357 Ingentes
1446 4291 1706 4344 nimirum
1753 4305 1875 4346 esse
1923 4292 2145 4347 illorum
2185 4292 2375 4363 c0pias

799 4377 1240 4450 immensumque
1270 4382 1594 4437 exercitum.
1642 4383 1696 4438 ld
1726 4384 2009 4439 enimvero
2038 4384 2243 4439 infame
2274 4401 2374 4455 pa-

801 4483 1035 4537 rumque
1093 4471 1248 4524 virile
1290 4484 1441 4526 ratus
1493 4471 1855 4542 Theophilus,
1896 4476 2220 4545 praeclarum
2260 4476 2375 4530 for-

802 4558 982 4627 tisque
1024 4562 1193 4615 animi
1224 4564 1517 4618 consilium
1542 4568 1771 4634 putavit,
1803 4577 1861 4621 ιιι
1889 4569 2079 4622 urbem
2120 4584 2375 4623 commu-

806 4652 945 4705 niret
974 4652 1242 4723 ducisque
1272 4658 1482 4710 strenui
1510 4659 1814 4713 rationibus
1858 4660 2373 4729 alqueincolumem

806 4755 1105 4811 praestaret.
1144 4746 1361 4803 Electus
1392 4750 1446 4802 in
1471 4766 1589 4803 eam
1642 4765 1755 4804 rem
1786 4751 1975 4806 Aetius
1997 4752 2287 4821 patricius
2315 4767 2380 4808 ac

802 4832 1160 4891 Orientalium
1192 4838 1323 4892 dux.
1348 4838 1485 4906 Quia
1505 4856 1634 4896 vero
1663 4841 1825 4897 etiam
1849 4842 2016 4912 justis
2047 4842 2223 4912 copiis
2244 4858 2384 4912 opus

800 4936 942 4993 erat,
1000 4929 1097 4984 has
1154 4947 1374 5003 quoque
1393 4932 1732 5005 Theophilus
1763 4936 1948 5000 mittit,
1977 4952 2089 5007 quo
2131 4936 2379 5007 undique

805 5022 948 5077 hosti
988 5023 1280 5080 obsisteret
1303 5042 1367 5083 ac
1388 5028 1666 5083 victoriam
1688 5028 1766 5083 illi
1797 5030 2131 5100 prmriperet.
2157 5030 2238 5083 Ad
2261 5030 2376 5084 hac

803 5114 1122 5172 cohortibus
1149 5116 1270 5171 illos
1299 5118 1541 5188 pra-feeit
1571 5121 1665 5190 qui
1695 5122 1857 5191 paulo
1883 5134 2003 5191 post
2030 5114 2197 5176 futuri
2221 5133 2380 5177 erant

804 5219 1104 5282 martyres,
1172 5211 1520 5267 Theodorum
1573 5224 1940 5285 cognomento
2001 5212 2288 5271 Craterum
2329 5223 2383 5269 et

805 5300 1167 5373 Theophilum
1190 5321 1252 5361 ac
1280 5304 1650 5362 Babutzicnm.
1676 5308 1740 5363 Hi
1768 5324 1876 5362 non
1894 5308 2056 5363 modo
2073 5308 2226 5363 missi
2249 5317 2379 5363 tune

800 5399 1093 5465 exercitus,
1132 5402 1229 5457 sed
1288 5413 1340 5458 et
1424 5404 1687 5459 cohortis.
1737 5406 2099 5475 quadraginta
2158 5404 2391 5459 duorum

805 5503 1110 5564 martyrum
1151 5497 1425 5567 principes
1446 5500 1795 5555 exstiterunt.

874 5587 965 5641 31.
1004 5587 1297 5657 Postquam
1328 5593 1491 5661 igitur
1537 5594 1938 5648 Saracenorum
1986 5595 2259 5664 princeps,
2296 5594 2382 5648 in-

809 5692 994 5744 gentes
1064 5683 1177 5753 ipse.
1242 5687 1455 5741 animos
1492 5690 1709 5757 spirans
1764 5706 1825 5743 ac
1882 5691 2121 5745 exercitu
2165 5698 2378 5758 potens.

2475 3393 2609 3448 ριον,
2671 3376 2771 3445 τὴν
2821 3373 2944 3425 κατ’
2998 3368 3165 3423 αὐτοῦ
3210 3368 3462 3422 διάϐασιν
3517 3367 3658 3436 μετὰ
3710 3366 4090 3436 θρασύτητος

2472 3466 2868 3536 αἰνιττόμενος.
2913 3461 3186 3533 Συνήγετο
3225 3460 3357 3529 γοῦν
3398 3461 3492 3513 καὶ
3525 3460 3667 3513 κατὰ
3699 3460 3799 3529 τὴν
3835 3460 4091 3527 Ταρσὸν

2472 3562 2642 3623 πολὺς
2674 3559 2731 3626 ἐξ
2758 3559 2955 3626 όλίγων
2980 3558 3222 3625 ἐγένετο,
3259 3555 3427 3627 μανίᾳ
3457 3557 3551 3607 ἐπὶ
3575 3557 3644 3625 τῇ
3667 3555 3768 3622 τῆς
3790 3555 4093 3621 πατρίδος

2473 3652 2710 3724 αἰσχύνῃ
2758 3648 3206 3719 πνρπολοὺμενος
3234 3647 3334 3717 τὴν
3358 3646 3559 3715 ψυχήν.
3616 3643 3989 3715 ’Δντεπεξῄει
4029 3647 4095 3699 δὲ

2475 3745 2570 3797 καὶ
2602 3746 2629 3797 ό
2659 3742 2917 3810 Θεόφιλος
2964 3740 3104 3794 κατὰ
3151 3738 3213 3791 τὸ
3261 3737 3592 3809 Δορύλαιον,
3640 3736 3805 3807 τριῶν
3848 3739 4098 3806 ἡμερο-

2474 3835 2716 3908 δρομιῶν
2748 3835 2940 3907 πόρρω
2966 3850 3068 3886 που
3100 3831 3194 3885 τοῦ
3230 3832 3487 3901 Ἀμορίου
3517 3830 3898 3898 διακείμενον.
3931 3831 4098 3883 Πολ-

2475 3928 2583 3981 λῶν
2608 3924 2702 3981 οὖν
2734 3945 2795 3979 συ
2806 3924 3213 3996 μὸουλευόντων
3246 3925 3568 3994 μετοικῆσαι
3596 3922 3688 3973 τὸν
3710 3924 3767 3974 ὲν
3806 3922 3871 3973 Ἀ
3886 3926 4095 3993 μορίῳ

2481 4020 2737 4073 οἰκοῦντα
2790 4020 2917 4071 λαὶν
2952 4018 3047 4071 καὶ
3092 4018 3227 4079 τέως
3270 4015 3643 4084 ὑπεκδραμεῖν
3676 4013 3774 4084 τὴν
3821 4014 4098 4085 ἄσχετον

2480 4112 2655 4182 φορὰν
2685 4112 2792 4165 τῶν
2828 4109 3161 4182 Σαρακηνῶν
3197 4108 3388 4174 (πολὺς
3416 4109 3523 4176 γὰρ
3557 4105 3762 4176 ηὔξητο
3790 4106 3898 4160 καὶ
3944 4109 4102 4161 λαὸν

2479 4206 2721 4275 ἐπήγετο
2768 4204 3049 4273 ἄληκτον),
3102 4201 3302 4254 ἄτοπον
3348 4200 3447 4269 μὲν
3498 4199 3751 4267 ἐφαίνετο
3792 4198 3980 4251 τοῦτο
4013 4204 4107 4270 τῷ

2481 4296 2727 4366 Θεοφίλῳ
2758 4297 2853 4348 καὶ
2898 4294 3183 4364 ἄνανδρον,
3218 4294 3384 4347 καλὸν
3415 4291 3473 4345 δὲ
3511 4292 3605 4344 καὶ
3645 4290 3781 4359 πρὸς
3833 4293 4107 4361 ἀνδρίαν

2480 4388 2662 4442 εὔοδον
2701 4389 2760 4441 τδ
2809 4388 3010 4457 μᾶλλον
3052 4385 3405 4455 ἐποχυρῶσαι
3434 4382 3565 4435 αὐτὸ
3610 4383 3707 4434 καὶ
3747 4386 4110 4453 στρατηγοῦ

2480 4482 2736 4552 γενναίου
2785 4481 3050 4535 διασῶσαι
3081 4479 3320 4550 βουλαῖς.
3366 4477 3572 4538 Ἀἐτιος
3602 4470 3671 4544 ἦν
3704 4469 3869 4536 οὗτος
3899 4480 3932 4528 6
3976 4495 4109 4530 πα-

2482 4576 2694 4647 τρίκιος
2743 4574 2971 4627 καὶτῶν
3014 4570 3375 4626 Ἀνατολικῶν
3422 4567 3747 4637 στρατηγός.
3806 4567 3996 4623 Ἐπεὶ
4045 4573 4113 4623 δὲ

2481 4669 2576 4722 καί
2592 4684 2736 4729 τινος
2759 4664 3113 4736 πολυχειρίας
3142 4664 3345 4723 ἐδέετο,
3371 4661 3465 4713 καὶ
3486 4659 3694 4728 ταύτην
3714 4660 4115 4715 ἀπέσταλκεν

2480 4762 2509 4812 6
2540 4758 2799 4826 Θεόφιλος
2834 4758 2909 4820 ὡς
2940 4755 3281 4825 πανταχόθεν
3330 4754 3791 4821 ἀντιστησομένου
3829 4753 3944 4805 καὶ
4007 4758 4118 4807 τὸν

2480 4848 2675 4919 ἐχθρὸν
2709 4850 3110 4919 ἑκνικήσοντοςι
3164 4846 3288 4900 Ἐπὶ
3311 4845 3524 4907 τούτοις
3550 4843 3723 4897 ἐδίδου
3751 4844 3817 4912 δὴ
3857 4848 3985 4914 ἠγε
3998 4852 4116 4917 μό-

2481 4959 2579 5005 νας
2612 4943 2706 4995 καὶ
2740 4943 3009 5013 ἄρχοντας
3041 4942 3168 5004 τοὺς
3197 4940 3335 5010 μετὰ
3376 4938 3548 5009 βραχῦ
3586 4940 4115 5008 μαρτυῇσοντας.

2483 5034 2764 5105 Θεόδωρόν
2788 5050 2847 5087 τε
2876 5033 2970 5086 τὸν
3000 5032 3285 5104 Κρατερὸν
3314 5031 3409 5083 καὶ
3435 5028 3696 5097 Θεόφιλον
3726 5028 3824 5081 καὶ
3853 5033 3968 5085 τὸν
4007 5036 4123 5089 Ba-

2484 5127 2775 5192 ϐούτζικον
2799 5145 2814 5159 ·
2848 5127 3047 5190 οἵτινες
3074 5127 3135 5179 οὐ
3189 5126 3354 5196 μόνον
3403 5124 3615 5178 ἐκείνου
3643 5122 3738 5175 τοῦ
3766 5124 3918 5178 λαοῦ
3960 5130 4124 5183 ἀλλὰ

2489 5220 2587 5272 καὶ
2607 5220 2706 5289 τῆς
2739 5220 3023 5288 φάλαγγος
3054 5218 3164 5272 τῶν
3194 5218 3608 5290 τεσσαράκοντα
3633 5215 3726 5269 δύο
3766 5221 4125 5292 μαρτύρων

2486 5312 2777 5379 γεγόνασιν
2803 5312 3061 5383 ἀρχηγοί.

2562 5589 2665 5643 λα’.
2714 5589 2871 5643 Ἐπεὶ
2892 5586 3022 5657 γοῦν
3053 5586 3195 5640 κατὰ
3230 5586 3333 5658 τὴν
3363 5585 3579 5657 Ταρσὸν
3612 5586 3641 5637 6
3669 5586 3775 5637 τῶν
3807 5586 4091 5657 Σαραχη
4111 5624 4127 5634 .

2490 5687 2597 5738 νῶν
2623 5687 2831 5754 ἐπέστη
2858 5681 2997 5752 μετὰ
3028 5680 3379 5752 φρονήματος
3406 5679 3497 5733 καὶ
3527 5678 3655 5733 λαοῦ
3686 5678 3968 5749 ἡγεμὼν,
4013 5690 4133 5738 οὐχ

2115 5780 2197 5833 VA
2212 5780 2351 5835 ΒΙΑΣ
2392 5776 2776 5835 LECTIONES

886 5865 929 5895 "
964 5866 1291 5922 ἐπέδωκανῖ
