4158 6442
143 432 211 496 lii
881 429 1004 486 ΜΒ
1071 429 1181 485 ill.
1221 453 1282 460 -·-
1325 424 1814 484 'l‘llEOl’llllliS
1854 423 2267 480 MlL‘lHliLlS
2305 424 2576 482 FILII'K.
3254 420 3355 481 ΗΞ

139 546 312 614 ἀθρόως
368 543 543 610 τούτῳ
610 543 991 611 μαντευομένῳ
1049 543 1141 592 καὶ
1200 540 1687 608 3·.›;λ.6ου).ε·.)ῦμέν‹ει
1721 543 1760 595 Α

1726 543 1760 595 Α
1792 534 2022 585 Tarsum
2055 536 2220 595 venit,
2271 543 2413 585 ιϊι-ιρ
2463 534 2705 600 mujirit,
2759 533 3054 602 habitoque
3090 548 3212 584 cum
3257 551 3368 587 suis

141 635 359 702 ἐφαίνετο
397 633 557 686 καλὸν
590 634 788 702 χωρεῖν
816 632 952 702 πρὸς
991 631 1266 699 ’Λμόριον,
1298 630 1605 697 ἀπόπειραν
1632 629 1687 679 δὲ

1793 626 2049 686 consilio,
2115 626 2324 691 jndirat
2384 623 2526 676 haud
2585 640 2615 676 e
2664 640 2720 676 re
2769 639 2866 678 sua
2914 639 3035 678 esse
3069 631 3129 677 ut
3184 625 3366 678 statim

143 727 375 796 πρῦτερον
416 725 601 778 λαϐεῖν
645 725 742 793 τῆς
775 724 882 775 τῶν
936 723 1226 791 Ῥωμαίων
1276 721 1557 786 δυνάμεως
1600 719 1688 772 διὰ

1793 716 2076 768 Ainnrium
2137 726 2301 784 petat.
2389 715 2729 768 Tentandum
2796 717 2946 783 prius
3022 717 3368 784 imperatoris

142 818 211 869 τοῦ
230 817 344 870 ι)ἱοῦ
381 817 545 869 αὑτοῦ
576 816 742 886 μέρος
771 813 1026 874 λαϐόντος
1043 813 1137 865 τοῦ
1167 811 1400 882 στρατοῦ
1433 811 1527 863 καί
1547 809 1688 863 κατὰ

1794 804 2118 865 exercitum,
2167 807 2412 860 immisso
2463 806 2514 858 in
2541 820 2666 859 eum
2718 821 2842 858 cum
2883 807 3164 873 copiarum
3214 818 3369 876 parte

141 909 214 960 τοῦ
249 907 514 976 βασιλέως
563 908 931 976 χωρήσαντος.
983 906 1052 958 Ei
1094 901 1204 972 γὰρ
1259 898 1477 968 οὗτος,
1531 901 1686 969 φησὶ,

1795 895 1906 948 filio
1945 911 2062 948 suo.
2108 893 2166 947 Si
2217 896 2354 947 enim
2394 896 2565 961 ﬁlius,
2624 895 2821 964 inquit,
2868 895 3031 948 victor
3081 899 3367 958 exstiterit,

144 1001 442 1068 νικήσειεν,
474 1000 684 1069 ἕψεται
725 997 962 1062 πάντως
994 1000 1031 1066 ἡ
1066 999 1206 1063 νίκη
1233 995 1334 1049 καί
1367 994 1446 1059 τῷ
1473 995 1651 1060 πατρί
1675 1008 1687 1022 ο

1794 998 1998 1058 patrem
2051 1004 2255 1058 quoque
2304 989 2445 1040 haud
2490 990 2652 1042 dubia
2705 998 2954 1058 sequetur
2990 991 3202 1042 victoria
3237 1009 3254 1044 :
3285 993 3366 1042 sin

144 1094 180 1143 εὶ
197 1091 252 1144 δὲ
275 1092 385 1158 μὴ,
421 1091 613 1142 καλὸν
639 1088 984 1157 ἡσυχάζειν,
1019 1090 1130 1142 οὐκ
1155 1085 1692 1150 ἐπακολουθούσης

1795 1091 1970 1133 autem
1992 1097 2138 1133 secus
2188 1081 2486 1149 contigerit,
2520 1091 2740 1148 prastat
2789 1085 3072 1152 quiescere,
3109 1101 3222 1135 cum
3258 1089 3369 1152 ίρρςιι

141 1202 219 1251 μοι
261 1182 370 1249 τῆς
401 1185 596 1250 νίκης.
633 1182 903 1244 Λαϐόντος
935 1181 1066 1249 γοῦν
1117 1180 1282 1233 αὑτοῦ
1335 1179 1555 1248 Ἀμερα
1600 1177 1692 1230 τὸν

1797 1172 1925 1226 mihi
1965 1173 2184 1225 victoria
2218 1173 2360 1225 haud
2385 1181 2579 1235 praesto
2607 1175 2696 1236 sit,
2720 1191 2781 1227 ac
2813 1192 2982 1228 comes
3000 1182 3368 1244 exspectanda.

146 1273 418 1342 τηνικαῦτα
460 1273 718 1324 διέποντα
766 1272 865 1338 τὴν
915 1270 1223 1340 Μελιτηνὴν
1275 1270 1366 1321 καὶ
1417 1268 1694 1339 Τούρκους

1798 1264 2274 1332 Assutiipt0127
2314 1266 2496 1332 itaque
2537 1263 2733 1316 Amera
2783 1273 2894 1316 tttm
2934 1264 3197 1316 Mulitittt‘s
3241 1280 3373 1331 prte-

145 1367 254 1419 ὡσεὶ
292 1365 542 1435 χιλιάδας
573 1367 728 1429 δέκα,
774 1365 914 1434 μετά
944 1364 1125 1432 πάσης
1162 1363 1262 1430 τῆς
1293 1362 1352 1427 ἐξ
1393 1361 1696 1432 Ἀρμενίων

1799 1357 1914 1410 side
1944 1371 2007 1409 ac
2034 1356 2335 1408 Turcorum
2381 1357 2566 1410 decem
2610 1354 2854 1408 millibus
2895 1358 3151 1424 omnique
3179 1357 3366 1410 Arme-

149 1461 380 1532 στρατιᾶς
409 1459 505 1513 καὶ
533 1459 626 1512 τοῦ
671 1460 933 1528 ἄρχοντος
959 1459 1068 1510 τῶν
1098 1456 1402 1527 ἀρχόντων,
1433 1456 1576 1508 κατά
1605 1455 1695 1508 τὸν

1802 1449 2020 1500 niorum
2080 1449 2321 1501 exercitu
2382 1461 2444 1500 ac
2497 1447 2723 1514 praiside
2759 1447 3086 1515 praesidum,
3119 1449 3183 1499 ad
3214 1447 3376 1500 Daze-

147 1552 410 1621 Δαζημόνα
455 1550 794 1621 προσέϐαλεν
826 1548 915 1623 [Ρ.
950 1548 1063 1615 791.
1104 1548 1298 1619 Ἀπῄει
1337 1549 1479 1603 καὶό
1505 1548 1698 1617 Θεόφι-

1805 1554 2018 1593 nionem
2087 1549 2265 1592 castra
2338 1537 2542 1607 posuit.
2617 1536 2821 1592 Contra
2885 1539 3029 1592 hunc
3084 1540 3375 1608 profectus

149 1644 220 1704 λος
246 1641 360 1695 κατ’
383 1642 548 1696 αὑτοῦ
580 1643 941 1712 στρατόπεδον
972 1642 1112 1712 ἔχων
1136 1643 1235 1695 οὐκ
1271 1642 1514 1709 ἀγεννὲς,
1549 1639 1617 1692 ἐκ
1637 1656 1697 1692 τε

1803 1630 2158 1699 'l‘heOphilus,
2191 1647 2298 1684 non
2345 1630 2743 1683 contemnendo
2773 1645 2838 1682 cx
2869 1629 3051 1684 Persis
3080 1645 3254 1699 exque
3285 1646 3380 1684 oc-

151 1734 346 1804 Περσῶν
372 1734 468 1786 καὶ
489 1735 600 1786 τῶν
627 1735 861 1788 δυτικῶν
881 1735 974 1788 καὶ
1000 1734 1109 1787 τῶν
1139 1734 1274 1806 πρὸς
1293 1735 1383 1786 τὸν
1410 1732 1698 1801 ἀνίσχοντα

1801 1724 2167 1780 cidcntalibus
2206 1731 2259 1775 ct
2287 1722 2647 1775 orientalibus
2699 1720 2933 1774 conﬂato
2979 1723 3241 1775 exercitu.
3274 1724 3377 1777 Ubi

149 1825 273 1895 ἥλιον
310 1828 722 1894 συνιστάμενον.
771 1826 858 1890 Ὦς
901 1827 960 1880 δὲ
994 1829 1137 1880 κατά
1173 1826 1265 1878 τὸν
1319 1825 1513 1895 Ἀνζὴν
1558 1825 1701 1877 οὔτω
1732 1881 1773 1895 _

1737 1881 1773 1895 _
1802 1824 1988 1871 autem
2019 1816 2085 1868 ad
2117 1814 2293 1868 locum
2327 1814 2410 1868 sic
2441 1822 2810 1881 nuncupatum
2851 1819 3035 1866 Anzen
3071 1814 3234 1876 venit,
3268 1823 3379 1867 sla-

151 1881 300 1987 χῶρον
347 1881 685 1987 καλούμενον
717 1881 952 1985 ἐγίνετο,
1007 1917 1133 1971 ίδεῖν
1184 1881 1555 1988 ἐπεθύμειιτδ
1591 1916 1702 1970 τῶν
1730 1881 1776 1938 Β

1739 1881 1776 1938 Β
1807 1911 1909 1964 tuit
1961 1908 2360 1963 Saracenorum
2416 1907 2605 1975 copias
2640 1921 2803 1975 quam
2862 1922 3171 1964 numerosa:
3197 1915 3381 1962 essent

152 2007 380 2060 ἐναντίων
427 2007 704 2078 ἄθροισμα
739 2009 844 2078 πρὸ
889 2011 989 2079 τῆς
1023 2008 1360 2079 προσϐολῆς.
1412 2006 1534 2059 Ἐπί
1579 2024 1703 2060 τινα

1804 2003 2091 2073 dispicere,
2121 2012 2412 2070 antequam
2454 2001 2601 2055 acies
2650 2000 3140 2066 congrederentur.
3167 2001 3380 2055 Manuel

152 2099 259 2165 γοῦν
303 2100 465 2168 λόφον
512 2102 608 2154 καὶ
650 2100 760 2152 τῶν
792 2100 968 2154 ἀλλων
1021 2101 1438 2171 ὑπερϐεϐηκότα
1467 2101 1645 2170 χῶρον
1673 2100 1703 2152 6

1805 2097 1989 2166 itaque
2021 2095 2334 2150 scholarum
2392 2093 2732 2147 domesticus
2770 2095 2822 2146 in
2871 2093 3139 2146 tumulum
3170 2093 3379 2148 locum-

149 2191 442 2260 δομέστικος
473 2193 581 2245 τῶν
616 2191 823 2263 σχολῶν
869 2192 1050 2247 λαϐὼν
1080 2193 1381 2263 ἀνήνεγκεν
1421 2191 1702 2261 Μανουὴλ,

1806 2208 1912 2261 que
1944 2192 2154 2245 caeteris
2183 2189 2465 2243 editiorem
2482 2189 2841 2257 TheOpliilutn
2867 2172 3054 2252 duxit;
3091 2200 3387 2258 quantum-

154 2285 231 2335 καί
259 2301 368 2346 πως
399 2287 465 2336 ὲκ
512 2285 822 2354 στοχασμοῦ
873 2285 1208 2357 βραχύτερον
1237 2286 1283 2320 ³⁸
1310 2285 1484 2338 ἐδόκει
1505 2283 1570 2338 τὸ
1595 2284 1704 2337 τῶν

1806 2298 1916 2353 que
1981 2281 2298 2350 conjectura
2367 2280 2590 2348 assequi
2653 2270 2870 2341 licebat,
2925 2284 3163 2336 hostium
3213 2285 3386 2352 copiae

153 2374 460 2444 Σαρακηνῶν
505 2374 710 2442 πλῆθος
739 2391 752 2405 ·
780 2375 843 2428 ού
877 2375 984 2446 μὴν
1015 2377 1152 2448 πρὸς
1180 2375 1342 2429 τοῦτο
1379 2375 1702 2446 συντιθεμέ-

1810 2377 2053 2430 minores
2082 2373 2428 2428 videbantur.
2453 2371 2657 2428 Tamen
2686 2375 2991 2438 hastarum,
3013 2378 3385 2430 consentiente

152 2482 228 2517 νου
253 2465 343 2517 τοῦ
389 2465 651 2536 Μανουὴλ
683 2469 712 2519 6
739 2467 847 2520 τῶν
884 2467 1125 2537 δοράτων
1161 2465 1274 2529 ἴσος
1305 2466 1480 2519 ἐδόκει
1515 2467 1704 2536 ὲσμός.

1811 2482 2031 2535 quoque
2065 2466 2118 2518 in
2151 2466 2256 2518 hoc
2286 2463 2556 2526 Manuclc,
2591 2481 2715 2519 cum
2748 2481 2847 2534 par
2884 2467 3040 2533 copia
3087 2467 3383 2529 videretur,

161 2559 293 2611 Ἀλλ’
316 2552 381 2622 ὦ,
413 2560 572 2629 φησὶ,
597 2558 886 2622 βασιλεῦ,
919 2559 988 2616 τὸ
1019 2557 1311 2626 καρτερὸν
1347 2558 1706 2627 στοχαζόμε-

1813 2558 1937 2623 Sed,
1981 2577 2010 2612 o
2033 2561 2341 2627 imperator,
2367 2558 2564 2626 inquit,
2612 2560 2771 2611 robur
2805 2561 3087 2627 conﬁciens
3119 2563 3387 2630 utriusqua

152 2667 260 2716 νος,
314 2651 421 2704 τὸν
453 2651 520 2703 ἐκ
548 2651 816 2718 δοράτων
857 2650 1183 2720 καλαμῶνα
1225 2651 1574 2721 ἀμφοτέρων
1621 2650 1708 2704 δι-

1809 2655 2069 2707 exercitus
2093 2653 2307 2706 demam
2332 2653 2610 2706 hastarum
2641 2663 2861 2724 segetem
2906 2656 3201 2711 considera.
3231 2656 3388 2709 Post-

149 2740 312 2808 ἁθρει.
339 2743 494 2795 Ἐπεὶ
521 2742 653 2810 γοῦν
679 2743 1030 2814 ίσχυρὸτερός
1058 2760 1176 2807 πως
1207 2747 1306 2814 ούχ
1328 2745 1356 2798 6
1383 2744 1516 2807 ἴδιος
1539 2744 1655 2799 ἀλλ’
1680 2745 1709 2797 6

1809 2763 1974 2818 quam
2003 2748 2185 2816 itaque
2233 2747 2600 2800 robustiorem
2659 2762 2759 2801 suo
2797 2746 3037 2802 hostium
3082 2750 3383 2802 exercitum

151 2832 240 2884 τῶν
261 2834 519 2887 ἐναντίων
543 2833 720 2886 ἐδόκει
745 2836 998 2905 στρατὸς,
1025 2836 1222 2905 βουλὴν
1250 2837 1459 2888 ἐδέοντο
1483 2835 1706 2905 ἀρτύειν

1814 2841 2149 2909 Theophilus
2173 2839 2464 2909 judicavit,
2507 2839 2824 2906 cogitabant
2865 2838 3128 2909 quidnam
3179 2841 3389 2893 strenui

151 2928 384 2997 νεανικήν
408 2945 422 2958 ·
462 2929 494 2997 ἡ
525 2928 582 2980 δὲ
612 2923 680 2997 ἦν
732 2927 794 2979 ἐκ
825 2945 885 2980 τε
914 2927 1173 2998 Μανουὴλ
1208 2928 1575 2997 συνισταμένη
1616 2927 1713 2980 καὶ

1816 2931 2238 2998 audaciorisque
2292 2930 2510 2985 consilii
2562 2930 2906 2984 molirentur.
2951 2928 3154 2997 Nempe
3190 2930 3386 2983 suade-

151 3018 423 3088 85w966ou,
468 3020 663 3081 νυκτὸς
693 3019 1015 3088 ἐπιτεθῆναι
1058 3021 1173 3082 τοῖς
1220 3019 1522 3088 πολεμίοις.
1572 3017 1712 3071 Ἀλλ’

1816 3025 1948 3077 bant
2001 3022 2216 3076 Manuel
2280 3031 2335 3075 et
2379 3020 2752 3090 Theophobus
2793 3030 2952 3075 noctu
2995 3019 3393 3090 aggrediendos

149 3111 307 3177 lupo:
364 3114 618 3181 κρεῖττον
672 3105 812 3163 εἶναι
861 3111 962 3182 τὴν
989 3110 1205 3182 ἡμέραν
1250 3112 1581 3180 ἀντέφησαν,
1632 3104 1714 3173 οἷς

1820 3115 2005 3168 hostes
2066 3132 2078 3167 :
2133 3111 2328 3181 reliqui
2373 3125 2505 3164 vero
2567 3112 2736 3165 duces
2803 3110 3035 3164 interdiu
3099 3111 3391 3162 iucundam

150 3207 275 3258 καίό
313 3206 619 3275 βασιλεύων
668 3205 981 3257 ἐπέπειστο.
1046 3202 1135 3266 Ὠς
1183 3202 1227 3254 δ’
1261 3198 1354 3255 οὖν
1403 3200 1642 3270 ἔλαμψεν
1673 3203 1704 3270 ἠ
1735 3216 1782 3278 c

1756 3216 1782 3278 ς
1819 3222 2056 3276 pugnam
2104 3213 2419 3269 suaserunt,
2463 3204 2663 3274 quibus
2705 3204 2819 3272 ipse
2849 3218 3069 3272 quoque
3103 3203 3398 3270 imperator

149 3295 332 3364 ἡμέρα,
379 3295 568 3364 μάχης
617 3295 894 3364 καρτερᾶς
944 3293 1271 3361 γενομένης,
1316 3291 1574 3362 ἐκθύμως
1600 3291 1710 3344 τῶν

1821 3314 2082 3353 assensus
2148 3306 2251 3351 est.
2303 3295 2419 3351 Hac
2474 3310 2605 3365 ergo
2647 3297 2868 3365 praelata
2901 3295 3191 3360 sententia,
3225 3297 3397 3364 prima

149 3387 431 3454 βασιλικῶν
469 3386 896 3456 ἀγωνισαμένων
926 3384 1249 3453 ταγμάτων,
1280 3385 1329 3436 οἱ
1372 3382 1712 3454 Ὶσμαηλῖται

1820 3392 2004 3448 statim
2063 3391 2184 3444 luce
2241 3391 2574 3445 acerrimum
2615 3390 2861 3458 praelium
2904 3390 3256 3444 commissum
3292 3399 3393 3444 est.

149 3477 406 3530 ινέκλιναν
440 3480 522 3540 εἰς
557 3478 760 3548 φυγὴν,
791 3477 1022 3544 ἀφέντες
1050 3475 1112 3528 τὸ
1138 3475 1418 3545 πολεμεῖν.
1488 3475 1632 3528 Ἀλλ’
1662 3475 1714 3529 οἱ

1819 3481 1938 3549 Quo
1967 3482 2019 3535 in
2057 3481 2246 3550 praelia
2283 3480 2631 3550 imperatoris
2673 3480 2958 3534 ordinibus
2998 3480 3210 3533 fortiter
3239 3481 3399 3534 dimi-

147 3570 361 3641 Τοῦρκοι
387 3571 636 3640 ἐπιμόνῳ
659 3569 932 3640 χρώμενοι
957 3569 1163 3641 τοξείᾳ,
1191 3569 1285 3622 καὶ
1303 3569 1361 3622 τὸ
1377 3570 1714 3624 καταδιῶκον

1819 3575 2092 3635 cantibus,
2129 3572 2528 3629 lsmaelitarum
2572 3573 2718 3627 acies
2765 3574 2820 3626 in
2854 3571 3035 3642 fugam
3079 3572 3394 3627 inclinatur.

148 3663 240 3714 τῶν
301 3664 597 3734 Ῥωμαίων
631 3663 1121 3734 ἀνακεκρουκότες,
1161 3662 1380 3716 ίστάναι
1421 3662 1466 3693 ³⁸
1502 3662 1617 3716 ἀλλ’
1651 3663 1713 3716 οὐ

1822 3668 2020 3724 Verum
2052 3666 2250 3724 Turcis
2273 3667 2496 3721 assiduo
2524 3667 2846 3736 sagittarum
2875 3666 3023 3732 jactu
3043 3675 3206 3733 atque
3236 3680 3398 3735 gran-

149 3755 352 3823 φεύγειν
407 3758 642 3808 ἔπεισαν
690 3757 817 3818 τοὺς
875 3754 1270 3825 Σαρακηνούς·
1320 3755 1442 3808 ὅθεν
1488 3755 1718 3816 ἑαυτοὺς

1819 3761 1946 3815 dine
1969 3762 2327 3829 insequentes
2345 3758 2623 3812 Romanos
2653 3757 3050 3821 inhibentibus,
3085 3755 3210 3810 facti
3231 3757 3398 3810 Sara-

150 3848 291 3902 πάλιν
339 3849 774 3918 συστησάμενοι,
827 3849 1068 3911 καὶτοῖς
1121 3847 1296 3914 τόξοις
1345 3847 1408 3916 δὴ
1455 3847 1718 3914 γενναίως

1822 3852 1975 3906 cenis
1993 3852 2184 3915 animi,
2218 3860 2274 3903 ut
2305 3849 2487 3919 fugam
2538 3849 2797 3904 sistentes
2839 3848 3073 3902 frontem
3105 3857 3395 3900 verterent.

148 3941 415 4010 πόρῤωθεν
446 3940 760 4010 βάλλοντες,
794 3939 1060 4010 ὲτεραλκῆ
1086 3937 1183 4009 τὴν
1218 3937 1399 4008 μάχην
1431 3938 1718 4008 ἐποίησαν.

1829 3943 1992 4012 128
2019 3942 2255 4012 Seipsos
2274 3942 2456 4011 itaque
2480 3942 2678 3995 iterum
2702 3940 3042 4009 colligentes,
3075 3940 3401 4008 eminusque

148 4027 228 4096 Οἷς
279 4034 354 4104 μὴ
406 4033 716 4102 δυνάμενος
757 4032 785 4082 6
823 4032 930 4084 τῶν
1011 4030 1298 4100 Ῥωμαίων
1355 4032 1720 4102 προσεγγίσαι

1825 4034 2038 4090 fortiter
2065 4036 2248 4102 jacula
2280 4042 2731 4104 contorquentes,
2793 4049 2988 4103 pugna:
3036 4043 3242 4088 sortem
3284 4049 3404 4085 mue

151 4127 383 4193 στρατὸς,
423 4125 545 4179 ἀλλ’
573 4126 696 4179 οὐδὲ
731 4126 1015 4194 πόρρωθεν
1055 4126 1296 4178 κατιδεῖν
1324 4125 1401 4195 τῷ
1429 4125 1721 4190 βάλλεσθαι

1827 4139 2032 4185 larunt.
2068 4128 2297 4182 Romani
2339 4128 2564 4196 propius
2608 4126 2870 4182 accedere
2923 4127 3226 4196 pedemque
3271 4141 3404 4179 con-

148 4218 444 4288 καρτερῶς,
497 4216 648 4270 νῶτα
696 4217 976 4280 κλίναντες
1001 4220 1094 4269 τὸν
1135 4217 1361 4288 βασιλέα
1407 4217 1718 4272 κατέλιπον.

1827 4222 1972 4278 ferre
2022 4236 2128 4274 non
2160 4222 2424 4282 valentes,
2484 4235 2548 4273 ac
2606 4234 2706 4273 nec
2753 4220 2945 4287 procul
3000 4220 3244 4288 aspicere
3265 4232 3405 4285 quos

150 4307 213 4358 Ού
243 4306 348 4378 μὴν
375 4310 427 4360 ot
458 4308 574 4360 τῶν
630 4307 922 4376 βασιλικῶν
972 4310 1270 4378 ταγμάτων
1319 4308 1537 4378 ἔξαρχοι
1585 4310 1722 4378 μετά

1827 4315 2045 4384 sagittis
2099 4314 2284 4368 hostes
2336 4314 2692 4380 conﬁgerent,
2741 4321 2892 4380 terga
2946 4319 3164 4364 vertunt
3211 4311 3405 4363 relicto

149 4399 241 4452 τῶν
270 4401 509 4470 Περσῶν
545 4400 707 4453 τοῦτο
733 4401 930 4468 δρᾶσαι
957 4401 988 4469 ἦ
1020 4401 1276 4471 ἐννοῆσαι
1300 4401 1720 4472 τετολμήκασιν,

1830 4408 2180 4476 imperatore,
2239 4404 2693 4474 praetorianarum
2755 4405 3026 4473 legionum
3074 4404 3308 4456 ducibus
3343 4416 3406 4454 ac

151 4493 269 4547 ἀλλά
325 4495 700 4564 περιστάντες
749 4492 826 4562 τῷ
877 4493 1089 4562 βασιλεί
1148 4494 1343 4556 σώζειν
1419 4493 1722 4560 ἐϐούλοντο,

1829 4502 2012 4559 Persis
2040 4501 2176 4554 nihil
2207 4499 2312 4554 tale
2341 4498 2426 4553 vel
2450 4497 2809 4553 factitandum
2848 4513 2912 4551 ac
2953 4513 3020 4552 ne
3065 4497 3250 4550 animo
3283 4497 3408 4564 qui-

148 4587 311 4657 κὶχλῳ
339 4588 454 4639 τῶν
491 4588 709 4657 έχθρῶν
738 4587 999 4639 πάντοθεν
1047 4589 1589 4657 περιστοιχησάντων
1620 4589 1717 4641 αύ-
1749 4585 1790 4644 1]

1761 4585 1797 4643 D
1824 4595 1944 4649 dem
1976 4593 2329 4664 cogitandum
2391 4593 2494 4645 sibi
2557 4591 3006 4661 indulgentibus;
3050 4591 3145 4643 scd
3187 4592 3403 4658 agmine

148 4679 252 4742 τοὺς
281 4681 375 4733 καὶ
415 4679 732 4748 βαλλόντων
771 4680 984 4741 αὐτούς.
1030 4679 1147 4734 Κάν
1181 4680 1466 4732 ἀπώλοντο
1500 4682 1720 4751 πανδη-

1821 4687 2204 4754 imperatorem
2232 4685 2516 4754 cingentes
2552 4683 2655 4738 hoc
2685 4685 3028 4750 satagebant,
3055 4692 3113 4734 ut
3149 4682 3402 4751 prmsenti

149 4774 258 4838 μεὶ,
302 4777 351 4826 εί
403 4773 485 4843 μὴ
539 4772 639 4836 νὺξ
686 4771 915 4826 ἐλθοῦσα
967 4773 1060 4824 καὶ
1113 4772 1318 4842 βραχύς
1376 4791 1460 4836 τις
1517 4773 1724 4844 ὄμϐρος

1823 4793 1950 4832 cum
1979 4777 2222 4848 periculo
2241 4777 2564 4837 eximerent,
2588 4792 2712 4830 cum
2741 4775 2984 4844 undique
3015 4774 3135 4829 fusa
3164 4773 3401 4827 hostium

147 4864 534 4936 ἐπιγενόμενος
567 4865 668 4928 τάς
697 4865 793 4934 μὲν
825 4864 1020 4934 νευράς
1049 4863 1291 4933 χαλαράς
1317 4865 1611 4933 εἰργάσατο
1638 4859 1726 4926 αἷς

1827 4873 2043 4940 agn-tina
2071 4870 2184 4938 jngi
2209 4871 2532 4940 sagittarum
2568 4870 2741 4924 imbre
2776 4871 3065 4923 conclusos
3088 4869 3402 4922 obruerent.

147 4959 398 5024 ἠμύνοντο
429 4961 534 5012 καὶ
566 4958 626 5010 τὺ
653 4959 851 5026 κράτος
886 4952 1028 5026 εἶχον
1063 4959 1111 5008 οἱ
1158 4956 1412 5020 ἐναντίοι,
1453 4959 1638 5020 αὐτοῖς
1673 4957 1729 5009 δὲ

1830 4964 2140 5032 Omnesque
2203 4963 2270 5016 ad
2322 4979 2491 5018 unum
2525 4963 2874 5025 cecidissent,
2933 4962 3038 5016 nisi
3086 4969 3140 5016 et
3183 4976 3289 5014 nox
3321 4960 3405 5012 in-

147 5052 310 5106 ἄνεσιν
359 5054 468 5121 τὴν
529 5053 599 5104 ἐκ
645 5050 814 5118 βελῶν
870 5050 1258 5122 περιεποίησεν
1307 5052 1402 5103 καὶ
1453 5051 1730 5121 σωτηρίας

1839 5070 2040 5124 gruens
2082 5057 2370 5124 tenuisque
2398 5056 2652 5123 delapsus
2705 5055 2900 5116 imber,
2936 5068 3162 5108 arcuum
3205 5053 3406 5112 nervis,

149 5145 280 5208 μόλις
311 5145 598 5197 ἐνέδωκεν
627 5143 878 5212 ἀφορμάς
911 5143 976 5195 ³⁸.

1839 5148 2039 5215 quibus
2095 5162 2152 5200 se
2205 5148 2388 5201 hostes
2440 5148 2736 5201 tuebantur
2775 5163 2839 5201 ac
2889 5146 3199 5216 superiores
3229 5152 3406 5214 erant,

150 5233 408 5299 uelaxatis,
453 5249 488 5286 α
551 5241 709 5286 tanto
757 5233 850 5286 illo
874 5233 1192 5302 sagittarum
1242 5233 1416 5288 imbre
1481 5233 1762 5292 Romanos
1803 5238 2068 5308 tantisper
2127 5254 2349 5292 securos
2411 5240 2774 5308 praestitisset,
2832 5254 2895 5292 ac
2959 5251 3100 5307 aegre
3191 5237 3408 5290 tandem

149 5329 383 5395 parandae
426 5329 640 5384 salutis
675 5328 780 5383 illis
805 5329 1022 5382 occasio
1055 5328 1269 5383 fuisset.

206 5423 297 5490 λβ’.
327 5423 582 5484 Βαθείας
627 5422 738 5491 γὰρ
766 5421 867 5491 ἤδη
912 5423 1008 5491 τῆς
1044 5424 1236 5485 νυκτὸς
1290 5425 1613 5495 γενομένης,
1650 5427 1725 5489 ὡς

1908 5421 1996 5476 32.
2029 5421 2351 5488 Intempesta
2409 5430 2569 5473 nocte
2631 5435 2751 5472 cum
2810 5418 3019 5471 Manucl
3053 5417 3275 5486 agendis
3315 5432 3410 5470 ex-

149 5510 394 5582 ἠπχόλητο
425 5513 574 5581 περὶ
599 5511 697 5572 τὰς
721 5511 966 5579 φυλακὰς
998 5513 1026 5564 6
1057 5513 1335 5582 Μανουὴλ,
1363 5510 1575 5586 γλώττῃ
1611 5533 1726 5579 πως

1836 5512 2013 5567 cubiis
2042 5512 2188 5565 omni
2221 5525 2384 5578 opera
2410 5511 2648 5563 intentus
2682 5523 2844 5570 esset,
2884 5509 3076 5563 Persas
3111 5507 3258 5560 audit
3285 5521 3409 5560 cum

152 5607 203 5668 τῇ
232 5604 582 5675 Σαρακηνὼν
611 5604 706 5655 τὸν
752 5603 977 5670 Περσῶν
1019 5604 1205 5673 ὅμιλον
1237 5605 1560 5660 σπένδεσθαί
1611 5625 1727 5670 πως

1839 5606 2134 5662 Saracenis
2175 5605 2289 5673 ipsa
2330 5619 2520 5658 eorum
2577 5605 2760 5673 lingua
2805 5603 3178 5670 colloquentes
3219 5615 3282 5653 ac
3319 5615 3413 5672 pa:

156 5697 269 5763 αρδις
297 5698 506 5760 αὐτοὺς
533 5696 819 5765 διήκουσε,
851 5695 944 5749 καὶ
991 5695 1279 5749 συνθέσθαι
1313 5699 1536 5762 τούτους
1571 5696 1729 5762 αὖθις

1839 5699 2135 5759 ciscentes,
2181 5711 2372 5765 nempe
2398 5696 2726 5766 pollicentes
2756 5693 3063 5750 Romanum
3111 5710 3166 5748 se
3204 5708 3413 5746 exercu-

1471 5790 1703 5844 VARIA'Z
1741 5788 2142 5844 LECTIONES.

216 5884 256 5914 “
284 5886 568 5959 Scylitzes
603 5891 656 5936 ct
687 5882 968 5938 (Iedrenns
1004 5883 1324 5958 βαρύτερον.
1404 5886 1448 5917 ³⁸
1491 5887 1712 5940 ἑστάναι
1743 5889 1764 5939 ?
1869 5887 1912 5916 ³⁸
1943 5886 2186 5955 ὲφορμᾱις
2218 5883 2277 5939 Ρ.
