4158 6442
145 412 225 478 153
888 405 1036 465 LIB.
1081 405 1199 469 III.
1239 429 1308 439 —
1347 403 1841 464 THEOPHILUS
1882 408 2302 471 MICHAELIS
2340 414 2621 476 FILIUS.

3269 418 3370 482 ιδι

141 531 309 593 ὀντες,
350 522 451 579 και
498 521 871 590 ἀποδύρομαι
908 517 1000 585 οἷς
1049 536 1111 573 es
1156 518 1315 588 ὑμᾶς
1364 519 1695 589 χειροήθεις

1805 520 1931 573 tium
1984 525 2188 588 concio,
2222 527 2363 595 quod
2414 544 2503 582 nos
2569 537 2870 584 mansuetos
2920 531 3172 600 milesque
3212 532 3373 587 relin-

142 620 295 682 6ντας
350 615 448 669 καὶ
500 612 703 681 πραεῖς
748 610 1215 679 νατιιλιμπὰνων
1271 612 1421 678 πρὸς
1469 610 1542 663 ὃν
1581 612 1693 664 οὐκ

140 706 250 763 οἶδα
304 708 629 776 πορεύομαι
675 705 839 769 βίον,
886 702 984 757 καὶ
1036 701 1120 774 [Ρ.
1161 700 1253 774 86]
1299 701 1692 769 ἀλλάσσομαι

141 802 303 865 δόξαν
338 799 469 853 ἀνθ’
513 795 587 868 ἧς
639 796 765 852 οὐδ’
793 796 946 863 ὅλως
978 795 1009 849 ὅ
1039 795 1097 849 τί
1119 812 1224 865 μοι
1269 794 1696 863 προσαπαντή-

142 910 294 948 σεται
339 892 598 961 ἔγνωκα.
629 888 807 943 Ἀλλὰ
835 886 1148 958 μέμνησθέ
1172 904 1291 956 μου
1318 886 1462 952 τέως
1486 886 1594 955 τῆς
1621 884 1695 958 ἧς

141 982 320 1038 οὐκέτι
350 980 621 1051 γλώττης
658 980 999 1034 ἀκούσεσθε
1024 980 1125 1033 καὶ
1157 974 1235 1048 ἦν
1258 977 1358 1031 ὅτε
1378 978 1560 1047 πικρὰ
1587 977 1694 1031 τοῦ

141 1077 455 1143 πρέποντος
500 1074 711 1128 ἕνεκεν
761 1072 862 1126 καὶ
920 1072 1339 1141 συμφέροντος
1359 1090 1373 1103 '
1426 1072 1526 1126 καὶ
1582 1072 1696 1141 τὴν

137 1168 267 1237 μετὰ
313 1168 578 1222 θάνατον
609 1168 854 1221 εὔνοιαν
890 1165 978 1230 εἷς
1011 1181 1074 1217 τε
1122 1165 1259 1219 υἱὸν
1302 1165 1401 1219 καὶ
1440 1168 1697 1233 γυναῖκα

142 1262 552 1315 διαϐαίνουσαν
578 1259 1006 1329 ταμιώσασθε,
1032 1256 1229 1311 ἐκεῖνο
1246 1256 1486 1322 πάντως
1507 1270 1697 1324 προσ-

140 1352 571 1420 ενθυμούμενοι,
603 1352 686 1417 ὡς
724 1349 930 1411 ὁποῖός
960 1363 1070 1417 περ
1112 1348 1375 1414 ἕκαστος
1400 1348 1481 1413 τῷ
1506 1347 1698 1413 πέλας

142 1446 341 1499 τούτου
371 1444 714 1512 γενήσεται,
741 1442 1020 1496 τοιοῦτον
1043 1441 1141 1495 καὶ
1171 1440 1332 1505 αὐτῷ
1354 1442 1421 1494 τὸ
1459 1440 1610 1508 πρὸς
1630 1440 1699 1496 τὸ

136 1536 349 1603 μέλλον
381 1535 779 1603 συμϐήσεται.
827 1533 1102 1595 Τοιούτοις
1151 1534 1360 1603 ῥήμασι
1416 1532 1514 1600 τῆς
1547 1532 1699 1601 βασι-

144 1626 280 1691 λικῆς
319 1626 534 1688 πάντας
581 1624 999 1694 κατακηλούσης
1037 1624 1282 1693 γλώττης
1316 1623 1410 1675 καὶ
1456 1624 1699 1693 ἡμερού-

142 1736 243 1782 σης,
282 1718 383 1771 οὐκ
407 1712 475 1786 ἦν
497 1718 646 1778 ὅστις
664 1717 969 1787 ἀδάκρυτος
1001 1711 1091 1787 ἦν,
1121 1716 1229 1768 οὐδ’
1261 1712 1328 1785 ἦν
1360 1715 1579 1769 εἰκάσαι
1607 1715 1700 1768 τὸν

1794 627 1954 681 quens
2004 615 2073 665 ad
2119 630 2235 667 eam
2260 631 2418 685 quam
2467 620 2640 671 nescio
2671 620 2830 672 vitam
2876 620 3205 689 proﬁciscor,
3257 623 3372 691 glo-

1795 703 2035 771 riamque
2074 719 2362 771 commuto,
2403 706 2553 775 cujus
2589 708 2701 763 loco
2734 711 2860 778 quid
2913 712 3042 763 mihi
3070 721 3373 765 eventurum

1794 796 1865 848 sit
1919 795 2122 863 ignoro.
2184 796 2371 851 Verum
2421 800 2672 852 hactenus
2728 817 2855 854 mea:
2894 818 3145 856 memores
3178 803 3375 871 lingute

1794 900 1981 953 estote,
2014 905 2171 959 quam
2205 908 2472 959 nunquam
2512 892 2741 959 amplius
2774 896 2899 946 estis
2949 896 3220 959 audituri;
3257 912 3375 965 qua:

1797 991 1846 1036 et
1881 984 2090 1047 acerba,
2119 999 2214 1051 pro
2243 1000 2301 1036 eo
2330 1000 2392 1037 ac
2420 986 2624 1039 honesti
2650 996 2810 1056 atque
2860 987 3008 1039 utilis
3044 989 3180 1041 ratio
3210 1004 3375 1057 expo-

1796 1073 1992 1138 scebat,
2034 1074 2345 1144 quandoque
2390 1080 2565 1129 locuta
2607 1088 2707 1138 est,
2755 1094 2995 1147 nuncque
3021 1095 3137 1130 cum
3191 1097 3217 1132 e
3247 1081 3372 1134 vivis

1797 1180 2088 1229 excessero,
2118 1166 2525 1220 benevolentiam
2560 1169 2614 1220 in
2644 1169 2816 1236 ﬁlium
2846 1184 3166 1237 uxoremque
3199 1186 3377 1221 recur-

1799 1269 1997 1312 rentem
2051 1261 2305 1326 reponite,
2348 1258 2492 1312 istud
2544 1261 2757 1313 omnino
2801 1262 3112 1329 cogitantes,
3164 1260 3275 1328 fore
3320 1268 3375 1312 ut

1797 1352 1973 1422 qualis
2002 1352 2217 1420 quisque
2245 1353 2298 1403 in
2329 1352 2630 1419 proximum
2660 1367 2815 1404 suum
2861 1354 3143 1415 exstiterit,
3183 1354 3287 1406 tale
3328 1354 3375 1405 ei

1799 1460 2002 1513 quoque
2058 1445 2113 1497 in
2168 1444 2409 1512 futurum
2464 1445 2757 1513 contingat.
2790 1441 2984 1499 Verbis
3045 1443 3375 1512 ejuscemodi

1804 1537 1964 1608 139
2011 1538 2357 1605 imperatoris
2392 1535 2572 1605 lingua
2607 1536 2929 1590 concionem
2975 1550 3194 1590 omnem
3242 1536 3378 1589 deli-

1802 1632 1982 1684 niente
2010 1640 2173 1698 atque
2221 1628 2510 1691 mulcente,
2548 1626 2601 1679 in
2633 1642 2697 1681 ea
2727 1627 2818 1694 qui
2863 1628 3132 1697 lacrymas
3166 1636 3379 1681 teneret

1803 1722 1987 1776 nullus
2018 1733 2157 1785 erat,
2195 1719 2479 1787 majorque
2508 1718 2758 1772 omnium
2814 1726 3035 1783 pectore
3081 1731 3377 1785 erumpens

141 1810 548 1879 ἁναπεμφῦέντα
578 1811 643 1862 ὲκ
693 1810 799 1862 τῶν
835 1808 1120 1880 παρόντων
1156 1808 1463 1879 στεναγμόν
1504 1826 1569 1862 τε
1608 1810 1701 1861 καὶ

1805 1811 2037 1880 gemitus
2063 1825 2127 1863 ac
2156 1809 2393 1878 ejulatus
2421 1824 2582 1877 quam
2621 1817 2679 1861 ut
2709 1807 2853 1861 ullus
2887 1808 3023 1861 satis
3064 1806 3376 1875 conjectura

137 1905 375 1974 ὀδυρμόν.

199 2000 300 2060 μα’.
338 1992 553 2061 Μικρὸν
592 1987 688 2045 οὖν
719 1991 799 2045 ἑτι
843 1993 1148 2055 ἐπιϐιώσας
1190 1992 1331 2046 κατὰ
1377 1992 1476 2061 τὴν
1506 1992 1697 2045 εἰκάδα

137 2085 217 2136 τοῦ
277 2086 608 2152 Ίανουαρίου
660 2085 828 2153 μηνὸς
873 2084 967 2137 τὸν
1020 2083 1133 2153 βίον
1185 2084 1551 2153 μετήλλαξεν,
1601 2085 1699 2153 τῆς

139 2176 392 2244 βασιλείας
424 2177 720 2246 γενόμενος
751 2176 1028 2247 ἐγκρατὴς
1066 2176 1243 2247 μῆνας
1278 2178 1428 2247 τρεῖς
1467 2177 1560 2228 ἐπὶ
1594 2176 1697 2228 δὼ-

137 2273 253 2323 όεκα
276 2268 475 2334 ἔτεσιν,
496 2269 667 2323 πολλὰ
694 2269 819 2332 τοὺς
855 2269 952 2338 τῆς
974 2267 1253 2339 ὀρθοδόξου
1282 2268 1516 2331 πίστεως
1545 2285 1697 2339 περι-

134 2363 430 2432 εχομένους,
465 2364 594 2429 παρ’
630 2362 749 2414 ὅλον
787 2360 954 2414 αὐτοῦ
989 2362 1079 2414 τὸν
1136 2360 1252 2431 βίον
1292 2358 1698 2430 μυσαττόμενός

133 2470 183 2505 τε
221 2454 309 2506 καὶ
360 2453 609 2522 χειμῶνα
662 2454 840 2507 πάντα
887 2452 1029 2506 κατά
1080 2454 1262 2506 πᾶσαν
1315 2450 1465 2524 ὤραν
1508 2454 1699 2522 καιροῦ

133 2546 335 2612 ἐπάγων
365 2546 553 2608 αὐτοῖς
585 2544 842 2611 ἀφειδῶς,
865 2546 982 2599 ἀνθ’
1017 2538 1091 2599 ὧν
1120 2545 1305 2599 ἕνεκεν
1337 2545 1431 2599 καὶ
1460 2546 1520 2598 τὸ
1546 2544 1696 2600 δυσ-

134 2637 317 2703 τυχὴς
368 2636 540 2707 ὄνομα
579 2637 729 2707 παρὰ
771 2636 970 2700 παντὸς
1012 2636 1303 2707 ἀνθρώπου
1341 2635 1531 2707 ὥσπερ
1580 2638 1701 2691 τινὰ

133 2726 317 2798 κλῆρον
362 2730 627 2797 ἐπήγετο,
685 2728 958 2800 μηδέποτε
1008 2729 1269 2798 τρόπαιον
1314 2728 1520 2799 στήσας
1562 2731 1701 2782 κατὰ

131 2815 224 2868 τῶν
249 2818 465 2889 ἐχθρῶν
500 2818 780 2887 βασιλικόν
821 2835 881 2872 τε
909 2820 1003 2871 καί
1048 2819 1385 2885 ἀξιέπαινον,
1426 2820 1563 2891 μήτε
1596 2822 1701 2889 μὴν

132 2907 214 2976 τὴν
237 2910 515 2979 προτέραν
561 2904 730 2981 ἧτταν
773 2911 1156 2981 ἀναμάχεσθαι
1204 2912 1472 2981 δυνηθεὶς,
1523 2914 1702 2967 καίτοι

133 3014 186 3064 γε
207 3001 585 3055 ὀκτωκαίδεκα
616 3003 886 3072 πολέμους
910 3004 1040 3073 παρ’
1068 3004 1199 3074 ὃλην
1231 3004 1397 3057 αὑτοῦ
1431 3005 1529 3075 τὴν
1557 3005 1702 3074 ζωὴν

132 3093 257 3146 κατὰ
281 3094 393 3147 τῶν
438 3093 653 3163 ἐχθρῶν
684 3096 980 3165 συστήσας,
1028 3096 1123 3148 καὶ
1166 3098 1495 3159 τοσαυτάκις
1520 3098 1702 3161 αὐτοῖς

1805 1904 2023 1971 assequi
2067 1910 2249 1968 queat.

1870 1996 1957 2049 Η.
1989 1994 2197 2048 Paucos
2240 1993 2362 2047 hinc
2385 1992 2501 2047 dies
2531 1991 2652 2045 vita:
2692 2002 2970 2060 superstes
3006 1993 3259 2062 vigesima
3291 1992 3378 2047 die

1797 2087 2043 2142 Januarii
2106 2095 2313 2139 natura:
2371 2084 2615 2139 debitum
2672 2084 2855 2145 solvit,
2896 2084 3129 2152 imperio
3172 2086 3377 2152 potitus

1800 2196 1974 2235 annos
2004 2178 2290 2234 duodecim
2327 2192 2540 2233 menses
2574 2187 2703 2232 tres.
2755 2178 3034 2231 Adversus
3065 2186 3225 2230 recta:
3252 2176 3376 2230 lidei

1800 2270 2142 2341 professores
2185 2284 2280 2336 per
2309 2283 2527 2322 omnem
2586 2269 2752 2321 vitam
2809 2267 2995 2322 odium
3038 2266 3380 2336 implacabile

1800 2364 1989 2435 gessit,
2048 2362 2366 2431 nullumque
2415 2376 2520 2415 non
2592 2360 2862 2414 turbinem
2922 2360 3071 2414 omni
3140 2362 3273 2415 hora
3316 2375 3381 2414 ac

1801 2459 1995 2529 quavis
2047 2457 2333 2513 occasione
2399 2456 2551 2510 nulla
2605 2456 2884 2526 eislvenia
2938 2455 3382 2525 indulgentiaque

1802 2551 2087 2613 adhibuit;
2142 2565 2251 2619 quo
2317 2547 2518 2603 factum
2566 2556 2651 2603 est
2703 2558 2761 2601 ut
2814 2546 3139 2602 infortunati
3177 2563 3376 2602 nomen

1802 2644 1944 2715 apud
1978 2658 2167 2696 ntuues
2197 2642 2342 2696 velut
2397 2639 2743 2694 luereditario
2776 2638 3012 2707 quodam
3033 2638 3155 2705 jure
3191 2653 3379 2707 reporo

1806 2734 1951 2786 tarit.
1981 2729 2270 2800 Nunquam
2312 2743 2410 2797 pro
2454 2726 2668 2797 imperii
2703 2725 2990 2795 majestate
3027 2740 3091 2779 ac
3108 2724 3267 2780 laude
3297 2724 3385 2778 di-

1801 2840 1965 2895 gnum
2006 2824 2268 2877 adversus
2325 2822 2511 2875 hostes
2549 2828 2817 2888 tropaeum
2875 2816 3071 2879 erexit,
3111 2832 3176 2872 ac
3206 2832 3386 2886 neque

1803 2925 2079 2983 acceptam
2140 2913 2348 2968 cladem
2400 2911 2667 2966 resarcire
2722 2924 2963 2978 unquam
3005 2909 3141 2965 satis
3184 2908 3381 2977 potuit,

1804 3004 1965 3074 idque
2019 3019 2145 3057 eum
2196 3000 2504 3057 octodecies
2549 3015 2644 3070 per
2670 3014 2886 3054 omnem
2926 2999 3089 3052 vitam
3132 3008 3384 3066 suscepta

1804 3100 2066 3153 adversus
2099 3096 2281 3149 hostes
2339 3092 2687 3162 expeditione
2727 3090 2887 3144 toties
2925 3104 3049 3143 cum
3092 3089 3200 3144 illis
3232 3090 3384 3156 signa

131 3184 463 3253 συμπλακεὶς
494 3184 589 3238 καὶ
613 3185 747 3255 πρὸς
772 3186 1105 3255 παρατάξεις
1132 3188 1389 3256 χωρήσας
1412 3189 1511 3240 οὐκ
1535 3190 1697 3256 ἀγεν-

1805 3189 2112 3250 c0ntulcrit,
2144 3203 2243 3241 nec
2268 3184 2695 3241 contemnendas
2726 3184 2912 3251 copias
2952 3196 3187 3251 pugnam
3230 3196 3385 3235 com-

129 3279 244 3340 νεῖς.
300 3277 476 3329 Ἀλλὰ
519 3276 709 3329 τοῦτον
765 3277 862 3345 μὲν
908 3276 1052 3330 οὕτω
1100 3278 1556 3348 καταστρέψαντα
1607 3285 1698 3333 τὸν

131 3368 229 3438 βίον
252 3368 495 3423 ἐνταῦθα
516 3368 904 3432 καταλιπόντες
932 3370 1022 3422 ἐπὶ
1046 3370 1144 3431 τὰς
1167 3370 1529 3435 καταλοίπους
1556 3373 1699 3425 οἰκο-

129 3460 280 3531 δομὰς
325 3460 505 3515 αὐτοῦ
556 3477 661 3514 που
706 3461 837 3526 napi.
883 3461 928 3491 ⁸³
965 3461 1033 3514 τὰ
1075 3462 1350 3530 ἀνάκτορα
1393 3461 1558 3526 οὔσας
1600 3464 1699 3535 βα-

127 3554 397 3625 διούμεθα,
435 3552 875 3622 ἀξιολογωτάτας
902 3552 1069 3617 οὖσας
1103 3554 1199 3607 καλ⁸
1252 3554 1470 3626 μνήμης
1518 3559 1698 3626 τυχεῖν

131 3648 328 3710 ἱκανάς.

192 3739 296 3808 μβ’.
333 3739 522 3801 Εὐθὺς
555 3737 688 3806 γοῦν
722 3738 831 3791 ἀπὸ
879 3738 974 3791 τοῦ
1006 3739 1213 3811 Κυρίου
1239 3742 1422 3794 εἰσιὼν
1462 3742 1602 3797 κατὰ
1641 3744 1701 3796 τὸ

131 3829 409 3899 πρόσωπον
465 3827 794 3891 ὑπαντὼσας
847 3829 1103 3899 εὑρήσεις
1146 3832 1336 3895 αὐτάς.
1374 3834 1438 3885 ’0
1482 3851 1540 3886 τε
1594 3835 1701 3904 γὰρ

131 3922 416 3993 Καριανὸς,
469 3923 529 3985 ὃς
572 3921 715 3974 οὕτω
748 3923 903 3991 φέρει
947 3923 1048 3994 τὴν
1083 3924 1274 3993 κλῆσιν
1313 3926 1401 3978 διὰ
1427 3927 1489 3979 τὸ
1523 3928 1629 3980 ἀπὸ
1658 3931 1701 3960 δε

131 4012 214 4080 τῆς
240 4013 579 4081 γραδὼσεως
614 4012 759 4081 ἔχειν
791 4011 900 4065 ἀπὸ
931 4013 1078 4067 λίθου
1117 4015 1396 4085 Καριανοῦ
1434 4011 1544 4069 οἷόν
1580 4036 1702 4072 τινα

129 4105 320 4158 πλατὺν
377 4103 668 4174 ποταμδν,
710 4106 739 4157 ὁ
776 4104 871 4157 καὶ
912 4105 1267 4175 χρηματιζων
1319 4109 1559 4178 σήμερον
1613 4110 1704 4179 βε-

129 4196 353 4267 στιάριον
390 4197 507 4248 τῶν
535 4196 1128 4268 ἀποῦησαυριζομὲνων
1152 4198 1372 4252 πέπλων
1404 4198 1510 4271 [ἐκ]
1549 4219 1703 4271 σηρι-

129 4286 246 4348 κῶν,
282 4290 384 4353 τῆς
430 4285 647 4337 ἐκείνου
682 4286 935 4353 προνοίας
986 4286 1145 4355 ἔργον
1189 4290 1356 4355 ἐστὶν,
1404 4291 1466 4342 οὐ
1517 4291 1622 4361 μὴν
1650 4292 1706 4345 δὲ

127 4377 243 4431 ἀλλὰ
268 4378 365 4430 καὶ
394 4380 425 4431 ὁ
456 4377 661 4445 γείτων
685 4377 849 4431 αὑτοῦ
890 4380 1315 4450 κεχρυσωμένην
1342 4383 1481 4451 ἔχων
1505 4384 1707 4453 ὀροφὴν

128 4468 436 4539 Τρίκογχος,
466 4471 535 4522 ὲκ
562 4468 656 4522 τοῦ
681 4473 958 4540 σχήματος
980 4472 1079 4541 τὴν
1105 4472 1298 4541 κλῆσιν
1320 4472 1500 4543 λαχών
1522 4491 1535 4504 ’
1557 4477 1708 4544 τρισὶ

1807 3284 2077 3337 missurus
2099 3279 2337 3334 duxerit.
2374 3277 2573 3330 Verum
2594 3273 2901 3344 Theophila
2934 3275 3015 3328 sic
3051 3274 3157 3327 vita
3198 3273 3385 3326 functo

1806 3391 1835 3430 a
1863 3374 2019 3428 nobis
2068 3373 2278 3434 relicto,
2338 3369 2405 3425 ad
2437 3369 2646 3438 reliqua
2681 3367 2799 3435 ejus
2846 3366 3071 3422 aedilicia
3116 3369 3386 3420 exstantia

1808 3468 1863 3521 in
1907 3465 2109 3536 palatio
2138 3462 2521 3534 procedamus,
2554 3469 2743 3532 utpote
2770 3458 3171 3530 praemagnitica
3198 3460 3387 3530 digna-

1806 3573 1913 3629 que
1948 3557 2233 3611 memoria.

1877 3738 1964 3792 4‘2.
2005 3740 2199 3794 Statim
2269 3738 2452 3807 itaque
2503 3752 2534 3792 a
2585 3736 2752 3807 (Iyrio
2789 3734 3110 3806 ingredienti
3154 3733 3387 3790 aediﬁcia

1810 3832 1897 3886 illa
1942 3834 1992 3885 iu
2039 3831 2233 3885 facient
2286 3831 2586 3884 incurrent.
2637 3826 2772 3882 Nam
2800 3838 2854 3883 et
2894 3827 3113 3882 Cariaui
3163 3827 3385 3888 domus,

1810 3924 2056 3979 sicdieta
2087 3923 2233 3992 quod
2271 3936 2298 3974 a
2333 3921 2596 3991 gradibus
2639 3920 2932 3989 quamdam
2971 3918 3383 3973 velutllumiuis

1813 4013 2087 4084 planitiem
2134 4011 2371 4066 Cariano
2401 4020 2571 4065 strata
2621 4008 2798 4079 lapide
2828 4007 3105 4071 exhibeat,
3167 4022 3289 4075 qua:
3332 4013 3388 4060 et

1814 4107 2076 4160 hactenus
2147 4102 2304 4173 140
2352 4102 2652 4157 sericarum
2703 4099 2935 4155 vestium
2974 4088 3148 4169 penus
3193 4107 3302 4161 est,
3324 4114 3387 4153 ac

1812 4196 2124 4252 veStiarium
2162 4206 2387 4248 vocatur
2406 4236 2421 4259 ,
2465 4194 2609 4246 illius
2633 4208 2777 4247 cura:
2802 4207 2939 4261 opus
2969 4203 3074 4246 est.
3110 4190 3287 4246 Sedet
3316 4191 3390 4245 illi

1812 4290 2048 4344 vicinum
2115 4287 2509 4351 Triconchum,
2558 4302 2692 4339 auro
2734 4286 3034 4339 obductum
3069 4294 3271 4339 tectum
3296 4284 3395 4335 ha-

1815 4383 1971 4446 bcns,
2004 4380 2091 4434 cui
2128 4395 2192 4433 ex
2235 4380 2404 4447 tigura
2444 4392 2640 4432 uOmcn
2667 4386 2769 4430 est.
2815 4374 3043 4445 Triplici
3071 4374 3215 4429 enim
3254 4389 3392 4427 con-

1816 4475 1915 4529 cha
1956 4474 2217 4543 assurgit,
2266 4486 2373 4524 una
2436 4472 2500 4523 ad
2536 4469 2814 4523 Orientem
2848 4476 3148 4530 exstructa,
3189 4482 3308 4534 qua:
3338 4475 3393 4520 et

130 4564 219 4632 γὰρ
245 4564 489 4631 κόγχαις
515 4560 933 4631 μετεωρίζεται,
962 4565 1060 4633 μιᾷ
1085 4564 1185 4634 μὲν
1214 4565 1357 4618 κατὰ
1383 4566 1479 4636 τὴν
1507 4568 1701 4620 ἀνατο-

1809 4576 2045 4636 quatuor
2067 4565 2343 4619 columnis
2375 4564 2639 4617 Romanis
2683 4561 3128 4632 (porphyreticas
3173 4564 3391 4629 vocant)

128 4654 211 4722 ὶὴν
246 4653 837 4724 συιιοικοδομοὺμενος,
878 4653 912 4725 ἢ
963 4654 1055 4707 καὶ
1094 4659 1157 4709 ὲκ
1193 4656 1476 4728 τεσσάρων
1512 4659 1705 4714 κιόνων

138 4748 417 4818 Ῥωμαίων
448 4746 907 4818 ὐποστηρίζεται,
936 4748 1057 4802 δυσὶ
1081 4748 1138 4801 δὲ
1184 4750 1530 4820 ἐγκαρσίαις,
1565 4752 1706 4807 κατὰ

127 4838 308 4908 ἄρκτον
334 4839 438 4893 καὶ
474 4837 831 4909 μεσημϐρίαν
860 4839 1023 4908 φημί.
1069 4840 1141 4891 Τὸ
1180 4841 1314 4910 πρὸς
1348 4840 1499 4897 δύσιν
1531 4843 1588 4896 δὲ
1612 4844 1705 4898 τοῦ

127 4934 257 4986 οἴκου
290 4934 467 5005 μέρος
494 4931 605 4984 ὑπὸ
638 4929 733 4983 δύο
760 4930 858 4999 μὲν
899 4930 1095 4984 κιόνων
1122 4932 1393 5002 ἀνέχεται,
1437 4934 1608 5003 τριῶν
1651 4935 1708 4989 δὲ

128 5025 291 5080 πυλῶν
322 5027 431 5095 τὴν
463 5022 653 5090 ἔξοδον
697 5021 932 5075 δίδωσιν.
978 5023 1262 5095 Τούτωνή
1315 5027 1454 5094 μέση
1507 5027 1606 5095 μὲν
1652 5029 1711 5094 ἐξ

128 5120 352 5190 ἀργύρου
388 5115 869 5176 κατεσκεύασται,
909 5113 990 5188 [Ρ.
1034 5115 1128 5189 87]
1156 5118 1211 5170 αἱ
1239 5116 1438 5189 ταύτης
1466 5119 1526 5173 δὲ
1575 5121 1709 5173 ἐκαο

128 5211 347 5280 τέρωθεν
394 5214 469 5265 ὲκ
523 5208 912 5277 γεγανωμένου
966 5208 1191 5278 χαλκοῦ.
1241 5208 1304 5263 Ἢ
1336 5209 1512 5276 ἔξοδος
1540 5214 1620 5275 εἰς
1652 5210 1713 5265 τὸ

130 5303 454 5373 καλούμενον
512 5298 663 5352 οὓτω
707 5299 887 5368 Σίγμα
936 5298 1145 5366 ἐξάγει,
1195 5300 1258 5352 ὲκ
1305 5300 1405 5366 τῆς
1467 5304 1602 5372 πρὸς
1652 5304 1713 5356 τδ

131 5398 376 5466 στοιχεῖον
418 5391 753 5463 ὁμοιότητος
793 5391 894 5462 τὴν
941 5391 1262 5462 ἐπωνυμίαν
1288 5392 1472 5459 λαϐὸν,
1521 5394 1551 5446 ὃ
1586 5393 1709 5464 ἴσην

129 5503 177 5539 τε
208 5488 297 5542 καὶ
334 5487 552 5556 ὁμοίαν
591 5482 683 5536 τοῦ
725 5484 1031 5554 Τρικόγχου
1068 5484 1168 5555 τὴν
1211 5488 1290 5549 εἰς
1329 5487 1451 5549 τοὺς
1494 5487 1709 5558 τοίχους

129 5580 460 5634 ἑπαιθοῐσαν
515 5576 835 5647 ὡραιότητα
885 5576 1075 5647 φέρει·
1133 5580 1197 5631 ὲκ
1250 5577 1357 5648 γὰρ
1396 5578 1710 5651 λακαρικῶν

135 5674 514 5743 παμποικΰων
549 5668 712 5721 τοῦτό
754 5687 810 5724 τε
852 5671 1070 5723 κάκεῖνο
1122 5671 1509 5744 μαρμάρωται.
1551 5672 1712 5725 Ἀλλὰ

1809 4660 2050 4723 lulcitur,
2072 4658 2390 4728 duplicique
2418 4656 2637 4725 obliqua
2677 4660 2743 4709 ad
2792 4654 3105 4724 aquil0nem
3138 4661 3192 4706 et
3220 4652 3391 4705 meri-

1808 4751 1974 4807 diem.
2012 4750 2084 4804 Ea
2133 4764 2298 4818 porro
2352 4748 2550 4802 domus
2580 4763 2709 4817 pars
2756 4761 2878 4816 qute
2934 4746 2999 4799 ad
3055 4744 3388 4799 occidentem

1809 4850 2033 4916 Spectat,
2094 4842 2311 4896 duabus
2394 4840 2664 4895 columnis
2740 4839 3045 4894 sustiuezur
3103 4839 3389 4907 tribusque

1811 4938 1982 5006 portis
2028 4936 2232 4988 exitum
2270 4934 2489 5002 praebet.
2532 4930 2733 4985 Harum
2770 4931 2945 4985 media
2990 4940 3218 4997 argento
3253 4945 3389 4983 con-

1810 5028 1956 5090 ﬂata,
1984 5026 2241 5095 utrinque
2273 5025 2350 5078 illi
2375 5024 2688 5089 adjaccntes
2714 5037 2822 5077 aere
2848 5020 3157 5090 splendent.
3192 5020 3389 5077 Exitus

1810 5122 2075 5177 adlocum
2107 5118 2257 5172 ducit
2289 5116 2479 5187 Sigma
2510 5116 2866 5185 appellatum,
2893 5114 2961 5168 ab
2980 5115 3102 5183 ejus
3130 5114 3387 5168 elementi

1810 5213 1957 5268 aliiui
1986 5212 2180 5281 tigura.
2213 5209 2407 5265 Parem
2441 5208 2628 5280 Sigma
2659 5206 2967 5262 Triconcho
2999 5206 3052 5260 in
3089 5206 3390 5275 parietibus

1819 5307 2156 5379 .tiulgentem
2205 5310 2544 5359 venustatem
2599 5298 2820 5370 prmiert
2866 5309 3205 5368 :utrumque
3243 5298 3388 5352 enim

1816 5400 1951 5455 varii
1994 5397 2192 5455 coloris
2247 5394 2610 5451 marmoribus
2673 5393 3036 5447 iucrustatum
3092 5400 3196 5447 est.
3235 5388 3388 5456 Quod

1817 5500 1996 5547 autem
2062 5490 2247 5559 Sigma
2309 5494 2543 5553 vocant,
2581 5494 2782 5540 tectum
2838 5484 3058 5537 ﬁrmum
3119 5481 3279 5535 habet
3326 5495 3389 5534 ac

1821 5581 2284 5653 pramagnilicum
2320 5620 2334 5645 ,
2404 5575 2717 5648 quindecim
2771 5574 3045 5630 columnis
3096 5586 3160 5626 ex
3214 5571 3392 5640 lapide

1828 5673 2112 5729 Docimino
2179 5673 2393 5727 nultum.
2438 5669 2573 5725 Hinc.
2613 5682 2709 5739 per
2736 5676 3000 5739 styracem
3030 5663 3095 5719 ad
3116 5664 3236 5734 ejus
3267 5662 3389 5716 fun-

1402 5766 1635 5824 VARIJ‘J
1706 5766 2105 5824 LECTIONES.

205 5861 237 5891 “
275 5857 423 5931 περὶ]
453 5857 558 5911 ἐπὶ
586 5856 644 5911 Ρ.
736 5856 774 5885 ³³
808 5857 945 5909 erit?
