4158 6442
156 346 255 414 157

941 353 1085 412 LIB.
1132 353 1242 412 ΙΙΙ.
1287 378 1357 388 -
1387 353 1879 415 TllEOPllILUS
1900 358 2315 425 MICIIAELIS
2356 369 2633 429 FILIUS.

3290 377 3399 440 158

150 477 210 526 γε
235 459 555 529 δημάρχους
582 460 818 530 ἔχοντες.
851 460 1068 514 Τούτων
1102 462 1294 532 ἔφορος
1328 458 1395 534 ἦν
1427 465 1681 517 ἁπάντων
1705 466 1731 515 ὁ

1838 468 2096 535 repletus,
2149 471 2201 523 in
2231 490 2401 528 aureo
2433 478 2768 547 genuumque
2798 480 3056 535 distincto
3091 482 3291 541 sedens
3314 503 3405 541 so-

148 549 424 619 βασιλεὺς,
479 552 574 604 καὶ
624 553 888 622 θυμηδίας
952 554 1169 623 ἀπάσης
1226 555 1621 624 πληρούμενος,
1674 557 1730 608 ἐν

148 640 328 710 χρυσῷ
373 641 595 712 διαλίθῳ
640 641 816 712 θρόνῳ
856 643 1187 713 καθήμενος,
1221 648 1312 697 καὶ
1352 647 1425 715 μὴ
1466 647 1731 716 πρότερον

148 732 595 802 ἐξανιστάμενος,
640 734 715 796 ὡς
746 736 840 788 καὶ
872 736 1109 789 τακτικά
1138 737 1319 806 βιϐλία
1348 740 1441 791 καὶ
1474 739 1730 807 βασιλικὰ

143 824 577 894 διαγορεύουσιν,
625 828 655 895 ῆ
698 828 807 879 τῶν
852 831 1239 897 σκιρτημάτων
1268 830 1492 883 ἐκείνων
1521 833 1731 883 ἐπαπο-

142 915 340 969 λαῦςαι
384 918 471 973 διὰ
501 919 597 984 τῆς
627 918 755 981 θέας
786 922 880 972 καὶ
919 919 1026 972 τῶν
1066 921 1358 974 πολιτικῶν
1388 921 1727 991 ὲξαλμάτων.

142 1006 300 1059 Οὕτω
332 1008 432 1075 μὲν
475 1009 648 1061 ταῦτα
697 1010 791 1060 καὶ
830 1009 917 1062 διὰ
962 1009 1120 1063 τοῦτο
1185 1011 1261 1080 τῷ
1308 1010 1551 1080 Θεοφίλῳ
1595 1030 1730 1064 κατ-

142 1100 587 1169 εσκευάσθησαν,
616 1100 873 1164 τοσοῦτος
894 1102 951 1155 δὲ
979 1101 1120 1171 ἔρως
1147 1098 1214 1173 ῆν
1244 1102 1448 1157 τούτων
1477 1104 1624 1173 αὐτῷ
1654 1104 1729 1169 ὡς

142 1192 234 1242 καὶ
285 1190 387 1254 τὰς
423 1193 675 1262 συνήθεις
722 1194 831 1247 τῶν
876 1196 1221 1265 πραγμάτων
1268 1196 1582 1267 ἀντιλήψεις
1635 1200 1728 1251 καὶ

143 1279 263 1331 καθ’
297 1281 344 1311 ⁸⁸
374 1282 590 1350 ἡμέραν
636 1283 991 1353 προελεύσεις
1036 1286 1094 1337 ἐν
1129 1284 1276 1356 αὑτῷ
1330 1286 1393 1356 δὴ
1441 1288 1727 1359 Τρικόγχῳ

139 1372 405 1426 ἐκτελεῖν.
443 1368 519 1427 Οὗ
568 1376 665 1427 καὶ
717 1377 857 1429 κατὰ
903 1378 1193 1447 πρόσωπον
1238 1378 1339 1446 τῆς
1382 1378 1440 1445 ἐξ
1482 1380 1725 1450 ἀργύρου

139 1465 661 1533 κατεσκευασμένης
694 1466 796 1517 τῶν
824 1465 1007 1519 πυλῶν
1029 1469 1362 1539 ἀνεστηκυῖά
1386 1472 1531 1524 ἐστιν
1555 1473 1726 1546 ὀροφὴ

137 1556 403 1622 τέσσαρσι
448 1558 591 1611 κίοσι
630 1561 1073 1634 μετεωριζομένη
1125 1566 1188 1616 ὲκ
1236 1564 1591 1634 Θετταλικοῦ,
1630 1572 1723 1623 τοῦ

137 1652 228 1702 καὶ
261 1652 555 1719 πρασίνου,
605 1654 779 1710 λίθου.
814 1656 1066 1729 Ἀντικρὺ
1105 1659 1160 1711 δὲ
1203 1660 1406 1730 ταύτης
1452 1664 1543 1717 καὶ
1585 1667 1724 1720 κατᾶ

138 1742 430 1812 μέτωπον,
482 1746 710 1817 πλησίον
753 1749 816 1818 δὴ
863 1751 972 1802 τῶν
1015 1752 1319 1821 εἰρημένων
1367 1754 1720 1825 ἀναϐαθμῶν,

136 1835 276 1887 κατὰ
314 1836 379 1888 τὸ
423 1838 560 1907 πρὸς
604 1839 814 1909 δυσμὰς
864 1841 1027 1912 μέρος
1073 1843 1166 1896 τοῦ
1223 1846 1404 1917 Σίγμα
1458 1847 1721 1916 τρίκλινοι

136 1929 449 1994 πεοςυκὸτες
517 1932 596 2001 τῷ
657 1932 901 2005 Θεοφίλῳ
957 1935 1414 2007 ὲξῳκοδόμηνται.
1486 1940 1721 2012 Πυξίτης

134 2020 305 2089 ὄνομα
327 2021 408 2090 τῷ
434 2024 515 2075 ἑνί
560 2042 618 2077 τε
656 2026 749 2079 καὶ
777 2028 1100 2099 κατωτέρῳ,
1134 2030 1329 2100 ἅτερος
1358 2032 1413 2085 δὲ
1441 2032 1721 2105 ἀνώνυμος

137 2114 237 2179 μὲν
266 2114 547 2187 ἀνώτερος
573 2118 649 2183 δὲ,
682 2120 777 2173 καὶ
803 2120 970 2174 αὐτοῦ
1011 2123 1102 2175 τὸν
1130 2122 1397 2192 βασίλειον
1433 2128 1634 2196 κλῆρον
1664 2129 1722 2181 ἐν

132 2204 312 2273 ἑαυτῷ
362 2206 675 2261 διαιτᾶσθαι
719 2209 919 2280 λαχών.
972 2212 1175 2266 Τούτου
1215 2214 1277 2285 δὴ
1325 2216 1550 2281 Πυξίτου
1580 2219 1722 2271 κατὰ

130 2296 231 2366 τὴν
262 2299 513 2371 πλευρὰν
556 2305 729 2371 στίχοι
761 2303 1184 2375 λελατόμηνται,
1220 2309 1527 2380 ἀσηκρῆτις
1569 2310 1722 2372 ὅντες

130 2393 457 2461 γεννήματα
482 2395 752 2464 Στεφάνου
795 2397 893 2467 μὲν
931 2398 1146 2469 ἔχοντος
1176 2400 1435 2472 τοῦνομα,
1483 2403 1627 2457 οὕτω
1664 2403 1721 2455 δὲ

129 2486 223 2537 τοῦ
260 2486 657 2540 Καπετωλίτου
687 2492 1252 2562 προσαγορευομένου.
1284 2496 1347 2547 Ut
1374 2495 1430 2547 δὲ
1457 2494 1598 2549 κατά
1631 2496 1723 2548 τὸν

128 2575 222 2627 τοῦ
253 2576 441 2647 Σῖγμα
472 2579 800 2650 περίδρομον
828 2582 1257 2651 ὲγκολαςθέντες
1298 2584 1391 2638 τοῦ
1416 2586 1723 2657 οἱκουμενιο

134 2666 227 2719 κοῦ
255 2668 587 2724 διδασκάλου
622 2671 904 2739 (Ἰγνάτιος
942 2667 1097 2738 οὗτος
1128 2676 1398 2747 ἐκαλεῖτο)
1426 2677 1722 2745 τυγχάνου-

135 2776 235 2812 σιν.
271 2760 437 2813 Κατά
463 2761 523 2814 τὸ
556 2761 838 2833 εὐώνυμον
868 2765 924 2817 δὲ
958 2766 1145 2836 μέρος,
1186 2767 1261 2831 ὠς
1292 2768 1427 2838 πρὸς
1457 2771 1721 2833 ἀνατοὶὰς

131 2852 223 2904 τοῦ
251 2852 461 2922 Σῖγμα,
494 2854 682 2924 ἕτερός
706 2873 790 2919 τις
819 2856 1091 2925 τρίκλινος
1115 2858 1431 2929 ἐξήρτηται,
1457 2862 1515 2923 ὃς
1543 2863 1721 2929 Ἔρως

135 2944 232 3010 μὲν
266 2944 660 3015 ἐπικέκληται,
706 2947 984 3019 ὁπλοθήκη
1030 2950 1087 3002 δὲ
1130 2949 1278 3020 αὐτῷ
1332 2952 1719 3022 ἐχρημάτιζεν.

143 3035 436 3091 Ἐντεῦθεν
471 3038 571 3090 οὐκ
594 3037 725 3095 ἄλλο
769 3055 822 3091 τι
860 3038 893 3111 ἢ
948 3042 1307 3111 ίστορημὲνας
1352 3044 1580 3108 ἀσπίδας
1630 3048 1723 3098 καὶ

1838 559 1930 622 lio,
1962 576 2062 614 nec
2113 565 2265 631 prius
2322 569 2597 635 surgebat,
2641 580 2696 624 ut
2741 572 2894 626 libris
2946 573 3136 630 bellica
3185 577 3409 646 ipsaque

1838 650 2230 719 imperatorum
2306 658 2608 714 domestica
2686 665 3095 720 continentibus
3143 676 3407 725 statutum

1834 753 1938 807 est,
1991 760 2153 813 quam
2212 751 2720 817 gesticulationibus
2768 755 3035 822 ejusmodi
3096 758 3408 827 civiumque

1836 834 2077 903 tripudio
2102 838 2405 896 delectatus
2422 853 2586 899 esset.
2626 844 2701 897 Ita
2732 845 2865 909 lucc,
2899 848 3062 917 inque
3091 864 3218 906 eum
3249 866 3404 905 nsum

1833 940 1861 978 a
1892 925 2192 996 'l‘hrOphilo
2215 940 2511 986 exstructa.
2538 933 2714 988 Tanto
2762 943 2943 989 autem
2980 937 3171 991 horum
3222 955 3408 994 amore

1833 1020 2138 1085 tenebatur,
2167 1032 2225 1076 nt
2253 1033 2549 1079 consuetas
2576 1042 2867 1081 causarum
2902 1028 3023 1083 lites
3056 1030 3108 1082 lu
3139 1028 3406 1084 Trint‘on-

1832 1111 1938 1165 eho
1974 1113 2093 1182 ipso
2120 1114 2400 1169 dirimeret
2421 1124 2477 1170 et
2496 1118 2740 1185 quotidie
2760 1120 2825 1172 ad
2852 1120 3027 1189 ipsum
3054 1123 3401 1190 procederet:

1831 1210 1917 1261 cui
1951 1209 2111 1261 etiam
2177 1223 2207 1263 a
2260 1208 2438 1265 fronte
2471 1219 2663 1281 portae
2690 1222 2958 1282 argentea)
2995 1213 3153 1285 153
3176 1215 3407 1271 sublime

1829 1309 2069 1368 quatuor
2111 1301 2383 1356 columnis
2436 1300 2740 1358 Thessalici
2792 1308 3103 1369 marmoris,
3148 1307 3293 1376 quod
3326 1318 3409 1366 est

1832 1391 2022 1452 viride,
2080 1400 2278 1445 tectum
2330 1392 2597 1447 imminet.
2636 1392 2679 1446 E
2722 1396 2949 1465 regione
2978 1405 3158 1449 autem
3186 1397 3334 1453 illius
3357 1408 3411 1453 et

1830 1499 1859 1535 a
1893 1492 2063 1550 tergo,
2092 1484 2234 1537 haud
2260 1485 2449 1552 procul
2476 1485 2543 1538 ab
2576 1486 2643 1539 iis
2676 1502 2815 1554 quos
2857 1487 3099 1542 diximus
3129 1488 3406 1557 gradibus,

1831 1571 1896 1623 ad
1958 1573 2141 1641 Signia
2197 1572 2588 1627 occidentalem
2626 1584 2857 1641 partem,
2903 1590 3023 1643 qua:
3054 1586 3273 1630 exstant
3303 1577 3405 1631 tri-

1830 1664 2016 1727 clinia,
2053 1665 2361 1733 'l'heophilo
2391 1674 2621 1719 auctore
2661 1673 2791 1719 sunt
2836 1674 3137 1721 exstructa.
3192 1666 3409 1738 Pyxites

1830 1771 2027 1810 nomen
2066 1758 2155 1810 uni
2197 1772 2261 1810 ac
2294 1756 2539 1811 inferiori
2584 1776 2599 1811 :
2651 1758 2910 1822 alterum,
2954 1759 3100 1827 quod
3129 1766 3213 1813 est
3240 1774 3405 1828 supe-

1828 1850 1960 1913 rius,
2004 1857 2155 1902 caret
2184 1850 2425 1912 nomine,
2465 1850 2518 1902 in
2571 1865 2681 1917 quo
2741 1851 2906 1903 etiam
2943 1850 3168 1918 palatini
3220 1851 3409 1905 clerici

1825 1939 2011 1993 vestiri
2042 1940 2237 1993 solent.
2266 1938 2344 1993 Ad
2370 1937 2735 2010 Pyxitislatus
2761 1938 3014 2007 insculpti
3036 1947 3165 1993 sunt
3192 1954 3406 2001 versus.

1825 2033 2086 2101 Stephani
2120 2048 2149 2085 a
2183 2032 2408 2086 secretis
2449 2031 2739 2101 Capetoliti
2795 2045 2927 2085 vena
2952 2031 3198 2097 producti
3245 2048 3257 2082 :
3305 2032 3398 2101 qui

1823 2133 2005 2178 autem
2066 2124 2121 2176 iu
2173 2122 2357 2190 Sigma
2416 2124 2633 2193 porticu
2680 2132 2896 2178 exstant
2943 2123 3172 2188 exarati,
3210 2121 3404 2192 lgnatii

1823 2216 1905 2272 sic
1935 2215 2240 2285 nuncupati
2271 2215 2596 2272 universalis
2654 2214 2917 2285 magistri,
2952 2214 3155 2284 ingenii
3204 2229 3405 2270 monu-

1826 2314 2006 2360 menta
2035 2315 2184 2360 sunt.
2210 2307 2290 2361 Ad
2323 2306 2514 2361 Irevum
2553 2306 2716 2368 latus,
2739 2305 2886 2359 velut
2915 2306 2980 2359 ad
3018 2307 3204 2374 Sigma
3226 2306 3410 2361 orien-

1825 2396 1987 2452 talem
2030 2408 2261 2467 partem,
2292 2398 2439 2452 aliud
2473 2396 2749 2467 quoddam
2786 2397 3083 2450 triclinium
3133 2397 3405 2463 imminet,

1824 2498 2191 2559 cognomento
2230 2489 2407 2555 Eros;
2455 2476 2602 2559 quod
2642 2488 2715 2541 illi
2746 2502 3027 2543 armorum
3064 2503 3239 2558 penus
3267 2498 3406 2542 erat.

1823 2577 1961 2634 lliuc
1995 2595 2101 2634 non
2122 2579 2268 2633 aliud
2303 2580 2427 2649 quis
2459 2579 2513 2633 in
2553 2594 2617 2634 eo
2644 2578 2822 2632 videat
2843 2594 3007 2648 quam
3042 2579 3260 2650 clypeos
3291 2594 3412 2633 om-

1823 2673 2019 2741 nisque
2048 2673 2267 2741 generis
2296 2686 2449 2726 arma
2507 2671 2559 2725 in
2616 2671 2919 2740 parietibus
2958 2670 3195 2742 depicta,
3239 2668 3409 2738 inque

1824 2764 1951 2829 illis,
2012 2772 2073 2818 ut
2124 2779 2224 2834 par
2276 2772 2381 2830 est,
2423 2764 2700 2819 coloribus
2738 2778 3019 2831 manuque
3060 2778 3123 2818 ac
3153 2760 3409 2832 penicillo

1823 2869 2099 2924 expressa.
2132 2856 2297 2926 lnque
2326 2870 2455 2910 eum
2511 2854 2733 2910 modum
2792 2871 2823 2909 a
2867 2854 3179 2909 Triconcho
3205 2854 3271 2908 ad
3306 2869 3408 2910 oc-

1825 2948 2016 3002 ciduas
2047 2964 2222 3018 usque
2245 2959 2426 3017 partes
2480 2949 2745 3003 excitatas
2792 2948 2861 3004 ihl
2890 2948 3034 3002 aedes
3082 2947 3245 3002 liceat
3272 2960 3410 3001 con—

1826 3044 2038 3113 spicere
2066 3060 2079 3097 :
2105 3043 2171 3097 ad
2199 3043 2462 3097 orientem
2495 3054 2681 3097 autem
2706 3043 2868 3097 etiam
2913 3041 3096 3097 videas
3120 3056 3283 3111 quam
3314 3055 3410 3095 vo-

132 3128 273 3181 δπ).α
310 3132 545 3186 παντοῖα
583 3131 679 3183 ῐδοι
728 3148 810 3195 τις
855 3134 913 3185 ἐν
970 3133 1141 3203 αὐτῷ,
1190 3137 1285 3188 καὶ
1328 3136 1553 3200 ταύταις
1598 3140 1723 3201 τοὺς

1828 3144 1952 3190 cant
1981 3133 2357 3204 Margaritam.
2402 3133 2498 3187 Est
2547 3143 2726 3188 autem
2767 3134 2855 3187 illa
2890 3132 3186 3185 trirlinium
3227 3130 3408 3186 alun-

132 3223 349 3291 τοίχους
386 3223 887 3294 διαμορφουμένας,
917 3225 992 3289 ὡς
1020 3226 1079 3279 τὸ
1103 3228 1269 3291 είκὸς.
1304 3229 1411 3282 Καὶ
1433 3230 1499 3283 τὰ
1534 3231 1633 3299 μὲν
1665 3233 1722 3298 ἐξ

133 3312 300 3365 αὑτοῦ
352 3313 449 3366 τοῦ
501 3315 808 3386 Τρικόγχου
861 3318 991 3387 ἄχρι
1034 3318 1098 3387 δὴ
1137 3319 1243 3372 τῶν
1294 3321 1516 3391 δυσμῶν
1552 3323 1721 3385 οὕτως

132 3404 345 3461 ἔνεστιν
380 3407 510 3461 ἰδεῖν
538 3408 665 3472 τοὺς
689 3410 1165 3481 ἀνεγηγερμένους
1187 3413 1369 3478 οἴκους
1400 3417 1547 3468 ἐκεῖ·
1582 3418 1721 3470 κατᾶ

132 3498 183 3549 δὲ
217 3498 282 3551 τὸ
311 3498 454 3568 πρὸς
484 3499 751 3568 ἀνατολάς
775 3500 943 3572 μέρος
978 3504 1103 3567 ίδοις
1133 3504 1232 3575 μὲν
1259 3506 1350 3559 καὶ
1373 3508 1465 3560 τὸν
1490 3509 1722 3579 Μαργα-

133 3590 290 3660 ρίτην
324 3589 411 3663 [Ρ.
446 3590 538 3663 89]
567 3595 1128 3664 προσαγορευόμενον.
1165 3597 1447 3665 Τρίκλινος
1472 3594 1628 3664 οὗτος
1658 3603 1722 3653 ὲκ

132 3683 352 3755 βάθρων
381 3684 460 3755 τῷ
482 3684 725 3757 Θεοφίλῳ
751 3688 1063 3758 ἀνεστηκὼς
1087 3690 1153 3755 δ’,
1176 3690 1233 3755 ὃς
1253 3691 1397 3744 ὀκτὼ
1421 3694 1521 3762 μὲν
1550 3694 1721 3748 κίοσιν

133 3777 528 3843 ῥοδοποικίλοις
557 3778 650 3832 τὸν
677 3780 873 3849 δροιρον
904 3783 1240 3852 στηρίζεται,
1270 3787 1399 3849 τοὺς
1426 3788 1637 3857 τοίχους
1665 3789 1720 3842 δὲ

132 3869 290 3932 ζώοις
336 3872 801 3941 πεποικιλμένους
852 3874 1209 3939 παντοδαπῶς
1244 3878 1337 3930 καὶ
1362 3880 1406 3911 ⁸⁰
1438 3880 1497 3934 τὸ
1528 3880 1721 3949 ἔδαφος

129 3960 243 4031 ἔχει
288 3963 357 4015 ἐκ
403 3962 832 4034 Προικοννησίου
890 3966 1040 4020 λίθου
1096 3968 1192 4021 καὶ
1246 3974 1525 4041 συγκοπῆς
1576 3973 1722 4031 ἅπαν

130 4056 612 4125 κατεστρωμένον.
654 4057 813 4119 Ἴδοις
849 4057 905 4110 δὲ
940 4060 1034 4111 καὶ
1066 4059 1158 4112 τοῦ
1190 4062 1248 4112 ἐν
1282 4062 1430 4131 αὑτῷ
1465 4065 1722 4120 κοιτῶνος

129 4152 189 4201 ἐκ
225 4150 521 4218 τεσσάρων
567 4149 668 4217 μὲν
725 4149 920 4209 κιόνων
965 4151 1242 4205 Βαθυῒνων
1271 4153 1363 4211 τὸν
1408 4155 1593 4225 χρυσῷ
1621 4175 1720 4212 κα-

130 4243 424 4293 τάστικτον
465 4238 669 4292 κύκλον
715 4240 814 4309 τῆς
855 4241 1060 4312 ὀροφῆς
1109 4244 1455 4313 ἀνεχόμενον,
1495 4247 1558 4300 ὲκ
1592 4266 1718 4301 τεσ-

134 4333 310 4401 σάρων
341 4332 402 4384 δὲ
439 4331 786 4385 Θετταλικῶν
816 4336 914 4397 τὰς
947 4334 1110 4397 στοάς
1144 4336 1594 4407 ἀνεγηγερμένας
1625 4339 1721 4394 καὶ

134 4422 573 4492 βασταζομένας,
608 4422 702 4477 τοῦ
750 4441 809 4476 τε
862 4425 1180 4479 ἀνατολικυῦ
1235 4431 1438 4497 μέρους
1482 4430 1577 4483 καὶ
1623 4430 1717 4483 τοῦ

1823 3226 2094 3281 damentis
2116 3242 2146 3280 a
2172 3225 2475 3296 TheOphilo
2523 3226 2849 3289 excitatum,
2890 3224 3049 3295 cujus
3078 3232 3282 3279 tectum
3313 3238 3409 3277 co-

1825 3317 2025 3372 lumnae
2056 3328 2180 3372 octo
2207 3316 2424 3372 Rhodio
2455 3332 2729 3373 marmore
2762 3318 2924 3371 varim
2962 3316 3193 3371 fulciunt
3223 3334 3237 3370 :
3262 3314 3406 3369 muri

1824 3409 2004 3465 omnis
2026 3410 2241 3480 generis
2268 3409 2432 3479 pictis
2449 3410 2780 3465 animalibus
2807 3410 3086 3479 variegati,
3119 3409 3408 3478 pavimen-

1826 3510 1939 3555 tum
1973 3518 2135 3557 omne
2195 3502 2584 3558 Prwconnesio
2632 3512 2864 3557 stratum
2902 3502 3079 3571 lapide
3121 3509 3176 3555 et
3209 3500 3405 3556 tessel-

1826 3594 2017 3649 latum.
2093 3595 2286 3649 Videre
2332 3596 2497 3650 etiam
2550 3595 2677 3651 licet
2724 3597 2911 3651 orbem
2968 3594 3129 3667 lu
3174 3611 3406 3649 camerae

1824 3688 2061 3743 cubiculi
2098 3687 2242 3757 quod
2286 3687 2398 3742 illic
2436 3696 2541 3752 est,
2576 3702 2711 3742 auro
2743 3687 3056 3742 distinctum
3086 3696 3139 3739 et
3173 3696 3407 3756 quatuor

1824 3781 2097 3836 columnis
2141 3778 2427 3835 Batbuinis
2457 3779 2773 3846 suﬁultum;
2800 3789 3039 3851 quatuor
3079 3780 3205 3832 item
3235 3777 3406 3833 Thes-

1825 3872 2011 3927 salicis
2061 3880 2395 3927 sustentatas
2444 3875 2711 3941 porticus,
2748 3882 2860 3929 tum
2907 3872 3189 3927 orientalis
3220 3872 3407 3926 lateris

1826 3970 1938 4022 tum
1967 3962 2284 4017 nteridialis.
2344 3961 2476 4032 Ejus
2512 3963 2748 4033 parietes
2791 3971 2846 4017 et
2892 3964 3266 4031 pavimentum
3298 3978 3411 4015 ma-

1824 4054 2021 4123 gnilice
2051 4061 2224 4108 strata
2256 4053 2481 4122 perinde
2516 4069 2581 4109 ac
2607 4052 2932 4123 Margaritze.
2981 4053 3314 4109 Versabatur
3356 4056 3406 4108 in

1823 4162 1889 4201 eo
1925 4146 2182 4200 cubiculo
2227 4146 2565 4215 Theophilus
2616 4148 2684 4202 ab
2737 4148 3068 4217 azquiuortio
3128 4162 3295 4202 verno
3340 4147 3407 4201 ad

1823 4238 2209 4309 aequinoctium
2254 4239 2573 4293 autumnale
2640 4255 2703 4294 ac
2757 4239 3037 4309 deinceps.
3067 4238 3187 4294 Jam
3225 4251 3406 4294 autem

1825 4337 2110 4399 appetente
2134 4328 2354 4383 hiemali
2414 4329 2652 4383 solstitio
2694 4330 2760 4383 ad
2818 4329 2964 4383 aliud
3006 4330 3321 4389 cubiculum
3356 4331 3406 4384 iu

1822 4421 2042 4476 Cariani
2068 4421 2306 4475 triclinio
2322 4422 2687 4487 commeabat,
2706 4423 2849 4491 quod
2872 4424 2986 4491 ipse
3003 4431 3406 4487 construxerat;

135 4511 540 4583 μεσημϐρινοῦ,
577 4512 703 4575 τοὺς
740 4514 953 4585 τοίχους
980 4516 1039 4569 δὲ
1074 4517 1167 4569 καὶ
1206 4519 1267 4571 τὸ
1296 4519 1490 4587 ἔδαφος
1517 4522 1717 4589 ὁμοίως

1827 4515 1878 4567 iu
1902 4529 2010 4583 quo
2034 4514 2103 4567 ab
2134 4514 2459 4567 australium
2494 4523 2780 4568 ventorum
2822 4514 3320 4569 vehementioribus
3352 4530 3409 4568 se

129 4607 231 4664 τοῖς
292 4606 667 4675 Μαργαρίτου
729 4607 1153 4677 κατεστρωμένα
1202 4609 1495 4679 λαμπρῶς.
1550 4606 1721 4678 Οὗτος

134 4696 223 4757 μὲν
241 4698 269 4748 ὁ
303 4694 513 4747 κοιτὼν
541 4692 689 4765 εἶχεν
729 4699 788 4750 ἐν
817 4697 994 4768 ἐαυτῷ
1019 4698 1372 4770 διαιτώμενον
1406 4702 1497 4756 τὸν
1523 4704 1720 4776 Θεόφι-

130 4785 213 4836 λον
244 4785 362 4839 ἀπὸ
391 4787 497 4852 τῆς
528 4788 750 4857 ἐαρινῆς
780 4789 1123 4859 μεσημερίας
1154 4792 1197 4822 ⁸¹
1240 4793 1404 4863 μέχρι
1438 4795 1536 4865 τῆς
1594 4814 1720 4867 μετ-

129 4878 408 4948 οπωρινῆς
430 4880 477 4909 ⁸¹
506 4879 602 4931 καὶ
631 4874 787 4940 αὖθις
809 4895 822 4907 ·
854 4880 980 4950 ἄρτι
1010 4880 1066 4933 δὲ
1095 4883 1193 4953 τῆς
1226 4888 1541 4957 χειμερινῆς
1571 4906 1720 4957 γειτ-

129 4969 423 5037 νιαζούσης
462 4970 677 5038 τροπῆς
722 4969 863 5023 κατά
904 4971 996 5025 τὸν
1030 4972 1187 5025 ἄλλον
1236 4978 1572 5047 μετῳκίζετο
1608 4997 1720 5033 κοι-

130 5061 268 5112 τῶνα
302 5060 403 5113 τὸν
454 5060 600 5114 κατά
630 5060 722 5112 τὸν
762 5061 1035 5132 Καριανὸν
1076 5062 1369 5132 τρίκλινον,
1418 5068 1513 5120 καὶ
1555 5069 1719 5123 αὑτὸν

130 5152 219 5203 ὑπ’
244 5153 463 5205 ἐκείνου
487 5151 907 5223 ᾠκοδομημένον
932 5153 1020 5207 διὰ
1046 5154 1143 5217 τὰς
1172 5155 1281 5207 τῶν
1305 5157 1472 5210 νότων
1502 5160 1621 5229 ίσχυ
1632 5176 1720 5230 ρο-

129 5244 289 5313 τέρας
322 5246 422 5296 καὶ
454 5242 769 5313 βιαιοτέρας
797 5246 964 5307 πνοάς
992 5260 1007 5274 ⁸
1033 5245 1060 5296 ὃ
1089 5247 1183 5299 καὶ
1206 5245 1301 5299 νῦν
1334 5247 1427 5301 τοῦ
1464 5251 1716 5305 παππίου

130 5336 273 5387 ἔστιν
301 5336 435 5387 ἰδεῖν
468 5336 835 5402 καταγώγιον.
861 5337 972 5406 Οὐχ
996 5330 1157 5409 ἧττον
1196 5338 1252 5391 δὲ
1279 5340 1501 5409 κατόψει
1534 5342 1626 5394 καὶ
1656 5344 1715 5397 τὸ

132 5430 309 5480 ἐκεῖσε
343 5428 409 5498 δὴ
442 5426 671 5497 ἡλιακὸν
706 5428 797 5480 ὑπ’
826 5430 1032 5483 ἐκείνου
1068 5432 1545 5504 καταδεὸλημένον
1574 5436 1715 5490 κατὰ

133 5519 421 5586 πρόσωπον
447 5518 547 5571 τοῦ
574 5517 764 5589 βορρᾶ,
797 5518 856 5585 ἐξ
885 5515 945 5575 οὗ
975 5520 1037 5591 δὴ
1064 5521 1246 5591 ὡρᾶτο
1276 5524 1367 5576 καὶ
1398 5524 1459 5576 τὸ
1485 5528 1715 5580 παλαιὸν

129 5612 638 5683 τζουκανιστήριον,
690 5615 868 5668 ἐκεῖσε
911 5614 1209 5685 τηνικαῦτα
1257 5618 1546 5689 τυγχάνον,
1599 5622 1728 5677 ἔνθα

1821 4611 2147 4673 protegeret.
2177 4602 2506 4657 Cubiculum
2553 4603 2653 4657 hoc
2684 4619 2827 4657 nunc
2863 4604 3035 4673 papia:
3061 4603 3403 4658 domicilium

1818 4707 1922 4752 cst.
1953 4697 2061 4751 Nec
2090 4698 2273 4750 minus
2302 4695 2535 4760 videbis,
2562 4694 2710 4765 quod
2744 4695 2853 4749 illic
2870 4703 3066 4762 exstat,
3095 4696 3175 4750 sic
3202 4696 3407 4750 dictum

1824 4790 2011 4844 Solare
2037 4789 2105 4841 ab
2136 4804 2201 4842 eo
2235 4787 2301 4841 ad
2330 4787 2646 4857 aquilonem
2680 4785 2965 4841 fundatum
2993 4804 3007 4851 ;
3040 4803 3105 4841 ex
3145 4801 3255 4857 quo
3278 4800 3409 4841 con-

1822 4881 2175 4953 spiciebatur,
2214 4880 2361 4950 quod
2410 4889 2543 4933 tunc
2576 4878 2687 4932 illic
2731 4888 2869 4944 erat,
2900 4888 3056 4933 vetns
3096 4877 3409 4948 Sphwriste-

1820 4974 1986 5037 rium,
2020 4972 2110 5025 ubi
2141 4978 2196 5025 et
2225 4985 2363 5024 nova
2397 4978 2677 5024 exstructa
2720 4970 2991 5034 ecclesia;
3018 4978 3257 5038 suntque
3287 4968 3410 5022 duae

1816 5068 2009 5139 phiala;-
2033 5075 2088 5120 et
2126 5064 2317 5118 hortus
2340 5064 2587 5128 interior,
2632 5064 2699 5116 ab
2745 5062 2962 5135 inclytae
2993 5063 3272 5117 memoria:
3307 5063 3408 5117 Ba-

1818 5159 1941 5215 silio
1991 5159 2317 5225 imperatore
2373 5155 2583 5209 ell‘ecta.
2658 5152 2724 5207 Et
2804 5155 3019 5223 quidem
3071 5155 3137 5207 ad
3193 5154 3405 5223 plagam

1818 5250 2139 5308 orientalem
2191 5250 2305 5303 huic
2346 5258 2474 5304 sunt
2531 5246 2652 5316 ejus
2676 5247 2901 5301 azdillria
2960 5264 2972 5299 :
3029 5247 3093 5300 ad
3157 5255 3405 5299 austrum

1824 5357 1973 5405 vero,
2024 5341 2303 5410 productis
2350 5340 2586 5406 primum
2639 5339 2943 5401 Solarihus,
3003 5340 3077 5393 uti
3149 5340 3405 5404 sttperius

1825 5438 2080 5498 diximus,
2136 5434 2439 5503 hurtisque,
2489 5436 2580 5503 qui
2644 5450 2791 5487 nune
2848 5444 2997 5499 sunt,
3069 5433 3401 5496 constitutis,

1828 5538 2088 5598 prmiurea
2117 5527 2279 5578 etiam
2313 5524 2562 5579 enhicnla
2602 5524 2903 5589 exstruxit,
2950 5522 3095 5593 quod
3134 5522 3400 5579 Camilam

1833 5629 2052 5679 meant,
2092 5620 2434 5687 alterumque
2478 5617 2552 5670 illi
2605 5618 2877 5683 vicinum;
2908 5617 3158 5686 quodque
3204 5616 3400 5670 itetttm

1440 5711 1523 5767 VA
1536 5712 1671 5771 ΝΛΞ
1705 5712 1996 5771 LEC'I‘ION
2009 5713 2106 5764 us.

200 5797 247 5831 δ’
277 5798 417 5873 καθ’]
453 5799 577 5871 μεθ’
603 5799 661 5854 Ρ.

744 5800 785 5834 δ’
814 5802 1117 5872 ἐνεστηκώς
1142 5820 1152 5831 ’
1178 5803 1206 5857 ὃ
1235 5804 1277 5860 Ρ

1372 5808 1418 5839 ⁸⁸
1443 5807 1535 5861 καὶ
1569 5825 1678 5865 0m.
1710 5810 1763 5862 l‘.

1844 5811 1884 5839 ⁸¹
1919 5807 2248 5876 ἰσημερίαςῖ
2325 5806 2370 5835 δ’
2400 5803 2782 5875 μετοπωρινῆς
2816 5802 2870 5856 Ρ.
