4158 6442
789 378 897 446 163

788 602 904 644 stus
933 587 1218 640 eunuchus
1248 600 1343 653 per
1371 582 1422 636 id
1455 593 1673 653 tempus
1723 581 1957 637 caniclio
1986 577 2277 652 przelectus
2304 590 2368 631 ac

787 678 962 732 tlruini
998 677 1291 746 logotheta,
1317 675 1632 745 Bardasqnc
1697 673 1965 744 patricius
2007 687 2071 726 ac
2113 672 2369 741 Augustae

789 771 973 831 frater,
1007 784 1103 821 nec
1128 782 1234 821 non
1267 766 1482 820 Manncl
1515 766 1775 836 magister
1799 782 1863 819 ex
1891 764 2164 819 Armeniis
2186 764 2371 817 oriun-

787 862 910 921 dus,
942 856 1033 927 qui
1087 866 1143 910 et
1170 858 1433 927 Augusta:
1460 866 1689 926 patruus
1722 863 1860 910 erat.
1912 854 2157 909 Firmato
2183 854 2369 922 itaque

788 949 1096 1017 reipubliczn
1142 958 1308 1013 statu,
1364 956 1418 1001 et
1471 962 1596 1000 eum
1652 962 1835 1001 rerum
1886 946 2150 1000 hactenus
2218 950 2366 1000 recta

785 1044 1109 1107 gubernatio
1156 1041 1314 1102 foret,
1373 1039 1621 1094 futurum
1670 1048 1787 1094 erat
1850 1047 1910 1094 ut
1964 1048 2019 1093 et
2066 1038 2365 1110 imaginum

785 1136 967 1189 vultus
1038 1132 1437 1188 instauraretur
1486 1133 1891 1203 pristinumque
1938 1131 2207 1187 honorem
2264 1130 2368 1185 illa:

789 1242 983 1279 rursus
1013 1225 1339 1292 reciperent.
1370 1224 1449 1278 Ad
1482 1223 1790 1278 Mannelcm
1816 1226 2000 1293 itaque
2030 1222 2154 1279 diro
2177 1222 2368 1277 morbo

787 1320 1049 1387 gravique
1108 1317 1480 1372 cannictatum
1515 1317 1749 1386 ingressi
1793 1315 2045 1371 Studiani
2085 1314 2365 1381 monachi,

786 1410 987 1477 quippe
1042 1410 1242 1477 quibus
1298 1410 1388 1462 ille
1421 1408 1545 1463 lidei
1587 1409 1747 1479 149
1783 1410 2080 1478 plurimum
2109 1408 2362 1475 habebat,

788 1500 929 1551 facili
960 1498 1175 1568 negotio
1221 1498 1440 1568 citoque
1469 1499 1897 1567 recuperandam
1926 1499 2211 1553 sanitatem
2252 1498 2368 1568 pol-

787 1590 1044 1654 licentur,
1102 1590 1146 1643 si
1199 1589 1362 1643 modo
1402 1598 1515 1642 tum
1550 1589 1665 1657 ipse
1704 1597 2021 1643 sanctarum
2063 1588 2365 1661 imaginum

788 1682 993 1735 cultum
1023 1681 1306 1750 approbet,
1369 1688 1483 1733 tum
1524 1680 1669 1735 illius
1704 1681 1898 1750 quovis
1927 1681 2047 1736 loco
2081 1682 2363 1737 sanciendi

787 1774 1212 1842 imperatoribus
1256 1782 1451 1827 auctor
1500 1775 1751 1828 exsistat.
1805 1772 1957 1827 Multi
1992 1786 2256 1844 praeterea
2299 1790 2364 1829 es

788 1865 911 1919 aliis
940 1864 1217 1919 montibus
1256 1864 1568 1919 divinorum
1608 1873 1822 1934 patrum
1856 1865 2085 1919 Manueli
2124 1866 2363 1921 amicitia

784 1956 960 2027 juncti
993 1972 1059 2012 ex
1119 1973 1185 2012 eo
1233 1966 1481 2027 tempore
1534 1971 1646 2025 quo
1679 1957 1726 2011 is
1764 1955 2216 2012 Armeniacorum
2252 1958 2363 2014 dus

787 2059 927 2112 orat,
984 2048 1051 2103 ad
1107 2064 1233 2104 cum
1286 2046 1570 2104 venientes
1629 2046 1933 2115 eademque
1982 2059 2239 2119 rogantes
2299 2050 2366 2105 ad

788 2150 999 2197 rectum
1033 2141 1252 2196 tandem
1302 2157 1426 2197 eum
1494 2154 1719 2195 sensum
1756 2143 2004 2205 trahunt,
2049 2151 2102 2196 et
2133 2149 2191 2196 ut
2219 2144 2366 2212 quod

789 2231 926 2302 ipsis
952 2232 1170 2287 invotis
1221 2240 1340 2286 erat
1394 2232 1738 2302 polliceatur,
1776 2232 1820 2285 si
1864 2232 2038 2286 solum
2079 2234 2272 2287 morbo
2299 2235 2369 2287 lc-

784 2322 1200 2391 varetur;qnod
1233 2330 1287 2376 et
1324 2322 1539 2377 illorum
1559 2322 1627 2377 ad
1660 2322 1831 2377 Deum
1862 2337 2081 2393 precum
2102 2324 2364 2379 instantia

785 2421 1119 2469 consecutus
1162 2422 1267 2467 ρει.

851 2695 910 2752 2.
944 2696 1244 2767 Postquam
1287 2699 1473 2771 itaque
1504 2702 1596 2756 ille
1625 2704 1823 2758 morbo
1855 2704 2121 2761 liberatus
2148 2716 2254 2772 est,
2279 2708 2367 2767 ni-

782 2785 861 2840 hil
890 2803 1004 2842 rem
1042 2790 1300 2846 monachi
1354 2793 1736 2862 negligendam
1778 2797 2009 2860 ducunt,
2057 2799 2152 2853 sed
2198 2798 2364 2853 obsc-

779 2877 987 2930 crando
1019 2892 1209 2931 eorum
1238 2895 1360 2948 qua:
1390 2893 1579 2936 sancte
1609 2882 1720 2936 Deo
1758 2886 2038 2954 pollicitus
2068 2897 2216 2942 esset
2250 2904 2365 2944 me-

781 2966 1013 3022 minisse
1115 2969 1443 3039 rogabant;
1526 2988 1633 3041 qua
1711 2975 2089 3033 admonitione
2182 2980 2364 3035 tlirina

780 3056 1129 3112 aemulatione
1151 3060 1274 3127 ejus
1286 3075 1510 3129 prorsus
1539 3064 1781 3120 animum
1808 3067 2187 3123 incenderunt.
2211 3069 2367 3124 Corn-

1822 369 2333 431 'l‘liEOPllANES
2374 367 2936 427 CONTINUATUS.

788 508 999 552 ratores
1029 495 1266 553 fuerunt,
1299 505 1438 559 quos
1461 489 1508 542 ci
1565 501 1715 558 pater
1749 489 2067 558 reliquerat,
2106 482 2360 539 'llzeocti-

2472 497 2581 532 των
2613 480 2859 550 ὑπῆρχον
2889 479 3208 549 φροντισταὶ
3256 480 3351 533 καὶ
3386 479 3675 549 ἐπίτροποι

3949 359 4052 425 1M

3725 478 3818 542 οὓς
3867 479 3896 532 6
3925 479 4060 531 Θεό-

2470 573 2624 640 φιλος
2682 572 2997 636 κατέλιπεν,
3030 574 3059 625 ὅ
3088 589 3147 624 τε
3178 573 3503 635 Θεόκτιστος
3537 574 3566 626 6
3588 572 3863 643 εὐνοῦχος,
3898 590 4057 641 τηνι-

2472 664 2647 718 καῦτα
2668 663 2976 729 κανίκλειος
2992 665 3087 718 καὶ
3101 664 3393 734 λογοθὲτης
3413 665 3503 716 τοῦ
3520 666 3723 735 δρόμου
3741 665 4053 733 τυγχάνων,

2471 756 2567 810 καὶ
2615 758 2643 808 ὀ
2685 757 2974 828 πατρίκιος
3002 757 3213 826 sapae;
3240 758 3268 810 6
3309 757 3408 826 τῆς
3438 756 3759 828 Αὖγούστης
3802 757 4058 824 ἁδελνρδς,

2470 850 2567 905 καὶ
2608 850 2867 921 Μανουὴλ
2897 852 2925 904 6
2961 850 3264 922 μάγιστρος
3306 854 3375 904 ὲκ
3436 851 3546 903 τῶν
3588 850 3892 920 Ἀρμενίων
3928 866 4063 901 κατ-

2472 940 2762 1010 αγόμενος,
2798 940 2856 1004 ὃς
2908 940 3005 994 zeal.
3044 931 3189 1004 Θείος
3238 940 3347 995 ἀπὸ
3376 940 3582 1012 πατρὸς
3622 944 3722 1011 τῆς
3756 940 4061 1004 Δεσποίνης

2471 1034 2737 1105 ὑπῆρχεν.
2768 1034 3069 1104 Ἐπεπήγει
3104 1034 3203 1102 μὲν
3228 1029 3324 1087 οὖν
3351 1031 3421 1086 τὰ
3451 1032 3735 1093 πολιτικὰ,
3766 1033 3853 1084 καὶ
3872 1032 4064 1092 καλῶς

2470 1124 2608 1186 τέως
2644 1122 2712 1176 τὰ
2737 1121 3043 1193 πράγματα
3071 1122 3421 1193 διηυθύνετο,
3460 1123 3654 1193 ἔμελλε
3684 1123 3741 1177 δὲ
3771 1124 3864 1176 καὶ
3892 1125 3928 1193 ἡ
3950 1124 4064 1175 τῶν

2470 1214 2630 1268 θείων
2655 1214 2880 1268 εἰκόνων
2925 1215 3297 1286 προσκύνησις
3344 1215 3795 1279 ἀνακαινίζεσθαί
3849 1232 3909 1269 τε
3963 1218 4066 1269 καὶ

2466 1306 2608 1378 πρὸς
2635 1306 2733 1379 τὴν
2764 1307 2997 1379 ἀρχαίαν
3028 1306 3423 1380 παλινδρομεῖν
3444 1309 3605 1372 αὖθις
3629 1312 3820 1379 τιμήν.
3847 1309 3961 1363 Καὶ
3993 1308 4066 1380 δὴ

2469 1400 2724 1470 Μανουὴλ
2752 1402 2896 1471 νόσῳ
2927 1400 3177 1465 πιέζεται
3206 1402 3355 1471 δεινῇ
3390 1404 3486 1455 καὶ
3540 1402 3755 1474 χαλεπῇ
3781 1417 3794 1430 ·
3834 1403 3974 1471 πρὸς
3999 1402 4067 1452 ὃν

2469 1498 2774 1569 είσρέοντες
2806 1500 3039 1569 μοναχοὶ
3065 1498 3161 1552 τοῦ
3216 1498 3470 1551 Στουδίου
3503 1499 3621 1569 (καὶ
3666 1500 3777 1569 γὰρ
3810 1495 3878 1568 ἦν
3906 1499 4068 1569 αὐτῷ

2472 1588 2555 1662 [Ρ.
2579 1588 2671 1661 95]
2700 1590 2883 1653 πίστις
2911 1591 3014 1643 οὐκ
3049 1589 3283 1658 ἀγεννὴς
3330 1590 3468 1660 πρὸς
3494 1589 3716 1657 αὐτοὺς)
3751 1590 4069 1656 ἀνάκλησιν

2467 1680 2568 1748 τῆς
2603 1681 2816 1748 ὑγιείας
2844 1680 3211 1750 ὑπισχνοῦντο
3240 1680 3431 1751 ῥᾳδίαν
3482 1697 3543 1732 τε
3575 1682 3668 1732 καὶ
3714 1683 3938 1748 ταχεῖαν
3970 1697 4073 1746 γε-

2468 1772 2677 1836 νέσθαι,
2703 1771 2773 1843 ἢν
2804 1772 2965 1842 μόνον
2983 1772 3082 1842 τὴν
3101 1770 3212 1824 τῶν
3240 1772 3412 1838 ἁγίων
3435 1770 3810 1843 προσκύνησιν
3834 1772 4073 1825 εἰκόνων

2471 1865 2634 1927 αὐτός
2670 1881 2731 1917 τε
2761 1863 2965 1936 Θελήσῃ
2990 1865 3085 1918 καὶ
3114 1865 3241 1927 τοὺς
3278 1863 3618 1932 κρατοῦντας
3644 1864 3823 1917 πείσοι
3856 1864 4067 1917 Θεσπί-

2469 1976 2558 2013 σαι
2584 1955 2926 2026 ἁπανταχοῦ.
2962 1957 3039 2010 Οὐ
3082 1956 3189 2027 μὴν
3217 1956 3276 2009 δὲ
3318 1955 3457 2009 ἀλλὰ
3484 1958 3581 2009 καὶ
3621 1959 3685 2009 ἐκ
3736 1957 3843 2008 τῶν
3874 1955 4071 2010 ἄλλων

2466 2050 2609 2122 ὀρῶν
2630 2048 2815 2102 πολλοὶ
2837 2048 2946 2103 τῶν
2968 2047 3246 2118 θεοφόρων
3268 2048 3531 2120 Πατὲρων
3553 2049 3871 2118 προσφιλεῖς
3882 2049 4071 2117 τούτῳ

2465 2144 2845 2215 τυγχάνοντες,
2863 2141 3077 2196 ἐκεῖθεν
3096 2141 3197 2205 τὰς
3225 2141 3399 2212 ἀρχὰς
3434 2142 3572 2211 πρὸς
3602 2142 3768 2194 αὑτὸν
3793 2140 4069 2205 λαϐόντες

2466 2238 2555 2291 ὅτε
2626 2237 2738 2289 τῶν
2787 2232 3169 2307 Ἀρμενιακῶν
3218 2235 3572 2306 ἐστρατήγει,
3612 2235 4071 2303 προσφοιτῶντες

2467 2328 2563 2383 καὶ
2627 2327 2726 2381 ἐπὶ
2755 2328 2872 2391 τοῖς
2918 2325 3126 2396 ὁμοίοις
3166 2325 3615 2395 παρακαλοῦντες
3646 2326 3875 2379 ἔπεισαν
3920 2326 4071 2397 ὀρθὰ

2470 2418 2739 2492 φρονῆσαί
2756 2435 2888 2471 ποτε
2915 2417 3013 2471 κα)⁵
3037 2417 3100 2470 τὸ
3120 2417 3457 2487 ποθούμενον
3478 2418 3816 2486 ὑποσχέσθαι
3841 2420 4070 2482 αὐτοῖς,

2468 2514 2517 2565 εί
2546 2512 2708 2583 μόνον
2740 2512 2887 2581 ρᾀν
2921 2509 3135 2579 γένοιτο
3155 2525 3169 2541 ο
3205 2508 3234 2562 6
3265 2510 3361 2563 καὶ
3391 2510 3584 2579 γέγονε
3617 2512 3684 2581 τῇ
3717 2511 3901 2563 αὐτῶν
3918 2511 4069 2582 πρὸς

2465 2606 2556 2657 τὸν
2586 2604 2721 2657 Θεὸν
2750 2606 2885 2673 εὐχῇ
2921 2603 3015 2656 καὶ
3043 2603 3273 2674 σπουδῇ.

2548 2695 2704 2749 Ἐπεὶ
2732 2696 2864 2763 γοῦν
2893 2691 3048 2759 οὗτος
3090 2695 3193 2765 τῆς
3237 2696 3396 2750 νόσου
3423 2695 3743 2765 ἀπήλλακτο
3765 2696 3860 2750 κού⁵
3880 2698 3935 2749 οἱ
3966 2716 4074 2767 μο-

2466 2788 2619 2858 ναχοὶ
2666 2789 2763 2857 τῆς
2802 2787 2940 2857 πρὸς
2973 2787 3034 2838 τὸ
3082 2788 3317 2857 πρᾶγμα
3364 2787 3603 2856 σπουδῆς
3659 2790 3758 2841 οὐκ
3790 2781 4070 2859 ἠμέλουν,

2468 2879 2605 2933 ἀλλὰ
2639 2881 3023 2950 παρακλήσεσι
3079 2881 3357 2951 χρώμενοι
3406 2880 3517 2933 τῶν
3566 2880 3704 2949 πρὸς
3732 2881 3867 2933 Θεὸν
3924 2882 4076 2936 ὁπο-

2469 2972 2707 3040 σχέσεων
2735 2971 2921 3039 ἠξίουν
2976 2973 3308 3043 μεμνῆσθαι,
3347 2972 3529 3043 πλήρη
3566 2972 3757 3025 τοῦτον
3788 2974 3885 3027 τοῦ
3914 2975 4073 3031 Θείου

2467 3062 2631 3128 ζήλου
2674 3066 3034 3136 εἰργάσαντοο
3066 3067 3162 3118 καὶ
3208 3065 3272 3136 δὴ
3306 3067 3420 3128 τοῖς
3464 3066 3891 3136 συνεπιτρόποις
3930 3072 4073 3124 ἁνα-

783 3148 1066 3202 municato
1096 3152 1277 3220 itaque
1302 3166 1425 3206 cum
1455 3155 1617 3208 sociis
1639 3162 2084 3225 procuratoribus
2105 3162 2358 3226 consilio,

2466 3159 2732 3222 κοινώσας
2757 3159 2825 3212 τὰ
2871 3159 2971 3228 τῆς
2999 3159 3216 3229 βουλῆς,
3272 3160 3368 3211 καὶ
3404 3160 3598 3222 πείσας
3633 3160 3709 3221 ὡς
3744 3160 3859 3212 ἔστι
3892 3163 4075 3214 καλὸν

780 3253 906 3295 cum
940 3241 1047 3295 illis
1081 3246 1451 3311 persuasisset
1483 3260 1669 3316 operae
1694 3251 1929 3317 pretium
1954 3266 2075 3308 esse
2099 3255 2243 3310 bono
2272 3272 2360 3312 res

778 3338 928 3386 statu
951 3333 1020 3386 ab
1046 3334 1270 3388 exordio
1294 3336 1413 3404 ipso
1449 3353 1802 3406 componere,
1856 3342 2072 3414 illisque
2116 3347 2170 3400 in
2202 3363 2358 3403 suam

779 3422 1051 3477 traductis
1095 3425 1444 3490 sententiam,
1487 3428 1554 3479 ad
1588 3426 1931 3485 Theodoram
1965 3434 2266 3502 ingreditur
2296 3453 2360 3493 ea

779 3511 859 3569 de
882 3529 942 3569 re
964 3529 1257 3571 commune
1287 3520 1576 3574 consilium
1606 3522 1916 3579 habiturus.
1942 3527 2011 3579 At
2028 3528 2141 3595 illa,
2163 3530 2361 3601 quippe

779 3606 1036 3677 religiosa
1082 3618 1331 3663 matrona
1379 3628 1616 3683 vereque
1654 3616 1838 3684 regina
1887 3627 2049 3687 atque
2094 3621 2359 3690 Augusta,

778 3697 873 3751 ubi
908 3698 974 3752 de
1006 3707 1153 3755 recta
1186 3701 1290 3757 nde
1321 3706 1548 3771 audivit,
1585 3707 1715 3773 Hoc,
1747 3710 1943 3779 inquit,
1970 3729 2170 3782 semper
2192 3724 2240 3768 et
2270 3718 2362 3770 de-

777 3788 1160 3857 sideraverant,
1208 3810 1300 3847 nec
1330 3811 1543 3851 versare
1570 3802 1749 3855 animo
1801 3792 2036 3873 unquam
2071 3808 2358 3875 cessabant,

775 3884 879 3935 etsi
908 3883 1160 3939 hactenus
1190 3882 1424 3955 plurium
1477 3903 1778 3947 senatorum
1836 3914 2229 3969 procerumque,
2270 3904 2360 3972 qui

777 3970 862 4026 illi
890 3976 1136 4029 studeant
1188 3977 1395 4041 heresi,
1446 3982 1627 4052 ingens
1667 3988 1922 4040 deterruit
1980 4006 2248 4055 numerus,
2282 3970 2361 4046 ﬁne

776 4064 904 4131 quid
921 4063 1173 4119 hactenus
1190 4068 1301 4137 ejus
1332 4071 1407 4122 rei
1436 4071 1671 4125 molircr.
1709 4073 1821 4128 Nec
1843 4078 2017 4131 minus
2040 4082 2131 4149 qui
2152 4085 2360 4137 tuenda.-

776 4157 1014 4212 ecclesia:
1036 4159 1138 4213 sibi
1166 4170 1343 4227 partes
1387 4163 1686 4229 vindicant,
1722 4171 2072 4237 metropolitte
2099 4176 2360 4228 omnium-

777 4258 878 4316 que
910 4250 1138 4303 maxime
1162 4253 1490 4317 patriarcha.
1523 4253 1578 4307 Is
1622 4274 1867 4326 namque,
1900 4260 2060 4330 150
2096 4280 2216 4316 cum
2244 4282 2359 4318 ma-

776 4337 911 4390 ritus
932 4339 1172 4409 exiguam
1190 4344 1480 4410 quamdam
1504 4346 1663 4414 hujus
1693 4349 1906 4403 ha'resis
1927 4354 2158 4405 radicem
2191 4372 2222 4406 a
2246 4373 2362 4409 ma-

770 4429 980 4498 joribus
1010 4434 1283 4496 traxisset,
1316 4452 1432 4487 eam
1463 4439 1614 4507 longe
1660 4444 1811 4494 auxit
1843 4444 2204 4515 doctrinisque
2247 4451 2357 4501 suis

2463 3251 2638 3320 ἀρχὴν
2661 3250 2841 3314 δεξιὰν
2873 3255 2985 3313 τοῖς
3016 3251 3339 3321 πράγμασιν
3401 3250 3672 3303 ἐπιθεῖναι
3714 3253 3782 3316 ⁵⁸,
3821 3254 3921 3305 καὶ
3957 3272 4066 3323 με-

2464 3343 2849 3415 ταρῥυθμίσας
2871 3344 3068 3406 αὐτοὺς
3088 3342 3334 3413 καὶπρὸς
3349 3343 3409 3396 τὸ
3428 3343 3623 3398 ἑαυτοῦ
3638 3342 3891 3415 βούλημα
3918 3348 4075 3415 ἁγα-

2462 3437 2595 3503 γὼν,
2625 3436 2760 3507 πρὸς
2793 3436 2892 3506 τὴν
2918 3434 3199 3506 Θεοδώραν
3229 3436 3407 3506 εἰσῄει
3438 3437 3506 3488 τὰ
3537 3437 3666 3506 περὶ
3698 3436 3798 3503 τῆς
3847 3438 4073 3491 ὑποθέ-

2463 3546 2599 3594 σεως
2626 3530 3165 3599 κοινολογησάμενος.
3189 3530 3300 3581 Καὶ
3334 3530 3519 3599 ἐκείνη
3552 3530 3651 3599 μὲν
3686 3530 4075 3599 Θεοφιλὴςκαὶ

2461 3623 2630 3686 ὅντως
2663 3623 2930 3693 βασίλεια,
2986 3625 3109 3675 ἐπεὶ
3141 3624 3270 3694 περὶ
3325 3622 3425 3693 τῆς
3479 3622 3792 3696 ὁρθοδοξίας
3824 3625 4074 3694 ἢκουσε,

2469 3716 2669 3780 Τοῦτο,
2704 3715 2829 3786 ἔφη,
2862 3715 3057 3770 κιιίδι’
3083 3716 3398 3784 ἐπιθυμίας
3434 3712 3585 3785 ἦγον
3616 3716 3708 3770 ἀεὶ
3750 3718 3841 3769 καὶ
3867 3722 4075 3785 μελε-

2462 3806 2625 3861 τῶσα
2653 3807 2959 3860 διέλειπον
3014 3806 3327 3875 οὐδαμῶς’
3380 3808 3518 3860 ἀλλ’
3561 3808 3601 3876 ὴ
3651 3806 3769 3859 τῶν
3803 3809 4080 3861 πολλῶν

2461 3898 2882 3968 συγκλητικῶν
2917 3900 3014 3953 καὶ
3047 3899 3166 3952 τῶν
3180 3900 3249 3953 ἐν
3272 3898 3431 3953 τέλει
3462 3898 3538 3967 τῇ
3594 3900 3839 3967 τοιαύτῃ
3874 3918 4078 3969 πίοσ-

2460 3991 2868 4061 ανακειμένων
2890 3994 3114 4059 αἱρέσει
3169 3991 3410 4058 πληθὺς
3461 3992 3727 4046 ἐκώλυεν
3753 3992 3898 4060 ἄχρι
3953 3993 4080 4061 τῆς

2462 4084 2751 4152 σήμερον,
2807 4086 2921 4153 οὐχ
2974 4080 3157 4152 ἧττον
3185 4084 3253 4136 δὲ
3303 4086 3403 4137 καί
3435 4068 3487 4137 ol
3523 4083 3634 4154 τῆς
3674 4086 4079 4153 Ἐκκλησίος

2461 4175 2951 4243 ὑπερμαχοῦντες
2968 4174 3421 4242 μητροπολῖται,
3460 4175 3558 4228 καί
3576 4175 3848 4244 μάλιστα
3892 4181 3927 4229 ό
3952 4195 4079 4229 :za-

2461 4266 2765 4335 τριάρχης,
2802 4266 2871 4331 ὃς
2896 4268 3119 4337 μικρὰν
3170 4267 3391 4334 ἔχοντα
3422 4266 3530 4336 τῆς
3568 4269 3848 4335 τοιαύτης
3897 4271 4080 4337 (11ρέ-

2460 4371 2617 4422 σεως
2654 4358 2759 4411 τὸν
2798 4358 3156 4427 ἐμόνᾶνδρα
3200 4360 3317 4427 τὴν
3339 4358 3511 4427 ῥίζαν
3552 4360 3621 4412 ἐκ
3653 4360 3771 4412 τῶν
3824 4363 4079 4428 γονέων

2461 4450 2559 4503 ἐπί
2588 4451 2801 4504 πλεῖον
2824 4451 3057 4519 ηὔξησέ
3079 4468 3141 4504 τε
3168 4452 3266 4504 καί
3294 4452 3699 4519 στερεωτέραν
3726 4455 4079 4520 εἰργάσατο

776 4537 841 4574 ac
870 4524 1067 4576 crebris
1106 4526 1455 4581 hortamentis
1489 4535 1841 4587 robustiorem
1872 4537 2018 4603 fecit,
2057 4512 2244 4593 auctor
2271 4542 2356 4594 ni-

2463 4543 2594 4607 ταῖς
2628 4542 2823 4595 αὑτοῦ
2884 4543 3249 4613 είσηγήσεσί
3288 4560 3350 4596 τε
3384 4544 3482 4595 καί
3520 4543 3784 4608 πυκναῖς
3833 4561 4078 4614 παραι-

778 4615 967 4667 mirum
992 4618 1073 4669 illi
1106 4618 1343 4685 eﬂ'ectus,
1374 4633 1429 4673 ut
1460 4624 1528 4675 ad
1560 4628 1776 4679 rerbera
1806 4638 2171 4701 tormentaque
2214 4635 2357 4702 adji-

775 4715 910 4757 ceret
960 4707 1219 4772 animum,
1274 4726 1497 4778 quorum
1556 4716 1798 4783 quotidie
1853 4720 2117 4773 adversus
2148 4735 2358 4779 sanctas

778 4810 940 4849 novus
976 4797 1177 4865 artifex
1200 4810 1336 4866 erat,
1376 4804 1668 4873 taliumque
1705 4811 1753 4861 ei
1782 4810 2047 4864 malarum
2075 4815 2232 4869 miser
2276 4819 2360 4870 in-

773 4901 959 4940 censor
984 4904 1046 4939 ac
1079 4888 1267 4943 doctor
1300 4891 1420 4961 fuit.
1464 4893 1599 4947 Tum
1638 4896 1713 4949 illi
1750 4914 1764 4952 :
1802 4897 2008 4969 Ecquid
2033 4919 2152 4956 vero
2180 4922 2356 4962 causa

770 4989 870 5042 est,
906 4978 1171 5049 Augusta,
1220 4999 1338 5036 cum
1386 4985 1462 5037 sic
1520 4989 1715 5042 sentias
1746 5006 1807 5043 ac
1836 4994 2030 5058 optime
2080 5000 2351 5067 causulas,

769 5072 955 5140 quidve
974 5074 1215 5143 impedit,
1241 5094 1305 5129 ne
1331 5078 1426 5129 hoc
1456 5095 1607 5147 opere
1646 5084 1866 5151 impleas
1920 5087 2157 5159 hancque
2205 5109 2351 5146 com-

771 5179 977 5256 munem
1003 5167 1166 5256 totius
1198 5168 1363 5235 plebis
1386 5170 1629 5225 laetitiam
1662 5174 1957 5247 festamque
1977 5182 2146 5235 lucem
2172 5189 2354 5256 peragi

764 5254 998 5325 iubeas?
1037 5255 1233 5311 Statim
1294 5275 1426 5330 ergo
1497 5266 1767 5321 accersito
1833 5268 1991 5338 bigla:
2052 5254 2352 5345 drungario

769 5346 926 5414 (erat
964 5348 1051 5401 hic
1102 5349 1500 5408 Constantinus
1556 5354 1780 5411 Thoma:
1831 5362 2045 5429 patricii
2104 5380 2346 5434 postmo-

766 5438 1009 5509 dumque
1039 5442 1070 5495 d
1088 5444 1225 5497 romi
1252 5444 1543 5516 logothetze
1565 5451 1753 5521 pater)
1788 5457 2111 5521 patriarchae
2136 5462 2345 5515 denun-

770 5530 867 5583 tiat
897 5531 1080 5601 plures
1105 5535 1345 5605 undique
1374 5538 1522 5613 viros
1550 5542 1747 5610 pietate
1774 5548 2121 5617 spectabiles,
2152 5568 2345 5609 mona-

768 5621 901 5676 chos
952 5625 1082 5678 item
1138 5630 1531 5689 convenientes
1579 5638 2036 5707 supplicationem
2087 5644 2347 5716 Augustis

2460 4635 2735 4699 νέσεσιν,
2771 4638 2858 4697 είς
2892 4636 3166 4702 χαλεπὰς
3202 4636 3403 4699 αίκιάς
3440 4635 3540 4687 καὶ
3590 4636 3918 4703 ,βασάνους
3966 4642 4081 4693 ἑκ-

2456 4726 2754 4794 τραπῆναι
2786 4727 3007 4781 τοῦτον
3056 4727 3340 4793 ποιήσας,
3377 4726 3450 4791 ἇς
3482 4727 3715 4792 ἐκεῖνος
3748 4732 4080 4800 ὁσημέραι

2457 4821 2609 4873 κατὰ
2642 4818 2764 4872 τῶν
2794 4821 2979 4887 ἁγίων
3013 4820 3304 4887 εὕρηκεν,
3368 4820 3659 4887 ἀλείπτης
3712 4837 3776 4873 τε
3808 4828 3913 4875 καὶ
3978 4827 4071 4881 δι.

2458 4911 2768 4977 δάσκαλυς
2821 4910 2941 4964 τῶν
2991 4914 3278 4965 τοιούτων
3318 4912 3520 4965 κακῶν
3554 4916 3585 4966 ὁ
3634 4913 3841 4975 ἅθλιος
3880 4935 4081 4987 rem-

2450 5004 2589 5069 νὼς.
2623 5036 2690 5047 -
2714 5005 2824 5058 Kal
2862 5006 2920 5056 τί
2952 5005 3103 5074 γοῦν
3130 5005 3305 5067 οὕτω,
3334 5005 3657 5069 Δέσποινα,
3687 5010 4081 5074 φρονοῦσάι·

2450 5111 2526 5149 σε
2571 5095 2666 5147 καὶ
2723 5094 3190 5163 βουλευομένην
3236 5097 3309 5149 τὰ
3354 5095 3655 5149 κάλλιστα
3692 5097 3759 5150 τό
3796 5101 4077 5157 κωλῦόν

2450 5185 2646 5249 ἐστιν,
2670 5183 3007 5253 ἁντέφησαν,
3031 5184 3117 5254 μὴ
3142 5184 3239 5238 καί
3268 5188 3356 5250 εἰς
3381 5185 3560 5253 ἔργον
3578 5185 3761 5238 ταῦτα
3778 5187 4075 5257 ἀχθῆναι

2450 5275 2550 5327 καί
2588 5274 2704 5342 τὴν
2735 5274 3054 5341 πάνδημον
3109 5273 3337 5340 ταύτην
3384 5272 3671 5325 κελεῦσαι
3726 5277 3809 5337 εἰς
3857 5276 4079 5345 πέρας

2451 5366 2652 5421 ἐλθεῖν
2673 5367 2895 5434 ἑορτήν
2915 5383 2932 5429 ;
2952 5366 3127 5428 Εὐθὺς
3154 5364 3284 5431 γοῦν
3310 5365 3797 5435 μετακαλεσαμέιη
3825 5368 3929 5419 τὸν
3960 5373 4041 5441 τῆ
4056 5392 4079 5435 ς

2458 5460 2647 5532 βίγλης
2700 5460 3067 5529 δρουγγάριον
3100 5458 3532 5529 (Κωνσταντῖνος
3583 5456 3640 5508 δὲ
3688 5452 3847 5519 οὗτος
3892 5456 4002 5527 ἦν,
4046 5468 4079 5517 ὁ

2454 5553 2549 5607 τοῦ
2580 5551 2874 5623 πατρικίου
2909 5550 3084 5620 Θωμᾶ
3133 5550 3229 5603 καὶ
3259 5548 3398 5619 μετὰ
3425 5548 3602 5603 ταῦτα
3634 5550 3934 5619 γεγονότος
3969 5554 4080 5607 λς..

2456 5648 2680 5717 γοθέτου
2712 5648 2806 5701 τοῦ
2838 5647 3043 5718 δρόμου
3079 5644 3287 5717 πατὴρ)
3311 5644 3462 5717 δηλοῖ
3506 5644 3585 5715 τῷ
3618 5644 3958 5721 πατριάρχῃ
3992 5651 4083 5715 ὡς

2064 5739 2299 5797 νΑιιιιΕ
2330 5743 2733 5800 [κατιοδεε.

837 5820 882 5851 ⁸³
909 5818 1235 5876 ὑποθεῖναιῖ
1272 5824 1343 5879 cf.
1380 5826 1396 5878 Ι
1433 5827 1514 5881 19.
