4158 6442
131 426 216 490 169

986 419 1138 480 LIB.
1175 417 1272 478 ιν.
1314 438 1382 452 -
1422 415 1760 476 MICHAEL
1797 413 2210 473 'I‘IIEUPHILI
2260 413 2536 473 FILIUS.

3249 411 3350 475 170

122 547 187 610 ὡς
214 538 402 604 ἀετὸς,
432 536 492 591 τὸ
520 535 618 604 τῆς
650 532 892 604 Γραφῆς,
942 530 1162 585 πάντων
1191 529 1301 582 τῶν
1332 527 1669 600 αἱρεσιωτὼν

1802 525 2001 578 wbatur
2032 536 2085 575 ut
2117 525 2295 592 aquila
2327 528 2375 589 ιι,
2411 524 2732 594 proscriptis
2768 532 2881 577 toto
2916 532 3182 577 terrarum
3216 524 3348 577 orbe

124 637 167 688 ἐν
180 633 320 702 πάσῃ
353 631 419 699 τῇ
451 628 540 697 ὑφ’
575 625 712 697 ἡλίῳ
745 623 1061 693 καθαιρέσει
1086 620 1501 691 ὑποϐληθέντων
1524 621 1617 671 καὶ
1631 619 1677 651 ⁸⁸

1802 616 1997 668 -unetis
2026 614 2319 676 haereticis,
2351 628 2651 684 eorumque
2674 615 2940 677 antistite,
2971 612 3184 669 Joanne
3206 614 3353 670 scili-

123 724 197 779 τοῦ
233 720 534 792 ἀρχιερέως
567 716 777 770 αὐτῶν·
821 716 1077 783 Ἰωάννης
1119 708 1274 775 οὗτος
1301 708 1387 782 ἦν,
1415 711 1444 762 6
1474 710 1562 764 διὰ
1581 709 1679 779 τὴν

1802 717 1887 771 :et,
1919 708 2005 762 cui
2039 723 2067 760 a
2099 708 2352 762 fidelibus
2383 708 2453 761 ob
2483 721 2637 761 suam
2673 708 3002 776 impietatem
3038 706 3231 762 Januis
3259 721 3355 760 no-

124 814 310 870 οἰκείαν
339 812 592 867 ἀσέϐειαν
633 807 845 876 Ἰαννῆς
877 807 1030 879 παρά
1058 805 1167 858 τῶν
1206 803 1445 857 εὐσεϐῶν
1477 804 1679 871 ὀνομα-

125 909 253 969 σθεὶς
281 907 383 959 οὐκ
411 901 690 974 ὲπηλύτης
713 903 808 954 καὶ
838 898 1010 965 ξένος,
1064 897 1345 969 αὐτόχθων
1373 896 1429 949 δὲ
1453 896 1550 947 καὶ
1581 894 1681 964 τῆς

125 998 375 1069 βασιλίδος
406 994 613 1065 ταύτης
637 991 749 1045 τῶν
775 992 984 1045 πόλεων
1019 989 1311 1060 βλάστημα
1340 987 1600 1058 (φύεσθαι
1624 985 1680 1038 δὲ

126 1092 200 1143 καί
236 1092 293 1141 έν
324 1088 555 1158 ἀμπέλῳ
604 1085 764 1154 βάτον
813 1082 1174 1154 ὴκούσαμεν),
1219 1082 1330 1135 οὐδ’
1364 1080 1423 1144 ἐξ
1466 1080 1683 1148 ἀσήμου

123 1182 271 1243 τινος.
308 1178 445 1233 ἀλλά
481 1178 577 1231 καὶ
604 1176 725 1229 λίαν
767 1174 1026 1242 εὐγενοῦς
1050 1172 1425 1241 καταγόμενος
1475 1172 1681 1241 σειρᾶς,

124 1274 202 1343 τῆς
231 1272 379 1324 οὕτω
412 1270 521 1322 τῶν
554 1267 1040 1340 Μοροχαρζαμῖων
1065 1264 1389 1334 λεγομένης.

180 1362 241 1426 ζ’.
281 1358 449 1423 Οὗτος
470 1361 583 1425 οὖν,
621 1362 708 1413 ἵνα
737 1359 832 1413 καὶ
855 1360 925 1411 τὰ
955 1357 1076 1413 κατ’
1108 1357 1271 1410 αὑτὸν
1295 1358 1327 1426 ὴ
1359 1356 1568 1423 ἱστορία
1595 1354 1689 1424 δην

124 1453 271 1522 iam,
305 1452 408 1519 τῆς
447 1454 612 1521 μονῆς
632 1450 741 1501 τῶν
773 1449 1069 1518 μαρτύρων
1104 1448 1330 1517 Σεργίου
1358 1449 1454 1500 καὶ
1470 1447 1686 1514 Βάκχου

123 1545 202 1613 τῆς
222 1547 282 1596 έν
300 1547 415 1605 τοῖς
452 1543 744 1612 Ὀρμίσδου
769 1541 1122 1610 διακειμένης
1149 1540 1455 1609 ἡγούμενος
1482 1538 1688 1592 ἀνωθεν

126 1639 202 1690 καὶ
224 1636 308 1705 τῷ
341 1635 608 1705 βασιλικῷ
664 1634 850 1703 κλήρῳ
912 1632 1449 1703 καταριθμούμενος,
1499 1630 1687 1698 διαιρε-

127 1728 307 1797 ρόνεως
362 1726 517 1795 παρά
567 1725 788 1793 Μιχαὴλ
839 1726 1095 1794 ηγάπητο
1143 1722 1238 1775 τοῦ
1268 1719 1539 1791 Τραυλοῢ,
1576 1722 1685 1773 εἴτε

128 1817 251 1885 μένῳ
271 1816 455 1884 τούτῳ
482 1814 562 1884 τῷ
595 1813 849 1876 κοινωνὸς
878 1809 1016 1866 εἶναι
1043 1814 1144 1883 τῆς
1170 1813 1363 1866 τούτου
1401 1813 1684 1883 αἱρέσεως,

124 1912 217 1961 εἶτε
238 1909 337 1961 καὶ
364 1907 444 1979 τῷ
472 1907 754 1977 διαφέρειν
786 1908 879 1959 ἐπὶ
909 1906 1186 1976 λογιότητι
1214 1906 1512 1973 δόξαντινά
1538 1908 1694 1975 ἐσχη-

128 2002 241 2065 κώς.
277 2002 433 2072 Πλὴν
482 2001 739 2072 ηγάπητο
803 2000 901 2053 καὶ
940 1998 1036 2053 τοῦ
1082 2000 1340 2068 Θεοφίλου
1378 1998 1695 2061 διδάσκαλος

126 2095 497 2161 ἐγκαθίστατο.
523 2095 635 2148 Καὶ
658 2085 815 2156 οὗτος
837 2092 963 2146 ἐπεὶ
989 2091 1089 2156 τὰς
1108 2095 1207 2165 τῆς
1234 2092 1510 2163 βασιλείας
1537 2091 1697 2160 ἔσχεν

127 2188 283 2254 ἡνίας,
323 2185 622 2254 σύγκελλον
657 2184 756 2255 μὶν
810 2184 1077 2255 πρότερον
1128 2183 1320 2236 τοῦτον
1380 2183 1539 2252 τιμᾷ,
1594 2177 1695 2233 εἷθ’

128 2276 341 2348 ὕστερον
370 2279 466 2333 καὶ
490 2278 836 2349 πατριάρχην
861 2276 1154 2346 καθίστησι
1179 2274 1697 2328 Κωνσταντινουπό·

127 2368 265 2433 λεως,
328 2368 676 2438 προγνώσεις
736 2369 890 2430 τινας
944 2366 1034 2421 διά
1090 2366 1550 2436 λεκανομαντείας
1602 2364 1699 2418 καὶ

126 2458 371 2529 γοητείας
393 2458 546 2525 αὑτῷ
570 2457 1008 2526 ἀπαγγέλλοντα.
1043 2457 1149 2510 Καὶ
1179 2458 1212 2527 ή
1244 2455 1469 2525 γοητεία
1510 2455 1697 2508 τοιαύ-

125 2568 205 2620 τη·
237 2551 472 2614 Ἐθνους
492 2549 623 2603 ποτὲ
651 2550 830 2617 τρισὶν
857 2549 1193 2621 ὑφ’ήγεμόσι
1222 2548 1700 2620 στρατηγουμένου

130 2642 351 2696 ἀπίστου
386 2660 447 2695 τε
478 2644 572 2695 καὶ
601 2642 842 2714 σκληροῦ
893 2644 991 2714 τὴν
1020 2642 1133 2696 τῶν
1188 2641 1479 2711 Ῥωμαίων
1515 2642 1702 2711 χώραν

128 2734 556 2805 κατατρέχοντός
576 2751 636 2786 τε
664 2736 757 2787 καὶ
778 2732 1267 2804 καταληῖζομένου,
1298 2734 1413 2799 καὶ,
1435 2735 1510 2795 ὡς
1532 2734 1700 2796 εἰκὸς,

127 2824 460 2892 ἀθυμοῦντος
486 2824 580 2876 tu).
600 2825 781 2894 τούτῳ
811 2823 908 2877 τοῦ
928 2824 1191 2893 Θεοφίλου
1228 2830 1321 2878 καὶ
1342 2824 1438 2878 τοῦ
1458 2824 1700 2894 ὑπηκόου

127 2916 337 2979 παντὸς,
376 2915 855 2979 ἀποσκευάζεσθαί
885 2933 989 2969 που
1004 2916 1104 2987 τὴν
1127 2915 1367 2984 ἀθυμίαν
1387 2910 1539 2977 οὗτος
1566 2932 1703 2985 συμ-

126 3006 368 3060 ϐουλεύει.
398 3007 496 3060 καὶ
521 3007 758 3077 θάρῤους
790 3007 1149 3077 πληρωθῆναι
1165 3023 1223 3059 τε
1245 3007 1339 3059 καὶ
1366 3008 1562 3078 χαρᾶς,
1591 3009 1703 3075 είγε

128 3100 275 3165 μόνον
302 3102 377 3169 τῇ
406 3097 607 3151 τούτου
636 3099 1034 3170 έπακολουθοίη
1068 3099 1153 3171 [Ρ.
1185 3100 1276 3172 97]
1325 3100 1508 3171 βουλῇ.
1558 3102 1623 3153 Ἦ
1649 3101 1703 3153 δὲ

1785 815 1907 853 men
1954 798 2183 852 inditum
2228 810 2330 855 est.
2370 797 2497 854 Fuit
2544 813 2674 852 vero
2716 799 2804 852 ille
2850 815 2954 852 non
2997 800 3206 853 advena
3262 810 3357 851 aut

1786 890 2078 952 barbarus,
2113 890 2208 944 sed
2245 891 2497 960 indigena
2552 890 2782 960 ipsaque
2811 898 2967 943 ortus
2998 891 3132 946 urbe
3184 889 3355 960 regia.

1785 982 1920 1037 Nam
1953 991 2007 1035 et
2039 998 2103 1035 ex
2133 984 2238 1036 vite
2270 985 2465 1037 rubum
2507 982 2694 1037 enasci
2740 982 2990 1036 auditum
3020 992 3123 1037 est.
3152 982 3221 1036 At
3261 996 3361 1038 ne—

1785 1091 1891 1145 que
1920 1075 2155 1128 obseura
2191 1085 2345 1129 satus
2373 1076 2647 1143 prosapia,
2670 1074 2762 1128 sed
2795 1074 2949 1127 valde
2974 1074 3162 1138 nobili,
3189 1074 3361 1143 stirpe

1787 1167 1999 1223 scilicet
2024 1182 2189 1237 quam
2232 1165 2824 1221 Moroeharzamiorum
2856 1175 3075 1220 vocant.

1861 1343 1912 1398 7.
1950 1341 2049 1398 llic
2098 1360 2252 1412 ergo,
2283 1355 2340 1398 ut
2389 1345 2505 1413 ejus
2559 1360 2646 1398 res
2693 1346 2894 1415 scripto
2952 1345 3363 1409 consignemus,

1789 1438 2105 1491 monasterii
2139 1449 2456 1492 sanctorum
2489 1447 2789 1507 martyrum
2836 1436 3010 1506 Sergii
3042 1447 3096 1493 et
3140 1436 3363 1500 Bacchi,

1790 1531 1933 1600 quod
1963 1531 2029 1585 ad
2061 1528 2363 1585 Hormisdae
2391 1531 2536 1585 ades
2566 1531 2731 1585 situm
2763 1539 2871 1591 est,
2919 1532 3051 1584 olim
3101 1532 3367 1600 praeposi-

1793 1633 1884 1678 tus
1911 1639 1974 1678 ac
2000 1624 2245 1692 palatino
2272 1623 2550 1693 ascriptus
2588 1624 2757 1685 clero,
2788 1623 3037 1677 Michaeli
3068 1622 3235 1677 Balbo
3269 1624 3370 1677 im-

1792 1716 2030 1784 peratori
2064 1716 2424 1775 charissimus
2457 1716 2578 1780 fuit,
2615 1716 2731 1769 sive
2770 1731 2835 1768 eo
2887 1716 3064 1769 solum
3124 1715 3368 1780 nomine,

1793 1808 1939 1875 quod
1980 1806 2205 1860 haeresis
2230 1807 2303 1859 illi
2337 1809 2521 1863 socius
2550 1818 2689 1871 crat,
2718 1808 2833 1861 sive
2873 1808 3018 1876 quod
3050 1808 3369 1862 excellentis

1796 1896 2125 1951 eruditionis
2152 1896 2258 1951 sibi
2292 1912 2488 1950 nomen
2516 1899 2809 1965 quaesierat
2845 1898 3043 1966 illaque
3077 1899 3195 1967 t-jus
3224 1898 3368 1953 fama

1799 1990 2199 2057 percrebuerat.
2234 1987 2391 2061 155
2442 1990 2573 2044 Utut
2626 1991 2717 2053 sit,
2756 1992 2831 2045 illi
2858 1993 3217 2047 ebarissimus
3246 1992 3369 2057 fuit,

1798 2098 1863 2136 ac
1899 2082 2187 2153 Theophili
2245 2094 2543 2153 praeceptor
2603 2085 2975 2138 Constituitur.
3035 2084 3373 2154 Theophilus

1800 2188 1928 2227 vero
1951 2185 2207 2242 suscepto
2231 2175 2461 2243 imperio
2493 2175 2728 2243 primum
2760 2191 2882 2228 eum
2934 2176 3159 2243 syneelli
3192 2176 3375 2246 digni-

1802 2272 1912 2316 tate
1960 2272 2157 2326 ornat;
2195 2270 2307 2316 tum
2340 2264 2536 2317 deinde
2591 2266 2961 2334 patriarcbam
3024 2266 3372 2335 Cpolitanum

1802 2354 2050 2420 praalieit,
2084 2368 2208 2407 cum
2263 2353 2309 2408 is
2345 2354 2423 2408 illi
2456 2354 2791 2409 divinatione
2843 2373 2907 2411 ex
2948 2359 3087 2424 pelvi
3125 2368 3279 2414 vates
3313 2374 3379 2414 ac

1803 2445 2093 2514 praestigiis
2122 2446 2374 2515 quaedam
2402 2457 2700 2518 auguratus
2734 2458 2900 2503 esset.
2928 2449 3054 2503 Fuit
3083 2460 3266 2505 autem
3296 2451 3380 2505 di-

1804 2539 2011 2591 vinatio
2038 2539 2303 2606 ejusmodi
2332 2558 2345 2595 :
2374 2538 2519 2594 Geus
2547 2542 2796 2611 quaedam
2843 2543 3080 2600 infidelis
3126 2560 3381 2613 saevaque

1806 2631 1980 2684 tribus
2011 2631 2331 2686 ductoribus
2367 2631 2626 2687 flcnuaua:
2659 2635 2883 2688 ditionis
2927 2645 3099 2690 terras
3152 2636 3381 2706 locaque

1804 2722 2142 2786 incursabat,
2187 2740 2365 2793 exque
2407 2741 2468 2777 ea
2527 2726 2735 2793 praedas
2766 2728 2958 2795 agebat
2986 2745 2998 2788 ;
3030 2744 3151 2797 qua:
3181 2744 3290 2790 res,
3323 2739 3384 2783 ut

1806 2832 1903 2885 par
1931 2824 2037 2878 est,
2063 2816 2346 2886 Theophili
2382 2819 2627 2871 animum
2660 2820 3016 2888 omniumque
3036 2821 3382 2877 subditorum

1808 2919 2030 2961 Incestus
2096 2911 2399 2979 anxiosque
2453 2911 2705 2964 habebat.
2756 2911 2959 2968 Janues
3011 2915 3238 2970 dimissa
3292 2917 3384 2973 illa

1809 3000 1973 3053 animi
2009 3000 2334 3069 aegritudine
2361 3003 2568 3073 Optime
2601 3007 2664 3057 de
2695 3006 2861 3059 rebus
2894 3021 3116 3075 sperare
3156 3024 3223 3063 ac
3250 3025 3384 3079 gau-

1808 3092 2138 3161 derejttbet,
2182 3093 2227 3147 si
2258 3094 2421 3147 modo
2467 3095 2615 3149 illius
2645 3097 2893 3151 consiliis
2930 3113 3120 3166 parere
3166 3102 3219 3153 in
3267 3103 3387 3154 aui-

124 3187 184 3259 ἦν
212 3193 445 3262 τοιαύτη
471 3209 487 3223 ·
537 3193 628 3245 Ἐν
658 3196 773 3257 τοῖς
808 3195 887 3256 είς
920 3194 1011 3247 τὸν
1045 3194 1269 3264 εὔριπον
1299 3193 1393 3246 τοῦ
1443 3196 1696 3262 ἱπποδρο-

1811 3198 1960 3236 mutn
2000 3183 2335 3238 induxeriut.
2363 3184 2666 3239 Consilium
2706 3188 2810 3243 tale
2850 3199 3008 3243 erat:
3040 3188 3184 3244 Inter
3215 3208 3387 3247 aereas

126 3286 239 3351 μὶου
264 3285 587 3354 ἱδρυμένοις
622 3287 846 3354 χαλκοῖς
874 3286 1158 3353 ἀνδριᾶσιν
1187 3285 1402 3353 ἐλέγετό
1435 3303 1517 3347 τις
1564 3282 1704 3338 εἶναι

121 3376 339 3445 ἀνδριὰς
377 3377 533 3447 τρισὶ
577 3375 1049 3446 διαμορφούμενος
1106 3377 1392 3445 κεφαλαῖς,
1453 3377 1517 3439 ἀς
1566 3377 1708 3431 κατά

121 3482 232 3518 τινα
277 3468 632 3537 στοιχείωσιν
690 3468 825 3537 πρὸς
868 3469 994 3530 τοὺς
1039 3468 1134 3521 τοῦ
1192 3468 1379 3531 ἔθνους
1430 3471 1708 3541 ἀρχηγοὺς

119 3558 341 3627 ἀνῆγεν.
396 3559 623 3629 Σφύρας
674 3554 767 3611 οὖν
812 3559 1075 3629 μεγίστας
1127 3560 1353 3630 σιδηρᾶς
1387 3562 1709 3631 ίσαρίθμους

1809 3286 2019 3330 statuas
2052 3276 2103 3329 in
2134 3276 2263 3330 cirri
2297 3278 2502 3344 Euripo
2531 3288 2741 3334 erectas
2774 3291 2952 3336 Statua
2988 3285 3235 3353 quadam
3287 3288 3386 3340 tri-

1810 3383 1935 3436 reps
1956 3378 2173 3423 exstare
2207 3369 2500 3423 ferebatur.
2539 3372 2661 3426 Haec
2694 3373 2780 3427 ille
2811 3377 2987 3442 capita
3018 3392 3115 3430 sua
3148 3377 3386 3447 quadam

1811 3462 2100 3515 devmionc
2145 3472 2198 3516 et
2253 3466 2667 3519 consecratione
2723 3467 2775 3519 iu
2817 3469 2989 3534 gentis
3046 3468 3187 3524 illius
3221 3472 3390 3526 duces

1815 3555 2001 3611 refert.
2040 3554 2174 3610 Tres
2200 3572 2329 3625 ergo
2388 3558 2622 3625 ingentis
2654 3559 2815 3612 molis
2848 3559 3101 3616 fabricari
3156 3563 3386 3619 malleos

116 3654 227 3711 ταῖς
254 3649 540 3717 κεφαλαῖς
588 3649 924 3719 προσέταττε
967 3650 1243 3719 γενέσθαι,
1303 3652 1398 3705 καὶ
1452 3652 1702 3723 ἀνδράσιν

1808 3648 1979 3718 jubet,
2002 3647 2335 3717 totidemque
2362 3648 2763 3703 robustissimis
2796 3649 2924 3704 viris
2955 3651 3113 3704 tradi.
3140 3650 3387 3717 Quadam

114 3740 536 3811 ἐγχειρισθῆναι
566 3740 734 3801 αὑτὰς
766 3742 966 3803 τρισὶν,
1013 3741 1329 3810 ἐπιχειρῶν
1364 3742 1702 3810 γενναιότητι

1814 3758 1944 3796 vero
1976 3742 2151 3796 noctis
2180 3742 2312 3795 hora
2357 3743 2503 3795 viros
2535 3742 2655 3794 illos
2685 3743 2750 3796 ad
2783 3758 2901 3797 eam
2951 3755 3187 3798 statuam
3220 3760 3389 3815 prope

114 3829 524 3901 διαφέροντας*
572 3828 714 3881 κατὰ
738 3828 795 3881 δέ
834 3845 958 3881 τινα
999 3828 1149 3899 ὥραν
1203 3829 1520 3900 νυκτερινὴν
1572 3830 1702 3899 πρὸς

1812 3848 1872 3888 se
1904 3842 2111 3888 stantes
2143 3833 2477 3900 malleosque
2513 3837 2577 3887 ad
2611 3834 2780 3888 ictum
2814 3836 3075 3889 sublimes
3116 3846 3388 3899 tenentes,

111 3921 193 3972 τεῒν
224 3923 543 3991 εἰρημένον
564 3920 855 3989 ἀνδριάντα
890 3919 1114 3989 πλησίον
1140 3921 1370 3983 στάντας
1399 3920 1586 3983 αὑτοῦ,
1618 3923 1702 3975 καὶ

1813 3939 1938 3978 cum
1969 3924 2084 3993 ipse
2115 3924 2472 3977 mandaverit.
2507 3939 2721 3977 summa
2752 3924 2802 3977 vi
2831 3925 3007 3993 capita
3057 3924 3221 3979 ferire
3252 3940 3392 3994 prte-

109 4011 203 4076 τὰς
236 4013 477 4083 σφύρας
510 4012 604 4065 ἐπὶ
638 4013 827 4082 χεῖρας
874 4014 932 4065 ὲν
966 4010 1225 4082 μετεώρῳ
1257 4013 1499 4081 ἔχοντας,
1552 4014 1713 4081 ἡνίκα

108 4104 316 4169 τούτοις
340 4104 675 4157 κελεύσειεν
713 4104 781 4169 ⁸⁸,
814 4104 930 4174 μεθ’
962 4104 1403 4177 ὑπερϐαλλούσης
1431 4106 1714 4177 δυνάμεως

108 4198 236 4271 ἐμοῦ
260 4201 495 4262 ταύτας
530 4200 905 4267 κατενεγκεῖν,
939 4197 1015 4261 ὡς
1039 4199 1096 4266 ἐξ
1134 4199 1253 4261 ένὸς
1290 4199 1631 4268 κρούσματός
1652 4216 1713 4251 τε

110 4295 190 4344 καί
219 4292 503 4363 πλήξεως
522 4292 620 4353 τὰς
652 4289 909 4353 τοιαύτας
944 4293 1239 4360 ἀποτεμεῖν
1266 4291 1527 4359 κεφαλάς.
1573 4290 1711 4345 Τού-

107 4399 208 4447 τοις
228 4388 354 4448 τοῖς
382 4384 584 4451 λόγοις
625 4381 951 4452 εὐφρανθείς
983 4399 1042 4438 τε
1077 4383 1193 4452 ἅμα
1224 4383 1320 4436 καὶ
1350 4382 1648 4449 ἐκπλαγεὶς
1686 4384 1714 4436 6

105 4476 367 4544 Θεόφιλος
443 4473 711 4527 ἐκέλευσε
758 4473 819 4525 τὸ
879 4471 1040 4544 ἔργον
1102 4474 1424 4540 ἐπαγαγεῖν.
1492 4473 1580 4536 Ὠς
1622 4470 1714 4528 οὖν

1814 4016 1967 4084 cipit,
2009 4030 2228 4085 unoque
2266 4015 2415 4069 velut
2454 4018 2563 4070 ictu
2614 4031 2677 4069 ac
2709 4030 2906 4070 conatu
2937 4033 2998 4070 ea
3047 4019 3389 4073 exscindere.

1817 4106 2115 4161 Recreatus
2175 4105 2358 4160 verbis
2420 4104 2778 4177 Tbeophilus,
2835 4108 3108 4176 simulque
3167 4120 3392 4177 Stupore

1815 4199 2062 4263 affectus,
2103 4215 2214 4254 rem
2251 4201 2475 4268 exsequi
2502 4200 2677 4269 jubet.
2714 4200 2950 4256 Veniunt
2980 4201 3165 4270 itaque
3191 4204 3389 4256 intem-

1815 4301 1970 4364 pesta
2002 4292 2114 4362 jam
2153 4300 2315 4347 nocte
2351 4293 2449 4346 viri
2488 4293 2711 4362 quidam
2760 4293 2921 4363 156
2949 4294 3174 4349 malleos
3206 4292 3391 4349 feren-

1818 4395 1936 4440 tes:
1969 4383 2206 4439 Joannes
2234 4400 2363 4438 vero
2412 4385 2532 4439 laici
2583 4384 2768 4439 babitu
2816 4401 2937 4441 sese
2966 4386 3296 4451 occultabat,
3327 4402 3395 4442 ne

1819 4486 2260 4549 cognosceretur.
2294 4477 2432 4532 Tum
2469 4478 2558 4534 ille
2596 4480 2808 4549 magico
2844 4480 3087 4534 carmine
3138 4480 3390 4540 recitato.

105 4566 366 4635 παρῆσαν
408 4564 619 4635 στόρρω
662 4562 726 4633 δὴ
773 4561 882 4614 τῶν
918 4561 1128 4615 νυκτῶν
1159 4563 1209 4614 oi
1239 4562 1340 4633 μὲν
1386 4563 1581 4634 ἄνδρες
1615 4564 1702 4630 τὰς

1818 4548 1991 4639 eaQue
2022 4569 2336 4624 fortitudine
2360 4585 2480 4639 qua:
2527 4571 2578 4624 in
2632 4548 2863 4624 ducibus
2892 4580 3009 4625 erat
3039 4570 3093 4623 in
3152 4580 3388 4624 statuam

106 4657 316 4727 σφύρας
352 4654 724 4724 κατέχοντες,
749 4656 778 4707 6
802 4655 860 4707 δὲ
874 4656 1127 4725 Ἰωάννης
1150 4655 1239 4708 διὰ
1263 4656 1454 4710 λαῖκοῦ
1481 4658 1702 4728 ἐνδύμα-

1822 4661 2103 4723 translata,
2140 4675 2235 4715 seu
2270 4660 2474 4729 potius,
2504 4675 2627 4731 qute
2678 4660 2729 4714 in
2765 4670 2941 4714 statua
2974 4676 3038 4713 ex
3086 4662 3390 4731 superiori-

101 4762 182 4808 τος
209 4748 429 4800 tame
491 4744 908 4816 περικρύπτων,
939 4744 1016 4808 ὡς
1072 4744 1139 4799 ἂν
1173 4745 1248 4815 μὴ
1283 4747 1585 4818 κατάδηλος
1623 4749 1702 4816 γέ·

1818 4752 1921 4807 bus
1981 4752 2288 4806 daemonum
2352 4752 2788 4807 invocationibus
2851 4752 3129 4817 hauebat,
3183 4753 3393 4823 dejecta

100 4852 277 4907 νηται,
338 4834 492 4892 καθ’
526 4836 722 4888 ἑαυτὸν
758 4837 787 4888 6
824 4835 1075 4906 Ἰωάννης
1125 4839 1253 4903 τοὺς
1281 4842 1702 4910 στοιχειωτικοὺς

1818 4843 2227 4912 destructaque,
2263 4844 2410 4898 viros
2451 4845 2599 4897 omni
2631 4853 2829 4898 conatu
2864 4853 3057 4898 statua:
3101 4846 3278 4917 capita
3312 4848 3393 4903 fe-

100 4933 287 5000 λόγως
318 4928 609 4988 ὑπειπὼν
637 4928 730 4983 καὶ
760 4929 859 5001 τὴν
888 4930 1113 4985 ἐνοῦσαν
1153 4935 1266 4995 τοῖς
1303 4933 1527 5004 ἄρχουσι
1556 4933 1702 4989 δύνα-

1819 4934 1930 4989 rire
1971 4935 2224 5004 imperat.
2259 4934 2464 4990 Horum
2502 4936 2613 4991 hiui
2653 4936 3006 4991 validissimis
3044 4936 3239 4993 ictibus
3283 4940 3393 4994 duo

102 5042 185 5092 μιν
214 5028 298 5089 είς
330 5024 441 5079 τὸν
474 5021 783 5093 ἀνδριάντα
818 5022 1163 5092 μεταγαγὼν,
1201 5025 1234 5096 ἢ
1263 5026 1462 5095 μᾶλλον
1493 5026 1593 5098 τὴν
1617 5026 1702 5082 οὖ-

1817 5039 2009 5086 statute
2038 5030 2216 5099 capita
2240 5030 2600 5086 decusserunt
2626 5049 2638 5085 :
2675 5030 2869 5086 tertius
2895 5031 3175 5100 aliquanto
3203 5034 3395 5087 remis-

100 5135 187 5172 σαν
216 5120 527 5189 πρότερον
557 5118 619 5170 ιν
647 5115 725 5187 τῷ
747 5116 1021 5188 ἀνδριάντι
1051 5119 1375 5175 καταϐαλὼν
1398 5122 1461 5175 ὲκ
1487 5125 1586 5191 τῆς
1603 5121 1702 5176 τῶν

1819 5123 1934 5179 sius
1966 5122 2165 5177 feriens
2206 5122 2450 5179 nonnihil
2482 5123 2571 5178 ille
2599 5125 2816 5194 quidem
2850 5123 3136 5191 depressit,
3172 5139 3279 5178 non
3311 5132 3393 5179 ta-

98 5212 603 5285 mxsméwwv
624 5209 929 5279 δυνάμεως,
963 5212 1147 5266 παίειν
1176 5212 1407 5267 ἔκαστον
1441 5215 1702 5285 προστάτ-

1818 5229 1941 5269 men
1984 5214 2146 5269 etiam
2195 5223 2368 5270 totum
2418 5231 2449 5271 a
2481 5230 2710 5282 corpore
2754 5222 2917 5284 caput
2950 5214 3202 5270 abscidit.
3234 5213 3390 5270 Haud

96 5321 169 5358 ut
200 5304 505 5368 νεανικῶς
540 5319 605 5357 τε
635 5306 729 5356 καὶ
758 5305 1011 5374 ἰσχυρῶς.
1054 5306 1168 5360 Καὶ
1210 5307 1258 5359 οί
1299 5307 1400 5378 μὲν
1426 5308 1520 5362 δύο
1559 5310 1702 5380 ίσχυ-

1818 5307 1931 5362 fere
1958 5306 2115 5361 aliter
2141 5322 2266 5363 eum
2298 5307 2477 5378 gentis
2506 5307 2737 5363 ducibus
2764 5314 2945 5362 actum
2970 5305 3217 5363 est.0rta
3240 5307 3389 5363 enim

98 5401 351 5468 ροτὼιαις
420 5396 787 5469 χρησάμενοι
847 5401 1186 5469 καταφοραῖς
1212 5400 1310 5464 τάς
1348 5400 1443 5455 δύο
1489 5400 1582 5455 τοῦ
1612 5403 1702 5454 ἀν-

1822 5405 1960 5457 inter
2010 5417 2106 5457 eos
2140 5401 2292 5472 gravi
2324 5399 2750 5462 concertatione.
2799 5412 2923 5454 cum
2961 5398 3050 5452 illa
3084 5398 3139 5452 in
3186 5396 3388 5454 bellum

95 5492 337 5563 ὄριάντσς
361 5489 646 5563 κεφαλὰς
674 5489 958 5559 ἀπέκοψαν
978 5508 991 5521 ·
1021 5494 1051 5544 6
1097 5492 1141 5545 δ’
1169 5491 1354 5562 ἔτερος
1390 5493 1702 5565 μαλακώτε-

1818 5497 1977 5549 civile
2001 5495 2287 5560 evasisset,
2328 5495 2526 5550 ducum
2563 5508 2707 5549 unus
2733 5501 2788 5549 et
2813 5492 2951 5548 alter
2978 5493 3078 5548 sub
3110 5492 3274 5548 tertio
3299 5505 3392 5547 ca-

156 5671 363 5730 hPsal.
403 5686 524 5734 cu,
568 5667 625 5722 5.

1411 5763 1646 5820 ῨᾹΠΙᾸΞ
1682 5764 2081 5822 LECTlhlVES.

156 5864 199 5896 η
222 5860 345 5937 καὶ]
384 5857 555 5931 μετὰ
584 5854 609 5907 τ
680 5855 726 5887 ⁸⁸
755 5854 1069 5909 κελεύσαιεν
1094 5857 1154 5912 Γ.

323 5959 649 6018 Parnm"
699 5950 810 6009 (ia.
867 5949 1026 6011 CIX.

3043 5960 3082 6013 ϋ
