4158 6442
805 405 898 474 Πί

1887 398 2394 461 ΤΗΕῡΡΗΑΝΕΞ
2424 397 2989 459 (ΖΟΝἸΊΝΗΑἸἨΞ.
3953 400 4045 462 ίΤΞ

798 521 927 590 pilis
957 518 1294 571 alisci~sinne
1328 514 1549 575 cadunt,
1598 526 1706 564 uno
1738 510 2003 564 duntaxat
2050 508 2364 578 superstite,

2476 523 2570 576 ρον
2617 508 2848 578 ποιήσας
2878 507 2974 577 τὴν
3001 505 3213 577 πληγὴν
3245 508 3440 577 μικρὸν
3494 508 3591 576 μὲν
3626 509 3967 576 κατέκλινεν,
3989 516 4046 565 οὔ

799 612 889 664 sed
941 624 1045 662 non
1084 608 1238 676 plene
1290 618 1447 659 sano.
1483 602 1573 656 Sic
1609 603 1787 673 gentis
1818 602 1980 654 rclius
2031 601 2081 653 in
2133 597 2360 651 nihilum

800 700 1050 760 redactis,
1094 695 1159 747 ad
1185 708 1315 748 suas
1341 706 1530 746 rursus
1562 694 1719 746 sedes
1756 692 1896 759 turpi
1946 689 2068 757 fuga
2104 702 2168 741 ac
2211 686 2363 740 clade

800 789 956 843 redit.
989 788 1067 842 Ae
1092 786 1312 854 quidem
1343 784 1613 854 ejusmodi
1644 782 1836 836 Jannis
1874 780 2181 849 praestigite.

2476 597 2580 666 μὴν
2627 598 2722 649 καὶ
2754 599 2883 667 ὅλην
2917 598 3010 651 τοῦ
3053 599 3306 667 σώματος
3339 599 3613 668 ἀπέτεμεν
3652 600 3749 670 τὴν
3780 601 4044 669 κεφαλήν.

2472 687 2695 750 Τούτοις
2744 686 2838 743 οὖν
2869 692 2962 743 καὶ
3012 689 3081 743 τὰ
3132 692 3273 742 κατὰ
3303 690 3428 753 τους
3459 693 3500 723 ⁶¹
3538 694 3813 762 ἡγεμόνας
3847 695 4049 762 ἐπηκο-

2469 778 2666 833 λούθει.
2709 781 2922 849 Ἔριδος
2957 781 3065 853 γάρ
3112 798 3259 843 τινος
3304 785 3571 852 κραταιᾶς
3617 784 4048 853 ἐπεισπεσούσης

797 887 978 946 αὐτοῖς
1002 884 1094 937 καὶ
1127 882 1389 952 ἐμφυλίου
1424 880 1625 952 μάχης,
1649 878 1754 931 ὑπὸ
1782 877 1874 929 τοῦ
1911 876 2027 939 ἑνὸς
2058 876 2108 925 oi
2136 875 2230 927 δύο
2254 874 2359 927 τῶν
2399 876 2683 944 ἡγεμόνιον
2721 875 2978 929 πίπτουσι
3014 876 3155 929 κατὰ
3181 876 3279 945 τὴν
3306 876 3561 944 κεφαλῶν
3627 878 3893 948 ἐκτομὴν,
3956 879 4047 930 τοῦ

797 996 821 1029 τ
831 978 979 1048 ρίτου
1006 978 1167 1047 μόνου
1197 975 1551 1035 διασωθέντος
1587 973 1706 1043 μὲν,
1755 972 1853 1041 οὐχ
1880 972 2049 1039 ὑγιῶς
2110 971 2184 1025 δέ.
2252 970 2437 1032 Οὕτως
2476 972 2556 1034 είς
2586 972 2650 1025 τδ
2687 970 2854 1041 μηδὲν
2882 968 3103 1025 εἶναιτὸ
3135 971 3283 1033 ἔθνος
3306 973 3564 1042 χωρῆσαν
3604 974 3739 1043 πρὸς
3782 974 3851 1025 τὰ
3878 976 4050 1025 οἰκεῖα

796 1066 949 1131 αὖθις
981 1068 1118 1135 μετὰ
1147 1070 1323 1136 φυγῆς
1346 1066 1583 1135 ἀφώρμα
1618 1066 1712 1117 καὶ
1741 1066 2045 1135 συμφορᾶς.
2094 1062 2251 1115 Ἀλλὰ
2296 1063 2366 1115 τὰ
2406 1063 2505 1134 μὲν
2532 1065 2632 1133 τῆς
2665 1065 2919 1135 γοητείας
2942 1064 3133 1129 οὕτως.

869 1164 923 1219 8.
960 1163 1095 1217 lluic
1128 1180 1210 1232 poi
1226 1178 1286 1216 ro
1316 1161 1699 1231 praestigiatori
1741 1160 1909 1213 frater
1950 1158 2189 1213 carnalis
2224 1167 2364 1220 erat.

802 1255 1105 1309 Arsabcrus
1159 1252 1397 1316 nomine,
1434 1254 1650 1319 patricii
1703 1251 1964 1303 honorem
2000 1266 2028 1302 a
2064 1248 2368 1318 Theophilo

801 1354 1144 1399 consecutus.
1181 1343 1313 1396 lluic
1347 1343 1721 1397 suhurhauum
1753 1344 1817 1393 ad
1860 1341 2052 1394 Euxini
2085 1341 2365 1396 sinistram

802 1437 1062 1507 rttavigali
1106 1447 1339 1505 partem,
1371 1437 1438 1489 ad
1490 1434 1663 1490 sancti
1714 1433 1913 1489 Phoca:
1946 1437 2364 1496 monasterium,

802 1531 1041 1584 eililieiis
1080 1529 1334 1582 maximis
1358 1543 1421 1579 ac
1448 1526 1765 1595 splendidis,
1797 1526 2120 1596 porticibus,
2157 1526 2367 1579 balneis

798 1639 857 1675 ac
888 1631 1147 1691 prseterea
1183 1619 1437 1674 cisternis
1488 1621 1815 1672 instructum
1870 1619 1991 1671 fuit.
2028 1616 2144 1670 lllic
2170 1617 2366 1670 crebro

800 1718 1019 1769 solitum
1051 1714 1312 1769 dirersari
1352 1714 1714 1780 patriareham
1741 1715 2156 1765 subterraneum
2190 1709 2366 1778 quod-

798 1809 918 1861 dam
948 1807 1306 1868 domicilium,
1340 1804 1731 1872 Trophoniauo
1764 1804 1905 1857 haud
1939 1803 2210 1863 absimile,
2240 1816 2364 1854 con-

2542 1166 2614 1230 η’.
2652 1161 2741 1230 Τῷ
2765 1161 2820 1213 δὲ
2850 1160 3004 1230 γόητι
3032 1159 3207 1232 τούτῳ
3221 1160 3448 1229 ἁδελφὸς
3475 1156 3543 1231 ἦν
3568 1160 3853 1230 σαρκικδς,
3877 1161 4050 1229 ὄνομα

2484 1250 2781 1323 Ἀρσαδὴρ⁹
2809 1252 2907 1322 τὴν
2929 1252 3098 1323 τύχην
3124 1254 3415 1323 πατρίκιος
3436 1254 3584 1322 παρὰ
3605 1253 3863 1319 Θεοφίλου
3887 1269 4052 1320 τιμη-

2472 1341 2605 1404 θείς.
2641 1343 2829 1411 Τούτῳ
2854 1343 2983 1411 γοῦν
3020 1346 3339 1414 προάστειον
3374 1344 3511 1397 κατὰ
3538 1344 3600 1397 τὸ
3637 1343 3919 1413 εὐώνυμον
3954 1344 4053 1412 μέ-

2475 1450 2567 1503 ρος
2590 1433 2684 1486 τοῦ
2709 1433 3075 1501 ἐκπλεομένου
3108 1435 3358 1501 Εὐξείνου
3381 1439 3439 1489 ἐν
3471 1440 3534 1506 τῇ
3573 1438 3707 1507 μονῇ
3736 1436 3829 1488 τού
3866 1438 4051 1505 Ἀγίου

2472 1528 2636 1580 {Naxi
2663 1529 2895 1599 προσῆν,
2924 1530 3213 1599 οἰκοδομὰς
3247 1529 3513 1599 μεγίστας
3551 1532 3673 1599 ἔχον
3700 1531 3794 1582 καὶ
3817 1530 4052 1582 πολυτε-

2473 1615 2584 1679 λεῖς
2624 1620 2786 1681 στοάς
2816 1635 2875 1671 τε
2904 1619 3000 1671 καὶ
3053 1620 3331 1689 βαλανεῖον
3366 1619 3622 1688 καὶπρὸς
3648 1621 3859 1682 τούτοις
3894 1619 4053 1684 δεξα-

2476 1709 2662 1778 μενάς.
2702 1711 2909 1767 Ἑκεῖσε
2940 1713 3004 1782 δὴ
3028 1714 3055 1765 ὁ
3090 1716 3439 1784 πατριάρχης
3489 1714 3689 1781 συχνὰς
3716 1713 3891 1765 ποιῶν
3913 1731 4053 1765 κατ-

2471 1803 2697 1870 αγωγὰς
2714 1803 2938 1872 λέγεται
2952 1822 3005 1857 τι
3032 1805 3282 1874 ὑπόγειον
3307 1807 3717 1859 κατασκευάσαι
3731 1805 4055 1875 ἐνδιαίτημα

797 1898 1065 1950 struxisse
1095 1896 1294 1951 ferunt.
1328 1895 1485 1965 157
1528 1896 1583 1949 In
1618 1895 1737 1964 ejus
1770 1895 1980 1963 postico
2010 1895 2063 1947 iu
2105 1908 2358 1963 promptu

2470 1894 2571 1945 τῶν
2601 1894 2917 1965 Τροφωνίου
2949 1898 3271 1967 παρόμοιον,
3303 1897 3528 1950 δπισθεν
3548 1898 3602 1949 δὲ
3631 1898 3732 1967 τῆς
3756 1898 4054 1964 ἀνοιγομέ-

796 1990 941 2042 fures
997 1998 1169 2053 erant,
1201 1987 1389 2041 multis
1443 1987 1568 2040 inde
1626 1985 1886 2055 gradibus
1938 1984 2364 2038 intromittentcs

797 2099 889 2135 ens
930 2082 1023 2150 qui
1058 2081 1205 2134 intus
1254 2088 1539 2149 penetrare
1570 2078 1785 2131 vellent.
1822 2076 1945 2129 llaec
1979 2076 2167 2144 itaque
2218 2073 2365 2126 illius

797 2171 1030 2229 nefanda
1064 2171 1300 2225 ollicina.
1331 2169 1447 2223 Illic
1472 2168 1635 2223 modo
1664 2168 1731 2222 ad
1763 2167 1999 2222 cubiculi
2031 2165 2364 2234 thalamique

795 2264 1020 2318 delicias
1047 2278 1170 2315 cum
1199 2277 1368 2315 sacra:
1402 2260 1638 2331 virgines
1673 2273 1784 2314 tum
1817 2260 1935 2313 alae
1962 2258 2161 2326 insigni
2190 2257 2363 2311 fortna

795 2356 1050 2410 mulieres
1082 2352 1481 2417 condeliantur,
1513 2352 1840 2420 quibuscum
1901 2350 2212 2403 meretricio
2255 2349 2362 2403 ritu

796 2448 1135 2511 fcedaretur;
1185 2446 1347 2499 modo
1410 2445 1716 2514 jecinorum
1775 2442 2142 2512 inspectiones
2188 2456 2364 2510 exque

795 2539 935 2609 pclvi
961 2539 1327 2593 divinationes
1349 2552 1411 2590 ac
1443 2535 1729 2605 praestigiae
1755 2535 1876 2588 alia:
1914 2544 2365 2601 mortuorumque

795 2627 1162 2690 evocatiunes,
1197 2626 1280 2679 bis
1316 2625 1393 2679 illi
1425 2624 1681 2679 socialms
1713 2639 1775 2678 ac
1800 2624 2163 2690 adjutoribus,
2203 2638 2363 2676 exer-

793 2720 1079 2775 cebantur.
1106 2718 1351 2789 “ineque
1380 2718 1518 2774 adeo
1548 2735 1657 2774 non
1697 2734 1820 2772 raro
1841 2734 1947 2772 non
1980 2717 2156 2772 solum
2185 2715 2365 2771 Theo-

794 2814 943 2881 philo
967 2812 1062 2867 sed
1091 2822 1145 2865 et
1178 2813 1302 2866 aliis
1325 2812 1571 2881 ejusdem
1603 2811 1887 2867 sententia:
1929 2820 2094 2879 atque
2142 2809 2365 2864 haeresis

795 2905 1106 2958 hominibus
1131 2920 1257 2959 vera
1282 2904 1529 2973 quaedam
1552 2904 1859 2957 daemonum
1885 2918 1985 2971 ope
2014 2902 2364 2970 przediceliat.

797 2996 905 3050 lloc
937 2997 1215 3051 enimvero
1234 2996 1507 3064 impurum
1530 2994 1651 3063 ejus
1675 2994 2041 3054 domicilium,
2070 2992 2367 3062 aliquando

793 3089 1008 3145 tandem
1048 3104 1079 3143 a
1113 3088 1285 3143 fratre
1336 3088 1538 3143 Basilio
1571 3098 1683 3143 tum
1735 3086 2033 3140 acculiitori
2066 3086 2365 3145 venditum,

794 3183 846 3235 in
888 3197 1106 3236 sacrum
1142 3180 1359 3235 transiit
1385 3179 1806 3234 monasterium.
1842 3178 2029 3247 Neque
2082 3177 2133 3230 id
2180 3178 2361 3239 modo,

794 3276 885 3328 sed
921 3284 973 3328 cl
1017 3290 1139 3343 qua!
1167 3274 1234 3329 ad
1264 3273 1416 3327 illum
1440 3273 1753 3327 attinebant
1792 3272 1999 3340 reliqua
2033 3290 2044 3324 :
2082 3270 2367 3338 sanctique

794 3368 973 3434 magni
1003 3366 1261 3435 martyris
1292 3364 1486 3419 Pboca:
1519 3380 1547 3418 a
1568 3364 1945 3418 fundamentis
1971 3374 2217 3415 erectum
2253 3376 2370 3415 mo-

793 3456 1088 3512 nasterium
1127 3466 1229 3510 est.

864 3632 915 3688 9.
948 3634 1219 3688 Cancrum
1254 3634 1342 3688 ille
1370 3634 1599 3703 ejusque
1631 3635 1811 3689 omnis
1838 3636 2126 3699 sodalitas,
2175 3639 2249 3692 uti
2282 3639 2366 3693 di-

791 3736 939 3780 ctum
970 3733 1076 3788 est,
1102 3726 1154 3779 in
1187 3740 1312 3778 cum
1342 3726 1561 3779 modum
1600 3741 1818 3780 cessare
1848 3728 1987 3795 jussi
2019 3744 2083 3781 ac
2112 3730 2367 3798 depositi,

793 3818 937 3872 haud
974 3818 1075 3872 sibi
1108 3818 1290 3887 quiete
1342 3818 1745 3887 transigendam
1796 3820 1961 3873 vitam
2016 3829 2366 3890 putaverunt,

794 3925 979 3962 verum
1016 3909 1196 3963 adhuc
1241 3908 1519 3978 quidpiam
1559 3907 1825 3964 adversus
1858 3927 2047 3967 sacras
2102 3914 2368 3984 imagines

793 4000 965 4053 moliti
993 4007 1143 4053 sunt.
1178 3998 1497 4052 Saccrdotio
1524 4002 1707 4070 itaque
1737 4010 1940 4064 motus,
1969 4018 2095 4057 cum
2150 4004 2202 4057 in
2246 4020 2366 4060 mo-

795 4092 1035 4147 nasterio
1070 4092 1308 4161 quodam
1356 4092 1515 4146 exsul
1544 4102 1853 4149 versaretur
1880 4095 2133 4166 pictaque
2185 4098 2366 4165 imago

791 4184 1039 4253 quaedam
1067 4183 1120 4237 in
1151 4192 1294 4238 tecto
1314 4183 1459 4237 relut
1489 4185 1715 4240 intentis
1742 4185 1795 4239 in
1814 4202 1937 4242 eum
1964 4190 2137 4243 oculis
2152 4205 2273 4245 esse
2289 4191 2369 4245 ri-

792 4276 1036 4340 deretur,
1055 4288 1161 4328 non
1183 4272 1363 4330 ferens
1390 4275 1479 4329 ille
1502 4276 1755 4347 imaginis
1778 4277 1856 4332 sic
1876 4279 1941 4333 de
1964 4280 2074 4334 alto
2104 4282 2258 4350 quasi
2288 4282 2367 4336 in-

795 4366 995 4420 tuentis
1008 4375 1313 4435 aspectum,
1336 4382 1433 4434 per
1461 4383 1631 4423 unum
1656 4384 1687 4424 e
1709 4368 2057 4427 famulistolli
2078 4374 2367 4443 camjubet

792 4466 957 4526 atque
974 4456 1094 4526 ejus
1112 4458 1499 4524 oculosel'fodi,
1518 4475 1685 4513 unum
1710 4461 1813 4515 hoc
1830 4463 2059 4528 addens,
2079 4481 2186 4519 non
2205 4482 2366 4536 posse

2465 2003 2561 2056 νης
2607 1985 2777 2057 θύρας
2808 1989 2952 2042 κατὰ
2976 1990 3040 2042 τὸ
3070 1990 3361 2059 πρόχειρον
3406 1988 3607 2041 πυλίδα
3632 1984 3770 2041 εἷναί
3809 2005 3935 2040 τινα
3966 1987 4056 2039 διὰ

2466 2076 2742 2147 βαθμίδων
2774 2081 2873 2133 οὐκ
2899 2080 3096 2147 ὀλίγων
3129 2082 3306 2134 ἐκεῖσε
3345 2081 3409 2150 δὴ
3432 2081 3557 2141 τοὺς
3583 2079 3835 2142 θέλοντας
3867 2095 4053 2148 παρα-

2465 2172 2813 2241 πέμπουσαν.
2894 2172 3100 2226 Ἐκεῖνο
3152 2172 3282 2242 γοῦν
3310 2172 3476 2226 αὐτοῦ
3508 2172 3741 2243 πονηρὸν
3772 2172 3985 2242 ἐργαστ
3998 2173 4057 2238 ἦ-

2467 2279 2603 2335 ριον.
2638 2266 2845 2319 Ἐκεῖσε
2886 2265 2949 2336 δὴ
2995 2264 3170 2337 τούτῳ
3214 2265 3357 2328 τινες
3396 2264 3490 2318 νῦν
3546 2264 3646 2333 μὲν
3697 2264 4059 2333 ἐταμιεύοντο

2464 2356 3039 2427 θαλαμηπολούμεναι,
3065 2357 3394 2428 μονάζουσαί
3421 2374 3479 2409 τε
3512 2357 3607 2408 καὶ
3632 2355 3807 2417 ἄλλως
3827 2354 3891 2407 τὸ
3918 2355 4033 2407 κάλ

2464 2447 2554 2511 λος
2598 2453 2857 2516 γυναῖκες
2902 2450 2976 2520 μὴ
3007 2449 3443 2521 διαφθείρουσαι,
3499 2442 3585 2511 αἶς
3618 2445 4017 2516 συνεφθείρετο
4040 2462 4054 2476 ·

2466 2539 2562 2592 νῦν
2604 2540 2663 2593 δὲ
2686 2544 2936 2609 μαντεῖαι
2965 2541 3031 2594 δι’
3062 2540 3474 2611 ἡπατοσκοπίας
3496 2538 3582 2610 [Ρ.
3615 2537 3711 2609 98]
3754 2538 3851 2591 καὶ
3884 2537 4059 2589 λεκαο

2465 2632 2787 2702 νομαντείας
2812 2633 2906 2685 καὶ
2922 2631 3174 2701 γοητείας
3202 2632 3297 2684 καὶ
3316 2628 3740 2700 νεκυομαντείας
3760 2632 3855 2686 ἐντι
3866 2628 4061 2696 ργοῦν-

2466 2743 2546 2789 το,
2596 2726 2820 2787 ταύταις
2848 2725 3276 2796 προσχρωμένου
3296 2726 3574 2786 κοινωνοῖς
3602 2738 3663 2775 τε
3693 2722 3784 2775 καὶ
3808 2719 4058 2790 βοηθοῖς.

2467 2817 2630 2871 Ὅθεν
2666 2816 2927 2879 πολλάκις
2958 2817 3053 2870 καί
3087 2833 3203 2869 τινα
3234 2816 3523 2886 προλέγειν
3546 2816 3719 2883 τούτῳ
3762 2812 4059 2866 συνέϐαινε

2466 2912 2532 2979 τῇ
2562 2908 2673 2962 τῶν
2696 2909 2970 2978 δαιμόνων
3012 2908 3302 2979 συνεργείᾳ
3330 2907 3539 2977 ἀληθῆ,
3580 2908 3641 2958 ού
3671 2905 3749 2975 τῷ
3801 2904 4065 2971 Θεοφίλῳ

2471 3001 2639 3071 μόνῳ,
2667 3002 2804 3055 ἀλλὰ
2835 3002 2931 3053 καὶ
2948 3001 3157 3071 ἑτέροις
3179 3003 3292 3064 τοῖς
3317 2999 3510 3053 τούτου
3530 2998 3853 3068 δμόφροσιν.
3887 2996 4065 3048 Ἀλλὰ

2467 3092 2624 3146 τοῦτο
2655 3092 2752 3163 μὲν
2772 3090 2961 3145 τούτου
2986 3090 3045 3143 τδ
3068 3091 3263 3161 μιαρὸν
3296 3090 3616 3158 ἐνδιαίτημα
3638 3088 3735 3156 ὀψέ
3761 3102 3894 3139 ποτε
3914 3086 4065 3155 πρὸς

2470 3184 2748 3238 Βασίλειον
2773 3184 2865 3237 τὸν
2895 3182 3198 3253 τηνικαῦτα
3245 3179 3745 3251 παρακοιμώμενον
3783 3180 4065 3245 ἀπεμποο

2472 3276 2633 3344 ληοὲν
2665 3274 2819 3345 παρᾶ
2858 3274 2952 3327 τοῦ
2990 3272 3220 3341 ἀδελφοῦ
3254 3275 3331 3335 εἰς
3373 3272 3517 3342 ἱερὸν
3544 3270 3846 3342 μετηνέχθη
3882 3286 4066 3339 φρον-

2470 3371 2767 3438 τιστήριον,
2802 3368 2904 3421 οὐκ
2932 3368 3109 3419 ἐκεῖνο
3132 3366 3313 3435 μόνον,
3341 3364 3476 3416 ἀλλὰ
3507 3364 3601 3415 καὶ
3624 3363 3691 3414 τὰ
3721 3360 3911 3421 λοιπὰ,
3958 3379 4069 3413 κα·

2472 3462 2754 3531 θῶςιαύτῷ
2778 3462 3103 3531 διαφέροντα
3124 3456 3192 3530 ἦν
3212 3476 3225 3490 ·
3258 3462 3349 3512 καὶ
3373 3460 3436 3511 ἐκ
3462 3457 3677 3529 βάθρων
3707 3458 3737 3526 η
3764 3455 3862 3508 τοῦ
3891 3457 4069 3523 ἁγίου

2474 3554 2964 3623 μεγαλομάρτυρος
2990 3551 3251 3621 ἁνιδρύθη
3284 3551 3441 3621 μονή.

2544 3644 2609 3700 θ’.
2644 3646 2776 3698 Τότε
2801 3645 2857 3698 δέ
2892 3638 3045 3707 οὗτος
3074 3645 3167 3697 καὶ
3214 3644 3365 3695 πᾶσα
3394 3644 3427 3711 ἡ
3463 3641 3651 3706 αὑτοῦ,
3694 3642 3769 3705 ὡς
3801 3642 4071 3715 εἴρηται,

2472 3739 2755 3810 συμμορία
2806 3741 2870 3808 τῇ
2915 3738 3231 3807 καθαιρέσει
3279 3734 3676 3803 ὑποϐληθέντες
3718 3736 3817 3805 οὐχ
3869 3737 4073 3806 ἡσυχῆ

2471 3829 2864 3897 παραπέμπειν
2908 3828 2998 3879 τόν
3027 3826 3237 3879 ἑαυτῶν
3278 3825 3393 3893 βίον
3439 3825 3779 3893 ἐδοκίμαζον,
3817 3824 3945 3877 ἀλλ’
3984 3827 4075 3877 ἔτι

2470 3921 2735 3974 καὶκατὰ
2786 3920 2892 3973 τῶν
2930 3918 3103 3986 ἁγίων
3160 3918 3385 3969 εἰκόνων
3444 3915 3827 3969 ἐνεανιεύοντο.
3896 3918 4079 3970 Μετὰ

2469 4014 2599 4082 γοῦν
2632 4014 2728 4085 τὴν
2752 4013 3066 4083 καθαίρεσιν
3089 4010 3383 4080 ὑπερορίας
3415 4010 3471 4061 ἓν
3490 4026 3592 4061 τινι
3628 4011 3761 4078 μονῇ
3782 4010 4075 4076 γεγονὼς,

2468 4106 2674 4167 είκὸνος
2718 4107 2846 4175 μιᾶς
2873 4103 3014 4156 κατὰ
3057 4102 3149 4156 τὸν
3183 4102 3381 4173 δροφον
3407 4101 3771 4171 ἰστορημὲνης
3798 4102 3903 4151 καὶ
3934 4101 4081 4152 ἁτεο

2470 4198 2574 4260 νῶς
2621 4193 2731 4249 οἷον
2765 4194 3117 4263 ἀτενιζούσης
3166 4193 3336 4260 αὐτῷ,
3378 4193 3453 4263 μη
3494 4194 3678 4260 φέρων
3710 4186 3869 4253 οὗτος
3922 4193 4082 4261 ὁρᾷν

2467 4291 2565 4362 τὴν
2595 4291 2807 4358 ἐκείνης
2832 4288 2969 4359 πρὸς
2992 4288 3155 4340 αὑτὸν
3177 4284 3564 4338 ἐπικιτιοῦσαν
3586 4283 3735 4347 θέαν,
3765 4282 4085 4352 καθαιρεῖ-

2470 4385 2594 4437 σθαι
2621 4383 2824 4453 ταύτην
2856 4382 2945 4435 διά
2995 4397 3139 4443 τινος
3160 4378 3378 4432 οἰκέτου
3430 4377 3757 4447 προστάττει
3800 4376 3903 4428 καὶ
3930 4379 4084 4440 τοὺς

2467 4476 2780 4547 ὀφθαλμοὺς
2810 4471 3259 4545 κατορύττεσθαι,
3288 4469 3446 4523 τοῦτο
3478 4470 3636 4538 μόνον
3664 4468 3977 4536 ἐπιλέγων,
3997 4471 4085 4532 ὡς

793 4564 850 4603 se
880 4549 999 4617 ejus
1044 4548 1271 4617 eﬂigiem
1323 4549 1664 4621 formamque
1714 4552 1935 4607 intueri.
1983 4554 2201 4610 Audivit
2252 4558 2364 4613 haec

2476 4567 2593 4636 Τὴν
2618 4569 2841 4635 ταύτης
2860 4568 2932 4619 οὺ
2961 4564 3221 4629 δύναμαι
3244 4559 3491 4631 μορφὴν
3509 4556 3745 4627 ἐνορᾷν.
3768 4559 4091 4613 Ἦκουστο

790 4642 1057 4708 Augusta,
1086 4638 1247 4709 158
1272 4655 1337 4695 ac
1365 4656 1472 4710 qua
1508 4641 1686 4696 virum
1723 4643 1951 4699 decebat
1982 4648 2361 4717 castigatione,

791 4730 1013 4785 scutica:
1043 4730 1358 4800 taureisquc
1384 4731 1639 4801 subjecit.

864 4822 950 4877 10.
992 4824 1060 4877 At
1090 4838 1157 4879 ne
1182 4824 1261 4877 sic
1284 4823 1501 4894 quidem
1542 4837 1599 4879 ut
1632 4826 1855 4897 quietus
1911 4840 2092 4897 ageret
2149 4830 2202 4885 iu
2240 4833 2363 4886 ani-

792 4930 941 4970 mum
972 4914 1308 4982 inducebat;
1355 4925 1717 4986 sanctumque
1772 4916 2108 4974 Methodiqu
2158 4931 2364 4976 structa

792 5009 847 5062 in
875 5020 1001 5061 cum
1031 5005 1306 5061 calumnia
1334 5008 1731 5063 circumvenire
1760 5010 2059 5065 tentabant.
2110 5014 2237 5068 haec
2264 5031 2364 5068 au-

790 5110 899 5154 tem
923 5099 978 5153 in
1000 5113 1067 5152 eo
1091 5108 1229 5162 erat,
1258 5111 1645 5169 constuprasse
1668 5103 1877 5158 scilicet
1903 5106 2186 5160 mulierem
2218 5109 2363 5163 unici

789 5193 885 5246 tilii
918 5201 1172 5257 matrem,
1202 5192 1255 5245 id
1281 5202 1384 5256 est,
1416 5191 1808 5264 MetrOphanis,
1838 5197 1960 5265 ejus
1989 5198 2238 5254 videlicet
2268 5201 2361 5269 qui

792 5283 936 5339 haud
968 5282 1142 5337 multo
1168 5294 1291 5353 post
1319 5282 1675 5353 Smyrnensis
1711 5288 2005 5359 episcopus
2057 5291 2176 5345 fuit.
2211 5290 2364 5346 llanc

790 5376 910 5431 auri
953 5376 1127 5431 multa
1155 5376 1205 5430 vi
1250 5376 1642 5443 conducentes,
1678 5379 1896 5451 aliaque
1926 5382 2170 5450 polliciti,
2202 5384 2363 5440 modo

789 5483 980 5522 eorum
1010 5467 1187 5523 fraudi
1222 5472 1612 5541 acquiesceret,
1640 5474 1839 5528 acriter
1885 5477 2027 5546 apud
2057 5478 2359 5549 Augustam

790 5561 1019 5630 ejusque
1068 5562 1163 5615 lilii
1221 5573 1607 5631 procuratores
1648 5578 1935 5623 accusant.
1997 5566 2118 5623 Mox
2180 5571 2361 5640 itaque

786 5650 1203 5710 {nraiittolosnm
1232 5657 1685 5730 tremendumque
1722 5660 1957 5715 tribunal
1996 5662 2234 5733 ponitur,
2269 5679 2362 5716 ex-

2462 4658 2593 4727 γοῦν
2624 4658 2795 4711 ταῦτα
2821 4658 2885 4725 τῇ
2941 4654 3221 4725 δεσποίνῃ,
3280 4652 3373 4705 καὶ
3405 4653 3472 4720 τῇ
3509 4648 3872 4722 προσηκούσῃ
3960 4653 4089 4722 μά-

2466 4768 2610 4820 στιγι
2643 4750 2738 4803 καὶ
2770 4746 2989 4817 παιδείᾳ
3016 4746 3102 4798 διὰ
3132 4744 3406 4813 σκυτάλης
3433 4740 3916 4809 καθυποῦέδλητο.

2536 4842 2588 4897 ι’.
2618 4840 2757 4894 Ἀλλ’
2780 4839 2885 4893 οὐδ’
2913 4838 3085 4899 οὕτως
3110 4832 3177 4907 ἦν
3200 4837 3483 4904 ἀγαπητὸν
3513 4833 3661 4903 αύτῷ
3680 4832 3780 4901 τῆς
3814 4833 4095 4905 ἡσυχίας

2463 4935 2615 5004 ὲρᾷν,
2646 4931 2837 5001 μῶμον
2858 4930 2914 4983 δέ
2953 4945 3075 4982 τινα
3104 4928 3196 4979 καὶ
3222 4926 3297 4989 ῶς
3332 4924 3631 4995 ἐπειρῶντο
3678 4923 3754 4994 τῷ
3784 4924 3846 4976 ἐν
3874 4926 4099 4994 ἁγίοις

2468 5025 2715 5093 Μεθοδίῳ
2743 5023 3103 5093 προσάπτειν,
3158 5019 3253 5072 καὶ
3298 5017 3489 5087 μῶμον
3516 5018 3594 5079 είς
3629 5015 3897 5084 γυναικὸς
3935 5020 4098 5087 φθο.

2470 5118 2569 5187 ρὰν
2601 5116 2769 5170 παῖδα
2797 5113 3139 5184 κεκτημένης
3178 5112 3440 5180 μονογενῆ
3471 5107 3868 5179 (Μητροφάνης
3902 5105 4102 5177 οὗτος

2466 5203 2556 5276 ἦν,
2591 5208 2620 5260 ὸ
2652 5206 2768 5275 μετ’
2792 5204 2854 5257 οὑ
2878 5202 3013 5256 πολὺ
3037 5201 3136 5271 τῆς
3169 5200 3421 5270 Σμύρνης
3454 5199 3988 5270 καθηγησάμενος),
4022 5204 4104 5274 ἢν

2470 5299 2564 5353 καὶ
2586 5297 2824 5370 χρυσίων
2855 5297 3057 5350 ἱκανῶν
3084 5292 3487 5362 ἐξωνησάμενοι
3514 5291 3611 5344 καὶ
3654 5290 3771 5358 ἅμα
3797 5292 4069 5348 καθυπο
4088 5328 4105 5337 -

2472 5393 2724 5463 σχόμενοι
2752 5392 2800 5443 εί
2836 5390 2995 5459 μόνον
3019 5386 3228 5449 τούτοις
3262 5387 3620 5454 συμφήσειεν,
3695 5381 3876 5435 πολλὰ
3937 5403 4110 5442 κατ-

2471 5485 2720 5553 ελὲγοντο
2750 5483 2880 5552 πρὸς
2901 5481 3000 5551 τὴν
3020 5479 3305 5533 δέσποιναν
3330 5478 3424 5530 καὶ
3445 5477 3569 5538 τοὺς
3587 5476 4111 5547 ἐπιτροπεύοντας

2471 5573 2565 5628 τοῦ
2593 5574 2780 5636 παιδὸς
2812 5572 3002 5643 αὐτῆς.
3039 5569 3200 5640 Βῆμα
3224 5567 3356 5637 γοῦν
3390 5568 3590 5631 εύθέως
3626 5568 3719 5620 καὶ
3765 5571 4111 5640 κριτήριον

2473 5665 2676 5737 φρίκης
2705 5661 2874 5730 γέμον
2905 5664 2967 5714 ἐκ
3001 5657 3292 5712 πολιτικῶν
3336 5655 3548 5727 ἀνδρῶν
3576 5655 4113 5726 σ’δγκροτοῦίλν

2175 5758 2409 5814 VAllL-E
2471 5756 2869 5815 LECTIONES.

870 5845 910 5873 ”
942 5846 1065 5907 τοὺς
1103 5862 1215 5900 υιυ.
1242 5846 1299 5901 ι’.
