4154 6446
784 407 887 473 183

1842 415 2348 479 'l'llEOl’IIANES
2386 421 2665 481 CONTIN
2678 424 2948 485 UATUS.

3927 428 4023 493 lBl

781 531 1062 575 curatores
1092 532 1248 573 erant
1283 521 1445 587 inque
1474 522 1594 575 aula
1621 522 1910 592 degebant.
1936 524 2008 577 Ex
2038 540 2101 577 ea
2134 525 2337 581 Manuel

2451 532 2595 585 κατά
2624 534 2692 588 τὰ
2717 534 2997 605 ἀνάκτορα
3039 535 3440 606 διαιτωμένοις,
3474 539 3710 611 διαφορά
3731 558 3836 604 τις,
3870 544 3905 613 ἢ
3936 544 4027 595 καὶ

780 612 1084 680 tnajestatis
1120 614 1498 679 insimulatur;
1532 630 1631 670 nec
1681 616 1907 670 deerant
1932 618 2023 686 qui
2050 618 2160 672 cito
2190 619 2263 673 illi
2292 621 2344 676 in

779 720 966 760 aurem
997 706 1430 761 insusurrarent.
1470 705 1525 762 Id
1554 707 1769 762 Manuel
1791 708 2041 765 criminis
2073 720 2344 776 metuens,

777 799 997 865 vimque
1048 796 1262 850 invidiae
1301 797 1726 866 insuperabilem
1758 803 2020 874 nulloque
2069 806 2228 861 facile
2257 821 2349 861 co-

780 898 907 941 natu
966 890 1384 959 expugnandam
1425 890 1636 953 videns,
1682 906 1804 947 eam
1854 899 2245 967 amputandam
2282 912 2347 953 ac

776 979 1138 1034 amoliendam
1174 981 1405 1050 putavit,
1452 982 1496 1035 si
1540 984 1700 1039 modo
1730 1000 1759 1039 a
1794 987 1997 1055 palatio
2027 989 2189 1057 paulo
2224 991 2346 1043 lon-

776 1071 896 1133 gius
945 1070 1240 1125 recederet.
1295 1072 1364 1125 Se
1396 1072 1579 1143 itaque
1606 1075 1828 1130 domum
1876 1080 2088 1149 recipit,
2124 1097 2248 1151 quae
2278 1080 2345 1136 ad

774 1164 1001 1232 Asparis
1029 1165 1322 1218 cisternam
1356 1167 1533 1235 posita
1562 1179 1708 1234 erat;
1738 1186 1902 1239 quam
1936 1183 2124 1242 postea
2170 1176 2222 1229 in
2256 1191 2345 1230 rc-

775 1254 980 1321 ligiosa:
1030 1254 1227 1309 domus
1285 1254 1516 1310 fortnam
1565 1259 1789 1329 redegit,
1851 1263 2034 1333 ibique
2066 1266 2342 1334 pulverem

774 1343 1181 1412 (corpusculum
1217 1346 1449 1413 scilicet)
1478 1348 1751 1416 deposuit.
1808 1349 1936 1407 Inde
1982 1356 2222 1423 quotidie
2254 1371 2346 1408 vc-

775 1434 930 1488 niens
958 1435 1022 1488 iis
1054 1436 1313 1491 intererat
1336 1453 1455 1507 qua:
1481 1454 1510 1492 a
1546 1441 1818 1496 tutoribus
1851 1442 1903 1495 in
1934 1444 2135 1511 palatio
2165 1445 2343 1499 admi-

772 1526 1169 1583 nistrabantur.
1210 1529 1414 1583 Bardas
1438 1547 1584 1595 vero,
1609 1533 1703 1601 qui
1736 1548 1841 1587 non
1872 1552 1993 1601 sua,
2028 1540 2121 1593 sed
2163 1540 2344 1594 Theo-

772 1617 921 1673 etisti
951 1632 1115 1686 opera
1149 1619 1455 1674 Manuelent
1500 1623 1579 1675 sic
1619 1625 1740 1678 aula
1770 1627 2139 1684 submovisset
2161 1640 2236 1696 et,
2287 1641 2346 1687 ut

771 1710 843 1763 ita
873 1710 1073 1771 dicam,
1110 1726 1251 1766 onus
1275 1716 1626 1776 excussisset.
1665 1718 1939 1774 arridente
1976 1723 2223 1792 votisque
2262 1724 2344 1778 fa-

772 1810 929 1856 vente
972 1801 1214 1868 fortuna,
1251 1818 1357 1859 non
1408 1805 1521 1876 jam
1557 1808 1779 1864 alterius
1808 1825 1930 1879 ope,
1963 1814 2056 1867 scd
2084 1824 2180 1869 sna
2230 1817 2342 1885 ipse

2450 624 2778 681 καθοσίωσιν
2818 628 3077 682 ἐπεκάλει
3111 628 3205 682 καὶ
3254 629 3431 700 λάθρα
3464 634 3672 701 ταχέως
3715 629 3863 702 εἶχεν
3897 635 4027 687 tim-

2450 716 2754 787 λαλούμενα
2801 719 2972 788 αὐτῷ.
3026 718 3111 790 [Ρ.
3165 718 3292 792 105]
3342 721 3563 790 Ταύτην
3594 722 3659 794 δὴ
3691 726 3719 777 ὁ
3767 725 4023 792 Μανουὴλ

2448 807 2862 877 εὐλαϐούμενος,
2883 811 3091 863 καὶτὸν
3123 812 3318 879 φθόνον
3364 812 3577 882 ἄμαχόν
3604 830 3725 867 τινα
3771 816 3866 868 καὶ
3897 816 4024 869 δυσ-

2448 899 2856 968 καταγώνιστον
2896 902 3122 973 ἐνορῶν,
3165 904 3320 975 ᾠήθη
3371 905 3484 957 δεῖν
3538 905 3728 959 τοῦτον
3770 907 3997 977 ἀκρωτη

2451 992 2636 1062 ριάσαι
2688 993 2783 1046 καὶ
2818 994 3088 1060 καθελεῖν,
3125 996 3175 1048 ει
3223 996 3382 1063 μόνον
3432 996 3645 1064 γένοιτο
3688 999 4026 1067 πορρωτέρω

2445 1080 2542 1133 τοῦ
2578 1083 2862 1137 παλατίου.
2895 1086 3006 1139 καὶ
3047 1086 3110 1155 δὴ
3136 1085 3384 1139 κάτεισιν
3414 1088 3497 1149 εἰς
3525 1087 3618 1140 τὸν
3653 1084 3803 1141 οἶκον
3834 1087 4025 1147 αὑτοῦ.

2448 1175 2589 1227 κατά
2632 1174 2732 1244 τὴν
2790 1177 3112 1247 κινστέρναν
3157 1176 3251 1229 τοῦ
3306 1179 3587 1247 Ἀσπαρος
3628 1179 3775 1243 ὄντα,
3833 1179 3894 1232 ὃν
3944 1182 4025 1243 εἰς

2449 1268 2700 1335 σεμνείου
2746 1268 2916 1321 τύπον
2954 1268 3181 1339 ὕστερον
3216 1270 3520 1339 ὲνηγάγετο
3542 1272 3586 1303 ⁷⁸
3629 1273 3725 1324 καὶ
3770 1271 3863 1323 τὸν
3894 1271 4023 1340 χοῦν.

2390 1416 2393 1419 _
2448 1359 2627 1410 ἐκεῖσε
2675 1359 2952 1412 κατέθετο.
2996 1360 3237 1413 Ἐκεῖθεν
3286 1361 3419 1427 γοῦν
3452 1362 3711 1416 ἑκάστοτε
3762 1363 3999 1431 ἀφικνού

2450 1466 2609 1518 μενος
2639 1450 2896 1512 κοινωνὸς
2926 1450 3138 1517 ἐγίνετο
3175 1452 3285 1503 τῶν
3311 1452 3458 1505 κατά
3484 1453 3554 1505 τὰ
3588 1455 3866 1524 ἀνάκτορα
3894 1455 4026 1507 620'.—

2447 1544 2679 1611 κήσεων.
2713 1542 2915 1595 Τοῦτον
2957 1542 3130 1605 οὕτως
3168 1543 3228 1595 οὐ
3285 1542 3355 1596 δι’
3394 1544 3609 1608 ἑαυτοῦ,
3641 1545 3775 1597 ἀλλὰ.
3800 1546 3887 1598 διΞι
3927 1545 4026 1598 τοῦ

2444 1634 2768 1686 Θεοκτίστου
2818 1635 3255 1703 ἀποσεισάμενος
3282 1636 3310 1687 ὁ
3358 1636 3591 1705 Βάρδας,
3620 1638 3818 1690 ταυτὸν
3851 1637 3907 1690 δὲ
3941 1640 4025 1690 εξ-

2445 1730 2569 1780 πεῖν
2622 1728 2717 1780 κα)⁸
2764 1728 3295 1796 ἀποφορτισάμενος,
3346 1729 3439 1781 καὶ
3478 1730 3578 1800 τὴν
3623 1733 3795 1800 τύχην
3843 1731 4026 1794 λαϐὼν

2446 1818 2581 1887 πρὸς
2604 1817 2665 1869 τὸ
2688 1817 2883 1871 ἑαυτοῦ
2915 1817 3356 1887 σπουδαζόμενον
3389 1821 3669 1881 κοινωνὸν.
3703 1822 4025 1877 ἐϐουλεύετο

771 1906 935 1958 opera
959 1903 1155 1949 cuncta
1184 1896 1450 1951 conficere
1478 1899 1691 1963 statuit,
1725 1900 1886 1971 169
1925 1912 2090 1972 atque
2122 1880 2337 1960 interim

2446 1911 2539 1962 καὶ
2572 1911 2733 1972 αὐτὸς
2766 1910 2951 1962 οὐκέτι
3004 1911 3069 1963 δι’
3106 1912 3315 1978 ἑτέρου,
3354 1912 3422 1966 δι’
3457 1914 3653 1968 ἑαυτοῦ
3682 1917 3737 1968 δὲ
3769 1917 4025 1971 διανῦσαι

771 1982 1167 2050 Theoctistum,
1198 2003 1265 2041 ne
1294 2004 1352 2042 se
1387 1990 1432 2044 is
1462 1992 1530 2043 ab
1554 1992 1812 2049 ulteriore
1842 2010 2132 2065 progressu
2166 1996 2341 2065 impe-

768 2074 931 2137 diret,
964 2089 1239 2139 amovere,
1270 2076 1545 2147 simulque
1571 2079 1764 2149 ingens
1793 2082 2056 2151 probrum
2080 2099 2146 2137 ex
2168 2099 2340 2138 nurus

768 2180 880 2219 sua:
912 2170 1308 2223 consuetudine
1337 2170 1411 2239 (id
1447 2170 1591 2225 enim
1627 2172 1716 2226 ille
1759 2175 2020 2229 continue
2064 2176 2114 2229 ei
2142 2190 2340 2246 expro-

770 2257 982 2327 brabat)
1014 2259 1200 2328 procul
1228 2259 1439 2313 amoliri
1468 2275 1532 2315 ac
1550 2262 1837 2331 depellere.

841 2480 922 2533 l9.
978 2478 1180 2547 Nempe
1219 2480 1531 2547 imperatori
1566 2479 1891 2549 padagogus
1929 2488 2077 2542 erat,
2111 2480 2192 2532 vir
2224 2479 2336 2535 dis-

767 2574 957 2627 solum
982 2574 1123 2635 viae,
1176 2580 1230 2625 et
1280 2572 1371 2641 qui
1410 2571 1476 2625 ab
1509 2572 1656 2625 omni
1690 2574 1880 2641 procul
1916 2582 2159 2627 remotus
2192 2582 2337 2627 esset

768 2681 979 2719 morum
1014 2664 1371 2734 ingenuitate.
1388 2661 1545 2718 Hunc
1569 2664 1795 2719 Michael
1815 2680 1879 2717 ex
1900 2664 2070 2717 Barda
2094 2663 2335 2717 etTheo-

766 2756 927 2811 ctisto
961 2764 1243 2824 matreque
1275 2753 1581 2823 majoribus
1616 2754 1669 2808 in
1720 2755 1844 2807 aula
1905 2755 2203 2808 honoribus
2234 2754 2337 2807 do-

768 2848 883 2902 nari
919 2863 983 2902 ac
1011 2846 1201 2901 oﬂieiis
1244 2846 1521 2914 poscebat.
1555 2845 1671 2899 Non
1712 2848 1935 2915 parebat
1969 2844 2334 2907 Theoctistus.

767 2955 864 2994 nec
896 2949 955 2994 ut
986 2940 1093 2993 illis
1120 2938 1241 3006 ejus
1275 2938 1418 2993 votis
1451 2952 1660 2992 morem
1705 2949 1911 3009 gereret
1946 2939 2139 2995 adduci
2169 2955 2227 2993 se
2258 2942 2333 2994 si-

767 3032 950 3086 nebat.
984 3030 1176 3085 Aiebat
1223 3031 1389 3094 enim,
1442 3045 1560 3097 qua:
1590 3030 1699 3082 sint
1745 3030 1957 3097 imperii
1995 3046 2237 3093 munera,
2272 3045 2338 3083 ea:

767 3124 1072 3177 meritorum
1105 3124 1330 3185 ratione,
1393 3140 1496 3176 non
1547 3122 1779 3192 indignis
1824 3139 1937 3176 esse
1993 3124 2331 3191 conferenda.

2443 2004 2503 2055 τδ
2531 2006 2660 2063 πᾶν,
2693 2005 2789 2056 καὶ¹
2818 2004 2955 2066 τέως
3000 2005 3092 2057 τὸν
3134 2005 3460 2059 Θεόκτιστον
3512 2009 3786 2069 καθελεῖν,
3823 2010 3909 2063 ἵνα
3948 2013 4025 2080 μὴ

2442 2095 2539 2162 τῆς
2569 2096 2661 2149 ἐπὶ
2706 2096 2773 2146 τὰ
2806 2097 2996 2165 πρόσω
3037 2099 3212 2165 φορᾶς
3257 2097 3451 2151 τοῦτον
3496 2098 3609 2167 ἔχοι
3641 2101 3890 2170 ἐμπόδιον
3926 2103 4025 2154 καὶ

2441 2185 2557 2254 ἅμα
2582 2186 2671 2239 τὸν
2697 2186 2866 2239 πολὺν
2897 2186 3100 2240 ὄνειδον
3128 2190 3219 2241 τὸν
3245 2190 3337 2242 ἐπὶ
3367 2194 3432 2261 τῇ
3471 2191 3657 2263 νύμφῃ
3706 2194 3872 2247 αὐτοῦ
3901 2194 4021 2263 (καὶ

2440 2278 2550 2348 γὰρ
2609 2278 2850 2343 ὠνείδιζε
2904 2278 3094 2331 τοῦτον
3144 2280 3429 2350 διηνεκῶς)
3491 2284 3865 2354 ἁπορῤαπίσοι
3926 2285 4021 2337 καὶ

2441 2375 2776 2444 ποῤῥωτέρω
2804 2374 3115 2442 ποιήσεται.

2512 2466 2597 2520 ιϐ’.
2626 2465 2765 2535 ’Υπῆ
2776 2482 2867 2535 ρχε
2884 2465 3015 2533 γοῦν
3028 2467 3103 2534 τῷ
3121 2466 3330 2535 βασιλεῖ
3344 2469 3563 2537 Μιχαὴλ
3579 2470 3923 2538 παιδαγωγὸς
3942 2473 4011 2524 ἀν

2440 2560 2653 2627 ἀγωγός
2674 2576 2730 2611 τε
2763 2559 2855 2611 καὶ
2870 2559 3150 2629 πόρρωθεν
3171 2560 3388 2630 τρόπων
3411 2561 3521 2615 τῶν
3538 2564 3792 2630 εὐγενῶν.
3816 2563 4023 2616 Τοῦτο-ι

2437 2651 2588 2719 ἠξίου
2607 2653 2633 2702 ὁ
2659 2649 2911 2719 βασιλεὺς
2936 2650 3098 2703 αὐτόν
3127 2668 3184 2703 τε
3210 2655 3302 2704 καὶ
3324 2652 3644 2707 θεόκτιστον
3661 2658 3755 2708 καὶ
3783 2657 3879 2723 τὴν
3914 2672 3997 2724 μη

2437 2745 2571 2814 τέρα
2592 2744 2846 2814 ἀνωτέρω
2881 2743 2992 2796 τῶν
3022 2743 3317 2811 βασιλικῶν
3354 2744 3682 2815 ἀξιωμάτων
3717 2746 4024 2814 ἀναγαγεῖν

2438 2836 2532 2888 καὶ
2561 2835 2783 2904 μείζονα
2808 2834 2983 2903 τούτῳ
3006 2835 3400 2906 ἑπιϐραϐεὗσαι
3426 2855 3477 2889 τι
3486 2838 3614 2907 μήν.
3634 2840 3747 2893 Οὐκ
3771 2838 4025 2892 ἐπείθετο

2438 2927 2569 2994 γοῦν
2598 2926 2771 2997 τούτῳ
2797 2929 2825 2980 ὁ
2853 2927 3205 2991 Θεόκτιστος,
3258 2929 3378 2983 οὐδὲ
3419 2934 3539 2994 ταῖς
3570 2930 3732 2982 αὖτοῦ
3764 2932 4023 3001 ἀρέσκειτ

2437 3019 2753 3088 ἀρεσκείαις
2811 3020 3094 3089 ἠϐούλετο,
3150 3022 3446 3088 ἐπαξίως,
3499 3023 3694 3090 λέγων,
3748 3025 3843 3077 καὶ
3902 3025 4027 3078 οὐκ

2436 3111 2698 3176 ἀναξίως
2724 3112 2795 3164 τὰ
2824 3110 2932 3178 τῆς
2968 3112 3296 3178 ,βασιλείας
3344 3114 3476 3167 δεῖν
3515 3114 3783 3169 διοικεῖν.
3814 3115 4026 3168 Τοῦτον

766 3214 921 3270 Hunc
963 3230 1093 3284 ergo
1140 3214 1344 3268 Birdas
1372 3215 1769 3283 nequissimum
1800 3226 1993 3269 nactus
2043 3230 2332 3286 organum,

2439 3206 2670 3272 ὄργανον
2714 3204 2805 3257 τὸν
2839 3206 3189 3274 παιδαγωγὸν
3217 3209 3246 3260 ὁ
3294 3208 3508 3278 Βάρδας
3552 3208 3732 3261 λαϐὼν
3779 3211 4023 3278 πονηρδιι

764 3307 972 3361 zizania
1004 3306 1250 3374 qumdam
1287 3306 1353 3359 de
1387 3306 1708 3360 Theoctisto
1744 3306 1796 3359 in
1823 3321 1923 3360 suo
1955 3307 2069 3375 ipse
2101 3306 2336 3375 impera-

765 3400 1010 3467 torisque
1048 3398 1232 3450 animo
1264 3397 1569 3452 seminandi
1604 3397 1814 3451 nullum
1862 3397 2023 3451 finem
2072 3396 2334 3462 faciebat;

760 3489 979 3557 aliaque
1029 3488 1311 3558 complura
1362 3488 1613 3556 praesenti
1668 3488 1979 3557 reipublicze
2024 3490 2188 3541 statui
2242 3488 2337 3541 de-

764 3575 1013 3628 trahebat
1048 3592 1059 3627 :
1093 3592 1197 3629 non
1242 3577 1362 3628 bene
1392 3591 1473 3628 res
1504 3576 1918 3639 administrari;
1962 3578 2200 3630 relictum
2237 3579 2338 3629 im-

760 3668 896 3735 perii
915 3668 1174 3720 Im'retlem
1211 3665 1519 3720 illic/caele»:
1542 3666 1827 3721 Theoclisti
1857 3684 2014 3734 opera
2047 3687 2077 3722 (ι
2109 3670 2335 3737 publicis

762 3761 912 3829 longe
935 3759 1235 3813 muneribus
1270 3761 1461 3812 arceri.
1512 3758 1739 3825 Nuptias
1788 3764 2027 3831 cogitare
2072 3779 2192 3815 cum
2224 3760 2334 3815 Mi-

759 3852 955 3905 chaelis
981 3860 1149 3905 matre
1170 3860 1382 3904 antuna
1405 3852 1678 3919 ﬁliarum;
1703 3854 1873 3920 ipsum
1900 3870 2041 3915 vero,
2069 3856 2158 3922 qui
2191 3855 2335 3922 ﬁliu‘:

760 3946 854 4007 sit,
888 3946 1055 3997 eruti:
1080 3944 1246 3996 oculis
1283 3946 1469 4011 procul
1507 3944 1823 4011 ejiciendum
1866 3961 1994 3999 esse.
2032 3943 2125 3999 llis
2156 3946 2337 4014 itaque

761 4036 907 4091 velut
956 4036 1181 4105 spiculis
1228 4036 1335 4089 alte
1383 4036 1729 4104 imperatoris
1762 4037 1947 4090 animo
1981 4036 2176 4090 defixis
2209 4052 2335 4090 eum

761 4128 1085 4196 proritabat,
1138 4144 1200 4181 ac
1232 4143 1299 4181 ne
1327 4128 1457 4197 quid
1488 4128 1756 4196 ejusmodi
1790 4128 2054 4193 eveniret,
2080 4128 2334 4198 prudenti

760 4219 1279 4289 promptissimoque
1300 4220 1533 4275 consilio
1559 4235 1673 4273 rem
1704 4220 2099 4288 expedLendam
2127 4221 2331 4274 aiebat.

760 4310 979 4379 Saepius
1008 4326 1128 4364 eam
1180 4311 1233 4364 in
1266 4325 1378 4364 rem
1413 4326 1539 4365 cum
1586 4312 1990 4373 convenissent.
2023 4327 2085 4365 ea
2116 4312 2332 4366 demum

762 4402 869 4458 illis
899 4410 1015 4456 rata
1041 4404 1328 4463 sententia,
1350 4417 1413 4457 ac
1436 4402 1716 4457 decretum
1737 4412 1821 4456 est
1852 4412 1909 4456 ιιι
1932 4402 2123 4457 fraude
2149 4404 2334 4473 aliqua

758 4494 993 4562 doloque
1022 4509 1054 4548 e
1085 4493 1268 4548 medio
1308 4493 1609 4549 tollendum
1634 4493 2009 4549 Theoetistum
2056 4504 2151 4549 aut
2184 4505 2335 4550 certe

759 4586 953 4640 exsilio
1022 4586 1370 4657 relegandum
1420 4596 1698 4641 curarent.
1760 4586 1851 4642 Sie
1914 4589 2100 4657 itaque
2155 4590 2332 4644 visum

762 4676 1014 4740 consilio,
1065 4678 1402 4747 urgebatque
1460 4677 1685 4743 Bardas,
1753 4689 1810 4731 ut
1854 4679 1998 4749 quod
2031 4680 2102 4733 ita
2136 4680 2335 4735 animis

759 4770 976 4824 sederat
1004 4779 1253 4838 prompte
1276 4778 1690 4840 exsequeretur.
1731 4771 1893 4841 17o
1928 4770 2002 4825 Ea
2036 4772 2187 4827 necis
2216 4773 2335 4827 viro

760 4864 1054 4918 inferendae
1115 4863 1409 4916 constituta
1443 4864 1607 4927 ratio,
1658 4870 1721 4917 ut
1759 4861 2137 4917 Theoctistum
2190 4865 2333 4919 refe-

759 4957 912 5011 rendi
949 4972 1175 5011 munere
1202 4954 1578 5025 perfunctum,
1612 4956 1788 5025 iisque
1817 4971 1938 5025 quae
1966 4958 2147 5011 aerarii
2176 4966 2339 5011 erant

761 5046 1029 5116 expeditis
1082 5047 1147 5100 ad
1218 5048 1538 5101 Lansiacum
1586 5056 1901 5112 exeuntem,
1958 5048 2105 5103 brevi
2157 5051 2338 5118 spatio

763 5141 1059 5208 imperator
1086 5149 1439 5209 sequeretur;
1478 5148 1701 5210 tumque
1730 5140 1815 5195 his
1841 5140 1932 5210 qui
1967 5156 1995 5193 a
2038 5157 2195 5195 sat-ro
2240 5158 2337 5195 cu-

762 5231 941 5285 biculo
970 5240 1099 5287 sunt
1134 5232 1423 5286 tollendum
1450 5231 1712 5286 hominem
1745 5233 2083 5287 inclamaret.
2132 5232 2335 5287 Consi-

762 5324 925 5376 dehat
978 5335 1103 5379 tunc
1163 5324 1367 5379 Bardas
1399 5326 1453 5379 in
1504 5324 1792 5380 Lausiaco.
1844 5323 2191 5381 Theoelistus
2243 5326 2331 5379 vix

763 5418 951 5484 pedem
1002 5418 1311 5482 extulerat,
1359 5434 1483 5472 cum
1541 5419 1823 5475 Michaelis
1858 5420 2074 5489 signum
2118 5419 2193 5473 illi
2231 5420 2334 5488 ipsi

764 5508 955 5575 praeire
1007 5509 1294 5577 ipsumque
1350 5511 1671 5565 antecedere
1730 5511 1920 5567 videns
1974 5513 2134 5565 saluti
2203 5511 2329 5581 fuga

763 5602 1046 5657 mnsulere
1078 5613 1323 5658 conatur.
1363 5601 1509 5673 Fuga
1550 5603 1623 5657 illi
1663 5604 1727 5658 ad
1763 5603 1981 5659 Circum
2007 5645 2020 5667 ,
2046 5620 2150 5674 qua
2180 5616 2334 5673 parte

762 5706 947 5745 eorum
977 5691 1067 5762 qui
1099 5701 1257 5746 erant
1285 5710 1313 5747 a
1345 5692 1601 5755 secretis,
1638 5692 1791 5748 locus
1818 5702 1933 5748 erat
1966 5710 1981 5747 :
2020 5703 2151 5748 tunc
2180 5695 2327 5749 enim

2438 3301 2538 3351 οὑκ
2568 3299 2801 3351 ἐπαύετο
2830 3298 3048 3361 ζιζάνιά
3075 3316 3197 3352 τινα
3225 3301 3354 3368 περὶ
3384 3300 3477 3353 τοῦ
3510 3301 3703 3369 ἀνδρὸς
3727 3305 3793 3370 τῇ
3821 3300 4028 3353 ἑαυτοῦ

2439 3391 2739 3460 ἐνσπείρων
2764 3392 2857 3443 καὶ
2882 3393 2948 3461 τῇ
2976 3392 3071 3444 τοῦ
3107 3392 3374 3462 βασιλέως
3404 3393 3571 3463 ψυχῇ.
3602 3394 3737 3446 ἄλλα
3758 3412 3816 3446 τε
3848 3394 4029 3445 πολλὰ

2438 3485 2567 3553 περὶ
2599 3483 2709 3535 τῶν
2752 3483 2949 3537 κοινῶν
2980 3485 3305 3555 διοικήσεων
3351 3486 3547 3554 λέγων,
3582 3486 3658 3549 ὡς
3689 3489 3771 3540 Οὐ
3816 3485 4029 3553 καλῶς

2438 3578 2914 3645 οὶκονομοῦνται,
2962 3577 3060 3631 καὶ
3100 3577 3187 3631 ἔτι
3242 3578 3339 3631 σοι
3388 3579 3891 3647 καταλειφθείσης
3942 3577 4030 3645 ὡς

2439 3670 2839 3738 κληρονομίας
2888 3670 2995 3737 τῆς
3023 3671 3351 3736 ,βασιλείας
3387 3671 3583 3739 πόρῤω
3621 3687 3737 3724 σου
3793 3670 4021 3736 ταύτην

2437 3756 2615 3825 οὗτος
2639 3760 2812 3823 ποιεῖ,
2846 3760 3040 3829 γάμον
3065 3762 3246 3829 μητρί
3274 3778 3390 3815 σου
3422 3760 3458 3827 ἢ
3497 3760 3618 3813 τῶν
3649 3762 3868 3829 ταύτης
3911 3766 4033 3818 θυ-

2439 3851 2699 3921 γατέρων
2722 3850 2831 3921 μιᾷ
2856 3851 3220 3920 ἐμμελετὼν,
3247 3853 3343 3905 καὶ
3378 3852 3496 3905 σοῦ
3518 3852 3623 3905 τοῦ
3644 3854 3861 3917 ταύτης
3882 3851 4031 3907 vim?

2438 3944 2634 4009 :n'ppw
2664 3958 2780 3995 που
2815 3941 3063 4010 ποιῆσαι
3103 3944 3244 4009 τοὺς
3271 3943 3635 4012 ὀφθαλμούς.
3678 3942 3864 3996 Ταῦτα
3886 3942 4027 4009 γοῦι

2437 4033 2513 4092 ὡς
2542 4034 2667 4103 βέλη
2706 4034 2885 4103 πήξας
2919 4037 2975 4085 ἐν
3011 4036 3209 4105 καρδίᾳ
3244 4033 3337 4086 τοῦ
3367 4033 3633 4102 βασιλέως
3665 4034 3911 4104 διήγειρὲ
3940 4053 4031 4097 τε,

2438 4127 2534 4178 καὶ
2556 4126 2702 4189 ὅπως
2732 4127 2806 4196 μὴ
2831 4124 3005 4179 ταῦτα
3036 4127 3267 4193 γένοιτο,
3299 4128 3528 4195 συνετῆς
3554 4126 3760 4194 ἔφασκε
3788 4124 3901 4177 δεῖν
3928 4127 4034 4179 καὶ

2437 4217 2701 4287 ταχίστης
2734 4217 2949 4287 βουλῆς.
2992 4219 3081 4280 Ὦς
3103 4217 3159 4271 δὲ
3196 4218 3459 4281 πολλάκις
3493 4217 3624 4289 περὶ
3663 4217 3855 4271 τούτου
3889 4235 4035 4271 συνε-

2436 4311 2667 4381 ήρχοντο
2721 4310 2816 4363 τοῦ
2860 4312 3211 4382 πράγματος.
3250 4311 3382 4381 μίαν
3416 4311 3621 4381 ταύτην
3659 4310 3892 4382 ἐκύρουν
3928 4312 4037 4365 καὶ

2437 4404 2665 4474 γνώμην
2704 4403 3003 4471 ἀπέφαινον
3035 4404 3127 4455 τοῦ
3180 4406 3243 4456 ὲκ
3274 4405 3314 4435 ⁷⁸
3356 4405 3523 4473 μέσου
3568 4404 3659 4456 τὸν
3693 4404 4037 4459 Θεόκτιστον

2439 4494 2665 4563 ποιῆσαι
2712 4495 2993 4565 δολοφονίᾳ
3023 4495 3130 4547 τινὶ
3174 4496 3207 4565 ἢ
3262 4496 3551 4566 ὑπερορίᾳ.
3597 4495 3873 4548 Ἐδέδοκτο
3930 4496 4038 4548 οὖν

2442 4584 2637 4648 ταῦτα,
2673 4585 2767 4638 καὶ
2806 4585 2981 4654 πέρας
3023 4586 3252 4638 ἔσπευδε
3292 4591 3403 4649 τοῖς
3463 4585 3803 4656 βουληθεῖσιν
3831 4588 3875 4616 ⁷¹
3923 4589 4039 4640 ἐπ-

2444 4677 2627 4744 άγειν·
2670 4677 2753 4749 [Ρ.
2788 4676 2909 4747 106]
2955 4676 3016 4729 τὺ
3043 4676 3099 4729 δὲ
3129 4673 3197 4747 ἦν
3226 4679 3285 4731 ἐν
3311 4678 3387 4747 τῷ
3416 4678 3601 4731 τοίτον
3640 4678 3852 4746 μέλλειν
3884 4680 4039 4748 πρὸς

2443 4772 2534 4824 τὸν
2561 4771 2873 4825 Λαυσιακὺν
2924 4770 3237 4839 ἐξέρχεσθαι
3284 4772 3423 4839 μετᾶ
3452 4770 3551 4841 τὴν
3574 4770 3684 4823 τῶν
3727 4772 4041 4841 ἀναφορῶν

2441 4865 2712 4933 διοίκησιν
2760 4864 3199 4931 ἐπακολουθῆσαι
3258 4864 3454 4933 μικρὸν
3500 4865 3592 4916 τὸν
3643 4863 3887 4932 βασιλέα,
3930 4867 4041 4919 καὶ

2435 4957 2594 5009 τοῦτο
2649 4956 2809 5026 μόνον
2856 4958 3191 5025 ἀνακραγεῖν
3219 4958 3301 5018 τὸ,
3330 4957 3617 5024 Ἑπάρατε
3652 4956 3857 5017 αὑτὸν,
3904 4962 4040 5022 τοῖς

2436 5049 2836 5122 πραιποσίτοις.
2869 5050 3003 5103 Τότε
3026 5052 3055 5103 ό
3087 5050 3302 5120 Βάρδας
3338 5052 3397 5102 ὲν
3446 5048 3524 5118 τῷ
3559 5050 3856 5120 Λαυσιακῷ
3894 5068 4044 5103 συν·

2436 5143 2700 5213 εδρῖαζεν.
2737 5144 2827 5206 Ὠς
2848 5139 2940 5196 οὖν
2973 5146 3000 5195 ὁ
3024 5143 3345 5204 Θεόκτιστος
3373 5142 3713 5212 προέκυπτεν
3741 5142 3930 5206 ἐξιὼν,
3970 5144 4044 5197 τὺ

2436 5235 2529 5288 τοῦ
2563 5234 2779 5303 Μιχαὴλ
2811 5233 3063 5303 σύνθημα
3098 5233 3395 5302 προτρέχον
3426 5232 3543 5301 ἅμα
3571 5233 3666 5284 καὶ
3699 5232 4042 5300 πφφθάνον

2438 5326 2625 5379 τοῦτον
2657 5325 2801 5395 ὁρῶν
2831 5325 2976 5393 ἔγνω
3016 5329 3162 5395 φυγῇ
3202 5326 3300 5394 τὴν
3341 5324 3618 5393 σωτηρίαν
3657 5328 4043 5395 πραγματεύ-

2442 5419 2657 5473 σασθαι.
2700 5419 2763 5471 'H
2805 5418 2952 5488 φυγὴ
2982 5418 3037 5470 δὲ
3085 5417 3221 5487 πρὸς
3260 5418 3350 5471 τὸν
3398 5417 3736 5487 ἱππόδρομον
3772 5418 3920 5470 κατὰ
3965 5419 4046 5472 τὰ

2440 5513 2778 5582 ἁσηκρητεῖα
2802 5527 2813 5538 “
2859 5510 3083 5579 καὶγὰρ
3112 5512 3291 5563 ἐκεῖσε
3315 5510 3437 5563 τότε
3463 5507 3523 5562 τὸ
3551 5509 3658 5561 τῶν
3684 5510 4045 5580 ἀσηκρήτων

2439 5606 2649 5675 ὑπῆρχε
2696 5602 3064 5671 καταγώγιον.
3107 5602 3247 5655 Ἀλλ’
3302 5602 3408 5656 ὑπὸ
3462 5601 3675 5654 πολλῶν
3705 5601 3734 5653 ὁ
3780 5596 3864 5664 εἷς
3900 5603 4048 5655 συ).-

2438 5698 2666 5769 ληφθεὶς
2700 5695 3039 5765 μένειν,ἀλλ’
3070 5696 3132 5750 οὐ
3162 5696 3384 5766 φεύγειν
3406 5694 3858 5765 κατηναγκάζετο
3879 5710 3892 5723 ·
3932 5698 4049 5751 καὶ

2058 5794 2290 5850 VARUS
2331 5794 2737 5850 LECTIONES.

835 5874 875 5899 ’τ’
906 5877 1131 5947 ἁκήτάτ.
1156 5879 1245 5929 to?
1318 5881 1604 5952 "ex-3pko
1634 5883 1853 5956 γνώμην
1885 5887 1973 5942 καί
2003 5887 2356 5957 ἅπεφαὲνοντο
2386 5889 2489 5940 ὲκῗ
2565 5889 2610 5921 7'
2643 5886 3006 5943 Βο·)>.;υθ;ῖσεν
3032 5886 3053 5934 7
