4154 6446
806 402 903 463 187

1897 410 2406 469 TllEOl‘HANES
2439 409 2993 476 CONTINUATUS.
3948 419 4029 480 Nl

795 529 969 583 cquos
1004 518 1119 585 ipse
1152 534 1310 585 agere
1340 518 1391 571 in
1418 518 1582 573 Circo
1608 536 1639 574 a
1666 535 1727 575 se
1754 521 1993 575 alienum
2042 533 2277 592 putaret,
2303 525 2356 592 (0

2476 520 2762 594 Ῥωμαίων
2788 528 3121 597 βασιλείαςί)
3155 529 3216 580 ού
3254 528 3712 598 παραιτούμενος,
3749 531 3855 581 τῶν
3904 548 4025 602 συμ.

794 620 959 671 quaiu
1013 607 1242 674 protrita
1286 616 1400 661 tum
1451 610 1769 679 abjectaque
1806 614 2016 681 imperii
2071 615 2362 684 dignitas!)

793 712 984 751 corum
1016 699 1107 766 qui
1142 712 1329 753 secum
1364 700 1551 755 ludere
1576 717 1641 755 ac
1674 701 1887 757 ludicro
1916 704 2017 759 hoc
2043 717 2253 761 certare
2278 722 2366 761 so.

797 790 997 854 lebant,
1030 807 1059 843 e
1091 806 1251 846 sacro
1292 795 1615 864 baptismate
1640 798 2008 868 suscipiendis
2043 800 2231 854 liberis
2268 803 2364 854 fis-

794 900 921 939 cum
956 886 1348 954 exhauriebat;
1399 887 1492 957 qui
1549 888 1800 943 videlicet
1858 891 2253 960 quinquaginta
2300 908 2364 947 ac

792 980 1154 1049 quadraginta
1187 981 1515 1051 trigintaque
1548 990 1605 1033 ut
1639 983 1924 1035 minimum
1955 984 2073 1037 auri
2112 984 2277 1037 libras
2311 985 2361 1037 in

792 1070 1037 1136 singulos
1063 1086 1253 1124 eorum
1287 1072 1584 1125 conferret.
1644 1074 1948 1141 Aliquando
1983 1072 2224 1130 Himerio
2248 1078 2363 1130 cui-

791 1161 916 1213 dam
952 1161 1182 1228 patricio
1210 1163 1413 1231 (dictus
1444 1164 1529 1215 hic
1571 1162 1827 1222 Climrus,
1861 1167 2005 1232 quod
2040 1178 2123 1221 est
2148 1184 2359 1237 porcus,

792 1252 862 1305 ab
893 1252 1004 1307 oris
1035 1254 1329 1323 vultusque
1364 1257 1710 1324 rusticitate),
1748 1275 1871 1313 cum
1926 1261 2065 1314 inter
2115 1265 2360 1316 convivia

794 1345 1046 1414 turpibus
1101 1349 1278 1400 verbis
1319 1351 1632 1403 scurriliter
1680 1352 1887 1406 luderet
1925 1368 1986 1407 ac
2019 1356 2364 1422 impudenter

796 1439 848 1491 in
877 1438 1065 1493 faciem
1121 1440 1464 1509 imperatoris
1490 1453 1777 1512 crurisque
1822 1448 2230 1501 convivautium
2287 1466 2361 1503 ex

792 1532 1008 1599 impuro
1037 1542 1227 1587 ventre
1254 1550 1355 1587 suo
1380 1536 1616 1602 pederet,
1661 1538 1732 1589 ita
1792 1545 1851 1589 ut
1904 1540 2111 1593 ventris
2153 1542 2361 1610 crepitu

789 1624 1168 1693 proluccntem
1207 1627 1379 1694 ipsam
1420 1628 1591 1679 facem
1626 1630 1969 1695 exstinxerit,
2003 1631 2084 1687 sic
2107 1632 2364 1687 inaudita:

794 1716 869 1768 rei
910 1717 1175 1769 miraculo
1208 1727 1427 1771 centum
1466 1721 1584 1773 auri
1634 1720 1804 1775 libras
1859 1724 2151 1777 concessit.
2216 1725 2365 1779 Alias

788 1823 1009 1877 quoque
1064 1807 1269 1864 Cheilae
1314 1812 1477 1863 unius
1527 1828 1557 1864 e
1615 1814 1780 1866 sociis
1820 1814 2049 1883 aurigis,
2106 1828 2362 1885 suscepto

789 1903 1028 1968 quodam
1088 1918 1153 1957 ex
1203 1919 1360 1957 sacro
1412 1905 1736 1972 baptismate
1794 1905 1923 1969 ﬁlio,
1977 1909 2095 1961 auri
2137 1910 2359 1963 totidem

793 1993 961 2047 libras
991 1994 1146 2063 173
1182 1995 1375 2049 tribuit
1408 2015 1419 2049 :
1467 1997 1545 2050 sic
1586 1997 1673 2049 ille
1709 1996 1858 2051 nulla
1905 1998 2057 2066 fruge
2096 2001 2361 2070 pecunias

794 2085 1041 2154 publicas
1067 2087 1399 2143 insumebat.
1436 2088 1686 2159 Cumque
1728 2092 1875 2145 brevi
1915 2103 2160 2163 tempore
2187 2097 2365 2151 sceni-

792 2176 873 2230 ris
906 2176 1020 2231 illis
1078 2193 1141 2231 ac
1194 2181 1549 2247 nequissimis
1596 2184 1810 2239 actibus
1866 2194 2045 2238 tantas
2083 2186 2204 2239 illas
2232 2202 2364 2255 opes

792 2267 1153 2335 prodegisset,
1179 2268 1519 2325 Circensium
1545 2284 1757 2327 amator
1777 2277 2198 2343 perditissimus,
2223 2278 2366 2333 dies-

794 2376 902 2429 que
944 2362 1106 2431 regiis
1160 2363 1539 2433 largitionibus
1574 2367 1907 2423 constitutus
1961 2381 2261 2439 appeteret,
2302 2388 2366 2426 ac

792 2452 1309 2522 parandmpecunim
1350 2456 1488 2509 ratio
1540 2456 1775 2523 deesset,
1815 2461 2017 2530 quibus
2051 2462 2233 2515 donati
2264 2463 2367 2515 ini—

793 2547 913 2599 lites
946 2546 1210 2602 adversus
1244 2548 1480 2602 hostium
1508 2550 1684 2603 valide
1722 2554 1867 2605 acies
1910 2553 2192 2608 ili-certant
2224 2571 2366 2609 rem-

792 2654 1141 2711 quetuentur
1193 2643 1533 2709 Romanam,
1589 2649 1856 2701 famosam
1928 2648 2079 2701 illam
2138 2664 2363 2705 auream

791 2736 1068 2804 platanum
1095 2735 1339 2805 duosque
1360 2752 1558 2791 aureos
1582 2738 1767 2793 leones
1788 2753 1851 2791 ac
1868 2739 2087 2792 totidem
2106 2741 2365 2810 gryplies,

796 2829 945 2895 ipsos
983 2844 1202 2899 quoque
1229 2844 1293 2883 ex
1332 2844 1467 2883 auro
1493 2829 1670 2884 solido
1700 2831 1953 2894 duetiles,
1989 2849 2366 2902 organumque

791 2935 930 2973 auro
969 2922 1144 2975 solido
1198 2920 1578 2985 fabrefactum,
1622 2938 1722 2978 nec
1759 2939 1865 2977 non
1901 2927 2165 2996 reliquam
2205 2928 2365 2997 regize

796 3010 1209 3079 magnificentiae
1270 3013 1679 3081 supellectilem.
1724 3015 1844 3068 auri
1903 3019 2081 3084 pondo
2112 3034 2217 3071 non
2260 3019 2360 3072 mi-

792 3120 897 3157 nus
926 3120 1088 3173 quam
1121 3107 1435 3160 centenaria
1460 3108 1695 3161 ducenta
1730 3113 1996 3175 coullans,
2036 3128 2097 3163 ex
2136 3111 2248 3164 illis
2273 3126 2365 3180 pc-

2470 616 2776 679 παιζόντων
2824 618 2975 688 αὐτῷ
3020 619 3114 672 καὶ
3151 620 3615 690 συνηνιοχούντων
3658 621 3722 673 ἑκ
3763 620 3858 673 τοῦ
3901 621 4025 674 θείου

2470 706 2845 775 βαπτίσματος
2885 710 2954 761 τὰ
2982 711 3153 762 τέκνα
3190 708 3603 779 υίοθετούμενος
3646 710 3739 763 τὸν
3772 710 4028 780 βασίλειον

2466 801 2715 864 ὲξεκένου
2756 802 3008 865 πλοῦτον,
3044 802 3384 871 πεντήκοντα
3414 800 3479 871 δὴ
3512 802 3605 854 καὶ
3633 802 4027 873 τεσσαράκοντα

2466 891 2559 941 καὶ
2599 889 2658 941 τὸ
2688 890 2968 957 ἐλάχιστον
3009 892 3225 960 ἑκάστῳ
3252 892 3551 961 τριάκοντα
3586 894 3809 961 χρυσίου
3857 893 4029 960 λίτρας

2466 982 2831 1051 ἐπιχορηγῶν.
2870 983 3005 1036 [lore
3040 983 3095 1035 δέ
3131 1000 3237 1036 τινι
3275 983 3553 1054 πατρικίῳ
3584 984 3859 1055 (Ἱμέριος
3893 980 4029 1046 οὗτος

2465 1074 2714 1125 ἐκαλεῖτο
2741 1074 2769 1125 ὁ
2796 1074 3011 1142 Χοῖρος,
3039 1074 3127 1126 διὰ
3155 1074 3255 1141 τὴν
3286 1073 3382 1126 τοῦ
3414 1073 3712 1143 προσώπου
3739 1074 3883 1127 οὕτω
3908 1092 4030 1126 κατ-

2463 1166 2867 1233 ονομαζόμενος
2943 1163 3286 1234 ἀγριότητα)
3364 1164 3543 1227 ἄλλως
3606 1163 4031 1234 αἱσχρολογοῦντι

2465 1256 2609 1308 κατά
2632 1259 2726 1323 τὴν
2758 1254 3036 1322 τράπεζαν
3062 1255 3153 1306 καὶ
3190 1256 3363 1322 ψόφον
3397 1258 3460 1307 ἑκ
3480 1255 3581 1323 τῆς
3613 1255 3843 1325 βεϐήλου
3880 1256 4032 1307 αὐτοῦ

2464 1350 2699 1417 γαστρὸς
2734 1347 2874 1399 κατά
2905 1348 3195 1415 πρόσωπον
3221 1346 3314 1399 τοῦ
3354 1347 3620 1415 βασιλέως
3652 1348 3747 1399 καὶ
3776 1347 3885 1399 τῶν
3920 1364 4033 1398 σνν-

2463 1441 2825 1491 δειπνούντων
2871 1439 3106 1506 ἀφιέντι,
3142 1440 3215 1501 ὡς
3260 1439 3435 1491 καὶτὸ
3468 1439 3690 1506 φατλίον
3720 1440 3781 1491 τὸ
3825 1439 4036 1501 τούτους

2465 1531 2838 1598 φωταγιογοῦν
2879 1532 2942 1582 ἐκ
2970 1530 3063 1582 τοῦ
3111 1532 3434 1599 τηλικούτου
3460 1530 3639 1600 ψόφου
3687 1530 4033 1590 κατασϐέσαι,

2464 1625 2542 1694 τῷ
2582 1625 2871 1693 παραδόξῳ
2902 1623 2995 1676 τοῦ
3028 1625 3268 1677 τοιούτου
3296 1623 3576 1693 θαύματος
3607 1624 3835 1694 χρυσίου
3862 1624 4036 1692 λίτρας

2463 1719 2663 1769 ἔδωκεν
2710 1718 2924 1769 ἑκατόν.
2960 1716 3065 1770 Καὶ
3114 1718 3282 1770 Χειλᾶ
3311 1717 3365 1769 δὲ
3398 1716 3588 1771 ἄλλοτε
3642 1715 3736 1768 τοῦ
3771 1716 3869 1769 σὺν
3903 1716 4038 1784 αὖτιῇ

2465 1814 2806 1885 ἡνιοχοῦντος
2834 1816 2923 1865 τὸν
2955 1814 3067 1866 υἱὸν
3114 1815 3179 1866 ὲκ
3208 1812 3302 1867 τοῦ
3344 1813 3490 1866 θείου
3522 1810 3752 1881 λουτροῦ
3788 1812 4036 1875 ἀναδεξά-

2470 1924 2629 1978 μενος
2655 1910 2855 1978 ὁμοίως
2885 1907 3110 1977 χρυσίου
3134 1905 3329 1976 λίτρας
3358 1906 3592 1957 δέδωκεν
3619 1905 3833 1957 ἑκατόν.
3863 1904 4036 1963 Οὕτως

2466 2002 2675 2061 ἐκεῖνος
2706 2001 2785 2061 είς
2842 2000 2993 2052 οὐδὲν
3045 1998 3163 2051 δέον
3216 1999 3285 2052 τὰ
3330 1998 3566 2067 δημόσια
3629 1998 4036 2050 καταναλισκεν.

2478 2091 2629 2142 Ἐπεὶ
2662 2089 2715 2142 δὲ
2766 2089 2916 2153 ὲντὺς
2947 2090 3129 2157 ὀλίγου
3164 2089 3361 2159 καιροῦ
3391 2091 3484 2141 τὸν
3533 2088 3788 2140 τοσοῦτον
3820 2087 4042 2140 πλοῦτον

2465 2185 2586 2245 ταῖς
2626 2181 2905 2245 τοιαύταις
2946 2183 3233 2252 σκηνικαῖς
3270 2182 3364 2234 καὶ
3393 2181 3657 2250 ἀθέσμοις
3696 2182 4039 2235 κατανάλωσε

2467 2276 2724 2347 πράξεσι,
2762 2275 2937 2338 δεινὸς
2987 2274 3224 2346 ἐραστὴς
3251 2274 3328 2328 ὣν
3376 2276 3765 2345 ἱπποδρομίας,
3804 2272 3967 2346 ἦλθεν
3994 2276 4043 2326 δὲ

2467 2372 2495 2423 ὁ
2525 2370 2622 2439 τῆς
2672 2369 2934 2439 διανομῆς
2961 2368 3073 2421 τῶν
3107 2367 3404 2438 βασιλικῶν
3444 2368 3666 2437 δωρεῶν
3713 2370 3927 2439 καιρὸς,
3959 2370 4043 2420 καὶ

2467 2465 2766 2533 χρημάτων
2796 2462 2960 2531 πόρος
2990 2462 3089 2513 ούκ
3119 2456 3186 2532 ἦν
3224 2461 3291 2514 δι’
3332 2455 3407 2513 ῶν
3438 2465 3508 2513 τὰ
3552 2462 3942 2530 στρατεύματα
3968 2480 4046 2529 φι-

2466 2553 2834 2623 λοτιμούμενα
2860 2555 2958 2616 τὰς
2990 2553 3099 2606 τῶν
3130 2551 3341 2622 ἐχθρῶν
3365 2553 3699 2624 παρατάξεις
3729 2553 4046 2621 ἀμύνονται,

2468 2646 2566 2714 τήν
2606 2662 2663 2696 τε
2704 2645 2913 2715 χρυσῆν
2940 2646 3157 2715 ἐκείνην
3194 2644 3288 2696 καὶ
3328 2644 3736 2714 πολυθρύλητον
3782 2645 4050 2698 πλάτανον

2468 2737 2563 2788 καὶ
2597 2738 2721 2798 τοὺς
2756 2734 2849 2788 δύο
2877 2734 3115 2805 χρυσοῦς
3145 2736 3390 2800 λέοντας,
3425 2737 3561 2805 πρὸς
3604 2737 3656 2788 δὲ
3688 2738 3780 2788 καὶ
3809 2738 3939 2799 τοὺς
3965 2736 4050 2788 δύο

2469 2829 2681 2898 γρῦπας
2714 2827 3043 2898 ὁλοχρύσους
3075 2828 3237 2890 ὄντας
3281 2828 3375 2881 καὶ
3421 2828 3818 2897 σφυρηλάτους,
3872 2830 3966 2881 καὶ
3996 2829 4051 2878 τὸ

2465 2921 2754 2989 ὁλόχρυσον
2774 2921 3023 2989 ὅργανον,
3056 2919 3189 2973 ἀλλά
3210 2922 3299 2973 καὶ
3325 2921 3488 2988 ἕτερα
3530 2921 3665 2991 ἔργα
3699 2922 3798 2989 τῆς
3834 2920 4046 2989 βασιλι-

2469 3015 2570 3083 κῆς
2591 3012 2879 3074 ἐκθέσεως,
2900 3011 3067 3082 ὁλκὴν
3096 3012 3292 3081 ἔχοντα
3312 3013 3422 3066 τῶν
3448 3013 3740 3066 διακοσίων
3772 3015 3873 3066 οὐκ
3904 3014 4054 3065 ἐλατ-

2468 3124 2560 3159 τον
2591 3107 2985 3176 κεντηναρίων,
3031 3106 3312 3175 χωνεύσας
3347 3108 3581 3178 χαράξαι
3612 3108 3848 3160 δέδωκεν
3894 3109 3953 3158 ἐν
3981 3106 4057 3174 τῷ

793 3197 1012 3249 i-uniani
1072 3198 1205 3251 fisco
1235 3198 1575 3253 inferendam
1635 3202 1759 3256 cudi
1799 3204 2074 3271 prirccpit.
2131 3202 2273 3268 Quin
2318 3215 2365 3257 et

2474 3198 2735 3268 βασιλικῷ
2769 3200 3023 3269 ταμιείῳ.
3057 3198 3137 3271 [Ρ.
3178 3199 3304 3272 108]
3332 3202 3443 3253 Καὶ
3475 3201 3666 3262 στολὰς
3695 3201 3752 3252 δέ
3782 3218 3934 3263 τινας
3965 3199 4055 3269 βα-

791 3290 968 3357 regius
991 3290 1254 3357 quasdam
1284 3300 1389 3343 tam
1417 3292 1801 3359 imperatorum
1820 3310 1982 3362 quam
2003 3295 2368 3362 Augustarum

794 3391 993 3445 \‘cslcs,
1019 3384 1264 3451 adeoque
1294 3386 1457 3438 etiam
1479 3387 1807 3449 senatorias,
1844 3390 1978 3440 alias
1998 3403 2059 3442 ex
2081 3404 2217 3441 auro
2237 3388 2370 3441 soli-

789 3475 891 3527 das
924 3475 1167 3544 aliasque
1199 3491 1336 3529 auro
1372 3477 1626 3541 intextas,
1660 3481 1713 3532 in
1753 3480 1901 3548 regio
1934 3482 2130 3533 :erario
2160 3483 2371 3550 privato

794 3564 1020 3630 positas.
1037 3566 1263 3632 penuria
1286 3565 1501 3618 tandem
1523 3580 1745 3634 pressus
1760 3566 2076 3622 conflandas
2093 3571 2367 3637 exposuit.

790 3654 1111 3724 Quanquam
1136 3655 1486 3710 illisnecdum
1504 3656 1751 3714 conﬂatis
1764 3658 2371 3715 Michaelevirisexi-in-

790 3755 1033 3815 ptnsest.
1054 3746 1290 3817 lnclytns
1304 3756 1485 3802 autem
1502 3746 1756 3814 Basilius,
1774 3751 1886 3819 ipse
1900 3752 2129 3819 imperio
2144 3757 2367 3823 potitus,

790 3854 915 3893 cum
941 3840 1178 3909 integras
1198 3840 1375 3894 adhuc
1394 3855 1457 3894 ac
1471 3840 1771 3898 incolumes
1790 3848 2104 3913 repet-isset.
2124 3851 2267 3916 ipsas
2286 3866 2370 3905 re-

792 3929 953 3997 cepit,
971 3946 1206 3999 aequam
1221 3947 1367 3985 nunc
1386 3947 1642 3987 vocamus
1662 3945 1944 3988 senzatnm
1961 3950 2228 3992 monetam
2246 3940 2370 3994 cudi

786 4024 977 4091 jussit,
1010 4040 1038 4075 e
1089 4024 1253 4078 tantis
1323 4024 1528 4080 divitiis
1565 4027 1695 4078 nihil
1718 4027 1997 4081 inveniens
2027 4043 2219 4099 prmler
2252 4034 2369 4087 auri

796 4116 1113 4170 c-entcuaria
1141 4118 1242 4171 tria
1297 4126 1351 4171 et
1392 4119 1807 4173 niilliarensinm
1848 4124 2098 4176 sai-culos
2141 4141 2367 4190 norem;

796 4210 998 4275 quibus
1024 4210 1211 4276 ',etiam
1271 4210 1325 4263 in
1363 4212 1684 4265 concionem
1720 4213 1900 4268 allatis
1933 4215 2095 4283 inque
2122 4219 2369 4272 ouminm

790 4302 965 4359 oculis
986 4303 1285 4373 productis,
1300 4303 1797 4373 deploravitcoram
1816 4320 2030 4368 senatu.
2052 4312 2372 4366 undetautis

795 4393 900 4446 illis
949 4394 1216 4462 angustiis
1248 4397 1586 4464 procuranda
1622 4398 1719 4467 ipsi
1750 4416 1837 4452 res
1872 4400 2090 4468 publica
2134 4403 2298 4456 foret.

867 4481 1031 4554 174
1058 4483 1147 4536 22.
1188 4482 1387 4538 Verum
1430 4487 1546 4541 lucc
1586 4499 1769 4555 postea
1803 4492 2172 4559 contigerunt.
2212 4492 2369 4549 Tunc

791 4584 971 4626 autem
1000 4574 1168 4629 moris
1194 4574 1651 4643 eratTheodorae,
1684 4591 1739 4633 ut
1764 4596 1979 4635 sacram
2005 4582 2368 4640 Illacliernen-

794 4682 907 4719 sem
939 4668 1107 4721 aedem
1160 4668 1418 4741 frequens
1457 4672 1650 4739 adiret,
1696 4685 1809 4728 tum
1844 4686 1902 4729 ut
1952 4687 2077 4730 vota
2110 4680 2362 4747 quzedam

795 4755 908 4811 Deo
950 4758 1235 4821 redderet,
1276 4771 1388 4815 tum
1434 4778 1564 4817 vero
1604 4765 1767 4819 etiam
1817 4774 1877 4819 ut
1921 4768 2147 4823 lavaret.
2224 4768 2363 4823 Cum

796 4854 977 4921 itaque
1034 4868 1096 4907 ex
1141 4869 1295 4907 more
1351 4856 1684 4925 quandoque
1741 4873 1807 4911 eo
1890 4874 1949 4913 se
2017 4863 2364 4927 contulisset,

793 4941 1023 4995 Michael
1054 4953 1104 4995 et
1131 4941 1335 4999 Bardas
1365 4944 1537 4999 misso
1564 4944 1795 5001 Petroua
1818 4948 1962 5002 illius
1992 4948 2159 5003 fratre
2191 4951 2363 5018 ipsam

794 5050 917 5088 cum
957 5034 1173 5090 llliabus
1201 5045 1471 5090 attonsam
1517 5038 1583 5090 ad
1624 5036 1840 5092 Cariani
1892 5040 2111 5094 interim
2165 5044 2363 5110 palatia

794 5129 1078 5196 relegant:
1137 5139 1324 5195 postea
1365 5146 1494 5185 vero
1542 5145 1650 5184 non
1696 5132 1863 5186 semel
1890 5144 2124 5197 tantum,
2162 5138 2256 5189 sed
2311 5148 2367 5191 et

794 5218 992 5272 iterum
1015 5220 1198 5274 missis
1220 5219 1507 5283 ministris,
1546 5222 1873 5292 illarumque
1898 5224 2033 5278 lisco
2067 5226 2213 5280 illata
2238 5229 2368 5281 sub-

798 5312 1024 5373 stantia,
1062 5313 1323 5381 priiatas,
1346 5329 1410 5367 ac
1438 5315 1581 5369 velut
1607 5316 1817 5385 cvulgo
1856 5316 2112 5386 feminas,
2148 5336 2254 5373 non
2290 5338 2365 5376 rc-

795 5402 887 5469 gio
920 5403 1070 5455 cultu
1109 5403 1291 5456 vivere
1325 5420 1419 5459 cas
1457 5406 1723 5461 siverunt.
1792 5408 1986 5462 Verum
2018 5410 2159 5464 haud
2194 5414 2367 5467 multo

798 5501 924 5563 p0st
948 5491 1235 5549 Theodora
1267 5511 1297 5550 e
1325 5498 1460 5551 vivis
1492 5502 1748 5554 excessit.
1799 5501 2039 5573 lnclytus
2061 5519 2188 5557 vero
2210 5504 2367 5559 Basi-

796 5585 904 5641 lius
942 5597 1200 5658 suscepto
1229 5590 1479 5660 imperio,
1518 5608 1641 5647 eum
1669 5594 1789 5660 ejus
1823 5596 2057 5650 cadaver
2086 5606 2197 5651 tum
2232 5599 2370 5654 filias

793 5678 847 5731 in
864 5680 996 5733 aviae
1013 5683 1405 5739 monasterium
1429 5687 1727 5753 transtulit,
1751 5688 1891 5757 quod
1911 5689 2124 5745 Gastria
2150 5702 2369 5757 vocant,

2476 3290 2686 3353 σιλικάς
2718 3291 2813 3343 καλ⁵
2844 3291 3272 3358 αύγουστιακάς,
3312 3290 3448 3344 ἀλλά
3489 3292 3583 3344 καὶ
3614 3290 3714 3360 τῆς
3746 3293 4057 3361 συγκλήτου

2476 3384 2693 3453 βουλῆς,
2724 3384 2821 3445 τας
2874 3385 2971 3451 μὲν
3005 3382 3353 3453 ὁλοχρύσους,
3379 3385 3476 3446 τὰς
3522 3383 3577 3436 δὲ
3612 3384 4059 3452 χρυσοῦφάντους

2472 3475 2639 3537 οὔσας
2666 3478 2720 3527 ἐν
2756 3475 2832 3543 τῷ
2861 3475 3067 3545 εἰδικῷ,
3102 3476 3237 3545 πρὸς
3277 3474 3356 3544 τῷ
3400 3475 3564 3539 τέλει,
3608 3475 3910 3527 ἐκδέδωκεν
3974 3475 4061 3538 ἐξ·

2474 3568 2719 3637 απορῶν,
2750 3568 2825 3630 ὡς
2848 3568 2910 3620 ἂν
2930 3566 3269 3638 χαραχθῶσι.
3296 3568 3442 3636 Πλὴν
3468 3568 3565 3621 οὐκ
3591 3566 3835 3636 ἔφθασαν
3857 3586 4063 3638 χωνευ-

2476 3660 2654 3729 θῆναι,
2686 3661 2777 3711 καὶ
2807 3661 3013 3721 ἐκεῖνος
3038 3660 3137 3727 μὲν
3161 3658 3221 3723 ἐξ
3248 3659 3551 3730 ἀνθρώπων
3578 3660 3815 3726 ἐγένετο.
3856 3660 4066 3721 ταύτας

2472 3753 2528 3805 δὲ
2587 3750 2867 3810 Βασίλειος
2911 3750 2940 3801 ὁ
2976 3749 3219 3819 ἀοίδιμος
3266 3748 3365 3819 τὴν
3410 3748 3687 3819 βασιλείαν
3731 3748 3917 3802 λαϐὼν
3972 3751 4068 3803 καί

2475 3843 2801 3897 καταλαϐὼν
2841 3842 2920 3893 ἔτι
2958 3842 3299 3909 ἀλυμάντους
3327 3842 3718 3903 ἀνεκαλέσατο,
3749 3842 3843 3894 καλ⁵
3877 3842 3945 3894 τὸ
3974 3842 4069 3893 νῦν

2477 3935 2732 3999 σενζάτον
2765 3934 3104 4002 καλούμενον
3140 3932 3486 4003 χαραχθῆναι
3533 3933 3863 3988 ἐκελεύσατο
3897 3935 3973 3997 ⁷⁸,
4008 3937 4071 3987 ὲκ

2473 4029 2729 4082 τοσούτου
2763 4028 2994 4080 πλούτου
3034 4028 3203 4098 μηδὲν
3237 4027 3426 4097 ἓτερον
3462 4025 3717 4094 εὑρηκὼς
3766 4027 3797 4095 ἧ
3828 4028 4069 4095 χρυσίου

2475 4121 2809 4191 κεπηνάρια
2838 4123 2984 4191 τρία,
3022 4120 3327 4189 μιλιαρίσια
3365 4119 3422 4172 δὲ
3456 4119 3662 4172 σακκία
3692 4119 3874 4179 ἐννέα.
3913 4120 3954 4174 ἃ.
3980 4123 4075 4172 καὶ

2473 4213 2840 4282 δημοσιεύσας
2868 4214 2961 4264 καὶ
2992 4213 3127 4265 πᾶσι
3157 4211 3295 4281 δῆλα
3346 4212 3583 4280 ποιήσας
3616 4211 3947 4279 ἀπωδύρετο
3977 4214 4075 4281 τῆς

2477 4306 2783 4375 συγκλήτου
2815 4305 3045 4358 ἐνώπιον
3079 4304 3180 4375 τὴν
3207 4304 3331 4357 ὅθεν
3375 4303 3569 4373 ἔμελλε
3610 4304 3944 4373 ποιήσεσθαι
3978 4307 4080 4369 τῆς

2478 4400 2753 4461 πολιτείας
2788 4398 3077 4466 διοίκησιν.

2546 4492 2650 4561 κβ’.
2696 4491 2852 4545 Ἀλλὰ
2882 4491 3057 4543 ταῦτα
3089 4490 3189 4560 μὲν
3214 4490 3497 4559 προϊόντος
3525 4487 3618 4541 τού
3666 4488 3863 4557 χρόνου
3908 4491 4083 4555 γεγό-

2474 4602 2660 4638 νασινο
2684 4584 2805 4635 τότε
2838 4584 2893 4635 δὲ
2919 4582 3121 4634 εἴθιστο
3144 4579 3400 4649 Θεοδώρα
3433 4582 3576 4633 κατά
3608 4580 3697 4633 τὸν
3730 4582 3787 4630 ἐν
3812 4579 4007 4649 Βλαχέ
4020 4600 4080 4649 ρ-

2474 4696 2593 4740 ναις
2649 4676 2789 4729 θεῖον
2843 4673 3051 4741 συχνῶς
3104 4690 3220 4733 πως
3267 4673 3559 4740 ἐπιφοιτᾷ-ι
3612 4672 3762 4732 ναὸν,
3792 4674 3945 4740 ὁμο-3
3982 4676 4085 4740 μὲν

2473 4769 2638 4838 εὐχάς
2656 4785 2804 4829 τινας
2838 4764 3163 4819 ἀποδιδοῦσα
3180 4762 3319 4831 Θεῷ,
3342 4763 3480 4831 ὁμοῦ
3500 4763 3555 4815 δὲ
3587 4763 3681 4815 κα)⁸
3706 4762 3801 4815 τοῦ
3830 4765 4087 4833 λουτροῦ

2476 4862 2799 4933 μετέχουσα.
2851 4862 2935 4920 Ὠς
2979 4855 3110 4925 γοῦν
3150 4856 3247 4925 ὀψέ
3275 4872 3403 4908 ποτε
3436 4856 3687 4923 ἀφίκετο,
3722 4855 3811 4906 τὸν
3846 4855 4091 4926 Πετρω-

2473 4955 2571 5006 νᾶν
2598 4950 2825 5017 ἀδελφὸν
2854 4948 3022 5016 αύτῆς
3045 4947 3177 4999 ὄντα
3214 4944 3533 5015 πέμψαντες
3563 4947 3590 4997 ὁ
3627 4943 3850 5014 Μιχαὴλ
3880 4962 3951 4998 τε
3992 4948 4093 4999 καὶ

2468 5043 2679 5113 Βάρδας
2724 5034 3077 5105 ἀποκείρουσί
3116 5052 3176 5086 τε
3202 5032 3408 5101 ταύτην
3448 5034 3585 5101 μετὰ
3617 5036 3713 5093 τὰς
3754 5033 4092 5107 θυγατέρας

2466 5131 2627 5199 ὁμοῦ,
2662 5130 2755 5182 και
2805 5130 2911 5189 τοῖς
2971 5123 3115 5179 κατὰ
3150 5124 3218 5176 τὰ
3259 5123 3536 5192 Καριανού
3577 5124 3920 5193 ἀνακτόροις
3962 5130 4093 5180 τότε,

2474 5225 2573 5294 μὲν
2609 5219 3016 5292 περιορίζουσιν
3039 5235 3052 5249 ·
3075 5217 3303 5285 ὕστερον
3326 5217 3383 5268 δὲ
3408 5217 3509 5285 οὐχ
3537 5215 3684 5282 ἅπαξ
3714 5216 3915 5283 μόνον,
3949 5222 4095 5273 ἀλλα

2471 5318 2567 5371 καὶ
2588 5318 2668 5377 εἰς
2708 5312 3128 5371 ἀποστείλαντες
3158 5309 3516 5375 εἰσεκόμισαν
3544 5310 3634 5359 τὸν
3668 5310 3869 5363 ὲνὸντα
3907 5314 4097 5367 ττλοῦ-

2480 5430 2569 5463 τον
2592 5410 2801 5470 αὐταῖς,
2836 5406 2929 5459 καὶ
2973 5402 3166 5466 κοινῶς
3211 5418 3327 5464 πως
3379 5402 3472 5453 καὶ
3497 5400 3804 5463 ἰδιωτικῶς,
3843 5403 3982 5457 ἀλλ’
4032 5408 4097 5459 ού

2481 5502 2775 5576 βασιλικῶς
2802 5500 2991 5551 είασαν
3026 5497 3144 5565 ζῇν.
3186 5494 3326 5547 Ἀλλ’
3353 5496 3536 5565 ἐκείνη
3561 5496 3660 5565 μὲν
3692 5496 3810 5563 μετ’
3844 5502 3921 5549 οὐ
3952 5500 4101 5553 πολὺ

2478 5600 2586 5651 τῶν
2616 5596 2740 5663 τῇδε
2776 5590 3087 5660 μεθίστατο,
3140 5588 3233 5640 καὶ
3274 5588 3526 5655 Satrici);
3551 5589 3578 5640 δ
3618 5587 3871 5656 ἀοίδιμος
3916 5590 4104 5644 Βασι-

2480 5694 2619 5751 λειος
2646 5686 2816 5755 αὐτῆς
2844 5702 2900 5737 τε
2933 5684 3021 5736 τον
3056 5680 3247 5751 νεκρὸν
3289 5683 3379 5734 καὶ
3406 5682 3504 5745 τὰς
3555 5681 3724 5749 αὐτῆς
3756 5681 4103 5755 θυγατέρας

2092 5785 2320 5842 VARUS
2377 5783 2782 5845 LECTIONES.

873 5872 911 5901 "
942 5875 1327 5927 ἐνεκελεύσαεο
1358 5880 1376 5927 '.’
