4154 6446
107 380 175 441 l89

914 377 1061 436 LIB.
1105 375 1205 437 IV.
1247 372 1678 436 —MICHAEI.
1706 374 2126 436 THEOPHIIJ
2169 376 2449 440 FILIUS.

3213 378 3315 442 190

100 490 199 555 πρὸς
218 482 266 534 τὸ
295 482 390 551 τῆς
418 483 654 551 μάμμης
694 480 910 552 ἔπεμπε
945 485 1315 553 μοναστήριον
1360 485 1632 538 ἑνδιαιτᾶ-
1663 492 1681 546 Δ

1736 494 1791 539 ut
1821 484 1932 539 illic
1959 496 2235 541 morantes
2267 495 2469 543 sancta:
2519 502 2585 542 ac
2629 486 2898 559 religiosae
2934 490 3057 545 vitae
3092 490 3313 546 instituo

100 580 207 637 σθαι,
250 572 387 625 οὕτω
436 573 542 625 τῶν
603 572 886 643 Γαστρίων
948 574 1478 644 κατονομαζόμενον,
1534 577 1630 628 καὶ

96 671 219 730 ὁσίως
270 665 367 736 ζῇν
434 682 491 717 τε
523 666 619 717 καὶ
675 664 1078 718 πολιτεύεσθαι.
1130 665 1427 737 Αὕτη-μὲν
1457 667 1631 732 οὕτως

98 761 279 824 ﬁatﬁat,
313 758 485 828 ὄνομα
500 757 579 828 τῷ
604 757 725 827 υἱῷ,
752 758 849 827 οὐχ
867 757 944 821 ὡς
969 760 1190 826 ἐκεῖνοι,
1214 760 1473 831 πονηρὸν,
1511 761 1629 813 ἀλλ’

96 854 256 921 ἀγαθὸν
299 851 647 906 ἀπολιποῦσά
684 868 743 904 τε
777 852 873 905 καὶ
912 853 1132 923 σεμνόν.
1194 854 1411 923 Ἐδήλου
1445 854 1500 907 δὲ
1534 853 1629 907 καλ⁸

97 947 226 1015 ὴπρδ
271 945 476 1014 ταύτης
538 944 721 1014 βίϐλος
750 943 873 996 ὅθεν
910 961 971 997 τε
1006 946 1119 997 κάκ
1150 945 1312 998 τίνων
1337 945 1499 1013 ἐξέφυ
1535 944 1630 997 καὶ

95 1040 205 1100 ὅπως
247 1032 403 1107 ἧ-λθεν
435 1038 513 1099 είς
543 1036 613 1088 τὰ
663 1035 932 1106 βασίλεια,
987 1040 1081 1091 καὶ
1128 1037 1227 1101 τὰς
1254 1038 1390 1109 αὐτῇ
1419 1040 1540 1092 ὅσαι
1563 1038 1628 1110 δὴ

96 1130 340 1198 θυγατέρες
372 1131 438 1183 ὲκ
485 1130 694 1193 κοιλίας
717 1130 1076 1201 γεγέννηνται
1098 1146 1112 1161 ·
1141 1130 1373 1201 δηλώσει
1400 1131 1458 1185 δὲ
1485 1129 1625 1203 αὕτη

96 1222 363 1288 ενγγένειαν
409 1224 581 1292 αὐτῆς
632 1222 731 1287 τὴν
785 1223 999 1293 λοιπήν.
1031 1219 1214 1277 *Ησαν
1241 1219 1335 1277 οὖν
1361 1225 1409 1276 οί
1448 1224 1627 1295 δηλω-

94 1316 232 1374 Dim;
251 1314 473 1384 ἄρρενες
498 1314 592 1367 δύο
615 1314 853 1383 ἀδελφοὶ,
880 1316 908 1368 ὅ
931 1332 987 1367 τε
1008 1316 1297 1383 Πετρωνᾶς
1322 1320 1627 1387 στρατηγὸς

93 1406 197 1459 κατὰ
242 1407 297 1459 τὸ
329 1405 644 1476 Θρᾳκήσιον
695 1408 789 1459 καὶ
837 1408 1126 1473 πατρίκιος
1180 1408 1503 1477 τηνικαῦτα,
1532 1412 1627 1463 καὶ

92 1494 256 1563 Βὶρδας
274 1495 299 1546 ὀ
312 1493 599 1563 δηλωθεὶς,
616 1494 677 1557 ὃς
701 1495 795 1547 καὶ
813 1511 887 1546 πα
895 1495 966 1564 ρὰ
986 1494 1249 1564 θεοφίλου
1274 1497 1351 1558 εἰς
1374 1515 1425 1551 τι
1442 1497 1550 1550 τῶν
1565 1499 1626 1551 οὐ

92 1587 271 1639 δεόντων
283 1586 782 1654 καταληφθεὶς,τῆς
801 1586 1066 1656 συνήθους
1085 1587 1457 1656 προελεύσεως
1476 1591 1627 1643 ίστα-

93 1678 237 1746 μένης,
254 1677 390 1730 κατὰ
413 1678 474 1730 τὸ
487 1676 797 1747 Ὠρολόγιον
822 1677 1030 1747 ὲτύφθη
1060 1678 1377 1746 μαγγλάόια
1406 1678 1628 1747 ἑξήκον-

96 1785 155 1818 :1.
187 1767 424 1836 ’Δδελφαὶ
453 1767 511 1820 δὲ
535 1770 706 1837 τρεῖς,
726 1768 761 1838 ἦ
798 1785 857 1820 τε
884 1769 1118 1839 εὐφήμῳ
1140 1769 1281 1823 οὕτω
1317 1771 1623 1842 καλουμένη

90 1860 265 1925 ὀνόματι
296 1858 623 1930 Καλομαρία
647 1860 742 1911 καὶ
770 1860 938 1926 Σοφία
989 1860 1086 1912 καὶ
1133 1862 1167 1932 ἡ
1204 1864 1432 1932 Εἰρήνη.
1480 1862 1623 1917 Ἀλλ’

91 1951 215 2019 ἠμὲν
242 1950 405 2017 Σοφία
460 1953 541 2013 είς
593 1950 782 2018 κοίτην
816 1951 1036 2003 ἐδίδοτο
1100 1953 1496 2024 Κωνσταντίνῳ
1548 1953 1625 2023 τῷ

90 2046 194 2096 κατὰ
238 2044 322 2095 τὸν
358 2042 750 2109 Βαϐούτζικον,
786 2042 870 2114 [Ρ.
930 2042 1055 2115 109]
1092 2047 1123 2112 ἠ
1179 2045 1235 2097 δὲ
1299 2045 1626 2118 Καλομαρία

98 2137 328 2208 Ἀρσαδὴρ
350 2136 434 2207 τῷ
448 2137 752 2207 τηνικαῦτα
788 2139 885 2207 μὲν
906 2138 1205 2209 πατρικίῳ,
1227 2138 1419 2192 ἔπειτα
1442 2140 1499 2193 δὲ
1533 2143 1625 2192 καὶ

90 2232 342 2300 μαγίστρῳ,
380 2230 441 2302 [ἡ
468 2230 526 2283 δὲ
557 2231 786 2303 Εἰρήνη]
808 2232 885 2303 τῷ
912 2232 1150 2303 Εἰρήνης
1174 2237 1271 2303 τῆς
1303 2234 1508 2303 μητρὸς
1528 2233 1623 2287 τοῦ

89 2324 191 2391 μιτά
210 2322 369 2375 ταῦτα
412 2324 505 2376 τὸν
537 2324 581 2354 τ⁶
614 2325 1015 2394 πατριαρχικὸν
1044 2325 1235 2396 θρόνον
1268 2324 1625 2389 άντιλαὸομέ-

92 2433 150 2467 μου
178 2418 365 2469 Φωτίου
427 2416 684 2488 ἀδελφῷο
748 2419 867 2488 μεθ’
906 2411 968 2472 οὗ
1024 2420 1120 2471 καὶ
1165 2420 1261 2471 δύο
1305 2420 1623 2473 τεκνώσασα

88 2511 253 2573 παῖδας,
285 2512 559 2578 Στέφανόν
626 2528 686 2564 τε
722 2513 813 2565 τὸν
864 2512 1189 2583 μάγιστρον,
1263 2513 1357 2564 καὶ
1410 2512 1625 2579 Βάρδαν

86 2604 345 2658 τὸνὲαυτοῦ
379 2604 617 2672 ἀδελφξν
667 2606 763 2658 καὶ
806 2606 1111 2674 μάγιστρον
1161 2606 1252 2657 τὸν
1302 2606 1394 2658 τοῦ
1427 2622 1624 2675 πατρι-

86 2699 171 2749 κίου
187 2699 592 2771 Κωνσταντίνου
609 2698 704 2750 καὶ
723 2697 1028 2768 στρατηγοῦ
1049 2697 1325 2767 Σικελίας,
1350 2699 1441 2749 τὸν
1467 2697 1561 2749 τοῦ
1580 2699 1625 2728 ⁷⁷

89 2790 380 2860 Κοιτομύτου
408 2789 666 2859 γαμϐρὸν
699 2781 944 2861 (ἐκεῖθεν
970 2788 1083 2859 γὰρ
1131 2788 1281 2857 αὑτῷ
1310 2792 1403 2843 καί⁹
1448 2791 1481 2858 ή
1531 2787 1624 2839 τοῦ

88 2882 379 2951 Κοντομύτου
408 2880 705 2951 ἐκληρώθη
732 2879 1124 2951 προσηγορία),
1166 2880 1266 2950 τὴν
1299 2880 1625 2947 συγγένειαν

209 2975 291 3025 τὸν
327 2976 684 3046 πατριάρχην
719 2972 887 3036 ἔσωζε
920 2972 1156 3024 Φῲτιοψ
1204 2970 1483 3041 ἐξάδελφοι
1518 2973 1626 3040 γὰρ

84 3066 211 3118 (Maio
256 3067 552 3136 μάγιστροι
615 3060 764 3120 οὗτοι
793 3064 985 3117 τούτου
1033 3064 1351 3133 ἐτύγχανον.
1388 3062 1536 3130 Αὕτη
1568 3063 1624 3116 δὲ

1735 580 1804 633 tis
1847 589 2059 633 aetatem
2104 581 2489 649 transigerent.
2551 581 2646 638 Sic
2695 582 2917 651 quidem
2956 584 3045 637 illa
3098 598 3165 639 ex
3213 582 3316 637 hac

1735 673 1854 726 luce
1887 672 2158 742 migravit,
2193 673 2395 727 bonum
2427 689 2623 729 nomen
2655 689 2720 728 ac
2740 675 3075 739 venerabile,
3109 690 3219 729 non
3255 685 3317 731 ut

1733 765 1809 819 illi
1843 764 2044 819 malum
2080 773 2242 833 atque
2276 781 2525 829 exosum,
2564 766 2674 822 filio
2698 766 3036 836 relinquens.
3062 765 3314 822 Ostendi-

1732 856 2012 911 muslibro
2040 856 2310 925 superiori
2338 858 2628 922 nndenam,
2672 868 2726 912 et
2766 874 2831 911 ex
2876 858 3078 927 quibus
3128 856 3304 913 Theo~

1731 948 1866 1002 dora
1895 957 2013 1003 orta
2056 948 2396 1018 parentibus.
2432 951 2712 1018 quomodo
2756 952 2885 1005 item
2920 952 2973 1003 in
2996 951 3180 1003 aulam
3215 966 3309 1004 ve-

1732 1041 1897 1102 nerit,
1918 1049 2160 1108 quotque
2182 1056 2245 1093 ex
2275 1049 2431 1093 utero
2487 1041 2667 1109 proles
2704 1041 2989 1095 muliebris
3027 1056 3193 1096 sexus
3226 1039 3312 1094 fu-

1731 1132 1868 1188 derit
1897 1150 1910 1184 :
1940 1134 2008 1203 in.
2037 1134 2138 1186 hoc
2173 1149 2300 1187 vero
2327 1134 2447 1201 ejus
2490 1136 2761 1202 reliquum
2799 1138 2971 1202 genus
3019 1149 3081 1187 ac
3110 1148 3312 1201 cogna-

1732 1234 1816 1279 tos
1842 1227 2212 1280 ostendemus.
2286 1224 2529 1279 Fuerunt
2586 1227 2790 1294 itaque,
2856 1240 2997 1295 quos
3049 1225 3313 1287 diximus,

1730 1317 1842 1373 duo
1873 1318 2102 1371 masculi
2140 1315 2357 1378 fratres,
2389 1316 2652 1371 Petronas
2677 1318 3077 1371 'l‘hraeensium
3107 1318 3215 1371 dux
3246 1331 3313 1370 ac

1731 1419 1846 1465 tum
1882 1411 2166 1480 patricius,
2200 1409 2536 1478 Bardasque,
2580 1412 2644 1463 de
2692 1426 2802 1479 quo
2851 1411 3085 1479 egimus.
3144 1410 3312 1463 Porro

1731 1503 1998 1559 Pctronas
2025 1504 2079 1557 in
2123 1503 2363 1573 quodam
2423 1503 2665 1557 facinore
2694 1519 2723 1556 a
2770 1501 3073 1572 Theophilo
3119 1488 3312 1571 depre-

1736 1594 1964 1655 hensus,
2012 1608 2136 1646 cum
2165 1603 2431 1647 consueta
2469 1594 2754 1663 processio
2808 1593 2983 1655 ﬁeret.
3032 1594 3313 1661 sexaginta

1738 1685 2062 1739 verberibus
2092 1684 2155 1737 ad
2184 1683 2537 1753 llorologium
2569 1683 2757 1750 jussus
2788 1692 2872 1737 est
2900 1684 3183 1752 vapulare.
3212 1680 3314 1736 So-

1734 1793 1883 1833 rores
1902 1787 2012 1832 tres
2040 1778 2321 1838 exstitere,
2360 1793 2497 1845 quas
2535 1775 2691 1846 175
2750 1777 2829 1831 sic
2870 1777 3173 1829 honorifico
3216 1791 3312 1829 no-

1729 1871 1876 1924 mine
1915 1868 2278 1924 Calomariam
2326 1868 2612 1931 vocabant,
2670 1878 2722 1922 et
2764 1866 2965 1936 Sophia
3010 1882 3074 1921 ac
3135 1867 3310 1920 lrene.

1730 1963 1804 2016 Ex
1839 1963 1922 2015 his
1946 1961 2150 2032 Sophia
2190 1962 2375 2030 nupsit
2399 1960 2766 2015 Constantino
2808 1959 3108 2014 Babutzico
3137 1976 3149 2010 :
3216 1958 3314 2012 Ca-

1728 2055 2012 2110 lomariam
2058 2054 2215 2107 duxit
2262 2053 2500 2106 Arsaber
2542 2062 2655 2105 tum
2712 2051 2972 2119 patricius
3008 2065 3071 2104 ac
3120 2050 3313 2103 deinde

1729 2147 1989 2215 magister
2023 2165 2037 2200 :
2067 2144 2249 2218 [lrene
2284 2143 2490 2216 autem]
2523 2143 2707 2198 lrenes
2738 2143 2931 2197 matris
2960 2143 3136 2197 Photii
3171 2140 3313 2213 (ejus

1728 2239 1820 2309 qui
1850 2250 2035 2310 postea
2078 2240 2386 2306 patriarcha
2450 2237 2572 2307 fuit)
2625 2236 2778 2289 fratri
2819 2244 2979 2303 nupta
3032 2235 3175 2299 fuit;
3242 2248 3307 2287 ex

1728 2343 1837 2398 quo
1875 2329 2038 2383 etiam
2074 2328 2287 2383 duobus
2342 2328 2615 2396 susceptis
2669 2326 2818 2391 filiis,
2874 2326 3158 2395 Stephano
3195 2340 3312 2379 Ina-

1726 2422 1901 2491 gistro
1938 2431 1987 2475 et
2028 2419 2205 2474 [larda
2247 2421 2396 2477 illius
2431 2420 2617 2475 'fratrc
2667 2430 2828 2487 atque
2872 2418 3158 2489 magistro,
3216 2419 3308 2487 qui

1726 2512 2070 2567 Constantini
2102 2512 2315 2582 patricii
2348 2521 2403 2567 et
2428 2511 2629 2566 Sicilia:
2664 2510 2914 2579 prretoris
2952 2509 3143 2579 (quiet
3173 2509 3314 2561 Con-

1730 2604 1972 2674 tumites)
2022 2619 2186 2673 gener
2228 2603 2329 2657 fuit
2356 2604 2508 2674 (hinc
2551 2605 2698 2657 enim
2740 2605 2854 2657 hmc
2893 2602 2967 2655 illi
3017 2602 3311 2670 appellatio

1730 2695 1929 2765 hazsit),
1960 2711 2085 2749 eum
2118 2694 2312 2748 Photio
2351 2695 2664 2764 patriarcha
2698 2694 3011 2747 allinitatem
3051 2693 3308 2745 servavit.

1727 2787 1904 2842 Ambo
1926 2789 2072 2843 enim
2102 2789 2158 2842 bi
2191 2789 2439 2857 magistri
2461 2789 2609 2843 illius
2639 2797 2869 2857 nepotes
2895 2802 2958 2841 ac
2990 2786 3307 2842 consobrini

1729 2883 1906 2961 fuere.
1960 2881 2169 2935 llorum
2204 2892 2399 2945 mater,
2430 2882 2613 2951 priore
2644 2881 2761 2933 viro
2795 2891 2970 2933 morte
2995 2879 3221 2942 amisso,
3254 2888 3314 2931 ut

1728 2976 1957 3030 alterum
1996 2989 2215 3043 quoque
2252 2971 2455 3027 frustra
2488 2975 2812 3025 morientem
2854 2972 3062 3025 videret
3108 2971 3159 3023 in
3192 2970 3314 3023 ani-

1730 3083 1877 3123 mum
1914 3068 2173 3119 inducere
2215 3067 2409 3119 noluit.
2480 3064 2683 3117 Vivens
2708 3065 2890 3131 itaque
2926 3064 3086 3116 vidua
3112 3071 3165 3116 et
3184 3077 3309 3114 eum

85 3154 149 3206 03v
173 3160 197 3225 ἡ
224 3160 398 3228 μήτηρ
428 3158 545 3211 τῶν
566 3157 892 3228 εἰρημένων,
934 3158 1057 3208 ἐπεὶ
1084 3156 1177 3208 τοῦ
1227 3157 1492 3226 προτέρου
1531 3155 1621 3206 ἀν·
1653 3190 1681 3250 ε

1741 3177 1929 3217 sorore
1966 3161 2020 3213 in
2057 3161 2177 3210 aula
2209 3174 2397 3228 agens,
2440 3158 2684 3227 squalida
2727 3157 2963 3226 quadam
2998 3165 3161 3224 atque
3196 3154 3310 3207 bu-

85 3250 173 3316 δὴ
198 3252 275 3303 διὰ
305 3252 544 3304 θανάτου
573 3251 909 3320 ἡμάρτανεν,
927 3250 1025 3319 οὐχ
1045 3250 1217 3301 εἵλετο
1242 3250 1332 3301 καὶ
1360 3248 1620 3317 δεύτερον

86 3344 178 3397 ίὶεἰν
196 3347 361 3415 μάτην
379 3345 741 3409 ἀποόιοῦντα,
768 3344 916 3409 ζῶσα
944 3344 1000 3396 δὲ
1035 3343 1179 3413 χήρα
1204 3345 1297 3398 καὶ
1315 3344 1381 3412 τῇ
1417 3342 1621 3410 ἑαυτῆς

85 3437 266 3490 nmiae.
314 3439 523 3508 ἀδελφῇ
584 3438 726 3491 κατὰ
775 3437 842 3490 τὰ
875 3436 1142 3507 βασίλεια,
1177 3434 1470 3504 αὖχμηράν
1502 3450 1623 3486 τινα

84 3531 147 3581 nl.
172 3532 414 3601 ταπεινὴν
448 3529 809 3599 ὲστολισμένη
844 3528 1059 3599 στολὴν,
1086 3527 1168 3579 ἔτι
1193 3527 1249 3580 δὲ
1270 3526 1375 3596 μὴν
1403 3526 1495 3578 καὶ
1526 3525 1624 3595 μέ-

82 3619 240 3684 lacum,
265 3625 353 3674 τὶν
382 3622 641 3691 ὗπαρχον
674 3620 1140 3691 ἀπολαμϐάνουσα
1172 3619 1271 3687 τῆς
1312 3617 1514 3688 χειρὸς,
1557 3617 1619 3669 οὗ

84 3712 225 3781 μήκιδέ
257 3716 345 3767 καὶ
394 3715 490 3767 τον
540 3712 857 3783 τειχιώτην,
912 3712 1052 3764 ἀλλὰ
1083 3712 1173 3763 καὶ
1214 3711 1307 3763 τὸν
1349 3710 1619 3779 νούμερον

84 3805 469 3875 ιυνεπαγομένη,
509 3804 655 3857 κατά
674 3803 975 3872 νουμηνίαν
1009 3802 1175 3873 ἀπῄει
1218 3801 1386 3872 βάδην
1411 3818 1473 3853 τε
1526 3802 1622 3854 καὶ

83 3899 179 3966 πεζῇ
198 3899 274 3951 διὰ
294 3900 403 3951 τῶν
425 3897 644 3969 σχολῶν
677 3896 812 3966 πρὸς
838 3897 965 3959 τοὺς
991 3898 1049 3949 ἐν
1077 3898 1192 3960 τοῖς
1222 3896 1622 3965 δεσμωτηρίοις

82 3992 424 4060 κατεχομένους
480 3991 587 4059 τῆς
642 4008 700 4043 τε
735 3990 959 4059 Χαλκῆς
1010 3988 1228 4044 καὶτοῦ
1275 3987 1621 4058 Πραιτωρίου

82 4082 265 4135 nirth
296 4084 631 4154 Νουμέρων,
682 4083 829 4146 τίνος
884 4101 942 4137 τε
990 4084 1156 4154 χάριν
1228 4081 1670 4135 ἀποκέκλεισται

1723 3255 1836 3310 mili
1867 3254 2050 3307 imlnta
2078 3262 2252 3314 veste,
2284 3250 2598 3320 praefectum
2648 3265 2811 3302 manu
2840 3258 3054 3312 tenens,
3087 3262 3310 3313 unaque

1721 3356 2003 3415 assumpto
2036 3347 2258 3399 tichiotc
2290 3360 2355 3398 ac
2387 3343 2657 3397 cohortali
2684 3343 2842 3402 duce,
2880 3342 3087 3396 mensis
3122 3341 3313 3410 cujus-

1721 3454 1828 3510 que
1858 3438 2019 3491 initio
2049 3439 2193 3492 lento
2229 3438 2397 3506 gradu
2462 3440 2735 3508 pedesque
2767 3455 2860 3506 per
2910 3435 3131 3490 scholas
3172 3435 3306 3494 ilat,

1722 3533 1790 3587 ad
1817 3545 1913 3586 eos
1945 3534 2035 3599 qui
2097 3531 2263 3584 vincti
2324 3531 2377 3584 in
2422 3530 2623 3585 Cbalce
2658 3540 2712 3585 ct
2759 3532 2811 3585 in
2864 3528 3310 3599 prtl‘lut‘inalqtlc

1721 3619 1980 3674 Numeris
2013 3628 2377 3686 tenerentur;
2413 3622 2774 3690 singulosque
2811 3636 3038 3675 causam
3071 3619 3309 3674 carceris

1721 3712 2086 3782 interrogans.
2148 3727 2211 3766 ac
2254 3726 2366 3767 tmn
2430 3730 2527 3767 sua
2581 3716 2696 3784 ipsa
2741 3730 2930 3783 opera,
2962 3724 3075 3765 tum
3112 3726 3311 3780 sugge-

1721 3805 1899 3859 StiOne
1929 3805 1993 3857 ad
2041 3820 2285 3859 sororem
2341 3807 2405 3860 iis
2446 3807 2811 3876 proSpicicns,
2863 3805 3005 3859 haud
3056 3803 3306 3871 exiguam

1721 3898 1923 3965 cuique
1948 3897 2386 3951 benedictionem
2444 3914 2507 3952 ac
2541 3898 2950 3965 eleemosynam
3010 3894 3304 3949 tribuebat.

1722 3984 2002 4042 Hactenus
2035 4006 2157 4057 qua:
2192 4000 2441 4057 spectant
2465 3991 2532 4044 ad
2558 3991 2809 4042 fetutinas.

1724 4081 1820 4134 ἕνα
1863 4084 2127 4154 ὲρωτῶσα
2189 4084 2311 4137 καθ’
2358 4085 2453 4137 ἕνα
2506 4086 2598 4137 καὶ
2650 4080 2930 4135 διοικοῦσα
2957 4081 3082 4144 τοὺς
3116 4080 3212 4150 μὲν
3241 4069 3307 4131 δι’

82 4176 247 4246 ἑαυτῆς,
276 4181 401 4241 τοὺς
431 4180 493 4231 δὲ
527 4179 618 4232 διά
646 4178 744 4247 τῆς
778 4177 916 4249 πρὸς
967 4177 1066 4248 τὴν
1110 4176 1346 4249 ἀδελφὴν
1381 4177 1765 4247 ὑπομνήσεως,
1798 4175 2014 4247 ἑκάστῳ
2086 4176 2195 4230 τῶν
2263 4177 2688 4247 φρουρουμένων
2732 4174 2985 4243 εὐλογίαν
3043 4175 3305 4243 ἐπιχορη-

81 4273 205 4337 γοῦσα
231 4275 285 4326 οὗ
326 4273 542 4344 μικρὰν
571 4272 667 4326 καὶ
694 4272 1086 4342 ἐλεημοσύνην.
1117 4273 1225 4324 Καὶ
1254 4272 1320 4325 τὰ
1353 4272 1451 4343 μὲν
1480 4272 1616 4323 κατά
1652 4272 1750 4342 τὴν
1774 4274 2160 4338 γυναικωνῖτιν
2188 4271 2348 4325 οὕτω.

130 4366 212 4435 κγ’.
243 4370 294 4421 ’0
318 4368 374 4421 δὲ
402 4367 627 4436 Βάρδας
650 4362 717 4438 ἦν
744 4367 860 4426 ὃ).ος
880 4367 946 4420 τὰ
966 4368 1064 4437 τῆς
1096 4366 1372 4436 βασιλείας
1400 4368 1620 4435 ἐπιτροο

84 4460 215 4511 ιεύων
238 4464 325 4514 καὶ
351 4459 607 4526 διοικῶν,
638 4461 736 4513 καὶ
762 4459 870 4513 τῶν
900 4461 1104 4513 λοιπῶν
1131 4460 1502 4529 διαφερόντως
1543 4459 1619 4523 ὡς

85 4554 290 4623 ςιγγενὴς
310 4556 407 4606 τοῦ
445 4553 724 4623 βασιλέως
758 4552 1121 4622 ἀγαπώμενος
1142 4569 1154 4581 ·
1207 4553 1359 4606 ἐνθεν
1392 4556 1486 4607 καὶ
1517 4556 1616 4623 τὴν
1652 4580 1692 4634 Ι)

85 4646 450 4711 χωροωλάτου,
483 4639 604 4698 οἷον
637 4640 799 4697 ἆθλον
826 4646 916 4697 ἐπὶ
937 4648 1000 4716 τῇ
1037 4645 1262 4717 ἀδελφῇ,
1287 4647 1452 4715 τιμὴν
1483 4646 1617 4699 ἀνα-

81 4732 254 4802 δέχεται,
286 4740 379 4792 καὶ
427 4737 580 4791 κατὰ
610 4737 720 4789 τῶν
780 4736 1135 4806 Ἰσμαηλιτῶν
1158 4739 1253 4791 καὶ
1288 4737 1382 4791 τοῦ
1414 4740 1614 4809 Ἀμερ,

84 4823 220 4899 ὥσπερ
244 4833 482 4902 εἴρηται,
524 4828 1046 4899 ἀντιστρατεύονται
1084 4830 1220 4899 μετά
1244 4828 1339 4882 τοῦ
1373 4830 1614 4899 Μιχαὴλ,

86 4917 446 4987 ἱρτιτελοῦντος
471 4920 654 4975 αὐτοῦ
679 4922 757 4985 είς
782 4920 980 4991 ἄνδρας
1004 4921 1063 4985 ἐξ
1084 4922 1366 4987 ἀγενείων,
1387 4923 1616 4992 δυνάμει

87 5010 189 5081 τήτῃ
210 5030 261 5067 τε
288 5014 381 5067 καὶ
412 5014 596 5085 χειρί.
639 5011 726 5075 Ὠς
752 5012 797 5064 δ’
832 5011 926 5065 οὖν
955 5011 1055 5081 τῆς
1094 5012 1203 5065 τῶν
1231 5013 1490 5066 ἐναντίων
1522 5014 1613 5065 ἑπ-

86 5101 232 5170 έίησπν
257 5110 377 5176 γῆς.
410 5108 567 5161 κατὰ
589 5104 749 5158 πόλιν
771 5104 1063 5174 Σαμόσατα
1099 5106 1423 5176 λεγομένην,
1454 5107 1618 5160 δυνά-

87 5210 147 5260 pst
184 5214 231 5249 τε
276 5200 583 5269 βρίθουσαν
636 5197 731 5249 καὶ
794 5197 958 5265 ίσχύῖ,
991 5198 1240 5264 ἄγονται,
1285 5197 1376 5249 καὶ
1410 5199 1619 5268 ταύτην

87 5287 336 5361 ἐπεχείρουν
390 5292 741 5361 πολιορκεῖν.
794 5288 934 5342 Ἀλλ’
992 5290 1340 5355 ὲλελήθεισαν
1387 5291 1447 5343 οὐ
1477 5292 1619 5345 κατὰ

87 5381 304 5454 θεοδώρας
354 5387 623 5457 αἴροντες
672 5384 851 5454 χεῖρα,
884 5382 1025 5436 κατὰ
1054 5382 1110 5435 δὲ
1141 5384 1496 5453 πολυτρόπων
1525 5386 1621 5437 ἀν-

240 5477 318 5540 Ὧς
352 5480 454 5545 μὲν
482 5476 606 5545 γὰρ
633 5470 701 5547 ἦν
733 5473 891 5546 τρίτη
936 5473 1038 5543 τῆς
1067 5476 1353 5546 ἐφεδρείας
1408 5476 1619 5543 τούτοις

89 5566 233 5633 ἡμέρα,
260 5574 289 5640 ἡ
320 5572 517 5641 πρώτη
545 5569 609 5622 δὲ
648 5569 739 5621 καὶ
770 5569 931 5639 κυρία
967 5568 1077 5620 τῶν
1127 5569 1373 5637 ἡμερῶν,
1394 5570 1620 5639 ἔμελλον

89 5655 123 5706 ξὲ
144 5659 215 5731 τὴν
252 5665 605 5735 ἀναίμακτον
648 5660 1039 5731 μυσταγωγίαν
1071 5659 1407 5734 ἐκπληροῦν,
1443 5664 1517 5730 ὡς
1550 5666 1617 5719 ἂν

1800 4368 1961 4438 176
1988 4367 2076 4421 '25-
2106 4366 2279 4422 ΡΟΠὈ
2316 4367 2520 4422 Bardas
2584 4368 2636 4419 in
2684 4364 3035 4436 procurando
3079 4361 3310 4416 admini-

1726 4461 2060 4533 strandoque
2088 4461 2318 4527 imperio
2344 4470 2492 4514 totus
2526 4468 2677 4523 erat;
2715 4474 2778 4512 ac
2824 4458 2974 4510 velut
3006 4456 3097 4524 qui
3132 4456 3308 4523 impc-

1727 4561 1959 4607 ratorem
1996 4554 2253 4608 allinitatc
2290 4554 2607 4621 attingebat,
2644 4568 2753 4620 prta
2787 4549 3011 4619 reliquis
3069 4548 3147 4601 illi
3174 4547 3306 4601 cha-

1724 4663 1819 4700 rus
1848 4662 1911 4700 ac
1935 4646 2165 4701 dilectus
2194 4657 2332 4701 erat.
2403 4646 2613 4699 Idcirco
2661 4644 2824 4697 etiam
2864 4642 3009 4695 velut
3068 4641 3122 4695 in
3156 4656 3307 4694 sum-

1726 4749 1887 4793 mota:
1910 4740 2118 4793 sororis
2132 4737 2757 4808 praemiumcuropalatm
2776 4735 3036 4804 dignitate
3054 4744 3303 4795 ornatur,

1728 4848 1943 4901 unaque
1968 4849 2091 4887 cum
2128 4832 2412 4893 Michaele.
2448 4832 2540 4900 qui
2574 4830 2660 4884 elll
2684 4840 2856 4883 n‘cnte
2887 4829 3000 4897 jam
3041 4828 3306 4897 lanugine

1726 4936 1898 4976 annos
1924 4922 2106 4975 viriles
2133 4920 2326 4978 inibat.
2348 4937 2471 4974 cum
2499 4922 2699 4989 ingenti
2729 4934 3009 4973 armorum
3037 4926 3304 4987 apparatu

1728 5030 1793 5069 ac
1834 5014 2074 5068 exercitu
2116 5015 2378 5068 adversus
2433 5012 2740 5066 lsmaclitas
2788 5022 2843 5063 et
2900 5012 3175 5073 Amerem,
3250 5018 3308 5063 ut

1728 5121 1890 5172 supra
1922 5106 2257 5171 dicebamus,
2302 5105 2689 5175 proficiscitur.
2754 5103 3054 5174 Postquam
3121 5104 3308 5172 itaque

1729 5200 1782 5254 in
1819 5200 2085 5254 hosticum
2126 5198 2399 5268 pr0gressi
2451 5198 2741 5251 Samosata
2787 5206 3075 5258 venerunt,
3114 5198 3305 5249 urbem

1727 5294 1936 5348 scilicet
1981 5293 2178 5347 civium
2240 5292 2589 5345 multitudine
2634 5306 2700 5344 ac
2753 5292 2947 5343 robore
2996 5297 3301 5358 potentem,

1719 5389 1839 5458 ejus
1860 5386 2201 5441 obsidionem
2221 5385 2636 5455 aggrediuntur.
2655 5381 2927 5435 Nimirum
2956 5395 3062 5433 non
3093 5380 3307 5433 intellc--

1720 5490 1911 5535 xerant
1940 5496 2048 5535 non
2084 5496 2143 5535 se
2177 5480 2442 5534 adversus
2483 5477 2831 5531 Theodoram
2864 5476 3046 5527 levare
3077 5488 3299 5531 manus.

1719 5574 1811 5629 Sed
1847 5574 2109 5628 adversus
2148 5572 2503 5626 vaferrimum
2560 5569 2844 5624 hominum
2872 5582 3062 5637 genus.
3118 5563 3300 5618 Tertia

1721 5670 1902 5738 itaque
1932 5668 2237 5725 obsidionis
2271 5668 2378 5731 die,
2435 5680 2557 5737 qua:
2596 5665 2768 5733 prima
2803 5661 3015 5717 dierum
3059 5660 3289 5731 ipsaque

1350 5762 1585 5820 νΑιιιΑς
1643 5765 2044 5822 LECTIO‘NES.

137 5845 165 5876 τ’
196 5851 265 5904 τὶν
286 5870 387 5909 om.
424 5854 485 5910 l‘.
576 5852 624 5884 ⁷⁷
657 5849 745 5905 τὸν
766 5848 882 5922 τοῦῙ
924 5849 1015 5904 τοῦ
1059 5851 1191 5905 mi?
