4154 6446
790 360 884 428 191

1812 365 2327 431 TIIEOPHANES
2355 363 2914 428 CONTINUATUS.

3948 359 4054 423 19?.

782 480 1008 536 domina
1040 477 1162 545 fuit,
1193 478 1409 552 expleto
1440 477 1552 551 jam
1591 476 1709 535 fere
1736 478 2025 535 lncrueuto
2061 476 2359 542 sacrificio,

2479 476 2575 530 τῶν
2612 476 2784 546 άγίων
2838 474 3158 550 μυστηρίων
3212 473 3561 546 μετάσχοιεν,
3616 470 3900 542 ιξαίφνης,
3951 471 4055 526 εἴτ’

782 580 843 626 ιιι
877 569 1051 626 sacris
1080 571 1357 644 mysteriis
1392 570 1831 642 impartireotur,
1855 578 2080 639 repente
2105 568 2245 640 (sive
2274 568 2362 624 lu-

781 669 940 717 caute
974 660 1065 717 illa
1096 661 1445 733 peragebant,
1479 659 1596 718 sive
1620 660 1783 718 etiam
1831 659 1908 717 rei
1948 660 2157 717 bellica:
2192 660 2363 732 Impe-

782 749 906 806 ritia
942 751 1129 808 urbem
1194 751 1495 824 hastasque
1524 752 1971 820 contemnebant,
2038 752 2365 823 nullumque

782 839 898 897 fore
949 842 1353 899 arbitrabantur
1402 842 1499 914 qui
1553 843 1735 899 levare
1796 859 2019 900 manum
2053 845 2073 898 I
2102 844 2367 898 adversus

784 932 1093 986 Romanum
1148 933 1538 1002 imperatorem
1592 935 1838 1004 auderet)
1892 936 2012 1005 ipsa
2071 934 2207 988 hora
2257 950 2367 1004 qua

791 1024 1075 1092 mysteriis
1103 1023 1452 1092 inipartiendi
1484 1036 1664 1092 erant,
1710 1025 1955 1094 undique
2002 1040 2069 1079 ex
2104 1026 2238 1080 urbe
2272 1041 2365 1079 ar-

785 1112 917 1166 mati
956 1114 1235 1168 irruentes
1264 1124 1476 1168 tantum
1515 1117 1597 1168 eis
1618 1124 1879 1169 terrorem
1908 1098 2282 1180 incusserunt,
2310 1124 2370 1169 ut

782 1222 943 1261 nemo
975 1206 1241 1275 impetum
1279 1208 1575 1271 sustinere,
1607 1222 1769 1261 nemo
1809 1222 1914 1261 non
1958 1206 2084 1277 fuga
2131 1208 2363 1262 salutem

781 1302 1038 1371 expedire
1061 1302 1492 1369 conspiceretur.
1522 1298 1639 1370 Ipse
1685 1299 1914 1354 Michael
1960 1300 2046 1353 vix
2085 1300 2137 1353 in
2165 1314 2364 1369 equum

781 1392 1015 1445 evadens
1042 1389 1302 1459 fugientis
1337 1391 1640 1459 specimen,
1681 1404 1789 1443 non
1823 1389 1925 1442 viri
1953 1388 2110 1443 furtis
2130 1389 2367 1459 ejusque

782 1484 876 1552 qui
910 1483 1061 1552 prior
1092 1484 1148 1537 in
1182 1484 1303 1538 acie
1334 1491 1523 1546 staret,
1589 1481 1761 1537 dedit.
1812 1482 1904 1537 Sic
1949 1498 2091 1551 aegre
2144 1482 2367 1536 tandem

784 1585 1030 1630 servatus
1057 1585 1164 1636 est.
1209 1575 1325 1629 suis
1353 1574 1615 1629 omnibus
1666 1583 2090 1642 castrorumque
2137 1575 2369 1645 impedi-

785 1667 979 1721 mentis
1012 1667 1063 1718 in
1098 1666 1338 1719 hostium
1379 1675 1648 1735 potestate
1698 1665 1928 1719 relictis.
1997 1665 2114 1721 Illic
2147 1666 2371 1721 Carbem

785 1758 966 1825 (cujus
995 1773 1160 1825 supra
1205 1758 1581 1821 meminimus,
1607 1757 1699 1825 qui
1729 1767 1783 1811 et
1799 1758 2095 1827 'l‘ephrices
2117 1759 2370 1813 conditor

2466 567 2795 638 ἀφυλάκτως
2818 562 3098 628 τελοῦντες
3114 561 3401 628 αὑτὰ,εῐτε
3433 559 3529 616 καὶ
3560 560 4054 631 καταφρονητικῶς

2463 659 2678 731 ιχοντες
2717 656 2854 730 πρὸς
2915 656 3014 729 τὴν
3071 654 3229 712 πόλιν
3264 652 3333 708 δι’
3390 651 3650 723 ἀπειρίαν
3697 649 3775 714 ὡς
3812 648 3888 722 μὴ
3918 649 4055 720 πρὸς

2467 750 2687 823 βασιλέα
2721 749 3008 821 Ῥωμαίων
3038 744 3170 821 ἆραι
3195 745 3500 819 τολμῶντος
3530 744 3690 816 χεῖρά
3720 758 3887 805 τινος.
3910 758 4059 797 κατα

2464 842 2562 913 τὴν
2584 842 2735 914 ὤραν
2765 843 2825 896 ιν
2924 840 3036 894 τῶν
3065 839 3227 895 θείων
3250 839 3478 909 ῐμελλον
3514 840 3811 909 μετασχεῖν
3844 853 4062 907 μυστη-

2469 930 2620 1001 ρίων,
2659 928 2924 982 πάντοθεν
2956 928 3076 997 μεθ’
3103 929 3284 981 ὃπλων
3309 928 3765 998 ἐκπεπηδηκότες
3817 927 3921 995 τῆς
3953 928 4061 977 πό-

2467 1022 2623 1084 λεως,
2656 1021 2756 1073 οὐκ
2779 1017 2847 1091 ἦν
2874 1022 3002 1074 ἰδεῖν
3027 1020 3117 1073 τὸν
3150 1021 3301 1083 ὅστις
3354 1019 3645 1089 Ῥωμαίων
3685 1018 3771 1091 [Ρ.
3800 1016 3928 1087 HO]
3953 1019 4062 1070 οὐκ

2469 1115 2668 1184 ἐχρῆτο
2701 1116 2871 1183 φυγῇ.
2911 1113 3083 1165 Ἔνθα
3122 1112 3217 1165 καὶ
3262 1114 3292 1165 ὁ
3345 1111 3573 1182 Μιχαὴλ
3614 1110 3767 1181 μόλις
3822 1128 3929 1163 που
3962 1110 4065 1161 τὸν

2469 1207 2637 1259 ἴππον
2664 1205 2871 1267 ἀναϐὰς
2923 1204 3143 1273 φεύγων
3181 1204 3492 1275 καθωρᾶτο,
3521 1204 3638 1257 ἀλλ’
3665 1204 3729 1257 ού
3777 1204 4064 1270 προπολε-

2474 1296 2622 1367 μῶν·
2658 1297 2802 1350 οὕτω
2832 1313 2935 1349 που
2962 1296 3121 1366 μόγις
3151 1296 3485 1361 ὲκσέσωστο,
3532 1295 3738 1365 σκηνὰς
3766 1294 3941 1357 αὐτὰς
3964 1293 4066 1346 καὶ

2470 1392 2570 1461 τὴν
2598 1391 2697 1460 ὅση
2720 1391 2931 1454 τούτοις
2955 1390 3226 1461 θεραπεία
3247 1390 3460 1459 προσῆν
3484 1391 3601 1442 ἐκεῖ
3621 1385 4065 1447 καταλελοιπώς.

2474 1481 2644 1535 Ἔνθα
2685 1484 2778 1534 καὶ
2806 1482 2900 1533 τὸν
2949 1479 3508 1553 προμνημονευθὲντα
3538 1480 3704 1547 φασὶν
3733 1477 4069 1548 ἀριστεῦσαι

2470 1574 2734 1645 Καρϐἐαν
2781 1573 2873 1627 τὸν
2929 1574 3031 1641 τὴν
3061 1572 3340 1644 Τεφρικὴν
3391 1571 3926 1642 οἰκοδομησάμενον,
3967 1573 4071 1623 καὶ

2471 1667 2641 1721 πολὺν
2665 1667 2723 1718 οὐ
2761 1666 2922 1735 μόνον
2937 1665 3032 1718 τοῦ
3062 1665 3287 1734 χυδαίου
3318 1664 3517 1735 φθόρον
3543 1663 3675 1717 λαοῦ
3706 1663 4072 1732 κατεργάσα-

2474 1759 2621 1818 σθαι.
2651 1758 2786 1810 ἀλλὰ
2805 1759 2900 1810 καὶ
2928 1756 3035 1809 τῶν
3065 1758 3319 1826 μεγάλων
3346 1756 3413 1826 δὴ
3450 1755 3774 1825 στρατηγῶν
3814 1755 4076 1822 ζωγρείᾳ

791 1817 946 1919 ῙᾱῚ
986 1817 1108 1915 fuii)
1138 1849 1354 1917 egregie
1382 1817 1533 1901 aiunt
1562 1817 1818 1901 rirtuteni
1851 1817 2139 1914 enituisse,
2176 1858 2234 1901 ut
2260 1865 2366 1903 non

2479 1817 2658 1903 λαϐεῖν
2679 1848 2770 1901 τόν
2794 1866 2853 1902 τε
2878 1817 3282 1916 τζαγγότουϐον
3310 1817 3413 1901 τὸν.
3437 1817 3765 1916 Ἀϐεσαλῶμ
3786 1817 3878 1899 καὶ

786 1942 961 1996 solum
998 1941 1273 2010 gregarios
1295 1941 1495 1995 multos
1531 1949 1692 2010 atque
1719 1942 1987 1995 obscuros
2011 1941 2367 2006 interfecerit,

788 2049 974 2089 rerum
1017 2048 1243 2103 magnos
1278 2048 1496 2102 quoque
1526 2032 1696 2088 duces
1722 2035 1953 2104 ceperit,
1978 2050 2169 2105 nempe
2193 2034 2370 2091 Tzau-

789 2125 1052 2191 gotubum
1075 2122 1465 2178 Ahessalouem
1483 2132 1535 2177 et
1564 2121 1799 2177 Seonem
1848 2122 2181 2190 Palatinum,
2210 2124 2373 2179 alios-

785 2230 891 2284 que
921 2215 1127 2285 legatos
1158 2225 1323 2284 atque
1355 2214 1604 2268 tribunos
1637 2214 1780 2267 haud
1809 2213 2097 2283 pauciores
2124 2222 2366 2269 centum.

791 2309 1168 2363 servabantur
1209 2323 1340 2377 ergo
1389 2308 1469 2371 hi,
1502 2322 1644 2376 quos
1673 2306 1810 2371 dixi,
1859 2307 2025 2361 duces
2068 2309 2121 2360 in
2147 2323 2371 2364 carcere

794 2413 1073 2456 transacto
1102 2401 1244 2455 bello
1272 2419 1287 2467 ;
1325 2415 1388 2455 ac
1413 2415 1575 2470 quam
1608 2399 1851 2454 Carbeas
1874 2409 2151 2470 exegerat,
2184 2401 2373 2473 ingen-

790 2506 897 2549 tem
923 2494 1031 2548 vim
1056 2494 1173 2548 auri
1206 2495 1369 2547 domo
1400 2494 1709 2556 advectam,
1769 2493 2166 2561 redemptionis
2199 2493 2374 2562 pretio

791 2588 1193 2657 persolverunt.
1222 2586 1458 2642 Carbeas
1492 2587 1668 2655 pretio
1695 2594 1916 2654 accepto
1940 2582 2171 2638 Seonem
2201 2585 2371 2638 inter-

796 2690 970 2751 rogat,
1006 2698 1132 2734 nunt
1176 2696 1510 2734 reuereorum
1547 2696 1726 2733 amore
1765 2678 2066 2748 afﬁciatur,
2099 2690 2372 2747 malusque

792 2772 1104 2826 libidinosas
1134 2772 1188 2823 in
1234 2786 1451 2838 corpore
1479 2773 1721 2827 sentiat?
1750 2768 1991 2837 Negante
2020 2768 2130 2831 illo,
2165 2782 2228 2822 ac
2280 2783 2372 2822 as-

798 2872 1015 2917 serente
1054 2862 1188 2914 uihil
1218 2878 1271 2915 se
1302 2863 1370 2914 iis
1409 2861 1597 2931 afﬁci,
1632 2860 1820 2913 eadem
1856 2860 2053 2913 iterum
2099 2874 2164 2913 ex
2197 2857 2371 2914 Abes-

792 2957 981 3009 salone
1039 2962 1412 3024 percontatur.
1489 2953 1793 3008 AbessMon
1851 2962 2032 3006 autem
2090 2960 2370 3020 comperta

796 3048 1032 3101 hominis
1082 3046 1325 3114 nequitia
1373 3062 1436 3098 ac
1456 3044 1604 3109 dolo,
1652 3045 1768 3099 sive
1810 3044 1973 3098 etiam
2019 3044 2162 3112 quod
2202 3042 2281 3097 sic
2314 3058 2372 3097 re

2472 1941 2563 1993 τὸν
2603 1940 2923 2001 παλατῖνον,
2955 1940 3048 1993 καὶ
3067 1939 3289 2009 ἐτέρους
3306 1940 3759 2011 ὑποστρατήγους
3786 1941 3880 1993 καὶ
3898 1957 4076 2007 coup-

2476 2033 2694 2102 μάρχας
2725 2032 2853 2102 ἄχρι
2880 2031 2989 2084 τῶν
3025 2031 3241 2087 ἑκατόν.
3314 2030 3645 2101 ’Βτηροῦντο
3681 2027 3775 2083 οὖν
3801 2032 3850 2082 οἱ
3882 2030 4078 2101 δηλω⁴

2474 2124 2658 2187 θέντες
2692 2123 2988 2194 στρατηγοὶ
3010 2122 3148 2193 μετά
3172 2121 3271 2191 τὴν
3300 2120 3395 2175 τοῦ
3428 2121 3668 2189 πολέμου
3699 2120 4078 2189 παραδρομὴν

2473 2219 2532 2271 ὲν
2567 2220 2633 2287 τῇ
2664 2216 2915 2286 φυλακῇ·
2974 2217 3068 2269 καὶ
3098 2216 3164 2287 δὴ
3210 2218 3473 2286 χρήματα
3526 2215 3685 2268 ἱκανᾶ
3729 2214 3807 2283 τῷ
3832 2214 4081 2285 Καρϐἐα

2474 2311 2737 2376 ἐδίδοσαν,
2784 2310 2997 2363 οἴκοθεν
3036 2309 3552 2379 μεταπεμψάμενοι,
3581 2307 3681 2378 τὴν
3711 2308 3891 2361 αὐτῶν
3924 2311 4079 2361 ἁπο-

2473 2402 2744 2474 λύτρωσιν
2773 2402 3171 2468 ἐξαιτούμενοι.
3228 2400 3315 2464 Ὦς
3351 2400 3395 2453 δ’
3445 2399 3638 2453 ἐλαϐεν
3687 2401 3782 2453 ἐπὶ
3814 2402 4018 2469 χεῖρας
4050 2401 4081 2450 ό

2473 2494 2755 2566 Καρϐέας,
2786 2494 2976 2564 ἠρώτα
3011 2494 3105 2547 τὸν
3121 2493 3277 2562 Σηὼν
3298 2493 3481 2557 εὐθὺς,
3496 2496 3549 2547 ει
3571 2494 3719 2563 πρὸς
3735 2494 4084 2563 ἀφροδίσια

2473 2590 2599 2657 ἔχοι
2628 2586 2915 2655 ἐρωτικῶς
2947 2586 3047 2641 καί
3081 2586 3146 2640 τὸ
3182 2585 3400 2641 ἑαυτοῦ
3429 2585 3602 2654 σῶμα
3650 2587 3902 2652 κίνησιν
3933 2586 4084 2654 ἔχοι

2474 2679 2590 2745 τὴν
2616 2678 2850 2747 ἐμπαθῆ
2870 2694 2882 2706 '
2910 2678 2985 2741 ὡς
3004 2678 3049 2730 δ’
3071 2677 3451 2749 ἀπηγόρευσεν
3479 2681 3507 2731 ὁ
3535 2677 3691 2747 Σηὼν
3714 2680 3808 2731 καὶ
3824 2677 4085 2747 πάσχειν

2474 2788 2528 2824 τι
2558 2770 2796 2823 τοιοῦτον
2844 2768 3150 2840 ἀπέφησεν,
3199 2769 3388 2840 ἠρώτα
3434 2768 3597 2823 πάλιν
3640 2770 3707 2824 τὰ
3751 2772 3921 2839 ὃμοια
3972 2772 4083 2822 τὸν

2488 2859 2830 2930 ’Δϐεσαλὼμ.
2878 2862 2936 2913 '0
2988 2862 3046 2913 δὲ
3075 2861 3176 2931 τὴν
3212 2862 3379 2915 αὐτοῦ
3429 2865 3691 2931 φωράσας
3721 2863 3929 2915 κακίαν
3972 2865 4086 2914 καὶ

2479 2954 2807 3024 μοχθηρίαν,
2866 2954 2975 3007 εἴτε
3014 2955 3111 3007 καὶ
3142 2954 3319 3017 ἄλλως
3355 2956 3595 3026 ἀληθῶς.
3649 2955 3828 3009 τοῦτό
3860 2972 3931 3008 τε
3959 2955 4089 3008 πάι

2475 3061 2652 3113 σχειν
2699 3044 2799 3097 καὶ
2836 3045 3084 3110 κίνησιν
3120 3046 3468 3114 ὑπομένειν,
3502 3044 3691 3106 εἰπὼν,
3718 3048 3897 3114 τούτῳ
3944 3047 4089 3114 μὲν,

793 3141 909 3207 ipsa
944 3138 1278 3200 afficeretur,
1301 3139 1378 3190 ita
1399 3154 1574 3191 secum
1609 3139 1696 3205 agi
1725 3137 1976 3189 accarnis
2009 3144 2180 3188 motus
2209 3134 2372 3189 mole-

2480 3135 2841 3202 Λυτροῦσαι,
2872 3134 3000 3205 ἔφη,
3022 3134 3141 3187 τῶν
3166 3134 3428 3204 δεσμῶν,
3452 3136 3547 3188 καὶ
3578 3136 3693 3205 ἄμα
3717 3136 3983 3201 ἀπέλυεν,
4002 3137 4093 3205 τῷ

792 3243 897 3283 stos
923 3230 1082 3299 ferre,
1108 3230 1412 3299 respondit.
1439 3227 1578 3281 Tum
1610 3228 1657 3280 ci
1684 3227 1921 3280 (lat-beas
1945 3245 1959 3280 :
1998 3224 2074 3278 Tu
2095 3242 2127 3278 α
2154 3225 2373 3279 vinculis

792 3319 923 3373 liber
943 3331 1073 3382 esto,
1114 3318 1387 3387 simulque
1416 3318 1655 3381 dimisit;
1680 3315 1843 3370 Seoni
1868 3330 1999 3369 vero
2036 3313 2227 3369 :Certe
2272 3330 2374 3368 non

794 3412 902 3464 ruit
941 3410 1076 3463 Deus
1095 3418 1150 3463 ut
1174 3427 1206 3463 a
1248 3426 1459 3463 carcere
1486 3410 1753 3472 libereris,
1790 3407 2064 3476 simulque
2095 3408 2373 3473 restituto,

794 3502 941 3573 quod
972 3510 1274 3570 acceperat,
1313 3501 1710 3570 redemptionis
1739 3499 1934 3570 pretio,
1969 3499 2143 3554 donec
2176 3499 2378 3554 eﬂlavit

795 3593 1034 3648 animam
1060 3593 1112 3645 in
1153 3606 1375 3646 carcere
1407 3606 1533 3645 eum
1558 3590 1755 3645 tenuit.

865 3683 956 3738 24.
1016 3682 1156 3749 Quia
1198 3698 1327 3737 vero
1354 3684 1492 3737 alter
1513 3681 1627 3753 jam
1655 3697 1833 3737 annus
1854 3697 1883 3735 ιι
1922 3681 2195 3751 superiori
2221 3682 2379 3737 clade

794 3775 1095 3840 cIIluxerat,
1137 3775 1365 3829 audiens
1400 3773 1630 3828 Michael
1662 3774 1885 3842 triginta
1912 3773 2140 3827 millium
2178 3773 2232 3827 in
2273 3774 2377 3828 Ro-

799 3882 1017 3921 manam
1044 3866 1305 3920 ditionem
1333 3864 1532 3919 factam
1562 3865 1947 3935 irruptionem,
1974 3880 2039 3919 ac
2066 3865 2262 3921 iterum
2288 3880 2380 3920 ac-

796 3970 951 4029 cepta
979 3957 1178 4013 damna
1199 3973 1265 4011 ex
1300 3957 1527 4012 victoria
1560 3956 1787 4026 cupiens
1812 3957 2102 4023 resarcire,
2137 3955 2379 4013 collectis

792 4066 860 4105 ex
898 4049 1311 4105 Thracensibus
1347 4064 1412 4104 ac
1443 4048 1834 4104 Macedonibus
1866 4048 2229 4121 quadraginta
2259 4050 2380 4105 mil-

797 4143 942 4198 lihus
970 4141 1152 4196 alaCer
1178 4140 1260 4195 eis
1297 4140 1513 4195 obviam
1540 4140 1707 4195 venit.
1738 4139 1840 4195 Ubi
1870 4149 2052 4196 autem
2091 4142 2159 4195 ad
2189 4141 2377 4197 locum

794 4232 1086 4303 quemdam
1128 4232 1350 4302 pascuis
1395 4232 1621 4286 uberem
1681 4230 1961 4286 Celarium
2009 4232 2217 4288 dictum
2272 4235 2379 4289 lixa

797 4324 1031 4377 tentoria
1082 4330 1290 4387 essent,
1325 4322 1493 4377 Amer
1544 4322 1657 4391 jam
1708 4320 1927 4377 infestis
1976 4323 2031 4377 iu
2063 4338 2159 4379 eos
2205 4324 2379 4395 signis

797 4433 1152 4487 procurrens,
1187 4418 1404 4488 longius
1440 4418 1723 4488 digressus
1763 4419 1926 4489 178
1976 4418 2046 4473 ab
2088 4429 2259 4474 strata
2282 4434 2382 4489 pu-

2477 3228 2533 3283 δὲ
2556 3228 2727 3298 Σηὼν,
2756 3227 3142 3291 Οὺβούλειιιί
3168 3242 3242 3282 σε
3269 3229 3336 3283 τὸ
3362 3229 3534 3282 Θεῖον
3562 3228 3823 3296 λυθῆναι
3850 3229 3935 3293 δὴ
3963 3229 4096 3295 τῆς

2477 3319 2763 3391 φρουρᾶς,
2789 3324 2881 3375 καὶ
2914 3318 3032 3389 ἅμα
3065 3320 3238 3373 ἐδίδου
3262 3320 3437 3391 τούτῳ
3466 3321 3534 3373 τὰ
3553 3320 3725 3391 λύτρα
3752 3325 3821 3373 τά
3841 3320 4096 3373 δοθέντα

2478 3414 2625 3485 αὐτῷ
2663 3414 2806 3484 ὑπὲρ
2833 3413 3022 3479 αὐτοῦ,
3048 3417 3143 3467 καὶ
3164 3416 3230 3483 τῇ
3254 3413 3472 3485 φρουρᾷ
3496 3412 3881 3481 ἑγκατὲκλειεν
3911 3413 4097 3483 ἄχρις

2477 3501 2539 3561 οὗ
2573 3507 2672 3577 τὴν
2691 3504 2868 3576 ψυχὴν
2898 3506 3295 3571 ἁπεστάλαξεν.

2551 3682 2650 3739 κδ’.
2691 3682 2844 3736 Ἐπεὶ
2877 3684 2933 3737 δὲ
2972 3683 3229 3753 δεύτερος
3260 3684 3363 3753 ἥδη
3399 3680 3962 3753 χρόνοςνπαρέδραμε
3992 3683 4107 3735 καί

2484 3776 2753 3848 μυριάδας
2784 3778 2948 3847 ἤκουε
2984 3778 3130 3847 τρεῖς
3162 3776 3305 3829 κατὰ
3353 3774 3461 3827 τῶν
3495 3774 3789 3845 Ῥωμαίων
3835 3776 4108 3843 ἐκστρα-

2482 3870 2683 3930 τεύειν,
2717 3870 2817 3940 τὴν
2873 3865 3047 3941 ἦτταν
3101 3867 3257 3931 αὖθις
3302 3869 3331 3920 ό
3362 3865 3585 3938 Μιχαὴλ
3626 3864 4110 3919 ἀνακαλέσασθαι

2482 3956 2786 4028 ἐπιθυμῶν,
2823 3957 3047 4028 Θρᾷκας
3075 3974 3135 4011 τε
3161 3957 3255 4011 καὶ
3277 3956 3597 4020 Μακεδόνας
3626 3957 3788 4027 μέχρι
3819 3956 3935 4009 τῶν
3966 3975 4113 4011 τεσ-

2484 4052 2665 4122 σάρων
2689 4048 3063 4121 συνηθροικὼς
3096 4048 3399 4122 μυριάδων,
3442 4047 3592 4120 εξῄει
3632 4048 3927 4119 πρόθυμος
3962 4046 4112 4103 κατ’

2481 4142 2669 4198 αὐτοῦ.
2717 4144 2804 4207 Ὠς
2831 4142 2887 4196 δὲ
2920 4142 3062 4197 κατά
3102 4160 3155 4195 τι
3191 4140 3522 4212 χορτοφόρον
3571 4140 3757 4194 πεδίον
3806 4141 4115 4211 Κελάριον

2481 4234 2626 4287 οὕτω
2653 4233 2949 4304 λεγόμενον
2980 4233 3381 4303 κατεσκήνητο,
3412 4233 3539 4303 άρτι
3582 4231 3647 4301 δὴ
3695 4233 3877 4301 Ἀμερ
3934 4232 4120 4301 αὐτῷ

2485 4325 2956 4396 καταστρατηγῶν
3024 4326 3365 4398 πορρωτέρω
3419 4325 3520 4395 τῆς
3578 4326 3960 4395 τετριμμένης
4003 4327 4119 4395 ᾔει

2483 4416 2630 4479 ὀδοῦ,
2670 4417 2806 4486 πρὸς
2854 4419 2916 4470 τὸ
2966 4419 3252 4487 Χωνάριον
3281 4416 3651 4468 ἐπισπεύδων.
3695 4416 3782 4468 Ἐν
3809 4415 3864 4466 δὲ
3902 4417 4121 4485 τούτῳ

798 4511 956 4576 hlica,
986 4512 1323 4565 (lhonarium
1353 4510 1631 4566 tendebat.
1672 4510 1749 4565 lbi
1800 4512 2133 4577 consistens,
2157 4512 2374 4581 acieque

2487 4508 2781 4577 ἐγγύτερόν
2814 4525 2872 4561 τε
2901 4508 3194 4577 γενόμενος
3213 4508 3308 4559 καὶ
3325 4509 3516 4577 χεῖρας
3544 4507 3609 4576 δὴ
3636 4506 3972 4576 προσϐαλὼν
3998 4511 4122 4561 καὶ

798 4608 851 4660 in
881 4620 1119 4675 pugnam
1148 4605 1375 4669 directa,
1430 4618 1495 4657 ac
1526 4604 1639 4657 acri
1684 4605 1985 4659 commisso
2024 4604 2233 4674 przelio,
2283 4604 2387 4658 im-

800 4708 1106 4765 peratorem
1158 4696 1513 4766 impressioni
1557 4696 1825 4764 imparem
1872 4697 1939 4749 ad
1988 4694 2169 4764 fugam
2213 4696 2381 4765 cogit.

799 4792 876 4842 Ac
914 4805 1043 4844 vero
1070 4790 1260 4843 tandiu
1284 4790 1373 4844 ille
1408 4789 1551 4859 fuga:
1582 4789 1801 4854 institit,
1836 4788 2079 4859 quandiu
2114 4804 2381 4858 equorum

800 4884 981 4953 vigere
1010 4898 1233 4937 cursum
1262 4891 1316 4935 et
1344 4897 1451 4935 non
1480 4882 1842 4935 intermittere
1865 4896 1929 4935 ac
1956 4880 2255 4936 lassescere
2276 4883 2384 4936 exi-

801 4974 1062 5030 stimavit.
1127 4973 1246 5028 Jam
1284 4976 1468 5044 itaque
1512 4974 1688 5029 media
1716 4987 2020 5043 occupante
2074 4974 2183 5040 die,
2210 4988 2385 5042 exque

800 5067 936 5123 solis
962 5068 1253 5122 ardoribus
1286 5067 1617 5137 permolesto
1639 5074 1797 5129 aestu,
1838 5065 2045 5119 editum
2092 5067 2382 5134 quemdam

804 5160 981 5214 locum
1020 5161 1203 5214 Anzen
1238 5160 1485 5221 nomine,
1521 5173 1747 5213 accessu
1788 5156 2059 5212 diflicilem
2094 5173 2159 5211 ac
2187 5158 2386 5227 lapidi-

807 5252 909 5305 bus
948 5265 1230 5319 asperum,
1268 5259 1542 5320 coguntur
1566 5249 1889 5306 ascendere.
1940 5248 2053 5304 Illic
2094 5250 2388 5320 imperator

803 5359 868 5396 ex
913 5341 1039 5413 fuga
1090 5352 1343 5413 receptus
1385 5344 1803 5409 stabulabatur;
1857 5359 1888 5395 e
1930 5342 2160 5413 vestigio
2205 5352 2386 5396 autent

804 5444 1022 5490 secutus
1059 5436 1221 5490 Amer
1253 5436 1430 5491 locum
1455 5437 1645 5505 cingit,
1695 5437 1845 5490 velut
1879 5436 2093 5490 scilicet
2127 5435 2389 5505 indagine

807 5528 1191 5605 imperatorem
1225 5538 1505 5598 capturus.
1543 5531 1620 5584 Ac
1645 5538 1793 5584 certe
1820 5529 2094 5599 captivum
2125 5527 2379 5597 cepisset,

809 5620 915 5673 nisi
946 5621 1206 5675 Palatina».
1234 5622 1489 5677 cohortes
1522 5622 1738 5677 fortiter
1793 5621 2111 5676 dimicando
2167 5622 2381 5691 locique

812 5713 927 5781 ipsa
966 5714 1236 5769 celsitudo
1252 5724 1308 5770 et
1340 5717 1588 5770 nrdnitas
1623 5717 1885 5770 momenti
1908 5713 2111 5783 aliquid
2137 5718 2201 5768 ad
2239 5715 2387 5767 salu-

814 5815 923 5860 tem
964 5806 1012 5863 ei
1048 5809 1428 5865 contulissent.
1506 5810 1782 5880 Agebatur
1823 5808 2124 5878 periculum
2167 5807 2384 5869 aninuc,

2493 4600 2727 4669 πόλεμον
2766 4600 3031 4669 συνάψας,
3064 4598 3310 4650 νεανικὸν
3344 4597 3589 4667 φεύγειν,
3628 4598 3743 4650 ἀλλ’
3770 4599 3830 4650 οὐ
3870 4598 4123 4666 μένειν,

2490 4690 2829 4760 τὸνβασιλέα
2856 4690 3187 4760 ἠνάγκαζεν.
3221 4690 3383 4743 Ἀλλά
3418 4690 3642 4758 φεύγειν
3677 4690 3773 4760 μὲν
3796 4692 4127 4761 ἐπειρᾶτο,

2490 4782 2594 4845 ἕως
2639 4782 2732 4834 τὸν
2755 4781 2864 4833 τῶν
2888 4781 3069 4834 ἵππων
3101 4780 3374 4850 ἀκμάζειν
3404 4780 3629 4850 δρόμον,
3667 4778 3780 4831 ἀλλ’
3811 4780 3871 4830 οὗ
3896 4780 4130 4834 διακὸ-

2493 4875 2725 4927 πτεσθαι
2760 4874 3164 4944 ὑπελάμϐανεν.
3199 4873 3307 4927 Καὶ
3338 4872 3402 4943 δὴ
3450 4872 3719 4941 σταθερᾶς
3751 4888 3807 4923 τε
3858 4889 4130 4942 μεσημ-

2493 4966 2651 5038 ϐρίας
2678 4966 2903 5036 ἐνούσης
2950 4966 3045 5017 καὶ
3089 4964 3371 5034 καύματος
3397 4965 3517 5030 ,οὐκ
3550 4963 3731 5029 ὀλίγον
3781 4963 4137 5028 (ldiﬁcat-:0;

2493 5061 2558 5111 ἐκ
2580 5060 2677 5126 τῆς
2706 5057 2801 5111 τοῦ
2837 5059 2991 5126 ἡλίου
3024 5056 3370 5125 φλογώαεως.
3401 5056 3547 5108 κατά
3565 5073 3683 5108 τινα
3713 5055 3929 5124 ὀρεινὸν
3963 5059 4139 5110 ἀνα-

2494 5150 2702 5203 ϐαίνειν
2738 5150 2903 5202 τόπον
2962 5150 3261 5220 βιάζονται,
3311 5148 3507 5216 Ἀνζῆν
3564 5146 3707 5200 οὕτω
3760 5147 4134 5214 λεγόμενον,

2491 5242 2858 5313 δυσπρόσοδὸν
2878 5259 2937 5295 τε
2967 5242 3062 5295 καὶ
3080 5241 3310 5311 τραχέσι
3327 5241 3494 5300 λίθοις
3518 5241 3617 5292 οὐκ
3645 5239 3846 5291 εὖοδον.
3866 5239 4143 5296 Ἐκείσε,

2492 5337 2555 5405 δὴ
2588 5335 2806 5405 φεύγων
2852 5338 2880 5389 ὁ
2911 5335 3167 5406 βασιλεὺς
3222 5332 3556 5403 ἐνηυλίζετο,
3595 5334 3689 5385 καὶ
3749 5332 3813 5383 ἐκ
3870 5332 4069 5397 πῦδδς
4104 5341 4143 5389 ὁ

2499 5431 2676 5502 Ἀμερ
2716 5428 2864 5499 αὐτῷ
2911 5427 3295 5481 ἐπακολουθῶν
3328 5426 3413 5499 [Ρ.
3470 5424 3597 5497 111]
3633 5423 3991 5497 περικυκλοί,
4032 5428 4144 5493 ὡς

2492 5528 2549 5577 ἐν
2586 5522 2787 5593 δικτύῳ
2810 5521 2983 5575 θέλων
3011 5520 3217 5574 λαϐεῖν.
3255 5520 3374 5572 Κᾶν
3409 5518 3598 5571 ἐλαϐεν
3628 5517 3790 5569 αὐτὸν
3806 5516 4143 5584 δορυάλω.

2493 5632 2606 5678 τον,
2636 5613 2753 5668 ἀλλ’
2776 5614 2938 5682 ἡτῶν
2966 5611 3260 5682 βασιλικῶν
3290 5610 3587 5677 ταγμάτοιν
3621 5609 3773 5676 ἰσχὺς
3800 5612 4144 5677 καρτερεῦς

2498 5706 2899 5777 ἀπομαχομένη
2945 5707 3040 5758 καὶ
3079 5705 3138 5755 τδ
3191 5703 3284 5756 τοῦ
3336 5704 3503 5754 τόπου
3536 5698 3836 5767 άνεστηκός
3888 5714 3954 5751 τε
4008 5705 4144 5755 καὶ

2500 5799 2767 5869 ὑπερέχον
2798 5799 2992 5869 μικρόν
3024 5816 3071 5851 τι
3109 5798 3327 5859 τούτους
3362 5795 3639 5849 διέσωσεν.
3669 5789 3838 5845 Ἔνθα
3872 5794 3973 5844 καὶ
4020 5798 4144 5851 τὴν
