4154 6446
847 432 948 494 195

1859 426 2370 486 TIIEOPIIANES
2411 426 2633 488 CONTI
2649 429 2977 489 NUATUS.

3985 429 4070 491 196

848 542 988 592 rium
1022 538 1346 601 detrectans,
1382 536 1494 589 sive
1527 535 1844 590 utdivinam
1873 551 2029 605 opem
2075 539 2413 606 imploraret.

2525 557 2695 607 χουσα
2731 540 2987 608 Ἰωάννην
3017 539 3220 591 ἐκεῖνον
3255 540 3487 609 μοναχόν
3536 557 3592 592 τε
3621 543 3716 593 καὶ
3755 541 4079 610 περιϐόητον.

848 630 923 683 Eo
962 645 1123 699 porro
1149 629 1257 681 illic
1291 637 1561 693 morante,
1595 644 1785 682 rumor
1815 631 2033 698 quidam
2077 646 2422 698 praecurrens

852 723 1106 777 Ioannem
1140 721 1286 773 illum
1318 723 1645 774 monachum
1675 720 1928 787 famaque
1985 722 2421 783 celeberrimum,

848 828 1068 880 procera
1101 813 1279 866 virum
1305 822 1536 877 statura,
1563 814 1725 868 nudis
1751 828 1965 882 semper
1996 814 2224 882 pedibus
2278 816 2426 866 ince-

845 903 1056 956 dentem
1115 916 1170 958 et
1224 906 1277 958 in
1317 903 1478 958 Latro
1519 906 1858 959 domicilium
1915 907 2227 971 habentem,
2276 907 2423 960 ultro

846 998 1032 1050 venire
1081 1000 1392 1051 annuntiat.
1434 997 1624 1052 Virum
1685 1000 1990 1053 solitarium
2033 1016 2132 1053 nec
2179 1016 2420 1070 unquam

845 1089 974 1140 cella
1011 1100 1298 1143 exeuntem
1330 1091 1419 1143 illa
1455 1092 1757 1145 mirabatur
1786 1103 1938 1146 mtas.
1963 1091 2208 1146 Audiens
2237 1093 2424 1162 itaque

844 1180 905 1234 de
937 1180 1029 1234 illo
1081 1183 1369 1251 patricius,
1423 1183 1568 1238 haud
1598 1185 1791 1253 procul
1853 1201 1977 1238 eum
2007 1186 2199 1239 abesse
2254 1187 2422 1240 asello

843 1277 1136 1340 invectum,
1170 1276 1403 1331 festinus
1437 1279 1512 1331 illi
1545 1280 1785 1333 occurrit
1818 1296 1882 1333 ac
1932 1281 2097 1347 pedes
2126 1282 2245 1350 ejus
2267 1297 2419 1334 com-

844 1367 1117 1434 plectitur.
1149 1369 1230 1421 Ad
1286 1385 1448 1438 quem
1483 1371 1666 1423 statim
1699 1369 1942 1425 Joannes
1970 1389 1983 1424 :
2015 1370 2180 1438 Vade,
2218 1375 2418 1442 inquit,

843 1470 1027 1511 contra
1056 1461 1372 1526 Saracenos,
1400 1463 1769 1532 imperialibus
1787 1480 1975 1532 parcns
1995 1465 2209 1518 litteris.
2242 1464 2420 1519 Vade:

841 1551 1005 1602 Deum
1065 1554 1203 1604 enim
1239 1553 1576 1608 liberatorem
1612 1555 1808 1625 tibique
1843 1568 2158 1624 pravitatem
2181 1557 2418 1624 habebis,

841 1644 884 1695 si
916 1644 1093 1704 modo,
1119 1647 1290 1698 omnis
1323 1646 1544 1698 alterius
1573 1647 1728 1716 181
1760 1648 1978 1701 amuleti
2010 1649 2143 1710 loco,
2167 1650 2420 1703 charissi-

840 1747 978 1783 mum
1010 1732 1091 1784 illi
1120 1732 1380 1786 Joannem
1416 1735 1469 1786 in
1498 1739 1732 1789 omnium
1751 1740 1916 1791 scutis
1946 1740 2212 1808 depictum
2239 1743 2421 1810 palam

840 1826 1138 1892 gestaveris.
1180 1825 1504 1895 Adjecitquc
1547 1828 1691 1883 hanc
1750 1846 1912 1883 unam
1958 1847 2058 1885 nec
2087 1834 2248 1886 aliam
2299 1850 2420 1889 esse

837 1931 1056 1971 causam
1111 1933 1214 1973 cur
1243 1919 1347 1973 hoc
1397 1922 1499 1974 iter
1565 1926 1886 1991 susceperit.
1923 1923 2098 1993 Hujus
2148 1925 2414 1982 Petronas

839 2019 1079 2064 armatus
1125 2015 1380 2081 precibus
1430 2015 1483 2066 in
1524 2014 1644 2069 loco
1677 2017 1911 2084 quodam
1960 2019 2137 2072 Poson
2169 2021 2412 2084 nomine,

838 2115 901 2152 ex
927 2101 1149 2168 rupibus
1186 2101 1465 2170 petrisque
1487 2105 1776 2172 prieruptis
1806 2112 2001 2158 natura
2033 2115 2231 2168 tutum,
2256 2107 2418 2158 Ame-

838 2203 950 2240 rem
983 2190 1359 2244 considentem
1409 2193 1633 2246 invenit.
1680 2193 2038 2249 lluncloeum
2095 2196 2417 2264 praeterﬂuit

836 2281 1036 2338 ﬂuvius
1056 2285 1123 2339 ab
1148 2285 1406 2351 aquilone
1426 2287 1492 2339 ad
1516 2289 1798 2341 meridiem
1834 2291 2158 2354 decurrens,
2193 2290 2416 2345 nomine

838 2373 1106 2429 Lalacaon
1137 2389 1500 2447 ;pratumque
1550 2381 1786 2447 adjacet,
1818 2381 1965 2450 quod
2030 2382 2230 2436 rustica
2285 2396 2417 2436 voce

837 2465 1023 2519 incola?
1059 2464 1228 2536 Gyrin
1258 2467 1470 2523 dicunt.
1503 2470 1775 2540 Cognovit
1797 2490 1930 2543 ergo
1971 2476 2238 2532 Petronas
2264 2479 2414 2533 illum

836 2557 907 2609 ibi
952 2568 1128 2613 castra
1161 2559 1383 2625 habere,
1437 2563 1752 2634 nullamque
1805 2582 1914 2620 non
1944 2570 2167 2624 adhibet
2193 2587 2414 2640 operam

836 2661 894 2703 ut
921 2665 1142 2705 omnem
1176 2653 1249 2705 illi
1275 2656 1509 2708 exeundi
1553 2671 1616 2709 ac
1675 2660 1907 2712 salutem
1935 2661 2062 2730 luga
2090 2664 2415 2732 expediendi

836 2741 978 2794 viam
1002 2743 1321 2809 praecludat.
1361 2743 1558 2799 Statim
1587 2763 1717 2818 ergo
1753 2751 2205 2807 Artneniacorum
2231 2764 2286 2808 et
2314 2756 2414 2809 bu—

833 2834 1181 2889 cellariOrum
1217 2875 1233 2900 ,
1301 2836 1653 2908 Coloniaeque
1711 2857 1775 2896 ac
1823 2843 2202 2912 Paphlagonia:
2250 2847 2419 2903 duces

835 2927 1026 2991 mittit,
1061 2929 1154 2998 qui
1190 2931 1256 2983 ad
1295 2931 1621 3000 Aquilonem
1682 2937 1921 3003 positum
1981 2939 2126 2994 latus
2176 2950 2416 3006 teneant,

834 3019 998 3073 duces
1034 3031 1211 3073 autem
1267 3021 1624 3078 Orientalium
1669 3028 1981 3096 Obsiciique
2027 3040 2081 3083 et
2131 3029 2420 3101 Cappado-

832 3111 930 3164 ciae
950 3127 1076 3164 cum
1115 3111 1379 3168 Seleucia:
1410 3125 1465 3167 et
1493 3116 1783 3170 (iharsiani
1813 3118 2169 3174 clusurarum
2223 3121 2419 3190 praefe-

831 3204 957 3266 ctis,
994 3204 1086 3272 qui
1116 3205 1258 3259 latus
1280 3205 1640 3261 Meridianum
1669 3226 1683 3275 ;

835 3295 1062 3350 torianis
1092 3307 1331 3365 quatuor
1360 3299 1683 3355 cohortibus
1735 3301 2091 3373 Thraciaque
2123 3320 2188 3360 ac
2232 3304 2413 3360 Mace-

832 3386 1009 3441 donia:
1030 3388 1265 3443 ducibus
1294 3393 1453 3459 (nam
1478 3401 1532 3446 et
1560 3393 1640 3446 lex
1664 3405 1782 3448 erat
1821 3405 1879 3447 ut
1913 3395 2216 3465 Bulgarieis
2251 3400 2416 3455 rebus

833 3495 965 3549 pace
1035 3485 1355 3552 compositis
1412 3485 1512 3554 ipsi
1570 3502 1794 3557 quoque
1851 3487 2222 3545 Orientalibus
2272 3491 2416 3546 bello

830 3573 967 3626 socii
1027 3576 1352 3630 accederent
1394 3592 1612 3647 unaque
1659 3579 1902 3648 pericula
1953 3581 2211 3651 adirent)
2265 3583 2416 3636 Occi-

829 3663 1042 3719 dentale
1069 3676 1300 3736 occupat
1326 3670 1490 3733 latus,
1516 3685 1700 3723 secum
1736 3672 1901 3725 etiam
1933 3674 1988 3726 in
2031 3674 2203 3727 armis
2236 3674 2413 3729 Thra-

831 3763 1078 3810 ceusium
1115 3758 1394 3813 cohortem
1426 3761 1654 3816 habens.
1697 3760 1798 3817 Ubi
1831 3765 2011 3835 itaque
2063 3765 2230 3820 Amer
2254 3767 2336 3820 sic
2356 3782 2416 3821 se

834 3854 1075 3921 undique
1124 3855 1382 3908 vallatum
1445 3872 1508 3909 ac
1551 3855 1678 3911 fera:
1740 3859 1912 3912 instar
1946 3861 2099 3915 velut
2162 3862 2415 3933 indagine

833 3948 1070 3998 Cinctum
1092 3963 1120 3998 a
1144 3947 1403 4003 Romanis
1430 3950 1657 4012 audivit,
1691 3953 1756 4004 ad
1801 3954 1986 4007 omina
2018 3957 2411 4010 recurreudum

833 4040 1041 4106 putavit
1073 4057 1086 4102 ;
1128 4042 1506 4112 accersitoqne
1535 4045 1875 4113 captivorum
1905 4064 2032 4112 uno,
2062 4064 2126 4102 ex
2148 4064 2222 4102 eo
2246 4049 2413 4104 inter-

831 4141 987 4199 rogat
1016 4131 1118 4186 loci
1142 4148 1343 4187 nomen
1375 4135 1628 4204 pratique
1654 4146 1708 4190 et
1733 4138 1908 4191 ﬂuvii.
1937 4139 2202 4209 Captivus
2240 4143 2411 4196 inter-

832 4235 1054 4289 rogatus
1082 4225 1303 4291 paulum
1341 4226 1650 4282 immutatis
1674 4228 1868 4283 litteris
1902 4229 2220 4287 Ptosontem
2253 4235 2412 4305 182

831 4315 1085 4372 Posontis
1104 4320 1222 4375 loco
1239 4321 1396 4375 dixit.
1418 4322 1582 4377 Amer
1615 4324 1826 4379 ruinam
1850 4327 1950 4380 sibi
1987 4329 2293 4396 signiﬁcare
2319 4347 2414 4386 ex-

831 4409 1014 4474 posuit
1036 4425 1049 4473 ;
1068 4408 1293 4464 ﬂuvium
1312 4426 1530 4482 quoque
1556 4416 1830 4470 exercitus
1846 4419 2228 4474 contritionem
2253 4437 2412 4490 para-

832 4499 1015 4567 phrasi
1040 4500 1281 4556 indicare
1296 4503 1486 4564 sensit,
1509 4505 1737 4574 direque
1758 4521 1855 4561 eos
1873 4511 2161 4565 vertendos
2176 4527 2202 4563 a
2220 4511 2414 4568 Roma-

2527 636 2738 702 μακρίν
2770 636 2899 688 ὄντα
2928 636 2987 687 τὸ
3015 631 3173 699 εἶδος,
3199 637 3526 690 ἀνυπὸδετον
3552 637 3678 700 τοὺς
3708 637 3876 699 πόδας
3902 637 3989 689 ἀεὶ
4011 638 4083 689 καὶ

2525 730 2667 780 κατὰ
2697 729 2756 781 τὸ
2791 730 2999 799 Λάτρος
3045 729 3471 799 ἐνδιατρίσοντα,
3518 730 3926 798 αὐτομολοῦντα
3955 730 4085 798 διήγ-

2526 818 2725 885 γειλεν.
2754 821 2952 873 Τοῦτον
2989 821 3334 890 ἡσυχάζοντα
3370 823 3462 873 καὶ
3518 820 3611 875 τοῦ
3667 820 3859 873 ἑαυτοῦ
3893 821 4084 873 κελλίω

2529 913 2738 979 μήποτε
2762 912 3118 983 ἐξερχόμενον
3147 915 3175 964 ὁ
3201 914 3388 983 χρᾶνος
3412 916 3616 975 ἐκεῖνος
3639 911 3972 981 ἐθαύμαζεν.
4017 913 4087 975 Ὠς

2522 1006 2568 1056 δ’
2596 1000 2690 1056 οὖν
2723 1006 2851 1076 περὶ
2883 1005 2975 1058 τοῦ
3004 1005 3192 1073 ἀνδρὸς
3220 1008 3246 1057 ὁ
3277 1005 3562 1076 πατρίκιος
3591 1005 3882 1074 διακήκοεν
3920 1004 4000 1066 ὡς
4023 1004 4087 1056 ὅτι

2525 1114 2627 1148 που
2675 1096 2902 1167 πλησίον
2956 1099 3103 1150 ἐστὶν
3163 1097 3380 1166 ὀνάριον
3438 1095 3827 1165 ἐποχούμενος,
3887 1096 4088 1164 ἀπήντα

2527 1186 2664 1238 θέων
2694 1187 2785 1238 τὸν
2812 1187 3042 1256 μοναχὸν
3074 1187 3166 1238 καὶ
3196 1189 3321 1249 τοὺς
3343 1187 3510 1248 πόδας
3547 1186 3712 1238 αὑτοῦ
3748 1185 4086 1254 κατελάμϐα-

2525 1295 2635 1332 νεν.
2676 1278 2734 1331 Ὀ
2771 1279 2826 1330 δὲ
2858 1279 3022 1348 μηδὲν
3048 1279 3343 1349 μελλήσας,
3368 1279 3586 1342 Ἀπιθι,
3614 1279 3770 1347 φησὶ,
3805 1277 3960 1329 κατὰ
3992 1276 4093 1329 τῶν

2523 1371 2890 1438 Σαρακηνῶν
2920 1370 3044 1436 τοῖς
3072 1370 3425 1435 βασιλικοῖς
3450 1372 3801 1438 πειθόμενος
3839 1367 4090 1438 γράμμα-

2523 1477 2647 1522 σιν,
2680 1463 2844 1518 ἄπιθι
2869 1477 2882 1490 ·
2920 1464 3069 1516 Θεὸν
3089 1463 3199 1531 γὰρ
3224 1462 3381 1526 ἕξεις
3410 1463 3705 1530 ῥυόμενον
3742 1479 3815 1514 σε
3841 1463 3940 1513 καὶ
3969 1477 4094 1522 ποο-

2525 1559 2956 1623 πορευόμενον,
3011 1559 3062 1609 εί
3108 1561 3302 1625 μόνον
3353 1556 3462 1608 τὸν
3514 1554 3675 1620 αὐτῷ
3717 1555 4098 1623 ἠγαπημένον

2537 1647 2825 1715 Ἰωάννην
2871 1649 3000 1702 ἀντ’
3044 1648 3238 1702 ἄλλου
3300 1653 3466 1712 τινὸς
3520 1648 3942 1715 φυλακτηρίου
3984 1645 4097 1711 ταῖς

2524 1743 2743 1797 ἀσπίσι
2760 1743 3001 1795 ,πάντων
3017 1742 3494 1810 ἐγγεγραμμένον
3504 1740 3706 1808 φέροις
3725 1739 3976 1808 τρανῶς.
4003 1740 4098 1792 Καὶ

2524 1836 2642 1904 ἅμα
2669 1835 3003 1905 προσετίθει,
3028 1835 3102 1896 ὼς
3128 1836 3252 1887 Οὐκ
3279 1835 3474 1887 ἄλλου
3501 1833 3663 1897 τινὸς
3677 1832 3886 1885 ἕνεκεν
3905 1833 3946 1899 ἧ
3977 1833 4097 1883 τούς

2525 1948 2632 1984 του
2655 1929 2770 1995 τὴν
2796 1929 3058 1982 ἐνταῦθα
3098 1929 3348 1996 πορείαν
3373 1927 3720 1994 πεποίημαι.
3760 1925 3970 1977 Τούτου
3996 1927 4098 1984 ταῖς

2522 2024 2710 2091 εὐχαῖς
2742 2007 3128 2084 καθοπλισθεὶς
3148 2021 3290 2074 κατά
3310 2038 3434 2074 τινα
3457 2021 3619 2073 τόπον
3638 2018 3779 2070 οὕτω
3809 2017 4098 2086 λεγόμενον

2521 2114 2784 2174 Πόσοντα,
2812 2115 3048 2182 φυσικήν
3075 2130 3196 2165 τινα
3226 2113 3528 2182 ἀσφάλειαν
3553 2111 3641 2164 διά
3670 2110 3884 2180 πετρῶν
3913 2110 4099 2179 ἔχοντα

2520 2206 2618 2259 καὶ
2654 2205 2940 2278 κρημνῶν,
2967 2206 3058 2258 τὸν
3075 2206 3255 2274 Ἀμερ
3297 2203 3707 2272 καταλαμϐάνει
3742 2201 4094 2270 πανστρατιᾷ.

2521 2297 2710 2366 Τούτῳ
2725 2299 2818 2350 καὶ
2838 2295 3078 2363 ποταμὸς
3098 2297 3374 2365 παραρρεῖ
3405 2295 3512 2348 ἀπὸ
3528 2296 3587 2346 τὺ
3612 2293 3858 2362 ἁρκτιξῗ-ον
3892 2293 4033 2363 πρὸς
4050 2291 4102 2342 τὸ

2525 2388 2899 2460 μεσημϐρινὸν
2930 2388 3308 2456 ἐλαυνόμενος,
3344 2386 3647 2440 Δαλακάων
3680 2385 4100 2454 ὀνομαζόμενος,

2523 2484 2617 2537 καὶ
2645 2483 2885 2537 λιϐάδιον
2919 2481 3250 2552 παράκειται
3277 2481 3442 2548 Γῦριν
3480 2483 3770 2550 άγροικικῇ
3807 2485 3967 2550 φωνῇ
4004 2497 4102 2530 κα·

2521 2576 2802 2646 λούμενον.
2863 2577 3046 2643 Ἔγνω
3096 2575 3227 2642 γοῦν
3285 2575 3314 2626 δ
3371 2576 3661 2644 Πετρωνᾶς
3696 2576 3874 2625 ἐκεῖσε
3921 2572 4106 2625 τοῦτον

2521 2669 2962 2738 ὲναυλιζόμενον,
3013 2671 3105 2722 καὶ
3138 2669 3316 2736 πάντη
3362 2668 3618 2720 ἔσπευδεν
3648 2666 4024 2731 άδιεξὸδευτὸν
4053 2683 4103 2716 τε

2521 2765 2864 2832 καταστῆσαι
2895 2763 2991 2815 καὶ
3011 2761 3276 2829 ἄφυκτον.
3299 2761 3409 2813 Καὶ
3431 2760 3494 2827 δὴ
3517 2761 3640 2821 τοὺς
3664 2761 3761 2828 μὲν
3777 2761 3838 2811 τὸ
3854 2759 4108 2828 άρκτῷον

2526 2857 2692 2928 μέρος
2715 2856 3042 2921 καθέξοντας
3079 2855 3420 2923 στρατηγοὺς
3456 2853 3564 2905 τῶν
3611 2854 3998 2922 Ἀρμενιακῶν
4022 2854 4107 2903 καὶ

2524 2950 2933 3020 Βουκελλαρὲων
2990 2951 3084 3002 καὶ
3114 2947 3422 3009 Κολωνείας
3457 2949 3553 3000 καὶ
3587 2946 3977 3014 Παφλαγονίας
4013 2948 4108 2997 ἒπ-

2524 3043 2771 3096 έστελλεν
2797 3042 3062 3112 αὑθωρδν,
3092 3040 3154 3093 τὸ
3202 3040 3258 3092 δὲ
3289 3039 3662 3109 μεσημϐρινὶν
3695 3039 3785 3090 τὸν
3828 3037 4107 3091 Ἀνατολι-

2523 3140 2638 3192 κῶν
2664 3139 2758 3192 τὸν
2799 3139 3044 3204 Ὀψικίου
3069 3140 3165 3190 καὶ
3199 3137 3599 3198 Καππαδοκίας
3634 3139 3987 3206 στρατηγοὺς
4021 3139 4108 3189 aiax

1712 3211 1827 3279 ipse
1848 3213 2086 3280 denique
2120 3228 2244 3268 cum
2276 3229 2414 3283 pra:-

2519 3235 2629 3294 τοῖς
2660 3232 2987 3294 Σελευκείας
3024 3233 3118 3284 καὶ
3150 3231 3246 3284 τοῦ
3277 3229 3593 3300 Χαρσιανοῦ
3622 3229 4108 3300 κλεισουρὰρχαις·

2519 3324 2681 3386 αὐτος
2704 3325 2760 3376 δὲ
2791 3325 2930 3393 μετὰ
2981 3323 3089 3376 τῶν
3125 3323 3424 3395 βασιλικῶν
3470 3325 3756 3392 τεσσάρων
3803 3325 4111 3392 ταγμάτων

2519 3415 2604 3488 [Ρ.
2642 3416 2767 3487 115]
2787 3419 2880 3470 καὶ
2903 3417 3010 3470 τῶν
3032 3417 3256 3487 Θρᾴκης
3288 3418 3382 3468 καὶ
3409 3415 3750 3474 Μακεδονίας
3780 3417 4113 3486 στρατηγῶν

2519 3510 2537 3577 (
2558 3510 2651 3561 καὶ
2679 3508 2788 3579 γὰρ
2819 3508 3212 3577 εἰρηνευόντων
3232 3507 3342 3559 τῶν
3369 3506 3694 3576 Βουλγάρων
3722 3506 3885 3575 νόμος
3917 3503 3994 3577 ἦν
4025 3509 4111 3561 αὖ·

2515 3601 2628 3660 τοῖς
2661 3598 2798 3666 μετά
2854 3598 2961 3650 τῶν
2996 3596 3360 3650 ⁹Ανστολικῶν
3391 3597 3833 3664 συγκινδυνεύειν
3887 3602 3996 3651 καὶ
4030 3616 4096 3651 συ

2520 3693 2864 3762 στρατεύειν)
2907 3692 2967 3745 τὸ
2997 3692 3214 3745 δυτικὸν
3247 3692 3416 3761 μέρος
3443 3691 3800 3761 κατείληφεν,
3830 3693 3985 3762 ἔχων
4028 3693 4114 3745 καὶ

2517 3787 2576 3836 τὸ
2602 3784 2742 3854 θέμα
2765 3785 2874 3837 τῶν
2896 3784 3226 3855 Θρᾳκησίων
3255 3784 3372 3854 μεθ’
3412 3784 3632 3838 ἑαυτοῦ.
3680 3784 3767 3846 Ὠς
3798 3783 3946 3851 γοῦν
3977 3785 4116 3838 οὖτο·

2519 3877 2786 3930 πάντοθεν
2824 3875 3312 3946 περιφρουρεῖσθαι
3361 3879 3458 3928 καὶ
3486 3875 3563 3938 ὡς
3617 3875 3808 3944 θηρίον
3839 3877 4115 3930 ἐναποκεο

2518 3969 2762 4022 κλείσθαι
2799 3971 2950 4038 παρὰ
3019 3969 3307 4038 Ῥωμαίων
3363 3969 3392 4021 ὁ
3443 3969 3622 4040 ’Δμερ
3652 3969 3922 4039 ἀκήκοεν,
3977 3972 4122 4038 ἔγνω

2515 4062 2623 4114 δεῖν
2657 4060 3030 4124 οἰωνίσασθαι,
3059 4061 3154 4114 καί
3196 4078 3321 4114 τινα
3370 4061 3481 4114 τῶν
3523 4060 3900 4131 αἰχμαλώτων
3942 4080 4120 4132 μετα-

2517 4152 2884 4222 καλεσάμενος
2913 4153 3103 4225 ἠρώτα
3137 4155 3239 4224 τήν
3269 4171 3328 4206 τε
3366 4154 3460 4206 τοῦ
3506 4155 3674 4207 τόπου
3728 4157 4124 4227 προσηγορίαν

2516 4247 2609 4298 καὶ
2637 4245 2730 4298 τοῦ
2755 4246 2998 4299 λιϐαδίου
3027 4263 3087 4298 τε
3126 4245 3223 4300 καὶ
3266 4245 3363 4298 τοῦ
3398 4244 3667 4316 ποταμοῦ.
3699 4245 3787 4307 Ὠς
3821 4248 3870 4299 δ’
3905 4248 3938 4300 ὁ
3981 4250 4124 4319 ἐρω-

2514 4340 2700 4410 τηθεὶς
2720 4339 3066 4408 αἰχμάλωτος
3106 4338 3300 4408 μικρὸν
3355 4337 3924 4409 παραγραμματίζων
3962 4341 4126 4393 Πτώ-

2516 4448 2675 4484 σοντα
2733 4430 2936 4500 ἔφησεν
2970 4431 3094 4484 ἀντὶ
3147 4431 3408 4490 Πόσοντα,
3451 4430 3554 4500 τὴν
3579 4428 3774 4482 ἑαυτοῦ
3815 4432 4130 4500 σημαίνειν

2517 4524 2723 4575 πτῶσιν
2750 4525 2777 4576 ὁ
2814 4524 2994 4593 Ἀμερ
3022 4522 3374 4590 διεσάφησεν,
3406 4520 3540 4575 λαοῦ
3570 4539 3627 4574 τε
3655 4523 3907 4576 κάκωσιν
3939 4542 4024 4576 πα
4033 4543 4130 4595 91-

831 4592 937 4652 nis,
965 4607 1027 4644 ex
1050 4595 1187 4661 prati
1210 4594 1456 4659 incursu,
1483 4596 1630 4664 quod
1651 4595 1810 4667 Gyris
1829 4610 2133 4653 vocaretur.
2153 4600 2311 4654 Haud
2330 4613 2411 4655 ta-

2519 4616 2744 4686 φράζων
2775 4617 2867 4668 τὸν
2891 4586 3166 4683 ποταμὸν,
3192 4586 3302 4668 *καὶ
3329 4615 3654 4684 γυρισθῆναι
3679 4614 3874 4676 δεινῶς
3913 4617 4133 4680 αὐτοὺς

831 4700 945 4735 men
963 4685 1200 4738 animum
1220 4686 1645 4755 despondendttnt
1665 4701 1872 4756 tuonet,
1890 4694 1979 4746 sed
1999 4693 2160 4746 robur
2174 4697 2410 4749 excitan-

829 4779 953 4827 dum
974 4778 1129 4845 inque
1157 4783 1451 4832 crastinum
1484 4781 1695 4850 fortiter
1711 4800 1888 4855 pugna
1909 4787 2273 4840 dimicandum
2293 4790 2410 4853 ,'.si-

829 4871 1050 4938 tnulque
1079 4887 1269 4926 (mines
1294 4889 1444 4927 arma
1469 4891 1773 4939 assumere.
1799 4894 1863 4933 ac
1880 4895 2076 4935 recens
2095 4889 2267 4936 tersus
2299 4883 2412 4951 gla-

827 4960 950 5014 dios
983 4963 1129 5015 velut
1165 4979 1356 5019 recens
1383 4981 1548 5022 cusos
1580 4984 1645 5023 ac
1687 4970 2192 5043 fabrefactosjubet
2219 4984 2407 5028 osten-

829 5063 963 5107 tare.
994 5054 1132 5120 Quia
1174 5073 1302 5112 vero
1336 5061 1567 5117 illueens
1617 5063 1730 5131 jam
1761 5065 1878 5120 dies
1907 5067 2156 5122 inducias
2196 5068 2408 5138 aliquas

827 5145 1079 5200 vincendi
1111 5148 1388 5206 Romanos
1408 5153 1691 5208 videbatur
1710 5155 1926 5223 offerre,
1953 5159 2270 5214 tentandum
2308 5177 2406 5230 pu-

827 5238 958 5290 tavit
988 5240 1215 5306 exitum,
1267 5242 1512 5311 disjecta,
1554 5255 1662 5313 qua
1721 5257 1874 5316 parte
1916 5250 2238 5318 aquilonare
2267 5251 2406 5304 latus

829 5332 1136 5394 servabant,
1175 5332 1548 5390 Romanorum
1586 5338 1726 5394 acie.
1761 5339 1829 5393 At
1855 5340 1943 5395 ubi
1971 5342 2074 5395 loci
2115 5342 2407 5416 diﬂicultas

828 5419 1140 5490 ducumque
1166 5425 1277 5479 illic
1303 5429 1592 5483 stationem
1633 5432 1947 5486 habentium
1983 5443 2206 5488 strenua
2239 5450 2406 5504 opera

826 5525 1083 5568 conatum
1134 5517 1446 5591 infregisset
1494 5538 1559 5577 ac
1615 5527 1985 5594 repressisset,
2029 5528 2096 5582 ad
2154 5530 2409 5583 meridia-

828 5619 956 5658 num
1001 5608 1143 5662 latus
1171 5613 1593 5682 impressionem
1643 5618 1792 5673 facit.
1857 5618 2052 5675 Verum
2082 5622 2194 5677 illic
2258 5637 2395 5692 quo-

826 5713 932 5766 que
985 5701 1098 5767 pari
1160 5706 1594 5764 adversariorum
1662 5714 1777 5768 acie
1807 5713 1949 5768 viam
2009 5715 2397 5785 prmcludentc,

2518 4711 2674 4780 παρὰ
2705 4711 2814 4761 τῶν
2859 4709 3145 4778 Ῥωμαίων
3172 4710 3236 4760 ἐκ
3257 4709 3350 4776 τῆς
3383 4705 3478 4758 τοῦ
3508 4706 3746 4759 λιὸαδίου
3778 4711 4133 4777 συνεμπτώο

2518 4815 2676 4862 σεως,
2721 4799 2857 4868 ὅπερ
2887 4798 3138 4851 ἐκαλεῖτο
3187 4796 3373 4867 Γῦριν.
3426 4796 3592 4850 Ἀλλ’
3621 4797 3773 4866 ὅμως
3837 4801 3968 4853 οὐκ
4013 4801 4133 4854 ὰπ-

2515 4891 2830 4959 οκνητέον.
2862 4891 3050 4958 φησὶν,
3081 4891 3242 4945 ἀλλὰ
3301 4889 3640 4958 διεγῳτέον
3663 4891 3757 4943 καὶ
3801 4892 3974 4959 πρὸς
4024 4894 4133 4947 τεν

2513 4985 2725 5053 αὔριον
2764 4986 3178 5053 γενησόμενον
3231 4986 3500 5052 πόλεμον
3550 4981 3952 5050 ἁνδριστέσν.
4023 4988 4133 5039 Kal

2512 5072 2630 5142 ἅμα
2651 5072 2969 5137 ὁπλίζεσθαι
3001 5073 3208 5135 πάντας
3243 5074 3337 5125 καὶ
3385 5073 3699 5143 νεὸσμηκτα
3723 5073 4025 5129 δεικνύειν
4061 5077 4133 5141 ὡς

2509 5166 2745 5236 νεουργὰ
2798 5167 2866 5219 τὰ
2913 5165 3040 5234 ξίφη
3087 5157 3395 5218 ἐκέλευσεν.
3441 5164 3592 5217 Ἐπεὶ
3644 5163 3700 5216 δὲ
3754 5164 3962 5235 ἡμέρα
4000 5167 4133 5237 ἄρτι

2508 5256 2942 5324 ἰεανατέλλουσα
2970 5257 3069 5325 τὴν
3086 5257 3235 5319 ὅπως
3260 5255 3618 5326 περιγένηται
3638 5255 3766 5319 τοὺς
3789 5255 4133 5328 Ῥωμαίους

2509 5352 2711 5420 ἀνοχὴν
2735 5351 3026 5421 ἐπέφερεν,
3060 5350 3171 5403 δεῖν
3189 5349 3371 5419 ἔκρινε
3405 5349 3540 5420 πρὸς
3574 5350 3672 5419 μὲν
3696 5350 3741 5381 ⁷⁸
3763 5350 3828 5402 τὸ
3850 5351 4133 5423 ἀρκτῷσῚ

2513 5445 2881 5513 φυλάττοντας
2913 5444 3014 5514 τὴν
3039 5443 3217 5508 ἔξοδον
3252 5442 3401 5512 αὺτῷ
3456 5442 3736 5512 ὲκζητεῖν,
3793 5441 3879 5505 ὡς
3915 5444 3969 5498 δ’
4001 5447 4042 5516 ἦ
4080 5465 4133 5502 τε

2513 5538 2608 5591 τοῦ
2647 5539 2815 5591 τόπου
2841 5539 3010 5590 κακία
3044 5539 3140 5590 καὶ
3177 5535 3288 5589 τῶν
3324 5539 3504 5591 ἐκεῖσε
3535 5534 3854 5605 ταχθέντων
3919 5554 4133 5610 στρατ-

2505 5629 2657 5699 ηγῶν
2689 5629 2946 5700 εὐανδρία
2982 5631 3200 5699 ἀπήντα
3225 5629 3415 5682 τοῦτον
3451 5629 3546 5681 καὶ
3565 5627 3904 5695 διεκώλυεν,
3939 5633 4049 5685 ἐπὶ
4085 5639 4133 5689 τέ

2510 5722 2881 5790 μεσημϐρινῦν
2914 5722 3192 5792 ὁρμᾶσθαι
3247 5722 3576 5787 ἐξεϐιάζετο.
3626 5724 3711 5786 Ὠς
3756 5721 3812 5774 εξ
3842 5726 4133 5782 lixam:

2108 5812 2345 5868 VAlil/E
2386 5813 2792 5870 LECTIONBS.

898 5890 943 5920 ⁸⁵
989 5891 1107 5965 μὲν]
1144 5896 1308 5958 τοὺςῖ
