4154 6446
88 431 151 492 197
904 420 1055 480 LIB.
1094 421 1188 481 1V.
1230 445 1289 455 *-
1325 419 1669 481 MICIIAEL
1710 417 2135 479 THEOPHILI
2166 420 2445 483 FILIUS.

3210 427 3307 491 198

78 566 147 617 την
171 542 348 614 ὁμοίαν
380 538 637 610 εὕρισκεν
669 536 774 589 τῖιν
809 536 1069 588 ἐναντίων
1104 534 1436 605 παράταξιν,
1472 535 1617 603 ἔγνω

1729 533 1915 589 statuit
1982 534 2085 587 loci
2149 535 2264 602 ipsa
2324 533 2661 602 benignitate
2714 544 2921 591 tractus
2969 538 3113 607 (erat
3159 540 3307 594 enim

78 643 157 692 ἱεξν
180 637 271 689 ὑπὸ
308 634 407 687 τοῦ
459 634 627 686 τόπου
679 630 1043 698 ἐφελκόμενος
1077 629 1197 697 (καὶ
1237 634 1347 697 γαρ
1379 625 1445 698 ἦν
1474 628 1615 689 λεῖος

1719 629 1947 700 reliquis
1976 630 2149 700 magis
2179 631 2245 683 ad
2279 630 2556 699 planitiem
2590 647 2819 702 vergens
2858 648 3200 701 accessuque
3231 637 3309 691 fa-

78 735 145 785 zzl
178 725 509 795 εὐπρόσιτος)
570 723 679 775 τῶν
732 721 937 775 λοιπῶν
998 722 1120 772 κατ’
1156 722 1365 773 ἐκεῖνον
1417 718 1616 788 μᾶλλον

1729 723 1911 787 cilior)
1942 722 2032 776 illa
2065 723 2247 791 potius
2299 733 2450 792 parte
2497 725 2707 777 irruerc
2762 742 2867 794 qua
2908 736 2963 779 et
3014 728 3305 783 Petroniam

78 826 246 895 χωρεῖν,
345 820 439 873 καὶ
468 818 559 869 τὸν
590 816 882 885 Πετρωνᾶν
912 812 1063 883 ἑώρα
1098 810 1616 883 κατασκηνούμενον

77 913 519 982 καιφυλάττοντα.
580 910 692 962 Kal
739 908 801 975 δὴ
844 904 1025 975 κρότῳ
1055 905 1152 956 xal
1202 904 1296 973 βοῇ
1334 902 1476 955 κατά
1509 902 1616 955 τῶν

76 1004 299 1073 πολεμίων
325 1001 693 1071 ἑφαλλόμενος
728 998 836 1051 οὐδ’
862 997 1001 1058 ὅλως
1033 994 1285 1059 εἴκοντας
1312 994 1439 1058 τοὺς
1487 994 1619 1046 Ῥω-

78 1092 227 1161 μαίους
272 1089 626 1159 ἐφεύρισκεν,
678 1086 792 1140 ἀλλ’
846 1085 1234 1156 ἰσχυροτέρους
1288 1084 1384 1137 καὶ
1436 1084 1617 1137 αὐτῶν

74 1182 298 1253 ἀνδρικῶς
357 1179 782 1248 ἀντικρούοντας
814 1181 909 1232 καὶ
962 1178 1162 1247 μᾶλλον
1187 1176 1619 1246 ἀνθισταμένους

73 1271 289 1333 νεανικῶς
317 1287 330 1300 ⁸
368 1272 453 1324 διὸ
483 1270 581 1323 καὶ
610 1272 805 1341 μικρὸν
855 1268 1144 1330 συσταλεὶς
1186 1268 1282 1319 καὶ
1314 1268 1391 1329 εἰς
1427 1267 1618 1318 ἑαυτὸν

73 1362 193 1427 αὖθις
212 1364 502 1431 γενόμενος
539 1363 803 1430 ἐπεὸἀρει
836 1361 998 1413 πάλιν
1030 1360 1168 1429 μετά
1187 1360 1491 1428 δυνάμεως,
1523 1359 1617 1409 ὲκ-

75 1457 284 1526 πύρευσίν
305 1472 434 1509 τινα
462 1456 555 1507 xal
586 1452 815 1507 κάθοδον
846 1453 1029 1522 ἑαυτῷ
1052 1452 1432 1521 ποριζόμενος.
1456 1449 1621 1503 Ἀλλὰ

72 1553 142 1604 καὶ
164 1549 296 1611 αὖθις
327 1548 510 1617 τούτῳ
523 1547 623 1599 οὐκ
654 1546 922 1608 ὲνδὸντες,
945 1544 1064 1597 ἀλλ’
1096 1544 1505 1612 ὑπαντήσαντες
1525 1545 1621 1595 καὶ

73 1641 473 1710 ἀναστρέψαντες
499 1638 579 1709 τῷ
601 1637 1053 1707 συμπεφράχθαι,
1074 1639 1167 1689 καὶ
1191 1637 1386 1706 μέχρις
1412 1635 1620 1688 τούτων

69 1735 193 1787 τοῦτο
221 1734 394 1784 ποιεῖν
429 1732 880 1798 κατηνάγκασαν.
918 1730 1074 1782 Ἐπεὶ
1094 1730 1153 1782 δὲ
1188 1728 1456 1782 πάντοθεν
1493 1730 1621 1781 ἀνα·

72 1826 293 1891 ςανέντας
340 1824 440 1876 καὶ
492 1824 686 1885 ἄλλους
718 1823 942 1876 ἄλλοθεν
988 1822 1347 1891 ἐκπηδῶντας
1390 1821 1519 1883 τοὺς
1551 1821 1619 1873 τὰ

1720 812 1937 865 videbat
1976 814 2266 868 stationem
2320 815 2543 869 habere.
2585 814 2826 884 Strepitu
2873 818 3057 887 itaque
3092 834 3157 873 ac
3195 820 3310 874 cla-

1719 920 1871 959 more
1928 906 2149 958 sublato
2184 907 2236 958 in
2293 906 2476 960 hostes
2530 908 2875 978 irrumpens,
2914 925 2980 963 ne
3016 912 3306 967 minimum

1718 998 1943 1066 quidem
1978 998 2262 1061 cedentes,
2303 999 2395 1051 scd
2428 999 2684 1055 fortiores
2732 1000 3023 1069 ipsumque
3084 1012 3308 1058 strenue

1718 1105 1783 1142 ex
1816 1090 2051 1143 adverso
2085 1090 2512 1159 comprimentes
2542 1107 2605 1147 ae
2659 1093 2911 1147 validiori
2954 1108 3116 1146 manu
3174 1096 3308 1149 resi-

1720 1189 1951 1244 stentes,
1986 1181 2230 1235 offendit.
2267 1182 2632 1246 Quamobrem
2690 1186 2856 1238 etiam
2887 1185 3156 1254 tantisper
3207 1186 3306 1239 im-

1722 1285 1905 1343 petum
1936 1274 2220 1335 cohibens.
2260 1275 2573 1342 iterumque
2600 1275 2653 1326 in
2698 1291 2756 1330 se
2785 1278 2964 1344 ipsum
3020 1276 3308 1342 collectus,

1723 1382 1919 1435 magna
1951 1368 1999 1419 vi
2044 1382 2238 1421 rursus
2267 1366 2683 1434 impressionem
2745 1369 2893 1429 facit,
2951 1371 3160 1422 exitum
3207 1368 3313 1421 ali-

1722 1475 1886 1527 quem
1919 1459 2085 1525 inque
2121 1460 2281 1528 plana
2324 1459 2649 1512 descensum
2681 1475 2954 1529 quarens.
2999 1463 3073 1515 Ac
3099 1477 3165 1514 ne
3196 1473 3310 1515 tum

1720 1554 1937 1622 quidem
1970 1554 2044 1606 illi
2071 1553 2328 1607 cedentes
2370 1554 2708 1623 adversaque
2738 1556 2855 1606 acie
2881 1553 3224 1608 incurrentes
3247 1569 3311 1608 ac

1722 1654 2166 1716 rctt'ocogentes,
2220 1647 2349 1699 hinc
2402 1647 2561 1716 183
2597 1646 2722 1699 inde
2769 1646 3058 1714 obseptum
3090 1655 3315 1699 eumte-

1722 1739 1922 1801 uendo,
1955 1749 2068 1791 rem
2096 1738 2451 1807 postmodum
2484 1749 2694 1791 tentare
2720 1746 3033 1792 vetuerunt.
3058 1737 3316 1806 Undique

1727 1830 1901 1899 igitur
1922 1839 2203 1884 exstantes
2235 1830 2381 1884 acies
2440 1830 2656 1892 videns,
2681 1840 2843 1899 atque
2872 1831 3000 1884 hinc
3032 1830 3312 1899 illincquc.

69 1917 254 1984 ἀρκτῴα
282 1917 379 1966 καὶ
406 1913 755 1983 μεσημϐρινὰ
792 1913 933 1983 μέρη
985 1911 1380 1973 κατοικοῦντας
1415 1910 1624 1964 καθεώ-

1729 1923 1820 1992 qui
1852 1923 1918 1976 ad
1953 1923 2268 1992 aquilonem
2317 1922 2523 1991 quique
2545 1922 2611 1976 ad
2665 1922 2949 1976 meridiale
2984 1923 3125 1976 latus
3152 1923 3313 1990 positi

70 2010 317 2079 p1xs,r6:'
347 2008 452 2077 ήδη
492 2008 594 2075 τὴν
627 2007 905 2077 σωτηρίαν
936 2006 1211 2073 ἀπογνοὺς
1240 2007 1334 2058 καὶ
1359 2006 1455 2068 τὰς
1488 2005 1621 2075 φρέ-

68 2122 139 2163 νας
159 2102 337 2169 ὥσπερ
367 2103 478 2153 τινὶ
503 2092 757 2169 κεραυνῷ
784 2100 998 2171 βληθεὶς
1025 2098 1223 2169 ἐχώρει
1249 2099 1393 2152 κατὰ
1424 2097 1619 2166 ξιφῶν,

69 2194 159 2245 οὐδὲ
210 2193 498 2261 προτέρων
540 2191 586 2222 ⁸⁸
622 2192 875 2259 ἀμελῶν·
937 2189 1068 2242 ἔνθα
1116 2190 1341 2260 καιρίαν
1391 2191 1623 2259 πληγεὶς

67 2285 131 2357 [Ρ.
166 2283 278 2356 lii]
317 2284 488 2347 αὐτός
524 2299 580 2337 τε
616 2283 818 2353 πτῶμα
844 2284 1057 2352 γίνεται
1101 2282 1360 2354 χαλεπὸν,
1387 2283 1482 2335 καὶ
1510 2281 1623 2334 τῶν

66 2378 227 2432 ἑαυτοῦ
257 2377 591 2441 διασώζεται
618 2378 796 2441 οὐδεὶς
815 2377 1080 2446 οὐδαμοῦ.
1117 2377 1203 2440 Ὧς
1233 2376 1289 2430 δὲ
1312 2377 1404 2430 τὸν
1429 2376 1622 2429 τούτου

67 2475 154 2523 υἱὸν
182 2474 309 2542 μετα
345 2490 495 2532 τινος
535 2473 817 2539 φάλαγγος
859 2472 1168 2542 ἀποδρᾶναί
1209 2488 1311 2523 που
1344 2471 1618 2541 διήκουον,

64 2569 135 2616 καὶ
155 2566 333 2617 τοῦτον
359 2565 390 2612 6
421 2564 514 2617 τοῦ
553 2564 864 2634 Χαρσιανοῦ
886 2564 1326 2636 κλεισουράρχης
1374 2563 1618 2617 καταλα-

65 2655 149 2706 ϐὼν
177 2658 270 2708 οὐκ
300 2656 511 2710 ἄποθεν
540 2656 891 2726 χειροῦταίτε
926 2657 1069 2724 μετά
1089 2655 1185 2707 τοῦ
1212 2653 1625 2725 στρατεύματος

64 2748 138 2800 καὶ
155 2746 225 2818 τῷ
246 2765 546 2818 στρατηγῳ
578 2749 763 2819 φέρων
787 2747 971 2801 δίδωσι
1004 2748 1285 2818 Πετρωνᾷ.
1310 2746 1498 2809 Οὕτως
1525 2748 1625 2816 μὲν

63 2836 133 2891 οὖν
156 2843 179 2893 6
206 2843 501 2913 Πετρωνᾶς
528 2841 599 2893 τὰ
626 2840 771 2895 κατά
796 2841 891 2894 τοῦ
922 2842 987 2893 Ἀ
1000 2853 1105 2913 μερ
1155 2842 1363 2913 στήσας
1385 2843 1625 2912 τρόπαια

62 2932 128 2985 διὰ
155 2936 347 3004 πολλῆς
380 2931 532 3005 εἶχεν
565 2934 755 2989 ἔκτοτε
785 2935 877 2988 τὸν
912 2934 1149 3005 μοναχὸν
1195 2934 1379 2997 αἰδοῦς
1409 2938 1507 2988 καὶ
1543 2953 1626 2988 τις

66 3026 167 3093 μῆς,
199 3029 497 3097 προφήτην
528 3027 689 3081 ἄλλον
720 3026 1035 3081 ἀποκαλῶν.
1075 3028 1188 3081 Kal
1214 3026 1279 3097 δὴ
1312 3028 1409 3080 καὶ
1437 3026 1506 3079 τὰ
1525 3026 1627 3096 τῆς

60 3119 205 3187 ψυχῆς
220 3120 399 3191 τούτῳ
422 3118 645 3183 ἀναθεὶς
675 3121 811 3189 πρὸς
832 3119 931 3191 τὴν
963 3119 1360 3191 βασιλεύουσαν
1385 3118 1626 3172 εἰσελαύ-

63 3223 121 3259 νει
151 3209 332 3262 τοῦτον
364 3210 796 3278 ἐπιφερόμενος,
834 3210 975 3278 πρὸς
1005 3209 1093 3261 τὸν
1144 3209 1373 3278 βασιλέα
1407 3208 1502 3262 καὶ
1533 3209 1624 3261 τὸν

1727 2023 1908 2081 erant,
1945 2016 2215 2070 irruentes
2244 2014 2619 2083 conspiciens,
2658 2014 2945 2083 desperata
2982 2024 3093 2067 tum
3118 2015 3315 2077 salute,

1728 2123 1794 2162 ac
1827 2108 1989 2181 velut,
2005 2105 2235 2161 fulmine
2266 2109 2429 2169 ictus,
2462 2106 2514 2158 in
2548 2108 2759 2159 medios
2779 2120 2837 2158 se
2860 2119 3023 2159 enses
3045 2106 3318 2173 primum-

1728 2217 1835 2271 que
1877 2202 2067 2255 obvios
2104 2200 2299 2254 inserit
2329 2215 2344 2262 ;
2380 2199 2471 2252 ubi
2506 2198 2651 2251 letali
2682 2208 2905 2266 accepto
2927 2198 3154 2252 vulnere
3188 2213 3314 2252 eum

1729 2295 1846 2364 ipse
1877 2295 2021 2349 tristi
2052 2294 2163 2347 fato
2195 2292 2365 2358 cadit,
2392 2301 2505 2345 tum
2539 2306 2671 2345 suos
2701 2306 2918 2356 omnes,
2963 2308 3029 2345 ne
3062 2306 3170 2345 uno
3195 2291 3314 2361 qui-

1728 2389 1850 2443 dem
1875 2389 2013 2443 eladi
2039 2386 2352 2457 superstite,
2374 2385 2568 2454 perdit.
2594 2384 2727 2454 Ejus
2753 2385 2921 2437 filium
2940 2400 3064 2438 cum
3091 2383 3318 2437 cohorte

1727 2482 1964 2551 quadam
2002 2480 2183 2549 fugam
2218 2464 2550 2545 arripuissse
2622 2478 2712 2530 ubi
2751 2492 2945 2531 rumor
2979 2475 3314 2545 percrebuit,

1731 2573 2021 2626 (lharsiaui
2078 2572 2427 2627 elusurarum
2503 2568 2795 2639 praefectus
2839 2584 2981 2639 pone
3028 2578 3319 2623 assecutus

1731 2678 1855 2716 eum
1892 2662 2133 2716 exercitu
2190 2676 2356 2714 manu
2408 2661 2555 2729 capit
2614 2675 2677 2715 ac
2717 2659 2965 2714 Petrona:
2995 2659 3314 2729 imperatori

1731 2756 1914 2811 tradit.
1944 2755 2035 2810 Sic
2054 2771 2184 2826 ergo
2222 2753 2480 2808 Petronas
2511 2754 2711 2808 erectis
2751 2752 2819 2807 de
2845 2754 3043 2807 Amere
3068 2754 3315 2823 tropaeis,

1741 2864 1941 2918 magna
2012 2849 2271 2914 deinceps
2332 2848 2686 2901 veneratione
2762 2860 2827 2899 ae
2914 2845 3066 2899 cultu
3128 2859 3323 2899 tnona-

1733 2940 1897 2994 cltunt
1945 2937 2401 3007 prosequebatur,
2436 2936 2605 2989 alium
2648 2950 2775 2988 eum
2830 2935 3080 2989 divinum
3140 2944 3316 2987 vatem

1734 3045 1958 3085 vocans.
2004 3030 2180 3098 Atque
2210 3029 2345 3081 adeo
2384 3026 2721 3082 conscientia
2778 3041 2877 3079 sua
2930 3024 3005 3079 illi
3044 3025 3317 3093 deposita,

1733 3133 1857 3173 eum
1891 3118 2188 3180 adducens,
2242 3116 2433 3171 urbem
2464 3123 2752 3184 augustam
2786 3117 2940 3184 petit,
2977 3113 3320 3182 amplissimo

1735 3211 1877 3279 apud
1906 3210 2290 3279 imperatorem
2319 3223 2384 3261 ac
2414 3206 2646 3260 Bardant
2682 3206 2781 3259 viri
2819 3206 3074 3259 virtutem
3108 3219 3318 3274 praeco-

62 3298 236 3366 Βὰρὸαν
263 3302 365 3371 τὴν
393 3300 497 3353 τοῦ
531 3301 723 3371 ἀνδρὸς
753 3300 986 3364 θειάξων
1038 3300 1219 3363 καλῶς
1250 3301 1475 3372 ἀρετήν.
1512 3299 1625 3353 Καὶ

1735 3304 1973 3371 niojure
2021 3304 2218 3355 merito
2264 3301 2520 3354 efferens.
2575 3299 2847 3353 Caeterum
2904 3299 3173 3353 Petrouas
3209 3313 3318 3351 non

62 3388 192 3465 [111‘]
238 3394 266 3445 6
310 3392 419 3461 μὲν
454 3393 749 3462 [Iaspka
802 3390 863 3443 τὸ
912 3390 1007 3444 τοῦ
1056 3390 1385 3460 δομεστίκου
1442 3389 1629 3443 οὐκέτι

60 3492 370 3554 προσωπεῖον
433 3485 896 3556 καθυπεκρίνετο,
948 3485 1066 3539 ἀλλ’
1113 3486 1286 3553 αὐτὴν
1320 3484 1630 3553 ἐλάμϐανεν

59 3578 104 3629 ix
133 3577 391 3646 βασιλέως
430 3579 637 3648 τιμηνο
674 3580 768 3631 καὶ
796 3580 824 3631 6
876 3577 1111 3647 μοναχὸς
1154 3578 1252 3646 τὴν
1310 3576 1448 3645 πρὸς
1495 3576 1630 3629 Θεὸν

59 3669 289 3738 ἐκδημίαν
320 3670 463 3740 παρ’
502 3668 673 3721 αὐτοῦ
703 3668 976 3737 διδαχθεὶς
1004 3669 1096 3721 τὸν
1129 3668 1425 3736 Πετρωνᾶν
1454 3665 1631 3718 ἀνεδί-

54 3762 224 3815 δασκεν
249 3762 325 3826 ὡς
358 3764 458 3816 διὰ
487 3762 703 3830 ταχέων
761 3761 973 3830 μέλλων
1024 3760 1349 3829 ἀποδημεῖν.
1378 3760 1488 3814 Καὶ
1529 3758 1637 3811 ποῖ

54 3873 111 3923 με
128 3856 215 3923 δὴ,
233 3859 263 3910 6
288 3856 622 3925 Πετρωνᾶς,
653 3855 924 3923 ἀπαίρων
953 3855 1020 3908 τὸ
1051 3854 1169 3907 σὸν
1184 3855 1416 3922 ἀρνίον,
1438 3856 1471 3907 ό
1502 3870 1631 3907 ποι-

55 3950 151 4013 μήν
175 3966 291 4017 μου
354 3949 465 4002 καί
498 3948 749 4015 ἐραστὰ,
797 3946 1018 4010 ,βούλει
1066 3948 1457 4007 καταλιπεῖνς
1494 3945 1634 4014 μετὰ

60 4040 305 4111 κλαυθμοῦ
358 4038 731 4094 ἐπυνθάνετο.
761 4034 904 4107 τΛρα
957 4039 1149 4102 τούτῳ
1184 4037 1265 4102 τῷ
1289 4038 1441 4103 ,ϐίῳ;
1472 4038 1635 4091 ἀλλὰ

57 4132 261 4186 δέδοικα
314 4133 410 4202 μὴ
470 4132 627 4199 πρὸς
677 4132 784 4183 τὸν
838 4134 1133 4199 πρότερον
1179 4130 1431 4183 ὄλισθον
1460 4124 1635 4196 αὖθις

57 4225 346 4292 εᾳαρῤυῶ
384 4224 495 4277 καί
522 4222 817 4291 γένωνται
848 4240 951 4290 μοι
978 4223 1048 4275 τὰ
1073 4223 1307 4291 ἔσχατα
1333 4219 1453 4275 τῶν
1487 4238 1630 4288 προ-

59 4315 207 4381 τέρων
237 4319 312 4371 οὐ
342 4316 695 4385 κρείττονα.
720 4344 790 4355 -
811 4315 920 4369 Kal
940 4315 1177 4379 βούλει,
1209 4315 1377 4384 φησὶν
1408 4316 1437 4368 6
1465 4330 1632 4383 μονα-

58 4408 142 4475 χὸς,
164 4410 285 4477 ἐμοὶ
318 4407 981 4474 συνεπακολουοῆσαι,
1015 4408 1123 4461 Kal
1149 4400 1325 4474 οὗτος,
1354 4407 1487 4468 Ναὶ,
1516 4405 1632 4460 Πά-

58 4515 148 4565 τερ,
199 4501 324 4572 ἔφη,
385 4499 536 4570 μεθ’
569 4498 822 4568 ἡδονῆς.
877 4499 986 4552 Kal
1044 4498 1109 4569 δὴ
1162 4499 1303 4569 νόσῳ
1334 4498 1430 4551 καὶ
1478 4492 1633 4561 οὗτος

1726 3396 1838 3465 jam
1865 3395 2004 3448 ultra
2037 3392 2325 3447 domestici
2360 3407 2649 3463 personam
2678 3392 2974 3445 simulacro
2995 3391 3186 3461 gessit,
3222 3389 3318 3443 sed

1735 3485 1887 3555 regio
1924 3499 2147 3538 munere
2183 3485 2297 3552 ipse
2323 3498 2383 3537 ea
2415 3483 2677 3553 dignitate
2724 3491 2975 3549 augetur.
3008 3480 3320 3535 Monachus

1732 3592 1856 3630 eum
1889 3592 1948 3630 se
1972 3576 2037 3629 ad
2070 3574 2236 3628 Deum
2270 3576 2672 3643 emigraturnm
2721 3574 2987 3628 divinitus
3021 3572 3320 3642 cognovis-
3420 3601 3425 3608 ι

1732 3681 1817 3725 set
1870 3668 2160 3723 Petronam
2214 3668 2290 3721 rei
2328 3669 2605 3722 admonet.
2642 3667 2718 3721 Ad
2751 3682 2912 3736 quem
2956 3666 3048 3721 ille
3084 3666 3273 3737 lugens
3303 3681 3320 3721 :

1737 3764 1961 3818 Ubinam
1995 3779 2137 3823 vero,
2174 3761 2371 3829 inquit,
2400 3772 2458 3813 tn
2490 3772 2677 3829 pastor
2702 3775 2849 3813 meus
2879 3774 2942 3812 ac
2967 3770 3179 3811 amator
3201 3758 3320 3811 ovi-

1733 3855 1907 3908 culam
1940 3865 2086 3907 turam
2142 3854 2389 3905 humanis
2423 3855 2675 3906 excedens
2710 3852 2782 3905 vis
2816 3852 3112 3920 relinquere
3142 3850 3166 3903 .’
3197 3865 3322 3904 nunt

1734 3950 1788 4003 in
1821 3949 1915 4002 hoc
1946 3947 2188 4003 ueruto?
2217 3958 2271 3999 at
2303 3963 2485 4001 vereor
2515 3963 2577 3999 ne
2619 3949 2672 3998 in
2709 3946 2894 4015 priora
2922 3959 3138 4011 prorsus
3187 3944 3325 3998 deli-

1736 4054 1821 4097 tta
1865 4044 2120 4113 diﬁluam,
2156 4044 2386 4111 mihique
2413 4044 2711 4109 posteriora
2745 4041 2878 4094 nihil
2928 4040 3151 4094 meliora
3174 4041 3323 4109 prio-

1736 4135 1882 4185 ribus
1912 4133 2067 4201 ﬁant.
2113 4132 2277 4204 184,
2302 4163 2370 4171 -
2391 4131 2535 4185 Nam
2568 4147 2710 4194 vero,
2760 4131 2937 4200 inquit
2993 4131 3322 4193 monachus,

1736 4228 1828 4278 tibi
1848 4227 2028 4278 animo
2047 4227 2209 4287 sedet,
2236 4227 2393 4289 nume
2410 4225 2650 4293 sequaris
2667 4228 2762 4279 ἲ-
2783 4223 2893 4289 Ιια,
2918 4222 3101 4286 Pater,
3126 4224 3322 4293 inquit,

1735 4320 2095 4372 lubentissime
2122 4334 2335 4389 sequar.
2370 4318 2557 4371 Morbo
2581 4318 2765 4386 itaque
2792 4327 2846 4370 et
2870 4317 2985 4385 ipse
3012 4326 3320 4385 correptus,

1737 4414 1919 4465 statim
1963 4428 2025 4465 ae
2068 4412 2295 4466 domum
2327 4412 2606 4475 rediissot,
2634 4426 2697 4465 ea
2747 4419 2938 4465 narrat
2982 4425 3105 4480 qua:
3134 4411 3321 4464 abbati

1737 4512 2030 4557 evenerant
2065 4519 2077 4567 ;
2109 4502 2461 4571 vicissimque
2506 4502 2675 4556 refert
2719 4501 2927 4555 dixisse
2990 4502 3321 4555 monachum

58 4593 237 4661 βληθεὶς
266 4596 391 4664 ἄμα
418 4594 496 4662 τῇ
530 4591 715 4645 οἴκαδε
747 4592 1064 4662 ὑποστροφῇ
1099 4591 1289 4661 ἐδήλου
1318 4592 1387 4644 τὰ
1418 4591 1628 4660 συμπί-

1736 4596 1908 4663 ipsum
1943 4610 2167 4663 quoque,
2235 4596 2314 4647 uti
2350 4595 2615 4662 petierat,
2667 4595 2809 4648 brevi
2858 4596 3165 4648 morientem
3201 4611 3320 4649 eum

59 4700 219 4738 πτοντα
250 4687 333 4756 τῷ
386 4685 571 4754 ἁῦὃᾷ,
632 4686 728 4737 καὶ
752 4684 1113 4754 ἀντεδηλοῦτο
1144 4684 1336 4753 φάναι,
1365 4684 1442 4746 ὡς
1476 4683 1618 4738 Μετ’

54 4778 168 4843 ἐμοῦ
196 4781 443 4848 γενήσῃ
464 4776 626 4846 μετὰ
648 4778 864 4846 μικρὸν
884 4778 965 4843 ὡς
995 4777 1222 4846 ᾐτήσω.
1251 4778 1358 4830 Kal
1374 4777 1438 4848 δή
1465 4793 1627 4830 τινων

54 4870 240 4941 ἡμερῶν
277 4870 694 4943 παρελθουσῶν
722 4872 751 4923 6
774 4872 1007 4941 μοναχὸς
1035 4887 1094 4923 τε
1123 4870 1476 4941 μετεκαλείτο
1497 4869 1634 4941 πρὸς

54 4963 122 5012 τὸν
144 4964 291 5030 Θεὸν,
328 4965 437 5018 καὶ
474 4956 643 5026 οὗτος
673 4962 923 5032 αύθωρὸν
944 4962 1019 5027 ὼς
1058 4964 1124 5016 ὲκ
1153 4962 1502 5033 συνθήματος
1533 4963 1636 5014 ἑπ-

54 5054 304 5121 ηλολούθει
328 5055 625 5126 λαμπρῶς
649 5071 662 5086 ·
697 5058 792 5109 καὶ
808 5056 1060 5110 τοσοῦτον
1084 5051 1153 5126 ἦν
1176 5057 1321 5109 κατὰ
1349 5054 1441 5108 τὸν
1470 5055 1635 5109 αὑτὸν

57 5148 208 5214 καιρὸν
231 5149 590 5219 ἀμφοτέρων
651 5149 686 5219 ἡ
737 5148 949 5201 ικείθεν
1002 5148 1285 5217 ἀποδημία
1314 5146 1389 5211 ὡς
1440 5148 1633 5218 ἅτερος

58 5236 227 5305 ἐτέρου,
255 5241 450 5294 καίτοι
490 5255 563 5307 γε
587 5237 790 5310 μικροῦ
817 5238 911 5292 τοῦ
940 5239 1314 5307 διαστήματος
1342 5238 1515 5302 ὄντος,
1556 5238 1631 5309 μὴ

58 5331 248 5385 ἀκούσαι
277 5334 375 5387 τὸν
402 5334 675 5387 θάνατον.
713 5331 956 5402 Τοιούτῳ
987 5333 1087 5402 μὲν
1114 5331 1179 5402 δὴ
1218 5330 1365 5384 τέλει
1391 5330 1485 5383 τοῦ
1515 5329 1631 5400 βίου

58 5428 138 5493 πρὸ
159 5429 344 5484 τούτου
379 5432 412 5483 6
449 5427 729 5497 Μανουὴλ
751 5428 893 5499 νόσῳ
923 5428 987 5497 δή
1019 5445 1126 5481 τινι
1170 5429 1491 5500 κρατηθείς.

108 5517 205 5583 ις’.
237 5520 569 5574 Μετέόαινε
599 5519 656 5571 δὲ
689 5519 785 5572 καὶ
816 5521 844 5573 6
872 5519 1085 5590 Βάρδας
1123 5521 1215 5573 καὶ
1261 5518 1359 5582 τὰς
1386 5519 1451 5570 ἑκ
1478 5517 1633 5587 βασι-

60 5606 161 5671 λέως
184 5613 378 5682 ἧμειόε
405 5610 671 5680 συνεχῶς
709 5614 898 5683 τιμάς,
944 5612 1136 5685 ὥσπερ
1164 5630 1246 5676 τις
1275 5613 1393 5675 νέος
1426 5610 1632 5681 γαῦρός

63 5714 102 5751 τε
128 5708 207 5757 καὶ
232 5706 543 5777 φιλότιμος
581 5703 682 5768 τὰς
708 5705 960 5770 ποικίλας
986 5706 1097 5760 τῶν
1133 5705 1267 5777 πρὸς
1300 5704 1491 5775 τέρψιν
1517 5720 1632 5757 στο-

1732 4696 2052 4740 secuturum.
2108 4688 2186 4741 Ae
2220 4701 2355 4740 sane
2404 4688 2595 4755 paucis
2650 4687 2855 4755 elapsis
2899 4686 3095 4739 diebus
3126 4724 3141 4747 ,
3191 4701 3317 4739 eum

1732 4780 2036 4833 monachus
2076 4778 2141 4831 ad
2208 4776 2380 4833 Deum
2414 4786 2697 4841 evocatur,
2732 4788 2846 4830 tum
2905 4778 3089 4829 statim
3135 4776 3320 4830 Petro-

1741 4889 1842 4929 nas
1873 4875 2018 4927 velut
2052 4888 2117 4925 ex
2140 4872 2393 4925 condicto
2424 4870 2715 4939 magnifice
2743 4870 3013 4938 sequitur,
3058 4870 3130 4921 ita
3156 4868 3320 4922 nimi-

1741 4980 1863 5018 rum
1898 4973 1955 5017 ttt
2007 4961 2261 5031 quamvis
2306 4959 2454 5013 brevi
2483 4961 2563 5013 sic
2619 4959 2904 5013 intervallo
2932 4957 3113 5012 dissiti
3141 4967 3317 5017 erant,

1743 5054 2013 5108 ambobus
2047 5051 2210 5105 simul
2245 5050 2667 5120 etnigrantibns,
2699 5049 2838 5103 alter
2872 5048 3105 5102 alterius
3130 5047 3323 5102 mortis

1743 5145 1994 5199 nuntium
2054 5142 2247 5195 audire
2299 5140 2629 5209 nequiverit.
2672 5136 2906 5192 Moritur
2950 5152 3083 5193 vero
3117 5146 3172 5191 et
3229 5137 3322 5191 illo

1742 5237 1889 5307 prior
1926 5233 2161 5295 Manuel,
2193 5233 2385 5286 morbo
2415 5232 2651 5301 quodam
2687 5232 2963 5287 detentus.

1698 5332 1727 5383 6
1780 5329 2073 5399 Πετρωνᾶς
2129 5326 2477 5396 χρησάμενος
2529 5323 2782 5392 λέγεται,
2837 5321 3095 5376 ἐτελεύτα
3140 5320 3196 5374 δὲ
3228 5320 3317 5373 καὶ

1814 5513 1907 5569 26.
1939 5510 2045 5566 Sed
2080 5521 2134 5563 et
2174 5510 2378 5564 Bardas
2414 5507 2563 5563 nullo
2598 5506 2740 5563 fixus
2797 5522 3026 5563 munere
3069 5507 3206 5562 alias
3256 5522 3325 5562 ex

1743 5608 1869 5663 aliis
1916 5606 2180 5661 continue
2248 5602 2545 5671 dignitates
2603 5603 2829 5669 profusa
2890 5600 3154 5670 principis
3219 5599 3325 5653 lar-

1740 5702 1907 5769 gitate
1983 5696 2248 5765 mutabat,
2297 5683 2447 5750 haud
2487 5708 2649 5750 secus
2700 5708 2767 5749 ac
2814 5694 3037 5765 juvenis
3090 5693 3317 5763 quidam

1336 5800 1567 5855 VARIAS
1606 5792 2009 5855 LECTIONl‘IS.

117 5899 153 5927 "
176 5901 436 5972 πρόκρον
458 5898 483 5950 ?
