4154 6446
814 400 914 463 199

1847 407 1944 465 Tll
1959 407 2258 467 ΕΟΡΗΛΝ
2270 408 2356 466 ES
2385 408 2606 468 CONTI
2619 410 2822 470 NUAT
2835 413 2874 470 li
2889 413 2927 468 S

3971 420 4063 483 2‘10

812 535 873 570 ac
903 519 1224 573 ambitiosus
1273 522 1423 574 vario
1458 521 1522 574 ad
1564 522 1834 575 luxuriam
1897 524 2046 577 eultn
2090 532 2260 577 inutat
2290 540 2381 577 ve-

2494 527 2604 589 λάς.
2658 528 2965 580 Μετέϐαινε
3033 527 3161 596 γοῦν
3192 531 3284 582 καὶ
3335 531 3470 601 πρὸς
3491 531 3589 602 τὴν
3613 533 3890 604 Καίσαρος
3920 537 4062 610 ἀνῄει

811 621 940 665 stes.
979 611 1180 664 Mutata
1217 613 1399 682 itaque
1425 613 1706 669 iunctione
1732 616 1797 668 ad
1862 615 2099 670 Caesaris
2145 617 2382 686 dignita-

812 712 918 756 tem
950 703 1288 771 gloriamque
1345 705 1613 770 ascendit,
1646 720 1770 758 cum
1832 703 2068 759 Michael
2101 705 2244 759 nulla
2276 708 2382 762 alia

813 795 1118 861 reipuhlica:
1154 807 1285 846 cura
1319 803 1595 848 teneretur
1627 810 1790 863 quam
1820 805 1881 848 ut
1935 795 2165 850 theatris
2215 797 2384 850 ludis-

815 901 917 953 qne
959 885 1312 940 Circensibus
1363 897 1601 940 vacaret.
1634 886 1903 956 Quodque
1956 887 2092 942 adeo
2137 889 2383 955 gravius,

814 991 918 1028 non
950 977 1125 1028 solum
1155 977 1259 1031 illis
1288 978 1481 1032 lubens
1502 979 1830 1046 spectaculis
1856 979 2116 1033 intererat
2147 989 2388 1034 tantam-

813 1083 915 1134 que
963 1082 1183 1136 operam
1240 1070 1493 1132 navabat,
1530 1070 1623 1122 sed
1653 1079 1706 1122 et
1758 1071 1873 1138 ipse
1928 1069 2154 1123 Romani
2204 1086 2385 1124 arcent

813 1161 1025 1226 imperii
1070 1173 1263 1214 tenens
1289 1177 1462 1230 equos
1506 1162 1723 1231 agebat,
1779 1163 2108 1231 cunctisque
2159 1180 2219 1218 se
2264 1164 2392 1218 ridi-

812 1253 993 1306 culum
1045 1269 1107 1306 ac
1148 1257 1514 1321 Spernendum
1561 1256 1854 1324 praebebat.
1909 1258 1981 1310 Ita
2033 1257 2240 1313 Bardas
2296 1275 2392 1314 ne-

814 1348 954 1411 potis
996 1357 1307 1400 curatorem
1340 1350 1568 1417 agehat;
1595 1351 1681 1402 cui
1729 1366 1829 1404 nec
1875 1351 2009 1413 vita,
2046 1361 2104 1405 ut
2136 1367 2234 1421 par
2286 1364 2390 1418 est,

814 1438 866 1488 in
902 1437 1038 1490 votis
1074 1453 1199 1491 esse
1246 1441 1546 1504 debuisset,
1603 1443 1709 1495 nisi
1737 1459 1764 1494 a
1793 1445 1975 1497 servili
2008 1446 2132 1498 vitae
2176 1447 2277 1498 hoc
2312 1447 2394 1498 iii-

812 1528 1005 1579 stituto
1026 1528 1177 1581 illum
1200 1541 1473 1584 avocaret.
1503 1532 1726 1587 Interim
1748 1545 1928 1588 tami-n
1951 1538 2161 1604 negotia
2178 1536 2391 1603 publica

812 1621 1250 1683 administrabat,
1279 1638 1340 1674 ac
1356 1624 1458 1676 sibi
1500 1624 1613 1692 ipse
1639 1627 1922 1693 imperium
1950 1629 2133 1680 animo
2154 1628 2395 1681 destina-

813 1713 924 1769 bat,
947 1711 1105 1779 cujus
1135 1712 1291 1781 185
1317 1718 1646 1782 quandoque
1662 1717 1766 1769 sibi
1793 1721 1906 1786 ipse
1928 1733 2154 1786 compos
2175 1717 2289 1771 fore
2317 1719 2396 1771 vi-

812 1801 1316 1855 J0l'8lUl‘.Cil‘leu.'ll
1343 1809 1452 1857 haec
1472 1808 1688 1874 quidem
1708 1809 1759 1860 in
1781 1808 2022 1862 futurum
2043 1811 2116 1863 illi
2138 1811 2393 1878 reposita:

2489 618 2646 682 δόξαν
2676 635 2734 670 τε
2775 619 2870 671 καὶ
2899 621 3086 689 τιμὴν,
3116 620 3208 674 τοῦ
3237 623 3454 692 Μιχαὴλ
3491 626 3553 676 οὐ
3613 625 3752 694 πρὸς
3787 627 3976 698 ἕτερόν
4017 646 4061 681 τι

2489 711 2599 762 τῶν
2644 710 2941 762 πολιτικῶν
2985 713 3240 766 τοσοῦτον
3288 716 3629 785 ἐπτοημένου
3676 717 3949 792 ἢθέατρα
3979 725 4064 774 καὶ

2495 803 2676 855 ἵππων
2711 803 3104 874 ἁμιλλητήρια.
3142 807 3252 859 Καὶ
3281 806 3341 859 τὸ
3378 807 3441 877 δὴ
3471 809 3725 877 χαλεπὸν,
3754 812 3855 865 οὐκ
3881 815 4064 880 ἠγάπα

2497 893 2660 958 μόνον
2719 895 2916 961 θεατὴς
2976 893 3138 958 εἶναι,
3176 897 3290 963 εῑγε
3345 900 3437 951 καὶ
3482 901 3732 952 τοσοῦτον
3756 904 4061 971 ἐσχόλαζεν,

2493 981 2630 1034 ἀλλὰ
2662 986 2754 1036 καὶ
2781 985 2942 1046 αὐτὸς
2967 988 3207 1055 ἡνιοχεῖν
3236 989 3264 1039 ό
3298 990 3397 1056 τῆς
3447 989 3554 1042 τῶν
3595 990 3883 1060 Ῥωμαίων
3916 993 4063 1061 βασι-

2494 1074 2665 1139 λείας,
2716 1078 2893 1146 θέαμα
2942 1080 3229 1147 τυγχάνων
3278 1082 3372 1130 καὶ
3407 1083 3663 1150 παίγνιον
3699 1087 3831 1136 πᾶσι
3881 1086 3948 1154 δὴ
3981 1088 4066 1138 καὶ

2497 1169 2836 1235 κατάγελως.
2868 1170 3052 1231 Οὐτως
3079 1175 3104 1224 ό
3135 1170 3217 1243 [1).
3254 1171 3378 1243 115]
3418 1174 3628 1244 Βάρδας
3662 1175 3753 1227 τοῦ
3783 1176 4064 1244 ἀδελφιδοῦ

2497 1260 2884 1329 ἐπετρόπευεν,
2933 1263 3027 1314 καὶ
3057 1261 3177 1314 οὐδὲ
3209 1261 3328 1332 ζῇν,
3373 1263 3447 1325 ὡς
3472 1264 3670 1326 ἔοικεν,
3702 1265 3994 1334 ἠθέλησεν,
4023 1268 4066 1318 εἰ

2502 1349 2576 1418 μὴ
2610 1348 2800 1402 τοῦτον
2833 1351 3158 1420 μεταπείσει
3208 1353 3269 1403 τὸ
3299 1352 3652 1422 ἀνδράποδον.
3706 1354 3851 1425 Πλὴν
3885 1355 4068 1426 διῴκει

2501 1444 2636 1504 τέως
2661 1444 2822 1503 αὐτὸς
2857 1444 2925 1495 τὰ
2954 1445 3224 1506 πολιτικὰ,
3251 1445 3345 1496 καὶ
3375 1445 3472 1514 τῆς
3501 1444 3776 1515 βασιλείας
3810 1465 4068 1500 κατεστο-

2502 1534 2696 1602 χάζετο
2730 1533 2803 1594 ὡς
2839 1533 3008 1602 αὐτὴν
3063 1536 3337 1602 εὐκαίρως
3397 1537 3854 1605 περιληψόμενος.
3915 1540 4071 1593 Ἀλλὰ

2501 1623 2671 1674 ταῦτα
2707 1623 2804 1691 μὲν
2829 1624 2904 1684 εἰς
2930 1624 2989 1673 τὸ
3015 1624 3206 1690 μέλλον
3227 1624 3545 1693 ἐταμιεύετο
3566 1643 3580 1657 ·
3611 1629 3730 1679 τότε
3753 1628 3808 1680 δὲ
3837 1629 3942 1698 τῆς
3976 1630 4071 1692 ἔξω

2504 1715 2694 1782 σοφίας
2733 1715 3085 1784 ἐπιμεληθεὶς
3127 1716 3243 1784 (καὶ
3275 1717 3383 1785 γὰρ
3431 1712 3498 1787 ἦν
3525 1717 3602 1787 τῷ
3633 1720 3872 1790 τοσούτῳ
3895 1722 4073 1790 χρόνῳ

2504 1809 2884 1878 παραῤῥυεῖσα
2916 1809 3008 1860 καὶ
3033 1808 3167 1876 πρὸς
3191 1808 3251 1860 τὸ
3277 1810 3442 1879 μηδὲν
3468 1811 3600 1872 ὅλως
3630 1817 3986 1881 κεχωρηκυία
4009 1817 4069 1881 τῇ

810 1894 1023 1943 inierim
1053 1910 1176 1946 vero
1195 1896 1474 1950 sazcularis
1494 1913 1554 1950 ac
1577 1897 1816 1966 profanae
1834 1902 2114 1967 sapientiae
2131 1916 2260 1956 cura
2278 1917 2391 1955 sus-

2500 1898 2609 1950 τῶν
2637 1901 3026 1967 κρατησάντων
3057 1900 3313 1971 ἀγροικίᾳ
3346 1903 3438 1953 καὶ
3465 1902 3693 1972 ἀμαθίᾳ)
3731 1902 3825 1954 καὶ
3860 1904 4073 1973 διατρι-

811 1993 982 2049 L'cpla,
1023 1997 1145 2036 cum
1176 1985 1286 2053 jam
1317 1989 1468 2055 plura
1497 1989 1666 2042 lustra
1703 1991 2056 2043 humaniores
2090 1993 2398 2045 litteranini-

811 2085 1117 2139 peratorum
1138 2077 1390 2130 barbarie
1407 2093 1469 2132 ac
1493 2080 1706 2132 inscitia
1729 2083 2120 2138 obsolevissent
2144 2099 2205 2138 ac
2231 2101 2400 2154 prope

811 2177 1086 2220 cXSlIIICLf‘
1153 2180 1357 2234 essent,
1423 2175 1936 2229 mathematicarum
1983 2176 2394 2245 disciplinarum

811 2261 1011 2313 scholis
1035 2263 1096 2312 ad
1125 2261 1477 2330 Magnauram
1529 2268 1872 2331 constitutis,
1894 2270 2178 2339 magnifice
2202 2285 2396 2324 rursus

810 2351 1001 2404 llorere
1045 2369 1106 2406 ac
1135 2355 1280 2407 velut
1313 2359 1673 2424 repubescere
1710 2377 1828 2413 eam
1861 2361 2008 2414 fecit.
2046 2360 2155 2416 Nec
2206 2373 2387 2416 tamen

812 2445 913 2496 hoc
952 2444 1144 2498 Bai-da:
1211 2446 1448 2510 facinus,
1495 2467 1812 2521 quanquam
1875 2469 2144 2507 summam
2174 2455 2390 2523 praefer-

809 2545 890 2586 ret
914 2536 1248 2590 honestatem
1308 2541 1589 2610 gloriaque
1633 2544 2243 2608 ccleherrimuniesset,
2272 2547 2390 2614 ejus

810 2643 982 2682 noxas
1013 2631 1248 2698 reliquas
1280 2634 1465 2688 eluere
1500 2637 1688 2689 valuit.
1733 2636 1969 2690 Praeerat
2025 2639 2152 2691 huic
2191 2640 2392 2692 schola:

810 2737 871 2774 ac
895 2723 1084 2776 doctor
1137 2724 1497 2793 philosophia:
1527 2740 1643 2782 erat
1671 2746 1901 2798 magnus
1941 2731 2028 2784 ille
2061 2747 2125 2785 ac
2150 2732 2396 2799 philoso-

810 2815 949 2882 phus
983 2813 1112 2878 Leo,
1146 2820 1430 2885 sanguinis
1479 2820 1700 2888 quidem
1745 2821 2000 2890 prosapia
2051 2821 2246 2875 Jannis
2302 2838 2396 2890 pa-

811 2907 1063 2963 triarcha:
1119 2915 1400 2978 patruelis,
1472 2916 1642 2983 gradu
1710 2933 1836 2970 vero
1887 2916 2396 2972 'l‘hessalonicensis

809 3004 1084 3068 quondam
1127 3008 1443 3074 episcopus.
1507 3007 1658 3061 Tune
1701 3018 1884 3061 autem
1948 3025 2167 3063 cessare
2205 3011 2395 3078 jussus

2502 1985 2601 2046 ϐὰς
2634 1987 2741 2037 τῶν
2790 1987 3190 2056 μαθηματικῶν
3244 1989 3388 2042 κατά
3443 1992 3780 2061 Μαγναύραν
3841 1995 4073 2061 ποιήσας

2504 2075 2658 2140 αὖθις
2679 2081 2949 2145 ἀκμάζειν
2982 2083 3073 2132 καὶ
3094 2081 3301 2151 ἁνηϐᾷν
3329 2082 3535 2152 ταύτην
3563 2085 3859 2147 ἐσπιιύδαζέ
3890 2103 3953 2136 τε
3984 2085 4074 2138 καὶ

2500 2172 2914 2242 πεφιλοτίμητο.
2943 2173 3053 2224 Καὶ
3081 2172 3238 2225 τοῦτο
3259 2174 3368 2226 τῶν
3395 2175 3570 2244 ἔργων
3600 2175 3761 2228 αὐτοῦ
3788 2177 4074 2230 κάλλιστόν

2496 2281 2556 2316 τε
2608 2267 2702 2317 καὶ
2759 2265 3085 2334 περιϐόητον
3112 2265 3171 2316 ὃν
3206 2266 3306 2318 οὐκ
3339 2266 3529 2335 ἰσχυσέ
3563 2284 3680 2329 πως
3714 2268 3812 2330 τὰς
3848 2269 4073 2329 ἐνούσας

2497 2357 2669 2418 ἄλλως
2721 2357 2898 2427 κῆρας
2931 2357 3080 2425 αὐτῷ
3130 2357 3520 2425 ἀπονίψασθαι.
3555 2353 3731 2430 *Ηρχε
3765 2360 3818 2412 δὲ
3854 2363 3955 2414 καὶ
3982 2362 4075 2427 τῆς

2495 2447 2750 2516 τοιαύτης
2799 2448 2998 2518 σχολῆς
3028 2448 3126 2518 τὴν
3182 2449 3282 2518 μὲν
3331 2450 3647 2518 φιλοσοφίαν
3711 2452 4076 2523 ἐξηγούμενος

2499 2541 2649 2593 Λέων
2679 2542 2882 2602 ἐκεῖνος
2935 2542 2962 2593 ό
3014 2543 3192 2608 μέγας
3241 2557 3301 2593 τε
3344 2542 3439 2594 καὶ
3472 2543 3776 2612 φιλόσοφος,
3838 2545 3896 2607 ὃς
3939 2546 4077 2597 κατά

2502 2633 2824 2699 συγγένειαν
2853 2632 2952 2697 μέν
2971 2632 3066 2684 τοῦ
3099 2632 3394 2700 ἐξαδέλφου
3428 2633 3505 2702 τῷ
3555 2639 3867 2706 πατριάρχῃ
3903 2636 4076 2708 Ἰαννῇ

2497 2723 2759 2792 ᾠκείωτο,
2792 2725 2883 2777 τὸν
2915 2724 3106 2792 θρόνον
3133 2723 3190 2776 δέ
3221 2725 3320 2793 τῆς
3368 2725 3769 2797 Θεσσαλονίκης
3803 2731 4078 2799 κατέχων,

2499 2819 2685 2888 ἐπειδὴ
2724 2817 2819 2870 νῦν
2871 2822 2935 2870 ἐκ
2989 2821 3364 2889 καθαιρέσεως
3415 2821 3727 2890 ἐσχόλαζεν,
3759 2826 3838 2885 είς
3867 2826 4078 2892 ταύτην

2498 2910 2893 2980 προεόιϐαζετο
2937 2911 3035 2978 τὴν
3085 2910 3300 2980 σχολὴν,
3359 2911 3458 2982 τὴν
3492 2912 3731 2982 ἀμαθίαν
3754 2915 3950 2986 πόρρω
3989 2932 4078 2966 ποι

2502 3003 2820 3056 ο.πελαύνων
2854 3003 2947 3053 καὶ
2966 3003 3436 3072 ἀποτρεπόμενος.

811 3110 972 3165 aique
1032 3112 1269 3163 amotus,
1292 3107 1435 3168 quod
1477 3104 1960 3159 iconomachoruin
1999 3107 2222 3160 haeresis
2255 3106 2431 3159 cultor
2457 3111 2596 3164 crat,
2632 3100 2755 3154 huic
2788 3098 3007 3166 negotio
3048 3099 3364 3167 prapositus
3397 3113 3557 3166 opera
3580 3113 3679 3152 sua
3703 3114 3766 3154 ac
3796 3099 4077 3155 indusuia

811 3189 1085 3243 inscitiam
1129 3194 1318 3260 procul
1353 3195 1607 3264 abigebat
1641 3206 1805 3267 atque
1850 3196 2089 3266 fugabat.

881 3280 968 3335 27.
1005 3284 1197 3351 Opera:
1241 3289 1473 3354 pretium
1511 3298 1692 3342 autem
1726 3291 1993 3356 videatur,
2044 3303 2102 3346 ut
2131 3304 2184 3346 et
2229 3306 2392 3346 nove.
2424 3298 2468 3359 C

811 3372 983 3427 rimus
1015 3389 1121 3443 qua
1155 3379 1364 3432 ratione
1388 3380 1470 3433 vir
1499 3389 1684 3436 tantus
1709 3384 1762 3436 in
1792 3384 1912 3450 ejus
1947 3385 2036 3452 qui
2072 3393 2185 3437 tum
2210 3399 2393 3437 rerum

812 3467 1122 3532 potiebatur
1177 3470 1427 3523 notitiam
1475 3472 1707 3526 venerit.
1778 3473 1910 3527 Erat
1965 3475 2010 3528 is
2057 3473 2396 3544 Theophilus

812 3555 1089 3611 Michaelis
1171 3570 1346 3628 pater.
1419 3559 1517 3616 Hic
1599 3577 1729 3630 ergo
1792 3579 1917 3617 cum
1983 3564 2391 3634 disciplinarum

811 3645 1028 3703 omnem
1091 3652 1377 3706 scientiam
1453 3655 1690 3722 perfecte
1763 3656 2136 3721 excoluisset,
2207 3659 2394 3725 sicque

811 3743 1058 3793 onmium
1111 3744 1563 3813 disciplinarum,
1613 3748 1969 3815 philosophiae
2001 3749 2230 3816 ejusque
2270 3764 2392 3818 ger-

815 3847 1105 3885 manarum
1159 3834 1541 3903 (arithmeticae
1581 3838 1788 3891 scilicet
1821 3846 1874 3890 et
1909 3840 2254 3907 geometriae,
2295 3853 2394 3891 nec

815 3942 918 3977 non
968 3929 1343 3992 astronomiae,
1398 3929 1529 3997 quin
1563 3938 1617 3982 et
1650 3931 2096 3984 celebratissima:
2146 3932 2391 4002 musicae)

814 4017 1205 4084 perfectionem
1262 4032 1458 4074 nactus
1525 4034 1711 4087 esset,
1790 4032 2113 4093 tantumque
2171 4028 2224 4077 in
2287 4026 2394 4079 illis

813 4111 1078 4164 omnibus
1106 4127 1252 4165 unus
1282 4113 1399 4182 ipse
1445 4113 1764 4181 profecisset
1792 4124 2056 4182 quantum
2092 4133 2159 4170 ne
2191 4119 2243 4170 in
2287 4134 2392 4172 una

811 4205 1033 4273 quidem
1080 4206 1353 4274 quispiam
1407 4207 1572 4268 alius,
1628 4209 1870 4275 diligenti
1923 4208 1976 4260 in
2031 4224 2150 4262 eam
2201 4225 2389 4277 opera,

812 4296 1130 4349 solitudinis
1161 4297 1484 4366 tranquillo,
1517 4299 1678 4368 186
1703 4299 1904 4368 ingenii
1938 4301 2293 4364 dexteritate,
2337 4303 2391 4354 in

812 4391 906 4444 vili
953 4393 1188 4459 qquam
1253 4392 1528 4459 tuguriolo
1584 4393 1888 4456 discipulos
1953 4392 2280 4459 erudiebat,
2340 4405 2393 4449 et

811 4497 976 4552 quam
1006 4484 1240 4551 quisque
1267 4483 1450 4536 mallet
1475 4483 1757 4537 scientiam
1779 4485 2030 4537 docebat.
2047 4484 2184 4538 Cum
2209 4496 2391 4540 autem

811 4576 1035 4644 longum
1061 4575 1173 4642 jam
1210 4584 1424 4642 tempus
1449 4576 1738 4629 transisset
1774 4575 2037 4644 multique
2065 4591 2132 4629 eo
2163 4578 2390 4630 doctore

813 4681 922 4720 non
960 4666 1310 4735 paenitendas
1361 4681 1689 4736 progressus
1732 4666 2030 4734 fecissent,
2068 4670 2296 4738 contigit
2333 4678 2390 4723 ut

811 4757 931 4826 ejus
964 4757 1366 4826 discipulorum
1417 4759 1636 4826 juvenis
1689 4759 1939 4828 quidam,
1991 4775 2261 4814 summam
2294 4776 2390 4830 per

809 4867 934 4905 enm
971 4862 1161 4906 nactus
1192 4854 1506 4921 geometria:
1539 4855 1812 4922 peritiam,
1851 4854 1945 4907 uni
1990 4854 2191 4909 ducum
2229 4871 2259 4910 a
2299 4838 2388 4910 se-

810 4946 1000 5010 cretis,
1027 4945 1106 4998 rei
1141 4961 1235 5014 per
1261 4961 1386 5000 eum
1434 4945 1725 5000 familiaris
1769 4949 2157 5017 compendium
2209 4948 2390 5004 factu-

813 5054 926 5102 rus,
964 5040 1030 5092 ad
1061 5039 1260 5093 bellum
1300 5041 1671 5109 proliciscenti
1717 5056 1778 5095 se
1813 5041 1957 5094 ultro
1987 5042 2246 5095 comitem
2288 5041 2389 5095 da-

809 5138 927 5191 ret;
967 5127 1208 5195 dumque
1259 5127 1372 5180 illic
1411 5137 1682 5188 versatur,
1748 5127 1932 5182 nescio
1981 5143 2094 5196 quo
2149 5142 2279 5182 casu
2331 5129 2383 5181 in

809 5219 1186 5291 Agarenorum
1247 5232 1570 5291 potestatem
1623 5223 1856 5287 veniret,
1904 5237 1969 5277 ac
2019 5222 2166 5291 quod
2220 5220 2381 5275 viridi

811 5314 1135 5383 ﬂorentique
1163 5314 1389 5382 juventa
1425 5326 1565 5378 erat,
1603 5315 1900 5369 illustrium
1933 5315 2027 5366 uni
2060 5329 2252 5368 servus
2291 5315 2384 5366 de-

811 5406 1051 5460 deretur.
1077 5405 1314 5460 Manium
1351 5408 1575 5461 nomine
1622 5417 1752 5462 tunc
1785 5407 2184 5461 lsmaelitarum
2219 5408 2381 5460 Ame-

813 5514 1109 5555 ramnunes
1142 5515 1272 5554 cum
1302 5500 1635 5556 Graecanicis
1667 5502 1788 5555 aliis
1819 5501 2127 5569 disciplinis
2159 5514 2379 5569 operam

810 5589 994 5654 dabat,
1019 5600 1127 5644 tum
1160 5594 1438 5664 praacipue
1464 5594 1778 5663 geometria:
1800 5593 2016 5648 deditus
2042 5601 2179 5647 erat.
2216 5592 2378 5645 Acci-

809 5682 889 5736 dit
919 5690 1101 5737 autem
1135 5694 1195 5737 ut
1231 5685 1371 5754 ejus,
1424 5686 1491 5741 de
1518 5701 1628 5757 quo
1662 5687 1924 5752 diximus,
1955 5686 2172 5757 juvenis
2215 5684 2382 5738 herus

2571 3285 2674 3352 κζ’.
2717 3284 2901 3348 Ἀξιον
2937 3283 2993 3335 δέ
3022 3283 3145 3352 μηδ’
3197 3285 3343 3346 ὅπως
3372 3284 3452 3342 είς
3476 3282 3677 3350 γνῶσιν
3704 3279 3866 3354 ἦλθεν
3903 3286 3934 3336 ό
3981 3303 4080 3356 τη-

2500 3379 2745 3441 λικοῦτος
2768 3377 2904 3448 ἀνὴρ
2928 3376 3004 3445 τῷ
3032 3377 3151 3428 τότε
3187 3375 3476 3444 κρατοῦντι
3507 3376 3908 3445 παραδραμεῖν.
3946 3377 4080 3430 856-

2500 3475 2652 3539 φιλος
2714 3471 2772 3523 δὲ
2821 3466 2910 3540 ἦν,
2951 3470 2978 3522 ὁ
3017 3468 3110 3519 τοῦ
3153 3468 3370 3536 Μιχαὴλ
3432 3468 3666 3537 σπορεὺς
3718 3470 3810 3519 καὶ
3862 3472 4078 3538 πατὴρ.

2496 3559 2660 3624 Οὗτος
2689 3560 2780 3614 οὐν
2807 3562 2928 3613 ἐπεὶ
2953 3559 3067 3630 ,τὴν
3098 3559 3204 3612 τῶν
3244 3559 3582 3629 μαθημάτων
3624 3560 3701 3622 εἰς
3751 3558 3923 3631 ἄκρον
3959 3563 4084 3614 ἐπι-

2497 3659 2712 3725 στήμην
2754 3657 3078 3725 ἐξήσκησεν,
3119 3653 3371 3707 τοσοῦτον
3409 3655 3665 3722 χωρήσας
3709 3654 3794 3706 διὰ
3854 3656 4082 3717 πασῶν,

2495 3751 2590 3820 τῆς
2625 3751 2941 3818 φιλοσοφίας
2967 3748 3061 3800 καὶ
3083 3747 3192 3799 τῶν
3217 3747 3383 3814 αὐτῆς
3409 3746 3672 3814 ἀδελφῶν,
3704 3746 4086 3818 ἀριθμητικῆς

2495 3859 2573 3905 τε,
2597 3843 2760 3911 φημὶ,
2790 3841 2883 3893 καὶ
2911 3839 3254 3908 γεωμετρίας
3287 3838 3380 3890 καὶ
3406 3838 3787 3906 ἀστρονομίας,
3811 3838 3955 3890 sua
3987 3839 4087 3890 καὶ

2496 3936 2598 4002 τῆς
2648 3933 3054 4003 πολυθρυλήτου
3109 3931 3395 4001 μουσικῆς,
3424 3930 3515 3982 καί
3561 3933 3638 3992 είς
3677 3930 3841 3999 ἄκρον
3895 3932 4086 3983 αὐτῶν

2497 4029 2696 4089 ἐλάσας
2737 4027 2812 4089 ὡς
2840 4025 3099 4094 οὐδεμιᾶς
3141 4024 3328 4094 ἐτερος
3370 4021 3573 4093 σπουδῇ
3632 4037 3688 4075 τε
3749 4021 3921 4092 πολλῇ
3991 4024 4087 4075 καὶ

2498 4121 2596 4190 βίῳ
2640 4118 2958 4188 ἀπράγμονι
3014 4118 3108 4170 καὶ
3167 4117 3385 4186 μεγέθει
3429 4115 3664 4183 φύσεως,
3711 4114 3926 4167 εὐτελεῖ
3974 4133 4087 4167 τινι

2496 4211 2840 4278 καταλύματι
2869 4208 3152 4278 χρώμενος
3168 4209 3259 4259 καὶ
3287 4205 3618 4274 καταγωγίῳ
3649 4206 3772 4266 τοὺς
3800 4205 3876 4266 είς
3910 4207 4086 4258 αὐτὸν

2494 4304 2794 4370 φοιτῶντας
2827 4299 3133 4362 ἐπαίδευεν,
3175 4297 3507 4352 ἐκδιδάσκων
3538 4295 3729 4365 ἥντινα
3757 4295 4088 4366 ἐπιστήμην

2497 4397 2592 4449 καὶ
2623 4393 2914 4466 βούλοιντο.
2954 4393 3040 4453 Ὠς
3085 4390 3129 4442 δ’
3172 4389 3274 4460 Ιίίλδη
3324 4387 3515 4458 χρόνος
3569 4385 3928 4455 παρίππασεν
3990 4387 4089 4440 καὶ

2495 4486 2602 4539 τῶν
2631 4485 2892 4556 μαθητῶν
2919 4485 3018 4536 οὐκ
3051 4482 3222 4548 ὀλίγοι
3259 4480 3400 4532 κατὰ
3434 4479 3532 4540 τὰς
3571 4481 3884 4547 ἐπιστήμας
3947 4497 4088 4546 προσ

2497 4579 2748 4642 ἔκοπτον,
2782 4575 2978 4645 συνέϐη
3013 4573 3134 4626 τινὰ
3158 4573 3376 4625 νεανίαν
3397 4570 3506 4623 τῶν
3540 4569 3734 4621 ἐαυτοῦ
3775 4571 4091 4639 φοιτητῶν,

2421 4647 2466 4703 D
2492 4669 2595 4739 τῆς
2642 4666 3026 4738 γεωμετρικῆς
3057 4667 3368 4733 ἐπιστήμης
3400 4664 3526 4733 ἄρτι
3555 4662 3616 4714 τὺ
3658 4662 3830 4731 πέρας
3882 4679 4090 4715 κατει-

2487 4763 2716 4831 ληφότα,
2751 4759 3075 4828 ὐπογραφέα
3130 4757 3384 4826 γενέσθαι
3425 4756 3570 4820 τινὸς
3635 4755 3988 4825 στρατηγίδα
4043 4756 4087 4786 ⁸¹

2488 4855 2640 4919 τάξιν
2668 4853 2965 4915 διέποντος,
3011 4852 3105 4903 καὶ
3128 4849 3414 4920 προκοπῆς
3447 4849 3633 4902 ἐνεκεν
3664 4847 3758 4900 τοῦ
3792 4847 3912 4915 βίου
3941 4849 4091 4914 ἀγα-

2487 4947 2662 5018 πῆσαι
2691 4949 2867 5015 τούτῳ
2911 4943 3250 4998 ἀκολουθεῖν.
3303 4942 3393 5006 Ὠς
3419 4941 3477 4995 δέ
3520 4941 3662 4994 κατᾶ
3688 4940 3781 4992 τὸν
3829 4940 4092 5011 πόλεμον

2493 5042 2610 5110 ἅμα
2648 5037 2823 5108 τούτῳ
2854 5037 3094 5104 ἐγένετο,
3128 5034 3234 5087 ὑπὸ
3277 5033 3386 5086 τῶν
3442 5029 3785 5101 Ἀγαρηνῶν,
3825 5031 3937 5085 οὐκ
3988 5030 4092 5084 οἷδ’

2494 5132 2665 5192 ὅπως.
2695 5130 2986 5195 ζωγρεῖται
3008 5127 3102 5180 καὶ
3127 5125 3236 5179 τῶν
3265 5123 3545 5193 ἐπιφανῶν
3578 5138 3686 5177 τινι
3719 5125 3794 5184 είς
3823 5121 4095 5176 δουλείαν

2490 5221 2578 5274 διὰ
2631 5221 2694 5274 τὸ
2735 5219 2855 5274 νέον
2894 5220 2992 5288 τῆς
3042 5218 3258 5289 ἡλικίας
3296 5216 3516 5270 δίδοται.
3563 5213 3649 5288 [Ρ.
3683 5211 4095 5286 1161Μαμοῦν

2491 5316 2700 5376 ἐκεῖνος
2719 5313 2863 5366 οὕτω
2887 5311 3220 5380 καλούμενος
3245 5308 3544 5379 τηνικαῦτα
3575 5310 3673 5378 μὲν
3699 5307 3809 5360 τῶν
3850 5307 4096 5379 Ἰσμαη-

2491 5407 2653 5459 λιτῶν
2674 5406 2846 5457 ἐτέλει
2871 5405 2978 5474 ἁμε
2989 5403 3315 5473 ραμνουνῆς,
3337 5401 3516 5464 ἄλλοις
3537 5417 3596 5452 τε
3627 5400 3920 5469 μαθήμασι
3957 5418 4094 5470 σχο-

2493 5498 2672 5563 λάζων
2714 5497 3048 5566 Ἑλληνικοῖς
3080 5496 3175 5548 καὶ
3196 5494 3260 5565 δὴ
3295 5493 3389 5547 καὶ
3412 5491 3755 5562 γεωμετρίας
3783 5491 3859 5553 ὡς
3898 5492 4008 5544 ἐπὶ
4034 5494 4096 5544 τὸ

2495 5591 2747 5643 πλεῖστον
2795 5589 2894 5640 οὐκ
2925 5587 3166 5656 ἀμελῶν.
3191 5586 3368 5654 Λόγου
3402 5584 3458 5637 δέ
3492 5601 3621 5637 ποτε
3669 5582 3820 5652 παρὰ
3856 5581 3966 5636 τοῦ
4001 5584 4096 5635 τὸν

2490 5681 2706 5735 νεανίαν
2745 5680 2960 5751 ἔχοντος
2987 5679 3246 5733 δεσπότου
3271 5677 3581 5749 κινηθέντος
3614 5674 3866 5745 περὶτῆς
3908 5692 4093 5728 σπου-

2110 5777 2345 5836 ὙΔΙΠΑΞ
2376 5773 2774 5830 LECTIONES.

883 5865 927 5897 “
960 5871 1311 5940 στρατηγίδος
1347 5872 1402 5927 P.
