  <div class='ocr_page' id='page_1' title='image "/cluster/home/n/w/nwhite01/storage/ocr_20150623/109/nnc1.0046979867/113.png"; bbox 0 0 4154 6446; ppageno 0'>
   <div class='ocr_carea' id='block_1_1' title="bbox 761 408 856 473">
    <p class='ocr_par' dir='ltr' id='par_1_1' title="bbox 761 408 856 473">
     <span class='ocr_line' id='line_1_1' title="bbox 761 408 856 473; baseline -0.011 0"><span class='ocrx_word' id='word_1_1' title='bbox 761 408 856 473; x_wconf 71' lang='lat' dir='ltr'><strong>9i]</strong></span> 
     </span>
    </p>
   </div>
   <div class='ocr_carea' id='block_1_2' title="bbox 1810 416 2906 488">
    <p class='ocr_par' dir='ltr' id='par_1_2' title="bbox 1810 416 2906 488">
     <span class='ocr_line' id='line_1_2' title="bbox 1810 416 2906 488; baseline 0.014 -15"><span class='ocrx_word' id='word_1_2' title='bbox 1810 416 2314 476; x_wconf 61' lang='lat' dir='ltr'><strong>TIIEOPHANES</strong></span> <span class='ocrx_word' id='word_1_3' title='bbox 2352 421 2906 488; x_wconf 71' lang='lat' dir='ltr'><strong>CONTINUATUS.</strong></span> 
     </span>
    </p>
   </div>
   <div class='ocr_carea' id='block_1_3' title="bbox 3899 436 3998 500">
    <p class='ocr_par' dir='ltr' id='par_1_3' title="bbox 3899 436 3998 500">
     <span class='ocr_line' id='line_1_3' title="bbox 3899 436 3998 500; baseline 0.02 -2"><span class='ocrx_word' id='word_1_4' title='bbox 3899 436 3998 500; x_wconf 69' lang='lat'><strong>212</strong></span> 
     </span>
    </p>
   </div>
   <div class='ocr_carea' id='block_1_4' title="bbox 757 516 2323 617">
    <p class='ocr_par' dir='ltr' id='par_1_4' title="bbox 757 516 2323 589">
     <span class='ocr_line' id='line_1_4' title="bbox 757 516 2323 589; baseline 0.006 -20"><span class='ocrx_word' id='word_1_5' title='bbox 757 530 902 578; x_wconf 75' lang='lat' dir='ltr'><strong>pato;</strong></span> <span class='ocrx_word' id='word_1_6' title='bbox 946 519 1242 583; x_wconf 64' lang='lat' dir='ltr'><strong>cingerent.</strong></span> <span class='ocrx_word' id='word_1_7' title='bbox 1280 516 1480 573; x_wconf 69' lang='lat' dir='ltr'><strong>Verum</strong></span> <span class='ocrx_word' id='word_1_8' title='bbox 1535 523 1585 575; x_wconf 91' lang='lat' dir='ltr'><strong>hi</strong></span> <span class='ocrx_word' id='word_1_9' title='bbox 1628 522 1842 589; x_wconf 81' lang='lat' dir='ltr'><strong>quidem</strong></span> <span class='ocrx_word' id='word_1_10' title='bbox 1876 526 2089 579; x_wconf 89' lang='lat' dir='ltr'><strong>abuntle</strong></span> <span class='ocrx_word' id='word_1_11' title='bbox 2126 522 2217 580; x_wconf 81' lang='lat' dir='ltr'><strong>Dei</strong></span> <span class='ocrx_word' id='word_1_12' title='bbox 2251 528 2323 579; x_wconf 93' lang='lat' dir='ltr'><strong>ira</strong></span> 
     </span>
    </p>
   </div>
   <div class='ocr_carea' id='block_1_5' title="bbox 2428 516 3999 617">
    <p class='ocr_par' dir='ltr' id='par_1_5' title="bbox 2430 533 3999 617">
     <span class='ocr_line' id='line_1_5' title="bbox 2430 533 3999 617; baseline 0.008 -29"><span class='ocrx_word' id='word_1_13' title='bbox 2430 533 2569 603; x_wconf 77' lang='grc' dir='ltr'>χαὴλ</span> <span class='ocrx_word' id='word_1_14' title='bbox 2624 540 2766 590; x_wconf 70' lang='grc' dir='ltr'>κατὰ</span> <span class='ocrx_word' id='word_1_15' title='bbox 2805 537 3167 611; x_wconf 72' lang='grc' dir='ltr'><strong>Ἰσμαηλιτῶν</strong></span> <span class='ocrx_word' id='word_1_16' title='bbox 3199 542 3675 614; x_wconf 82' lang='grc' dir='ltr'>ἐκστρατεύοντος.</span> <span class='ocrx_word' id='word_1_17' title='bbox 3706 548 3855 617; x_wconf 75' lang='grc' dir='ltr'>Πλὴν</span> <span class='ocrx_word' id='word_1_18' title='bbox 3891 550 3999 599; x_wconf 55' lang='grc' dir='ltr'>ἀλλ’</span> 
     </span>
    </p>
   </div>
   <div class='ocr_carea' id='block_1_6' title="bbox 756 606 2329 684">
    <p class='ocr_par' dir='ltr' id='par_1_6' title="bbox 756 606 2329 684">
     <span class='ocr_line' id='line_1_6' title="bbox 756 606 2329 684; baseline 0.006 -23"><span class='ocrx_word' id='word_1_19' title='bbox 756 609 1074 666; x_wconf 74' lang='lat' dir='ltr'><strong>exsaturati,</strong></span> <span class='ocrx_word' id='word_1_20' title='bbox 1130 606 1346 671; x_wconf 87' lang='lat' dir='ltr'><strong>Photio,</strong></span> <span class='ocrx_word' id='word_1_21' title='bbox 1401 612 1490 678; x_wconf 87' lang='lat' dir='ltr'><strong>qui</strong></span> <span class='ocrx_word' id='word_1_22' title='bbox 1543 611 1607 664; x_wconf 92' lang='lat' dir='ltr'><strong>ad</strong></span> <span class='ocrx_word' id='word_1_23' title='bbox 1660 614 1916 667; x_wconf 68' lang='lat' dir='ltr'><strong>Ecclesiae</strong></span> <span class='ocrx_word' id='word_1_24' title='bbox 1963 616 2329 684; x_wconf 86' lang='lat' dir='ltr'><strong>gubernacula</strong></span> 
     </span>
    </p>
   </div>
   <div class='ocr_carea' id='block_1_7' title="bbox 759 698 2333 775">
    <p class='ocr_par' dir='ltr' id='par_1_7' title="bbox 759 698 2333 775">
     <span class='ocr_line' id='line_1_7' title="bbox 759 698 2333 775; baseline 0.006 -23"><span class='ocrx_word' id='word_1_25' title='bbox 759 718 786 752; x_wconf 67' lang='grc' dir='ltr'>ις</span> <span class='ocrx_word' id='word_1_26' title='bbox 808 702 1002 763; x_wconf 79' lang='lat' dir='ltr'><strong>~dehat,</strong></span> <span class='ocrx_word' id='word_1_27' title='bbox 1033 698 1200 751; x_wconf 72' lang='lat' dir='ltr'><strong>Deum</strong></span> <span class='ocrx_word' id='word_1_28' title='bbox 1236 710 1493 753; x_wconf 80' lang='lat' dir='ltr'><strong>exorante</strong></span> <span class='ocrx_word' id='word_1_29' title='bbox 1518 703 1745 772; x_wconf 79' lang='lat' dir='ltr'><strong>urbique</strong></span> <span class='ocrx_word' id='word_1_30' title='bbox 1767 707 2056 775; x_wconf 84' lang='lat' dir='ltr'><strong>prOpitium</strong></span> <span class='ocrx_word' id='word_1_31' title='bbox 2080 710 2333 763; x_wconf 83' lang='lat' dir='ltr'><strong>reddente</strong></span> 
     </span>
    </p>
   </div>
   <div class='ocr_carea' id='block_1_8' title="bbox 754 791 2329 865">
    <p class='ocr_par' dir='ltr' id='par_1_8' title="bbox 754 791 2329 865">
     <span class='ocr_line' id='line_1_8' title="bbox 754 791 2329 865; baseline 0.007 -23"><span class='ocrx_word' id='word_1_32' title='bbox 754 796 785 842; x_wconf 93' lang='lat' dir='ltr'><strong>d</strong></span> <span class='ocrx_word' id='word_1_33' title='bbox 813 806 976 842; x_wconf 87' lang='lat' dir='ltr'><strong>unum</strong></span> <span class='ocrx_word' id='word_1_34' title='bbox 1011 791 1249 852; x_wconf 86' lang='lat' dir='ltr'><strong>rediere;</strong></span> <span class='ocrx_word' id='word_1_35' title='bbox 1302 806 1399 843; x_wconf 86' lang='lat' dir='ltr'><strong>nec</strong></span> <span class='ocrx_word' id='word_1_36' title='bbox 1440 793 1610 847; x_wconf 86' lang='lat' dir='ltr'><strong>multo</strong></span> <span class='ocrx_word' id='word_1_37' title='bbox 1643 806 1763 864; x_wconf 89' lang='lat' dir='ltr'><strong>post</strong></span> <span class='ocrx_word' id='word_1_38' title='bbox 1798 796 1987 865; x_wconf 90' lang='lat' dir='ltr'><strong>legatis</strong></span> <span class='ocrx_word' id='word_1_39' title='bbox 2038 801 2088 852; x_wconf 90' lang='lat' dir='ltr'><strong>in</strong></span> <span class='ocrx_word' id='word_1_40' title='bbox 2144 800 2329 854; x_wconf 86' lang='lat' dir='ltr'><strong>urbem</strong></span> 
     </span>
    </p>
   </div>
   <div class='ocr_carea' id='block_1_9' title="bbox 754 883 2327 956">
    <p class='ocr_par' dir='ltr' id='par_1_9' title="bbox 754 883 2327 956">
     <span class='ocr_line' id='line_1_9' title="bbox 754 883 2327 956; baseline 0.005 -20"><span class='ocrx_word' id='word_1_41' title='bbox 754 884 939 938; x_wconf 86' lang='lat' dir='ltr'><strong>missis</strong></span> <span class='ocrx_word' id='word_1_42' title='bbox 1014 883 1255 937; x_wconf 90' lang='lat' dir='ltr'><strong>divinum</strong></span> <span class='ocrx_word' id='word_1_43' title='bbox 1304 884 1661 955; x_wconf 76' lang='lat' dir='ltr'><strong>elllagitantes</strong></span> <span class='ocrx_word' id='word_1_44' title='bbox 1729 886 2099 956; x_wconf 90' lang='lat' dir='ltr'><strong>baptismum,</strong></span> <span class='ocrx_word' id='word_1_45' title='bbox 2166 891 2327 945; x_wconf 87' lang='lat' dir='ltr'><strong>etiam</strong></span> 
     </span>
    </p>
   </div>
   <div class='ocr_carea' id='block_1_10' title="bbox 754 978 1136 1046">
    <p class='ocr_par' dir='ltr' id='par_1_10' title="bbox 754 978 1136 1046">
     <span class='ocr_line' id='line_1_10' title="bbox 754 978 1136 1046; baseline 0 -17"><span class='ocrx_word' id='word_1_46' title='bbox 754 978 1136 1046; x_wconf 76' lang='lat' dir='ltr'><strong>impetravere.</strong></span> 
     </span>
    </p>
   </div>
   <div class='ocr_carea' id='block_1_11' title="bbox 822 1156 2325 1227">
    <p class='ocr_par' dir='ltr' id='par_1_11' title="bbox 822 1156 2325 1227">
     <span class='ocr_line' id='line_1_11' title="bbox 822 1156 2325 1227; baseline 0.007 -18"><span class='ocrx_word' id='word_1_47' title='bbox 822 1156 912 1210; x_wconf 74' lang='grc' dir='ltr'><strong>σι.</strong></span> <span class='ocrx_word' id='word_1_48' title='bbox 950 1157 1153 1211; x_wconf 81' lang='lat' dir='ltr'><strong>Partim</strong></span> <span class='ocrx_word' id='word_1_49' title='bbox 1205 1159 1388 1227; x_wconf 74' lang='lat' dir='ltr'><strong>itaque</strong></span> <span class='ocrx_word' id='word_1_50' title='bbox 1447 1160 1559 1213; x_wconf 67' lang='lat' dir='ltr'><strong>hmc</strong></span> <span class='ocrx_word' id='word_1_51' title='bbox 1610 1160 1911 1217; x_wconf 72' lang='lat' dir='ltr'><strong>Bessorum</strong></span> <span class='ocrx_word' id='word_1_52' title='bbox 1962 1165 2207 1219; x_wconf 74' lang='lat' dir='ltr'><strong>vastabat</strong></span> <span class='ocrx_word' id='word_1_53' title='bbox 2242 1166 2325 1219; x_wconf 89' lang='lat' dir='ltr'><strong>in-</strong></span> 
     </span>
    </p>
   </div>
   <div class='ocr_carea' id='block_1_12' title="bbox 751 1252 2329 1323">
    <p class='ocr_par' dir='ltr' id='par_1_12' title="bbox 751 1252 2329 1323">
     <span class='ocr_line' id='line_1_12' title="bbox 751 1252 2329 1323; baseline 0.008 -22"><span class='ocrx_word' id='word_1_54' title='bbox 751 1252 970 1307; x_wconf 82' lang='lat' dir='ltr'><strong>cursio:</strong></span> <span class='ocrx_word' id='word_1_55' title='bbox 1008 1253 1203 1319; x_wconf 81' lang='lat' dir='ltr'><strong>partim</strong></span> <span class='ocrx_word' id='word_1_56' title='bbox 1239 1253 1584 1307; x_wconf 85' lang='lat' dir='ltr'><strong>Cretensium</strong></span> <span class='ocrx_word' id='word_1_57' title='bbox 1620 1257 1843 1309; x_wconf 84' lang='lat' dir='ltr'><strong>advecta</strong></span> <span class='ocrx_word' id='word_1_58' title='bbox 1880 1260 2098 1323; x_wconf 88' lang='lat' dir='ltr'><strong>classis,</strong></span> <span class='ocrx_word' id='word_1_59' title='bbox 2132 1263 2198 1313; x_wconf 84' lang='lat' dir='ltr'><strong>ad</strong></span> <span class='ocrx_word' id='word_1_60' title='bbox 2245 1264 2329 1313; x_wconf 88' lang='lat' dir='ltr'><strong>vi-</strong></span> 
     </span>
    </p>
   </div>
   <div class='ocr_carea' id='block_1_13' title="bbox 749 1342 2329 1419">
    <p class='ocr_par' dir='ltr' id='par_1_13' title="bbox 749 1342 2329 1419">
     <span class='ocr_line' id='line_1_13' title="bbox 749 1342 2329 1419; baseline 0.008 -26"><span class='ocrx_word' id='word_1_61' title='bbox 749 1342 885 1409; x_wconf 84' lang='lat' dir='ltr'><strong>ginti</strong></span> <span class='ocrx_word' id='word_1_62' title='bbox 944 1344 1133 1396; x_wconf 76' lang='lat' dir='ltr'><strong>lintres</strong></span> <span class='ocrx_word' id='word_1_63' title='bbox 1168 1342 1472 1414; x_wconf 84' lang='lat' dir='ltr'><strong>(cymharia</strong></span> <span class='ocrx_word' id='word_1_64' title='bbox 1527 1349 1747 1416; x_wconf 85' lang='lat' dir='ltr'><strong>vocant)</strong></span> <span class='ocrx_word' id='word_1_65' title='bbox 1780 1350 1961 1414; x_wconf 78' lang='lat' dir='ltr'><strong>galeas</strong></span> <span class='ocrx_word' id='word_1_66' title='bbox 2014 1361 2217 1419; x_wconf 78' lang='lat' dir='ltr'><strong>septem</strong></span> <span class='ocrx_word' id='word_1_67' title='bbox 2265 1368 2329 1405; x_wconf 84' lang='lat' dir='ltr'><strong>ac</strong></span> 
     </span>
    </p>
   </div>
   <div class='ocr_carea' id='block_1_14' title="bbox 750 1435 2325 1506">
    <p class='ocr_par' dir='ltr' id='par_1_14' title="bbox 750 1435 2325 1506">
     <span class='ocr_line' id='line_1_14' title="bbox 750 1435 2325 1506; baseline 0.008 -23"><span class='ocrx_word' id='word_1_68' title='bbox 750 1435 1038 1485; x_wconf 75' lang='lat' dir='ltr'><strong>onerarias</strong></span> <span class='ocrx_word' id='word_1_69' title='bbox 1071 1436 1334 1499; x_wconf 88' lang='lat' dir='ltr'><strong>quasdam</strong></span> <span class='ocrx_word' id='word_1_70' title='bbox 1368 1436 1669 1501; x_wconf 73' lang='lat' dir='ltr'><strong>adducens,</strong></span> <span class='ocrx_word' id='word_1_71' title='bbox 1711 1438 2136 1506; x_wconf 75' lang='lat' dir='ltr'><strong>depraedabatnr</strong></span> <span class='ocrx_word' id='word_1_72' title='bbox 2183 1442 2325 1495; x_wconf 78' lang='lat' dir='ltr'><strong>infe-</strong></span> 
     </span>
    </p>
   </div>
   <div class='ocr_carea' id='block_1_15' title="bbox 750 1525 2325 1598">
    <p class='ocr_par' dir='ltr' id='par_1_15' title="bbox 750 1525 2325 1598">
     <span class='ocr_line' id='line_1_15' title="bbox 750 1525 2325 1598; baseline 0.006 -21"><span class='ocrx_word' id='word_1_73' title='bbox 750 1525 1059 1591; x_wconf 76' lang='lat' dir='ltr'><strong>stabatqne,</strong></span> <span class='ocrx_word' id='word_1_74' title='bbox 1105 1527 1269 1579; x_wconf 92' lang='lat' dir='ltr'><strong>modo</strong></span> <span class='ocrx_word' id='word_1_75' title='bbox 1318 1527 1535 1595; x_wconf 87' lang='lat' dir='ltr'><strong>quidem</strong></span> <span class='ocrx_word' id='word_1_76' title='bbox 1593 1528 1859 1598; x_wconf 77' lang='lat' dir='ltr'><strong>Cycladas</strong></span> <span class='ocrx_word' id='word_1_77' title='bbox 1899 1531 2131 1594; x_wconf 87' lang='lat' dir='ltr'><strong>insulas,</strong></span> <span class='ocrx_word' id='word_1_78' title='bbox 2164 1536 2325 1587; x_wconf 85' lang='lat' dir='ltr'><strong>modo</strong></span> 
     </span>
    </p>
   </div>
   <div class='ocr_carea' id='block_1_16' title="bbox 750 1616 2320 1686">
    <p class='ocr_par' dir='ltr' id='par_1_16' title="bbox 750 1616 2320 1686">
     <span class='ocr_line' id='line_1_16' title="bbox 750 1616 2320 1686; baseline 0.008 -20"><span class='ocrx_word' id='word_1_79' title='bbox 750 1616 1084 1668; x_wconf 79' lang='lat' dir='ltr'><strong>maritimam</strong></span> <span class='ocrx_word' id='word_1_80' title='bbox 1140 1632 1357 1670; x_wconf 92' lang='lat' dir='ltr'><strong>omnem</strong></span> <span class='ocrx_word' id='word_1_81' title='bbox 1416 1618 1693 1686; x_wconf 85' lang='lat' dir='ltr'><strong>regionem</strong></span> <span class='ocrx_word' id='word_1_82' title='bbox 1756 1621 1821 1674; x_wconf 86' lang='lat' dir='ltr'><strong>ad</strong></span> <span class='ocrx_word' id='word_1_83' title='bbox 1889 1620 2320 1679; x_wconf 74' lang='lat' dir='ltr'><strong>Prteconnesutn</strong></span> 
     </span>
    </p>
   </div>
   <div class='ocr_carea' id='block_1_17' title="bbox 750 1712 2325 1779">
    <p class='ocr_par' dir='ltr' id='par_1_17' title="bbox 750 1712 2325 1779">
     <span class='ocr_line' id='line_1_17' title="bbox 750 1712 2325 1779; baseline 0.008 -20"><span class='ocrx_word' id='word_1_84' title='bbox 750 1722 929 1774; x_wconf 87' lang='lat' dir='ltr'><strong>usque</strong></span> <span class='ocrx_word' id='word_1_85' title='bbox 980 1722 1283 1777; x_wconf 80' lang='lat' dir='ltr'><strong>pervagans</strong></span> <span class='ocrx_word' id='word_1_86' title='bbox 1314 1726 1326 1762; x_wconf 93' lang='lat'><strong>:</strong></span> <span class='ocrx_word' id='word_1_87' title='bbox 1360 1712 1557 1778; x_wconf 88' lang='lat' dir='ltr'><strong>partim</strong></span> <span class='ocrx_word' id='word_1_88' title='bbox 1608 1713 1846 1779; x_wconf 89' lang='lat' dir='ltr'><strong>denique</strong></span> <span class='ocrx_word' id='word_1_89' title='bbox 1877 1716 2120 1769; x_wconf 86' lang='lat' dir='ltr'><strong>continui</strong></span> <span class='ocrx_word' id='word_1_90' title='bbox 2171 1730 2325 1771; x_wconf 70' lang='lat' dir='ltr'><strong>terrae</strong></span> 
     </span>
    </p>
   </div>
   <div class='ocr_carea' id='block_1_18' title="bbox 750 1799 2319 1861">
    <p class='ocr_par' dir='ltr' id='par_1_18' title="bbox 750 1799 2319 1861">
     <span class='ocr_line' id='line_1_18' title="bbox 750 1799 2319 1861; baseline 0.007 -10"><span class='ocrx_word' id='word_1_91' title='bbox 750 1811 935 1853; x_wconf 86' lang='lat' dir='ltr'><strong>metus</strong></span> <span class='ocrx_word' id='word_1_92' title='bbox 974 1799 1378 1854; x_wconf 74' lang='lat' dir='ltr'><strong>labefactabant</strong></span> <span class='ocrx_word' id='word_1_93' title='bbox 1404 1811 1458 1855; x_wconf 91' lang='lat' dir='ltr'><strong>et</strong></span> <span class='ocrx_word' id='word_1_94' title='bbox 1498 1804 1619 1857; x_wconf 91' lang='lat' dir='ltr'><strong>solo</strong></span> <span class='ocrx_word' id='word_1_95' title='bbox 1673 1813 1831 1859; x_wconf 86' lang='lat' dir='ltr'><strong>tenus</strong></span> <span class='ocrx_word' id='word_1_96' title='bbox 1858 1807 2169 1861; x_wconf 91' lang='lat' dir='ltr'><strong>diruebant.</strong></span> <span class='ocrx_word' id='word_1_97' title='bbox 2210 1808 2319 1861; x_wconf 87' lang='grc' dir='ltr'><strong>Ηυ-</strong></span> 
     </span>
    </p>
   </div>
   <div class='ocr_carea' id='block_1_19' title="bbox 2432 626 3997 708">
    <p class='ocr_par' dir='ltr' id='par_1_19' title="bbox 2432 626 3997 708">
     <span class='ocr_line' id='line_1_19' title="bbox 2432 626 3997 708; baseline 0.01 -32"><span class='ocrx_word' id='word_1_98' title='bbox 2432 626 2629 681; x_wconf 85' lang='grc' dir='ltr'>ἑκεῖνοι</span> <span class='ocrx_word' id='word_1_99' title='bbox 2672 631 2769 699; x_wconf 84' lang='grc' dir='ltr'>μὲν</span> <span class='ocrx_word' id='word_1_100' title='bbox 2822 632 2941 685; x_wconf 76' lang='grc' dir='ltr'>τότε</span> <span class='ocrx_word' id='word_1_101' title='bbox 2977 634 3126 698; x_wconf 82' lang='grc' dir='ltr'>θείας</span> <span class='ocrx_word' id='word_1_102' title='bbox 3152 637 3553 707; x_wconf 71' lang='grc' dir='ltr'>ὲμφορηθέντες</span> <span class='ocrx_word' id='word_1_103' title='bbox 3574 640 3766 708; x_wconf 82' lang='grc' dir='ltr'>ὀργῆς,</span> <span class='ocrx_word' id='word_1_104' title='bbox 3794 641 3997 693; x_wconf 64' lang='grc' dir='ltr'>Φωτίον</span> 
     </span>
    </p>
   </div>
   <div class='ocr_carea' id='block_1_20' title="bbox 2432 715 3999 798">
    <p class='ocr_par' dir='ltr' id='par_1_20' title="bbox 2432 715 3999 798">
     <span class='ocr_line' id='line_1_20' title="bbox 2432 715 3999 798; baseline 0.01 -31"><span class='ocrx_word' id='word_1_105' title='bbox 2432 715 2492 768; x_wconf 83' lang='grc' dir='ltr'><strong>τὸ</strong></span> <span class='ocrx_word' id='word_1_106' title='bbox 2534 718 2690 770; x_wconf 79' lang='grc' dir='ltr'><strong>Θεῖον</strong></span> <span class='ocrx_word' id='word_1_107' title='bbox 2736 721 3169 792; x_wconf 77' lang='grc' dir='ltr'>ἐξιλεωσαμένου</span> <span class='ocrx_word' id='word_1_108' title='bbox 3220 725 3313 778; x_wconf 74' lang='grc' dir='ltr'>τοῦ</span> <span class='ocrx_word' id='word_1_109' title='bbox 3365 727 3468 795; x_wconf 84' lang='grc' dir='ltr'>τῆς</span> <span class='ocrx_word' id='word_1_110' title='bbox 3509 729 3843 798; x_wconf 82' lang='grc' dir='ltr'>Ἐκκλησίας</span> <span class='ocrx_word' id='word_1_111' title='bbox 3876 730 3999 792; x_wconf 69' lang='grc' dir='ltr'>τοὺς</span> 
     </span>
    </p>
   </div>
   <div class='ocr_carea' id='block_1_21' title="bbox 2431 810 3997 891">
    <p class='ocr_par' dir='ltr' id='par_1_21' title="bbox 2431 810 3997 891">
     <span class='ocr_line' id='line_1_21' title="bbox 2431 810 3997 891; baseline 0.008 -30"><span class='ocrx_word' id='word_1_112' title='bbox 2431 810 2624 873; x_wconf 79' lang='grc' dir='ltr'>οἴακας</span> <span class='ocrx_word' id='word_1_113' title='bbox 2660 813 2896 881; x_wconf 77' lang='grc' dir='ltr'>ἔχοντος,</span> <span class='ocrx_word' id='word_1_114' title='bbox 2930 816 3113 869; x_wconf 74' lang='grc' dir='ltr'>οἴκαδε</span> <span class='ocrx_word' id='word_1_115' title='bbox 3152 819 3561 884; x_wconf 84' lang='grc' dir='ltr'>ἐκπεπόρευντο</span> <span class='ocrx_word' id='word_1_116' title='bbox 3584 837 3598 851; x_wconf 74' lang='grc' dir='ltr'><strong>ο</strong></span> <span class='ocrx_word' id='word_1_117' title='bbox 3642 822 3734 873; x_wconf 68' lang='grc' dir='ltr'><strong>καὶ</strong></span> <span class='ocrx_word' id='word_1_118' title='bbox 3767 822 3884 891; x_wconf 83' lang='grc' dir='ltr'>μετ’</span> <span class='ocrx_word' id='word_1_119' title='bbox 3940 824 3997 873; x_wconf 69' lang='grc' dir='ltr'>οὗ</span> 
     </span>
    </p>
   </div>
   <div class='ocr_carea' id='block_1_22' title="bbox 2432 904 3997 981">
    <p class='ocr_par' dir='ltr' id='par_1_22' title="bbox 2432 904 3997 981">
     <span class='ocr_line' id='line_1_22' title="bbox 2432 904 3997 981; baseline 0.006 -26"><span class='ocrx_word' id='word_1_120' title='bbox 2432 904 2566 956; x_wconf 80' lang='grc' dir='ltr'>πολὺ</span> <span class='ocrx_word' id='word_1_121' title='bbox 2594 904 2758 957; x_wconf 88' lang='grc' dir='ltr'>πάλιν</span> <span class='ocrx_word' id='word_1_122' title='bbox 2787 907 2885 976; x_wconf 79' lang='grc' dir='ltr'>τὴν</span> <span class='ocrx_word' id='word_1_123' title='bbox 2922 906 3308 976; x_wconf 65' lang='grc' dir='ltr'><strong>βασιλεύουσαν</strong></span> <span class='ocrx_word' id='word_1_124' title='bbox 3336 911 3600 981; x_wconf 79' lang='grc' dir='ltr'>πρεσϐεία</span> <span class='ocrx_word' id='word_1_125' title='bbox 3629 914 3811 966; x_wconf 78' lang='grc' dir='ltr'>αὐτῶν</span> <span class='ocrx_word' id='word_1_126' title='bbox 3866 931 3997 965; x_wconf 86' lang='grc' dir='ltr'>κατ-</span> 
     </span>
    </p>
   </div>
   <div class='ocr_carea' id='block_1_23' title="bbox 2431 995 3997 1074">
    <p class='ocr_par' dir='ltr' id='par_1_23' title="bbox 2431 995 3997 1074">
     <span class='ocr_line' id='line_1_23' title="bbox 2431 995 3997 1074; baseline 0.007 -28"><span class='ocrx_word' id='word_1_127' title='bbox 2431 995 2757 1066; x_wconf 72' lang='grc' dir='ltr'>ελάμϐανεν,</span> <span class='ocrx_word' id='word_1_128' title='bbox 2772 1000 2865 1051; x_wconf 79' lang='grc' dir='ltr'>τοῦ</span> <span class='ocrx_word' id='word_1_129' title='bbox 2885 1000 3028 1052; x_wconf 70' lang='grc' dir='ltr'>θείου</span> <span class='ocrx_word' id='word_1_130' title='bbox 3045 1001 3420 1071; x_wconf 71' lang='grc' dir='ltr'><strong>βαπτίσματος</strong></span> <span class='ocrx_word' id='word_1_131' title='bbox 3446 1005 3503 1056; x_wconf 96' lang='lat' dir='ltr'><strong>tv</strong></span> <span class='ocrx_word' id='word_1_132' title='bbox 3521 1007 3719 1074; x_wconf 78' lang='grc' dir='ltr'>μετοχῇ</span> <span class='ocrx_word' id='word_1_133' title='bbox 3749 1004 3997 1072; x_wconf 81' lang='grc' dir='ltr'>γενέσθαι</span> 
     </span>
    </p>
   </div>
   <div class='ocr_carea' id='block_1_24' title="bbox 2430 1089 3485 1161">
    <p class='ocr_par' dir='ltr' id='par_1_24' title="bbox 2430 1089 3485 1161">
     <span class='ocr_line' id='line_1_24' title="bbox 2430 1089 3485 1161; baseline 0.009 -21"><span class='ocrx_word' id='word_1_134' title='bbox 2430 1090 2629 1151; x_wconf 67' lang='grc' dir='ltr'>αὐτοὺς</span> <span class='ocrx_word' id='word_1_135' title='bbox 2658 1089 3039 1153; x_wconf 82' lang='grc' dir='ltr'>λιτανεύουσα,</span> <span class='ocrx_word' id='word_1_136' title='bbox 3077 1094 3103 1145; x_wconf 84' lang='grc' dir='ltr'>ὃ</span> <span class='ocrx_word' id='word_1_137' title='bbox 3127 1094 3220 1146; x_wconf 75' lang='grc' dir='ltr'><strong>καὶ</strong></span> <span class='ocrx_word' id='word_1_138' title='bbox 3244 1093 3485 1161; x_wconf 82' lang='grc' dir='ltr'>γένονεν.</span> 
     </span>
    </p>
   </div>
   <div class='ocr_carea' id='block_1_25' title="bbox 2501 1180 3998 1258">
    <p class='ocr_par' dir='ltr' id='par_1_25' title="bbox 2501 1180 3998 1258">
     <span class='ocr_line' id='line_1_25' title="bbox 2501 1180 3998 1258; baseline 0.007 -26"><span class='ocrx_word' id='word_1_139' title='bbox 2501 1181 2595 1235; x_wconf 77' lang='grc' dir='ltr'><strong>&gt;.δ’.</strong></span> <span class='ocrx_word' id='word_1_140' title='bbox 2637 1183 2717 1234; x_wconf 85' lang='grc' dir='ltr'>Τὰ</span> <span class='ocrx_word' id='word_1_141' title='bbox 2754 1184 2850 1249; x_wconf 81' lang='grc' dir='ltr'>μὲν</span> <span class='ocrx_word' id='word_1_142' title='bbox 2881 1180 2972 1237; x_wconf 80' lang='grc' dir='ltr'><strong>οὖν</strong></span> <span class='ocrx_word' id='word_1_143' title='bbox 2999 1188 3031 1255; x_wconf 82' lang='grc' dir='ltr'>ἠ</span> <span class='ocrx_word' id='word_1_144' title='bbox 3067 1186 3272 1239; x_wconf 83' lang='grc' dir='ltr'>τούτων</span> <span class='ocrx_word' id='word_1_145' title='bbox 3304 1188 3505 1241; x_wconf 72' lang='grc' dir='ltr'>ἐκάκου</span> <span class='ocrx_word' id='word_1_146' title='bbox 3531 1188 3796 1258; x_wconf 73' lang='grc' dir='ltr'><strong>ἐπιδρομή</strong></span> <span class='ocrx_word' id='word_1_147' title='bbox 3816 1205 3830 1217; x_wconf 80' lang='lat'>&#39;</span> <span class='ocrx_word' id='word_1_148' title='bbox 3862 1189 3933 1241; x_wconf 77' lang='grc' dir='ltr'><strong>τά</strong></span> <span class='ocrx_word' id='word_1_149' title='bbox 3949 1190 3998 1242; x_wconf 73' lang='grc' dir='ltr'>δὲ</span> 
     </span>
    </p>
   </div>
   <div class='ocr_carea' id='block_1_26' title="bbox 2428 1274 3997 1350">
    <p class='ocr_par' dir='ltr' id='par_1_26' title="bbox 2428 1274 3997 1350">
     <span class='ocr_line' id='line_1_26' title="bbox 2428 1274 3997 1350; baseline 0.003 -24"><span class='ocrx_word' id='word_1_150' title='bbox 2428 1274 2574 1340; x_wconf 83' lang='grc' dir='ltr'><strong>ὁτῆς</strong></span> <span class='ocrx_word' id='word_1_151' title='bbox 2603 1276 2829 1343; x_wconf 79' lang='grc' dir='ltr'><strong>Κρήτης</strong></span> <span class='ocrx_word' id='word_1_152' title='bbox 2867 1277 3051 1339; x_wconf 79' lang='grc' dir='ltr'>στόλος</span> <span class='ocrx_word' id='word_1_153' title='bbox 3102 1281 3462 1348; x_wconf 73' lang='grc' dir='ltr'>ἀναγόμενος,</span> <span class='ocrx_word' id='word_1_154' title='bbox 3511 1281 3586 1344; x_wconf 84' lang='grc' dir='ltr'>ὡς</span> <span class='ocrx_word' id='word_1_155' title='bbox 3645 1281 3997 1350; x_wconf 79' lang='grc' dir='ltr'>κουμόαρίων</span> 
     </span>
    </p>
   </div>
   <div class='ocr_carea' id='block_1_27' title="bbox 2428 1364 3998 1440">
    <p class='ocr_par' dir='ltr' id='par_1_27' title="bbox 2428 1364 3998 1440">
     <span class='ocr_line' id='line_1_27' title="bbox 2428 1364 3998 1440; baseline 0.003 -23"><span class='ocrx_word' id='word_1_156' title='bbox 2428 1364 2555 1433; x_wconf 79' lang='grc' dir='ltr'>ἄχρι</span> <span class='ocrx_word' id='word_1_157' title='bbox 2609 1364 2804 1429; x_wconf 81' lang='grc' dir='ltr'>εἴκοσι,</span> <span class='ocrx_word' id='word_1_158' title='bbox 2834 1367 2974 1419; x_wconf 79' lang='grc' dir='ltr'>ἑπτά</span> <span class='ocrx_word' id='word_1_159' title='bbox 3001 1366 3200 1431; x_wconf 86' lang='grc' dir='ltr'>γαλέας</span> <span class='ocrx_word' id='word_1_160' title='bbox 3245 1370 3337 1423; x_wconf 86' lang='grc' dir='ltr'><strong>καί</strong></span> <span class='ocrx_word' id='word_1_161' title='bbox 3373 1386 3526 1432; x_wconf 86' lang='grc' dir='ltr'>τινας</span> <span class='ocrx_word' id='word_1_162' title='bbox 3562 1370 3830 1439; x_wconf 85' lang='grc' dir='ltr'>σατούρας</span> <span class='ocrx_word' id='word_1_163' title='bbox 3881 1370 3998 1440; x_wconf 76' lang='grc' dir='ltr'>μεθ’</span> 
     </span>
    </p>
   </div>
   <div class='ocr_carea' id='block_1_28' title="bbox 2431 1457 4000 1530">
    <p class='ocr_par' dir='ltr' id='par_1_28' title="bbox 2431 1457 4000 1530">
     <span class='ocr_line' id='line_1_28' title="bbox 2431 1457 4000 1530; baseline 0.003 -21"><span class='ocrx_word' id='word_1_164' title='bbox 2431 1457 2622 1509; x_wconf 85' lang='grc' dir='ltr'>ἑαυτοῦ</span> <span class='ocrx_word' id='word_1_165' title='bbox 2647 1459 3006 1527; x_wconf 79' lang='grc' dir='ltr'>ἐπαγόμενος,</span> <span class='ocrx_word' id='word_1_166' title='bbox 3040 1460 3290 1530; x_wconf 79' lang='grc' dir='ltr'>ὲληῖζετό</span> <span class='ocrx_word' id='word_1_167' title='bbox 3349 1480 3410 1514; x_wconf 88' lang='grc' dir='ltr'><strong>τε</strong></span> <span class='ocrx_word' id='word_1_168' title='bbox 3460 1463 3550 1515; x_wconf 67' lang='grc' dir='ltr'>καὶ</span> <span class='ocrx_word' id='word_1_169' title='bbox 3595 1462 4000 1530; x_wconf 76' lang='grc' dir='ltr'><strong>κατεδουλαγῶ⁸</strong></span> 
     </span>
    </p>
   </div>
   <div class='ocr_carea' id='block_1_29' title="bbox 2428 1548 3998 1621">
    <p class='ocr_par' dir='ltr' id='par_1_29' title="bbox 2428 1548 3998 1621">
     <span class='ocr_line' id='line_1_29' title="bbox 2428 1548 3998 1621; baseline 0.004 -23"><span class='ocrx_word' id='word_1_170' title='bbox 2428 1564 2535 1613; x_wconf 90' lang='grc' dir='ltr'>γει,</span> <span class='ocrx_word' id='word_1_171' title='bbox 2572 1548 2665 1599; x_wconf 80' lang='grc' dir='ltr'>νῦν</span> <span class='ocrx_word' id='word_1_172' title='bbox 2693 1551 2789 1617; x_wconf 75' lang='grc' dir='ltr'>μὲν</span> <span class='ocrx_word' id='word_1_173' title='bbox 2813 1550 2911 1612; x_wconf 69' lang='grc' dir='ltr'>τὰς</span> <span class='ocrx_word' id='word_1_174' title='bbox 2943 1552 3232 1615; x_wconf 73' lang='grc' dir='ltr'><strong>Κυκλάδας</strong></span> <span class='ocrx_word' id='word_1_175' title='bbox 3264 1553 3464 1621; x_wconf 83' lang='grc' dir='ltr'>νήσους</span> <span class='ocrx_word' id='word_1_176' title='bbox 3492 1553 3849 1620; x_wconf 80' lang='grc' dir='ltr'>περινοστῶν,</span> <span class='ocrx_word' id='word_1_177' title='bbox 3906 1551 3998 1604; x_wconf 81' lang='grc' dir='ltr'>νῦν</span> 
     </span>
    </p>
   </div>
   <div class='ocr_carea' id='block_1_30' title="bbox 2427 1640 3998 1714">
    <p class='ocr_par' dir='ltr' id='par_1_30' title="bbox 2427 1640 3998 1714">
     <span class='ocr_line' id='line_1_30' title="bbox 2427 1640 3998 1714; baseline 0.003 -23"><span class='ocrx_word' id='word_1_178' title='bbox 2427 1640 2484 1691; x_wconf 84' lang='grc' dir='ltr'>δὲ</span> <span class='ocrx_word' id='word_1_179' title='bbox 2508 1641 2634 1709; x_wconf 80' lang='grc' dir='ltr'>ἄχρι</span> <span class='ocrx_word' id='word_1_180' title='bbox 2655 1641 3056 1711; x_wconf 82' lang='grc' dir='ltr'>Προικοννήσου</span> <span class='ocrx_word' id='word_1_181' title='bbox 3086 1644 3187 1713; x_wconf 81' lang='grc' dir='ltr'>τὴν</span> <span class='ocrx_word' id='word_1_182' title='bbox 3222 1645 3491 1714; x_wconf 78' lang='grc' dir='ltr'>παράλιον</span> <span class='ocrx_word' id='word_1_183' title='bbox 3546 1646 3781 1699; x_wconf 77' lang='grc' dir='ltr'>ἃπασαν.</span> <span class='ocrx_word' id='word_1_184' title='bbox 3810 1645 3891 1697; x_wconf 74' lang='grc' dir='ltr'><strong>Τὰ</strong></span> <span class='ocrx_word' id='word_1_185' title='bbox 3946 1643 3998 1696; x_wconf 66' lang='grc' dir='ltr'>δὲ</span> 
     </span>
    </p>
   </div>
   <div class='ocr_carea' id='block_1_31' title="bbox 2426 1732 3997 1805">
    <p class='ocr_par' dir='ltr' id='par_1_31' title="bbox 2426 1732 3997 1805">
     <span class='ocr_line' id='line_1_31' title="bbox 2426 1732 3997 1805; baseline 0.004 -24"><span class='ocrx_word' id='word_1_186' title='bbox 2426 1732 2474 1782; x_wconf 80' lang='grc' dir='ltr'>οἱ</span> <span class='ocrx_word' id='word_1_187' title='bbox 2506 1736 2751 1800; x_wconf 85' lang='grc' dir='ltr'>συνεχεῖς</span> <span class='ocrx_word' id='word_1_188' title='bbox 2782 1733 2890 1786; x_wconf 91' lang='grc' dir='ltr'><strong>τῶν</strong></span> <span class='ocrx_word' id='word_1_189' title='bbox 2921 1735 3162 1804; x_wconf 83' lang='grc' dir='ltr'>σεισμῶν</span> <span class='ocrx_word' id='word_1_190' title='bbox 3208 1736 3568 1805; x_wconf 81' lang='grc' dir='ltr'>ὲλυμαίνοντό</span> <span class='ocrx_word' id='word_1_191' title='bbox 3606 1754 3665 1789; x_wconf 90' lang='grc' dir='ltr'><strong>τε</strong></span> <span class='ocrx_word' id='word_1_192' title='bbox 3714 1736 3809 1789; x_wconf 72' lang='grc' dir='ltr'><strong>καὶ</strong></span> <span class='ocrx_word' id='word_1_193' title='bbox 3862 1735 3997 1804; x_wconf 76' lang='grc' dir='ltr'>πρὸς</span> 
     </span>
    </p>
   </div>
   <div class='ocr_carea' id='block_1_32' title="bbox 2426 1820 4000 1897">
    <p class='ocr_par' dir='ltr' id='par_1_32' title="bbox 2426 1820 4000 1897">
     <span class='ocr_line' id='line_1_32' title="bbox 2426 1820 4000 1897; baseline 0.004 -25"><span class='ocrx_word' id='word_1_194' title='bbox 2426 1820 2689 1890; x_wconf 71' lang='grc' dir='ltr'>τοῦδαφος</span> <span class='ocrx_word' id='word_1_195' title='bbox 2718 1822 2963 1887; x_wconf 78' lang='grc' dir='ltr'>ἕὸαλλον,</span> <span class='ocrx_word' id='word_1_196' title='bbox 2989 1824 3085 1878; x_wconf 77' lang='grc' dir='ltr'>νῦν</span> <span class='ocrx_word' id='word_1_197' title='bbox 3118 1826 3216 1895; x_wconf 86' lang='grc' dir='ltr'>μὲν</span> <span class='ocrx_word' id='word_1_198' title='bbox 3248 1826 3372 1879; x_wconf 84' lang='grc' dir='ltr'>καθ’</span> <span class='ocrx_word' id='word_1_199' title='bbox 3407 1828 3473 1897; x_wconf 84' lang='grc' dir='ltr'>ἥν</span> <span class='ocrx_word' id='word_1_200' title='bbox 3497 1828 3529 1897; x_wconf 79' lang='grc' dir='ltr'>ἡ</span> <span class='ocrx_word' id='word_1_201' title='bbox 3558 1826 3649 1879; x_wconf 82' lang='grc' dir='ltr'>τοῦ</span> <span class='ocrx_word' id='word_1_202' title='bbox 3676 1827 3879 1897; x_wconf 79' lang='grc' dir='ltr'>Κυρίου</span> <span class='ocrx_word' id='word_1_203' title='bbox 3908 1830 4000 1879; x_wconf 76' lang='grc' dir='ltr'>καὶ</span> 
     </span>
    </p>
   </div>
   <div class='ocr_carea' id='block_1_33' title="bbox 748 1888 2323 1988">
    <p class='ocr_par' dir='ltr' id='par_1_33' title="bbox 748 1893 2323 1961">
     <span class='ocr_line' id='line_1_33' title="bbox 748 1893 2323 1961; baseline 0.008 -17"><span class='ocrx_word' id='word_1_204' title='bbox 748 1905 871 1944; x_wconf 85' lang='lat' dir='ltr'><strong>rum</strong></span> <span class='ocrx_word' id='word_1_205' title='bbox 907 1908 1072 1955; x_wconf 80' lang='lat' dir='ltr'><strong>unus,</strong></span> <span class='ocrx_word' id='word_1_206' title='bbox 1104 1908 1215 1961; x_wconf 89' lang='lat' dir='ltr'><strong>quo</strong></span> <span class='ocrx_word' id='word_1_207' title='bbox 1244 1894 1333 1947; x_wconf 90' lang='lat' dir='ltr'><strong>die</strong></span> <span class='ocrx_word' id='word_1_208' title='bbox 1361 1893 1574 1949; x_wconf 84' lang='lat' dir='ltr'><strong>Domini</strong></span> <span class='ocrx_word' id='word_1_209' title='bbox 1618 1911 1682 1949; x_wconf 89' lang='lat' dir='ltr'><strong>ac</strong></span> <span class='ocrx_word' id='word_1_210' title='bbox 1724 1896 2026 1953; x_wconf 79' lang='lat' dir='ltr'><strong>Salvatoris</strong></span> <span class='ocrx_word' id='word_1_211' title='bbox 2057 1904 2227 1955; x_wconf 88' lang='lat' dir='ltr'><strong>nostri</strong></span> <span class='ocrx_word' id='word_1_212' title='bbox 2270 1904 2323 1957; x_wconf 92' lang='lat' dir='ltr'><strong>in</strong></span> 
     </span>
    </p>
   </div>
   <div class='ocr_carea' id='block_1_34' title="bbox 2428 1888 4001 1988">
    <p class='ocr_par' dir='ltr' id='par_1_34' title="bbox 2428 1888 4001 1988">
     <span class='ocr_line' id='line_1_34' title="bbox 2428 1888 4001 1988; baseline 0.001 -23"><span class='ocrx_word' id='word_1_213' title='bbox 2428 1888 2681 1982; x_wconf 82' lang='grc' dir='ltr'>Σωτῆρος</span> <span class='ocrx_word' id='word_1_214' title='bbox 2706 1914 2862 1983; x_wconf 79' lang='grc' dir='ltr'>ἡμῶν</span> <span class='ocrx_word' id='word_1_215' title='bbox 2894 1888 3162 1985; x_wconf 73' lang='grc' dir='ltr'>ἀνάληψις</span> <span class='ocrx_word' id='word_1_216' title='bbox 3205 1888 3545 1988; x_wconf 67' lang='grc' dir='ltr'>ἑορτάζεται,</span> <span class='ocrx_word' id='word_1_217' title='bbox 3587 1918 3647 1970; x_wconf 85' lang='grc' dir='ltr'><strong>τὸ</strong></span> <span class='ocrx_word' id='word_1_218' title='bbox 3681 1888 3816 1987; x_wconf 74' lang='grc' dir='ltr'>πρδς</span> <span class='ocrx_word' id='word_1_219' title='bbox 3850 1916 4001 1971; x_wconf 85' lang='grc' dir='ltr'>νότον</span> 
     </span>
    </p>
   </div>
   <div class='ocr_carea' id='block_1_35' title="bbox 752 1984 2324 2058">
    <p class='ocr_par' dir='ltr' id='par_1_35' title="bbox 752 1984 2324 2058">
     <span class='ocr_line' id='line_1_35' title="bbox 752 1984 2324 2058; baseline 0.01 -23"><span class='ocrx_word' id='word_1_220' title='bbox 752 1984 925 2037; x_wconf 69' lang='lat' dir='ltr'><strong>caelos</strong></span> <span class='ocrx_word' id='word_1_221' title='bbox 975 1985 1176 2052; x_wconf 88' lang='lat' dir='ltr'><strong>recepti</strong></span> <span class='ocrx_word' id='word_1_222' title='bbox 1214 1986 1478 2040; x_wconf 82' lang='lat' dir='ltr'><strong>solemnis</strong></span> <span class='ocrx_word' id='word_1_223' title='bbox 1510 1989 1771 2042; x_wconf 79' lang='lat' dir='ltr'><strong>memoria</strong></span> <span class='ocrx_word' id='word_1_224' title='bbox 1810 1991 2009 2058; x_wconf 81' lang='lat' dir='ltr'><strong>agitur,</strong></span> <span class='ocrx_word' id='word_1_225' title='bbox 2042 1993 2324 2049; x_wconf 83' lang='lat' dir='ltr'><strong>Exacinnii</strong></span> 
     </span>
    </p>
   </div>
   <div class='ocr_carea' id='block_1_36' title="bbox 748 2077 2323 2152">
    <p class='ocr_par' dir='ltr' id='par_1_36' title="bbox 748 2077 2323 2152">
     <span class='ocr_line' id='line_1_36' title="bbox 748 2077 2323 2152; baseline 0.008 -23"><span class='ocrx_word' id='word_1_226' title='bbox 748 2079 966 2130; x_wconf 75' lang='lat' dir='ltr'><strong>tertiam</strong></span> <span class='ocrx_word' id='word_1_227' title='bbox 1006 2077 1163 2147; x_wconf 77' lang='lat'><strong>197</strong></span> <span class='ocrx_word' id='word_1_228' title='bbox 1206 2087 1413 2148; x_wconf 90' lang='lat' dir='ltr'><strong>partem</strong></span> <span class='ocrx_word' id='word_1_229' title='bbox 1456 2081 1574 2136; x_wconf 83' lang='lat' dir='ltr'><strong>solo</strong></span> <span class='ocrx_word' id='word_1_230' title='bbox 1616 2085 1931 2152; x_wconf 74' lang='lat' dir='ltr'><strong>prostravit,</strong></span> <span class='ocrx_word' id='word_1_231' title='bbox 1965 2100 2084 2139; x_wconf 85' lang='lat' dir='ltr'><strong>eam</strong></span> <span class='ocrx_word' id='word_1_232' title='bbox 2117 2088 2323 2141; x_wconf 72' lang='lat' dir='ltr'><strong>Scilitet</strong></span> 
     </span>
    </p>
   </div>
   <div class='ocr_carea' id='block_1_37' title="bbox 748 2171 2319 2244">
    <p class='ocr_par' dir='ltr' id='par_1_37' title="bbox 748 2171 2319 2244">
     <span class='ocr_line' id='line_1_37' title="bbox 748 2171 2319 2244; baseline 0.01 -26"><span class='ocrx_word' id='word_1_233' title='bbox 748 2184 870 2237; x_wconf 68' lang='lat' dir='ltr'><strong>quae</strong></span> <span class='ocrx_word' id='word_1_234' title='bbox 909 2171 974 2222; x_wconf 49' lang='lat' dir='ltr'><strong>axl</strong></span> <span class='ocrx_word' id='word_1_235' title='bbox 1013 2181 1262 2224; x_wconf 88' lang='lat' dir='ltr'><strong>austrum</strong></span> <span class='ocrx_word' id='word_1_236' title='bbox 1302 2181 1509 2241; x_wconf 82' lang='lat' dir='ltr'><strong>spectat</strong></span> <span class='ocrx_word' id='word_1_237' title='bbox 1536 2176 1884 2244; x_wconf 76' lang='lat' dir='ltr'><strong>elegantique</strong></span> <span class='ocrx_word' id='word_1_238' title='bbox 1916 2179 2065 2230; x_wconf 78' lang='lat' dir='ltr'><strong>cultu</strong></span> <span class='ocrx_word' id='word_1_239' title='bbox 2101 2191 2319 2233; x_wconf 78' lang='lat' dir='ltr'><strong>exstru-</strong></span> 
     </span>
    </p>
   </div>
   <div class='ocr_carea' id='block_1_38' title="bbox 748 2261 2321 2333">
    <p class='ocr_par' dir='ltr' id='par_1_38' title="bbox 748 2261 2321 2333">
     <span class='ocr_line' id='line_1_38' title="bbox 748 2261 2321 2333; baseline 0.01 -20"><span class='ocrx_word' id='word_1_240' title='bbox 748 2269 832 2313; x_wconf 87' lang='lat' dir='ltr'><strong>cta</strong></span> <span class='ocrx_word' id='word_1_241' title='bbox 869 2261 1065 2329; x_wconf 83' lang='lat' dir='ltr'><strong>templa</strong></span> <span class='ocrx_word' id='word_1_242' title='bbox 1099 2262 1258 2315; x_wconf 85' lang='lat' dir='ltr'><strong>habet</strong></span> <span class='ocrx_word' id='word_1_243' title='bbox 1294 2278 1356 2316; x_wconf 88' lang='lat' dir='ltr'><strong>ac</strong></span> <span class='ocrx_word' id='word_1_244' title='bbox 1389 2264 1703 2333; x_wconf 72' lang='lat' dir='ltr'><strong>magnificas</strong></span> <span class='ocrx_word' id='word_1_245' title='bbox 1734 2268 1915 2323; x_wconf 70' lang='lat' dir='ltr'><strong>aedes:</strong></span> <span class='ocrx_word' id='word_1_246' title='bbox 1949 2271 2084 2323; x_wconf 90' lang='lat' dir='ltr'><strong>alter</strong></span> <span class='ocrx_word' id='word_1_247' title='bbox 2111 2280 2321 2328; x_wconf 77' lang='lat' dir='ltr'><strong>statuis</strong></span> 
     </span>
    </p>
   </div>
   <div class='ocr_carea' id='block_1_39' title="bbox 749 2354 2319 2427">
    <p class='ocr_par' dir='ltr' id='par_1_39' title="bbox 749 2354 2319 2427">
     <span class='ocr_line' id='line_1_39' title="bbox 749 2354 2319 2427; baseline 0.008 -22"><span class='ocrx_word' id='word_1_248' title='bbox 749 2354 971 2417; x_wconf 80' lang='lat' dir='ltr'><strong>evertit,</strong></span> <span class='ocrx_word' id='word_1_249' title='bbox 1026 2362 1141 2407; x_wconf 92' lang='lat' dir='ltr'><strong>tum</strong></span> <span class='ocrx_word' id='word_1_250' title='bbox 1194 2356 1403 2409; x_wconf 81' lang='lat' dir='ltr'><strong>scilicet</strong></span> <span class='ocrx_word' id='word_1_251' title='bbox 1438 2355 1761 2422; x_wconf 82' lang='lat' dir='ltr'><strong>Victoriam,</strong></span> <span class='ocrx_word' id='word_1_252' title='bbox 1822 2376 1945 2427; x_wconf 72' lang='lat' dir='ltr'><strong>qua:</strong></span> <span class='ocrx_word' id='word_1_253' title='bbox 1978 2363 2043 2415; x_wconf 90' lang='lat' dir='ltr'><strong>ad</strong></span> <span class='ocrx_word' id='word_1_254' title='bbox 2086 2364 2319 2419; x_wconf 78' lang='lat' dir='ltr'><strong>Auream</strong></span> 
     </span>
    </p>
   </div>
   <div class='ocr_carea' id='block_1_40' title="bbox 747 2446 2321 2521">
    <p class='ocr_par' dir='ltr' id='par_1_40' title="bbox 747 2446 2321 2521">
     <span class='ocr_line' id='line_1_40' title="bbox 747 2446 2321 2521; baseline 0.007 -23"><span class='ocrx_word' id='word_1_255' title='bbox 747 2446 901 2500; x_wconf 84' lang='lat' dir='ltr'><strong>urbis</strong></span> <span class='ocrx_word' id='word_1_256' title='bbox 943 2457 1153 2515; x_wconf 88' lang='lat' dir='ltr'><strong>portam</strong></span> <span class='ocrx_word' id='word_1_257' title='bbox 1185 2448 1450 2503; x_wconf 86' lang='lat' dir='ltr'><strong>collocata</strong></span> <span class='ocrx_word' id='word_1_258' title='bbox 1482 2458 1619 2515; x_wconf 88' lang='lat' dir='ltr'><strong>erat,</strong></span> <span class='ocrx_word' id='word_1_259' title='bbox 1657 2461 1770 2504; x_wconf 91' lang='lat' dir='ltr'><strong>tum</strong></span> <span class='ocrx_word' id='word_1_260' title='bbox 1806 2469 1929 2521; x_wconf 70' lang='lat' dir='ltr'><strong>qua:</strong></span> <span class='ocrx_word' id='word_1_261' title='bbox 1980 2453 2033 2507; x_wconf 93' lang='lat' dir='ltr'><strong>in</strong></span> <span class='ocrx_word' id='word_1_262' title='bbox 2087 2453 2321 2509; x_wconf 87' lang='lat' dir='ltr'><strong>Deutero</strong></span> 
     </span>
    </p>
   </div>
   <div class='ocr_carea' id='block_1_41' title="bbox 747 2536 2322 2603">
    <p class='ocr_par' dir='ltr' id='par_1_41' title="bbox 747 2536 2322 2603">
     <span class='ocr_line' id='line_1_41' title="bbox 747 2536 2322 2603; baseline 0.008 -16"><span class='ocrx_word' id='word_1_263' title='bbox 747 2536 917 2603; x_wconf 83' lang='lat' dir='ltr'><strong>(velut</strong></span> <span class='ocrx_word' id='word_1_264' title='bbox 964 2536 1275 2591; x_wconf 69' lang='lat' dir='ltr'><strong>Secundum</strong></span> <span class='ocrx_word' id='word_1_265' title='bbox 1330 2540 1502 2603; x_wconf 86' lang='lat' dir='ltr'><strong>dicas)</strong></span> <span class='ocrx_word' id='word_1_266' title='bbox 1552 2541 1617 2594; x_wconf 92' lang='lat' dir='ltr'><strong>ad</strong></span> <span class='ocrx_word' id='word_1_267' title='bbox 1649 2542 1903 2595; x_wconf 82' lang='lat' dir='ltr'><strong>Sanctam</strong></span> <span class='ocrx_word' id='word_1_268' title='bbox 1954 2544 2165 2598; x_wconf 82' lang='lat' dir='ltr'><strong>Annam</strong></span> <span class='ocrx_word' id='word_1_269' title='bbox 2206 2549 2322 2601; x_wconf 89' lang='lat' dir='ltr'><strong>suis</strong></span> 
     </span>
    </p>
   </div>
   <div class='ocr_carea' id='block_1_42' title="bbox 750 2629 2320 2694">
    <p class='ocr_par' dir='ltr' id='par_1_42' title="bbox 750 2629 2320 2694">
     <span class='ocr_line' id='line_1_42' title="bbox 750 2629 2320 2694; baseline 0.008 -13"><span class='ocrx_word' id='word_1_270' title='bbox 750 2629 979 2682; x_wconf 77' lang='lat' dir='ltr'><strong>lii-initer</strong></span> <span class='ocrx_word' id='word_1_271' title='bbox 1007 2630 1229 2684; x_wconf 91' lang='lat' dir='ltr'><strong>basibns</strong></span> <span class='ocrx_word' id='word_1_272' title='bbox 1259 2631 1377 2684; x_wconf 66' lang='lat' dir='ltr'><strong>line</strong></span> <span class='ocrx_word' id='word_1_273' title='bbox 1408 2633 1649 2687; x_wconf 87' lang='lat' dir='ltr'><strong>stabant.</strong></span> <span class='ocrx_word' id='word_1_274' title='bbox 1678 2633 1831 2689; x_wconf 88' lang='lat' dir='ltr'><strong>Hane</strong></span> <span class='ocrx_word' id='word_1_275' title='bbox 1870 2634 1981 2691; x_wconf 86' lang='lat' dir='ltr'><strong>Leo</strong></span> <span class='ocrx_word' id='word_1_276' title='bbox 2016 2639 2320 2694; x_wconf 80' lang='lat' dir='ltr'><strong>mathema-</strong></span> 
     </span>
    </p>
   </div>
   <div class='ocr_carea' id='block_1_43' title="bbox 750 2721 2320 2796">
    <p class='ocr_par' dir='ltr' id='par_1_43' title="bbox 750 2721 2320 2796">
     <span class='ocr_line' id='line_1_43' title="bbox 750 2721 2320 2796; baseline 0.01 -25"><span class='ocrx_word' id='word_1_277' title='bbox 750 2721 892 2774; x_wconf 82' lang='lat' dir='ltr'><strong>ticus</strong></span> <span class='ocrx_word' id='word_1_278' title='bbox 920 2721 1217 2791; x_wconf 85' lang='lat' dir='ltr'><strong>collapsam</strong></span> <span class='ocrx_word' id='word_1_279' title='bbox 1263 2724 1475 2788; x_wconf 87' lang='lat' dir='ltr'><strong>videns,</strong></span> <span class='ocrx_word' id='word_1_280' title='bbox 1530 2725 1677 2780; x_wconf 88' lang='lat' dir='ltr'><strong>illius</strong></span> <span class='ocrx_word' id='word_1_281' title='bbox 1710 2728 1888 2796; x_wconf 88' lang='lat' dir='ltr'><strong>palam</strong></span> <span class='ocrx_word' id='word_1_282' title='bbox 1934 2744 2122 2783; x_wconf 88' lang='lat' dir='ltr'><strong>casmn</strong></span> <span class='ocrx_word' id='word_1_283' title='bbox 2176 2732 2320 2786; x_wconf 78' lang='lat' dir='ltr'><strong>desi-</strong></span> 
     </span>
    </p>
   </div>
   <div class='ocr_carea' id='block_1_44' title="bbox 734 2814 2318 2888">
    <p class='ocr_par' dir='ltr' id='par_1_44' title="bbox 734 2814 2318 2888">
     <span class='ocr_line' id='line_1_44' title="bbox 734 2814 2318 2888; baseline 0.01 -25"><span class='ocrx_word' id='word_1_284' title='bbox 734 2828 915 2876; x_wconf 67' lang='lat' dir='ltr'><strong>gnare</strong></span> <span class='ocrx_word' id='word_1_285' title='bbox 959 2814 1116 2878; x_wconf 69' lang='lat' dir='ltr'><strong>dixit,</strong></span> <span class='ocrx_word' id='word_1_286' title='bbox 1146 2815 1238 2883; x_wconf 91' lang='lat' dir='ltr'><strong>qui</strong></span> <span class='ocrx_word' id='word_1_287' title='bbox 1271 2816 1340 2870; x_wconf 90' lang='lat' dir='ltr'><strong>ab</strong></span> <span class='ocrx_word' id='word_1_288' title='bbox 1372 2817 1701 2885; x_wconf 80' lang='lat' dir='ltr'><strong>imperatore</strong></span> <span class='ocrx_word' id='word_1_289' title='bbox 1741 2821 1984 2888; x_wconf 85' lang='lat' dir='ltr'><strong>potentia</strong></span> <span class='ocrx_word' id='word_1_290' title='bbox 2034 2823 2318 2888; x_wconf 78' lang='lat' dir='ltr'><strong>proximus</strong></span> 
     </span>
    </p>
   </div>
   <div class='ocr_carea' id='block_1_45' title="bbox 2430 2003 4001 2079">
    <p class='ocr_par' dir='ltr' id='par_1_45' title="bbox 2430 2003 4001 2079">
     <span class='ocr_line' id='line_1_45' title="bbox 2430 2003 4001 2079; baseline 0.004 -25"><span class='ocrx_word' id='word_1_291' title='bbox 2430 2003 2719 2074; x_wconf 79' lang='grc' dir='ltr'>τρίτοντοῦ</span> <span class='ocrx_word' id='word_1_292' title='bbox 2765 2006 3098 2073; x_wconf 79' lang='grc' dir='ltr'>Ἐξακιονίου</span> <span class='ocrx_word' id='word_1_293' title='bbox 3130 2008 3262 2079; x_wconf 72' lang='grc' dir='ltr'>πρὸς</span> <span class='ocrx_word' id='word_1_294' title='bbox 3292 2008 3396 2077; x_wconf 83' lang='grc' dir='ltr'>γῆν</span> <span class='ocrx_word' id='word_1_295' title='bbox 3439 2010 3806 2078; x_wconf 76' lang='grc' dir='ltr'>ὲδαφίζοντες,</span> <span class='ocrx_word' id='word_1_296' title='bbox 3838 2008 4001 2073; x_wconf 84' lang='grc' dir='ltr'>ναούς</span> 
     </span>
    </p>
   </div>
   <div class='ocr_carea' id='block_1_46' title="bbox 2428 2100 4001 2174">
    <p class='ocr_par' dir='ltr' id='par_1_46' title="bbox 2428 2100 4001 2174">
     <span class='ocr_line' id='line_1_46' title="bbox 2428 2100 4001 2174; baseline 0.003 -23"><span class='ocrx_word' id='word_1_297' title='bbox 2428 2115 2489 2151; x_wconf 83' lang='grc' dir='ltr'><strong>τε</strong></span> <span class='ocrx_word' id='word_1_298' title='bbox 2519 2100 2815 2169; x_wconf 80' lang='grc' dir='ltr'>εὐπρεπεῖς</span> <span class='ocrx_word' id='word_1_299' title='bbox 2874 2104 2969 2155; x_wconf 70' lang='grc' dir='ltr'><strong>καὶ</strong></span> <span class='ocrx_word' id='word_1_300' title='bbox 3005 2105 3185 2167; x_wconf 79' lang='grc' dir='ltr'>οἴκους</span> <span class='ocrx_word' id='word_1_301' title='bbox 3240 2104 3551 2174; x_wconf 79' lang='grc' dir='ltr'>λαμπροὺς,</span> <span class='ocrx_word' id='word_1_302' title='bbox 3591 2104 3686 2157; x_wconf 78' lang='grc' dir='ltr'>νῦν</span> <span class='ocrx_word' id='word_1_303' title='bbox 3718 2104 3775 2157; x_wconf 78' lang='grc' dir='ltr'>δὲ</span> <span class='ocrx_word' id='word_1_304' title='bbox 3801 2102 4001 2173; x_wconf 80' lang='grc' dir='ltr'>στήλας</span> 
     </span>
    </p>
   </div>
   <div class='ocr_carea' id='block_1_47' title="bbox 2426 2192 3997 2265">
    <p class='ocr_par' dir='ltr' id='par_1_47' title="bbox 2426 2192 3997 2265">
     <span class='ocr_line' id='line_1_47' title="bbox 2426 2192 3997 2265; baseline 0.003 -22"><span class='ocrx_word' id='word_1_305' title='bbox 2426 2192 2527 2260; x_wconf 86' lang='grc' dir='ltr'>τήν</span> <span class='ocrx_word' id='word_1_306' title='bbox 2560 2210 2616 2245; x_wconf 89' lang='grc' dir='ltr'><strong>τε</strong></span> <span class='ocrx_word' id='word_1_307' title='bbox 2639 2193 2776 2245; x_wconf 82' lang='grc' dir='ltr'><strong>κατὰ</strong></span> <span class='ocrx_word' id='word_1_308' title='bbox 2806 2194 3027 2264; x_wconf 84' lang='grc' dir='ltr'>Χρυσῆν</span> <span class='ocrx_word' id='word_1_309' title='bbox 3062 2194 3239 2263; x_wconf 87' lang='grc' dir='ltr'>πύλην</span> <span class='ocrx_word' id='word_1_310' title='bbox 3274 2198 3372 2265; x_wconf 88' lang='grc' dir='ltr'>τῆς</span> <span class='ocrx_word' id='word_1_311' title='bbox 3405 2197 3612 2259; x_wconf 69' lang='grc' dir='ltr'>πόλεως</span> <span class='ocrx_word' id='word_1_312' title='bbox 3673 2196 3851 2263; x_wconf 76' lang='grc' dir='ltr'>Νίκην</span> <span class='ocrx_word' id='word_1_313' title='bbox 3904 2196 3997 2264; x_wconf 62' lang='lat' dir='ltr'><strong>ty-</strong></span> 
     </span>
    </p>
   </div>
   <div class='ocr_carea' id='block_1_48' title="bbox 2425 2280 4001 2356">
    <p class='ocr_par' dir='ltr' id='par_1_48' title="bbox 2425 2280 4001 2356">
     <span class='ocr_line' id='line_1_48' title="bbox 2425 2280 4001 2356; baseline 0.004 -25"><span class='ocrx_word' id='word_1_314' title='bbox 2425 2280 2829 2352; x_wconf 79' lang='grc' dir='ltr'>καθιδρυμένην</span> <span class='ocrx_word' id='word_1_315' title='bbox 2858 2285 2953 2348; x_wconf 85' lang='grc' dir='ltr'><strong>τάς</strong></span> <span class='ocrx_word' id='word_1_316' title='bbox 2970 2301 3027 2336; x_wconf 89' lang='grc' dir='ltr'><strong>τε</strong></span> <span class='ocrx_word' id='word_1_317' title='bbox 3044 2286 3101 2336; x_wconf 89' lang='lat' dir='ltr'><strong>tv</strong></span> <span class='ocrx_word' id='word_1_318' title='bbox 3128 2283 3204 2355; x_wconf 84' lang='grc' dir='ltr'>τῷ</span> <span class='ocrx_word' id='word_1_319' title='bbox 3231 2285 3479 2356; x_wconf 82' lang='grc' dir='ltr'>Δευτέρῳ</span> <span class='ocrx_word' id='word_1_320' title='bbox 3517 2284 3656 2338; x_wconf 74' lang='grc' dir='ltr'>κατὰ</span> <span class='ocrx_word' id='word_1_321' title='bbox 3681 2285 3777 2356; x_wconf 74' lang='grc' dir='ltr'>τὴν</span> <span class='ocrx_word' id='word_1_322' title='bbox 3807 2284 4001 2352; x_wconf 82' lang='grc' dir='ltr'>Ἀγίαν</span> 
     </span>
    </p>
   </div>
   <div class='ocr_carea' id='block_1_49' title="bbox 2429 2371 4001 2445">
    <p class='ocr_par' dir='ltr' id='par_1_49' title="bbox 2429 2371 4001 2445">
     <span class='ocr_line' id='line_1_49' title="bbox 2429 2371 4001 2445; baseline 0.001 -22"><span class='ocrx_word' id='word_1_323' title='bbox 2429 2371 2628 2424; x_wconf 83' lang='grc' dir='ltr'>’Δνναν</span> <span class='ocrx_word' id='word_1_324' title='bbox 2673 2373 2915 2443; x_wconf 76' lang='grc' dir='ltr'>στερρῶς</span> <span class='ocrx_word' id='word_1_325' title='bbox 2966 2374 3259 2442; x_wconf 81' lang='grc' dir='ltr'>ἱσταμένας</span> <span class='ocrx_word' id='word_1_326' title='bbox 3309 2375 3833 2442; x_wconf 79' lang='grc' dir='ltr'>ὲγκατασείσαντες’</span> <span class='ocrx_word' id='word_1_327' title='bbox 3867 2375 3938 2445; x_wconf 69' lang='grc' dir='ltr'>ἦν</span> <span class='ocrx_word' id='word_1_328' title='bbox 3974 2376 4001 2425; x_wconf 88' lang='lat'><strong>6</strong></span> 
     </span>
    </p>
   </div>
   <div class='ocr_carea' id='block_1_50' title="bbox 2431 2462 3998 2536">
    <p class='ocr_par' dir='ltr' id='par_1_50' title="bbox 2431 2462 3998 2536">
     <span class='ocr_line' id='line_1_50' title="bbox 2431 2462 3998 2536; baseline 0.001 -21"><span class='ocrx_word' id='word_1_329' title='bbox 2431 2462 2814 2531; x_wconf 68' lang='grc' dir='ltr'>μαθηματικὸς</span> <span class='ocrx_word' id='word_1_330' title='bbox 2862 2465 3013 2517; x_wconf 84' lang='grc' dir='ltr'>Λέων</span> <span class='ocrx_word' id='word_1_331' title='bbox 3061 2469 3554 2519; x_wconf 75' lang='grc' dir='ltr'>καταπεπτωκυῖαν</span> <span class='ocrx_word' id='word_1_332' title='bbox 3605 2466 3727 2519; x_wconf 73' lang='grc' dir='ltr'>ἰδὼν</span> <span class='ocrx_word' id='word_1_333' title='bbox 3775 2468 3875 2536; x_wconf 75' lang='grc' dir='ltr'>τὴν</span> <span class='ocrx_word' id='word_1_334' title='bbox 3905 2464 3998 2517; x_wconf 81' lang='grc' dir='ltr'>τοῦ</span> 
     </span>
    </p>
   </div>
   <div class='ocr_carea' id='block_1_51' title="bbox 2426 2554 4000 2624">
    <p class='ocr_par' dir='ltr' id='par_1_51' title="bbox 2426 2554 4000 2624">
     <span class='ocr_line' id='line_1_51' title="bbox 2426 2554 4000 2624; baseline -0.001 -17"><span class='ocrx_word' id='word_1_335' title='bbox 2426 2554 2683 2624; x_wconf 80' lang='grc' dir='ltr'>δευτέρου</span> <span class='ocrx_word' id='word_1_336' title='bbox 2741 2556 2805 2607; x_wconf 77' lang='grc' dir='ltr'>ἐκ</span> <span class='ocrx_word' id='word_1_337' title='bbox 2847 2555 3113 2624; x_wconf 79' lang='grc' dir='ltr'>βασιλέως</span> <span class='ocrx_word' id='word_1_338' title='bbox 3172 2555 3380 2609; x_wconf 84' lang='grc' dir='ltr'>πτῶσιν</span> <span class='ocrx_word' id='word_1_339' title='bbox 3433 2557 3619 2623; x_wconf 81' lang='grc' dir='ltr'>ἔλεγεν</span> <span class='ocrx_word' id='word_1_340' title='bbox 3680 2554 4000 2608; x_wconf 67' lang='grc' dir='ltr'>ἐπαπειλεῖν</span> 
     </span>
    </p>
   </div>
   <div class='ocr_carea' id='block_1_52' title="bbox 2426 2645 4002 2717">
    <p class='ocr_par' dir='ltr' id='par_1_52' title="bbox 2426 2645 4002 2717">
     <span class='ocr_line' id='line_1_52' title="bbox 2426 2645 4002 2717; baseline -0.001 -19"><span class='ocrx_word' id='word_1_341' title='bbox 2426 2645 2706 2715; x_wconf 87' lang='grc' dir='ltr'>καθαρῶς.</span> <span class='ocrx_word' id='word_1_342' title='bbox 2743 2647 2970 2717; x_wconf 79' lang='grc' dir='ltr'>Μακρὸν</span> <span class='ocrx_word' id='word_1_343' title='bbox 2999 2647 3085 2716; x_wconf 73' lang='grc' dir='ltr'><strong>εἴη</strong></span> <span class='ocrx_word' id='word_1_344' title='bbox 3112 2648 3292 2715; x_wconf 87' lang='grc' dir='ltr'>λέγειν</span> <span class='ocrx_word' id='word_1_345' title='bbox 3317 2647 3579 2717; x_wconf 85' lang='grc' dir='ltr'>ποταμῶν</span> <span class='ocrx_word' id='word_1_346' title='bbox 3612 2648 3877 2715; x_wconf 77' lang='grc' dir='ltr'>ἀφάνειαν</span> <span class='ocrx_word' id='word_1_347' title='bbox 3908 2645 4002 2697; x_wconf 73' lang='grc' dir='ltr'>καὶ</span> 
     </span>
    </p>
   </div>
   <div class='ocr_carea' id='block_1_53' title="bbox 2403 2734 4001 2807">
    <p class='ocr_par' dir='ltr' id='par_1_53' title="bbox 2403 2734 4001 2807">
     <span class='ocr_line' id='line_1_53' title="bbox 2403 2734 4001 2807; baseline 0 -21"><span class='ocrx_word' id='word_1_348' title='bbox 2403 2736 2618 2805; x_wconf 83' lang='grc' dir='ltr'>.πηγῶν</span> <span class='ocrx_word' id='word_1_349' title='bbox 2662 2736 2754 2788; x_wconf 56' lang='grc' dir='ltr'><strong>καὶ⁵</strong></span> <span class='ocrx_word' id='word_1_350' title='bbox 2797 2734 2908 2789; x_wconf 80' lang='grc' dir='ltr'>ἄλλ’</span> <span class='ocrx_word' id='word_1_351' title='bbox 2954 2735 3091 2790; x_wconf 79' lang='grc' dir='ltr'>ἄττα</span> <span class='ocrx_word' id='word_1_352' title='bbox 3138 2737 3441 2807; x_wconf 76' lang='grc' dir='ltr'>παθήματα</span> <span class='ocrx_word' id='word_1_353' title='bbox 3473 2737 3616 2790; x_wconf 90' lang='grc' dir='ltr'>κατά</span> <span class='ocrx_word' id='word_1_354' title='bbox 3640 2754 3697 2789; x_wconf 87' lang='grc' dir='ltr'><strong>τε</strong></span> <span class='ocrx_word' id='word_1_355' title='bbox 3728 2737 4001 2806; x_wconf 78' lang='grc' dir='ltr'>ἰσαυρίαν</span> 
     </span>
    </p>
   </div>
   <div class='ocr_carea' id='block_1_54' title="bbox 2424 2826 3573 2897">
    <p class='ocr_par' dir='ltr' id='par_1_54' title="bbox 2424 2826 3573 2897">
     <span class='ocr_line' id='line_1_54' title="bbox 2424 2826 3573 2897; baseline 0.002 -18"><span class='ocrx_word' id='word_1_356' title='bbox 2424 2829 2517 2879; x_wconf 75' lang='grc' dir='ltr'><strong>καὶ</strong></span> <span class='ocrx_word' id='word_1_357' title='bbox 2548 2826 2670 2879; x_wconf 84' lang='grc' dir='ltr'>καθ’</span> <span class='ocrx_word' id='word_1_358' title='bbox 2708 2827 2946 2895; x_wconf 80' lang='grc' dir='ltr'>ἑκάστην</span> <span class='ocrx_word' id='word_1_359' title='bbox 2983 2828 3166 2897; x_wconf 82' lang='grc' dir='ltr'>χώραν</span> <span class='ocrx_word' id='word_1_360' title='bbox 3202 2828 3573 2896; x_wconf 75' lang='grc' dir='ltr'>ἐπιγινόμενα.</span> 
     </span>
    </p>
   </div>
   <div class='ocr_carea' id='block_1_55' title="bbox 748 2904 4001 2991">
    <p class='ocr_par' dir='ltr' id='par_1_55' title="bbox 748 2904 4001 2991">
     <span class='ocr_line' id='line_1_55' title="bbox 748 2904 4001 2991; baseline 0.005 -33"><span class='ocrx_word' id='word_1_361' title='bbox 748 2918 917 2958; x_wconf 80' lang='lat' dir='ltr'><strong>esset.</strong></span> <span class='ocrx_word' id='word_1_362' title='bbox 958 2904 1248 2975; x_wconf 76' lang='lat' dir='ltr'><strong>Longioris</strong></span> <span class='ocrx_word' id='word_1_363' title='bbox 1294 2923 1471 2975; x_wconf 72' lang='lat' dir='ltr'><strong>operm</strong></span> <span class='ocrx_word' id='word_1_364' title='bbox 1516 2919 1662 2964; x_wconf 62' lang='lat' dir='ltr'><strong>esset</strong></span> <span class='ocrx_word' id='word_1_365' title='bbox 1693 2911 1930 2965; x_wconf 79' lang='lat' dir='ltr'><strong>art-facta</strong></span> <span class='ocrx_word' id='word_1_366' title='bbox 1982 2912 2208 2969; x_wconf 83' lang='lat' dir='ltr'><strong>ﬂumina</strong></span> <span class='ocrx_word' id='word_1_367' title='bbox 2258 2933 2321 2973; x_wconf 90' lang='lat' dir='ltr'><strong>ac</strong></span> <span class='ocrx_word' id='word_1_368' title='bbox 2360 2918 2541 2976; x_wconf 80' lang='lat' dir='ltr'><strong>fontes</strong></span> <span class='ocrx_word' id='word_1_369' title='bbox 2575 2920 2797 2987; x_wconf 81' lang='lat' dir='ltr'><strong>referre,</strong></span> <span class='ocrx_word' id='word_1_370' title='bbox 2829 2920 3049 2991; x_wconf 88' lang='lat' dir='ltr'><strong>aliaque</strong></span> <span class='ocrx_word' id='word_1_371' title='bbox 3084 2934 3197 2976; x_wconf 90' lang='lat' dir='ltr'><strong>tum</strong></span> <span class='ocrx_word' id='word_1_372' title='bbox 3225 2922 3277 2975; x_wconf 94' lang='lat' dir='ltr'><strong>in</strong></span> <span class='ocrx_word' id='word_1_373' title='bbox 3344 2920 3551 2976; x_wconf 85' lang='lat' dir='ltr'><strong>Isauria</strong></span> <span class='ocrx_word' id='word_1_374' title='bbox 3599 2929 3710 2974; x_wconf 91' lang='lat' dir='ltr'><strong>tum</strong></span> <span class='ocrx_word' id='word_1_375' title='bbox 3758 2918 3812 2974; x_wconf 93' lang='lat' dir='ltr'><strong>in</strong></span> <span class='ocrx_word' id='word_1_376' title='bbox 3882 2919 4001 2973; x_wconf 86' lang='lat' dir='ltr'><strong>sin-</strong></span> 
     </span>
    </p>
   </div>
   <div class='ocr_carea' id='block_1_56' title="bbox 745 2995 1994 3068">
    <p class='ocr_par' dir='ltr' id='par_1_56' title="bbox 745 2995 1994 3068">
     <span class='ocr_line' id='line_1_56' title="bbox 745 2995 1994 3068; baseline 0.01 -24"><span class='ocrx_word' id='word_1_377' title='bbox 745 2995 886 3065; x_wconf 86' lang='lat' dir='ltr'><strong>gulis</strong></span> <span class='ocrx_word' id='word_1_378' title='bbox 915 2996 1223 3065; x_wconf 76' lang='lat' dir='ltr'><strong>quibnSque</strong></span> <span class='ocrx_word' id='word_1_379' title='bbox 1254 2998 1545 3062; x_wconf 76' lang='lat' dir='ltr'><strong>provinciis</strong></span> <span class='ocrx_word' id='word_1_380' title='bbox 1574 3000 1685 3053; x_wconf 88' lang='lat' dir='ltr'><strong>visa</strong></span> <span class='ocrx_word' id='word_1_381' title='bbox 1726 3010 1994 3068; x_wconf 79' lang='lat' dir='ltr'><strong>portenta.</strong></span> 
     </span>
    </p>
   </div>
   <div class='ocr_carea' id='block_1_57' title="bbox 821 3087 2314 3165">
    <p class='ocr_par' dir='ltr' id='par_1_57' title="bbox 821 3087 2314 3165">
     <span class='ocr_line' id='line_1_57' title="bbox 821 3087 2314 3165; baseline 0.009 -24"><span class='ocrx_word' id='word_1_382' title='bbox 821 3089 911 3141; x_wconf 76' lang='grc'><strong>55.</strong></span> <span class='ocrx_word' id='word_1_383' title='bbox 950 3087 1083 3154; x_wconf 65' lang='lat' dir='ltr'><strong>Qum</strong></span> <span class='ocrx_word' id='word_1_384' title='bbox 1108 3092 1290 3142; x_wconf 88' lang='lat' dir='ltr'><strong>omnia</strong></span> <span class='ocrx_word' id='word_1_385' title='bbox 1335 3091 1631 3159; x_wconf 82' lang='lat' dir='ltr'><strong>imperator</strong></span> <span class='ocrx_word' id='word_1_386' title='bbox 1679 3092 1733 3147; x_wconf 92' lang='lat' dir='ltr'><strong>in</strong></span> <span class='ocrx_word' id='word_1_387' title='bbox 1782 3097 2037 3149; x_wconf 78' lang='lat' dir='ltr'><strong>scCundis</strong></span> <span class='ocrx_word' id='word_1_388' title='bbox 2091 3098 2314 3165; x_wconf 65' lang='lat' dir='ltr'><strong>habens,</strong></span> 
     </span>
    </p>
   </div>
   <div class='ocr_carea' id='block_1_58' title="bbox 746 3180 2317 3247">
    <p class='ocr_par' dir='ltr' id='par_1_58' title="bbox 746 3180 2317 3247">
     <span class='ocr_line' id='line_1_58' title="bbox 746 3180 2317 3247; baseline 0.008 -16"><span class='ocrx_word' id='word_1_389' title='bbox 746 3180 1097 3247; x_wconf 75' lang='lat' dir='ltr'><strong>equesu-ibus</strong></span> <span class='ocrx_word' id='word_1_390' title='bbox 1152 3181 1541 3237; x_wconf 90' lang='lat' dir='ltr'><strong>certaminibus</strong></span> <span class='ocrx_word' id='word_1_391' title='bbox 1572 3183 1638 3237; x_wconf 90' lang='lat' dir='ltr'><strong>ad</strong></span> <span class='ocrx_word' id='word_1_392' title='bbox 1693 3182 1875 3240; x_wconf 89' lang='lat' dir='ltr'><strong>Sancti</strong></span> <span class='ocrx_word' id='word_1_393' title='bbox 1926 3185 2213 3244; x_wconf 82' lang='lat' dir='ltr'><strong>Mamantis</strong></span> <span class='ocrx_word' id='word_1_394' title='bbox 2265 3191 2317 3243; x_wconf 93' lang='lat' dir='ltr'><strong>in</strong></span> 
     </span>
    </p>
   </div>
   <div class='ocr_carea' id='block_1_59' title="bbox 2494 3100 4004 3172">
    <p class='ocr_par' dir='ltr' id='par_1_59' title="bbox 2494 3100 4004 3172">
     <span class='ocr_line' id='line_1_59' title="bbox 2494 3100 4004 3172; baseline 0 -21"><span class='ocrx_word' id='word_1_395' title='bbox 2494 3100 2588 3152; x_wconf 87' lang='grc' dir='ltr'>λε’.</span> <span class='ocrx_word' id='word_1_396' title='bbox 2634 3101 2699 3153; x_wconf 75' lang='grc' dir='ltr'><strong>Ἀ</strong></span> <span class='ocrx_word' id='word_1_397' title='bbox 2750 3100 2926 3154; x_wconf 87' lang='grc' dir='ltr'>πάντα</span> <span class='ocrx_word' id='word_1_398' title='bbox 2970 3102 2999 3155; x_wconf 98' lang='lat'><strong>6</strong></span> <span class='ocrx_word' id='word_1_399' title='bbox 3054 3100 3356 3172; x_wconf 82' lang='grc' dir='ltr'>βασιλεύων</span> <span class='ocrx_word' id='word_1_400' title='bbox 3387 3101 3445 3153; x_wconf 83' lang='grc' dir='ltr'>ὲν</span> <span class='ocrx_word' id='word_1_401' title='bbox 3497 3100 3735 3171; x_wconf 83' lang='grc' dir='ltr'>δευτέρῳ</span> <span class='ocrx_word' id='word_1_402' title='bbox 3771 3100 4004 3169; x_wconf 82' lang='grc' dir='ltr'>θέμενος</span> 
     </span>
    </p>
   </div>
   <div class='ocr_carea' id='block_1_60' title="bbox 2430 3190 4005 3262">
    <p class='ocr_par' dir='ltr' id='par_1_60' title="bbox 2430 3190 4005 3262">
     <span class='ocr_line' id='line_1_60' title="bbox 2430 3190 4005 3262; baseline -0.003 -17"><span class='ocrx_word' id='word_1_403' title='bbox 2430 3191 2549 3254; x_wconf 82' lang='grc' dir='ltr'>ὅλος</span> <span class='ocrx_word' id='word_1_404' title='bbox 2589 3192 2768 3262; x_wconf 76' lang='grc' dir='ltr'>εἴχετο</span> <span class='ocrx_word' id='word_1_405' title='bbox 2812 3193 2921 3245; x_wconf 90' lang='grc' dir='ltr'><strong>τῶν</strong></span> <span class='ocrx_word' id='word_1_406' title='bbox 2964 3193 3206 3246; x_wconf 78' lang='grc' dir='ltr'>ἱππικῶν</span> <span class='ocrx_word' id='word_1_407' title='bbox 3229 3193 3455 3261; x_wconf 80' lang='grc' dir='ltr'>ἀγώνων</span> <span class='ocrx_word' id='word_1_408' title='bbox 3492 3192 3633 3245; x_wconf 84' lang='grc' dir='ltr'>κατά</span> <span class='ocrx_word' id='word_1_409' title='bbox 3684 3192 3773 3244; x_wconf 75' lang='grc' dir='ltr'><strong>τὸν</strong></span> <span class='ocrx_word' id='word_1_410' title='bbox 3802 3191 3862 3243; x_wconf 92' lang='lat' dir='ltr'><strong>tv</strong></span> <span class='ocrx_word' id='word_1_411' title='bbox 3902 3190 4005 3242; x_wconf 76' lang='grc' dir='ltr'><strong>Ευ-</strong></span> 
     </span>
    </p>
   </div>
   <div class='ocr_carea' id='block_1_61' title="bbox 750 3261 2323 3353">
    <p class='ocr_par' dir='ltr' id='par_1_61' title="bbox 750 3272 2321 3350">
     <span class='ocr_line' id='line_1_61' title="bbox 750 3272 2321 3350; baseline 0.007 -25"><span class='ocrx_word' id='word_1_412' title='bbox 750 3272 921 3325; x_wconf 77' lang='lat' dir='ltr'><strong>Stenn</strong></span> <span class='ocrx_word' id='word_1_413' title='bbox 958 3273 1218 3341; x_wconf 83' lang='lat' dir='ltr'><strong>templum</strong></span> <span class='ocrx_word' id='word_1_414' title='bbox 1256 3282 1403 3329; x_wconf 92' lang='lat' dir='ltr'><strong>totus</strong></span> <span class='ocrx_word' id='word_1_415' title='bbox 1448 3275 1820 3331; x_wconf 91' lang='lat' dir='ltr'><strong>incumbebat.</strong></span> <span class='ocrx_word' id='word_1_416' title='bbox 1852 3276 2191 3350; x_wconf 86' lang='lat' dir='ltr'><strong>Quandoque</strong></span> <span class='ocrx_word' id='word_1_417' title='bbox 2221 3297 2321 3336; x_wconf 91' lang='lat' dir='ltr'><strong>au-</strong></span> 
     </span>
    </p>
   </div>
   <div class='ocr_carea' id='block_1_62' title="bbox 2428 3261 4003 3353">
    <p class='ocr_par' dir='ltr' id='par_1_62' title="bbox 2428 3261 4003 3353">
     <span class='ocr_line' id='line_1_62' title="bbox 2428 3261 4003 3353; baseline 0.002 -19"><span class='ocrx_word' id='word_1_418' title='bbox 2428 3284 2583 3352; x_wconf 77' lang='grc' dir='ltr'>ξείνῳ</span> <span class='ocrx_word' id='word_1_419' title='bbox 2637 3261 3078 3353; x_wconf 84' lang='grc' dir='ltr'>άνεγηγερμένον</span> <span class='ocrx_word' id='word_1_420' title='bbox 3138 3286 3266 3338; x_wconf 81' lang='grc' dir='ltr'>ναὸν</span> <span class='ocrx_word' id='word_1_421' title='bbox 3314 3284 3409 3337; x_wconf 80' lang='grc' dir='ltr'><strong>τοῦ</strong></span> <span class='ocrx_word' id='word_1_422' title='bbox 3446 3285 3631 3351; x_wconf 80' lang='grc' dir='ltr'>Ἀγίου</span> <span class='ocrx_word' id='word_1_423' title='bbox 3674 3284 4003 3352; x_wconf 75' lang='grc' dir='ltr'>Μάμαντος.</span> 
     </span>
    </p>
   </div>
   <div class='ocr_carea' id='block_1_63' title="bbox 745 3364 2319 3440">
    <p class='ocr_par' dir='ltr' id='par_1_63' title="bbox 745 3364 2319 3440">
     <span class='ocr_line' id='line_1_63' title="bbox 745 3364 2319 3440; baseline 0.007 -24"><span class='ocrx_word' id='word_1_424' title='bbox 745 3373 855 3416; x_wconf 84' lang='lat' dir='ltr'><strong>tem</strong></span> <span class='ocrx_word' id='word_1_425' title='bbox 874 3394 941 3403; x_wconf 96' lang='lat'><strong>—</strong></span> <span class='ocrx_word' id='word_1_426' title='bbox 961 3364 1115 3431; x_wconf 92' lang='lat' dir='ltr'><strong>prius</strong></span> <span class='ocrx_word' id='word_1_427' title='bbox 1135 3380 1263 3418; x_wconf 89' lang='lat' dir='ltr'><strong>vero</strong></span> <span class='ocrx_word' id='word_1_428' title='bbox 1279 3366 1514 3419; x_wconf 88' lang='lat' dir='ltr'><strong>narrabo</strong></span> <span class='ocrx_word' id='word_1_429' title='bbox 1537 3369 1987 3423; x_wconf 81' lang='lat' dir='ltr'><strong>consuetudinem</strong></span> <span class='ocrx_word' id='word_1_430' title='bbox 2005 3372 2319 3440; x_wconf 84' lang='lat' dir='ltr'><strong>quamdam,</strong></span> 
     </span>
    </p>
   </div>
   <div class='ocr_carea' id='block_1_64' title="bbox 747 3456 2323 3534">
    <p class='ocr_par' dir='ltr' id='par_1_64' title="bbox 747 3456 2323 3534">
     <span class='ocr_line' id='line_1_64' title="bbox 747 3456 2323 3534; baseline 0.008 -26"><span class='ocrx_word' id='word_1_431' title='bbox 747 3473 856 3526; x_wconf 86' lang='lat' dir='ltr'><strong>qua</strong></span> <span class='ocrx_word' id='word_1_432' title='bbox 901 3456 1301 3512; x_wconf 82' lang='lat' dir='ltr'><strong>Saracenorum</strong></span> <span class='ocrx_word' id='word_1_433' title='bbox 1344 3461 1607 3515; x_wconf 85' lang='lat' dir='ltr'><strong>adversus</strong></span> <span class='ocrx_word' id='word_1_434' title='bbox 1635 3460 1915 3519; x_wconf 85' lang='lat' dir='ltr'><strong>Romanos</strong></span> <span class='ocrx_word' id='word_1_435' title='bbox 1960 3465 2197 3534; x_wconf 89' lang='lat' dir='ltr'><strong>eruptio,</strong></span> <span class='ocrx_word' id='word_1_436' title='bbox 2229 3480 2323 3519; x_wconf 89' lang='lat' dir='ltr'><strong>ac-</strong></span> 
     </span>
    </p>
   </div>
   <div class='ocr_carea' id='block_1_65' title="bbox 744 3549 2325 3622">
    <p class='ocr_par' dir='ltr' id='par_1_65' title="bbox 744 3549 2325 3622">
     <span class='ocr_line' id='line_1_65' title="bbox 744 3549 2325 3622; baseline 0.005 -18"><span class='ocrx_word' id='word_1_437' title='bbox 744 3566 911 3604; x_wconf 81' lang='lat' dir='ltr'><strong>censa</strong></span> <span class='ocrx_word' id='word_1_438' title='bbox 954 3549 1154 3615; x_wconf 79' lang='lat' dir='ltr'><strong>iacula,</strong></span> <span class='ocrx_word' id='word_1_439' title='bbox 1214 3563 1489 3606; x_wconf 91' lang='lat' dir='ltr'><strong>momento</strong></span> <span class='ocrx_word' id='word_1_440' title='bbox 1545 3554 1804 3622; x_wconf 90' lang='lat' dir='ltr'><strong>temporis</strong></span> <span class='ocrx_word' id='word_1_441' title='bbox 1862 3555 2213 3611; x_wconf 85' lang='lat' dir='ltr'><strong>indicabatur</strong></span> <span class='ocrx_word' id='word_1_442' title='bbox 2261 3573 2325 3612; x_wconf 88' lang='lat' dir='ltr'><strong>ac</strong></span> 
     </span>
    </p>
   </div>
   <div class='ocr_carea' id='block_1_66' title="bbox 746 3642 2321 3718">
    <p class='ocr_par' dir='ltr' id='par_1_66' title="bbox 746 3642 2321 3718">
     <span class='ocr_line' id='line_1_66' title="bbox 746 3642 2321 3718; baseline 0.008 -27"><span class='ocrx_word' id='word_1_443' title='bbox 746 3644 1126 3713; x_wconf 66' lang='lat' dir='ltr'><strong>detegebatur.</strong></span> <span class='ocrx_word' id='word_1_444' title='bbox 1187 3642 1486 3699; x_wconf 89' lang='lat' dir='ltr'><strong>Castellum</strong></span> <span class='ocrx_word' id='word_1_445' title='bbox 1548 3646 1822 3714; x_wconf 81' lang='lat' dir='ltr'><strong>quoddam</strong></span> <span class='ocrx_word' id='word_1_446' title='bbox 1884 3662 1949 3702; x_wconf 87' lang='lat' dir='ltr'><strong>ac</strong></span> <span class='ocrx_word' id='word_1_447' title='bbox 2008 3649 2321 3718; x_wconf 69' lang='lat' dir='ltr'><strong>praasidium</strong></span> 
     </span>
    </p>
   </div>
   <div class='ocr_carea' id='block_1_67' title="bbox 747 3736 2321 3805">
    <p class='ocr_par' dir='ltr' id='par_1_67' title="bbox 747 3736 2321 3805">
     <span class='ocr_line' id='line_1_67' title="bbox 747 3736 2321 3805; baseline 0.004 -17"><span class='ocrx_word' id='word_1_448' title='bbox 747 3737 904 3790; x_wconf 84' lang='lat' dir='ltr'><strong>&#39;l&#39;arsi</strong></span> <span class='ocrx_word' id='word_1_449' title='bbox 940 3736 1141 3791; x_wconf 70' lang='lat' dir='ltr'><strong>Ciliciae</strong></span> <span class='ocrx_word' id='word_1_450' title='bbox 1168 3738 1430 3804; x_wconf 78' lang='lat' dir='ltr'><strong>Vit&#39;iltllm,</strong></span> <span class='ocrx_word' id='word_1_451' title='bbox 1469 3738 1665 3792; x_wconf 88' lang='lat' dir='ltr'><strong>Lulum</strong></span> <span class='ocrx_word' id='word_1_452' title='bbox 1702 3739 1947 3805; x_wconf 85' lang='lat' dir='ltr'><strong>nomine,</strong></span> <span class='ocrx_word' id='word_1_453' title='bbox 1979 3749 2321 3796; x_wconf 79' lang='lat' dir='ltr'><strong>exstructum</strong></span> 
     </span>
    </p>
   </div>
   <div class='ocr_carea' id='block_1_68' title="bbox 749 3829 2323 3899">
    <p class='ocr_par' dir='ltr' id='par_1_68' title="bbox 749 3829 2323 3899">
     <span class='ocr_line' id='line_1_68' title="bbox 749 3829 2323 3899; baseline 0.006 -19"><span class='ocrx_word' id='word_1_454' title='bbox 749 3841 851 3881; x_wconf 85' lang='lat' dir='ltr'><strong>est.</strong></span> <span class='ocrx_word' id='word_1_455' title='bbox 893 3829 949 3882; x_wconf 92' lang='lat' dir='ltr'><strong>In</strong></span> <span class='ocrx_word' id='word_1_456' title='bbox 990 3845 1057 3882; x_wconf 91' lang='lat' dir='ltr'><strong>eo</strong></span> <span class='ocrx_word' id='word_1_457' title='bbox 1093 3830 1413 3899; x_wconf 66' lang='lat' dir='ltr'><strong>praesidiarii</strong></span> <span class='ocrx_word' id='word_1_458' title='bbox 1446 3846 1569 3886; x_wconf 90' lang='lat' dir='ltr'><strong>cum</strong></span> <span class='ocrx_word' id='word_1_459' title='bbox 1602 3830 1914 3886; x_wconf 78' lang='lat' dir='ltr'><strong>Saracenos</strong></span> <span class='ocrx_word' id='word_1_460' title='bbox 1948 3832 2323 3889; x_wconf 87' lang='lat' dir='ltr'><strong>incursionem</strong></span> 
     </span>
    </p>
   </div>
   <div class='ocr_carea' id='block_1_69' title="bbox 748 3923 2323 3997">
    <p class='ocr_par' dir='ltr' id='par_1_69' title="bbox 748 3923 2323 3997">
     <span class='ocr_line' id='line_1_69' title="bbox 748 3923 2323 3997; baseline 0.004 -23"><span class='ocrx_word' id='word_1_461' title='bbox 748 3923 1003 3990; x_wconf 74' lang='lat' dir='ltr'><strong>expedire</strong></span> <span class='ocrx_word' id='word_1_462' title='bbox 1052 3924 1319 3989; x_wconf 90' lang='lat' dir='ltr'><strong>sentiunt,</strong></span> <span class='ocrx_word' id='word_1_463' title='bbox 1377 3925 1583 3979; x_wconf 87' lang='lat' dir='ltr'><strong>latcrna</strong></span> <span class='ocrx_word' id='word_1_464' title='bbox 1640 3925 1951 3995; x_wconf 78' lang='lat' dir='ltr'><strong>signiﬁcant</strong></span> <span class='ocrx_word' id='word_1_465' title='bbox 2006 3927 2092 3982; x_wconf 86' lang='lat' dir='ltr'><strong>his</strong></span> <span class='ocrx_word' id='word_1_466' title='bbox 2121 3926 2215 3997; x_wconf 92' lang='lat' dir='ltr'><strong>qui</strong></span> <span class='ocrx_word' id='word_1_467' title='bbox 2270 3928 2323 3981; x_wconf 90' lang='lat' dir='ltr'><strong>in</strong></span> 
     </span>
    </p>
   </div>
   <div class='ocr_carea' id='block_1_70' title="bbox 749 4016 2323 4088">
    <p class='ocr_par' dir='ltr' id='par_1_70' title="bbox 749 4016 2323 4088">
     <span class='ocr_line' id='line_1_70' title="bbox 749 4016 2323 4088; baseline 0.004 -21"><span class='ocrx_word' id='word_1_468' title='bbox 749 4016 942 4086; x_wconf 71' lang='lat' dir='ltr'><strong>Argreo</strong></span> <span class='ocrx_word' id='word_1_469' title='bbox 1000 4016 1138 4070; x_wconf 88' lang='lat' dir='ltr'><strong>enlle</strong></span> <span class='ocrx_word' id='word_1_470' title='bbox 1191 4017 1455 4070; x_wconf 82' lang='lat' dir='ltr'><strong>excubias</strong></span> <span class='ocrx_word' id='word_1_471' title='bbox 1510 4026 1714 4086; x_wconf 84' lang='lat' dir='ltr'><strong>agunt;</strong></span> <span class='ocrx_word' id='word_1_472' title='bbox 1763 4018 2073 4087; x_wconf 87' lang='lat' dir='ltr'><strong>iterumque</strong></span> <span class='ocrx_word' id='word_1_473' title='bbox 2120 4019 2214 4088; x_wconf 89' lang='lat' dir='ltr'><strong>qui</strong></span> <span class='ocrx_word' id='word_1_474' title='bbox 2269 4020 2323 4073; x_wconf 94' lang='lat' dir='ltr'><strong>in</strong></span> 
     </span>
    </p>
   </div>
   <div class='ocr_carea' id='block_1_71' title="bbox 748 4106 2323 4181">
    <p class='ocr_par' dir='ltr' id='par_1_71' title="bbox 748 4106 2323 4181">
     <span class='ocr_line' id='line_1_71' title="bbox 748 4106 2323 4181; baseline 0.003 -22"><span class='ocrx_word' id='word_1_475' title='bbox 748 4108 961 4174; x_wconf 74' lang='lat' dir='ltr'><strong>Argum,</strong></span> <span class='ocrx_word' id='word_1_476' title='bbox 998 4106 1082 4159; x_wconf 86' lang='lat' dir='ltr'><strong>his</strong></span> <span class='ocrx_word' id='word_1_477' title='bbox 1115 4108 1206 4175; x_wconf 87' lang='lat' dir='ltr'><strong>qui</strong></span> <span class='ocrx_word' id='word_1_478' title='bbox 1270 4108 1321 4160; x_wconf 87' lang='lat' dir='ltr'><strong>in</strong></span> <span class='ocrx_word' id='word_1_479' title='bbox 1380 4106 1593 4173; x_wconf 87' lang='lat' dir='ltr'><strong>Isamo;</strong></span> <span class='ocrx_word' id='word_1_480' title='bbox 1628 4108 1791 4178; x_wconf 88' lang='lat' dir='ltr'><strong>hique</strong></span> <span class='ocrx_word' id='word_1_481' title='bbox 1823 4108 2063 4163; x_wconf 77' lang='lat' dir='ltr'><strong>vicissim</strong></span> <span class='ocrx_word' id='word_1_482' title='bbox 2118 4109 2202 4165; x_wconf 90' lang='lat' dir='ltr'><strong>his</strong></span> <span class='ocrx_word' id='word_1_483' title='bbox 2230 4110 2323 4181; x_wconf 89' lang='lat' dir='ltr'><strong>qui</strong></span> 
     </span>
    </p>
   </div>
   <div class='ocr_carea' id='block_1_72' title="bbox 749 4197 2327 4271">
    <p class='ocr_par' dir='ltr' id='par_1_72' title="bbox 749 4197 2327 4271">
     <span class='ocr_line' id='line_1_72' title="bbox 749 4197 2327 4271; baseline 0.003 -20"><span class='ocrx_word' id='word_1_484' title='bbox 749 4200 802 4251; x_wconf 89' lang='lat' dir='ltr'><strong>in</strong></span> <span class='ocrx_word' id='word_1_485' title='bbox 837 4197 1053 4268; x_wconf 60' lang='lat' dir='ltr'><strong>Egilo;</strong></span> <span class='ocrx_word' id='word_1_486' title='bbox 1089 4198 1328 4269; x_wconf 61' lang='lat' dir='ltr'><strong>Adgilum</strong></span> <span class='ocrx_word' id='word_1_487' title='bbox 1363 4216 1555 4255; x_wconf 85' lang='lat' dir='ltr'><strong>rursus</strong></span> <span class='ocrx_word' id='word_1_488' title='bbox 1586 4202 1671 4255; x_wconf 88' lang='lat' dir='ltr'><strong>his</strong></span> <span class='ocrx_word' id='word_1_489' title='bbox 1718 4202 1811 4271; x_wconf 89' lang='lat' dir='ltr'><strong>qui</strong></span> <span class='ocrx_word' id='word_1_490' title='bbox 1843 4203 1893 4255; x_wconf 93' lang='lat' dir='ltr'><strong>in</strong></span> <span class='ocrx_word' id='word_1_491' title='bbox 1923 4202 2062 4256; x_wconf 88' lang='lat' dir='ltr'><strong>colle</strong></span> <span class='ocrx_word' id='word_1_492' title='bbox 2084 4201 2327 4257; x_wconf 80' lang='lat' dir='ltr'><strong>Maman-</strong></span> 
     </span>
    </p>
   </div>
   <div class='ocr_carea' id='block_1_73' title="bbox 750 4290 2321 4362">
    <p class='ocr_par' dir='ltr' id='par_1_73' title="bbox 750 4290 2321 4362">
     <span class='ocr_line' id='line_1_73' title="bbox 750 4290 2321 4362; baseline 0.004 -21"><span class='ocrx_word' id='word_1_493' title='bbox 750 4293 820 4343; x_wconf 85' lang='lat' dir='ltr'><strong>tis</strong></span> <span class='ocrx_word' id='word_1_494' title='bbox 854 4295 1082 4359; x_wconf 82' lang='lat' dir='ltr'><strong>degunt:</strong></span> <span class='ocrx_word' id='word_1_495' title='bbox 1111 4292 1363 4358; x_wconf 88' lang='lat' dir='ltr'><strong>sequitur</strong></span> <span class='ocrx_word' id='word_1_496' title='bbox 1398 4290 1645 4361; x_wconf 87' lang='lat' dir='ltr'><strong>Cyrisus,</strong></span> <span class='ocrx_word' id='word_1_497' title='bbox 1682 4294 1935 4362; x_wconf 91' lang='lat' dir='ltr'><strong>huncque</strong></span> <span class='ocrx_word' id='word_1_498' title='bbox 1970 4309 2163 4348; x_wconf 89' lang='lat' dir='ltr'><strong>rursus</strong></span> <span class='ocrx_word' id='word_1_499' title='bbox 2210 4293 2321 4347; x_wconf 84' lang='lat' dir='ltr'><strong>Mo-</strong></span> 
     </span>
    </p>
   </div>
   <div class='ocr_carea' id='block_1_74' title="bbox 749 4379 2325 4453">
    <p class='ocr_par' dir='ltr' id='par_1_74' title="bbox 749 4379 2325 4453">
     <span class='ocr_line' id='line_1_74' title="bbox 749 4379 2325 4453; baseline 0.003 -23"><span class='ocrx_word' id='word_1_500' title='bbox 749 4383 886 4433; x_wconf 63' lang='lat' dir='ltr'><strong>t-ilus</strong></span> <span class='ocrx_word' id='word_1_501' title='bbox 916 4398 930 4444; x_wconf 86' lang='lat'><strong>;</strong></span> <span class='ocrx_word' id='word_1_502' title='bbox 955 4397 1017 4433; x_wconf 77' lang='lat' dir='ltr'><strong>ex</strong></span> <span class='ocrx_word' id='word_1_503' title='bbox 1049 4394 1113 4432; x_wconf 89' lang='lat' dir='ltr'><strong>eo</strong></span> <span class='ocrx_word' id='word_1_504' title='bbox 1141 4379 1397 4434; x_wconf 82' lang='lat' dir='ltr'><strong>Anxentii</strong></span> <span class='ocrx_word' id='word_1_505' title='bbox 1428 4381 1891 4444; x_wconf 71' lang='lat' dir='ltr'><strong>collisdizrtariis.</strong></span> <span class='ocrx_word' id='word_1_506' title='bbox 1917 4384 2008 4452; x_wconf 90' lang='lat' dir='ltr'><strong>qui</strong></span> <span class='ocrx_word' id='word_1_507' title='bbox 2041 4384 2093 4436; x_wconf 94' lang='lat' dir='ltr'><strong>in</strong></span> <span class='ocrx_word' id='word_1_508' title='bbox 2126 4398 2325 4453; x_wconf 87' lang='lat' dir='ltr'><strong>magno</strong></span> 
     </span>
    </p>
   </div>
   <div class='ocr_carea' id='block_1_75' title="bbox 732 4473 2323 4549">
    <p class='ocr_par' dir='ltr' id='par_1_75' title="bbox 749 4473 2323 4536">
     <span class='ocr_line' id='line_1_75' title="bbox 749 4473 2323 4536; baseline 0 -10"><span class='ocrx_word' id='word_1_509' title='bbox 749 4475 960 4527; x_wconf 69' lang='lat' dir='ltr'><strong>l’afa&#39;io</strong></span> <span class='ocrx_word' id='word_1_510' title='bbox 984 4474 1049 4526; x_wconf 89' lang='lat' dir='ltr'><strong>ad</strong></span> <span class='ocrx_word' id='word_1_511' title='bbox 1087 4474 1248 4527; x_wconf 78' lang='lat' dir='ltr'><strong>l’hari</strong></span> <span class='ocrx_word' id='word_1_512' title='bbox 1274 4473 1453 4527; x_wconf 86' lang='lat' dir='ltr'><strong>solare</strong></span> <span class='ocrx_word' id='word_1_513' title='bbox 1480 4475 1762 4528; x_wconf 89' lang='lat' dir='ltr'><strong>constituti</strong></span> <span class='ocrx_word' id='word_1_514' title='bbox 1792 4485 1967 4536; x_wconf 87' lang='lat' dir='ltr'><strong>erant.</strong></span> <span class='ocrx_word' id='word_1_515' title='bbox 1994 4476 2142 4530; x_wconf 89' lang='lat' dir='ltr'><strong>nulla</strong></span> <span class='ocrx_word' id='word_1_516' title='bbox 2171 4490 2323 4528; x_wconf 89' lang='lat' dir='ltr'><strong>mora</strong></span> 
     </span>
    </p>
   </div>
   <div class='ocr_carea' id='block_1_76' title="bbox 2425 3375 4010 3448">
    <p class='ocr_par' dir='ltr' id='par_1_76' title="bbox 2425 3375 4010 3448">
     <span class='ocr_line' id='line_1_76' title="bbox 2425 3375 4010 3448; baseline -0.001 -20"><span class='ocrx_word' id='word_1_517' title='bbox 2425 3376 2532 3428; x_wconf 85' lang='grc' dir='ltr'><strong>Καί</strong></span> <span class='ocrx_word' id='word_1_518' title='bbox 2554 3393 2683 3429; x_wconf 87' lang='grc' dir='ltr'>ποτε</span> <span class='ocrx_word' id='word_1_519' title='bbox 2708 3376 2762 3429; x_wconf 82' lang='grc' dir='ltr'><strong>δὲ</strong></span> <span class='ocrx_word' id='word_1_520' title='bbox 2802 3409 2867 3419; x_wconf 93' lang='grc'><strong>-</strong></span> <span class='ocrx_word' id='word_1_521' title='bbox 2888 3377 3024 3429; x_wconf 78' lang='grc' dir='ltr'>ἀλλὰ</span> <span class='ocrx_word' id='word_1_522' title='bbox 3051 3377 3341 3448; x_wconf 84' lang='grc' dir='ltr'>συνήθειάν</span> <span class='ocrx_word' id='word_1_523' title='bbox 3371 3395 3493 3430; x_wconf 89' lang='grc' dir='ltr'>τινα</span> <span class='ocrx_word' id='word_1_524' title='bbox 3524 3375 4010 3447; x_wconf 77' lang='grc' dir='ltr'>διηγήσομαιπρόο</span> 
     </span>
    </p>
   </div>
   <div class='ocr_carea' id='block_1_77' title="bbox 2424 3466 4008 3539">
    <p class='ocr_par' dir='ltr' id='par_1_77' title="bbox 2424 3466 4008 3539">
     <span class='ocr_line' id='line_1_77' title="bbox 2424 3466 4008 3539; baseline -0.001 -21"><span class='ocrx_word' id='word_1_525' title='bbox 2424 3484 2605 3537; x_wconf 80' lang='grc' dir='ltr'>τερον,</span> <span class='ocrx_word' id='word_1_526' title='bbox 2637 3468 2670 3537; x_wconf 79' lang='grc' dir='ltr'>ἢ</span> <span class='ocrx_word' id='word_1_527' title='bbox 2700 3468 2797 3538; x_wconf 78' lang='grc' dir='ltr'><strong>τὴν</strong></span> <span class='ocrx_word' id='word_1_528' title='bbox 2830 3468 2939 3521; x_wconf 85' lang='grc' dir='ltr'><strong>τῶν</strong></span> <span class='ocrx_word' id='word_1_529' title='bbox 2963 3468 3295 3539; x_wconf 84' lang='grc' dir='ltr'>Σαρακηνῶν</span> <span class='ocrx_word' id='word_1_530' title='bbox 3318 3468 3439 3521; x_wconf 81' lang='grc' dir='ltr'>καθ’</span> <span class='ocrx_word' id='word_1_531' title='bbox 3462 3468 3619 3538; x_wconf 74' lang='grc' dir='ltr'>ἡμῶν</span> <span class='ocrx_word' id='word_1_532' title='bbox 3642 3466 4008 3536; x_wconf 77' lang='grc' dir='ltr'>ἐκστρατείαν</span> 
     </span>
    </p>
   </div>
   <div class='ocr_carea' id='block_1_78' title="bbox 2424 3557 4010 3629">
    <p class='ocr_par' dir='ltr' id='par_1_78' title="bbox 2424 3557 4010 3629">
     <span class='ocr_line' id='line_1_78' title="bbox 2424 3557 4010 3629; baseline -0.001 -19"><span class='ocrx_word' id='word_1_533' title='bbox 2424 3558 2511 3610; x_wconf 81' lang='grc' dir='ltr'><strong>διά</strong></span> <span class='ocrx_word' id='word_1_534' title='bbox 2544 3559 2752 3627; x_wconf 85' lang='grc' dir='ltr'>πυρσοῦ</span> <span class='ocrx_word' id='word_1_535' title='bbox 2808 3560 2867 3611; x_wconf 83' lang='grc' dir='ltr'>ἐν</span> <span class='ocrx_word' id='word_1_536' title='bbox 2903 3560 3103 3629; x_wconf 82' lang='grc' dir='ltr'>ἀκαρεί</span> <span class='ocrx_word' id='word_1_537' title='bbox 3157 3560 3346 3629; x_wconf 79' lang='grc' dir='ltr'>ἐδήλου</span> <span class='ocrx_word' id='word_1_538' title='bbox 3387 3562 3479 3612; x_wconf 74' lang='grc' dir='ltr'><strong>καὶ</strong></span> <span class='ocrx_word' id='word_1_539' title='bbox 3514 3558 3875 3629; x_wconf 76' lang='grc' dir='ltr'>παρεγύμνου</span> <span class='ocrx_word' id='word_1_540' title='bbox 3926 3557 4010 3627; x_wconf 83' lang='grc' dir='ltr'>τῷ</span> 
     </span>
    </p>
   </div>
   <div class='ocr_carea' id='block_1_79' title="bbox 2428 3648 4011 3723">
    <p class='ocr_par' dir='ltr' id='par_1_79' title="bbox 2428 3648 4011 3723">
     <span class='ocr_line' id='line_1_79' title="bbox 2428 3648 4011 3723; baseline -0.001 -20"><span class='ocrx_word' id='word_1_541' title='bbox 2428 3648 2659 3719; x_wconf 84' lang='grc' dir='ltr'>βασιλεῖ.</span> <span class='ocrx_word' id='word_1_542' title='bbox 2693 3652 2916 3720; x_wconf 75' lang='grc' dir='ltr'>Ἔρυμα</span> <span class='ocrx_word' id='word_1_543' title='bbox 2945 3669 2997 3704; x_wconf 91' lang='grc' dir='ltr'><strong>τι</strong></span> <span class='ocrx_word' id='word_1_544' title='bbox 3045 3654 3140 3703; x_wconf 73' lang='grc' dir='ltr'>καὶ</span> <span class='ocrx_word' id='word_1_545' title='bbox 3195 3651 3455 3723; x_wconf 82' lang='grc' dir='ltr'>φρούριον</span> <span class='ocrx_word' id='word_1_546' title='bbox 3484 3655 3551 3723; x_wconf 76' lang='grc' dir='ltr'>τῇ</span> <span class='ocrx_word' id='word_1_547' title='bbox 3581 3653 3721 3704; x_wconf 77' lang='grc' dir='ltr'>κατὰ</span> <span class='ocrx_word' id='word_1_548' title='bbox 3746 3651 4011 3704; x_wconf 78' lang='grc' dir='ltr'>Κιλικίαν</span> 
     </span>
    </p>
   </div>
   <div class='ocr_carea' id='block_1_80' title="bbox 2426 3743 4013 3815">
    <p class='ocr_par' dir='ltr' id='par_1_80' title="bbox 2426 3743 4013 3815">
     <span class='ocr_line' id='line_1_80' title="bbox 2426 3743 4013 3815; baseline -0.002 -18"><span class='ocrx_word' id='word_1_549' title='bbox 2426 3744 2624 3813; x_wconf 82' lang='grc' dir='ltr'>Ταρσῴ</span> <span class='ocrx_word' id='word_1_550' title='bbox 2670 3743 2973 3814; x_wconf 74' lang='grc' dir='ltr'>πλησιάζον</span> <span class='ocrx_word' id='word_1_551' title='bbox 3026 3747 3120 3797; x_wconf 74' lang='grc' dir='ltr'><strong>καὶ</strong></span> <span class='ocrx_word' id='word_1_552' title='bbox 3151 3746 3429 3813; x_wconf 82' lang='grc' dir='ltr'>γειτονοῦν</span> <span class='ocrx_word' id='word_1_553' title='bbox 3460 3745 3605 3797; x_wconf 79' lang='grc' dir='ltr'>οὓτω</span> <span class='ocrx_word' id='word_1_554' title='bbox 3665 3746 4013 3815; x_wconf 73' lang='grc' dir='ltr'>καλούμενον</span> 
     </span>
    </p>
   </div>
   <div class='ocr_carea' id='block_1_81' title="bbox 2427 3836 4013 3905">
    <p class='ocr_par' dir='ltr' id='par_1_81' title="bbox 2427 3836 4013 3905">
     <span class='ocr_line' id='line_1_81' title="bbox 2427 3836 4013 3905; baseline -0.001 -16"><span class='ocrx_word' id='word_1_555' title='bbox 2427 3836 2816 3889; x_wconf 71' lang='grc' dir='ltr'>Δοῦλονέστιν.</span> <span class='ocrx_word' id='word_1_556' title='bbox 2859 3838 2920 3889; x_wconf 91' lang='grc' dir='ltr'>Οἱ</span> <span class='ocrx_word' id='word_1_557' title='bbox 2971 3837 3303 3904; x_wconf 84' lang='grc' dir='ltr'>τεταγμένοι</span> <span class='ocrx_word' id='word_1_558' title='bbox 3360 3836 3452 3889; x_wconf 73' lang='grc' dir='ltr'><strong>οὖν</strong></span> <span class='ocrx_word' id='word_1_559' title='bbox 3512 3837 3675 3888; x_wconf 74' lang='grc' dir='ltr'>τοῦτο</span> <span class='ocrx_word' id='word_1_560' title='bbox 3717 3840 4013 3905; x_wconf 77' lang='grc' dir='ltr'>φρουρεῖν,</span> 
     </span>
    </p>
   </div>
   <div class='ocr_carea' id='block_1_82' title="bbox 2427 3921 4019 3993">
    <p class='ocr_par' dir='ltr' id='par_1_82' title="bbox 2427 3921 4019 3993">
     <span class='ocr_line' id='line_1_82' title="bbox 2427 3921 4019 3993; baseline -0.004 -14"><span class='ocrx_word' id='word_1_561' title='bbox 2427 3924 2544 3992; x_wconf 70' lang='grc' dir='ltr'><strong>ἅμα</strong></span> <span class='ocrx_word' id='word_1_562' title='bbox 2573 3925 2652 3992; x_wconf 87' lang='grc' dir='ltr'>τῷ</span> <span class='ocrx_word' id='word_1_563' title='bbox 2678 3925 2776 3993; x_wconf 83' lang='grc' dir='ltr'><strong>τὴν</strong></span> <span class='ocrx_word' id='word_1_564' title='bbox 2829 3923 3053 3977; x_wconf 77' lang='grc' dir='ltr'>ἐκείνων</span> <span class='ocrx_word' id='word_1_565' title='bbox 3084 3925 3212 3976; x_wconf 80' lang='grc' dir='ltr'>ἰδεῖν</span> <span class='ocrx_word' id='word_1_566' title='bbox 3248 3923 3521 3993; x_wconf 74' lang='grc' dir='ltr'>ἐκδρομὴν</span> <span class='ocrx_word' id='word_1_567' title='bbox 3542 3964 3554 3985; x_wconf 91' lang='grc'><strong>,</strong></span> <span class='ocrx_word' id='word_1_568' title='bbox 3608 3922 3695 3974; x_wconf 87' lang='grc' dir='ltr'>διὰ</span> <span class='ocrx_word' id='word_1_569' title='bbox 3724 3921 3900 3990; x_wconf 78' lang='grc' dir='ltr'><strong>φανοῦ</strong></span> <span class='ocrx_word' id='word_1_570' title='bbox 3920 3921 4019 3988; x_wconf 75' lang='grc' dir='ltr'>δη·</span> 
     </span>
    </p>
   </div>
   <div class='ocr_carea' id='block_1_83' title="bbox 2427 4012 4020 4086">
    <p class='ocr_par' dir='ltr' id='par_1_83' title="bbox 2427 4012 4020 4086">
     <span class='ocr_line' id='line_1_83' title="bbox 2427 4012 4020 4086; baseline -0.004 -17"><span class='ocrx_word' id='word_1_571' title='bbox 2427 4017 2610 4070; x_wconf 81' lang='grc' dir='ltr'>λοῦσιν</span> <span class='ocrx_word' id='word_1_572' title='bbox 2640 4020 2750 4079; x_wconf 78' lang='grc' dir='ltr'>τοῖς</span> <span class='ocrx_word' id='word_1_573' title='bbox 2779 4018 2918 4069; x_wconf 74' lang='grc' dir='ltr'>κατὰ</span> <span class='ocrx_word' id='word_1_574' title='bbox 2943 4017 3033 4068; x_wconf 87' lang='grc' dir='ltr'><strong>τὸν</strong></span> <span class='ocrx_word' id='word_1_575' title='bbox 3063 4017 3319 4086; x_wconf 75' lang='grc' dir='ltr'>Ἀργαῖον</span> <span class='ocrx_word' id='word_1_576' title='bbox 3342 4017 3388 4048; x_wconf 78' lang='grc'><strong>’⁸</strong></span> <span class='ocrx_word' id='word_1_577' title='bbox 3418 4015 3628 4085; x_wconf 72' lang='grc' dir='ltr'>βουνὸν,</span> <span class='ocrx_word' id='word_1_578' title='bbox 3656 4013 3750 4067; x_wconf 76' lang='grc' dir='ltr'>καὶ</span> <span class='ocrx_word' id='word_1_579' title='bbox 3774 4014 3826 4065; x_wconf 77' lang='grc' dir='ltr'>οἱ</span> <span class='ocrx_word' id='word_1_580' title='bbox 3850 4012 4020 4074; x_wconf 78' lang='grc' dir='ltr'>αὖθις</span> 
     </span>
    </p>
   </div>
   <div class='ocr_carea' id='block_1_84' title="bbox 2425 4103 4019 4175">
    <p class='ocr_par' dir='ltr' id='par_1_84' title="bbox 2425 4103 4019 4175">
     <span class='ocr_line' id='line_1_84' title="bbox 2425 4103 4019 4175; baseline -0.005 -14"><span class='ocrx_word' id='word_1_581' title='bbox 2425 4111 2540 4170; x_wconf 78' lang='grc' dir='ltr'>τοῖς</span> <span class='ocrx_word' id='word_1_582' title='bbox 2570 4109 2711 4160; x_wconf 72' lang='grc' dir='ltr'>κατὰ</span> <span class='ocrx_word' id='word_1_583' title='bbox 2742 4108 2841 4175; x_wconf 81' lang='grc' dir='ltr'><strong>τὴν</strong></span> <span class='ocrx_word' id='word_1_584' title='bbox 2868 4107 3108 4175; x_wconf 84' lang='grc' dir='ltr'>Ἰσάμον,</span> <span class='ocrx_word' id='word_1_585' title='bbox 3152 4108 3244 4158; x_wconf 75' lang='grc' dir='ltr'>καὶ</span> <span class='ocrx_word' id='word_1_586' title='bbox 3282 4106 3331 4157; x_wconf 87' lang='grc' dir='ltr'><strong>οί</strong></span> <span class='ocrx_word' id='word_1_587' title='bbox 3359 4108 3470 4169; x_wconf 87' lang='grc' dir='ltr'>τοῖς</span> <span class='ocrx_word' id='word_1_588' title='bbox 3500 4104 3643 4159; x_wconf 77' lang='grc' dir='ltr'>κατὰ</span> <span class='ocrx_word' id='word_1_589' title='bbox 3676 4105 3733 4157; x_wconf 86' lang='grc' dir='ltr'><strong>τὸ</strong></span> <span class='ocrx_word' id='word_1_590' title='bbox 3760 4103 4019 4170; x_wconf 81' lang='grc' dir='ltr'>Δῖγιλον,</span> 
     </span>
    </p>
   </div>
   <div class='ocr_carea' id='block_1_85' title="bbox 2428 4195 4019 4267">
    <p class='ocr_par' dir='ltr' id='par_1_85' title="bbox 2428 4195 4019 4267">
     <span class='ocr_line' id='line_1_85' title="bbox 2428 4195 4019 4267; baseline -0.004 -15"><span class='ocrx_word' id='word_1_591' title='bbox 2428 4200 2523 4253; x_wconf 78' lang='grc' dir='ltr'>καὶ</span> <span class='ocrx_word' id='word_1_592' title='bbox 2578 4199 2738 4251; x_wconf 80' lang='grc' dir='ltr'>τοῦτο</span> <span class='ocrx_word' id='word_1_593' title='bbox 2771 4202 2886 4260; x_wconf 85' lang='grc' dir='ltr'>τοῖς</span> <span class='ocrx_word' id='word_1_594' title='bbox 2939 4197 3079 4251; x_wconf 78' lang='grc' dir='ltr'>κατὰ</span> <span class='ocrx_word' id='word_1_595' title='bbox 3110 4198 3203 4251; x_wconf 79' lang='grc' dir='ltr'>τὸν</span> <span class='ocrx_word' id='word_1_596' title='bbox 3236 4199 3516 4267; x_wconf 81' lang='grc' dir='ltr'>Μάμαντα</span> <span class='ocrx_word' id='word_1_597' title='bbox 3568 4196 3732 4249; x_wconf 86' lang='grc' dir='ltr'>πάλιν</span> <span class='ocrx_word' id='word_1_598' title='bbox 3774 4195 3980 4264; x_wconf 80' lang='grc' dir='ltr'>βουνόν</span> <span class='ocrx_word' id='word_1_599' title='bbox 4005 4208 4019 4223; x_wconf 76' lang='grc'><strong><em>⁸</em></strong></span> 
     </span>
    </p>
   </div>
   <div class='ocr_carea' id='block_1_86' title="bbox 2428 4280 4019 4358">
    <p class='ocr_par' dir='ltr' id='par_1_86' title="bbox 2428 4280 4019 4358">
     <span class='ocr_line' id='line_1_86' title="bbox 2428 4280 4019 4358; baseline -0.005 -16"><span class='ocrx_word' id='word_1_600' title='bbox 2428 4286 2550 4343; x_wconf 77' lang='grc' dir='ltr'>εἶτα</span> <span class='ocrx_word' id='word_1_601' title='bbox 2574 4288 2761 4340; x_wconf 80' lang='grc' dir='ltr'>τοῦτον</span> <span class='ocrx_word' id='word_1_602' title='bbox 2794 4291 2821 4341; x_wconf 90' lang='grc' dir='ltr'>ὁ</span> <span class='ocrx_word' id='word_1_603' title='bbox 2850 4286 3088 4358; x_wconf 73' lang='grc' dir='ltr'>Κύριζος</span> <span class='ocrx_word' id='word_1_604' title='bbox 3127 4286 3534 4355; x_wconf 84' lang='grc' dir='ltr'>διαδεχόμενος,</span> <span class='ocrx_word' id='word_1_605' title='bbox 3570 4284 3659 4337; x_wconf 69' lang='grc' dir='ltr'>καὶ</span> <span class='ocrx_word' id='word_1_606' title='bbox 3692 4280 3851 4345; x_wconf 82' lang='grc' dir='ltr'>αὖθις</span> <span class='ocrx_word' id='word_1_607' title='bbox 3894 4281 4019 4335; x_wconf 81' lang='grc' dir='ltr'><strong>τοῦ-</strong></span> 
     </span>
    </p>
   </div>
   <div class='ocr_carea' id='block_1_87' title="bbox 2426 4376 4005 4450">
    <p class='ocr_par' dir='ltr' id='par_1_87' title="bbox 2426 4376 4005 4450">
     <span class='ocr_line' id='line_1_87' title="bbox 2426 4376 4005 4450; baseline -0.005 -16"><span class='ocrx_word' id='word_1_608' title='bbox 2426 4400 2519 4435; x_wconf 92' lang='grc' dir='ltr'><strong>τον</strong></span> <span class='ocrx_word' id='word_1_609' title='bbox 2550 4386 2577 4434; x_wconf 91' lang='lat'><strong>6</strong></span> <span class='ocrx_word' id='word_1_610' title='bbox 2628 4381 2900 4443; x_wconf 84' lang='grc' dir='ltr'>Μώκιλος,</span> <span class='ocrx_word' id='word_1_611' title='bbox 2931 4382 2993 4433; x_wconf 69' lang='grc' dir='ltr'>ἐκ</span> <span class='ocrx_word' id='word_1_612' title='bbox 3048 4380 3239 4432; x_wconf 89' lang='grc' dir='ltr'>τούτου</span> <span class='ocrx_word' id='word_1_613' title='bbox 3274 4377 3358 4450; x_wconf 81' lang='grc' dir='ltr'><strong>[Ρ.</strong></span> <span class='ocrx_word' id='word_1_614' title='bbox 3402 4377 3526 4449; x_wconf 70' lang='grc'><strong>125]</strong></span> <span class='ocrx_word' id='word_1_615' title='bbox 3557 4378 3613 4430; x_wconf 82' lang='grc' dir='ltr'>δὲ</span> <span class='ocrx_word' id='word_1_616' title='bbox 3642 4380 3670 4429; x_wconf 94' lang='lat'><strong>6</strong></span> <span class='ocrx_word' id='word_1_617' title='bbox 3690 4376 3782 4427; x_wconf 77' lang='grc' dir='ltr'>τοῦ</span> <span class='ocrx_word' id='word_1_618' title='bbox 3822 4376 4005 4442; x_wconf 81' lang='grc' dir='ltr'>Ἀγίο·</span> 
     </span>
    </p>
   </div>
   <div class='ocr_carea' id='block_1_88' title="bbox 2427 4468 4032 4541">
    <p class='ocr_par' dir='ltr' id='par_1_88' title="bbox 2427 4468 4032 4541">
     <span class='ocr_line' id='line_1_88' title="bbox 2427 4468 4032 4541; baseline -0.004 -15"><span class='ocrx_word' id='word_1_619' title='bbox 2427 4473 2715 4538; x_wconf 70' lang='grc' dir='ltr'>Αύξεντίου</span> <span class='ocrx_word' id='word_1_620' title='bbox 2745 4473 2931 4541; x_wconf 77' lang='grc' dir='ltr'>βουνὸς</span> <span class='ocrx_word' id='word_1_621' title='bbox 2980 4475 3089 4533; x_wconf 86' lang='grc' dir='ltr'>τοῖς</span> <span class='ocrx_word' id='word_1_622' title='bbox 3128 4474 3185 4523; x_wconf 86' lang='lat' dir='ltr'><strong>tv</strong></span> <span class='ocrx_word' id='word_1_623' title='bbox 3207 4470 3283 4539; x_wconf 81' lang='grc' dir='ltr'>τῷ</span> <span class='ocrx_word' id='word_1_624' title='bbox 3308 4470 3531 4539; x_wconf 82' lang='grc' dir='ltr'>μεγάλῳ</span> <span class='ocrx_word' id='word_1_625' title='bbox 3574 4468 3823 4537; x_wconf 76' lang='grc' dir='ltr'>παλατίῳ</span> <span class='ocrx_word' id='word_1_626' title='bbox 3877 4471 4032 4520; x_wconf 69' lang='grc' dir='ltr'>κατὰ</span> 
     </span>
    </p>
   </div>
   <div class='ocr_carea' id='block_1_89' title="bbox 751 4562 2323 4654">
    <p class='ocr_par' dir='ltr' id='par_1_89' title="bbox 751 4566 2322 4636">
     <span class='ocr_line' id='line_1_89' title="bbox 751 4566 2322 4636; baseline 0.003 -19"><span class='ocrx_word' id='word_1_627' title='bbox 751 4567 977 4635; x_wconf 68' lang='grc' dir='ltr'>νειὶριιιί</span> <span class='ocrx_word' id='word_1_628' title='bbox 1043 4566 1205 4620; x_wconf 81' lang='lat' dir='ltr'><strong>index</strong></span> <span class='ocrx_word' id='word_1_629' title='bbox 1272 4576 1410 4620; x_wconf 91' lang='lat' dir='ltr'><strong>erat.</strong></span> <span class='ocrx_word' id='word_1_630' title='bbox 1447 4566 1791 4636; x_wconf 82' lang='lat' dir='ltr'><strong>Quandoque</strong></span> <span class='ocrx_word' id='word_1_631' title='bbox 1830 4567 2017 4636; x_wconf 87' lang='lat' dir='ltr'><strong>igitur.</strong></span> <span class='ocrx_word' id='word_1_632' title='bbox 2076 4583 2199 4622; x_wconf 90' lang='lat' dir='ltr'><strong>cum</strong></span> <span class='ocrx_word' id='word_1_633' title='bbox 2256 4567 2322 4621; x_wconf 80' lang='lat' dir='ltr'><strong>ad</strong></span> 
     </span>
    </p>
   </div>
   <div class='ocr_carea' id='block_1_90' title="bbox 2428 4562 4022 4654">
    <p class='ocr_par' dir='ltr' id='par_1_90' title="bbox 2433 4562 4022 4637">
     <span class='ocr_line' id='line_1_90' title="bbox 2433 4562 4022 4637; baseline -0.006 -16"><span class='ocrx_word' id='word_1_634' title='bbox 2433 4569 2492 4621; x_wconf 84' lang='grc' dir='ltr'><strong>τὸ</strong></span> <span class='ocrx_word' id='word_1_635' title='bbox 2549 4568 2774 4637; x_wconf 72' lang='grc' dir='ltr'>ἡλιακὸν</span> <span class='ocrx_word' id='word_1_636' title='bbox 2812 4565 2906 4618; x_wconf 80' lang='grc' dir='ltr'>τοῦ</span> <span class='ocrx_word' id='word_1_637' title='bbox 2962 4567 3143 4635; x_wconf 77' lang='grc' dir='ltr'>Φάρου</span> <span class='ocrx_word' id='word_1_638' title='bbox 3198 4567 3294 4617; x_wconf 73' lang='grc' dir='ltr'>ἐπὶ</span> <span class='ocrx_word' id='word_1_639' title='bbox 3356 4563 3548 4616; x_wconf 86' lang='grc' dir='ltr'>τούτου</span> <span class='ocrx_word' id='word_1_640' title='bbox 3576 4564 3623 4595; x_wconf 77' lang='grc'><strong>’⁸</strong></span> <span class='ocrx_word' id='word_1_641' title='bbox 3683 4562 4022 4633; x_wconf 71' lang='grc' dir='ltr'>διαιταρίοι,</span> 
     </span>
    </p>
   </div>
   <div class='ocr_carea' id='block_1_91' title="bbox 752 4658 2319 4730">
    <p class='ocr_par' dir='ltr' id='par_1_91' title="bbox 752 4658 2319 4730">
     <span class='ocr_line' id='line_1_91' title="bbox 752 4658 2319 4730; baseline 0.002 -20"><span class='ocrx_word' id='word_1_642' title='bbox 752 4661 903 4719; x_wconf 75' lang='grc' dir='ltr'>ιἸιιεΙ,</span> <span class='ocrx_word' id='word_1_643' title='bbox 939 4661 1084 4728; x_wconf 86' lang='lat' dir='ltr'><strong>quod</strong></span> <span class='ocrx_word' id='word_1_644' title='bbox 1121 4659 1380 4723; x_wconf 62' lang='lat' dir='ltr'><strong>diximus,</strong></span> <span class='ocrx_word' id='word_1_645' title='bbox 1417 4658 1709 4713; x_wconf 79' lang='lat' dir='ltr'><strong>Mamantis</strong></span> <span class='ocrx_word' id='word_1_646' title='bbox 1741 4660 1999 4730; x_wconf 84' lang='lat' dir='ltr'><strong>martyris</strong></span> <span class='ocrx_word' id='word_1_647' title='bbox 2031 4660 2319 4729; x_wconf 86' lang='lat' dir='ltr'><strong>templum,</strong></span> 
     </span>
    </p>
   </div>
   <div class='ocr_carea' id='block_1_92' title="bbox 751 4751 2326 4823">
    <p class='ocr_par' dir='ltr' id='par_1_92' title="bbox 751 4751 2326 4823">
     <span class='ocr_line' id='line_1_92' title="bbox 751 4751 2326 4823; baseline 0.003 -20"><span class='ocrx_word' id='word_1_648' title='bbox 751 4753 981 4805; x_wconf 69' lang='lat' dir='ltr'><strong>Mtchavl</strong></span> <span class='ocrx_word' id='word_1_649' title='bbox 1012 4753 1240 4821; x_wconf 82' lang='lat' dir='ltr'><strong>agendis</strong></span> <span class='ocrx_word' id='word_1_650' title='bbox 1263 4752 1417 4820; x_wconf 87' lang='lat' dir='ltr'><strong>equis</strong></span> <span class='ocrx_word' id='word_1_651' title='bbox 1444 4768 1502 4807; x_wconf 87' lang='lat' dir='ltr'><strong>se</strong></span> <span class='ocrx_word' id='word_1_652' title='bbox 1541 4751 1705 4822; x_wconf 75' lang='lat'><strong>198</strong></span> <span class='ocrx_word' id='word_1_653' title='bbox 1739 4755 2071 4823; x_wconf 75' lang='lat' dir='ltr'><strong>accingeret,</strong></span> <span class='ocrx_word' id='word_1_654' title='bbox 2102 4753 2326 4822; x_wconf 76' lang='lat' dir='ltr'><strong>jamque</strong></span> 
     </span>
    </p>
   </div>
   <div class='ocr_carea' id='block_1_93' title="bbox 749 4844 2324 4913">
    <p class='ocr_par' dir='ltr' id='par_1_93' title="bbox 749 4844 2324 4913">
     <span class='ocr_line' id='line_1_93' title="bbox 749 4844 2324 4913; baseline 0.001 -16"><span class='ocrx_word' id='word_1_655' title='bbox 749 4845 1020 4913; x_wconf 77' lang='lat' dir='ltr'><strong>equestris</strong></span> <span class='ocrx_word' id='word_1_656' title='bbox 1046 4844 1362 4898; x_wconf 88' lang='lat' dir='ltr'><strong>certaminis</strong></span> <span class='ocrx_word' id='word_1_657' title='bbox 1393 4844 1611 4913; x_wconf 82' lang='lat' dir='ltr'><strong>signum</strong></span> <span class='ocrx_word' id='word_1_658' title='bbox 1646 4846 1836 4899; x_wconf 89' lang='lat' dir='ltr'><strong>datum</strong></span> <span class='ocrx_word' id='word_1_659' title='bbox 1863 4854 2032 4903; x_wconf 84' lang='lat' dir='ltr'><strong>esset.</strong></span> <span class='ocrx_word' id='word_1_660' title='bbox 2068 4847 2324 4913; x_wconf 84' lang='lat' dir='ltr'><strong>quoniam</strong></span> 
     </span>
    </p>
   </div>
   <div class='ocr_carea' id='block_1_94' title="bbox 751 4934 2327 5006">
    <p class='ocr_par' dir='ltr' id='par_1_94' title="bbox 751 4934 2327 5006">
     <span class='ocr_line' id='line_1_94' title="bbox 751 4934 2327 5006; baseline 0.001 -17"><span class='ocrx_word' id='word_1_661' title='bbox 751 4937 815 4995; x_wconf 80' lang='lat' dir='ltr'><strong>ad</strong></span> <span class='ocrx_word' id='word_1_662' title='bbox 853 4951 1137 5005; x_wconf 79' lang='lat' dir='ltr'><strong>vesperam</strong></span> <span class='ocrx_word' id='word_1_663' title='bbox 1166 4934 1330 4989; x_wconf 83' lang='lat' dir='ltr'><strong>Phari</strong></span> <span class='ocrx_word' id='word_1_664' title='bbox 1361 4936 1592 5000; x_wconf 86' lang='lat' dir='ltr'><strong>laterna,</strong></span> <span class='ocrx_word' id='word_1_665' title='bbox 1622 4937 1788 5006; x_wconf 88' lang='lat' dir='ltr'><strong>Papia</strong></span> <span class='ocrx_word' id='word_1_666' title='bbox 1831 4938 2190 5001; x_wconf 78' lang='lat' dir='ltr'><strong>accendente,</strong></span> <span class='ocrx_word' id='word_1_667' title='bbox 2229 4940 2327 4990; x_wconf 81' lang='lat' dir='ltr'><strong>lm-</strong></span> 
     </span>
    </p>
   </div>
   <div class='ocr_carea' id='block_1_95' title="bbox 750 5028 2321 5099">
    <p class='ocr_par' dir='ltr' id='par_1_95' title="bbox 750 5028 2321 5099">
     <span class='ocr_line' id='line_1_95' title="bbox 750 5028 2321 5099; baseline 0 -18"><span class='ocrx_word' id='word_1_668' title='bbox 750 5040 861 5082; x_wconf 53' lang='grc' dir='ltr'>ειυς</span> <span class='ocrx_word' id='word_1_669' title='bbox 901 5031 1159 5098; x_wconf 78' lang='lat' dir='ltr'><strong>ingruere</strong></span> <span class='ocrx_word' id='word_1_670' title='bbox 1192 5029 1546 5093; x_wconf 54' lang='lat' dir='ltr'><strong>indicaverat,</strong></span> <span class='ocrx_word' id='word_1_671' title='bbox 1593 5030 1645 5082; x_wconf 90' lang='lat' dir='ltr'><strong>in</strong></span> <span class='ocrx_word' id='word_1_672' title='bbox 1678 5038 1858 5085; x_wconf 82' lang='lat' dir='ltr'><strong>tantas</strong></span> <span class='ocrx_word' id='word_1_673' title='bbox 1904 5028 2185 5099; x_wconf 74' lang='lat' dir='ltr'><strong>angustias</strong></span> <span class='ocrx_word' id='word_1_674' title='bbox 2213 5046 2321 5082; x_wconf 83' lang='lat' dir='ltr'><strong>me-</strong></span> 
     </span>
    </p>
   </div>
   <div class='ocr_carea' id='block_1_96' title="bbox 750 5122 2323 5192">
    <p class='ocr_par' dir='ltr' id='par_1_96' title="bbox 750 5122 2323 5192">
     <span class='ocr_line' id='line_1_96' title="bbox 750 5122 2323 5192; baseline 0.003 -20"><span class='ocrx_word' id='word_1_675' title='bbox 750 5134 977 5188; x_wconf 83' lang='lat' dir='ltr'><strong>tumque</strong></span> <span class='ocrx_word' id='word_1_676' title='bbox 1033 5123 1294 5191; x_wconf 73' lang='lat' dir='ltr'><strong>abreptus</strong></span> <span class='ocrx_word' id='word_1_677' title='bbox 1352 5132 1435 5178; x_wconf 85' lang='lat' dir='ltr'><strong>est</strong></span> <span class='ocrx_word' id='word_1_678' title='bbox 1466 5124 1684 5192; x_wconf 76' lang='lat' dir='ltr'><strong>(nempe</strong></span> <span class='ocrx_word' id='word_1_679' title='bbox 1716 5123 1921 5178; x_wconf 86' lang='lat' dir='ltr'><strong>veritus</strong></span> <span class='ocrx_word' id='word_1_680' title='bbox 1956 5138 2023 5176; x_wconf 82' lang='lat' dir='ltr'><strong>ne</strong></span> <span class='ocrx_word' id='word_1_681' title='bbox 2077 5139 2175 5177; x_wconf 81' lang='lat' dir='ltr'><strong>sua</strong></span> <span class='ocrx_word' id='word_1_682' title='bbox 2233 5122 2323 5176; x_wconf 90' lang='lat' dir='ltr'><strong>illa</strong></span> 
     </span>
    </p>
   </div>
   <div class='ocr_carea' id='block_1_97' title="bbox 752 5216 2323 5285">
    <p class='ocr_par' dir='ltr' id='par_1_97' title="bbox 752 5216 2323 5285">
     <span class='ocr_line' id='line_1_97' title="bbox 752 5216 2323 5285; baseline 0.002 -20"><span class='ocrx_word' id='word_1_683' title='bbox 752 5216 1021 5284; x_wconf 75' lang='lat' dir='ltr'><strong>aurigatio</strong></span> <span class='ocrx_word' id='word_1_684' title='bbox 1052 5216 1333 5269; x_wconf 90' lang='lat' dir='ltr'><strong>auditione</strong></span> <span class='ocrx_word' id='word_1_685' title='bbox 1380 5231 1461 5269; x_wconf 77' lang='lat' dir='ltr'><strong>ea-</strong></span> <span class='ocrx_word' id='word_1_686' title='bbox 1498 5216 1784 5285; x_wconf 88' lang='lat' dir='ltr'><strong>perculsos</strong></span> <span class='ocrx_word' id='word_1_687' title='bbox 1824 5226 2161 5283; x_wconf 83' lang='lat' dir='ltr'><strong>spectatores</strong></span> <span class='ocrx_word' id='word_1_688' title='bbox 2214 5232 2323 5269; x_wconf 91' lang='lat' dir='ltr'><strong>non</strong></span> 
     </span>
    </p>
   </div>
   <div class='ocr_carea' id='block_1_98' title="bbox 752 5308 2326 5379">
    <p class='ocr_par' dir='ltr' id='par_1_98' title="bbox 752 5308 2326 5379">
     <span class='ocr_line' id='line_1_98' title="bbox 752 5308 2326 5379; baseline 0.002 -20"><span class='ocrx_word' id='word_1_689' title='bbox 752 5309 887 5359; x_wconf 79' lang='lat' dir='ltr'><strong>satis</strong></span> <span class='ocrx_word' id='word_1_690' title='bbox 913 5317 1154 5361; x_wconf 73' lang='lat' dir='ltr'><strong>attentos</strong></span> <span class='ocrx_word' id='word_1_691' title='bbox 1188 5309 1433 5376; x_wconf 83' lang='lat' dir='ltr'><strong>haberet)</strong></span> <span class='ocrx_word' id='word_1_692' title='bbox 1464 5310 1516 5362; x_wconf 94' lang='lat' dir='ltr'><strong>in</strong></span> <span class='ocrx_word' id='word_1_693' title='bbox 1545 5318 1785 5379; x_wconf 88' lang='lat' dir='ltr'><strong>quantas</strong></span> <span class='ocrx_word' id='word_1_694' title='bbox 1821 5311 1905 5362; x_wconf 75' lang='lat' dir='ltr'><strong>vix</strong></span> <span class='ocrx_word' id='word_1_695' title='bbox 1938 5310 2080 5363; x_wconf 84' lang='lat' dir='ltr'><strong>alius</strong></span> <span class='ocrx_word' id='word_1_696' title='bbox 2116 5308 2168 5361; x_wconf 91' lang='lat' dir='ltr'><strong>in</strong></span> <span class='ocrx_word' id='word_1_697' title='bbox 2203 5310 2326 5362; x_wconf 67' lang='lat' dir='ltr'><strong>vita:</strong></span> 
     </span>
    </p>
   </div>
   <div class='ocr_carea' id='block_1_99' title="bbox 752 5399 2328 5472">
    <p class='ocr_par' dir='ltr' id='par_1_99' title="bbox 752 5399 2328 5472">
     <span class='ocr_line' id='line_1_99' title="bbox 752 5399 2328 5472; baseline 0.003 -23"><span class='ocrx_word' id='word_1_698' title='bbox 752 5399 868 5464; x_wconf 69' lang='lat' dir='ltr'><strong>ipso</strong></span> <span class='ocrx_word' id='word_1_699' title='bbox 897 5400 1138 5466; x_wconf 81' lang='lat' dir='ltr'><strong>periculo</strong></span> <span class='ocrx_word' id='word_1_700' title='bbox 1170 5401 1530 5463; x_wconf 72' lang='lat' dir='ltr'><strong>constitutus,</strong></span> <span class='ocrx_word' id='word_1_701' title='bbox 1556 5403 1762 5471; x_wconf 82' lang='lat' dir='ltr'><strong>quique</strong></span> <span class='ocrx_word' id='word_1_702' title='bbox 1798 5402 2110 5472; x_wconf 76' lang='lat' dir='ltr'><strong>diligentem</strong></span> <span class='ocrx_word' id='word_1_703' title='bbox 2143 5403 2328 5470; x_wconf 89' lang='lat' dir='ltr'><strong>potius</strong></span> 
     </span>
    </p>
   </div>
   <div class='ocr_carea' id='block_1_100' title="bbox 754 5492 2327 5564">
    <p class='ocr_par' dir='ltr' id='par_1_100' title="bbox 754 5492 2327 5564">
     <span class='ocr_line' id='line_1_100' title="bbox 754 5492 2327 5564; baseline 0 -19"><span class='ocrx_word' id='word_1_704' title='bbox 754 5507 974 5560; x_wconf 85' lang='lat' dir='ltr'><strong>operam</strong></span> <span class='ocrx_word' id='word_1_705' title='bbox 1004 5493 1197 5547; x_wconf 88' lang='lat' dir='ltr'><strong>iisdem</strong></span> <span class='ocrx_word' id='word_1_706' title='bbox 1230 5494 1477 5549; x_wconf 86' lang='lat' dir='ltr'><strong>hostibus</strong></span> <span class='ocrx_word' id='word_1_707' title='bbox 1504 5496 1887 5564; x_wconf 85' lang='lat' dir='ltr'><strong>propulsandis</strong></span> <span class='ocrx_word' id='word_1_708' title='bbox 1912 5493 2211 5548; x_wconf 83' lang='lat' dir='ltr'><strong>adhiberet.</strong></span> <span class='ocrx_word' id='word_1_709' title='bbox 2236 5492 2327 5546; x_wconf 83' lang='lat' dir='ltr'><strong>Sic</strong></span> 
     </span>
    </p>
   </div>
   <div class='ocr_carea' id='block_1_101' title="bbox 754 5586 2323 5658">
    <p class='ocr_par' dir='ltr' id='par_1_101' title="bbox 754 5586 2323 5658">
     <span class='ocr_line' id='line_1_101' title="bbox 754 5586 2323 5658; baseline 0.001 -18"><span class='ocrx_word' id='word_1_710' title='bbox 754 5587 1014 5640; x_wconf 65' lang='lat' dir='ltr'><strong>nimirum</strong></span> <span class='ocrx_word' id='word_1_711' title='bbox 1048 5588 1137 5641; x_wconf 92' lang='lat' dir='ltr'><strong>ille</strong></span> <span class='ocrx_word' id='word_1_712' title='bbox 1165 5588 1493 5657; x_wconf 84' lang='lat' dir='ltr'><strong>spectaculis</strong></span> <span class='ocrx_word' id='word_1_713' title='bbox 1534 5588 1867 5658; x_wconf 76' lang='lat' dir='ltr'><strong>indulgebat,</strong></span> <span class='ocrx_word' id='word_1_714' title='bbox 1918 5602 2015 5640; x_wconf 90' lang='lat' dir='ltr'><strong>nec</strong></span> <span class='ocrx_word' id='word_1_715' title='bbox 2047 5601 2170 5640; x_wconf 89' lang='lat' dir='ltr'><strong>eum</strong></span> <span class='ocrx_word' id='word_1_716' title='bbox 2201 5586 2323 5655; x_wconf 89' lang='lat' dir='ltr'><strong>ejus</strong></span> 
     </span>
    </p>
   </div>
   <div class='ocr_carea' id='block_1_102' title="bbox 753 5678 2319 5746">
    <p class='ocr_par' dir='ltr' id='par_1_102' title="bbox 753 5678 2319 5746">
     <span class='ocr_line' id='line_1_102' title="bbox 753 5678 2319 5746; baseline 0.002 -17"><span class='ocrx_word' id='word_1_717' title='bbox 753 5679 829 5730; x_wconf 78' lang='lat' dir='ltr'><strong>rei</strong></span> <span class='ocrx_word' id='word_1_718' title='bbox 864 5679 1118 5746; x_wconf 75' lang='lat' dir='ltr'><strong>pudebat.</strong></span> <span class='ocrx_word' id='word_1_719' title='bbox 1161 5680 1369 5734; x_wconf 73' lang='lat' dir='ltr'><strong>Idcirco</strong></span> <span class='ocrx_word' id='word_1_720' title='bbox 1441 5696 1507 5734; x_wconf 89' lang='lat' dir='ltr'><strong>ne</strong></span> <span class='ocrx_word' id='word_1_721' title='bbox 1547 5697 1705 5746; x_wconf 77' lang='lat' dir='ltr'><strong>quem</strong></span> <span class='ocrx_word' id='word_1_722' title='bbox 1747 5681 1891 5735; x_wconf 83' lang='lat' dir='ltr'><strong>illius</strong></span> <span class='ocrx_word' id='word_1_723' title='bbox 1924 5678 2319 5733; x_wconf 85' lang='lat' dir='ltr'><strong>certaminibus</strong></span> 
     </span>
    </p>
   </div>
   <div class='ocr_carea' id='block_1_103' title="bbox 2432 4655 4035 4729">
    <p class='ocr_par' dir='ltr' id='par_1_103' title="bbox 2432 4655 4035 4729">
     <span class='ocr_line' id='line_1_103' title="bbox 2432 4655 4035 4729; baseline -0.007 -15"><span class='ocrx_word' id='word_1_724' title='bbox 2432 4661 2839 4728; x_wconf 78' lang='grc' dir='ltr'>ἀφωρισμένοις</span> <span class='ocrx_word' id='word_1_725' title='bbox 2866 4661 2923 4711; x_wconf 82' lang='lat' dir='ltr'><strong>tv</strong></span> <span class='ocrx_word' id='word_1_726' title='bbox 2953 4658 3146 4729; x_wconf 82' lang='grc' dir='ltr'>βραχεί</span> <span class='ocrx_word' id='word_1_727' title='bbox 3171 4658 3341 4708; x_wconf 77' lang='grc' dir='ltr'>ἐποίει</span> <span class='ocrx_word' id='word_1_728' title='bbox 3374 4656 3439 4725; x_wconf 71' lang='grc' dir='ltr'>δὴ</span> <span class='ocrx_word' id='word_1_729' title='bbox 3469 4656 3697 4724; x_wconf 83' lang='grc' dir='ltr'>φανερά.</span> <span class='ocrx_word' id='word_1_730' title='bbox 3721 4655 3866 4706; x_wconf 76' lang='grc' dir='ltr'>Ποτὲ</span> <span class='ocrx_word' id='word_1_731' title='bbox 3890 4658 4035 4723; x_wconf 52' lang='grc' dir='ltr'>γοῦν</span> 
     </span>
    </p>
   </div>
   <div class='ocr_carea' id='block_1_104' title="bbox 2426 4748 4032 4821">
    <p class='ocr_par' dir='ltr' id='par_1_104' title="bbox 2426 4748 4032 4821">
     <span class='ocr_line' id='line_1_104' title="bbox 2426 4748 4032 4821; baseline -0.007 -14"><span class='ocrx_word' id='word_1_732' title='bbox 2426 4755 2520 4807; x_wconf 80' lang='grc' dir='ltr'>τοῦ</span> <span class='ocrx_word' id='word_1_733' title='bbox 2552 4752 2770 4821; x_wconf 78' lang='grc' dir='ltr'>Μιχαὴλ</span> <span class='ocrx_word' id='word_1_734' title='bbox 2800 4751 2942 4804; x_wconf 87' lang='grc' dir='ltr'>κατά</span> <span class='ocrx_word' id='word_1_735' title='bbox 2973 4751 3065 4802; x_wconf 75' lang='grc' dir='ltr'>τὸν</span> <span class='ocrx_word' id='word_1_736' title='bbox 3089 4751 3377 4819; x_wconf 78' lang='grc' dir='ltr'>εἰρημένον</span> <span class='ocrx_word' id='word_1_737' title='bbox 3406 4748 3501 4802; x_wconf 83' lang='grc' dir='ltr'><strong>τοῦ</strong></span> <span class='ocrx_word' id='word_1_738' title='bbox 3555 4750 3844 4818; x_wconf 86' lang='grc' dir='ltr'>μάρτυρος</span> <span class='ocrx_word' id='word_1_739' title='bbox 3899 4750 4032 4802; x_wconf 68' lang='lat' dir='ltr'><strong>Mi-</strong></span> 
     </span>
    </p>
   </div>
   <div class='ocr_carea' id='block_1_105' title="bbox 2431 4843 4037 4915">
    <p class='ocr_par' dir='ltr' id='par_1_105' title="bbox 2431 4843 4037 4915">
     <span class='ocr_line' id='line_1_105' title="bbox 2431 4843 4037 4915; baseline -0.002 -19"><span class='ocrx_word' id='word_1_740' title='bbox 2431 4864 2633 4915; x_wconf 87' lang='grc' dir='ltr'>μαντος</span> <span class='ocrx_word' id='word_1_741' title='bbox 2686 4846 2811 4898; x_wconf 74' lang='grc' dir='ltr'>ναὸν</span> <span class='ocrx_word' id='word_1_742' title='bbox 2854 4845 3199 4896; x_wconf 83' lang='grc' dir='ltr'>ἱππάσασθαι</span> <span class='ocrx_word' id='word_1_743' title='bbox 3227 4843 3514 4911; x_wconf 79' lang='grc' dir='ltr'>μέλλοντος</span> <span class='ocrx_word' id='word_1_744' title='bbox 3548 4845 3640 4894; x_wconf 72' lang='grc' dir='ltr'><strong>καὶ</strong></span> <span class='ocrx_word' id='word_1_745' title='bbox 3665 4843 3725 4893; x_wconf 74' lang='grc' dir='ltr'><strong>τὸ</strong></span> <span class='ocrx_word' id='word_1_746' title='bbox 3754 4843 4037 4909; x_wconf 63' lang='grc' dir='ltr'>σύνθημα</span> 
     </span>
    </p>
   </div>
   <div class='ocr_carea' id='block_1_106' title="bbox 2425 4934 4038 5007">
    <p class='ocr_par' dir='ltr' id='par_1_106' title="bbox 2425 4934 4038 5007">
     <span class='ocr_line' id='line_1_106' title="bbox 2425 4934 4038 5007; baseline -0.002 -16"><span class='ocrx_word' id='word_1_747' title='bbox 2425 4939 2526 5007; x_wconf 77' lang='grc' dir='ltr'>τῆς</span> <span class='ocrx_word' id='word_1_748' title='bbox 2552 4937 2915 5007; x_wconf 83' lang='grc' dir='ltr'>ἱπποδρομίας</span> <span class='ocrx_word' id='word_1_749' title='bbox 2940 4936 3255 4998; x_wconf 79' lang='grc' dir='ltr'>δεδωκότος,</span> <span class='ocrx_word' id='word_1_750' title='bbox 3287 4935 3411 4986; x_wconf 76' lang='grc' dir='ltr'>ἐπεὶ</span> <span class='ocrx_word' id='word_1_751' title='bbox 3439 4935 3581 4986; x_wconf 82' lang='grc' dir='ltr'>κατά</span> <span class='ocrx_word' id='word_1_752' title='bbox 3600 4934 3697 5005; x_wconf 82' lang='grc' dir='ltr'><strong>τὴν</strong></span> <span class='ocrx_word' id='word_1_753' title='bbox 3722 4935 3989 5004; x_wconf 79' lang='grc' dir='ltr'>ἑσπέραν</span> <span class='ocrx_word' id='word_1_754' title='bbox 4010 4938 4038 4987; x_wconf 80' lang='grc' dir='ltr'>ὁ</span> 
     </span>
    </p>
   </div>
   <div class='ocr_carea' id='block_1_107' title="bbox 2430 5027 4042 5099">
    <p class='ocr_par' dir='ltr' id='par_1_107' title="bbox 2430 5027 4042 5099">
     <span class='ocr_line' id='line_1_107' title="bbox 2430 5027 4042 5099; baseline -0.004 -16"><span class='ocrx_word' id='word_1_755' title='bbox 2430 5034 2491 5083; x_wconf 81' lang='grc' dir='ltr'>ἑκ</span> <span class='ocrx_word' id='word_1_756' title='bbox 2525 5031 2618 5083; x_wconf 76' lang='grc' dir='ltr'>τοῦ</span> <span class='ocrx_word' id='word_1_757' title='bbox 2662 5032 2840 5099; x_wconf 82' lang='grc' dir='ltr'>Φάρου</span> <span class='ocrx_word' id='word_1_758' title='bbox 2885 5031 3049 5098; x_wconf 73' lang='grc' dir='ltr'>φανδς</span> <span class='ocrx_word' id='word_1_759' title='bbox 3093 5029 3180 5081; x_wconf 63' lang='grc' dir='ltr'><strong>διά</strong></span> <span class='ocrx_word' id='word_1_760' title='bbox 3236 5027 3331 5081; x_wconf 83' lang='grc' dir='ltr'><strong>τοῦ</strong></span> <span class='ocrx_word' id='word_1_761' title='bbox 3389 5029 3641 5080; x_wconf 85' lang='grc' dir='ltr'>παππίου</span> <span class='ocrx_word' id='word_1_762' title='bbox 3673 5027 3877 5093; x_wconf 73' lang='grc' dir='ltr'>ἐδήλου</span> <span class='ocrx_word' id='word_1_763' title='bbox 3932 5029 4042 5097; x_wconf 80' lang='grc' dir='ltr'><strong>τὴν</strong></span> 
     </span>
    </p>
   </div>
   <div class='ocr_carea' id='block_1_108' title="bbox 2431 5117 4043 5191">
    <p class='ocr_par' dir='ltr' id='par_1_108' title="bbox 2431 5117 4043 5191">
     <span class='ocr_line' id='line_1_108' title="bbox 2431 5117 4043 5191; baseline -0.003 -14"><span class='ocrx_word' id='word_1_764' title='bbox 2431 5124 2539 5177; x_wconf 65' lang='grc' dir='ltr'><strong>τῶν</strong></span> <span class='ocrx_word' id='word_1_765' title='bbox 2571 5123 2742 5175; x_wconf 79' lang='grc' dir='ltr'>ἐθνῶν</span> <span class='ocrx_word' id='word_1_766' title='bbox 2768 5122 3059 5191; x_wconf 79' lang='grc' dir='ltr'>ἐκδρομὴν,</span> <span class='ocrx_word' id='word_1_767' title='bbox 3091 5124 3169 5183; x_wconf 87' lang='grc' dir='ltr'>εἰς</span> <span class='ocrx_word' id='word_1_768' title='bbox 3198 5119 3450 5172; x_wconf 82' lang='grc' dir='ltr'>τοσοῦτον</span> <span class='ocrx_word' id='word_1_769' title='bbox 3490 5117 3656 5190; x_wconf 78' lang='grc' dir='ltr'>ἦλθεν</span> <span class='ocrx_word' id='word_1_770' title='bbox 3702 5119 3912 5185; x_wconf 80' lang='grc' dir='ltr'>ἀγῶνα</span> <span class='ocrx_word' id='word_1_771' title='bbox 3942 5122 4043 5172; x_wconf 70' lang='grc' dir='ltr'><strong>καὶ</strong></span> 
     </span>
    </p>
   </div>
   <div class='ocr_carea' id='block_1_109' title="bbox 2429 5210 4041 5282">
    <p class='ocr_par' dir='ltr' id='par_1_109' title="bbox 2429 5210 4041 5282">
     <span class='ocr_line' id='line_1_109' title="bbox 2429 5210 4041 5282; baseline -0.001 -15"><span class='ocrx_word' id='word_1_772' title='bbox 2429 5213 2597 5281; x_wconf 74' lang='grc' dir='ltr'>φόϐον</span> <span class='ocrx_word' id='word_1_773' title='bbox 2619 5216 2647 5265; x_wconf 91' lang='lat'><strong>6</strong></span> <span class='ocrx_word' id='word_1_774' title='bbox 2676 5212 2932 5282; x_wconf 71' lang='grc' dir='ltr'>βασιλεὺς</span> <span class='ocrx_word' id='word_1_775' title='bbox 2957 5212 3066 5264; x_wconf 79' lang='grc' dir='ltr'>δέει</span> <span class='ocrx_word' id='word_1_776' title='bbox 3095 5212 3187 5264; x_wconf 81' lang='grc' dir='ltr'>τοῦ</span> <span class='ocrx_word' id='word_1_777' title='bbox 3222 5212 3295 5281; x_wconf 76' lang='grc' dir='ltr'><strong>μὴ</strong></span> <span class='ocrx_word' id='word_1_778' title='bbox 3349 5210 3698 5281; x_wconf 81' lang='grc' dir='ltr'>παροφθῆναι</span> <span class='ocrx_word' id='word_1_779' title='bbox 3728 5211 3836 5279; x_wconf 77' lang='grc' dir='ltr'><strong>την</strong></span> <span class='ocrx_word' id='word_1_780' title='bbox 3876 5213 4041 5281; x_wconf 81' lang='grc' dir='ltr'>ἡνιο-</span> 
     </span>
    </p>
   </div>
   <div class='ocr_carea' id='block_1_110' title="bbox 2434 5304 4046 5378">
    <p class='ocr_par' dir='ltr' id='par_1_110' title="bbox 2434 5304 4046 5378">
     <span class='ocr_line' id='line_1_110' title="bbox 2434 5304 4046 5378; baseline -0.001 -19"><span class='ocrx_word' id='word_1_781' title='bbox 2434 5308 2590 5378; x_wconf 86' lang='grc' dir='ltr'>χείαν</span> <span class='ocrx_word' id='word_1_782' title='bbox 2620 5306 2785 5359; x_wconf 75' lang='grc' dir='ltr'>αὑτοῦ</span> <span class='ocrx_word' id='word_1_783' title='bbox 2813 5306 2963 5375; x_wconf 84' lang='grc' dir='ltr'>παρά</span> <span class='ocrx_word' id='word_1_784' title='bbox 3014 5305 3123 5357; x_wconf 81' lang='grc' dir='ltr'><strong>τῶν</strong></span> <span class='ocrx_word' id='word_1_785' title='bbox 3151 5305 3360 5357; x_wconf 86' lang='grc' dir='ltr'>θεατῶν</span> <span class='ocrx_word' id='word_1_786' title='bbox 3394 5304 3493 5371; x_wconf 84' lang='grc' dir='ltr'>τῆς</span> <span class='ocrx_word' id='word_1_787' title='bbox 3526 5304 3783 5372; x_wconf 84' lang='grc' dir='ltr'>τοιαύτης</span> <span class='ocrx_word' id='word_1_788' title='bbox 3830 5305 4046 5358; x_wconf 70' lang='grc' dir='ltr'>ἕνεκεν</span> 
     </span>
    </p>
   </div>
   <div class='ocr_carea' id='block_1_111' title="bbox 2434 5391 4046 5467">
    <p class='ocr_par' dir='ltr' id='par_1_111' title="bbox 2434 5391 4046 5467">
     <span class='ocr_line' id='line_1_111' title="bbox 2434 5391 4046 5467; baseline 0 -17"><span class='ocrx_word' id='word_1_789' title='bbox 2434 5398 2716 5466; x_wconf 80' lang='grc' dir='ltr'>ἀγγελίας,</span> <span class='ocrx_word' id='word_1_790' title='bbox 2752 5398 2830 5459; x_wconf 88' lang='grc' dir='ltr'>εἰς</span> <span class='ocrx_word' id='word_1_791' title='bbox 2854 5398 2977 5449; x_wconf 83' lang='grc' dir='ltr'>ὅσον</span> <span class='ocrx_word' id='word_1_792' title='bbox 3006 5396 3163 5459; x_wconf 73' lang='grc' dir='ltr'>ἄλλος</span> <span class='ocrx_word' id='word_1_793' title='bbox 3201 5412 3284 5458; x_wconf 89' lang='grc' dir='ltr'><strong>τις</strong></span> <span class='ocrx_word' id='word_1_794' title='bbox 3309 5391 3473 5465; x_wconf 82' lang='grc' dir='ltr'>ἦλθεν</span> <span class='ocrx_word' id='word_1_795' title='bbox 3507 5394 3847 5447; x_wconf 85' lang='grc' dir='ltr'>κινδυνεύων</span> <span class='ocrx_word' id='word_1_796' title='bbox 3890 5399 4046 5467; x_wconf 76' lang='grc' dir='ltr'>ὑπὲρ</span> 
     </span>
    </p>
   </div>
   <div class='ocr_carea' id='block_1_112' title="bbox 2435 5485 4050 5560">
    <p class='ocr_par' dir='ltr' id='par_1_112' title="bbox 2435 5485 4050 5560">
     <span class='ocr_line' id='line_1_112' title="bbox 2435 5485 4050 5560; baseline 0.004 -24"><span class='ocrx_word' id='word_1_797' title='bbox 2435 5491 2534 5558; x_wconf 73' lang='grc' dir='ltr'>τῆς</span> <span class='ocrx_word' id='word_1_798' title='bbox 2562 5490 2742 5560; x_wconf 65' lang='grc' dir='ltr'>ψυχῆς</span> <span class='ocrx_word' id='word_1_799' title='bbox 2771 5491 2864 5542; x_wconf 64' lang='grc' dir='ltr'><strong>καὶ</strong></span> <span class='ocrx_word' id='word_1_800' title='bbox 2905 5489 2997 5542; x_wconf 74' lang='grc' dir='ltr'>τοῦ</span> <span class='ocrx_word' id='word_1_801' title='bbox 3042 5488 3116 5559; x_wconf 75' lang='grc' dir='ltr'>μὴ</span> <span class='ocrx_word' id='word_1_802' title='bbox 3163 5487 3465 5558; x_wconf 82' lang='grc' dir='ltr'>πλησιάσαι</span> <span class='ocrx_word' id='word_1_803' title='bbox 3516 5485 3741 5547; x_wconf 88' lang='grc' dir='ltr'>τούτους</span> <span class='ocrx_word' id='word_1_804' title='bbox 3816 5490 4050 5557; x_wconf 76' lang='grc' dir='ltr'>μᾶλλον</span> 
     </span>
    </p>
   </div>
   <div class='ocr_carea' id='block_1_113' title="bbox 2434 5579 4048 5651">
    <p class='ocr_par' dir='ltr' id='par_1_113' title="bbox 2434 5579 4048 5651">
     <span class='ocr_line' id='line_1_113' title="bbox 2434 5579 4048 5651; baseline -0.004 -13"><span class='ocrx_word' id='word_1_805' title='bbox 2434 5584 2856 5651; x_wconf 70' lang='grc' dir='ltr'>ἀγωνιζόμενος.</span> <span class='ocrx_word' id='word_1_806' title='bbox 2889 5582 3077 5644; x_wconf 72' lang='grc' dir='ltr'>Οὕτως</span> <span class='ocrx_word' id='word_1_807' title='bbox 3137 5582 3344 5642; x_wconf 74' lang='grc' dir='ltr'>ἐκεῖνος</span> <span class='ocrx_word' id='word_1_808' title='bbox 3396 5579 3741 5651; x_wconf 74' lang='grc' dir='ltr'>ὲθεατρίζετὸ</span> <span class='ocrx_word' id='word_1_809' title='bbox 3799 5596 3874 5632; x_wconf 83' lang='grc' dir='ltr'><strong>τε</strong></span> <span class='ocrx_word' id='word_1_810' title='bbox 3945 5586 4048 5633; x_wconf 77' lang='grc' dir='ltr'>καί</span> 
     </span>
    </p>
   </div>
   <div class='ocr_carea' id='block_1_114' title="bbox 2432 5671 4048 5745">
    <p class='ocr_par' dir='ltr' id='par_1_114' title="bbox 2432 5671 4048 5745">
     <span class='ocr_line' id='line_1_114' title="bbox 2432 5671 4048 5745; baseline -0.002 -17"><span class='ocrx_word' id='word_1_811' title='bbox 2432 5678 2531 5728; x_wconf 79' lang='grc' dir='ltr'>οὐκ</span> <span class='ocrx_word' id='word_1_812' title='bbox 2567 5676 2851 5745; x_wconf 70' lang='grc' dir='ltr'>ᾐσχύνετο.</span> <span class='ocrx_word' id='word_1_813' title='bbox 2892 5676 3054 5727; x_wconf 78' lang='grc' dir='ltr'>Ὅθεν</span> <span class='ocrx_word' id='word_1_814' title='bbox 3092 5674 3179 5728; x_wconf 76' lang='grc' dir='ltr'><strong>ἵνα</strong></span> <span class='ocrx_word' id='word_1_815' title='bbox 3210 5674 3344 5743; x_wconf 65' lang='grc' dir='ltr'>μήτε</span> <span class='ocrx_word' id='word_1_816' title='bbox 3382 5690 3463 5736; x_wconf 86' lang='grc' dir='ltr'><strong>τις</strong></span> <span class='ocrx_word' id='word_1_817' title='bbox 3494 5671 3604 5725; x_wconf 85' lang='grc' dir='ltr'><strong>τῶν</strong></span> <span class='ocrx_word' id='word_1_818' title='bbox 3658 5671 3839 5724; x_wconf 77' lang='grc' dir='ltr'>αὑτοῦ</span> <span class='ocrx_word' id='word_1_819' title='bbox 3877 5674 4048 5743; x_wconf 74' lang='grc' dir='ltr'><strong>ἀγώ-</strong></span> 
     </span>
    </p>
   </div>
   <div class='ocr_carea' id='block_1_115' title="bbox 2056 5768 2733 5826">
    <p class='ocr_par' dir='ltr' id='par_1_115' title="bbox 2056 5768 2733 5826">
     <span class='ocr_line' id='line_1_115' title="bbox 2056 5768 2733 5826; baseline -0.009 0"><span class='ocrx_word' id='word_1_820' title='bbox 2056 5769 2290 5826; x_wconf 73' lang='lat' dir='ltr'><strong>VARUE</strong></span> <span class='ocrx_word' id='word_1_821' title='bbox 2334 5768 2733 5824; x_wconf 72' lang='lat' dir='ltr'><strong>LECTIUNES.</strong></span> 
     </span>
    </p>
   </div>
   <div class='ocr_carea' id='block_1_116' title="bbox 824 5864 2288 5946">
    <p class='ocr_par' dir='ltr' id='par_1_116' title="bbox 824 5864 2288 5946">
     <span class='ocr_line' id='line_1_116' title="bbox 824 5864 2288 5946; baseline 0.002 -26"><span class='ocrx_word' id='word_1_822' title='bbox 824 5866 868 5898; x_wconf 77' lang='lat'><strong>&quot;&quot;</strong></span> <span class='ocrx_word' id='word_1_823' title='bbox 902 5864 1109 5923; x_wconf 79' lang='lat' dir='ltr'><strong>Cedten</strong></span> <span class='ocrx_word' id='word_1_824' title='bbox 1158 5874 1215 5923; x_wconf 82' lang='lat' dir='ltr'><strong>tv</strong></span> <span class='ocrx_word' id='word_1_825' title='bbox 1260 5869 1483 5945; x_wconf 54' lang='lat' dir='ltr'><strong>&#39;Apyéqu</strong></span> <span class='ocrx_word' id='word_1_826' title='bbox 1525 5870 1560 5922; x_wconf 78' lang='grc' dir='ltr'>Ζ</span> <span class='ocrx_word' id='word_1_827' title='bbox 1608 5884 1721 5925; x_wconf 84' lang='lat' dir='ltr'><strong>nar.</strong></span> <span class='ocrx_word' id='word_1_828' title='bbox 1774 5868 2010 5946; x_wconf 69' lang='grc' dir='ltr'>Ἀργαίί</span> <span class='ocrx_word' id='word_1_829' title='bbox 2046 5870 2288 5924; x_wconf 77' lang='lat' dir='ltr'><strong>Combef.</strong></span> 
     </span>
    </p>
   </div>
   <div class='ocr_carea' id='block_1_117' title="bbox 2371 5868 2647 5935">
    <p class='ocr_par' dir='ltr' id='par_1_117' title="bbox 2371 5868 2647 5935">
     <span class='ocr_line' id='line_1_117' title="bbox 2371 5868 2647 5935; baseline -0.014 -14"><span class='ocrx_word' id='word_1_830' title='bbox 2371 5870 2413 5900; x_wconf 65' lang='grc'><strong>’⁸</strong></span> <span class='ocrx_word' id='word_1_831' title='bbox 2445 5868 2647 5935; x_wconf 61' lang='grc' dir='ltr'><strong>τῢύῐῳῩ</strong></span> 
     </span>
    </p>
   </div>
  </div>
