4154 6446
176 444 249 505 2ιῖ
983 444 1134 501 LIB.
1174 443 1272 502 ιν.
1317 470 1379 479 -
1412 444 1685 502 MlCiIAl

1798 446 2214 506 TllEOPHlLI
2266 449 2541 507 FILIUS.

3289 450 3396 517 ?l8

174 555 430 617 είςὲαυτὸν
451 556 478 607 ὁ
501 555 707 623 Βάρδας
730 554 901 606 ταῦτα
923 555 1209 626 ἐπέᾳερεν,
1240 557 1441 625 μᾶλλον
1463 557 1516 609 δέ
1540 559 1567 609 ό
1591 556 1685 609 Θεό

1819 567 1965 612 runt.
2004 559 2357 630 Primumque
2386 561 2588 615 Bardas
2614 562 2665 614 in
2698 577 2860 617 suum
2894 561 2983 616 illa
3006 573 3174 631 caput
3201 579 3389 632 VCI'JI;

176 663 360 709 κτιστος
381 648 409 699 ὸ
434 647 740 708 κανίκλειος
764 649 867 719 πρὸ
890 648 1077 707 αὑτοῦ.
1107 648 1217 701 εἴτε
1242 650 1303 717 δὴ
1333 647 1411 717 τῷ
1435 649 1711 713 παντελῶς

174 738 313 807 τούτῳ
334 738 654 807 χαρίζεσθαι
681 741 887 801 πάντας
918 739 982 808 δὴ
1015 741 1357 809 ὁμοθυμαδὸν
1385 744 1476 794 καὶ
1509 742 1582 811 μὴ
1604 743 1713 795 τῶν

173 831 525 900 πονηροτέρων
553 830 879 882 ἀνακ-ὶπτειν
920 828 1271 898 διδαγμὰτων
1294 832 1369 895 ὼς
1401 833 1712 901 ἐπιτρόπων

173 919 583 990 ἐπιχειρούντων,
615 922 723 972 εἴτε
766 922 829 992 δὴ
862 922 958 975 τοῦ
995 924 1092 991 μὲν
1128 924 1245 986 ἐνὸς
1275 924 1709 985 ἀναστέλλοντος,

169 1014 242 1066 τοῦ
269 1013 308 1065 δ’
336 1013 525 1078 ἐτέρου
558 1013 631 1081 μὴ
659 1016 725 1065 τὰ
757 1015 846 1065 ἴσα
877 1013 1199 1081 φρονοῦντος
1230 1015 1288 1080 ἐξ
1314 1016 1553 1085 ἐριθείας
1575 1018 1589 1046 ¹
1620 1015 1713 1068 καὶ

174 1105 677 1167 σδναναστέλλοντος.
743 1104 857 1158 ἀλλ’
914 1106 1301 1175 ἐπιτρέποντος
1356 1108 1576 1176 μᾶλλον.
1638 1107 1713 1171 ὡς

172 1198 246 1251 καὶ
280 1198 439 1266 ἡμεῖς
471 1196 528 1248 ἐν
561 1201 670 1257 τοῖς
718 1196 838 1248 καθ’
885 1199 1033 1267 ἡμᾶς
1078 1199 1288 1268 χρόνοις
1324 1198 1408 1270 ίΡ.
1445 1198 1571 1269 19.6]
1603 1218 1711 1251 τοι-

172 1292 332 1347 ούτους
378 1287 742 1356 ἐθεασάμεθα.
782 1289 926 1356 Πλὴν
956 1290 1231 1358 ἐπήγαγον
1277 1292 1355 1355 εἰς
1387 1292 1611 1356 ἑαυτοὺς
1645 1293 1711 1345 τὰ

170 1383 307 1445 κακὲ,
352 1384 446 1436 καὶ
492 1385 520 1434 ὁ
559 1382 657 1451 μὲν
710 1380 1030 1445 Θεόκτιστος
1075 1383 1169 1437 νῦν
1205 1385 1323 1453 μὲν.
1358 1383 1432 1446 ὡς
1473 1384 1707 1454 εἴρηται,

171 1474 530 1543 σφαττόμενος,
559 1472 651 1526 νῦν
680 1475 735 1529 δὲ
762 1476 881 1534 ταῖς
910 1469 997 1534 αἷς
1029 1475 1302 1543 ἐπεχείρει
1333 1474 1597 1539 δουλείαις
1635 1478 1709 1546 μὴ

169 1564 617 1633 κατευοδούμενος.
651 1566 760 1618 Καὶ
782 1566 888 1634 γὰρ
914 1565 1123 1617 πολλῶν
1151 1565 1419 1634 στρατιῶν
1452 1565 1709 1629 πολλάκις

168 1657 457 1728 προκριθεὶς
477 1656 723 1725 ἡγεμὼν,
746 1658 840 1710 καὶ
870 1657 1012 1708 κατὰ
1037 1657 1245 1710 πολλῶν
1277 1660 1522 1728 ὁρμήσας
1554 1658 1707 1710 πολε-

169 1750 283 1816 μίων
308 1748 402 1801 νῦν
447 1766 506 1801 τε
536 1751 628 1802 καὶ
664 1749 768 1819 πρδ
817 1750 1010 1802 τούτου
1050 1750 1286 1817 οὐδαμοῦ
1314 1754 1542 1819 νικήσας
1609 1750 1709 1803 ὑπ-

163 1840 399 1911 έστρεψεν
442 1841 475 1911 ἢ
524 1842 581 1893 τὸ
620 1841 837 1893 σύνολον
880 1842 988 1894 τῶν
1026 1842 1234 1911 ἐχθρῶν
1259 1842 1705 1911 καθυπερτερῶν,

162 1932 445 2002 ἡττώμενος
496 1935 551 1987 δὲ
611 1935 707 1986 καὶ
768 1934 1115 2004 πανωλεθρίᾳ
1182 1935 1249 1986 τὰ
1317 1934 1704 2005 στρατεύματα.

160 2026 431 2095 παραδοὺς,
484 2026 584 2079 οὐκ
635 2022 749 2079 οἶδα
794 2026 903 2079 εἴτε
959 2028 1273 2096 φρονήσεως
1326 2027 1571 2096 ἀμοιρῶν
1611 2028 1704 2079 καὶ

158 2120 293 2187 λᾰγον
316 2118 407 2170 καὶ
434 2117 542 2170 τῶν
570 2120 627 2170 ἐν
652 2117 907 2187 πολέμοις
934 2118 1436 2187 ἀνδραγαθημάτων
1462 2119 1703 2188 ἀπείρως

154 2214 293 2279 ἔχων,
323 2211 419 2264 an
468 2211 529 2279 δὴ
572 2212 711 2279 μήτε
759 2210 1061 2279 μελετήσας
1104 2211 1278 2264 ταῦτὰ
1328 2228 1476 2273 ποτε,
1516 2212 1549 2282 ἦ
1595 2228 1701 2263 τινι

156 2304 268 2373 ἄλλη
299 2302 508 2373 μείζονι
538 2302 689 2372 αἰτίᾳ
713 2306 772 2372 τῇ
806 2303 944 2373 ὑπὲρ
971 2305 1139 2373 ἡμᾶς.
1171 2303 1203 2371 ἢ
1230 2305 1322 2356 καὶ
1344 2306 1407 2373 τῇ
1435 2305 1700 2377 εἰρημένῃ

153 2395 269 2448 νυνί.
301 2396 408 2447 Καὶ
445 2394 553 2465 γὰρ
583 2395 821 2463 ἡλιακῶν
868 2413 996 2447 ποτε
1027 2395 1321 2464 ἐκλείψεων
1349 2396 1441 2449 δύο
1468 2414 1697 2466 γεγενη-

152 2488 326 2555 μένων,
352 2488 495 2539 κατὰ
522 2487 630 2540 τῶν
657 2485 939 2553 Ἀσασγῶν
968 2482 1121 2551 οὗτος
1148 2490 1464 2558 προκριθεὶς
1499 2506 1697 2559 στρατ-

150 2582 261 2648 ηγὸς
338 2580 634 2650 θεομηνίας
679 2579 959 2648 ἀπήλαυσε
1000 2580 1315 2650 δυστυχῶς·
1370 2582 1419 2634 οἱ
1459 2581 1557 2649 μὲν
1591 2580 1699 2650 γὰρ

147 2673 371 2741 ναυαγίῳ
391 2673 411 2701 ⁸
433 2674 824 2741 περιπεσόντες
853 2674 979 2741 περὶ
1005 2674 1105 2741 τὴν
1136 2673 1347 2724 ἐαυτῶν
1375 2673 1517 2742 ζωὴν
1546 2673 1699 2724 ἐδυσ-

144 2762 386 2831 τνέχησαν,
423 2763 476 2814 οἱ
520 2762 577 2815 δὲ
607 2763 700 2815 καὶ
737 2763 834 2833 τῆς
864 2764 1034 2833 ξηρᾶς
1080 2763 1367 2824 ἐπιὸάντες
1401 2767 1520 2826 ταῖς
1553 2763 1695 2815 ἐκεί-

143 2870 233 2904 νων
249 2854 563 2921 δυστυχίαις
581 2854 1069 2920 συνεκοινώνησαν.
1095 2854 1203 2906 Καὶ
1226 2849 1376 2915 οὗτος
1404 2854 1501 2922 μὲν
1523 2853 1692 2917 οὕτως

142 2943 369 2995 ἀπώλετο
393 2946 425 2996 ό
472 2942 729 3011 στρατός·
778 2947 895 3012 μετ’
936 2942 998 2995 οὐ
1030 2942 1164 2995 πολὺ
1194 2943 1250 2996 δὲ
1284 2944 1444 2995 πάλιν
1490 2942 1693 3013 θρασύ-

138 3051 275 3103 τερον
307 3036 591 3103 ἁψάμενος
616 3034 711 3087 τοῦ
737 3035 971 3103 πολέμου
1004 3035 1143 3105 ὑπὲρ
1172 3036 1270 3095 τὰς
1296 3034 1563 3103 τέσσαρας
1590 3051 1693 3104 μυ-

141 3125 309 3190 ριάδας
341 3121 586 3175 ἀπέϐαλε
631 3122 726 3174 τοῦ
767 3123 1017 3192 στρατοῦ.
1062 3124 1170 3175 Καὶ
1198 3121 1352 3185 αὖθις
1395 3124 1537 3174 κατὰ
1584 3122 1693 3174 τῶν

136 3216 181 3263 ἐν
219 3216 406 3284 Κρήτη
450 3213 698 3282 ’Δράὸων
732 3214 1069 3283 στρατεύσας
1096 3215 1374 3284 ἄπρακτος
1426 3215 1689 3284 ὑπέστρε⁹
1721 3242 1765 3303 C

132 3304 234 3362 ὗεν,
268 3307 368 3357 οὒκ
402 3305 621 3371 ὀλίγους
651 3304 758 3356 τῶν
794 3306 918 3372 περὶ
954 3306 1114 3358 αὑτὸν
1163 3309 1340 3359 ἐκεῖσε
1375 3306 1693 3360 καταλιπὼν

129 3397 201 3447 διὰ
222 3396 277 3448 τὺ
297 3399 450 3466 φυγῇ
476 3396 819 3467 χρησάμενον
842 3394 1052 3465 ἁθρόως
1080 3397 1463 3467 ἀπαλλαγῆναι
1498 3398 1689 3467 αὐτῆς.

138 3487 282 3539 Ἀλλὰ
308 3486 494 3539 ταῦτα
529 3489 629 3556 μὲν
661 3488 864 3549 ἐκεῖνος
894 3487 1177 3558 πρότερον.

183 3757 249 3816 μ’.
282 3749 402 3802 Νῦν
436 3750 536 3803 δὲ³
587 3749 832 3818 σύμϐολα
866 3769 987 3804 τινα
1022 3756 1272 3825 προφανῆ
1315 3758 1407 3809 καὶ
1436 3761 1692 3829 κομητῶν

119 3841 347 3894 ἐπιτολαὶ
383 3847 486 3893 καὶ
511 3842 668 3911 ὄψεις
700 3843 991 3914 ὀνειράτων
1022 3834 1305 3915 γινόμεναι
1329 3849 1398 3902 τὰ
1431 3852 1691 3920 μέλλοντα

116 3934 178 3999 τις,
226 3932 409 4002 Βάρδᾳ
462 3933 619 3985 δεινὰ
673 3935 1083 4005 παρεγύμνουν,
1141 3939 1242 3991 οὐκ
1278 3939 1335 4006 ἐξ
1381 3943 1689 4012 αὐτομάτου

116 4028 311 4083 πάντως
346 4025 381 4095 ἢ
420 4025 527 4078 καὶ
568 4024 742 4086 ἄλλως
776 4027 956 4097 ἀλόγῳ
1004 4032 1169 4100 φορᾷ,
1205 4032 1432 4104 προνοίᾳ
1479 4034 1536 4087 δέ
1584 4054 1688 4089 τινι

111 4117 190 4168 τοῦ
222 4118 297 4187 μὴ
328 4118 428 4170 τὸν
461 4117 701 4171 Θάνατον
749 4118 1039 4188 ζητοῦντος
1088 4123 1162 4185 ὡς
1203 4124 1301 4192 τὴν
1350 4128 1689 4198 ἐπιστροφὴν

110 4209 187 4261 τοῦ
210 4209 583 4281 ἁμαρτωλοῦ.
612 4211 770 4264 Κατὰ
813 4212 905 4265 τὸν
934 4213 1099 4266 ὕπνον
1137 4214 1271 4283 γοῦν
1309 4216 1491 4284 ἔδοξεν
1530 4212 1688 4286 οὗτος

113 4303 227 4369 πρὸς
258 4302 320 4355 τὸ
346 4302 452 4355 τοῦ
488 4301 628 4355 Θεοῦ
663 4305 907 4372 τέμενος.
939 4297 984 4373 ᾧ
1014 4306 1303 4378 ἐπώνυμον
1332 4310 1523 4379 Σοφία,
1551 4314 1690 4381 μετὰ

110 4392 186 4443 τοῦ
215 4394 446 4462 Μιχαὴλ
478 4393 540 4445 ἐν
580 4394 850 4465 πανδήμῳ
883 4397 1193 4467 πανηγύρει
1244 4401 1339 4452 καὶ
1371 4402 1685 4472 προελεύσει

111 4484 299 4554 geuge.
350 4484 446 4547 Ὡς
499 4478 599 4536 οὖν
629 4485 887 4553 ἀφίκοντο
924 4488 1017 4540 καὶ
1059 4490 1197 4541 κατὰ
1229 4492 1394 4559 μέσον
1440 4495 1687 4561 ἐγένοντο

1817 649 1946 717 quin
1981 650 2072 705 illo
2097 666 2317 721 quoque
2346 650 2496 721 prior
2524 649 2873 706 Tlieoctistus
2913 652 3148 707 caniclio
3203 654 3393 722 prtere-

1818 748 1958 798 etus,
1985 738 2099 793 sive
2136 740 2279 806 quod
2307 754 2500 794 omnes
2530 755 2637 794 uua
2665 740 2821 808 quasi
2846 742 3267 811 conspiratione
3296 744 3393 794 bo-

1818 830 1948 883 miui
1997 829 2371 898 indulgebant,
2408 846 2509 885 nec
2547 845 2646 900 pro
2696 839 2938 884 tutorum
2986 848 3236 894 munere,
3285 851 3392 901 quo

1818 921 2204 989 iungebautur,
2239 934 2268 973 a
2320 923 2680 991 nequioribus
2723 938 2850 977 eum
2895 926 3090 979 studiis
3138 942 3378 979 rcvocan

1815 1012 2142 1075 studebant;
2182 1011 2297 1065 sive
2322 1027 2454 1066 sane
2478 1014 2625 1081 quod
2653 1029 2762 1067 uno
2793 1015 3128 1083 corripieute
3159 1019 3298 1070 alter
3323 1035 3384 1069 ex

1815 1104 2164 1157 contentione
2194 1119 2303 1158 non
2339 1104 2455 1173 ipse
2494 1106 2697 1172 pariter
2730 1107 3080 1161 insolentiam
3131 1109 3381 1176 reprimi--

1816 1205 1917 1254 ret.
1952 1196 2043 1249 sed
2072 1212 2136 1249 ex
2178 1196 2342 1264 genio
2385 1194 2566 1263 potius
2607 1211 2735 1249 eum
2795 1213 2955 1265 agere
3007 1200 3346 1267 permittet-ct

1814 1301 2046 1355 quorum
2075 1285 2319 1354 exempla
2343 1301 2441 1339 nec
2472 1296 2662 1340 nostra
2696 1294 2857 1340 :etate
2880 1287 3195 1342 defuerunt.
3230 1287 3298 1343 Ut
3333 1308 3362 1341 ιι

1814 1377 1905 1441 sit,
1944 1378 2080 1431 mala
2112 1386 2258 1431 certe
2309 1377 2385 1430 illi
2411 1378 2462 1430 in
2518 1393 2616 1432 sua
2666 1378 2844 1446 capita
2899 1379 3256 1448 impulerunt.
3311 1382 3372 1433 A:

1814 1469 2031 1536 quidem
2066 1468 2439 1533 Tlieoctistus,
2481 1469 2559 1523 uti
2593 1471 2799 1524 dictum
2836 1481 2941 1535 est,
2981 1473 3349 1543 modojugula

1814 1569 1920 1619 tur.
1946 1559 2107 1613 modo
2130 1559 2185 1613 in
2218 1559 2281 1614 iis
2310 1574 2431 1627 quae
2462 1559 2696 1629 gerenda
2727 1573 3045 1630 susceperat
3065 1564 3351 1632 inauspica

1814 1652 2062 1706 tissimus
2098 1650 2392 1705 invenitur.
2421 1650 2603 1706 Multis
2619 1651 2764 1705 enim
2797 1652 2997 1720 saepius
3023 1653 3357 1721 expeditioni

1813 1744 1915 1797 bus
1951 1742 2108 1797 ducis
2153 1751 2422 1811 potestate
2461 1743 2754 1812 susceptis,
2807 1744 3105 1813 pluresque
3151 1744 3363 1799 bosuun

1815 1833 1957 1886 bello
2014 1847 2332 1902 aggressus,
2372 1848 2494 1887 cum
2530 1834 2691 1886 modo
2746 1842 2859 1887 tum
2896 1842 3055 1888 antea
3107 1850 3348 1902 nunquat

1818 1924 1993 1977 victor
2023 1938 2275 1977 reversus
2303 1931 2385 1977 est
2417 1932 2512 1976 aut
2550 1938 2648 1992 pro
2681 1938 2776 1978 sus
2821 1924 3075 1978 hostibus
3115 1926 3351 1990 superim

1814 2016 1906 2071 sed
1940 2015 2115 2070 victus
2153 2030 2397 2084 semper,
2430 2015 2607 2086 iisque
2634 2030 2770 2083 quas
2803 2015 3036 2070 ducebat
3086 2016 3260 2082 coliiis
3303 2015 3384 2067 in-

1815 2109 2123 2163 ternecione
2152 2108 2365 2170 deletis.
2413 2108 2527 2163 sive
2595 2108 2882 2175 prudentia
2916 2108 3257 2177 rationisque
3294 2108 3386 2177 ju-

1809 2204 1955 2257 dicio
1981 2200 2389 2257 destituebatur
2424 2215 2488 2255 ac
2520 2201 2595 2255 rei
2646 2200 2854 2255 bellicae
2900 2201 3055 2255 rudis
3109 2210 3248 2265 erat,
3296 2202 3382 2254 cui

1810 2308 2091 2363 nunquam
2135 2302 2391 2348 navassct
2425 2308 2649 2365 cperam
2678 2293 2837 2362 203
2869 2303 2963 2346 aut
3005 2294 3248 2349 studium
3291 2308 3386 2362 po-

1808 2387 2030 2449 suisset,
2067 2386 2181 2440 sive
2220 2387 2323 2439 alia
2355 2386 2589 2456 quadam
2619 2387 2899 2455 superiori
2935 2386 3095 2441 nobis
3146 2387 3379 2445 ratione.

1809 2479 1925 2533 sive
1956 2478 2124 2532 etiam
2182 2478 2273 2531 illa
2306 2485 2469 2547 quam
2523 2477 2688 2532 modo
2744 2478 3012 2532 dicebam.
3055 2478 3191 2532 Cum
3236 2479 3380 2531 enim

1806 2570 2105 2637 aliquando
2160 2569 2330 2623 semel
2382 2578 2436 2623 et
2493 2570 2692 2623 iterum
2726 2572 2805 2624 sol
2841 2571 3142 2639 deliquium
3186 2586 3382 2639 passus

1804 2670 1971 2727 isset,
2000 2659 2354 2716 Titeoctistus
2382 2661 2651 2716 adversus
2676 2661 2925 2731 Abasgos
2963 2677 3180 2718 summa
3221 2663 3377 2717 ducis

1805 2762 2071 2822 potestate
2121 2753 2389 2809 exercitui
2424 2752 2715 2823 prafectus
2762 2752 2856 2808 Dei
2912 2752 3048 2808 iram
3115 2754 3380 2810 infelicis-

1804 2847 1942 2900 sime
1971 2854 2232 2915 expertus
2270 2856 2353 2901 est
2382 2861 2395 2898 :
2429 2861 2555 2916 pars
2589 2849 2733 2900 enim
2765 2846 3053 2917 naufragio
3099 2847 3262 2901 vitam
3297 2848 3379 2902 in-

1804 2936 2036 2990 feliciter
2064 2938 2390 3001 amiserunt,
2424 2953 2551 3007 pars
2582 2940 2635 2993 in
2670 2939 2827 2992 littus
2860 2940 3062 3009 recepti
3096 2939 3197 3008 ipsi
3227 2940 3377 2994 nibi-

1803 3029 2036 3083 lominus
2083 3030 2256 3085 cladis
2287 3030 2419 3085 socii
2484 3032 2834 3086 exstiterunt.
2885 3033 2964 3088 Ac
3015 3033 3233 3101 quidem
3290 3033 3378 3087 ille

1800 3121 2074 3176 exercitus
2099 3123 2169 3176 ita
2199 3123 2380 3191 periit.
2430 3122 2540 3179 Nec
2573 3124 2736 3194 longo
2773 3136 2895 3193 pOSl.
2922 3133 3173 3195 tempore,
3202 3126 3373 3195 practi-

1801 3212 2019 3266 deutius
2041 3211 2347 3282 majurique
2374 3214 2604 3270 audacia
2632 3216 2832 3269 bellum
2882 3232 3179 3286 aggressus
3210 3231 3374 3287 supra

1799 3301 2162 3370 quadraginta
2201 3304 2377 3357 millia
2420 3304 2486 3357 de
2537 3307 2782 3359 exercitu
2821 3307 3028 3361 amisit.
3059 3306 3374 3377 iterumque

1798 3405 2055 3462 suscepta
2109 3394 2379 3449 adversus
2428 3396 2723 3452 Cretenses
2778 3398 2986 3453 Arabes
3036 3399 3373 3467 expeditione

1795 3485 1952 3539 irrito
1985 3494 2186 3540 conatu
2220 3502 2471 3542 reversus
2491 3498 2593 3553 est,
2629 3505 2736 3544 ιιοιι
2770 3490 2961 3558 paucis
3010 3508 3231 3545 suorum
3264 3492 3372 3546 illic

1794 3577 2142 3644 desideratis,
2169 3594 2233 3631 eo
2270 3580 2413 3648 quod
2444 3578 2567 3650 fuga
2609 3598 2742 3636 usus
2766 3592 3005 3651 emptum
3037 3596 3255 3652 repente
3282 3600 3374 3639 uc-

1793 3674 2001 3743 golium
2032 3672 2383 3726 deseruisset.
2427 3671 2626 3727 Verum
2661 3674 2775 3727 Incc
2810 3673 2899 3727 ille
2924 3674 3094 3742 prius.

1866 3764 1955 3815 40.
1988 3761 2141 3815 'l‘unc
2180 3773 2362 3815 autem
2394 3764 2681 3832 perspicua
2733 3764 2983 3832 quaedam
3034 3764 3213 3834 signa,
3265 3765 3372 3815 orti

1793 3864 2039 3917 cometae,
2075 3852 2188 3907 visa
2223 3856 2517 3920 insomnia,
2562 3857 2701 3910 mala
2748 3856 3051 3926 prodebant
3081 3874 3203 3925 qtne
3242 3855 3370 3908 Bar-

1792 3948 1915 3999 datu
1942 3959 2124 4000 essent
2146 3957 2438 4017 exceptura
2469 3964 2483 4012 ;
2518 3963 2581 4003 ea
2614 3964 2741 4003 vero
2772 3964 2880 4002 non
2903 3964 2933 4004 a
2959 3964 3089 4003 casu
3115 3965 3209 4003 seu
3238 3949 3371 4003 alias

1792 4055 1938 4093 caeco
1994 4040 2218 4108 impetu,
2262 4042 2354 4095 sed
2394 4041 2632 4111 quadam
2683 4042 2827 4097 illius
2874 4042 3238 4112 providentia,
3278 4042 3369 4111 qui

1794 4148 1901 4185 non
1927 4133 2148 4202 perinde
2181 4144 2409 4189 mortem
2443 4137 2747 4203 peccatoris
2796 4146 2960 4199 atque
2991 4145 3048 4187 ut
3083 4145 3343 4189 converta

1792 4234 1900 4287 tur,
1951 4225 2147 4293 quaerit
2184 4225 2226 4277 ί.
2265 4225 2450 4293 itaque
2489 4226 2593 4280 sibi
2650 4227 2703 4279 in
2751 4229 2964 4280 somnis
3016 4228 3164 4280 visus
3194 4235 3370 4281 estad

1790 4317 1885 4371 llei
1920 4318 2205 4387 templum,
2230 4317 2373 4387 quod
2405 4318 2663 4387 Sepbiam
2699 4330 2917 4381 vocant,
2974 4336 3080 4374 una
3110 4337 3232 4373 cum
3271 4320 3368 4372 Mi-

1788 4411 1977 4462 cbaele.
2028 4408 2224 4463 festivo
2273 4410 2441 4464 tutius
2484 4410 2667 4479 populi
2700 4420 2974 4465 conventu
3029 4412 3368 4478 solcinnique

1791 4513 1986 4568 pompa
2009 4498 2340 4569 procedere;
2371 4514 2481 4568 quo
2513 4514 2637 4553 cum
2676 4500 2919 4554 venisset
2947 4511 2996 4553 et
3025 4502 3089 4553 ad
3125 4503 3365 4554 medium

105 4575 179 4625 τοῦ
221 4578 394 4641 ναοῦ,
456 4578 790 4648 λευκοφόροι
851 4582 997 4642 τινές
1051 4584 1402 4650 ἀνεφαίνοντο
1452 4588 1546 4641 δύο
1592 4591 1682 4643 τὸν

1798 4591 1970 4655 templi
2010 4604 2332 4658 progressus
2364 4599 2530 4651 esset,
2560 4590 2697 4643 duos
2731 4591 2998 4659 quosdam
3026 4590 3165 4645 albis
3209 4592 3363 4643 indu-

104 4667 335 4738 αριθμὸν,
368 4669 437 4723 τὸ
491 4669 686 4739 σχῆμα
721 4672 1113 4740 ἁγγελοειδεῖςο
1157 4678 1231 4741 ὼς
1260 4679 1315 4731 δὲ
1344 4684 1680 4755 προσωτέρω

104 4760 282 4821 μᾶλλον
332 4762 671 4832 ἐχώρησαν,
705 4764 833 4818 ἄλλο
878 4767 975 4835 μέν
1028 4769 1226 4838 ὁρῶσιν
1256 4771 1429 4837 οὐδὲν,
1468 4775 1598 4826 ἐπὶδ
1624 4777 1681 4829 δέ

98 4849 159 4916 τῷ
199 4850 375 4923 θρόνῳ
421 4854 562 4905 τινὰ
610 4856 837 4924 γηραιὸν
868 4859 1239 4931 ἐγκαθήμενον
1265 4864 1507 4935 (Πέτρον
1540 4864 1680 4921 εἶναι

96 4939 260 4992 τοῦτον
303 4944 401 4996 τὸν
434 4948 748 5014 κορυφαῖον
777 4946 886 4999 τῶν
933 4950 1245 5004 ἀποστόλων
1283 4953 1677 5028 ὑπώπτευσαν)

96 5030 171 5079 καὶ
194 5033 318 5103 περὶ
346 5034 487 5096 τοὺς
523 5034 743 5086 ἐκείνου
772 5036 930 5100 πὸδας
956 5040 1047 5089 τὸν
1076 5041 1385 5112 μακαρίτην
1419 5046 1678 5113 Ἰγνάτιον

97 5121 515 5194 καλινδούμενον
555 5127 652 5178 καὶ
683 5129 781 5197 τὴν
814 5132 942 5201 παρ’
980 5125 1053 5184 ὧν
1086 5135 1377 5188 ἐπεπόνθει
1402 5138 1551 5191 δεινὰ
1582 5141 1675 5191 ἐκ·

93 5211 280 5284 ὃίκησιν
305 5219 443 5270 ἰδεῖν
469 5220 889 5287 ἐξαιτούμενον.
934 5223 991 5277 Ὀ
1023 5225 1077 5277 δὲ
1111 5226 1303 5297 ἐκείνῳ
1332 5245 1392 5281 τε
1418 5224 1506 5283 οἷα
1534 5248 1674 5301 συμ-

94 5304 291 5375 πάσχων
342 5309 535 5378 ἔφησε
598 5309 781 5362 δοῦναι
828 5315 927 5365 οὐκ
978 5318 1056 5377 εἰς
1118 5321 1355 5385 μακρὰν,
1420 5321 1513 5372 καὶ
1562 5322 1671 5374 τῶν

93 5394 392 5460 ἑςεστὼτων
442 5402 537 5453 ἐνὶ
594 5400 718 5466 (δύο
764 5403 818 5453 δε
853 5405 1025 5475 τούτῳ
1079 5406 1172 5479 [Ρ.
1228 5408 1359 5481 127]
1396 5428 1665 5481 χρυσοφο-

94 5488 284 5556 ροῦντες
309 5494 658 5562 ἐφαίνοντο)
685 5496 961 5569 μάχαιραν
985 5502 1046 5553 οὐ
1078 5502 1319 5573 μεγάλην
1349 5505 1492 5570 δοὺς,
1532 5510 1668 5577 Ἀγε

156 5666 166 5702 ί
192 5665 389 5725 Elecb.
422 5686 603 5733 xrm,
626 5670 715 5725 3'2.

1786 4692 1872 4736 tos
1904 4683 2144 4751 angelica
2172 4682 2354 4751 specie
2376 4684 2685 4737 occurrisse
2713 4700 2726 4748 ;
2765 4696 2990 4752 tumque
3014 4684 3078 4737 ad
3105 4684 3362 4737 ulteriora

1787 4774 2140 4843 procedentes
2172 4781 2370 4842 praater
2407 4788 2594 4828 senem
2630 4774 2682 4826 in
2714 4773 3069 4844 patriarcbali
3105 4773 3246 4826 solio
3278 4788 3359 4827 re-

1787 4870 2051 4920 silentem
2076 4865 2225 4920 aliud
2258 4867 2392 4921 nihil
2426 4868 2654 4922 vidisse.
2692 4865 2848 4921 llunc
2881 4868 3101 4921 Petrum
3136 4877 3357 4937 aposto-

1787 4960 1962 5013 lorum
1990 4957 2155 5029 204
2176 4959 2477 5028 principem
2528 4974 2653 5014 esse
2703 4968 3053 5029 putaverunt,
3096 4960 3162 5013 ad
3202 4960 3357 5028 cujus

1786 5054 1948 5122 pedes
2001 5052 2321 5121 provolutus
2358 5051 2601 5121 Ignatius
2639 5065 2990 5121 acceptarum
3033 5051 3356 5121 injuriaruin

1783 5145 2041 5198 ultionem
2078 5154 2418 5213 exposeerel.
2456 5144 2655 5199 Senem
2716 5144 3092 5200 miserationis
3156 5144 3352 5197 aﬂ'nclu

1778 5238 1999 5291 ductum
2039 5237 2187 5291 brevi
2216 5252 2339 5290 eum
2372 5252 2431 5291 se
2467 5237 2707 5290 ulturum
2770 5238 3155 5305 respoodisse;
3205 5246 3353 5289 tuni-

1775 5345 1880 5398 que
1914 5330 2003 5383 uni
2045 5330 2403 5392 adstantium,
2429 5343 2554 5382 cum
2607 5329 2720 5383 duo
2748 5337 3077 5398 apparerent
3112 5328 3353 5382 vestibus

1772 5435 1908 5474 auro
1939 5424 2214 5474 contentis
2240 5420 2523 5489 Splendide
2550 5422 2750 5485 ornati,
2798 5421 3031 5492 pugione
3065 5419 3266 5474 tradito
3296 5420 3349 5471 in

1775 5511 1891 5566 haec
1949 5514 2111 5566 verba
2176 5513 2416 5565 locutum
2445 5528 2565 5566 esse
2599 5530 2611 5565 :
2644 5511 2913 5582 Agedum,
2976 5511 3173 5581 inquit,
3215 5509 3351 5560 hunc

1361 5770 1591 5825 VARL-E
1631 5771 1927 5828 LECTION
1940 5777 2039 5828 ΕΒ.

152 5855 511 5930 ’ἐρεριθείας
550 5860 619 5923 Γ,
650 5862 964 5931 ἐρεσχελῖας
1002 5865 1053 5919 in
1091 5868 1362 5939 margine.
1444 5873 1460 5901 '
1492 5871 1724 5943 ναυαγίᾳ
1752 5872 1775 5926 ?
1848 5874 1863 5903 ³
1899 5873 1977 5943 δὲ]
2010 5875 2106 5943 μὲν
2133 5873 2190 5929 Ρ.
2274 5876 2289 5906 ⁵
2322 5874 2437 5946 ἐπὶ]
2466 5877 2589 5947 περὶ
2620 5875 2677 5929 Ρ.
