4154 6446
727 394 832 456 219

1812 380 2317 445 THEOPIHNES
2350 379 2913 441 CONTINUATUS.

3887 382 3995 443 920

730 506 938 571 quidem
970 504 1037 553 ml
1068 502 1252 553 la'rum
1284 500 1633 560 constituens,
1674 497 2034 566 Tlieorgislnm
2063 499 2157 563 (ita
2191 496 2305 547 (12e-

2436 495 2509 557 ῖὴ,
2542 496 2750 560 ταύτῃ.
2778 495 2971 568 ἔφησε,
2993 494 3101 545 τὸν
3119 493 3232 562 μὲν
3265 494 3333 560 τῇ
3364 493 3817 561 τῶνεὐωνύμων⁸
3838 498 3997 563 χώρῃ

734 614 913 652 sat-cm
970 594 1324 659 nominabat)
1381 591 1713 646 membratim
1762 592 1977 659 concide
2023 607 2043 644 :
2081 591 2310 643 alterum

734 705 854 741 vero
884 683 1698 752 Asebotecnou(imperatorem
1738 681 1949 735 scilicet
2000 682 2073 735 ita
2125 682 2313 751 appel-

734 781 877 846 lans)
906 779 961 832 in
996 778 1184 830 dextra
1207 775 1421 845 quidem
1472 783 1622 843 parte
1653 773 1877 837 colloca,
1924 776 2097 829 simile
2139 786 2312 828 tamen

733 870 1052 939 supplicium
1096 869 1144 921 ei
1188 866 1463 919 denuntia.
1499 865 1590 920 Sic
1638 865 1973 919 insomnium
2022 866 2182 919 finem
2218 867 2314 918 ha-

738 961 873 1024 lmit,
906 960 1053 1028 quod
1085 972 1183 1010 nec
1212 956 1391 1025 ipsum
1427 956 1727 1018 somnium,
1786 956 1878 1009 sed
1934 957 2135 1009 veritas
2191 955 2312 1009 fuit.

738 1049 1279 1105 licstinabatBardas
1303 1049 1357 1101 itt
1389 1047 1687 1101 Cretenses
1723 1065 1830 1101 una
1862 1064 1986 1102 cum
2021 1047 2309 1107 Michaelc,

735 1143 1039 1211 assumptis
1070 1141 1329 1195 omnibus
1357 1141 1550 1208 copiis,
1579 1141 1983 1207 expeditionem
2011 1142 2313 1211 suscipere.

741 1235 979 1290 Veniens
1012 1236 1197 1303 itaque
1228 1235 1293 1286 ad
1327 1232 1697 1287 sanctissima:
1729 1230 1966 1285 domina:
1989 1243 2188 1287 nostra:
2225 1232 2315 1287 Dei

739 1325 1038 1379 Genitricis
1076 1325 1270 1388 ardent,
1303 1338 1465 1394 quam
1500 1321 1703 1392 llodegi
1738 1334 1959 1387 vocant,
2005 1340 2065 1379 se
2111 1340 2322 1394 suaque

744 1418 821 1471 illi
870 1417 1359 1472 commendaturus
1402 1432 1466 1471 ac
1496 1418 1651 1485 quasi
1684 1418 1801 1470 vale
1829 1418 2098 1480 dicturus,
2130 1418 2323 1486 praelu-

743 1510 992 1564 centibus
1033 1509 1245 1565 facibus
1279 1510 1562 1580 ingressus
1600 1520 1705 1563 est.
1746 1509 1801 1562 In
1858 1509 1993 1578 ipsis
2031 1525 2159 1561 vero
2191 1510 2323 1564 aedis

743 1600 1119 1669 penetralibus
1145 1616 1381 1655 excussa
1413 1600 1595 1653 subito
1633 1616 1699 1653 ex
1733 1600 1853 1668 ejus
1899 1600 2140 1654 humeris
2171 1600 2324 1654 chla-

745 1706 867 1760 mys
891 1692 1255 1744 maximorum
1282 1691 1555 1744 malorum
1592 1692 1925 1761 praesagium
1970 1692 2142 1745 dedit.
2178 1691 2324 1746 Idem

747 1784 922 1849 pridie
951 1800 1115 1852 quam
1161 1799 1227 1838 ex
1268 1783 1402 1837 urbe
1448 1782 1801 1848 discesserat,
1858 1784 1972 1838 sive
2026 1785 2140 1853 ipse
2187 1785 2347 1839 ultro‘

748 1872 863 1927 sive
896 1873 1009 1942 jam
1040 1872 1239 1927 futurae
1284 1874 1359 1927 rei
1397 1883 1622 1943 urgente
1654 1874 1787 1939 fato,
1820 1885 2152 1929 convocatos
2183 1876 2322 1927 ami-
2359 1865 2396 1916 Β

748 1981 847 2019 cos
882 1981 945 2019 ac
969 1966 1222 2020 convivio
1250 1975 1506 2035 acceptos
1536 1965 1768 2030 monuit,
1804 1981 1917 2021 sua:
1939 1966 1991 2019 in
2028 1966 2148 2021 illos
2183 1968 2321 2020 ami-

750 2059 890 2112 citiae
926 2073 1196 2114 memores
1222 2068 1430 2123 essent,
1481 2073 1547 2113 ac
1592 2058 1744 2113 velut
1773 2074 1803 2113 e
1834 2059 1945 2115 vita
1991 2061 2324 2130 migraturus

748 2151 831 2203 eis
863 2150 1036 2219 legata
1067 2149 1376 2205 distribuit.
1436 2148 1634 2206 Verum
1681 2167 1907 2207 necesse
1954 2162 2072 2207 erat
2124 2167 2181 2207 ut
2238 2154 2327 2209 illa

752 2240 915 2295 finem
956 2243 1289 2312 acciperent.
1319 2242 1509 2312 Coepta
1547 2257 1680 2312 ergo
1708 2245 2078 2313 expeditione,
2111 2260 2236 2299 cum
2272 2247 2326 2300 in

753 2332 1150 2388 Tliracensinm
1181 2334 1460 2401 regionem
1495 2336 1547 2387 in
1574 2334 1755 2390 locum
1800 2335 1890 2389 cui
1938 2335 2067 2404 Cepi
2125 2351 2326 2391 nomen

751 2425 918 2497 205
942 2427 1337 2496 pervenissent,
1363 2428 1457 2496 qui
1490 2428 1700 2497 priores
1724 2428 1905 2483 locum
1931 2438 2319 2500 occupassent,

758 2522 995 2573 tentoria
1046 2520 1303 2575 certatim
1344 2535 1409 2576 ac
1456 2520 1703 2590 diligenti
1738 2537 1900 2591 opera
1958 2522 2217 2593 figebant.
2270 2523 2329 2577 In

757 2612 845 2666 his
868 2613 1086 2677 accidit,
1114 2613 1230 2669 sive
1253 2612 1303 2666 id
1337 2611 1519 2667 dedita
1552 2628 1719 2680 Opera
1750 2614 1868 2669 sive
1899 2629 1996 2684 per
2040 2616 2330 2671 ministro-

758 2719 884 2758 rum
919 2704 1370 2775 imprudentiam,
1394 2717 1453 2760 ut
1479 2705 1764 2762 Michaelis
1793 2707 2095 2761 tentorium
2136 2706 2331 2762 humili

759 2796 1031 2865 planoque
1088 2795 1209 2850 loco
1272 2793 1695 2866 expanderetur,
1761 2796 1995 2851 Ca'saris
2045 2805 2227 2851 autem
2279 2797 2332 2851 in

760 2887 1001 2957 quodam
1036 2888 1247 2942 tumulo
1267 2890 1541 2959 pauloque
1570 2890 1794 2944 editiori
1827 2890 1968 2945 loco.
1999 2889 2115 2944 Hoc
2145 2892 2219 2945 ita
2247 2890 2333 2945 fa-

759 2989 935 3044 ctum,
958 2994 1059 3033 ceu
1086 2980 1329 3035 oblatum
1354 2982 1628 3050 quoddam
1650 2998 1714 3037 ac
1740 2982 1951 3037 luerunt
1987 2983 2334 3050 insperatum

761 3069 1109 3138 arripientes,
1134 3071 1227 3140 qui
1258 3069 1507 3125 Michaeli
1542 3071 1805 3127 adversus
1835 3072 2117 3128 Caesarem
2150 3074 2336 3128 obtre-

763 3161 1005 3226 ctabant,
1041 3162 1160 3216 viro
1195 3163 1677 3217 calumniabantur
1701 3164 1861 3233 eique
1894 3165 2122 3221 insidias
2156 3177 2336 3222 strue-

769 3252 919 3305 bant.
949 3252 1143 3323 Ingens
1174 3261 1355 3308 tamen
1382 3253 1620 3310 Caesaris
1658 3256 1899 3324 potentia
1932 3256 2186 3311 inimicos
2230 3267 2343 3312 tur-

769 3342 932 3398 babat
964 3356 1013 3398 et
1051 3345 1116 3399 ad
1153 3345 1465 3401 audendum
1500 3347 1715 3402 facinus
1749 3348 2031 3419 segniores
2062 3349 2341 3404 reddebat.

768 3433 906 3489 Tum
928 3437 1074 3491 enim
1102 3439 1409 3507 Antigonus
1437 3438 1751 3494 scholarum
1789 3440 2123 3495 domesticus
2156 3440 2346 3495 Βαναία

768 3544 933 3599 quam
977 3527 1246 3594 Michaeli,
1273 3532 1415 3584 filius
1441 3530 1655 3586 scilicet
1691 3531 1854 3601 patri,
1884 3532 2211 3601 propensius
2252 3547 2347 3601 pa-

770 3602 925 3672 rebat
962 3618 1336 3690 honoremque
1369 3621 1639 3685 habebat;
1676 3628 1793 3674 tum
1821 3622 1991 3676 duces
2032 3623 2146 3685 alii,
2187 3621 2349 3692 Synt-

772 3710 1068 3780 batiusque
1124 3710 1303 3767 dromi
1355 3712 1654 3782 logotheta,
1700 3711 1889 3768 Barda:
1921 3730 1987 3767 ex
2016 3714 2122 3768 filia
2162 3730 2349 3784 gener.

771 3804 892 3872 ejus
933 3805 1091 3871 plane
1125 3805 1289 3860 rebus
1318 3806 1539 3860 studere
1566 3806 1882 3877 cogebatur.
1912 3803 2112 3860 Verum
2137 3810 2351 3861 nescie-

773 3895 866 3949 bat
905 3895 1108 3951 Bardas
1138 3897 1282 3952 hunc
1313 3898 1504 3952 fraude
1532 3914 1562 3951 a
1606 3897 1870 3954 Michaele
1906 3899 1959 3952 in
2004 3914 2133 3953 suas
2162 3903 2353 3953 tradu-

772 3999 920 4046 ctum
952 4002 1151 4061 partes,
1179 3992 1341 4061 eique
1369 3991 1687 4061 praecipiam
1728 3992 1878 4046 necis
1904 4003 2183 4046 aucmrem
2218 3992 2352 4047 fore.

774 4083 1051 4139 Instructo
1116 4099 1247 4154 ergo
1301 4084 1539 4137 consilio
1608 4084 1921 4152 paratisque
1982 4084 2232 4148 insidiis,
2292 4099 2357 4137 ac

774 4177 1044 4246 expeditis
1069 4177 1163 4246 qui
1197 4192 1311 4230 rem
1349 4176 1648 4245 praestituri
1675 4185 1885 4239 essent,
1920 4191 2028 4230 non
2061 4176 2152 4229 alii
2190 4192 2354 4245 quam

778 4268 1061 4340 Symbatio
1086 4270 1394 4324 concredita
1430 4268 1689 4323 facinoris
1725 4279 1933 4324 tessera
1956 4276 2059 4323 est.
2086 4266 2205 4321 .lain
2228 4282 2359 4338 ergo

2366 3211 2409 3266 C

779 4362 934 4415 lectis
963 4361 1327 4415 relationibus
1371 4361 1690 4432 Symbatius
1728 4359 1796 4414 ab
1838 4361 1948 4415 illis
1971 4361 2200 4426 exierat,
2258 4362 2360 4413 im-

780 4467 1082 4522 pressoque
1115 4451 1279 4506 fronti
1312 4453 1495 4507 crucis
1544 4452 1829 4521 signaculo
1852 4451 2070 4521 signum
2113 4451 2357 4505 dederat.

2413 583 2875 651 ἐγκαταστήσας
2895 582 3169 650 μεληδὸν
3189 582 3468 651 διάτεμνε
3494 583 3600 634 τὸν·
3625 585 3997 651 θεόργιστον,

2414 673 2556 725 οὕτω
2583 674 2646 743 δὴ
2684 674 2772 726 τὸν
2789 675 2810 704 ⁵
2835 672 3089 743 Καίσαρα
3122 673 3309 737 εἰπὼν,
3344 674 3450 726 τὸν
3472 674 3540 725 δὲ
3569 674 3765 727 ἄλλον
3789 675 4002 727 ἀσεϐέ-

2416 782 2653 829 τεκνον,
2681 764 2825 817 οὕτω
2866 766 2957 816 τὸν
2991 764 3215 834 βασιλέα
3258 766 3634 834 κατονομάσας
3656 807 3671 831 ,
3705 765 3998 833 κατάλεγε

2415 856 2532 924 μὲν
2583 854 2708 921 τοῖς
2756 856 3000 921 δεξιοῖς,
3043 856 3159 923 τὴν
3185 856 3237 909 δ’
3264 858 3478 925 ὁμοίαν
3522 855 3705 923 δίκην
3746 857 4001 911 ἁπεκδέ-

2421 952 2631 1016 χεσθαι
2687 948 3006 1013 πρόσειπε.
3062 949 3172 1000 Καὶ
3216 950 3244 1001 6
3306 948 3406 1016 μὲν
3456 948 3665 1017 ὄνειρος
3720 948 3864 1001 οὕτω
3928 946 3999 1016 δὴ

2420 1036 2674 1089 ἐτελεύτα
2698 1053 2711 1063 ·
2740 1036 2768 1087 ὃ
2800 1036 2858 1088 δὲ
2894 1036 3042 1107 ῦπαρ
3068 1036 3184 1090 ἀλλ’
3214 1038 3313 1090 οὐκ
3343 1037 3474 1103 ὖναρ
3507 1038 3677 1099 ἐστὶν,
3706 1036 3831 1105 ἄρτι
3857 1039 4003 1089 κατὰ

2418 1141 2527 1194 τῶν
2558 1140 2854 1212 Κρητικῶν
2878 1142 3153 1212 πανδημεὶ
3176 1143 3311 1209 μετὰ
3348 1142 3442 1195 τοῦ
3475 1142 3694 1213 Μιχαὴλ
3722 1142 4007 1195 καθωπλίο

2424 1232 2566 1295 ζετο,
2618 1236 2715 1286 καὶ
2753 1234 2887 1303 πρὸς
2912 1235 3003 1286 τὸν
3030 1235 3130 1302 τῆς
3160 1234 3464 1302 ὐπεραγίας
3510 1235 3805 1305 Δεσποίνης
3843 1235 4007 1303 ἡμῶν

2422 1321 2697 1375 Θεοτόκου
2733 1322 2880 1385 ναὸν,
2912 1321 2969 1384 ὃς
3002 1321 3144 1374 οὕτω
3174 1322 3239 1393 δὴ
3281 1322 3499 1390 Ὀδηγοὶ
3541 1322 4009 1389 κατονομάζεται,

2427 1415 2837 1484 προσφοιτήσας
2865 1412 3036 1482 εἰσῄει
3066 1413 3203 1483 μετὰ
3248 1413 3549 1481 λαμπάδων
3580 1417 3674 1467 τὸν
3700 1421 4012 1483 συντακτήο

2428 1519 2543 1573 ριον
2599 1502 2916 1574 ἐκπληρῶν.
2981 1504 3069 1566 Ὠς
3115 1498 3209 1555 οὖν
3261 1506 3373 1564 τοῖς
3423 1503 3637 1565 ἀδύτοις
3691 1504 4013 1571 πλησιάζων

2427 1594 2617 1664 ἀπῄει,
2652 1595 2806 1662 ἄφνω
2843 1595 2953 1647 τῶν
2981 1594 3147 1647 αὐτοῦ
3178 1594 3344 1664 ὤμων
3392 1596 3424 1663 ἡ
3456 1595 3640 1664 χλανὶς
3672 1594 4015 1665 ὀλισθήσασα

2430 1696 2709 1751 αἰσθέσθαι
2774 1698 2963 1749 τοῦτον
3019 1697 3353 1768 καινοτέρων
3418 1698 3607 1751 δεινῶν
3669 1700 4014 1767 ἐνεποίησεν.

2434 1791 2544 1843 Καὶ
2585 1791 2745 1853 αὐτὸς
2800 1792 2857 1844 δὲ
2904 1791 3011 1861 πρὸ
3044 1792 3172 1861 μιᾶς
3202 1792 3413 1862 ἡμέρας
3461 1792 3557 1844 τοῦ
3591 1794 3807 1863 μέλλειν
3846 1795 4019 1847 αὐτ-δν

2425 1882 2679 1952 ἀπαίρειν
2700 1883 2806 1934 ἀπὸ
2829 1882 2929 1951 τῆς
2953 1882 3181 1943 πόλεως,
3206 1880 3309 1934 εἶτ’
3330 1883 3423 1951 ἀφ’
3470 1882 3637 1936 αὐτοῦ
3663 1885 3771 1937 εἴτε
3800 1887 3893 1938 καὶ
3919 1886 4020 1938 ἆλ-

2427 1971 2687 2036 λως’ὑπὺ
2738 1973 2834 2027 τοῦ
2869 1974 3159 2043 μέλλοντος
3208 1972 3589 2043 ἐλαυνόμενος,
3642 1976 3769 2038 τοὺς
3825 1976 4021 2043 φίλους

2430 2068 2753 2135 συναγαγὼν
2798 2070 2877 2130 είς
2918 2068 3117 2121 ταυτὸν
3146 2068 3238 2121 καὶ
3284 2070 3664 2138 συμποσιάσας
3698 2070 4019 2140 μεμνῆσθαί

2430 2176 2487 2210 τε
2514 2158 2613 2228 τῆς
2659 2157 2824 2212 αὐτοῦ
2870 2160 3112 2229 παρῄνει
3147 2160 3329 2227 φιλίας
3359 2161 3557 2222 αὐτοὺς
3586 2160 3680 2213 καὶ⁵
3707 2161 3911 2226 λεγάτα
3942 2162 4021 2225 ὡς

2430 2250 2525 2304 τοῦ
2570 2252 2685 2322 βίου
2726 2251 2826 2323 ήδη
2883 2252 3168 2321 γινόμενος
3217 2250 3324 2315 ἔξω
3354 2250 3649 2304 ἐπέδωκεν.
3713 2252 3859 2303 Ἀλλ’
3909 2254 4023 2306 ἔδει

2428 2342 2602 2396 ταῦτα
2653 2344 2807 2407 τέλος
2853 2342 3061 2396 λαϐεῖν.
3128 2344 3219 2405 Ὠς
3273 2339 3368 2396 οὖν
3422 2342 3567 2395 κατὰ
3623 2343 3723 2413 τῆς
3786 2346 4024 2414 Κρήτης

2430 2434 2658 2506 ἐξῄεσαν
2707 2434 2801 2487 καὶ⁵
2830 2433 2908 2503 τῷ
2954 2434 3152 2502 θέματι
3202 2433 3311 2486 τῶν
3369 2433 3695 2504 Θρᾳκησίων
3727 2434 4019 2502 ἐπέϐησαν

2433 2530 2573 2582 κατὰ
2607 2529 2853 2599 Κήπους,
2882 2527 3047 2580 τόπον
3080 2524 3202 2580 τινα
3227 2525 3373 2579 οὕτω
3404 2525 3939 2595 κατοιιομαζόμενον,
3975 2529 4027 2579 οἱ

2433 2620 2645 2683 τούτοις
2706 2618 3109 2691 ὑπηρετοῦντες
3180 2616 3592 2686 προφθάσαντες
3655 2618 3753 2680 τὰς
3808 2619 4028 2686 σκηνὰς

2434 2715 2809 2783 κατεπήγνυον
2857 2712 3057 2783 ἁμίλλῃ
3100 2711 3377 2780 χρώμενοι
3426 2711 3521 2762 καὶ
3580 2709 3807 2778 σπουδῇ.
3851 2709 4029 2761 Ἔνθα

2438 2821 2577 2870 πως,
2623 2802 2734 2857 εἴτε
2767 2803 2833 2872 δὴ
2867 2805 3009 2855 κατὰ
3050 2801 3309 2872 πρόνοιαν
3362 2798 3470 2852 εἴτε
3519 2797 3585 2867 δὴ
3610 2798 3704 2850 καὶ
3745 2798 3926 2860 ἄλλως
3959 2797 4033 2849 δι’

2437 2897 2680 2965 ἄγνοιαν.
2736 2895 2836 2963 τὴν
2885 2894 2985 2962 μὲν
3017 2893 3113 2946 τοῦ
3157 2891 3378 2961 Μιχαὴλ
3420 2891 3511 2943 ἐπὶ
3542 2890 3791 2951 πεδιάδος
3821 2889 4034 2958 χωρίου

2439 2988 2533 3041 καὶ
2578 2984 2783 3055 ὁμαλοῦ
2838 2984 3067 3037 αὐλαίαν
3119 2981 3602 3044 ὲκπεταννύουσιν,
3640 2984 3719 3041 είς
3765 2979 3933 3045 λόφον
3970 2979 4031 3031 δέ

2438 3096 2559 3131 τινα
2602 3079 2695 3131 καὶ
2744 3077 3226 3146 ὑπερανεστηκότα
3272 3073 3453 3144 χῶρον
3500 3073 3600 3142 τῆς
3634 3073 3736 3141 γῆς
3782 3072 3887 3142 τὴν
3936 3070 4038 3124 τοῦ

2441 3169 2746 3237 Καίσαρος*
2789 3171 2929 3237 ὅπερ
2974 3166 3050 3228 ὡς
3106 3164 3335 3234 ἐρμαίόν
3374 3181 3428 3216 τι
3478 3165 3571 3216 καὶ
3617 3161 4043 3232 ἀπροσδόκητον

2446 3257 2634 3328 κέρδος
2670 3257 2924 3317 λαϐόντες
2967 3254 3018 3308 οἳ
3052 3254 3130 3324 τῷ
3174 3254 3395 3324 Μιχαὴλ
3434 3254 3710 3306 κατεϐόων
3756 3251 3856 3306 τοῦ
3888 3253 4042 3307 Καί-

2448 3366 2636 3419 σαρος,
2668 3348 3009 3420 κατῃτιῶντο
3036 3346 3096 3399 τὸ
3126 3344 3350 3414 γεγονὸς
3400 3344 3494 3397 καὶ
3521 3344 3617 3406 τὰς
3652 3343 3773 3397 κατ’
3815 3342 4045 3395 ἐκείνου

2448 3440 2722 3512 ἔρῤαπτον
2789 3438 3121 3509 συμϐουλάς.
3176 3434 3317 3488 Ἀλλ’
3371 3436 3630 3505 ἔθραττεν
3694 3435 3898 3496 αὐτοὺς
3944 3438 4047 3485 καὶ

2447 3527 2820 3599 νωθρυτέρους
2866 3545 2982 3591 πως
3030 3528 3165 3597 πρὸς
3194 3526 3292 3596 τὴν
3328 3526 3644 3595 ἐγχείρησιν
3672 3525 3850 3577 ἐποίει
3878 3526 3914 3593 ἡ
3946 3524 4049 3575 τοῦ

2450 3623 2727 3691 Καίσαρος
2758 3620 3128 3691 κραταιοτέρα
3162 3619 3317 3687 ἰσχύς
3341 3635 3355 3650 ο
3391 3619 3420 3670 δ
3450 3634 3509 3669 τε
3558 3618 3669 3687 γὰρ
3711 3616 4052 3685 δομέστικος

2450 3715 2561 3766 τῶν
2607 3713 2813 3783 σχολῶν
2865 3713 3167 3777 Ἀντίγονος
3217 3709 3399 3779 τούτῳ
3454 3710 3678 3777 μᾶλλον,
3712 3708 3830 3761 ἀλλ’
3865 3709 3930 3760 οὐ
3967 3707 4057 3775 τῷ

2456 3806 2686 3877 βασιλεῖ,
2719 3804 2793 3868 ὠς
2842 3806 2957 3867 υίὸς
3005 3804 3333 3874 ἐπειθάρχει
3380 3802 3486 3867 καὶ]
3514 3803 3700 3871 ἤγετο,
3727 3801 3783 3853 οἴ
3805 3802 3858 3853 τ’
3893 3803 4058 3855 ἄλλοι

2453 3898 2519 3967 δὴ
2547 3897 2867 3967 στρατηγοὶ,
2900 3895 2992 3948 καὶ
3019 3898 3047 3948 6
3092 3894 3188 3948 τοῦ
3217 3894 3418 3965 δρόμου
3461 3895 3587 3955 τοὺς
3610 3892 3796 3959 λόγους
3825 3893 4022 3956 διδοὺς
4044 3936 4060 3954 .

2455 3990 2599 4044 οὕτω
2650 3988 2984 4057 καλούμενος
3042 3986 3368 4056 Συμϐἀτιος,
3427 3985 3523 4038 ἐπὶ
3578 3984 3810 4055 θυγατρὶ
3876 3986 4061 4038 αὐτοῦ

2459 4082 2719 4151 ὑπάρχων
2745 4078 2996 4149 γαμϐρὸς
3036 4079 3445 4149 ἀναντιρρήτως
3470 4076 3540 4128 τὰ
3569 4076 3777 4129 ἐκείνου
3820 4082 4067 4144 φρονεῖν

2457 4174 2818 4246 ἠναγκάζετο.
2867 4172 3009 4224 Ἀλλ’
3043 4171 3233 4223 ἔλαθεν
3264 4163 3419 4232 οὗτος
3452 4168 3679 4230 κλαπεὶς
3710 4168 3802 4221 καὶ
3841 4171 4071 4238 μᾶλλον

2457 4270 2550 4322 τὸν
2575 4267 2737 4337 φόνον
2769 4263 2864 4319 τοῦ
2912 4262 3178 4334 πενθεροῦ
3225 4260 3723 4331 κατεργασόμενος.
3769 4261 3859 4321 Ὡς
3888 4260 3996 4315 οὖν
4037 4266 4072 4331 ἡ

2464 4358 2629 4429 βουλὴ
2648 4357 2860 4428 ἠρτύθη
2892 4356 2986 4408 καὶ
3016 4357 3044 4407 ὁ
3067 4354 3220 4423 λόχος
3246 4352 3580 4422 ηὐτρέπιστο
3608 4352 3700 4403 καὶ
3721 4353 3770 4403 οἱ
3794 4351 3861 4403 τδ
3890 4352 4075 4422 ἔργον

2465 4454 2544 4515 είς
2566 4450 2740 4519 πέρας
2760 4450 2983 4514 ἄγοντες
3007 4446 3239 4514 ἕτοιμοι,
3266 4443 3515 4512 σύνθημα
3543 4444 3571 4495 6
3601 4442 3917 4511 Συμϐἀτιος
3944 4445 4076 4496 ἀλλ’

780 4543 980 4598 Verum
1012 4546 1207 4598 iterum
1249 4560 1416 4598 mora:
1442 4554 1608 4613 atque
1627 4546 1885 4609 timores,
1919 4558 1985 4596 eo
2012 4544 2158 4612 quod
2205 4558 2334 4611 pra:-

2449 4545 2548 4597 οὐκ
2586 4543 2743 4605 ἄλλος
2769 4542 3124 4610 ηὐτρέπιστο.
3154 4540 3314 4606 ’Λρτι
3339 4532 3431 4589 οὖν
3462 4534 3606 4604 ἐξῄει
3638 4536 3735 4595 τὰς
3763 4536 4079 4605 ἀναφορὰς

780 4654 908 4693 scus
937 4654 1001 4692 ac
1034 4636 1086 4690 in
1115 4646 1414 4704 conspectu
1447 4637 1650 4690 cohors
1696 4634 1931 4689 Ctesaris
1960 4632 2334 4688 fcederatoruu

2449 4635 2717 4704 ἀναγνοὺς
2744 4634 2802 4697 ἐξ
2821 4631 3022 4691 αὐτῶν,
3045 4630 3139 4682 καὶ
3167 4629 3228 4681 τὸ
3257 4630 3483 4697 σημεῖον
3516 4626 3686 4677 ἐδίδου
3707 4628 3959 4694 σταυρὸν
3991 4631 4079 4691 εἰς

777 4738 920 4783 erat.
952 4726 1172 4782 Veritus
1203 4729 1393 4796 itaque
1416 4725 1645 4780 Michael
1678 4741 1745 4779 ne.
1781 4726 1923 4779 inter
1954 4725 2053 4777 has
2084 4739 2275 4777 moras
2301 4743 2334 4776 n

2452 4728 2516 4780 τὸ
2558 4726 2850 4794 πρόσωπον
2880 4722 3233 4791 ἐγχαράττων
3265 4716 3453 4772 αὐτοῦ.
3496 4715 3638 4770 Ἀλλ’
3666 4715 3821 4776 αὖθις
3856 4718 4081 4769 ἀναϐο-

781 4821 992 4875 detecta
1023 4820 1261 4890 gladium
1295 4820 1349 4872 iu
1384 4835 1443 4873 se
1471 4819 1739 4881 traheret,
1767 4833 1863 4885 per
1885 4815 2176 4886 quemdam
2214 4814 2334 4867 fidis

2459 4818 2547 4871 λαί
2572 4816 2661 4889 [Ρ.
2705 4812 2829 4885 128]
2871 4829 3014 4873 τινες
3047 4806 3188 4881 ἦσαν
3217 4808 3314 4862 καὶ
3350 4806 3606 4875 ἀτολμίαι
3637 4804 3712 4873 τῷ
3739 4808 4083 4874 napo-ana-

784 4916 982 4968 simum
1011 4912 1326 4981 conjuratos
1374 4912 1688 4974 confirmat,
1730 4910 1982 4979 bonaque
2015 4924 2078 4964 ac
2130 4910 2334 4962 honore

2462 4906 2579 4972 ζειν
2623 4906 2715 4959 καὶ
2747 4904 2887 4957 κατὰ
2931 4903 2993 4954 τὸ
3036 4901 3330 4970 πρόσωπον
3356 4895 3609 4949 ἵστασθαι
3637 4894 3735 4963 τὴν
3774 4893 3876 4946 τοῦ
3927 4897 4088 4948 Καί-

786 5006 1058 5075 pollicitus
1090 5004 1291 5058 animis
1320 5003 1673 5057 audentiores
1707 5002 1860 5056 facit.
1912 5002 2077 5072 206
2109 5004 2185 5055 Ac
2230 5016 2334 5054 san

2468 5016 2634 5071 σαρος
2683 4994 2989 5066 ἑταιρείαν’
3024 4993 3161 5062 ὅπερ
3189 4992 3217 5042 6
3264 4987 3484 5059 Μιχαὴλ
3534 4984 3954 5055 εὐλαϐούμενος
4004 4989 4092 5057 μὴ

788 5113 980 5168 parum
1017 5096 1191 5150 abfuit
1220 5095 1355 5165 quin
1387 5095 1575 5151 Caesar
1606 5094 1850 5164 periculo
1878 5105 2037 5169 tutus.
2054 5093 2232 5147 abiret
2265 5108 2333 5146 ne

2466 5092 2789 5160 κατάφωρος
2830 5086 3057 5154 γένηται
3102 5085 3197 5136 καὶ
3247 5080 3371 5134 καθ’
3402 5077 3597 5133 ἑαυτοῦ
3644 5078 3947 5151 ἐπισπάσῃ
3983 5082 4095 5151 τὴν

678 5231 683 5237 .
788 5205 1015 5260 cemque
1068 5189 1379 5244 evaderet:
1430 5196 1583 5243 tanto
1630 5187 1842 5243 scilicet
1896 5197 2041 5241 metu
2096 5184 2334 5254 conjurat

2472 5185 2771 5255 μάχαιραν,
2816 5176 3165 5249 ἐθαρσοποίει
3196 5191 3257 5227 τε
3291 5172 3418 5235 τοὺς
3467 5171 3667 5241 ἄνδρας
3719 5170 3808 5222 διὰ
3863 5174 4093 5225 πιστοῦ

790 5282 1028 5351 perculsi
1059 5292 1237 5347 erant,
1293 5281 1483 5351 sicque
1515 5281 1713 5336 animis
1758 5279 2107 5347 languebant.
2160 5276 2334 5331 Verum

2467 5292 2610 5337 τινος
2650 5275 2745 5326 καὶ
2796 5268 3278 5342 θαρραλεωτέρους
3321 5263 3531 5317 ἐδείκνυ
3558 5265 3676 5323 ταῖς
3721 5262 4097 5331 ὑποσχέσεσι

791 5375 990 5431 iterum
1011 5375 1184 5429 misso
1217 5374 1411 5429 nuntio
1437 5372 1668 5429 Michael
1707 5373 1911 5427 Basilio
1960 5371 2261 5427 accubitori
2295 5370 2334 5425 si

2469 5367 2565 5419 καὶ
2596 5366 2805 5435 τιμαῖς.
2865 5362 2985 5415 Κᾶν
3037 5358 3315 5428 παρῆλθεν
3374 5357 3467 5409 τὸν
3521 5355 3769 5408 κίνδυνον
3828 5358 3941 5407 καὶ
3991 5358 4098 5408 ea»

793 5469 1013 5536 gnificat
1046 5465 1101 5521 in
1136 5467 1417 5521 novacula:
1440 5467 1560 5521 acie
1603 5467 1958 5523 constitutam
1992 5466 2068 5518 rei
2119 5462 2330 5518 necessi

2472 5459 2633 5528 φόνον
2672 5458 2702 5510 6
2750 5458 2969 5525 Καῖσαρ
3018 5453 3301 5520 ἐξέφυγεν.
3343 5448 3424 5519 τῷ
3473 5448 3582 5500 δέει
3632 5445 3843 5498 τούτων
3902 5463 4102 5501 κατα-

796 5535 958 5609 tatem
981 5570 1103 5610 esse
1128 5572 1145 5610 :
1187 5554 1482 5625 desperare
1507 5572 1566 5612 se
1596 5557 1763 5610 vitam
1790 5572 1805 5619 ;
1852 5556 1917 5609 ad
1958 5555 2147 5608 Barda:
2177 5569 2334 5607 necem

2474 5547 2868 5619 πλησσομένων
2922 5545 3015 5597 καὶ
3073 5542 3282 5611 ἀθυμίᾳ
3333 5535 3870 5604 καταϐαλλομένων
3945 5538 4105 5591 ἀλλά

798 5663 858 5702 se
900 5647 1012 5701 cito
1060 5646 1318 5702 instruat.
1376 5647 1586 5713 Quibus
1636 5648 1837 5703 auditis
1887 5646 2143 5710 Basilius,
2190 5645 2334 5714 dequ

2476 5644 2639 5695 πάλιν
2681 5641 2747 5694 δι’
2784 5640 3133 5711 ἀποκρίσεως
3186 5636 3378 5705 ἐδήλου
3412 5632 3489 5703 τῷ
3538 5630 3804 5699 Βασιλείῳ
3843 5630 4106 5701 (παρα-

2085 5738 2317 5795 νΑιιιΑε
2357 5735 2763 5793 LECTIONES.

862 5841 882 5872 ⁸
913 5834 977 5904 δὴ
1005 5832 1116 5908 τὸν]
1143 5834 1233 5888 τὸν
1265 5850 1371 5890 om.
1412 5834 1469 5889 Ρ.
