4154 6446
164 400 233 463 9⁵21
970 401 1115 461 LIB.
1156 402 1255 465 IV.
1284 425 1351 438 -·
1391 402 1731 463 MICHAEL
1770 404 2193 465 THEOPIIILI
2244 404 2525 465 FILIUS.

3276 400 3380 463 22⁸2

164 513 463 585 κοιμώμενος
514 512 572 566 δὲ
623 504 777 574 οὗτος
837 506 940 580 ἦν)
978 513 1075 580 τὴν
1114 511 1207 563 ἐπὶ
1246 510 1410 579 ξυροῦ
1454 513 1694 566 ἑστῶσαν

1806 515 2153 583 imperatoris
2202 514 2375 567 salute
2430 513 2718 578 sollicitus,
2780 512 3030 567 timorem
3059 512 3361 581 conjuratis

163 610 389 675 ἀνάγκην,
440 604 537 656 καὶ
582 602 883 668 ἀπελέγετο
914 602 1013 670 τὴν
1062 602 1227 672 ζωὴν,
1289 603 1383 655 καὶ
1438 604 1571 674 πρὸς
1606 605 1696 657 τὸν

163 700 283 765 etim
339 690 705 757 καθώπλιζεν.
738 688 840 743 Ὧν
887 692 1141 759 ἀκηκοὼς
1188 694 1217 743 6
1251 692 1551 758 Βασίλειος,
1604 695 1699 746 καὶ

163 792 258 859 περὶ
292 787 387 839 τοῦ
429 785 697 857 βασιλέως
748 784 1133 855 κατορρωδῶν,
1182 784 1484 854 ἀπορρῖψαι
1520 786 1699 838 πείθει

160 884 204 934 rb
225 881 324 940 δέος
368 878 601 941 αὐτοὺς,
658 879 783 938 καὶ.
813 878 881 928 Ὠ
917 875 1023 943 τῆς
1067 876 1338 943 ἀνδρίας,
1372 876 1562 940 εἰπὼν,
1600 878 1699 929 καὶ

160 969 418 1037 εὐτόλμου
462 965 703 1035 ψυχῆς]
736 966 1015 1034 ἐπτέρωσέ
1066 982 1126 1016 τε
1177 966 1331 1033 ἄφνω
1372 968 1567 1026 αὐτοὺς
1605 968 1699 1019 καὶ

160 1060 448 1127 εέσπηδῆσαι
478 1059 616 1127 πρθις
650 1058 743 1109 τὸν
773 1056 960 1124 ἀγῶνα
988 1056 1264 1125 ἐποίησεν.
1294 1056 1402 1120 Οὓς
1431 1060 1459 1110 6
1483 1058 1696 1127 Βάρδας

159 1153 332 1223 ἀθρόως
376 1149 624 1219 ξιφήρεις
659 1148 785 1201 ἰδὼν
818 1148 915 1200 καὶ
964 1149 1338 1215 καταπλαγεὶς
1393 1148 1601 1215 έγνωκέ
1636 1167 1695 1202 τε

158 1244 227 1295 τὸν
252 1241 472 1293 θάνατον
520 1239 614 1292 καὶ
655 1240 790 1309 πρὸς
821 1239 950 1298 τοὺς
986 1239 1151 1301 πόδας
1186 1238 1378 1309 έρῥιψε
1414 1238 1508 1291 τοῦ
1539 1239 1696 1309 βασι-

156 1336 263 1398 λέως
304 1336 485 1387 αὐτόν.
533 1333 674 1385 Ἀλλ’
707 1334 803 1385 οὐκ
852 1329 921 1402 ἦν
962 1332 1151 1385 τοῦτον
1188 1333 1534 1400 διεκφυγεῖν·
1575 1333 1696 1385 ὅθεν

156 1426 367 1495 aboutpr
411 1426 623 1478 ἐκεῖθέν
662 1441 720 1476 τε
777 1424 942 1475 αὑτὸν
993 1424 1285 1476 ἁποσπῶσι
1340 1423 1433 1475 καὶ
1471 1424 1698 1494 μεληδὸν

154 1518 537 1586 ιατατέμνονσι.
581 1516 713 1583 μηνὶ
758 1515 1073 1585 Ἀπριλλίῳ,
1109 1513 1288 1566 εἰκάδι
1320 1516 1532 1585 πρώτῃ,
1570 1516 1699 1567 ενδι-

155 1608 343 1668 κιιῶνος
388 1607 1014 1676 τεσσαρεσκαιδεκάτης.
1072 1603 1203 1659 Εἶτα
1245 1608 1420 1677 κοντῷ
1466 1610 1534 1660 τά
1568 1624 1695 1659 παι-

153 1702 315 1769 δτιγόνα
354 1701 550 1752 τούτου
600 1700 1056 1769 ἀπαιωρήσαντες
1112 1699 1273 1768 μόρια
1322 1700 1699 1769 παραδειγμα-

154 1793 329 1854 τίζουσι
380 1809 441 1843 τε
482 1792 577 1845 καὶ
630 1791 1047 1862 θριαμϐεύουσι.
1097 1790 1336 1860 Θορύὸου
1395 1792 1451 1844 δὲ
1502 1793 1696 1845 πολλοῦ

1801 606 2032 670 excutit,
2068 606 2263 675 bisque.
2299 606 2475 660 verbis
2519 624 2531 659 :
2566 603 2610 659 0
2643 603 2899 657 nudarent
2928 614 3218 673 [artemque
3268 605 3381 657 aui-

1801 696 1987 747 mum!
2022 711 2143 748 mox
2176 697 2387 749 alacres
2426 694 2659 747 reddidit
2698 704 2752 748 et
2792 696 2860 747 a'tl
2900 702 3179 748 certamen
3242 695 3378 747 faci-

1801 800 2019 854 nusque
2066 786 2488 855 aggrediendum
2525 784 2755 853 impulit.
2806 783 3010 838 Bardas
3043 799 3140 838 eos
3174 782 3380 839 strictis

1801 878 1999 947 gladiis
2030 878 2083 929 in
2123 893 2180 930 se
2220 878 2430 931 irrttere
2478 886 2769 941 contuens,
2815 885 3023 930 terrore
3059 877 3373 946 perculsus,

1804 968 2176 1037 praesentique
2210 969 2328 1019 vita:
2384 969 2772 1020 animadverso
2804 966 3143 1028 discrimine,
3180 967 3246 1019 ad
3280 967 3380 1018 ίιιιο

1800 1060 2067 1129 peratoris
2106 1074 2165 1112 se
2191 1059 2352 1127 pedes
2384 1058 2589 1125 abiicit.
2626 1057 2778 1110 Haud
2811 1066 2994 1111 tamen
3021 1058 3133 1110 lieri
3162 1066 3379 1126 poterat

1801 1161 1861 1205 ut
1914 1163 2143 1205 mortem
2207 1150 2487 1218 eﬂ‘ugerct.
2548 1150 2743 1203 Statim
2783 1164 2913 1218 ergo
2954 1149 3082 1203 inde
3111 1149 3359 1201 avulsum

1801 1242 2145 1294 membratim
2196 1241 2534 1302 concidunt,
2595 1241 2800 1294 mensis
2851 1240 3052 1307 Aprilis
3114 1240 3377 1309 vigesima

1801 1336 1997 1401 prima.
2032 1333 2329 1387 indictione
2360 1346 2553 1402 quarta
2580 1333 2812 1387 decima.
2850 1330 2986 1384 Tum
3021 1332 3139 1400 ejus
3172 1331 3381 1398 genita-

1800 1426 1869 1479 lia
1896 1436 2057 1479 conto
2081 1428 2295 1495 przetixa
2326 1440 2418 1493 per
2443 1426 2736 1478 ludibrium
2764 1432 3047 1478 ostentant
3074 1432 3240 1491 atque
3268 1431 3380 1476 tra-

1799 1520 2024 1571 ducunt.
2081 1515 2289 1586 Ingenti
2329 1525 2510 1570 autem
2543 1518 2779 1569 excitato
2808 1516 3040 1569 tumultu
3074 1530 3379 1584 magnaque

1799 1623 1917 1666 orta
1956 1615 2288 1675 turbatione,
2324 1612 2510 1665 videre
2544 1621 2661 1665 erat
2709 1608 3026 1663 Micltaelem
3060 1614 3147 1663 vix
3176 1625 3282 1662 non
3324 1610 3379 1662 itt

1798 1704 1920 1757 vitae
1980 1703 2278 1772 periculum
2337 1703 2630 1756 adductum
2692 1716 2935 1753 :vcrum
2984 1699 3381 1754 Constantinus

1802 1796 1957 1864 liiglae
1987 1796 2317 1863 drungarius
2349 1796 2401 1847 in
2433 1794 2670 1847 medium
2703 1807 3067 1861 prorumpens
3096 1793 3369 1859 ingentem

151 1886 411 1955 γενομένου
438 1886 533 1937 καὶ
564 1885 834 1954 ταραχῆς,
866 1879 935 1953 ἦν
962 1884 1090 1938 ἰδεῖν
1118 1886 1215 1937 καὶ
1244 1887 1337 1938 τὸν
1366 1885 1578 1955 Μιχαὴλ
1610 1906 1694 1953 μι-

1801 1889 1951 1941 illutn
1990 1888 2286 1939 tnmultont
2312 1886 2673 1954 compescuit,
2704 1894 2817 1938 tum
2852 1884 3047 1939 faustis
3096 1884 3379 1937 ominibus

152 1977 261 2049 κροῦ
299 1979 388 2030 τὸν
424 1977 552 2047 περὶ
598 1977 777 2046 ψυχῆς
838 1975 1059 2028 θέονταο
1116 1976 1231 2029 ἀλλ’
1276 1980 1304 2030 6
1351 1978 1448 2045 τῆς
1506 1978 1695 2047 βίγλης

145 2071 474 2140 δρουγγάριος
515 2071 957 2139 (Κωνσταντῖνος
1014 2067 1069 2119 δὲ
1130 2063 1228 2138 ἦν)
1286 2068 1343 2119 ιν
1393 2068 1541 2137 μέσῳ
1592 2086 1692 2122 που

147 2163 371 2231 συρρυεὶς
410 2162 500 2213 τὸν
533 2160 703 2213 πολὺν
754 2161 965 2211 ἐκεῖνον
1014 2160 1226 2213 διέλυσε
1280 2159 1461 2231 θροῦν,
1524 2162 1696 2229 εὐφη-

146 2252 274 2319 μίαις
304 2269 361 2303 τε
400 2250 610 2318 βάλλων
646 2250 808 2303 αὑτὸν
838 2250 931 2302 καὶ
971 2250 1309 2320 παρατάξεις
1357 2252 1695 2316 ἀνθοπλίξων

1805 1979 2121 2033 Micltaelcm
2158 1990 2498 2047 prosecutus,
2537 1987 2653 2031 tum
2689 1986 3027 2030 armatorum
3081 1976 3251 2029 aciem
3295 1985 3382 2029 tu-

1803 2073 2203 2125 multuantibus
2240 2086 2542 2139 opponens.
2575 2071 2629 2123 In
2665 2071 2808 2123 hunc
2840 2073 3057 2123 modum
3082 2067 3254 2121 Barda
3284 2082 3381 2123 su-

1804 2164 1971 2227 blato,
1998 2164 2161 2217 missa
2184 2162 2430 2218 Cretensi
2455 2161 2823 2231 expeditione,
2850 2160 3147 2231 imperator
3170 2158 3380 2230 Byzano

1805 2256 1941 2308 tium
1970 2257 2147 2310 rediit.

140 2345 257 2397 κατά
287 2343 391 2395 τῶν
420 2345 887 2412 ἐπανισταμένων.
934 2343 993 2396 '0
1031 2345 1131 2410 μὲν
1168 2344 1231 2416 δὴ
1267 2345 1478 2416 Βάρδας
1508 2344 1683 2408 οὕτως
1723 2346 1783 2411 ἐξ
1812 2347 2119 2418 ἀνθρώπων
2162 2348 2400 2416 ἐγένετο,
2437 2347 2531 2403 καὶ
2577 2345 2749 2410 οὕτως
2779 2346 2813 2416 ἡ
2842 2342 2984 2397 κατὰ
3046 2343 3153 2395 τῶν
3224 2342 3378 2414 Κρη-

139 2439 229 2489 τῶν
257 2437 473 2507 διελύθη
512 2438 763 2507 στρατιὰ,
790 2437 885 2491 τοῦ
913 2437 1177 2507 βασιλέως
1212 2439 1349 2492 κατὰ
1382 2440 1443 2491 τὸ
1476 2438 1769 2502 Βυζάντιον
1806 2442 2270 2512 ὑποστρέψαντος.

196 2530 398 2600 μα·μβ’.
451 2533 559 2584 Καὶ
588 2532 773 2602 ἕτερον
795 2533 852 2584 δὲ
894 2534 1117 2602 σημεῖον
1146 2535 1255 2605 πρὸ
1280 2532 1375 2587 δύο
1399 2534 1432 2604 ἢ
1460 2535 1555 2586 καλ⁵
1585 2537 1691 2605 πρὸ

135 2622 278 2687 τριῶν
319 2624 546 2695 ἡμερῶν
596 2625 676 2693 τῷ
719 2623 898 2696 Βάρδα
957 2627 1423 2696 παρεσημαίνετο.
1483 2627 1546 2679 Ἦ
1585 2630 1693 2697 γάρ

133 2712 379 2783 Θευδιίῳα,
432 2717 535 2769 εἶτ’
575 2717 751 2782 ἄλλως
791 2718 1194 2788 θεοφορουμένη
1232 2720 1337 2772 εἴτε
1372 2720 1437 2790 δὴ
1468 2724 1561 2773 καὶ
1588 2723 1693 2775 ὑπό

133 2820 255 2865 τινος
283 2806 390 2856 τῶν
428 2806 892 2875 μεμελετημένων
938 2809 1295 2874 διακοῦσασα,
1341 2811 1545 2880 ἐσθῆτά
1572 2829 1693 2866 τινα

133 2894 403 2961 παγκάλην
448 2897 548 2965 μὲν
597 2898 690 2947 καὶ
719 2900 951 2965 χρυσαῖς
997 2898 1208 2969 πέρδιξι
1239 2885 1692 2971 πεποικιλμένην,

130 2987 214 3035 οἰκ
242 2985 617 3054 ἀναλογοῦσαν
670 2990 725 3042 δὲ
776 2989 853 3060 τῷ
900 2992 1065 3061 μήκει
1116 2993 1212 3062 τῆς
1264 2994 1483 3065 ἡλικίας
1528 2996 1692 3049 αὐτοῦ

127 3077 156 3127 ἀ
185 3077 242 3129 li
271 3082 361 3131 καὶ
395 3080 537 3133 πολὺ
565 3082 903 3135 ἀποδέουσαν
935 3085 1353 3154 αἰνιγματωδῶς
1377 3086 1695 3152 ἐξαπέστει-

126 3166 218 3222 λ;ν.
262 3172 332 3223 Τό
359 3188 422 3223 τε
455 3172 603 3241 γάρ⁶
640 3174 898 3240 πέρδικας
927 3176 1063 3228 ἀλλὰ
1098 3178 1171 3247 μή
1199 3195 1355 3243 τινας
1386 3180 1553 3243 ἄλλας
1584 3181 1693 3233 τῶν

124 3260 329 3325 ὀρνίθων
362 3266 693 3330 ἑνυφάναϋ,
746 3266 882 3319 ἀλλά
938 3268 1044 3338 μὴν
1094 3270 1282 3323 καὶτὸ
1324 3272 1423 3340 τῆς
1470 3272 1693 3342 ἐσθῆτος

1869 2536 2055 2590 M42.
2101 2536 2204 2591 Sed
2238 2548 2292 2590 et
2320 2538 2466 2590 aliud
2490 2536 2703 2606 signum
2728 2547 2856 2589 ante
2886 2534 3025 2587 duos
3059 2540 3239 2586 tresve
3261 2530 3379 2585 dies

1800 2630 2127 2699 contigerat.
2166 2629 2453 2683 TIICOtIOI'a
2478 2628 2637 2698 207
2671 2642 2907 2697 namque
2939 2626 3078 2695 (sive
3106 2626 3244 2678 alias
3274 2640 3375 2677 ttu-

1804 2721 1953 2775 miue
1994 2722 2197 2789 alllata,
2224 2722 2343 2777 sive
2362 2722 2526 2776 etiam
2561 2716 2794 2787 alicujus
2832 2716 3007 2772 relatu
3038 2717 3201 2770 docta
3228 2724 3379 2769 stru-

1800 2826 1914 2871 ctas
1937 2814 2123 2868 Bardae
2155 2814 2405 2881 insidias)
2433 2823 2636 2868 vestem
2669 2810 2983 2881 quamdam,
3008 2823 3126 2863 eam
3160 2806 3380 2878 quidem

1802 2903 2228 2974 pulcherrimam
2260 2904 2551 2972 aureisque
2578 2901 2890 2971 perdicibus
2918 2900 3202 2961 intextam,
3234 2897 3381 2953 illius

1804 3007 1989 3050 tamen
2042 3004 2266 3049 statura
2307 2995 2573 3064 imparem
2620 2994 2891 3063 longeque
2941 3005 3106 3059 quam
3152 3005 3251 3060 pro
3292 2989 3381 3042 illa

1802 3087 2137 3152 breviorem,
2172 3086 2276 3140 sub
2301 3086 2591 3155 amigmate
2636 3085 2702 3138 ad
2756 3100 2879 3138 eum
2936 3084 3183 3137 miserat.
3240 3081 3379 3135 Tum

1799 3178 1947 3233 enim
2001 3178 2269 3246 perdices,
2326 3190 2434 3230 non
2490 3175 2611 3229 alia:
2660 3173 2866 3243 qumvis
2895 3173 3142 3236 aviculae,
3180 3180 3383 3226 temere

1801 3270 2042 3331 intextae,
2073 3279 2187 3323 tum
2222 3278 2276 3323 et
2299 3269 2469 3323 vestis
2517 3268 2635 3337 ipsa
2670 3267 2935 3329 brevitas,
2993 3266 3156 3320 citius
3217 3278 3380 3333 quam

122 3351 278 3405 ἐνδέον
329 3356 415 3417 είς
459 3355 613 3407 δόλον
660 3358 922 3427 ἐμπεσεῖν
973 3360 1168 3414 θᾶττον
1216 3361 1247 3433 ἢ
1295 3363 1400 3416 ἔδει
1453 3366 1694 3435 προύσή-

1803 3376 1901 3431 par
1931 3370 2078 3416 esset
2120 3377 2246 3416 eutn
2281 3360 2408 3417 dolo
2456 3358 2893 3415 circumventum
2934 3358 2999 3412 iri
3038 3356 3193 3412 fuere
3247 3371 3382 3427 pre-

125 3458 293 3509 μῖνεν.

179 3539 280 3600 μγ’.
320 3535 479 3606 Πλὴν
509 3536 624 3589 ἀλλ’
663 3540 692 3591 6
732 3539 831 3606 μὲν
862 3539 1114 3609 βασιλεὺς
1148 3542 1479 3616 ὑπέστρεφε,
1514 3548 1604 3601 τόν
1635 3567 1691 3602 τε

119 3623 399 3692 Βασῦιειον,
439 3630 567 3680 ἐπεὶ
601 3629 676 3699 μὴ
706 3631 951 3702 εὐμοίρει
985 3635 1195 3698 παιδὸς,
1236 3639 1555 3693 υἱοποιεῖιαι
1600 3643 1693 3694 καὶ

113 3718 196 3783 τῆς
225 3718 332 3769 τῶν
387 3721 722 3789 μαγίστρων
766 3724 932 3793 τιμῆς
992 3724 1151 3789 ἀξιοῖ.
1198 3728 1351 3781 Ἐπεὶ
1392 3730 1447 3783 δὲ
1497 3733 1690 3801 χρόνου

114 3808 379 3875 προίόντος
431 3808 525 3880 [Ρ.
563 3808 686 3881 129]
726 3810 791 3863 τά
829 3814 980 3866 κοινὰ
1024 3815 1246 3868 διοικεῖν
1289 3820 1387 3888 οὐχ
1432 3816 1543 3883 οἷός
1576 3839 1634 3874 τε
1667 3826 1694 3877 6

113 3901 313 3967 Μιχαὴλ
354 3898 428 3971 ἦν
478 3903 576 3954 καὶ
615 3903 717 3970 τῆς
768 3907 959 3959 ἑαυτοῦ
999 3910 1259 3975 ἀφελείας
1284 3913 1549 3982 ᾐσθάνετο
1599 3918 1693 3970 καὶ

115 3989 212 4055 ἅμα
238 3993 631 4045 ἐπανάστασιν
666 3993 994 4062 μελετᾶσθαι
1048 4000 1142 4051 καὶ
1175 4003 1511 4056 ἀποστασίαν
1544 4009 1694 4076 παρὰ

112 4082 193 4146 τῆς
215 4084 540 4152 συγκλήτου
566 4082 819 4151 διήκουεν
841 4086 916 4155 τῷ
938 4088 1007 4139 τὰ
1028 4089 1135 4141 τῶν
1171 4091 1459 4160 Ῥωμαίων
1482 4096 1695 4151 διοικεῖ-

113 4171 219 4223 σθαι
246 4176 467 4237 κακῶς,
491 4176 604 4227 καὶ
630 4176 690 4227 τὸ
726 4178 1102 4248 περιμάχητον
1131 4182 1365 4252 διάδημα
1392 4190 1457 4257 τῇ
1488 4191 1693 4262 κεφαλῇ

110 4266 256 4319 αὐτοῦ
275 4267 599 4335 ἐπιτίθησι,
621 4268 714 4319 καὶ
742 4267 963 4335 βασιλέα
988 4274 1050 4340 τῇ
1081 4274 1263 4345 ἡμέρα
1294 4277 1692 4348 ΙΙεντηκοστῆς,

112 4360 222 4424 μηνὶ
252 4360 447 4428 Μαΐῳ,
498 4359 683 4411 είκάδι
718 4360 876 4431 ἕκτῃ,
929 4363 1261 4429 ίνδικτιῶνος
1308 4385 1700 4440 τεσσαρεσκαι-

108 4446 343 4515 δεκάτης,
392 4449 760 4501 ἀναδείκνυσί
810 4468 868 4503 τε
921 4453 1014 4504 καὶ
1052 4455 1377 4527 ἀναγορεύει
1414 4468 1551 4514 κατά
1602 4466 1700 4532 τὴν

105 4538 345 4608 Μεγάλην
388 4540 743 4610 Ἐκκλησίαν
837 4540 1127 4611 ἐπώνυμον
1160 4546 1328 4614 Σοφία
1360 4550 1519 4606 Θεοῦ.
1561 4554 1699 4605 Ἀλλ’

104 4629 231 4693 ὅστις
263 4632 367 4700 μὲν
393 4625 574 4693 οὗτος
594 4634 621 4683 6
648 4632 925 4696 Βασίλειος
949 4638 1041 4687 καὶ
1058 4637 1199 4701 ὅθεν,
1230 4640 1326 4692 καὶ
1352 4643 1499 4707 ὅπως
1525 4641 1693 4716 ἦλθεν

1794 3468 1973 3523 sagto.

1866 3546 1950 3599 45.
1980 3544 2248 3600 Caeterum
2278 3545 2574 3614 imperator
2597 3546 2820 3596 domum
2867 3542 3177 3603 revertitur,
3210 3539 3386 3610 quod-

1796 3654 1903 3708 que
1943 3638 2146 3692 nullam
2205 3638 2409 3706 prolem
2452 3637 2770 3701 sustulerat,
2824 3636 3081 3689 Basiliam
3133 3634 3381 3703 magistri

1794 3731 2059 3800 dignitate
2084 3740 2340 3784 ornatum
2374 3730 2616 3797 adoptat.
2650 3727 2900 3797 Tumque
2939 3726 3174 3780 Michael
3202 3727 3383 3795 impar

1797 3821 1912 3891 ipse
1942 3821 2391 3876 administrandae
2422 3820 2738 3890 reipublica:
2765 3830 2818 3874 ct
2842 3834 2965 3873 cum
2998 3833 3098 3873 sua
3126 3832 3253 3872 eum
3289 3818 3380 3871 illa

1797 3913 2035 3983 gerenda
2071 3913 2401 3982 simplicitus
2429 3912 2814 3980 stoliditasque
2872 3926 2977 3964 non
3032 3910 3249 3971 lateret,
3306 3909 3384 3962 si-

1800 4007 2020 4076 mulque
2054 4005 2296 4060 audisset
2344 4003 2525 4057 moliri
2555 4012 2805 4058 senatum
2858 4003 2912 4055 itt
2958 4017 3081 4054 eum
3116 3998 3381 4053 defectio-

1799 4114 1921 4151 nem
1954 4106 2239 4165 prOpterea
2266 4096 2394 4163 quia
2425 4095 2518 4148 illo
2551 4094 2798 4163 principe
2822 4108 2909 4147 res
2946 4091 3206 4145 Romana:
3242 4090 3384 4143 male

1800 4188 2349 4251 administrabantur,
2380 4187 2542 4240 etiam
2571 4185 2844 4248 diadema,
2892 4198 3008 4237 rem
3053 4181 3378 4251 palmariatn

1799 4300 1865 4338 ac
1903 4283 2287 4352 expetendam,
2320 4281 2468 4333 illius
2494 4278 2658 4349 capiti
2711 4278 2962 4346 imponit,
3009 4291 3074 4328 ac
3100 4274 3190 4328 die
3221 4288 3385 4328 sacro

1800 4376 2176 4435 Peutecostes,
2211 4372 2333 4425 Maii
2360 4374 2619 4442 vigesima
2647 4379 2819 4435 sexta,
2852 4368 3149 4422 indictione
3183 4374 3381 4435 quarta

1803 4469 2038 4531 decima,
2092 4467 2478 4534 imperatorem
2540 4462 2849 4522 constituit,
2903 4459 3279 4525 acclatnatque
3324 4457 3378 4510 in

1818 4562 2010 4629 Magna
2047 4559 2302 4621 ecclesia,
2334 4556 2421 4611 cui
2467 4572 2662 4609 nomen
2698 4553 2786 4607 Dei
2830 4552 3107 4621 Sapientia
3139 4548 3378 4603 exsistit.

1807 4654 1875 4705 At
1914 4653 2165 4721 quisnam
2199 4648 2357 4702 l'ttctit
2394 4649 2480 4700 ltic
2510 4646 2742 4700 Basilius
2772 4660 2838 4698 ac
2870 4642 3047 4711 cujas,
3087 4657 3265 4711 quave.
3299 4657 3383 4693 ra-

103 4723 168 4782 εξς
202 4724 412 4789 γνῶσιν
456 4724 568 4776 τοῦ
622 4724 970 4793 κρατοῦντος,
1022 4730 1211 4799 ήκατ⁹
1262 4734 1426 4786 αὐτὸν
1486 4738 1694 4810 ἱστορία

1803 4747 1952 4799 tione
1982 4745 2034 4796 in
2072 4743 2323 4797 notitiam
2373 4740 2722 4810 imperatoris
2762 4736 2996 4800 venerit,
3036 4750 3272 4802 sequens
3296 4750 3382 4788 re-

103 4811 427 4879 inltbast'tfz
449 4812 564 4865 νῦν
586 4814 641 4865 δὲ
663 4814 762 4882 τῆς
779 4815 1051 4885 βασιλείου
1072 4821 1227 4891 δόξης
1247 4823 1497 4889 ἀξιωθεὶς
1520 4830 1697 4900 εἴχετο

105 4903 188 4965 μὲν
229 4904 331 4971 τῆς
367 4903 701 4973 βασιλείας,
735 4906 992 4973 ἀπείχετο
1032 4910 1087 4962 δὲ
1126 4912 1236 4964 τῶν
1284 4917 1406 4968 καθ’
1457 4918 1695 4991 ἑκάστην

101 4992 517 5067 ἀέιιλλητηρίων
580 4998 679 5048 καὶ
731 5000 1102 5070 ἱπποδρομιῶν
1148 5006 1242 5058 καὶ
1278 5008 1386 5059 τῶν
1438 5013 1564 5083 περὶ
1602 5016 1693 5066 τὸν

102 5087 457 5177 αἰσχρότατον
489 5088 713 5155 Γρῦλον
740 5092 831 5143 καὶ
856 5092 1370 5169 ψευδοπατριάρχην
1400 5104 1690 5177 αἰσχρουρ-

102 5181 237 5246 γιεῖιν,
276 5176 349 5235 ὧν
397 5183 678 5249 ἀκαίρως
714 5184 982 5254 ἐνιτρῦφα
1008 5187 1035 5238 6
1070 5189 1311 5260 Μιχαήλ.
1348 5194 1570 5249 Πάντων
1597 5198 1698 5267 μὲν

100 5271 193 5341 γὰρ
215 5275 381 5344 κόρον
412 5270 579 5328 εἶναι
610 5276 705 5325 καὶ
739 5272 846 5326 τῶν
886 5277 1128 5347 αἰσχρῶν
1160 5284 1253 5334 καὶ
1298 5285 1407 5335 τῶν
1451 5290 1696 5355 φυσικῶν

102 5366 296 5435 εἴρηταί
339 5386 403 5420 τε
449 5366 717 5430 πολλοῖς,
749 5370 840 5420 καὶ
886 5371 919 5439 ἡ
948 5373 1114 5443 πεῖρα
1141 5375 1348 5429 τούτων
1377 5377 1697 5444 διδάσκαλος

102 5458 346 5531 exp-toﬁ;-
376 5458 631 5532 Μιχαὴλ
657 5461 714 5513 δὲ
748 5460 824 5531 τῷ
848 5464 968 5517 τότε
998 5467 1289 5535 κρατοῦντι
1310 5469 1433 5524 οὔτε
1471 5478 1579 5526 τῶν
1607 5476 1696 5527 ἱπ-

104 5556 391 5621 τοόρομιῶν
413 5554 558 5607 οὔτε
592 5552 704 5622 μὴν
731 5553 840 5606 τῶν
869 5556 1044 5610 ἄλλων
1071 5559 1490 5632 ἀκρατοποσιῶν
1518 5585 1576 5619 τε
1604 5569 1697 5621 καὶ

103 5646 323 5716 “meiut
342 5648 520 5719 κόρος
541 5641 646 5716 ἦν,
675 5644 751 5707 ὥς
787 5663 970 5714 φασιν.
1002 5651 1066 5703 ’Λ
1087 5655 1428 5725 πειρώμενος
1464 5660 1696 5713 κωλύειν

1800 4854 1920 4890 rum
1956 4835 2029 4888 illi
2059 4843 2338 4905 gestarum
2386 4832 2620 4885 Itistoria
2654 4828 2975 4884 declarabit.
3027 4825 3143 4880 Jam
3198 4826 3382 4893 itaque

1798 4927 2026 4996 Augusti
2066 4926 2331 4995 dignitate
2369 4924 2605 4977 donatus
2652 4919 2863 4990 imperii
2918 4919 3069 4971 curis
3124 4933 3244 4972 sese
3280 4917 3380 4970 im-

1797 5017 2086 5086 peudebat,
2124 5030 2290 5085 seque
2321 5030 2351 5068 a
2374 5012 2709 5082 quotidiattis
2740 5009 2967 5062 ludicris
3015 5022 3079 5062 ac
3104 5005 3385 5060 Circensi-

1795 5110 1899 5164 bus
1926 5107 2253 5169 abstinebat,
2291 5120 2501 5159 necuon
2541 5120 2568 5155 a
2602 5100 2906 5170 turpissimi
2938 5097 3384 5169 pseudOpatt-iar-

1802 5202 1919 5255 cha:
1980 5200 2128 5270 Gryli
2208 5198 2532 5268 spurcitiis,
2599 5194 2800 5263 quibus
2863 5193 3173 5259 importune
3220 5189 3386 5258 208

1800 5293 2029 5347 Michael
2078 5291 2476 5347 oblectabatur.
2524 5286 2731 5342 Δπθιτε
2757 5286 2977 5338 demum
3025 5282 3207 5336 omnia
3243 5298 3382 5333 nau-

1800 5404 1969 5449 scam,
2014 5387 2186 5452 turpia
2211 5385 2415 5454 pariter
2445 5392 2499 5435 et
2533 5380 2822 5443 naturalia,
2850 5388 2963 5431 tum
2993 5376 3152 5445 vulgo
3178 5373 3380 5438 ferunt,

1801 5490 1911 5534 tum
1949 5482 2236 5548 perspicue
2280 5478 2440 5531 docet
2491 5490 2613 5544 qua:
2667 5474 2861 5526 borttttt
2913 5469 3168 5537 magistra
3219 5482 3383 5536 expe-

1806 5574 2001 5627 rientia
2055 5572 2291 5628 exsistit.
2348 5568 2665 5625 Micltaclem
2694 5575 2875 5620 tamen
2923 5574 3033 5617 tum
3071 5576 3253 5616 rerum
3287 5576 3383 5630 po-

1810 5665 2052 5728 tietttt-m,
2086 5675 2145 5719 ut
2177 5666 2349 5729 aiunt,
2398 5662 2541 5717 nulla
2605 5657 2945 5716 Circensium
2998 5654 3273 5721 ludorum,
3329 5663 3384 5707 at

1380 5750 1608 5809 VARI}:
1653 5754 2051 5811 LICC'I'IONES.

163 5832 179 5859 ‘
204 5833 330 5911 γάρ]
365 5835 477 5909 μὶν
520 5834 592 5889 Ρ.

683 5834 704 5863 ⁷
728 5835 998 5904 ἀνυφάναι
1034 5835 1091 5890 I’.
