4154 6446
726 388 829 449 223

766 389 829 448 23
1813 387 2321 447 THEOPHANES
2353 384 2909 448 CONTINUATUS.

3897 385 4005 447 224

732 518 909 572 neque
942 502 1194 566 aliorum,
1222 498 1692 570 compotationutn
1727 502 2104 570 turpiumque,
2138 500 2308 553 satie-

2436 523 2441 545 ν
2467 499 2743 563 Ιίασίλειος
2767 500 2862 553 καὶ
2895 498 3229 570 πορρωτέρω
3254 496 3457 551 τούτων
3486 502 3659 552 ποιεῐν
3680 499 3867 562 αὐτὸν,
3903 501 4002 552 νῦν

735 608 821 651 tas
858 594 1130 663 capiebat.
1167 592 1295 648 Haec
1324 592 1559 648 Basilius
1608 607 1734 647 cum
1789 592 2079 661 prohibere
2130 590 2313 653 vellet,

734 705 797 741 ac
828 682 1156 740 Michaelem
1187 685 1373 754 procul
1400 686 1468 737 ab
1498 685 1580 739 eis
1624 698 1856 739 avocare
1904 682 2067 735 modo
2094 682 2313 751 quidem

735 778 1087 833 admonendo
1150 786 1314 845 atque
1372 778 1668 839 hortando,
1718 776 1882 829 modo
1930 790 2060 829 vero
2108 774 2313 827 civium

733 870 883 936 odia,
916 867 1267 925 sacerdotum
1301 870 1473 933 diras,
1508 879 1733 924 senatus
1773 882 1943 937 prope
1983 866 2315 921 rebellantes

740 964 956 1017 animos
989 962 1346 1031 proponendo
1388 977 1452 1016 ac
1487 962 1633 1014 velut
1662 961 1715 1013 in
1763 960 1960 1014 tabella
2006 973 2189 1013 coram
2222 958 2319 1009 de-

736 1053 1031 1121 pingendo,
1069 1051 1214 1105 illius
1242 1052 1343 1105 sihi
1380 1051 1701 1120 imprudens
1729 1051 1989 1104 invidiam
2022 1046 2313 1111 conﬂavit;

740 1144 1029 1212 hostisque
1062 1143 1183 1197 loco
1234 1143 1470 1205 amicus,
1524 1158 1588 1196 ac
1631 1143 1725 1211 qui
1771 1143 2063 1210 adeptatus
2113 1139 2316 1201 fuerat,

736 1237 853 1305 ipse
872 1249 1075 1290 exosus
1109 1233 1435 1288 habebatur.
1476 1233 1611 1286 llinc
1635 1232 1781 1286 brevi
1814 1240 1935 1302 post
1960 1231 2315 1286 Basilicinum

736 1326 1031 1394 quemdam
1064 1326 1429 1394 imperatoria:
1459 1334 1589 1378 tunc
1618 1325 1817 1379 celocis
1845 1325 2124 1393 remigem,
2160 1338 2225 1376 ac
2251 1323 2319 1375 il-

739 1420 848 1472 lius
912 1417 1143 1471 fratrem
1199 1416 1549 1486 Capuogeuis
1604 1419 1697 1487 qui
1754 1417 2000 1471 secundo
2081 1414 2319 1485 prad'rcti

738 1506 1058 1576 dignitatem
1097 1506 1284 1576 gessit,
1313 1506 1594 1563 adducens
1626 1523 1864 1576 purpura
1898 1506 2091 1567 induit,
2144 1505 2320 1573 impo-

739 1600 955 1666 sitaque
1008 1596 1318 1651 diademate
1347 1606 1515 1668 atque
1540 1598 1684 1652 ocris
1716 1596 2005 1660 adhibitis,
2031 1595 2175 1664 quod
2213 1595 2316 1647 im-

740 1698 1051 1757 p-ratorum
1090 1689 1301 1758 insigne
1332 1700 1438 1753 est,
1467 1705 1535 1743 eo
1564 1689 1753 1742 habitu
1789 1704 1952 1741 manu
1992 1703 2089 1741 sua
2127 1685 2193 1739 ad
2230 1701 2318 1740 se-

740 1790 926 1834 natum
955 1781 1161 1840 eduxit.
1193 1780 1261 1833 ad
1289 1796 1525 1849 eumque
1555 1780 1607 1833 in
1638 1782 1751 1835 haec
1781 1781 1940 1831 verba
1967 1777 2139 1830 oravit
2175 1794 2187 1829 :
2216 1775 2325 1828 Par

738 1882 875 1939 erat,
906 1883 1082 1939 patres
1114 1875 1433 1942 conscripti,
1470 1884 1527 1927 ut
1569 1874 1706 1926 hunc
1763 1873 1895 1925 olim
1935 1871 2077 1924 vobis
2125 1870 2327 1923 illustri
2360 1857 2402 1911 Β

738 1967 836 2018 hoc
864 1965 1050 2017 habitu
1082 1964 1251 2017 virum
1280 1965 1649 2033 prodacerem,
1690 1963 1776 2015 cui
1800 1964 1933 2014 inest

885 2056 1125 2111 Primum
1154 2074 1349 2112 corona
1378 2057 1549 2125 forma
1579 2056 1743 2124 digna
1773 2054 1936 2123 reqia,

885 2127 1082 2180 Deinde
1110 2137 1387 2194 cognatum
1410 2127 1657 2179 diadema
1696 2136 1770 2180 est
1796 2127 1917 2177 huic
1946 2126 2080 2187 viro,

888 2198 1127 2266 Suntque
1153 2200 1330 2250 omnia
1354 2197 1608 2265 dignitati
1644 2198 2030 2249 convenientia.

745 2290 918 2357 Onam
946 2308 1063 2345 vero
1092 2291 1380 2358 pra'stabat
1410 2291 1547 2343 hunc
1573 2306 1651 2342 me
1671 2290 1846 2358 potius
1868 2304 2028 2357 quam
2060 2287 2328 2341 Basiliam

742 2384 1119 2451 imperatorem
1158 2399 1338 2436 create
1370 2397 1521 2449 quem
1545 2391 1593 2434 et
1628 2382 1841 2449 panitet
1873 2382 2131 2433 erravisse
2153 2379 2179 2432 7
2224 2378 2327 2431 Fa-

744 2484 889 2528 t'tum
912 2475 1017 2528 hoc
1038 2490 1101 2527 ac
1123 2474 1285 2527 verba
1310 2474 1462 2527 exitii
1494 2472 1771 2527 Michaelis
1792 2472 1947 2542 origo
1977 2472 2326 2525 exstiterunt.

746 2562 896 2618 Istud
930 2566 1010 2618 sic
1054 2563 1261 2617 dictum
1300 2563 1543 2616 omuimu
1588 2578 1749 2617 aures
1793 2563 2209 2616 cireumsonans
2249 2564 2328 2615 ni-

748 2655 915 2707 mium
943 2653 1158 2707 cunctis
1180 2652 1344 2722 209
1366 2663 1643 2721 stuporem
1674 2652 1879 2721 injecit,
1908 2662 1962 2705 et
1994 2660 2053 2704 ut
2081 2666 2181 2705 vos
2211 2667 2326 2704 om-

749 2748 911 2800 nibus
982 2747 1211 2800 haereret
1293 2744 1457 2810 fecit;
1532 2744 1678 2813 quod
1742 2743 2118 2798 fabulosornm
2175 2758 2329 2797 more

744 2838 1040 2907 Gigantum
1072 2847 1225 2892 satos
1257 2834 1484 2890 Michael
1519 2835 1769 2905 quotidie
1810 2834 2169 2904 imperatores
2198 2834 2327 2887 ede-

749 2938 855 2983 ret.
882 2927 1009 2983 lnde
1034 2929 1220 2996 itaque
1248 2940 1469 2982 auctum
1497 2928 1551 2982 in
1582 2927 1846 2983 Basilinm
1870 2930 2079 2992 odium,
2107 2943 2171 2981 ac
2190 2926 2329 2997 ignis

748 3023 927 3076 instar
988 3022 1381 3075 vehementiori
1435 3021 1651 3075 ﬂamma
1702 3021 1931 3083 exarsit,
1980 3021 2083 3074 hoc
2124 3020 2331 3073 scilicet

748 3118 869 3186 ejus
910 3118 1153 3170 fomento
1181 3132 1246 3171 ac
1275 3131 1463 3180 causa,
1500 3116 1646 3185 quod
1681 3131 1786 3168 una
1820 3130 1879 3169 se
1918 3130 2043 3169 cum
2089 3115 2206 3180 ejus
2237 3128 2328 3167 so-

2427 598 2527 663 μὲν
2552 594 2910 664 παραινέσεσι
2938 592 3240 662 χρώμενος,
3272 589 3368 643 νῦν
3392 590 3439 645 δ’
3460 591 3635 655 ἄλλως
3669 595 3824 661 μῖσος
3846 594 4001 661 παρα

2422 686 2532 738 τῶν
2565 685 2795 739 πολιτῶν
2832 685 2923 738 καὶ
2950 683 3050 747 τὰς
3077 683 3228 753 παρὰ
3258 683 3367 736 τῶν
3397 682 3589 752 ίερέων
3616 685 3753 755 ἀρὰς
3779 685 3874 736 καὶ
3901 684 4004 745 τὲις

2424 779 2524 846 τῆς
2578 778 2886 847 συγκλήτου
2945 775 3345 837 ἐπαναστάσεις
3403 775 3681 843 προτιθεὶς
3728 776 3823 829 καὶ
3889 769 4006 827 οἷον

2425 875 2657 926 ἐνώπιον
2691 873 2860 927 αὐτοῦ
2888 872 3217 940 ζωγραφῶν,
3258 869 3417 923 ἔλαθε
3461 870 3540 940 τῷ
3585 869 3764 940 φθόνῳ
3810 871 4007 924 ἑαυτὸν

2426 965 2839 1028 καθυποὸαλὼν,
2872 967 2966 1018 καὶ
2997 964 3119 1016 ἀντὶ
3154 964 3309 1027 φίλου
3344 963 3533 1032 ἐχθρὸς
3563 966 3655 1017 καὶ
3688 966 4010 1032 μεμισημέ-

2427 1074 2513 1119 νος
2554 1058 2581 1107 ὁ
2614 1054 2950 1124 υἱοθετηθεὶς
2996 1051 3297 1120 ἐνομίζετο.
3342 1049 3623 1103 Ἐντεῦθεν
3671 1052 3733 1103 οὗ
3774 1050 3911 1101 πολὺ
3943 1051 4007 1100 τὸ

2427 1149 2486 1199 ἑν
2520 1148 2690 1217 μέσῳ,
2746 1145 2841 1199 καί
2885 1162 3010 1199 τινα
3043 1144 3222 1209 ἄλλον,
3250 1142 3347 1195 τοῦ
3394 1141 3678 1212 βασιλικοῦ
3723 1142 4009 1211 δρόμωνος

2427 1240 2623 1310 ἐρέτην
2647 1236 2946 1309 τηνικαῦτα
2975 1236 3232 1291 τελοῦντα
3272 1235 3646 1301 (Βασιλικϊνος
3687 1229 3844 1294 οὗτος
3881 1234 4006 1286 ὲλέ-

2426 1348 2575 1399 γετο,
2618 1331 2712 1383 καὶ
2736 1328 2961 1395 ἀδελφὸς
3001 1322 3072 1396 ἦν
3106 1326 3489 1394 Καπνογένους
3517 1325 3727 1378 ἐκείνου
3767 1323 3864 1377 τοῦ
3906 1323 4010 1389 τὴν

2428 1421 2741 1493 ὑπαρχικὴν
2783 1418 2940 1484 ἀξίαν
2983 1417 3287 1487 ἠξιωμένου
3326 1416 3388 1468 τὸ
3440 1415 3748 1485 δεύτερον),
3778 1415 4011 1481 ἀγαγὼν

2426 1516 2526 1584 τὴν
2552 1512 2843 1584 πορφύραν
2873 1528 2929 1564 τε
2954 1508 3127 1564 ὲνδύει
3154 1510 3248 1561 καὶ
3285 1508 3346 1561 τὸ
3369 1507 3604 1578 διάδημα
3635 1508 4006 1576 περιτίθησιν,

2430 1607 2526 1658 καὶ
2585 1606 2656 1657 τὰ
2726 1606 3031 1675 παράσημα
3085 1602 3197 1655 τῶν
3265 1601 3629 1670 ὑποδημάτων
3690 1600 4010 1669 περιϐαλὼν

2430 1696 2613 1762 ἐξάγει
2655 1695 2789 1763 πρὸς
2836 1695 2932 1765 τὴν
2972 1694 3276 1764 σύγκλητον
3317 1693 3417 1761 τῆς
3445 1693 3626 1761 χειρὸς
3655 1692 3790 1762 ἔχων
3818 1691 4009 1754 αὐτὸν,

2434 1788 2526 1837 καὶ
2558 1786 2692 1855 πρὸς
2728 1785 2827 1855 τὴν
2860 1785 3152 1853 γερουσίαν
3178 1784 3361 1853 φησὶν,
3408 1781 3483 1844 ὼς
3533 1781 3693 1835 Ἔδει
3721 1781 3907 1833 πάλαι
3929 1799 4013 1849 με

2432 1879 2646 1930 τοῦτον
2687 1880 2773 1942 εις
2810 1876 3047 1930 τουτονὶ
3099 1876 3637 1943 τὸν-περίϐλεπτον
3666 1876 3921 1943 κόσμον.
3963 1868 4016 1926 ὦ

2429 1970 2666 2038 ἄνδρες,
2702 1969 3046 2038 ἐπαγαγεῖν

2500 2060 2742 2130 Πρῶτον
2766 2063 2877 2127 μὲν
2900 2058 3060 2128 εἶδος
3088 2062 3263 2123 ἄξιον
3290 2061 3667 2127 τυραννίδος,

2501 2132 2609 2186 Καὶ
2631 2132 2913 2193 δεύτερον
2943 2131 3013 2184 δὲ
3040 2133 3317 2200 συμφυὲς
3343 2130 3512 2185 πέλει
3545 2132 3790 2200 στέφος.

2501 2203 2766 2256 Ἀπαντα
2784 2201 2834 2254 δ’
2864 2201 3185 2269 ἁρμι.’ζουσι
3219 2202 3367 2269 πρὸς
3396 2200 3511 2267 τὴν
3539 2202 3615 2265 ἀε
3622 2204 3719 2256 ίαν
3742 2220 3755 2232 ·

2432 2295 2528 2348 καὶ
2555 2296 2640 2348 ὅτι
2678 2294 2881 2347 Πόσον
2934 2290 3009 2362 ἦν
3057 2292 3312 2346 κάλλιον
3365 2292 3589 2346 τοῦτόν
3627 2310 3703 2362 με
3754 2292 4015 2357 ποιῆσαι

2430 2386 2689 2451 βασιλέα
2730 2386 2769 2454 ἣ
2801 2387 2908 2438 τὸν
2945 2387 3288 2450 Βασίλειον,
3322 2385 3427 2454 ἐφ’
3450 2381 3500 2453 ᾧ
3523 2386 4017 2455 μεταμεμέλημοι

2429 2480 2522 2548 ἐρ’
2560 2474 2649 2544 οἷς
2677 2479 2864 2531 αὐτὸν
2904 2479 3294 2531 ἐϐασίλευσα.
3328 2476 3475 2548 Αῦτη
3519 2478 3619 2546 τῆς
3657 2476 4016 2540 καταλύσεως

2429 2569 2594 2623 αὖτοῦ
2628 2572 2660 2640 ή
2706 2570 2869 2639 ἀρχή.
2902 2568 3072 2622 Τοῦτο
3099 2570 3308 2632 πάντας
3338 2571 3681 2640 περιηχῆσαν
3716 2570 4013 2639 ὲκπλαγῆ-

2430 2663 2517 2714 ναί
2552 2680 2609 2713 τε
2655 2661 2881 2723 τούτους
2908 2660 3131 2728 εποίησε
3162 2660 3253 2713 καὶ
3288 2661 3499 2733 ἀφασία
3540 2661 3624 2733 [Ρ.
3670 2660 3793 2733 150]
3839 2680 4021 2717 κατα-

2430 2753 2699 2821 ληφθῆναι
2731 2751 2898 2822 πολλῇ
2924 2795 2937 2815 ,
2984 2752 3066 2805 ὅτι
3108 2752 3247 2805 κατὰ
3278 2752 3406 2813 τοὺς
3447 2752 3709 2821 μυθικοὺς
3743 2753 4021 2820 Γίγαντας

2433 2845 2685 2914 βασιλέας
2710 2845 2982 2913 σπαρτοὺς
3008 2844 3132 2897 καθ’
3156 2844 3395 2915 ἑκάστην
3418 2846 3633 2915 ἡμέραν
3663 2846 4016 2904 ἀναδίδωσιν.

2433 2938 2647 3003 Ηῦξητο
2673 2938 2770 3005 μὲν
2795 2932 2888 2990 οὖν
2916 2936 3101 2988 ἔκτοτε
3131 2937 3192 2989 τὸ
3224 2936 3361 3006 πρὸς
3389 2938 3479 2990 τὸν
3511 2938 3794 2990 Βασίλειον
3828 2941 4020 3006 μῖσος,

2432 3032 2525 3083 καὶ
2556 3030 2915 3100 στροδρότερον
2949 3029 3090 3081 κατά
3120 3029 3218 3099 τὴν
3251 3030 3345 3083 τοῦ
3380 3030 3547 3101 napo;
3580 3030 3743 3100 φύσιν
3773 3030 4020 3097 ιγίνετο,

2434 3121 2765 3188 ὑπέκκαυμα
2803 3119 2924 3187 ἔχον
2953 3120 3045 3171 καὶ
3078 3118 3253 3171 αἴτιον
3286 3120 3345 3172 τὸ
3384 3121 3523 3189 μήτε
3574 3120 4023 3190 συμφθείρεσθαι

751 3185 972 3263 dalibus
1032 3208 1180 3262 vitiis
1219 3208 1420 3262 dedere
1471 3224 1576 3261 non
1624 3216 1919 3277 pateretur,
1976 3222 2075 3261 nec
2109 3206 2328 3259 illorum

2440 3212 2730 3282 βούλεσθαι
2776 3211 2985 3275 τούτοις
3035 3212 3197 3264 αὑτὸν
3250 3212 3387 3282 μήτε
3444 3213 3550 3283 μὴν
3611 3210 4024 3279 συνεπάγεσθαί

752 3302 943 3358 cﬂ‘reni
993 3301 1230 3356 licentiae
1280 3316 1488 3355 morem
1547 3307 1779 3371 gereret.
1832 3299 1887 3353 In
1941 3308 2145 3353 tantam
2188 3301 2329 3352 enim

750 3398 953 3466 smpius
980 3394 1307 3449 dementiam
1338 3408 1487 3446 mero
1511 3394 1743 3446 obrutus
1784 3407 1848 3446 ac
1883 3407 1976 3461 per
2005 3391 2329 3445 ebrietatem

752 3487 981 3541 Michael
1001 3487 1347 3555 erumpebat,
1374 3497 1426 3539 ut
1464 3484 1702 3539 absurda
1726 3485 1974 3553 quaedam
2000 3485 2334 3553 modumque

754 3599 972 3636 omnem
1028 3581 1246 3650 injuria:
1298 3581 1622 3635 excedentia
1668 3582 2011 3650 praeciperet,
2046 3590 2209 3648 atque
2245 3581 2334 3634 alii

754 3692 936 3738 aures,
976 3674 1065 3727 alii
1116 3688 1301 3737 nares,
1356 3673 1445 3725 alii
1480 3671 1717 3741 denique
1751 3680 1915 3741 caput
1942 3672 2333 3739 amputandum

750 3767 991 3835 juheret.
1030 3767 1106 3819 Ac
1134 3764 1239 3816 nisi
1280 3763 1382 3817 viri
1414 3764 1636 3831 quidam
1671 3756 2045 3816 misericordia
2078 3762 2210 3815 πιοιί
2243 3776 2338 3815 ne-

756 3858 1005 3926 gligenda
1039 3866 1328 3926 putassent
1359 3870 1426 3909 ac
1464 3857 1515 3908 in
1549 3855 1850 3908 crastinum
1881 3854 2248 3915 distulissent,
2275 3868 2335 3906 ea

757 3949 1008 4002 Micharli
1056 3946 1385 4017 quandoque
1438 3946 1744 4000 revocanda
1787 3956 2096 4015 sperantes,
2132 3962 2196 4000 ac
2223 3944 2340 3999 fore

756 4050 819 4096 ut
844 4042 889 4094 is
914 4058 1103 4095 eorum
1144 4041 1327 4109 aliqua
1361 4040 1703 4109 paenitudine
1733 4039 2029 4093 duceretur
2060 4039 2242 4108 (quod
2284 4049 2339 4093 et

757 4133 1171 4204 contingebat),
1200 4133 1359 4201 plane
1393 4132 1684 4201 periissent
1706 4139 1977 4200 quotquot
2005 4131 2079 4183 illi
2112 4134 2341 4184 aderant

760 4224 927 4293 inque
966 4225 1090 4276 aula
1128 4224 1335 4277 assidui
1362 4238 1426 4275 ac
1457 4223 1742 4277 domestici
1768 4234 1945 4277 erant.
1979 4221 2122 4288 Quin
2160 4234 2211 4275 et
2240 4239 2335 4291 pa-

761 4332 883 4369 rum
918 4315 1097 4369 abfuit
1142 4330 1209 4369 ne
1243 4324 1297 4369 et
1340 4314 1455 4382 ipse
1502 4313 1737 4368 Basilius
1788 4316 1899 4384 pari
1972 4314 2343 4367 involveretur

759 4409 950 4473 exitio,
984 4409 1132 4463 illius
1177 4408 1314 4463 ebrii
1343 4410 1655 4479 petulantia:
1683 4424 1789 4463 non
1827 4424 1951 4461 raro
1982 4407 2161 4461 lactus
2194 4408 2341 4461 ludi-

2438 3306 2558 3364 τσῖς
2630 3302 2952 3364 ἀκολάστοις
3014 3302 3264 3370 γνώμαις
3297 3314 3301 3337 τ
3335 3303 3535 3358 αὐτῶν,
3599 3304 3691 3365 Ei;
3742 3304 4025 3373 τοσαύτην

2435 3395 2544 3463 γὰρ
2600 3396 2627 3446 ὁ
2674 3394 2893 3464 Μιχαὴλ
2934 3393 3192 3455 πολλάκις
3256 3393 3441 3446 ἄνοιαν
3496 3393 3553 3460 ἐξ
3607 3393 4028 3460 ἀκρατοποσίας

2440 3487 2534 3538 καὶ
2583 3486 2753 3555 μέθης
2804 3484 3116 3551 ἐξώκειλεν,
3153 3485 3228 3547 ὡς
3262 3486 3382 3537 κατ’
3425 3485 3592 3552 αὐτὴν
3649 3485 3746 3553 μὲν
3786 3487 3881 3536 καὶ
3928 3486 4031 3537 τὸν

2437 3579 2641 3645 ττ-ύττ,ς
2697 3578 2888 3647 καιρὸν
2932 3578 3079 3630 δεινά
3127 3596 3250 3633 τινα
3293 3580 3387 3630 καὶ
3438 3578 3579 3647 πέρα
3621 3577 3819 3629 δεινῶν
3851 3579 4028 3642 ἐγκε-

2437 3671 2708 3723 λεύεσθαι·
2744 3669 2838 3721 τοῦ
2868 3669 2965 3737 μὲν
2988 3671 3095 3739 γάρ
3119 3668 3466 3739 ἀφαιρεῖσθαι
3493 3672 3559 3720 τὰ
3590 3664 3703 3722 ὦτα
3730 3670 3824 3721 καὶ
3852 3669 4027 3723 ἄλλου

2438 3760 2534 3828 τὴν
2577 3762 2697 3829 ρἰα
2732 3762 2826 3813 καὶ
2855 3760 2953 3831 τὴν
2987 3760 3232 3829 κεφαλὴν
3264 3761 3450 3831 ἑτέρου
3480 3760 3866 3829 προσέταττεν·
3903 3761 3941 3814 ἃ
3975 3765 4032 3813 εἰ

2444 3856 2516 3923 μή
2550 3870 2695 3915 τινες
2739 3852 2905 3923 οἴκτῳ
2938 3852 3303 3922 κρατούμενοι
3342 3852 3698 3921 παρημέλουν
3739 3854 3832 3903 καὶ
3881 3852 4035 3921 πρὸς

2440 3948 2539 4013 τὴν
2563 3944 2752 4015 αῦριον
2780 3944 3047 4011 ἔπεμπον,
3076 3942 3375 4012 ἀνάκλησιν
3396 3958 3518 3994 τινα
3536 3945 3630 3994 καὶ
3651 3942 4035 4009 μεταμέλειαν

2442 4039 2534 4091 τοῦ
2583 4037 2773 4107 ἀνδρὸς
2806 4036 3172 4105 ἐκδεχόμενοι,
3205 4036 3341 4103 ὅπερ
3372 4038 3465 4086 καὶ
3501 4031 3590 4102 ἦν,
3632 4034 3732 4087 κᾶν
3769 4034 4038 4087 ἀπώλετο

2446 4130 2667 4198 σύμπας
2701 4131 2728 4181 ὁ
2775 4128 3109 4197 παραμένων
3142 4126 3289 4195 αύτῷ
3321 4129 3413 4178 καὶ
3459 4126 3869 4195 συγκαρτερών.
3915 4129 4037 4179 Μι-

2443 4222 2595 4292 κροῦλ
2624 4223 2679 4275 δὲ
2711 4222 2803 4274 καὶ
2835 4220 3109 4283 Βασίλειος
3162 4217 3542 4281 συναπώλετο,
3585 4219 3686 4286 τῆς
3732 4221 4041 4289 παροινίας

2442 4317 2541 4369 οὐκ
2572 4315 2818 4383 ὀλιγάκις
2848 4314 3097 4382 παίγνιον
3124 4310 3382 4380 γεγονώς.
3434 4312 3573 4364 Ἀλλ’
3602 4311 3892 4381 ἐκαρτέρει
3931 4314 4042 4364 καὶ

2446 4412 2604 4478 ἔμενε
2664 4407 2970 4478 μετάμελόν
3017 4424 3139 4459 τινα
3184 4406 3481 4474 γενηθῆναι
3523 4405 3666 4458 κατὰ
3708 4404 3799 4456 τὸν
3849 4404 4043 4473 ἄνδρα

762 4498 967 4553 brium.
1018 4497 1339 4552 Sustinebat
1397 4506 1600 4560 tamen,
1646 4512 1710 4551 ac
1767 4497 1985 4550 tandem
2044 4498 2332 4565 aliquando

2447 4499 2543 4567 ets
2572 4498 2701 4566 γοῦν
2736 4496 3120 4560 ὑποταπάζων.
3186 4496 3327 4548 Ἀλλ’
3361 4496 3460 4547 ούκ
3498 4490 3566 4563 ἦν
3608 4492 3795 4547 τοῦτον
3828 4493 4043 4562 ὥσπερ

757 4593 997 4662 quadam
1026 4593 1332 4647 ducendum
1358 4593 1685 4663 paenitentia
1713 4591 2030 4646 Michaelem
2063 4593 2339 4648 existima-

759 4684 873 4740 bat.
912 4684 1113 4739 Verum
1139 4685 1257 4740 ﬁeri
1291 4701 1400 4739 non
1429 4698 1641 4754 poterat
1674 4694 1731 4737 ut
1756 4685 1867 4752 jam
1899 4700 1929 4738 a
1954 4685 2128 4753 prima
2158 4694 2339 4748 :etatc,

762 4779 909 4834 haud
941 4795 1104 4835 secus
1144 4795 1208 4835 ac
1238 4789 1608 4843 currus‘rola,
1642 4778 1895 4842 inﬂexus,
1931 4779 2201 4848 quidquid
2243 4794 2339 4833 ac-

761 4872 1010 4937 cidisset,
1062 4873 1303 4926 nativam
1338 4873 1740 4942 pristinamque
1773 4872 2157 4926 rectitudinem
2202 4872 2343 4926 reci-

763 4971 937 5033 peret.
970 4963 1156 5032 Itaque
1194 4965 1500 5020 atrociores
1529 4963 1793 5019 adversus
1828 4962 2089 5017 Basiliunt
2121 4973 2344 5017 structa:

764 5056 1001 5111 lnsidiat.
1038 5054 1095 5109 ln
1127 5071 1193 5111 eo
1232 5065 1416 5113 autem
1449 5057 1557 5111 illae
1613 5058 1829 5127 positae,
1873 5066 1930 5111 ut
1968 5058 2110 5111 inter
2136 5073 2343 5111 venan-

764 5150 897 5203 dum
941 5148 1124 5218 specie
1158 5150 1380 5218 quidem
1417 5149 1647 5205 feriendi
1680 5149 1874 5214 feram,
1936 5165 2122 5205 revera
2160 5162 2340 5204 autem

768 5240 1095 5310 conligenda
1139 5241 1343 5297 Basilio
1373 5244 1672 5299 satellitum
1704 5243 1929 5314 quidam
1965 5244 2181 5299 hastam
2210 5259 2343 5298 con-

768 5333 998 5388 ciliaret.
1030 5334 1336 5390 Consilium
1367 5337 1467 5389 hoc
1493 5336 1539 5389 is
1566 5336 1681 5405 ipse
1711 5336 1804 5404 qui
1836 5333 2154 5389 mandatum
2186 5350 2342 5389 acce-

769 5436 923 5497 perat
958 5426 1281 5499 bastamque
1324 5429 1589 5492 vibrarat,
1623 5429 1676 5482 in
1701 5429 1863 5499 210
1892 5428 2015 5483 vitae
2036 5428 2184 5483 exitu
2212 5442 2347 5483 con-

774 5519 1002 5574 stitutus
1053 5528 1265 5574 suamet
1322 5519 1667 5575 confessione
1722 5522 1937 5576 cunctis
1990 5519 2341 5575 manifestum

775 5610 929 5675 fecit,
962 5621 1015 5666 ct
1050 5621 1111 5667 ut
1153 5612 1289 5667 nihil
1336 5612 1463 5667 inde
1492 5613 1695 5683 ambigi
1750 5615 1939 5683 possit.
2000 5614 2076 5667 Ac
2128 5611 2341 5667 hastam

774 5704 993 5773 quidem
1057 5704 1228 5769 misit,
1279 5721 1308 5759 a
1357 5704 1562 5759 Basilio
1608 5714 1790 5758 tamen
1835 5705 2126 5759 aberravit.
2178 5703 2344 5774 Inque

780 5795 931 5851 hunc
964 5797 1183 5853 modum
1229 5805 1479 5854 servatus
1535 5796 1791 5861 Basilius,
1838 5796 1891 5851 in
1940 5796 2064 5850 vitae
2095 5796 2342 5865 proxime

2443 4593 2742 4661 ἁρμάτειον
2779 4589 2971 4659 τροχὸν
3010 4589 3076 4640 ὲκ
3130 4586 3352 4657 πρώτης
3403 4586 3623 4655 ἡλικίας
3671 4586 4041 4653 καμφθέντα,

2441 4685 2549 4737 οὐδ’
2586 4684 2652 4737 ἂν
2686 4684 2739 4735 εί
2780 4700 2833 4735 τι
2872 4682 3103 4749 γένοιτο,
3134 4681 3234 4751 τὴν
3268 4680 3326 4745 ἐξ
3361 4679 3537 4749 ἀρχῆς
3586 4677 3894 4746 εὐθυωρίαν
3933 4678 4046 4730 λα..

2443 4776 2576 4828 δεῖν.
2609 4773 2909 4844 Τοιγαροῦν
2958 4772 3179 4843 μείζονα
3214 4771 3357 4825 κατὰ
3394 4768 3672 4823 Βασιλείου
3713 4770 4046 4839 συρράπτει

2443 4866 2756 4936 ἐπιϐουλήν.
2797 4865 2861 4918 Ἢ
2904 4864 2961 4917 δὲ
2991 4859 3059 4935 ἦν
3088 4864 3145 4916 ὲν
3178 4860 3256 4932 τῷ
3289 4860 3533 4930 κυνηγίῳ
3566 4859 3711 4929 λόγῳ
3744 4859 3844 4926 μὲν
3880 4863 4045 4912 κατὰ

2442 4958 2542 5025 τῆς
2570 4957 2742 5027 θήρας
2772 4955 2915 5027 ἔργῳ
2946 4954 3001 5008 δὲ
3041 4952 3181 5006 κατὰ
3210 4951 3304 5005 τοῦ
3335 4950 3613 5005 Βασιλείου
3641 4950 3738 5021 τὴν
3771 4950 3871 5018 τῆς
3900 4950 4051 5017 λὸγςο

2442 5068 2543 5120 χης
2580 5050 2727 5119 ρῖψιν
2754 5046 2979 5116 ποιῆσαί
3011 5063 3134 5098 τινα
3160 5043 3269 5097 τῶν
3305 5043 3683 5097 ὑπασπιστῶν.
3718 5041 3826 5094 Καὶ
3863 5041 4052 5096 τοῦτο

2444 5144 2606 5206 αὐτὸς
2636 5145 2663 5195 ὁ
2696 5140 3026 5212 προσ-ταγεὶς
3055 5141 3148 5192 καλ⁸
3196 5136 3294 5209 τὴν
3326 5136 3526 5205 λόγχην
3559 5135 3718 5204 ἀφεὶς
3753 5133 3897 5187 κατὰ
3936 5135 4051 5188 τὸν

2445 5235 2544 5305 τῆς
2578 5233 2757 5298 ἐξόδου
2800 5231 2991 5303 καιρὸν
3021 5228 3389 5301 ἐξαγορεύσας
3432 5227 3591 5298 δῆλον
3627 5225 3900 5294 πεποίηκε
3934 5230 4053 5278 καὶ

2446 5328 2657 5382 πιστόν.
2702 5326 2903 5395 ’Λφῆκτ
2954 5325 3052 5395 μὲν
3078 5322 3170 5377 οῦν
3199 5318 3352 5385 οὗτος
3388 5322 3487 5390 τὴν
3519 5320 3720 5389 λόγχην
3762 5320 3792 5371 ὁ
3827 5318 4048 5371 κελευ-

2448 5420 2617 5485 σθεὶς,
2640 5420 2976 5488 διημάρτανε
3003 5416 3081 5469 δέ·
3110 5416 3206 5467 καὶ
3231 5413 3375 5466 οὕτω
3402 5412 3643 5465 σέσωστο
3664 5412 3693 5463 ὁ
3714 5407 4052 5474 Βασίλειος,

2448 5513 2676 5580 ἔγγιστα
2724 5509 2956 5563 θανάτου
2990 5506 3311 5577 γενόμενος,
3355 5504 3460 5558 ὑπὸ
3504 5501 3600 5555 τοῦ
3646 5502 3735 5555 τὸν
3785 5500 4057 5554 θάνατον

2448 5603 2968 5672 καταπεπατηκότος
2993 5600 3150 5655 Θεοῦ.
3176 5599 3340 5654 Ταῦτ’
3365 5595 3459 5651 οὖν
3486 5596 3731 5651 ἔκπυστα
3751 5594 4059 5660 γενόμενα

2447 5701 2581 5753 πᾶσι
2612 5698 2704 5751 καὶ
2734 5695 2941 5767 φανερὰ
2970 5694 3067 5763 τὴν
3102 5693 3220 5747 κατ’
3252 5690 3417 5744 αὑτοῦ
3448 5689 3681 5758 ἠκόνησε
3719 5687 4052 5756 μάχαιραν-

2450 5795 2570 5847 Ἵνα
2606 5790 2710 5861 γὰρ
2742 5791 2813 5860 μὴ
2865 5789 2953 5841 καὶ
2984 5789 3073 5841 τὸν
3121 5787 3399 5840 Βασίλειον
3426 5784 3501 5847 ib;
3548 5784 3651 5852 πρὸ
3687 5780 3889 5852 μικροῦ
3934 5780 4061 5835 τὸν
