4154 6446
145 381 245 444 233

1219 382 1366 445 ΠΒ.
1409 384 1474 446 V.
1507 408 1574 420 -
1605 382 1958 444 BASILIUS
2004 387 2326 449 MACEDO.

3284 400 3390 466 234

141 499 480 556 ἐπεδείκνυτο
515 500 581 563 ’⁸,
634 499 711 562 ὡς
768 496 1109 569 ἐκπλαγῆναι
1164 499 1262 570 μὲν
1311 499 1403 553 τδν
1453 500 1709 570 ἄρχοντα,

1823 502 1975 555 etiam
2027 512 2191 573 atque
2245 504 2411 560 etiam
2446 505 2832 574 admiraretur,
2889 511 3217 580 stipatorum
3263 530 3393 571 vero

140 592 566 665 Ξι-αγριαίνεσθαι
608 593 665 645 δὲ
717 591 1018 664 λεληθότως
1065 590 1164 661 τὴν
1210 592 1511 664 δορυφόρον
1561 593 1714 660 τάξιν

141 685 297 739 αὐτοῦ
327 686 398 740 ”.

205 777 266 832 ε’.
315 778 454 830 Ἀλλ’
489 776 578 830 ἵνα
608 776 675 830 τὰ
709 777 768 829 ἐν
829 776 980 846 μέσῳ
1037 777 1310 848 συντέμω,
1374 767 1716 848 ἐξῆλθενέἰο

140 871 327 939 μενεία
357 868 492 922 Θεοῦ
522 870 656 940 πρὸς,
687 869 756 921 τὰ
807 870 982 920 οἰκεῖα
1033 867 1177 932 ἅπας
1240 870 1268 921 ὁ
1328 870 1598 940 ἀπαχθεὶς
1640 872 1716 935 ὡς

139 962 486 1030 αἰχμάλωτος
515 961 643 1024 λαὸς
665 961 773 1013 τῶν
806 961 1167 1031 Χριστιανῶν,
1201 961 1522 1031 συνεξῆλθον
1545 963 1600 1016 δὲ
1624 965 1718 1016 καὶ

137 1055 182 1104 οἱ
216 1053 309 1104 τοῦ
343 1053 623 1106 Βασιλείου
649 1055 846 1120 γονεῖς,
881 1053 972 1105 τὸν
999 1054 1258 1121 φίλτατον
1308 1053 1491 1116 αὐτοῖς
1555 1055 1718 1108 παῖδα

138 1145 634 1214 προσεπαγόμενοι.
703 1145 950 1211 Ἐγένετο
978 1145 1034 1197 δέ
1089 1162 1141 1197 τι
1193 1145 1323 1214 περὶ
1356 1145 1523 1200 αὑτὸν
1558 1146 1718 1210 εὐθὺς

136 1237 276 1290 κατά
305 1237 406 1307 τὴν
436 1236 665 1307 πρώτην
713 1237 928 1306 ἡλικίαν
959 1235 1286 1306 Θαυμάσιον,
1317 1238 1416 1308 τὴν
1453 1241 1532 1300 εἰς
1558 1239 1718 1292 ὓστε-

133 1347 227 1398 ρον
257 1329 429 1400 τύχην
446 1329 815 1401 παραδηλοῦν,
840 1330 978 1400 ὅπερ
1000 1330 1060 1381 οὑ
1091 1329 1250 1400 θέμις
1266 1328 1415 1400 οἶμαι
1437 1334 1558 1402 σιγῇ
1581 1349 1720 1402 παρ-

133 1421 330 1475 ελθεῖν.
371 1422 462 1492 Τῷ
495 1423 604 1492 γὰρ
628 1422 807 1492 καιρῷ
840 1420 936 1474 τοῦ
965 1421 1155 1492 θέρους
1175 1423 1284 1477 τῶν
1313 1424 1503 1476 τούτου
1519 1424 1720 1492 γονέων

133 1515 229 1566 ἐπὶ
250 1515 297 1545 ³³
333 1514 426 1567 τὸν
475 1513 601 1566 ἴδιον
624 1513 946 1578 ἐξελθόντων
987 1516 1154 1587 ἀγρὸν
1183 1517 1279 1570 καὶ
1310 1520 1421 1579 τοῖς
1447 1517 1722 1588 θερισταῖς

135 1608 574 1660 ἐπιστατούντων
584 1607 679 1659 καὶ
691 1607 1064 1676 διεγειρόντων
1088 1607 1353 1670 συντόνως
1370 1610 1566 1678 ἐργάζε
1576 1611 1717 1672 σθαι,

131 1698 208 1760 ὡς
243 1699 379 1766 περ).
408 1697 719 1768 πλήθουσαν
750 1697 956 1768 ἀγορὰν
998 1698 1237 1769 ήήμέρα
1266 1699 1574 1769 προέκοπτε
1625 1701 1719 1752 καὶ

129 1789 158 1838 ὁ
186 1787 344 1856 ἣλιος
377 1788 478 1857 ἢδη
520 1787 881 1858 σφοδρότερον
916 1791 1036 1852 ταῖς
1072 1788 1475 1860 μεσημϐριναῖς
1504 1791 1721 1842 ἀκτῖσιν

1817 591 2013 646 cohors
2053 605 2239 647 secum
2281 594 2396 664 ipsa
2430 594 2593 649 tacita
2624 594 2811 654 furore
2832 610 3298 658 commoveretur.

1886 771 1938 823 5.
1981 769 2182 825 Verum
2219 781 2274 826 ut
2323 787 2384 827 ea
2423 787 2547 843 qua:
2598 773 2804 828 interea
2845 787 3148 833 evenerunt
3202 781 3394 850 paucis

1819 863 2138 931 transigam,
2176 863 2354 917 omnis
2407 865 2496 918 ille
2529 865 2971 920 Christianorum
3004 870 3260 937 populus,
3311 873 3395 928 sic

1821 955 1961 1009 velut
1986 955 2235 1024 captivus
2265 955 2552 1022 abductus,
2585 958 2818 1028 propitia
2853 958 2944 1012 Dei
2965 959 3204 1016 bonitate
3229 965 3398 1034 218

1820 1047 1884 1101 ad
1918 1047 2139 1115 propria
2170 1047 2506 1118 migraturus
2560 1050 2731 1104 exiit:
2767 1048 2951 1106 Basilii
3002 1065 3268 1130 parentes_
3292 1055 3400 1126 ipsi

1821 1153 2038 1206 quoque
2071 1140 2186 1207 pari
2211 1139 2549 1208 indulgentia
2572 1142 2771 1208 exiere,
2802 1143 3179 1200 dulcissimum
3205 1147 3400 1216 pignus

1822 1245 2008 1283 secum
2061 1229 2411 1285 adducentes.
2481 1229 2721 1302 Contigit
2789 1249 2918 1288 vero
2981 1236 3158 1305 prima
3216 1238 3400 1292 statim

1822 1331 1979 1376 aetate
2021 1321 2271 1377 mirabile
2314 1324 2518 1394 aliquid
2564 1325 2709 1380 circa
2767 1325 2942 1394 ipsum
2968 1367 2984 1393 ,
3041 1328 3240 1385 futurae
3281 1331 3422 1407 ejus

1823 1415 2056 1472 fortun-1‘.
2093 1425 2302 1472 certum
2339 1419 2706 1488 praesagium;
2759 1435 2859 1475 nec
2887 1420 2967 1476 fas
2995 1439 3113 1477 esse
3146 1424 3404 1481 existimo

1822 1518 1882 1564 ut
1915 1509 2134 1564 silentio
2164 1525 2196 1563 a
2228 1509 2388 1564 nobis
2424 1518 2800 1579 praetereatur.
2859 1511 3051 1567 Messis
3081 1515 3228 1570 enim
3258 1525 3404 1570 tem-

1822 1617 1974 1671 pore,
1999 1617 2123 1656 cum
2157 1611 2416 1671 parentes
2442 1604 2496 1657 in
2524 1619 2716 1673 agrum
2744 1605 3012 1661 exiissem
3039 1609 3404 1664 messoribusv

1822 1710 1929 1764 que
1955 1695 2314 1765 praeciperent
2348 1705 2400 1750 et
2437 1697 2502 1752 ad
2533 1698 2774 1753 laborem
2814 1709 3037 1755 strenue
3089 1701 3403 1757 obeundum

1823 1787 2148 1851 excitarent,
2179 1803 2304 1842 cum
2331 1788 2546 1844 differto
2573 1789 2715 1857 foro,
2770 1800 2831 1845 ut
2883 1792 3057 1859 aiunt,
3101 1794 3264 1850 altior
3286 1795 3405 1852 dies

131 1879 460 1946 ἐπέφλεγεν,
489 1880 653 1931 οἱονεί
683 1896 805 1932 τινα
832 1881 1036 1950 σκηνὴν
1069 1881 1132 1933 ἐκ
1158 1880 1252 1933 τοῦ
1283 1881 1585 1950 συνδέσμου
1611 1881 1714 1934 τῶν

1824 1880 2139 1950 procederet
2197 1881 2422 1950 jamque
2477 1883 2560 1938 sol
2611 1884 2928 1939 meridianis
2979 1886 3148 1940 radiis
3220 1888 3406 1942 aerius

129 1970 424 2040 ἀσταχύων
456 1970 823 2035 σκευάσαντες
857 1974 913 2025 ἐν
943 1973 1114 2044 ταύτῃ
1169 1973 1263 2025 τὸν
1297 1972 1460 2026 παῖδα
1515 1991 1716 2045 κοιμηο

129 2062 438 2131 θησόμενον
465 2062 668 2128 ἔθεντο,
698 2065 844 2127 ὅπως
874 2065 972 2135 τῆς
1005 2065 1116 2118 ἀπὸ
1144 2063 1238 2116 τοῦ
1299 2065 1452 2135 ἡλίου
1503 2065 1716 2138 θέρμης

128 2153 387 2216 ὰξλαδῶς
413 2155 597 2226 διέλθῃ
640 2155 730 2209 τὸν
759 2155 1056 2210 καύσωνα.
1103 2155 1194 2209 Ἐν
1245 2157 1302 2210 δὲ
1348 2159 1424 2228 τῷ
1468 2159 1714 2222 ἐκείνους

127 2247 539 2316 ἐνασχολεῖσθαι
568 2251 682 2314 τοῖς
706 2250 985 2320 θερισταῖς
1018 2249 1176 2314 ἀετὸς
1213 2251 1601 2313 ὲπικαταπτὰς
1625 2253 1721 2304 καὶ

126 2338 342 2392 ἄνωθεν
395 2341 723 2404 ἐπικαθίσας
786 2342 1142 2412 ήπλωμέναις
1194 2347 1314 2405 ταῖς
1363 2343 1594 2412 πτέρυξι
1658 2344 1720 2396 τὸ

126 2431 347 2482 παιδίον
369 2431 644 2496 ἐσκίαζεν.
675 2433 962 2504 ’Λρθείσης
979 2434 1036 2486 δὲ
1058 2433 1208 2504 παρὰ
1237 2434 1344 2487 τῶν
1368 2435 1585 2489 ἰδόντων
1606 2454 1717 2504 φω-

125 2522 223 2592 νῆς
236 2524 320 2575 ὅτι
338 2524 562 2596 ὄλεθρον
584 2526 711 2589 ἴσως
733 2527 919 2593 ἐπάξει
938 2527 1136 2591 ὀάετδς
1155 2527 1232 2599 τῷ
1253 2527 1522 2600 παιδὶ,[Ρ.
1545 2529 1716 2602 15ηή

126 2617 501 2686 μήτηρέὑθὺς
535 2613 622 2671 οἷα
654 2619 835 2690 μήτηρ
858 2618 1209 2691 φιλόστοργος
1262 2622 1356 2675 καὶ
1394 2621 1710 2691 φιλότεκνος

123 2708 264 2776 πρὸς
284 2710 380 2759 τὸν
407 2710 575 2764 παῖδα
599 2711 918 2783 ἐξέδραμεν.
955 2712 1158 2766 ’ἰδοῦσα
1179 2713 1236 2766 δὲ
1264 2714 1356 2767 τὸν
1375 2716 1533 2768 ἀετὸν
1559 2718 1718 2770 σκιὰν

123 2802 240 2861 ταῖς
274 2802 514 2872 πτέρυξι
543 2802 622 2874 τῷ
659 2805 860 2876 παιδίῳ
879 2806 926 2837 ’⁸
959 2806 1434 2877 περιποιούμενον,
1467 2811 1558 2864 καὶ
1582 2812 1718 2882 μηδέ

123 2890 264 2960 πρὸς
298 2893 400 2962 τὴν
438 2892 641 2963 ταύτης
662 2895 1008 2962 ἐκπλαγέντα
1037 2895 1349 2964 ὲπέλευσιν,
1379 2899 1494 2952 ἀλλ’
1529 2901 1720 2973 ὥσπερ

123 2983 433 3052 χαριέντως
460 2985 594 3051 πρὸς
622 2986 792 3058 αὐτὴν
822 2987 1156 3054 ἀτενίζοντα,
1186 2989 1288 3043 οὐκ
1313 2991 1553 3062 ἠδυνήθη
1575 2996 1717 3048 κατά

120 3076 180 3125 τι
216 3074 521 3146 πρόχειρον
560 3080 640 3140 εἰς
669 3079 952 3149 κρείττονα
1017 3083 1206 3136 πεσεῖν
1263 3082 1544 3153 λογισμὸν,
1579 3085 1718 3138 ἀλλὰ

121 3166 272 3220 λίθον
306 3167 472 3220 ἔϐαλε
526 3172 646 3223 κατ’
682 3172 881 3225 αὐτοῦ’
917 3175 1012 3226 καὶ
1043 3173 1217 3240 οὕτως
1250 3177 1457 3248 ἀνέπτη
1491 3178 1520 3230 ὀ
1553 3178 1711 3241 ἀετὸς

1827 1972 2103 2037 adureret,
2139 1982 2456 2028 constructo
2495 1991 2561 2030 ex
2619 1976 2901 2046 spicarum
2936 1978 3232 2049 manipulis
3259 1981 3400 2036 velut

1831 2064 2062 2117 tentorio
2092 2063 2145 2117 in
2179 2079 2245 2120 eo
2271 2080 2498 2135 puerum
2527 2067 2795 2136 tantisper
2825 2083 3022 2124 somno
3043 2072 3405 2129 recreandum

1828 2167 2060 2225 ponunt,
2093 2168 2146 2213 et
2189 2159 2256 2214 ad
2292 2159 2490 2214 solaris
2516 2160 2636 2231 ejus
2668 2161 2867 2218 caloris
2887 2173 3084 2219 aestum
3117 2165 3282 2221 illaesa
3307 2181 3404 2222 va-

1830 2248 2067 2303 letudine
2102 2250 2535 2321 transigendum.
2591 2252 2844 2325 Dumque
2881 2258 3222 2314 messoribus
3283 2259 3402 2316 ani~

1829 2355 1976 2395 mum
2019 2342 2333 2408 advertunt,
2363 2345 2628 2400 advolans
2670 2347 2854 2416 aquila
2888 2351 3284 2420 explicatisque
3311 2357 3404 2408 tte-

1829 2448 1994 2502 super
2024 2435 2128 2491 alis
2157 2435 2411 2492 assidens
2457 2452 2628 2508 puero
2669 2441 2964 2509 praestabat
2988 2445 3405 2503 umbraculum.

1831 2524 2088 2582 Sublatus
2132 2529 2433 2584 videntium
2485 2531 2711 2598 clamor,
2763 2548 2831 2588 ne
2863 2535 2992 2603 quid
3041 2535 3180 2592 forte
3223 2541 3405 2608 aquila

1828 2633 1999 2688 puero
2029 2629 2262 2686 noceat;
2299 2637 2541 2696 moxque
2568 2632 2742 2677 mater
2787 2623 2952 2694 (cara:
2990 2626 3204 2682 scilicet
3239 2630 3406 2698 prolis

1829 2709 2061 2764 nimium
2129 2711 2347 2781 amans)
2397 2712 2474 2766 ad
2515 2728 2746 2780 puerum
2797 2716 3058 2780 accurrit,
3109 2718 3406 2791 vidensque

1829 2803 2068 2873 aquilam
2124 2805 2306 2874 passis
2347 2806 2452 2859 alis
2490 2807 2742 2860 umbram
2776 2823 2944 2876 puero
2975 2810 3406 2879 ministrantem,

1827 2911 1892 2951 ac
1920 2911 2019 2952 nec
2041 2896 2160 2967 ejus
2187 2897 2489 2967 quidquam
2520 2898 2755 2952 adventu
2775 2900 3039 2967 territam,
3063 2903 3158 2958 sed
3193 2903 3248 2958 in
3283 2918 3407 2963 eam

1827 2991 2064 3060 gratiose
2091 2992 2280 3046 oculos
2309 2991 2458 3045 velut
2515 2992 2906 3060 intendentem,
2964 3009 3032 3048 ne
3071 3009 3152 3051 sne
3178 2995 3405 3067 quidem

1829 3082 1880 3134 in
1914 3090 2167 3151 promptu
2194 3081 2435 3136 sanioris
2480 3082 2684 3151 aliquid
2716 3083 2887 3138 animi
2927 3071 3169 3154 cogitare
3200 3087 3404 3159 potuit,

1829 3172 1922 3227 sed
1957 3173 2009 3226 in
2042 3187 2162 3227 eam
2190 3173 2425 3242 lapidem
2454 3173 2622 3243 jecit;
2678 3189 2801 3243 qua:
2826 3175 3012 3229 statim
3052 3177 3293 3233 avolavit
3326 3186 3403 3250 et,

118 3257 238 3320 καὶ,
265 3256 344 3319 ὼς
373 3257 574 3323 ἔδοξεν,
607 3259 987 3332 ἀπεχώρησεν.
1033 3263 1280 3335 Ἐκείνης
1311 3265 1369 3318 δὲ
1391 3266 1546 3329 αὖθις
1572 3269 1706 3338 πρὸς

1823 3272 1881 3318 ιιι
1897 3263 2203 3328 videbatur,
2230 3265 2476 3319 secessit.
2499 3264 2822 3334 Rursusque
2845 3281 2908 3320 ea
2931 3267 3000 3321 ad
3036 3268 3214 3322 virum
3253 3285 3402 3327 mes-

118 3347 210 3398 τὸν
245 3347 424 3416 ἄνδρα
467 3350 559 3400 καὶ
602 3351 729 3414 τοὺς
761 3351 995 3421 ἐργάτας
1025 3354 1467 3426 ὑποστρεψάσης,
1496 3358 1528 3409 ό
1556 3356 1715 3420 ἀετὸς

118 3441 269 3492 κατὰ
294 3441 354 3492 τὸ
389 3441 659 3512 πρότερον
697 3444 882 3514 σχῆμα
911 3447 1097 3517 παρῆν
1121 3448 1182 3501 τὸ
1218 3448 1432 3501 παιδίον
1459 3450 1714 3504 ἐπισκιά-

117 3531 254 3596 ζων,
297 3533 396 3584 καὶ
426 3534 590 3585 πάλιν
627 3536 829 3603 ὁμοέως
876 3539 908 3602 ἠ
945 3537 1281 3610 φωνὴπαρὰ
1317 3541 1425 3593 τῶν
1484 3540 1714 3607 θεατῶν,

117 3628 216 3679 καὶ
240 3629 278 3697 ή
313 3629 501 3698 μήτηρ
532 3629 666 3700 πρὸς
689 3630 750 3682 τὸ
774 3633 1002 3696 παιδίον,
1029 3633 1122 3687 καὶ
1153 3637 1220 3706 τῇ
1251 3635 1378 3705 βολῇ
1400 3637 1494 3689 τοῦ
1521 3637 1667 3689 λίθου
1689 3639 1717 3690 ὁ

113 3718 285 3780 ἀετὸς
333 3720 778 3791 ἀποσοόούμενος
828 3724 893 3788 ³⁵,
928 3726 1025 3778 καὶ
1073 3727 1106 3797 ἠ
1149 3725 1251 3796 τῆς
1309 3728 1514 3798 μητρὸς
1577 3729 1716 3800 πρὸς

110 3812 245 3873 τοὺς
309 3814 716 3883 ἐργαζομένους
782 3817 1110 3890 ἐπιστροφή.
1194 3820 1618 3890 Ἑναργέστερον
1670 3824 1716 3854 ’⁸

109 3905 170 3957 δὲ
235 3906 353 3975 ἄρα
410 3907 511 3976 τῆς
547 3911 808 3980 Προνοίας
864 3911 1104 3983 δηλῶσαι
1147 3912 1453 3984 θελησάσης
1513 3917 1595 3968 ὅτι
1651 3917 1712 3969 ού

109 3999 267 4050 κατὰ
301 4016 428 4051 τινα
461 3999 633 4071 τύχης
671 4004 1104 4075 αὐτοματισμὸν,
1130 4006 1266 4058 ἀλλὰ
1301 4007 1420 4079 θεία
1462 4009 1713 4079 προγνώ-

109 4104 198 4141 σει
253 4090 321 4142 τὸ
372 4091 702 4160 τελούμενον
747 4095 1042 4159 δείκνυται,
1076 4099 1140 4149 ἐκ
1182 4098 1365 4168 τρίτου
1399 4100 1596 4167 συνέϐη
1648 4101 1716 4154 τὰ

110 4182 307 4249 Ξμοια,
337 4184 368 4234 ὁ
391 4185 550 4246 ἀετὸς
574 4187 667 4237 ἐπὶ
709 4187 771 4239 τὸ
801 4188 1032 4254 παιδίον,
1068 4191 1118 4241 οἱ
1173 4189 1504 4260 θεωροῦντες
1549 4192 1714 4262 βοῶν-

108 4291 226 4338 τες,
297 4276 398 4329 καὶ
429 4277 462 4342 ἡ
497 4279 683 4348 μήτηρ
713 4280 803 4332 ἐπὶ
843 4281 933 4334 τὸν
964 4281 1142 4348 ἀετὸν,
1186 4283 1280 4335 καὶ
1306 4284 1334 4334 ὁ
1358 4283 1516 4345 ἀετὸς
1580 4283 1714 4353 πρὸς

106 4366 238 4434 βίαν
279 4370 378 4421 καὶ
426 4371 581 4438 μόλις
635 4372 1131 4444 ἀπαλλαττόμενος.
1188 4375 1346 4428 Οὕτω
1398 4375 1508 4427 τῶν
1545 4379 1714 4446 μεγά-

101 4461 214 4512 λων
288 4463 645 4532 πραγμάτων
693 4467 778 4518 ἀεὶ
826 4467 1109 4537 πόρρωθεν
1163 4471 1190 4521 ὀ
1251 4469 1384 4530 Θεὸς
1436 4487 1714 4537 προκατα-

101 4552 379 4607 6ἁλλεταί
411 4573 540 4609 τινα
571 4556 816 4624 σύμϐολα
859 4561 952 4611 καὶ
982 4563 1260 4636 τεκμήρια
1294 4563 1403 4615 τῶν
1429 4566 1509 4628 εἰς
1543 4565 1704 4619 ὓστε-

101 4663 224 4712 ρον.
290 4646 471 4699 Τοῦτο
504 4647 562 4700 δὲ
607 4651 702 4701 καὶ
757 4652 837 4713 εἰς
884 4653 981 4720 τὴν
1051 4654 1316 4725 ἐχομένην
1357 4655 1578 4726 ἠλικίαν
1611 4659 1712 4710 οὑκ

94 4738 368 4806 ὀλιγάκις
398 4741 627 4808 γέγονεν
655 4743 743 4794 ἐπ’
801 4745 970 4814 αὐτῷ,
1034 4746 1169 4798 ἀλλὰ
1202 4747 1462 4811 πολλάκις
1511 4749 1710 4820 εὑρέθη

95 4832 206 4881 ὑπὸ
242 4831 422 4883 ἀετοῦ
458 4834 515 4884 ἐν
554 4832 631 4902 τῷ
655 4833 856 4887 ύπνοῦν
884 4836 1264 4906 σκιαζόμενος.
1319 4838 1460 4890 Ἀλλ’
1511 4841 1568 4894 ἐν
1620 4842 1708 4894 ού-

1820 3368 2086 3424 soresque
2117 3370 2362 3421 reversa,
2396 3356 2577 3425 aquila
2612 3358 2852 3426 priorem
2893 3357 2947 3413 in
2983 3360 3206 3414 modum
3236 3375 3405 3430 puero

1821 3446 2068 3502 assidens
2105 3448 2351 3502 umbram
2385 3447 2638 3505 faciebat.
2674 3447 2964 3520 Similique
2997 3465 3190 3507 rursus
3219 3453 3405 3524 "219

1821 3537 2031 3593 ratione
2059 3539 2356 3594 videntium
2381 3539 2634 3595 sublatus
2660 3541 2890 3604 clamor,
2921 3544 3110 3597 matris
3140 3543 3206 3597 ad
3231 3543 3400 3600 filium

1820 3646 2016 3686 cursus
2046 3633 2322 3696 concitus,
2357 3633 2464 3688 ictu
2488 3633 2685 3702 lapidis
2710 3634 2963 3688 submota
2995 3635 3199 3707 aquila,
3227 3646 3401 3691 mater

1820 3725 1885 3778 ad
1919 3740 2190 3781 messores
2220 3741 2460 3780 reversa.
2507 3727 2642 3781 Cum
2672 3742 2800 3782 vero
2833 3727 3020 3781 divina
3051 3729 3395 3798 providentia

1819 3814 2127 3869 evidentius
2164 3815 2324 3870 vellet
2372 3817 2664 3872 ostendere
2714 3833 2821 3871 non
2870 3833 3003 3872 casu
3062 3820 3248 3890 aliquo
3303 3831 3401 3876 aut

1821 3905 2062 3970 fortuna,
2096 3907 2190 3959 sed
2214 3905 2410 3961 divina:
2447 3923 2558 3961 rem
2594 3908 2953 3978 prmscientiae
2985 3922 3107 3964 esse
3136 3909 3282 3980 quod
3301 3925 3400 3981 ge-

1821 3998 2048 4052 rebatur
2081 4036 2096 4063 ,
2131 3999 2296 4053 tertio
2342 4000 2458 4054 lucc
2504 4001 2692 4054 eadem
2753 4002 3120 4069 contigerunt.
3199 4003 3398 4072 Aquila

1820 4104 2040 4144 sursum
2076 4105 2248 4159 puero
2278 4091 2599 4157 imminens,
2632 4091 2936 4146 videntium
2974 4093 3202 4159 clamor,
3227 4104 3400 4149 mater

1820 4182 1887 4234 ad
1920 4181 2183 4251 aquilam,
2212 4166 2396 4252 aquila
2418 4197 2512 4251 per
2545 4183 2652 4236 vim
2674 4199 2923 4254 mgreque
2953 4185 3172 4240 tandem
3205 4187 3401 4243 absco-

1819 4277 1977 4330 dens.
2029 4276 2122 4330 Sic
2162 4277 2305 4331 Deus
2349 4291 2566 4347 semper
2601 4293 2922 4348 magnarum
2959 4280 3150 4348 procul
3212 4295 3398 4340 rerum

1824 4367 1983 4436 signa
2022 4368 2273 4438 quaedam
2333 4378 2594 4439 certaque
2636 4370 2949 4424 futurorum
3009 4370 3212 4426 indicia
3243 4375 3400 4442 quasi

1823 4459 2188 4515 fundamento
2209 4461 2473 4530 praeiacit.
2515 4462 2657 4527 Quin
2697 4463 2819 4516 etin
2838 4471 3156 4532 sequentem
3181 4472 3397 4524 aetatem

1823 4553 1927 4606 hoc
1953 4554 2130 4620 ipsum
2157 4553 2208 4606 in
2235 4568 2301 4606 eo
2329 4570 2436 4608 non
2470 4569 2596 4608 raro
2627 4555 2876 4623 contigit,
2918 4555 3230 4628 saepiusque
3258 4555 3400 4611 inter

1823 4644 2204 4698 dormiendum
2240 4645 2390 4701 visus
2411 4656 2494 4700 cst
2514 4647 2581 4700 ab
2599 4647 2783 4716 aquila
2821 4648 3022 4716 obtegi.
3062 4649 3168 4702 Sed
3203 4648 3398 4704 borum

1825 4747 1956 4792 tunc
1991 4737 2102 4792 fere
2134 4737 2282 4791 nulla
2327 4740 2469 4792 ratio
2501 4740 2829 4793 habebatur.
2877 4739 3184 4810 Antequam
3224 4741 3397 4805 enim,

1825 4831 2027 4900 quibus
2056 4831 2142 4884 ille
2179 4829 2544 4897 fulciebatur,
2590 4834 2819 4885 virtutes
2869 4841 3235 4900 patescerent,
3295 4837 3396 4887 etsi

1825 4939 2018 4989 magna
2043 4934 2200 4977 erant
2222 4939 2343 4992 quae
2361 4923 2744 4992 praelucebant,
2775 4923 3184 4994 negligebantur
3216 4932 3396 4979 tamen

91 4925 210 4978 Ξενὶ
250 4927 462 4997 σχεδῖιν
499 4927 644 4996 λόγῳ
673 4927 796 4980 τότε
827 4928 1001 4984 ταῦτα
1033 4931 1270 4984 ἐτίθετο·
1316 4933 1422 5004 πρὸ
1474 4935 1568 4987 τοῦ
1601 4936 1708 5006 γὰρ

89 5018 383 5087 ἐμφανεῖς
422 5020 765 5089 καταστῆναι
797 5023 840 5053 ⁸⁷
877 5023 975 5085 τὰς
1007 5024 1064 5075 ἐν
1119 5023 1266 5098 αὑτῷ
1326 5026 1548 5095 ἀρετὰς,
1602 5027 1707 5079 κᾶν

91 5108 338 5175 μεγάλα
373 5109 448 5159 τὰ
480 5113 890 5180 προφαινόμενα
923 5113 1182 5182 ἡμελεῖτο
1212 5117 1308 5170 καὶ
1365 5116 1711 5184 παρελάνθα-

87 5217 206 5262 νεν,
240 5200 479 5262 οὐδενὸς
521 5199 823 5272 δυναμένου
857 5205 915 5257 ἐν
966 5206 1114 5276 οἰκίᾳ
1142 5206 1262 5277 λιτῇ
1306 5208 1399 5260 καὶ
1440 5208 1708 5279 δημοτικῇ

87 5293 250 5354 ὅπως
292 5291 438 5360 ἔλθῃ
459 5292 504 5320 ’⁸
537 5293 668 5344 ποτὲ
703 5293 959 5363 βαλέσθαι
990 5299 1069 5360 εἰς
1094 5296 1238 5350 νοῦν,
1276 5299 1421 5371 Πλὴν
1469 5301 1590 5352 ἐπεὶ
1616 5302 1710 5351 καὶ

85 5385 144 5435 τὲ
179 5385 425 5445 τούτοις
460 5385 554 5435 ἐττί
576 5385 741 5438 πλέον
771 5388 1130 5459 ἐνδιατρίϐειν
1181 5391 1242 5441 οὐ
1295 5393 1486 5461 πάῥρω
1545 5391 1708 5462 τυχὸν

85 5475 243 5538 δέξει
273 5475 332 5505 η
383 5475 594 5543 τρόπου
649 5475 1007 5543 θωπεύοντος,
1069 5482 1162 5532 καὶ
1200 5481 1547 5551 νομεσθὼμεν
1578 5483 1708 5544 ἴσως

1820 5025 1873 5069 et
1911 5018 1962 5068 in
2001 5016 2220 5069 occulto
2267 5021 2581 5079 manebant,
2607 5032 2730 5070 cum
2768 5031 2928 5069 nemo
2973 5016 3026 5068 in
3053 5025 3288 5070 mentem
3316 5017 3398 5069 in-

1815 5107 2017 5162 ducere
2047 5118 2232 5177 posset
2282 5108 2562 5177 quomodo
2597 5109 2647 5160 in
2696 5108 2842 5161 tenui
2885 5108 3049 5161 domo
3085 5124 3148 5162 ac
3190 5109 3397 5176 plebeia

1816 5217 1901 5254 res
1923 5200 2234 5254 evaderent.
2293 5199 2562 5256 Craterum
2597 5215 2720 5256 cum
2755 5201 2808 5254 in
2838 5200 2925 5254 his
2950 5214 3168 5269 quoque
3190 5200 3398 5256 diutius

1821 5294 2103 5347 immorari
2130 5294 2274 5348 haud
2307 5294 2496 5364 procul
2530 5292 2670 5348 forte
2695 5294 2763 5349 ab
2787 5293 3176 5349 assentatiouis
3196 5293 3397 5356 indole

1820 5389 2011 5442 abesse
2047 5388 2311 5449 videatur,
2367 5397 2425 5440 ut
2463 5403 2528 5442 ne
2578 5385 2810 5441 forsitan
2863 5402 3181 5457 magnarum
3213 5401 3394 5440 rerum

1825 5483 2295 5549 honestarumque
2333 5479 2558 5550 penuria
2601 5481 2653 5534 in
2706 5479 2791 5534 bis
2837 5482 3036 5552 stylum
3085 5479 3301 5536 trahere
3332 5494 3396 5533 ac.

1443 5667 1670 5722 V'ARIAZ
1706 5667 2113 5722 LECTIONES.

173 5789 218 5818 ’³
263 5783 643 5840 ὑπεδεέκνυτο
671 5783 732 5842 Ρ,
812 5785 854 5855 ’γ’
887 5787 1031 5852 αὖτῷ
1063 5786 1124 5838 Α.
1205 5786 1247 5816 ³³
1281 5783 1394 5855 ἐπι]
1435 5787 1560 5852 περὶ
1586 5786 1692 5838 ΑΡ,
1775 5789 1815 5816 2³
1851 5787 1997 5839 παιδὶ
2025 5784 2086 5839 Ρ,

91 5860 251 5912 λ·
353 5857 400 5886 ’⁷
444 5857 786 5923 καταστῆσαι
824 5854 879 5907 P.
959 5856 1262 5911 "atoma.
1343 5854 1633 5928 ηδάξῖιι.

540 5957 795 6015 Parant.
878 5956 996 6016 Gn.
1040 5955 1201 6016 CIX.
2897 5953 2936 6013 8

2165 5787 2208 5816 "
2237 5784 2628 5856 ἐκσοϐούμενος
2663 5785 2724 5839 Δ.
2804 5782 2850 5813 ¹⁶
2874 5784 2968 5836 καὶ
3003 5781 3395 5853 ἐναργέστερον
