4154 6446
739 401 845 462 237i

1827 394 2338 456 THEOPHANES
2373 397 2930 460 CONTINUATUS.

3892 397 3992 464 236

742 511 1026 565 historiam
1054 517 1453 572 ex.stnnemur,
1484 522 1605 577 qum
1626 507 1748 578 ejus
1776 507 1994 577 generis
2026 517 2155 563 sunt
2179 523 2312 578 puc-

2426 510 2622 580 ἀπορία
2650 510 2758 563 τῶν
2792 512 2918 582 περὶ
2946 510 3111 565 αὐτὸν
3139 510 3320 564 καλῶν
3365 512 3426 564 ἐν
3470 510 3685 574 τούτοις
3717 510 3815 582 τὴν
3851 515 3974 566 ἰστο»

742 605 968 673 rilisquc
1000 601 1174 656 aetatis
1215 601 1400 654 omnia
1431 600 1774 662 omittemus,
1809 607 1974 668 atque
2003 599 2069 653 ad
2097 615 2162 653 ea
2196 613 2320 668 qua:

747 693 1032 763 sequentia
1106 700 1233 746 sunt
1302 690 1494 744 sedulo
1561 704 1870 745 sermonem
1932 691 2320 758 provehemus,

740 801 801 838 ea
843 785 1052 838 scilicet
1079 784 1285 835 ratione
1318 790 1378 834 ut
1408 782 1626 836 laudum
1653 781 1761 834 vim
1795 782 2188 845 insatiabilem,
2219 797 2318 836 ceu

740 875 990 944 quamvis
1022 888 1130 926 rem
1172 873 1335 927 aliam
1368 874 1422 927 in
1449 871 1624 927 laudis
1663 883 1818 941 parte
1857 874 2086 929 minime
2120 874 2321 928 haben-

738 969 884 1028 dam,
925 964 1260 1034 rejiciamus.

808 1100 972 1168 220
1001 1098 1054 1152 6.
1101 1097 1242 1152 Puer
1281 1098 1461 1165 itaque
1503 1096 1647 1166 apud
1692 1105 1902 1166 patrem
1959 1097 2318 1161 educabatur,

738 1206 974 1260 eumque
1004 1190 1338 1258 egelidorum
1386 1198 1774 1257 pr:eceptorcin
1800 1231 1816 1254 ,
1845 1189 2198 1242 dicendorum
2242 1189 2324 1242 in-

740 1292 1054 1353 terpretem,
1089 1289 1252 1349 atque
1304 1283 1370 1333 ad
1421 1281 1603 1333 omnia
1644 1295 1766 1348 qua:
1803 1281 2020 1335 virtutis
2078 1291 2208 1334 sunt
2259 1295 2322 1334 ac

741 1376 950 1429 laudem
1001 1373 1202 1426 habent
1255 1375 1575 1441 magistrum
1616 1381 1811 1425 nactus
1852 1389 1915 1427 ac
1958 1373 2319 1436 eruditorem,

741 1485 850 1523 non
890 1467 1130 1521 Chirone
1181 1467 1399 1536 gemino
1454 1466 1604 1518 velut
1650 1467 1893 1520 Achilles
1936 1481 2075 1534 opus
2109 1464 2319 1532 habuit,

740 1577 849 1614 non
893 1559 1146 1629 Lycurgo
1183 1558 1520 1626 legislatoro,
1570 1572 1676 1610 non
1704 1556 1926 1618 Solone,
1961 1573 2068 1610 non
2095 1565 2322 1610 externa

738 1670 806 1709 ac
835 1654 1124 1723 peregrina
1156 1651 1443 1719 disciplina
1470 1664 1797 1718 morumque
1829 1648 2195 1709 institutione,
2228 1647 2322 1702 sed

745 1762 853 1799 uno
883 1746 975 1797 illo
1003 1744 1318 1798 institutore
1355 1741 1569 1794 honesti
1604 1741 1858 1809 palaestra
1902 1739 2323 1810 praeclarissime

2428 604 2548 673 ρίαν
2583 604 2937 673 ἀπασχολεῖν,
2965 603 3033 656 τὰ
3061 602 3159 656 τοῦ
3188 603 3378 672 ὁμοίου
3415 604 3590 666 εἴδους
3625 605 3838 674 καὶτῆς
3868 620 3990 656 παι-

2422 696 2580 764 δικῆς
2612 695 2827 766 ἡλικίας
2856 695 3035 749 πάντα
3059 697 3400 765 παρήσομεν,
3431 696 3524 748 ἐπὶ
3562 696 3618 748 δέ
3644 696 3719 747 τὸ..
3755 695 3992 766 ἐμπροσ-

2423 786 2512 839 θεν
2530 786 2622 838 τὸν
2651 787 2807 854 λόγον
2839 787 3042 857 σπουδῇ
3074 789 3503 856 προαγάγωμεν,
3539 787 3638 855 τὴν
3687 785 3795 839 τῶν
3845 787 3997 839 ἐπαί-

2422 892 2528 928 νων
2553 874 2864 946 ἀπληστίαν
2899 876 3092 946 ῶσπερ
3116 878 3245 931 ἄλλο
3284 894 3339 930 τι
3393 877 3504 929 τῶν
3553 878 3654 929 οὐκ
3699 879 3996 930 ἐπαινετῶν

2422 968 2644 1022 ἀπωθού
2652 985 2822 1039 μενοι.

2496 1105 2570 1168 ς’.
2605 1105 2952 1175 Τρεφόμενος
2979 1103 3159 1157 τοίνυν
3189 1105 3217 1156 ὁ
3239 1106 3367 1166 παῖς
3409 1104 3560 1174 παρὰ
3593 1103 3668 1173 τῷ
3695 1104 3881 1173 πατρὶ,
3904 1103 3998 1156 καὶ

2421 1195 2585 1248 αὑτὸν
2617 1196 2755 1265 ἔχων
2784 1196 2894 1249 τῶν
2930 1196 3224 1265 πρακτέων
3278 1195 3564 1264 ὑφηγητὴν
3605 1197 3699 1248 καὶ
3745 1195 3851 1247 τῶν
3904 1200 3999 1266 ρη-

2422 1283 2562 1336 τέων
2586 1283 2861 1354 ἐξηγητὴν
2886 1285 2982 1337 καὶ
3002 1283 3324 1337 διδάσκαλον
3357 1284 3453 1334 καὶ
3483 1283 3841 1353 παιδοτρίϐην
3867 1285 4000 1352 πρὸς

2424 1376 2571 1429 ἆπαν
2601 1375 2892 1428 σπουδαῖον
2913 1375 3008 1427 καὶ
3055 1376 3469 1444 ἐπαινούμενον,
3512 1373 3636 1427 οὔτε
3693 1371 4000 1444 μιξανθρὼο

2431 1486 2536 1522 που
2565 1469 2841 1539 Χείρωνος
2864 1468 3060 1538 ἐδεήθη
3085 1468 3161 1527 ὡς
3202 1467 3504 1537 Ἀχιλλεὺς,
3531 1465 3655 1519 οὗτε
3687 1465 3998 1536 Λυκούργου

2423 1561 2715 1631 νομοθέτου
2742 1560 2828 1632 [Ρ.
2859 1559 2985 1630 I38]
3010 1561 3106 1612 καὶ
3131 1559 3391 1622 Σόλωνος,
3433 1557 3557 1610 οὔτε
3587 1558 3878 1627 ὑπερορίου
3908 1558 4000 1609 καὶ

2426 1655 2642 1724 ξενικῆς
2672 1655 2917 1723 ἀγωγῆς,
2946 1655 3065 1707 ἀλλ’
3111 1655 3217 1705 ὑπὸ
3247 1653 3325 1722 τῷ
3357 1651 3588 1722 φύσαντι
3625 1651 3770 1719 μόνῳ
3803 1651 3870 1702 τά
3897 1650 4002 1702 τῶν

2424 1746 2607 1799 καλῶν
2637 1746 3040 1815 ἐξασκούμενος
3093 1745 3376 1808 κάλλιστα,
3437 1745 3578 1812 πρός
3627 1760 3685 1795 τε
3740 1741 3801 1794 τὸ
3845 1742 3997 1793 Θεῖον

740 1849 1003 1888 exercens
1033 1847 1095 1884 ac
1125 1830 1312 1884 colens
1337 1844 1469 1899 erga
1500 1828 1671 1882 Deum
1698 1838 1917 1883 sanctos
1950 1829 2178 1897 piosque
2203 1842 2319 1881 mo-

2426 1840 2679 1911 ὁσιότητα
2710 1839 2806 1892 καὶ
2834 1838 3120 1891 εὐσέϐειαν
3143 1838 3238 1890 καὶ
3263 1837 3399 1907 πρὸς
3419 1837 3547 1897 τοὺς
3571 1835 3826 1896 τεκόντας
3867 1834 3998 1886 αἱόὼ

744 1943 852 1992 res,
878 1941 1006 1996 erga
1030 1930 1283 1994 parentes
1305 1921 1643 1976 verecundos
1665 1921 1959 1988 animoque
1981 1918 2319 1988 obsequendi

742 2033 968 2086 pronos,
1022 2030 1149 2084 erga
1185 2029 1348 2067 senes
1387 2012 1616 2067 cedendi
1646 2010 1913 2065 modestia
1943 2011 2152 2075 faciles,
2192 2025 2319 2080 erga

740 2107 977 2174 aequales
1017 2118 1080 2156 ac
1101 2102 1330 2156 tribules
1360 2100 1514 2154 nullo
1547 2099 1656 2153 doli
1698 2099 1824 2153 fuco
1858 2097 2170 2161 benevolos,
2195 2110 2322 2165 erga

742 2209 987 2268 potentes
1005 2214 1068 2250 ac
1093 2197 1450 2264 magistratus
1474 2192 1744 2258 subditos,
1773 2207 1903 2262 erga
1930 2191 2162 2261 denique
2188 2204 2322 2258 pau-

741 2307 899 2362 peres
948 2290 1329 2344 misericordia
1379 2289 1683 2357 impensos,
1743 2287 2007 2338 virtutum
2074 2283 2320 2337 omnium

741 2384 1066 2453 compendio
1103 2382 1412 2437 luculenter
1442 2379 1669 2441 elfulsit,
1718 2394 1746 2432 a
1789 2392 1959 2449 puero
2002 2375 2231 2446 pudicus
2255 2390 2323 2429 ac

743 2478 961 2532 sobrius
996 2476 1251 2542 viriliqne
1292 2472 1499 2536 animo,
1554 2470 1890 2538 aequalitatis
1926 2484 1990 2522 ac
2020 2467 2322 2538 prodeuntia:

741 2581 954 2625 amator
982 2569 1268 2636 cultorque
1295 2564 1556 2627 eximius,
1577 2563 1629 2616 in
1659 2562 1918 2630 nulloque
1939 2562 2202 2614 adversus
2221 2559 2320 2612 bu-

742 2664 988 2716 miliores
1016 2659 1242 2728 spiritus
1275 2657 1468 2710 tollens
1489 2663 1582 2708 aut
1616 2653 1967 2723 superbiens;
1997 2651 2200 2721 quibus
2235 2665 2322 2703 re-

740 2755 845 2807 bus
881 2752 1128 2806 omnium
1173 2748 1276 2802 sibi
1333 2746 1664 2800 conciliabat
1701 2745 1942 2809 animos,
1996 2743 2321 2812 cunctisque

739 2843 1016 2899 desiderio
1047 2851 1212 2910 atque
1266 2839 1442 2893 amori
1484 2836 1814 2891 habebatur.

809 2977 866 3030 7.
897 2973 1016 3030 lam
1047 2990 1176 3028 vero
1201 2989 1423 3028 emensa
1449 2973 1524 3027 illi
1557 2972 1811 3043 pueritia,
1839 2971 1908 3026 ad
1938 2970 2322 3026 adolescentiae.

741 3084 916 3122 annos
944 3076 1198 3136 provecta
1229 3074 1388 3119 :etate
1420 3078 1698 3134 propcque
1752 3073 1968 3117 matura
2001 3072 2060 3117 ut
2092 3063 2160 3117 ad
2193 3063 2323 3116 vali-

741 3161 895 3214 diora
920 3159 1103 3212 Studia
1133 3158 1412 3218 transiret,
1440 3166 1592 3224 pater
1625 3158 1678 3208 in
1726 3156 1866 3210 vivis
1912 3171 2034 3210 esse
2063 3155 2321 3210 desinens

743 3251 810 3305 ad
857 3250 1026 3303 futuri
1063 3249 1161 3302 aevi
1200 3257 1401 3301 statum
1449 3245 1756 3300 translatus
1797 3256 1902 3301 cst.
1965 3243 2104 3300 Hinc
2146 3245 2326 3298 luctus

743 3345 1098 3413 planctusque
1127 3355 1189 3391 ac
1221 3353 1445 3401 mceror,
1481 3345 1538 3390 ut
1584 3351 1682 3406 par
1711 3347 1818 3399 est,
1867 3336 2090 3389 domum
2126 3336 2327 3388 irrum—

742 3451 905 3506 pere;
935 3432 1096 3485 matri
1146 3429 1404 3495 viduitas,
1437 3429 1565 3483 huic
1618 3429 1827 3498 Optimo
1874 3428 2085 3482 orbitas
2110 3442 2175 3480 ac
2199 3440 2324 3495 quae

742 3528 868 3582 inde
901 3523 1140 3587 tristitia,
1175 3536 1543 3576 aerumnarum
1590 3521 1762 3575 moles
1811 3520 2066 3575 desolata:
2109 3520 2328 3573 familia:

743 3618 1064 3672 obturbare.
1129 3614 1571 3668 Sollicitudinum
1611 3628 1840 3666 examen
1895 3613 1972 3666 rei
2040 3611 2327 3665 familiaris

745 3708 1105 3780 procuranda:
1164 3721 1352 3758 causa.
1400 3704 1591 3758 Omnis
1644 3707 1832 3758 statim
1888 3703 1956 3756 ad
1982 3703 2326 3756 eumdomus

745 3803 997 3854 devoluta
1033 3815 1195 3861 cura;
1251 3797 1339 3850 uni
1402 3797 1477 3850 illi
1531 3797 1742 3861 matris,
1790 3796 1884 3849 uni
1932 3810 2318 3866 germanorum

746 3896 1013 3946 incumbit
1043 3893 1202 3960 22}
1229 3889 1527 3959 diligentia.
1579 3890 1716 3955 Quia
1749 3903 1900 3955 vero,
1941 3905 2062 3959 qua:
2087 3888 2155 3941 ab
2177 3889 2326 3959 agri-

745 3991 958 4038 cultura
1013 3987 1118 4054 peii
1177 3983 1354 4036 solent
1406 3981 1675 4045 subsidia,
1721 3981 1840 4050 ipsa
1871 3981 2068 4050 exigua
2089 3981 2326 4050 viliaque

743 4095 865 4134 che
889 4077 1236 4138 videbantur,
1266 4074 1332 4128 ad
1365 4074 1609 4143 reginam
1641 4075 1860 4128 urbium
1879 4073 2155 4143 proﬁcisci
2187 4072 2325 4127 deli-

745 4171 992 4228 beiabat,
1025 4177 1190 4235 atque
1223 4163 1348 4218 inde
1380 4165 1482 4218 sibi
1515 4165 1744 4234 suisque
1775 4179 1844 4218 ex
1871 4165 2084 4218 honesti
2113 4165 2325 4218 ratione

744 4261 1071 4330 compendia
1105 4273 1316 4328 parare,
1348 4258 1824 4327 patrociniumque
1885 4257 2176 4312 clientibus
2211 4273 2325 4311 ma-

745 4357 943 4422 gnifice
991 4353 1121 4405 utile
1155 4368 1218 4404 ac
1259 4367 1444 4404 curam
1491 4352 1770 4406 exhibere.
1799 4349 2039 4406 Noverat
2079 4354 2224 4405 enim
2270 4353 2323 4404 in

745 4448 957 4516 magnis
991 4445 1242 4508 urbibus,
1291 4460 1352 4497 ac
1381 4446 1727 4513 potissimum
1781 4447 1970 4514 regiis,
2022 4446 2324 4500 industrias

750 4539 963 4592 indoles
995 4537 1380 4600 inclarescere,
1415 4550 1620 4603 eosque
1644 4537 1738 4604 qui
1784 4537 1908 4590 dote
1949 4537 2130 4606 aliqua
2165 4536 2324 4606 vulgo

746 4633 1059 4701 praecellant
1099 4629 1454 4698 splendidiori
1513 4628 1732 4683 fortuna
1772 4631 2003 4696 enitere,
2058 4631 2112 4684 in
2166 4630 2321 4698 igno-

748 4727 1035 4779 bilioribus
1086 4738 1216 4776 vero
1273 4737 1337 4776 ac
1392 4722 1663 4793 ingloriis,
1711 4723 1860 4776 velut
1925 4724 1979 4775 in
2024 4722 2325 4776 rusticanis

750 4821 1083 4888 paganisque
1113 4817 1478 4882 commerciis,
1511 4816 1798 4870 obscurari
1827 4831 1891 4870 ac
1920 4816 2199 4884 corrumpi
2224 4816 2326 4869 vir-

749 4920 917 4970 totes,
953 4910 1208 4976 ipsasque
1238 4925 1266 4961 a
1291 4925 1367 4972 se,
1401 4909 1545 4975 quod
1581 4923 1689 4961 non
1725 4908 2032 4962 ostentandi
2074 4909 2230 4976 capia
2257 4906 2325 4960 sit

749 5017 850 5055 nec
884 5016 1013 5054 vero
1043 5001 1393 5053 admirationi
1452 4999 1709 5068 laudique
1777 4999 2106 5063 habeantur,
2137 4999 2324 5052 exole-

750 5110 900 5149 scere
928 5111 990 5147 ac
1021 5093 1756 5159 marcescere.Quamobrem
1785 5107 1815 5146 e
1842 5094 1958 5147 suis
1991 5093 2063 5146 illi
2096 5092 2326 5146 rationi-

750 5187 852 5240 bus
891 5188 1175 5240 videbatur
1202 5197 1259 5239 ut
1279 5202 1337 5241 se
1364 5187 1429 5240 ad
1459 5187 1648 5240 urbem
1681 5196 1971 5255 augustam
2001 5182 2282 5239 conferret
2307 5201 2319 5239 :

749 5278 1070 5331 retrahebat
1115 5287 1297 5332 tamen
1357 5293 1421 5332 ac
1468 5277 1745 5332 detinebat
1807 5278 2002 5330 matris
2048 5292 2225 5339 amor,
2273 5284 2328 5329 et

749 5370 894 5428 quod
933 5367 1055 5437 ejus
1096 5369 1278 5422 levare
1323 5368 1600 5422 molestias
1649 5366 1735 5420 vel
1779 5367 2019 5420 maxime
2075 5377 2322 5434 cuperet,

747 5460 1003 5530 quodque
1020 5461 1163 5516 adeo
1213 5460 1304 5514 illa
1354 5459 1563 5514 alenda:
1606 5474 1730 5528 spes
1770 5458 2073 5515 senectutis
2108 5458 2316 5526 objice-

2425 1933 2519 1984 καὶ
2543 1933 2876 1989 εὐπείθειαν,
2901 1930 3036 2000 πρὸς
3063 1930 3421 1999 γεραιτέρους
3441 1928 3485 1959 ⁸⁰
3513 1927 3724 1992 ὖπειξιν
3749 1927 3841 1977 καὶ
3864 1926 3997 1994 πρὸς

2423 2017 2620 2093 ἧλίκας
2648 2026 2746 2078 καὶ
2781 2023 3016 2093 φυλέτας
3055 2022 3240 2076 ἄδολον
3275 2020 3509 2084 εὔνοιαν,
3566 2019 3704 2088 πρὸς
3736 2017 4001 2078 δυνάστας

2424 2117 2708 2188 ὑποταγὴν
2744 2116 3004 2184 καὶπρὸς
3040 2115 3276 2183 πένητας
3310 2113 3480 2177 ἔλεον,
3514 2113 3573 2163 ἐν
3613 2111 3816 2171 πάσαις
3881 2111 4000 2170 ταῖς

2424 2209 2645 2279 ἀρεταῖς
2675 2207 2940 2276 ἐπιδήλως
2975 2204 3280 2273 ἐξέλαμψεν
3300 2203 3364 2265 ³⁸,
3399 2201 3634 2270 σώφρων
3663 2201 3726 2252 ἐκ
3760 2199 3880 2252 νέου
3910 2199 4004 2248 καὶ

2423 2303 2667 2373 ἀνδρεῖος
2691 2297 3119 2366 ἀναφαινόμενος
3143 2337 3158 2361 ,
3181 2297 3280 2364 τήν
3305 2312 3362 2346 τε
3393 2294 3609 2362 ίσότητα
3635 2291 3772 2360 μετὰ
3803 2291 4004 2359 φωνή-

2425 2407 2563 2452 σεως
2601 2389 2833 2457 ἀγαπῶν
2862 2388 2956 2440 καὶ
2986 2387 3351 2456 διαφερόντως
3380 2385 3578 2453 τιμῶν,
3607 2385 3701 2435 καὶ
3732 2384 3789 2434 ἐν
3816 2381 4005 2450 μηδενὶ

2421 2481 2530 2534 τῶν
2570 2479 2966 2549 ταπεινοτέρων
3024 2477 3530 2546 κατεπαιρὸμενοςο
3582 2473 3642 2537 ἐξ
3695 2467 3772 2526 ὧν
3821 2471 4005 2524 εὔνοια

2423 2571 2576 2644 παρά
2607 2571 2824 2625 πάντων
2848 2568 2997 2640 αὺτῷ
3037 2571 3132 2623 καὶ
3183 2567 3244 2620 τὸ
3276 2568 3444 2619 πᾶσιν
3527 2561 3665 2618 εἶναι
3727 2563 4005 2632 προσφιλῆ

2426 2665 2518 2718 καὶ
2547 2665 2826 2734 ἐράσμιον.

2497 2978 2562 3042 ζ’,
2603 2977 2741 3045 Ἤδη
2799 2975 2858 3026 δέ
2909 2971 3075 3027 αὑτοῦ
3126 2973 3227 3041 τὴν
3267 2971 3524 3040 παιδικὴν
3565 2968 4010 3040 παραλλάξαντοὶ

2427 3072 2644 3143 ἡλικίαν
2669 3071 2764 3123 καὶ
2795 3068 2932 3139 πρὸς
2955 3064 3054 3136 τὴν
3089 3065 3198 3118 τῶν
3240 3063 3541 3134 μειρακίων
3573 3063 3865 3123 ἐλάσαντος
3906 3065 4006 3112 καὶ

2431 3168 2543 3228 τοῖς
2595 3162 3039 3233 ἀνδρικωτέροις-
3069 3158 3264 3228 καιρὸν
3313 3157 3528 3225 ἔχοντος
3575 3154 3932 3226 προσϐαίνειν
3967 3156 4010 3185 ⁸¹

2435 3255 2880 3325 ἐπιτηδεύμασιν,
2914 3251 3129 3317 ἐξέλιπε
3157 3251 3248 3302 τὸν
3275 3249 3388 3318 βίον
3409 3251 3438 3301 ὁ
3461 3247 3638 3316 φύσας
3682 3247 3868 3316 πατὴρ
3904 3249 4003 3298 καὶ

2429 3349 2567 3418 πρὸς
2595 3345 2694 3418 τὴν
2714 3345 2926 3399 ἐκεῖθεν
2957 3343 3138 3412 ἀπῆρε
3166 3341 3524 3404 κατάστασιν,
3576 3340 3771 3402 πένθος
3813 3339 3870 3391 δέ
3915 3340 4016 3390 καὶ

2430 3437 2626 3507 θρῆνος
2643 3434 2785 3488 κατά
2797 3435 2896 3504 τὴν
2916 3433 3115 3496 οἰκίαν,
3134 3433 3207 3493 ὼς
3222 3431 3388 3494 είκὸς,
3411 3429 3739 3499 ἐπεκώμαζε
3761 3446 3775 3458 ·
3810 3429 4019 3498 χηρεία

2429 3529 2560 3597 περὶ
2584 3525 2683 3594 τὴν
2720 3524 2929 3594 μητέρα
2965 3523 3058 3575 καὶ
3087 3522 3322 3592 ὀρφανία
3365 3521 3496 3591 περὶ
3524 3519 3714 3572 τοῦτον
3746 3519 3838 3570 τὸν
3873 3521 4013 3587 κρά-

2437 3633 2624 3670 τιστον
2652 3617 2745 3669 καὶ
2790 3617 2848 3670 ai
2876 3613 3129 3667 ἐντεῦθεν
3156 3617 3308 3668 ἁνίαι
3353 3612 3451 3666 καὶ
3497 3611 3704 3679 θλίψεις
3760 3611 4016 3679 ἐφύοντο,

2427 3709 2653 3779 ἐπέρρει
2685 3708 2741 3760 δὲ
2779 3707 2874 3760 καὶ
2917 3705 3215 3776 φροντίδων
3247 3705 3415 3774 ἐσμὸς
3443 3707 3544 3774 τῆς
3586 3702 3728 3758 κατὰ
3767 3704 3860 3756 τὸν
3897 3703 4018 3772 βίον

2427 3801 2747 3872 διοικήσεως
2779 3801 2971 3854 ἕνεκα·
3029 3801 3230 3871 ἔρρεπε
3258 3799 3367 3870 γὰρ
3427 3799 3562 3868 πρὸς
3613 3798 3802 3850 τοῦτον
3845 3798 4022 3859 εὐθὺς

2431 3899 2582 3951 πᾶσα
2609 3898 2644 3967 ἡ
2676 3895 2805 3966 περὶ
2830 3895 2922 3948 τὸν
2959 3889 3107 3946 οἶκον
3139 3891 3426 3962 ἐπιμέλεια
3460 3891 3552 3943 καὶ
3584 3891 3616 3960 ἡ
3648 3890 3876 3958 πρόνοια
3912 3892 4022 3958 τῆς

2433 3989 2638 4059 μητρὸς
2680 3988 2775 4040 καὶ
2800 3985 2912 4039 τῶν
2941 3983 3209 4052 ἀδελφῶν.
3251 3982 3405 4035 Ἐπεὶ
3444 3981 3501 4034 δὲ
3538 3983 3572 4051 ἠ
3601 3981 3710 4034 ἀπο
3734 3980 4024 4049 γεωργίας

2430 4080 2724 4149 ἐπικουρία
2777 4079 2952 4149 μικρά
2984 4095 3070 4140 τις
3113 4077 3159 4107 ⁸³
3191 4074 3285 4128 καὶ
3333 4074 3563 4143 ἀγεννὴς
3620 4073 3794 4126 ἐδόκει
3840 4071 4023 4140 αὐτῷ,

2430 4174 2752 4227 ἐϐουλεύετο
2780 4172 2916 4242 πρὸς
2946 4172 3046 4240 τὴν
3069 4169 3459 4239 βασιλεύουσαν
3489 4165 3753 4219 είσελθεῖν
3791 4165 3888 4216 καὶ
3951 4165 4028 4216 τὰ

2429 4267 2526 4337 τῆς
2544 4265 2750 4327 οἰκείας
2772 4263 2974 4335 ἀρετῆς
3000 4261 3378 4328 ἐπιδείξασθαι
3399 4258 3723 4320 κάντεῦθεν,
3754 4257 3936 4326 ἐαυτῷ
3961 4273 4027 4307 τε

2430 4359 2653 4419 καὶτοῖς
2670 4355 2836 4409 αὑτοῦ
2855 4355 3221 4427 προσπορίσαι
3239 4354 3308 4408 τὰ
3327 4354 3512 4408 δέοντα
3525 4353 3620 4405 καὶ
3649 4350 4031 4420 μεγαλωφελῆ

2426 4450 2526 4520 τὴν
2553 4449 2889 4518 προστασίαν
2917 4446 3290 4512 ἐπιδείξασθαι
3319 4446 3415 4498 καὶ
3464 4443 3811 4515 προμήθειαν
3830 4458 3842 4470 ’
3896 4441 4030 4510 ᾔδει

2354 4544 2537 4646 Ι)γὲιρ
2584 4541 2642 4592 ἐν
2693 4543 2814 4604 ταῖς
2853 4538 3116 4609 μεγάλαις
3141 4539 3237 4590 καὶ
3269 4536 3506 4606 μάλιστα
3555 4535 3677 4596 ταῖς
3725 4530 4030 4600 βασιλευο-

2435 4635 2624 4706 μέναις
2661 4633 2768 4685 τῶν
2825 4632 3032 4684 πόλεων
3085 4631 3186 4692 τὰς
3215 4629 3397 4692 δεξιὰς
3459 4626 3651 4695 φύσεις
3707 4625 4034 4692 εὐδοκιμεῖν

2434 4726 2529 4778 καὶ
2561 4727 2684 4787 τοὺς
2709 4725 2816 4777 τῶν
2848 4723 3020 4776 ἄλλων
3043 4723 3185 4775 κατά
3207 4738 3261 4773 τι
3285 4719 3621 4789 προέχοντας
3645 4719 3739 4768 ἐπὶ
3757 4716 3822 4768 λα
3833 4733 4032 4785 μπρο-

2432 4818 2596 4889 τέρας
2643 4818 2812 4888 τύχης
2863 4816 3254 4888 γνωρίζεσθαι,
3307 4816 3363 4866 ἐν
3397 4813 3456 4865 δέ
3505 4815 3632 4874 ταῖς
3670 4808 4032 4879 ἀδοξοτέραις

2431 4910 2540 4960 τῶν
2569 4908 2777 4961 πόλεων
2802 4910 2892 4960 καὶ
2923 4909 3233 4970 ταπειναῖς,
3262 4904 3451 4974 ὥσπερ
3479 4904 3536 4955 ἐν
3592 4904 3714 4963 ταῖς
3763 4918 4035 4966 κωμῆτις

2432 5005 2555 5063 καῖς
2585 5003 2977 5071 ἀναστροφαῖς,
3040 4997 3424 5069 ἀμαυροῦσθαι
3472 4995 3566 5047 καὶ
3599 4994 3807 5061 φθίνειν
3830 4992 3876 5022 ³⁸
3925 4993 4038 5055 τὰς

2428 5096 2649 5164 ἀρετὰς,
2675 5096 2764 5147 καὶ
2793 5095 2964 5156 αὐτὰς
2999 5092 3086 5161 ὑφ’
3107 5092 3314 5144 ἐαυτῶν
3343 5094 3398 5143 ἐν
3417 5089 3496 5160 τῷ
3512 5089 3587 5158 μὴ
3609 5086 3886 5139 ἐπιδείκνυ
3899 5085 4038 5138 σθαι

2431 5183 2567 5252 μηδὲ
2587 5182 2962 5253 θαυμάζεσθαι
2979 5183 3115 5252 πρὸς
3130 5181 3191 5233 τὸ
3214 5178 3457 5249 ἐξίτηλον
3475 5181 3672 5247 χωρεῖν
3696 5180 3788 5228 καί
3820 5177 4038 5245 μαραί-

2431 5276 2636 5328 νεσθαι.
2660 5275 2758 5328 Διά
2783 5275 2958 5328 ταῦτα
2987 5274 3088 5345 μὲν
3116 5275 3150 5343 ἡ
3171 5273 3308 5342 πρὸς
3336 5271 3436 5341 τὴν
3456 5268 3858 5340 βασιλεύουσαν
3915 5271 4039 5318 εἰς·

2431 5368 2548 5430 οδος
2567 5368 2741 5421 ἐδόκει
2767 5368 2914 5436 αύτῷ
2935 5365 3217 5436 λυσιτελὴς
3245 5364 3339 5417 καὶ
3363 5363 3743 5433 συμφέρουσα,
3768 5359 4038 5412 ἁνθεῦ.κε

2430 5461 2483 5513 δὲ
2501 5461 2591 5518 καὶ
2608 5463 2854 5530 κατεῖχεν
2872 5460 3006 5530 ὁτῆς
3023 5459 3228 5529 μητρὸς
3242 5456 3405 5519 πόθος
3423 5458 3516 5510 καὶ
3529 5457 3588 5508 τὸ
3601 5454 3778 5508 θέλειν
3796 5457 4040 5507 ἐπικου-

2009 5636 2244 5690 ΥΑΒΙίΕ
2290 5633 2694 5693 ιΕΕΤιυᾱΕδ.

1325 5819 1365 5849 ³¹
1401 5815 1706 5887 ἐξέλαμπεν
1743 5819 1806 5871 Α.

819 5817 865 5850 ³⁸
896 5817 1157 5889 γέροντας
1190 5819 1246 5871 ι».

1885 5817 1926 5850 ³³
1959 5819 2275 5890 προϐαίνειν
2297 5817 2358 5876 Ρ.

2439 5822 2480 5852 ⁸³
2512 5821 2618 5891 vici
2660 5839 2714 5876 τε
2745 5820 2781 5874 ι»
2883 5823 2926 5852 ³⁵
2954 5822 3200 5892 φθείρειν
3232 5823 3402 5878 codex
3435 5821 3806 5877 Barberinns.
