4154 6446
171 358 251 423 237

1237 352 1388 414 LIB.
1410 352 1479 412 V.
1518 374 1587 385 --
1617 348 1975 409 BASILIUS
2018 347 2340 408 MACEDO.

3293 336 3400 403 238

172 469 317 536 φίζειν
330 465 535 537 ταύτης
557 464 625 518 τά
640 463 902 537 δυσχερῆ,
928 462 1099 535 αὐτῆς
1129 463 1347 533 ἐκείνης
1373 460 1718 531 μάλιστατᾶς

1836 467 1926 522 ret,
1968 458 2319 529 vicinamqne
2350 470 2511 527 Opem
2570 472 2635 512 ac
2682 455 3012 529 obsequium
3053 455 3109 512 in
3161 454 3247 513 liis
3279 471 3404 527 quas

172 557 514 629 γηροτρόφους
534 556 757 619 ἐλπίδας
780 554 1227 627 προϐαλλομένης
1253 558 1347 610 καὶ
1370 555 1470 626 τὴν
1491 556 1723 627 ἐγγύθεν
1829 545 1988 601 οσὶείί
2013 555 2201 605 essent
2223 551 2565 620 ἀεροεοοιει.

171 648 480 720 ἀπαιτούσης
508 647 833 719 ἐπικουρίαν
856 646 953 701 καὶ
980 646 1286 719 ὑπουργίαν
1325 647 1385 700 έν
1435 651 1548 713 τοῖς
1583 650 1723 704 καθ-

174 747 391 814 ήκουσιν.

223 835 280 903 η’.
323 834 555 889 Ἐπεὶδὲ
604 836 948 908 κυριωτέραν
979 836 1086 889 ἔδει
1119 837 1219 909 τὴν
1272 838 1426 891 θείαν
1470 838 1724 906 γενέσθαι

173 926 339 998 βουλήν
360 930 455 980 καὶ
469 928 659 982 τοῦτον
684 929 818 1000 πρὸς
836 930 973 1000 ὅπερ
1000 928 1282 1002 ἀφώριστο
1310 931 1398 1003 [Ρ.
1433 930 1559 1004 159]
1583 933 1725 987 κατὰ

174 1020 345 1090 μικρὸν
375 1020 483 1092 ὀδῷ
540 1020 829 1090 βαδίζοντα
886 1021 1154 1088 ἀνελθεῖν,
1211 1023 1510 1093 ὀνειράτων
1573 1024 1725 1095 ὄψεις

173 1114 390 1166 πείθουσι
419 1114 519 1183 τὴν
549 1113 766 1185 μητέρα
797 1113 1122 1167 ύπενδοῦναι
1178 1114 1329 1186 αὐτῷ
1358 1116 1400 1148 ³⁸
1436 1116 1530 1169 καὶ
1568 1117 1726 1170 ὑπεῖ-

169 1204 241 1269 {at
262 1205 357 1275 τῆς
398 1206 535 1275 πρὸς
588 1206 689 1276 τὴν
739 1206 895 1261 πόλιν
926 1207 1126 1277 ὁρμῆς,
1180 1207 1382 1277 μᾶλλον
1434 1207 1493 1260 δὲ
1555 1209 1726 1281 αὐτὴν

170 1299 358 1367 ἐκείνην
404 1298 764 1369 παρορμῆσαι
794 1299 962 1351 αὑτὸν
1015 1300 1110 1353 καὶ
1160 1300 1575 1371 προτρέψασθαι
1624 1304 1726 1373 τήν

170 1389 537 1459 βασιλεύουσαν
568 1392 724 1446 πόλιν
748 1392 1079 1445 καταλασεῖν
1110 1395 1203 1446 καὶ
1226 1394 1601 1459 ἐπιδείξασθαι
1633 1398 1727 1450 τὸν

169 1483 248 1552 τῆς
268 1484 446 1553 ψυχῆς
477 1482 722 1555 λειμῶνα
749 1486 843 1538 καὶ
869 1486 941 1539 τὰ
975 1485 1071 1539 τοῦ
1100 1486 1352 1554 γενναίου
1375 1488 1727 1559 φρονήματος

167 1577 562 1647 προτερήματα.
600 1577 791 1642 Ἔδοξε
827 1578 937 1650 γάρ
982 1596 1116 1633 ποτε
1146 1579 1340 1650 δναρή
1383 1582 1570 1651 μήτηρ
1593 1580 1729 1651 ὀρᾷν

166 1668 401 1735 μέγιστον
420 1667 480 1731 ἐξ
506 1668 679 1736 αὐτῆς
711 1670 1121 1741 ἀναϐλαστῆσαι
1146 1672 1332 1740 φυτὸν,
1363 1672 1438 1736 ὡς
1470 1674 1503 1743 ἡ
1541 1672 1726 1745 Κύρου

168 1760 324 1829 μήτηρ
336 1756 449 1812 εἶδε
468 1761 570 1830 τὴν
598 1760 868 1830 ἄμπελον,
890 1762 988 1815 καὶ
1004 1762 1164 1816 τοῦτο
1189 1764 1283 1816 ἐπὶ
1304 1766 1405 1834 τῆς
1424 1764 1605 1828 οίκίας
1625 1765 1726 1819 αύ-

162 1853 245 1921 τῆς
265 1852 485 1905 ἑστάναι
496 1851 688 1906 ἄνθεσί
724 1870 784 1906 τε
813 1853 1003 1924 κομῶν
1030 1855 1121 1907 καὶ
1138 1854 1342 1925 καρπῷ
1357 1854 1567 1926 βρῖθον,
1586 1872 1724 1927 χρυ-

162 1941 271 1994 σοῦν
313 1961 373 1996 τε
418 1942 653 1998 εἶναιτὸ
689 1944 798 1999 ἀπὸ
841 1946 946 2016 γῆς
982 1946 1180 2001 τούτου
1234 1947 1379 2017 μέγα
1437 1947 1723 2019 στέλεχος,

160 2038 242 2087 καὶ
284 2036 345 2089 τὸ
398 2037 595 2102 κλάδος
621 2039 719 2091 καὶ
744 2038 813 2092 τά
869 2040 1047 2109 φύλλα
1078 2040 1391 2112 χρυσοειδῆ.
1460 2040 1629 2093 Τοῦτο
1670 2039 1727 2094 δὲ

160 2130 276 2198 πρός
299 2146 420 2183 τινα
456 2130 566 2183 τῶν
607 2134 855 2203 συνήθων
882 2133 976 2186 καὶ
1014 2149 1142 2204 περι
1174 2133 1243 2185 τὰ
1270 2133 1496 2186 τοιαῦτα
1526 2150 1726 2188 κατευ-

158 2226 349 2293 στοχεῖν
401 2223 707 2279 δοκούντων
753 2226 1136 2298 διηγησαμένη
1192 2228 1286 2279 ἐπὶ
1338 2226 1600 2298 λαμπρᾶς
1633 2226 1728 2279 καὶ

158 2316 385 2386 μεγάλης
452 2315 627 2387 τύχης
685 2316 913 2371 ἔσεσθαι
970 2317 1167 2388 δηλοῦν
1217 2318 1311 2371 τὸν
1368 2318 1484 2372 υἱὸν
1555 2316 1725 2388 αὐτῆς

156 2408 362 2477 ήκουσε.
396 2410 511 2466 Καὶ
542 2408 701 2475 αὖθις
721 2412 780 2465 δὲ
812 2411 957 2483 μετά
980 2429 1104 2466 τινα
1160 2410 1354 2483 χρόνον
1392 2412 1576 2481 ὀλίγον
1625 2413 1727 2483 ὁρᾷ

155 2503 280 2556 κατὰ
305 2504 436 2568 τοὺς
465 2503 669 2568 ὕπνους
703 2504 873 2577 ἄνδρα
895 2504 1018 2559 τινὰ
1047 2507 1307 2578 γηραιὸν,
1335 2499 1398 2559 οὗ
1423 2506 1531 2578 πῦρ
1575 2507 1727 2579 ἐξῄει

150 2596 247 2649 ἀπὸ
272 2596 368 2650 τοῦ
402 2598 701 2669 στόματος,
733 2598 1037 2670 διαρρήδην
1067 2600 1296 2670 λέγοντα
1351 2599 1488 2672 πρὸς
1527 2601 1723 2672 αὐτὴν,

145 2688 216 2741 ὃτι
282 2689 348 2743 '0
379 2690 783 2759 ἀγαπώμενος
820 2692 941 2746 ὑπὸ
971 2690 1092 2746 σοῦ
1143 2696 1176 2746 ό
1205 2693 1337 2759 υἱός
1367 2709 1483 2746 σου
1540 2692 1725 2746 Βασί-

142 2785 294 2846 λειος
320 2781 438 2850 τῆς
471 2782 592 2835 τῶν
629 2781 924 2852 Ῥωμαίων
938 2784 1267 2850 ,βασιλείας
1292 2782 1453 2851 παρὰ
1476 2783 1623 2836 Θεοῦ
1657 2786 1728 2837 τὰ

138 2872 419 2943 σκῆπτρα
454 2874 1003 2945 ἑγχειρισθήσενιω,
1036 2875 1134 2929 καὶ
1171 2875 1268 2929 δεῖ
1286 2889 1363 2928 σε
1384 2873 1727 2943 προτρέψας-

140 2968 266 3018 σθαι
323 2968 558 3022 τοῦτον
584 2967 739 3037 πρὸς
771 2969 887 3037 τὴν
914 2969 1557 3024 Κωνσταντινούπολιν
1598 2970 1727 3021 εἱσ-

136 3060 346 3115 ελθεῖν.
423 3060 496 3114 Ἡ
527 3062 586 3115 δὲ
642 3062 779 3132 πρὸς
805 3061 905 3132 τὴν
926 3063 1275 3133 χαρμόσυνον
1305 3060 1512 3131 ταύτην
1560 3060 1727 3128 ἀγγε-

137 3150 245 3202 λίαν
272 3152 608 3223 διαχυθεῖσα
642 3154 737 3207 καὶ
795 3154 1012 3225 πλήρης
1042 3153 1313 3224 γενομένη
1347 3154 1525 3224 χαρᾶς
1558 3170 1727 3224 προσο

130 3245 360 3315 ικύνηεέ
392 3264 463 3299 τε
507 3246 600 3300 τὸν
629 3246 863 3319 γηραιὸν
909 3249 1119 3301 ἐκεῖνον
1168 3248 1287 3312 καὶ,
1321 3248 1416 3313 Τίς
1463 3243 1538 3313 εἷ,
1574 3240 1729 3299 εἶπεν

134 3336 290 3407 αὐτῷ,
320 3334 373 3393 ὦ
401 3338 585 3407 κύριέ
616 3356 763 3408 μου,
797 3342 831 3393 ό
870 3338 958 3409 μὴ
1006 3339 1364 3405 ἀπαξιώσας
1390 3338 1731 3408 ἐποφθῆναι

130 3427 193 3494 τῇ
222 3429 424 3499 δούλῃ
462 3446 610 3495 σου,
645 3431 784 3486 ἀλλ’
819 3433 1009 3499 οὕτως
1033 3434 1387 3501 εὐφρόσυγα
1410 3433 1733 3501 εὐαγγέλια

126 3524 562 3593 προσκομίσας
586 3540 720 3593 μοις
757 3524 815 3578 '0
842 3524 921 3587 δὲ,
964 3525 1197 3589 Ἠλίας,
1228 3523 1415 3593 φησὶν,
1454 3527 1487 3577 ό
1525 3525 1732 3578 8506i-

126 3630 223 3679 της
251 3617 406 3683 ειμι,
450 3616 556 3669 καὶ
589 3616 817 3687 ἁπέπτη
846 3616 956 3671 τῶν
984 3614 1302 3686 ὀφθαλμῶν.
1346 3615 1733 3670 Διυπνισθεῖσα

123 3701 207 3759 οὖν
228 3710 458 3779 ἐκείνη,
499 3708 601 3760 καὶ
647 3711 769 3771 ταῖς
796 3708 1001 3774 δεξιαῖς
1050 3708 1279 3772 ταύταις
1308 3709 1487 3779 ὂψεσι,
1531 3709 1731 3780 μᾶλλον

121 3798 169 3850 δὲ
198 3800 379 3865 θείαις
410 3800 847 3871 ἀποκαλύψεσιν
878 3794 992 3854 οἷον
1011 3801 1470 3870 ἀναπτερωθεῖσα
1498 3802 1596 3855 καὶ
1626 3800 1733 3865 ζω-

120 3898 443 3963 πυρήσασα,
495 3894 808 3966 προθύμως
834 3895 976 3965 αὒτὴ
1000 3892 1282 3966 παρώρμα
1312 3898 1408 3947 καὶ
1453 3895 1732 3965 ἐξέπεμπε

118 3986 200 4038 τὸν
238 3989 363 4041 υίὸν
415 3988 577 4059 πρὸς
626 3988 727 4058 τὴν
787 3987 1202 4057 βασιλεύουσαν,
1250 3988 1345 4041 καὶ
1401 3982 1491 4042 οἷα
1550 3990 1733 4059 μήτηρ

116 4080 388 4134 ἐνουθέτει
439 4082 553 4134 καὶ
585 4080 890 4151 παρεκάλει
928 4080 1019 4134 τόν
1046 4097 1107 4133 τε
1144 4080 1288 4133 θεῖον
1341 4080 1511 4148 φόϐον
1547 4080 1733 4151 διηνε-

119 4168 222 4233 κῶς
254 4170 416 4241 ἔχειν
468 4171 543 4223 ὲν
578 4172 649 4241 τῇ
708 4170 878 4240 ψυχῇ,
908 4172 1006 4224 καὶ¹
1058 4170 1304 4240 νομίζειν
1356 4170 1445 4223 ἀεὶ
1495 4170 1586 4224 τὸν
1636 4172 1733 4242 τῆς

116 4261 381 4329 Προνοίας
425 4262 733 4333 ὀφθαλμὸν
766 4265 946 4317 πᾶσαν
995 4263 1197 4334 πρᾶξιν
1257 4261 1426 4317 αὑτοῦ
1480 4262 1577 4315 καὶ
1626 4265 1734 4317 πᾶν

114 4353 278 4427 νόημα
312 4357 555 4427 ἐφορᾷν
584 4356 684 4409 καὶ
721 4357 889 4427 μηδὲν
922 4355 1143 4421 ἀνάξιον
1170 4357 1271 4427 τῆς
1322 4357 1581 4424 τοιαύτης
1639 4361 1735 4425 ἐφ-

111 4450 286 4516 ορείας
307 4447 704 4513 σπουδάζειν,
728 4448 866 4502 ἀλλὰ
886 4449 963 4520 τῷ
988 4451 1322 4521 προσήκοντι
1344 4449 1734 4519 καταστήματι

1754 3203 1801 3266 C

1897 834 1951 889 8.
1986 835 2256 901 Quoniam
2297 845 2477 893 tamen
2510 852 2739 895 necesse
2762 848 2882 894 erat
2915 850 2975 895 ut
2998 841 3247 897 victoriae
3278 858 3409 913 par-

1828 938 1909 983 lea
1936 928 2123 982 divino
2153 930 2387 984 consilio
2411 930 2691 998 cederent,
2723 932 3100 1004 paulatimque
3116 936 3273 1004 quasi
3296 936 3405 998 via.

1828 1020 1895 1072 ad
1930 1020 2076 1088 quod
2107 1019 2288 1076 fuerat
2310 1023 2737 1093 praeordinatus,
2764 1026 3030 1082 Basiliqu
3056 1027 3286 1083 decebat
3318 1044 3409 1083 as-
3511 1035 3527 1044 ’

1828 1112 2082 1178 cendere,
2102 1115 2446 1170 somniorum
2466 1115 2585 1171 visa
2600 1119 2762 1173 matri
2776 1120 3009 1175 suadent
3028 1130 3085 1176 ut
3103 1120 3181 1175 illi
3201 1135 3409 1175 morem

1828 1216 1984 1275 gerat
2022 1221 2086 1260 ac
2118 1209 2439 1278 acquiescat
2468 1209 2675 1265 volenti
2704 1225 2763 1266 se
2794 1211 2848 1265 in
2883 1213 3072 1267 urbem
3105 1213 3409 1280 conferre;

1829 1298 1961 1366 quin
2020 1298 2133 1354 imo
2180 1299 2299 1370 ipsa
2332 1302 2386 1354 iu
2431 1318 2553 1356 eam
2607 1318 2722 1357 rem
2758 1318 2885 1358 eum
2918 1305 3081 1374 222
3110 1306 3321 1373 incitet,
3347 1321 3415 1361 ac

1828 1390 2152 1446 adliortetur
2183 1402 2242 1446 ut
2279 1392 2601 1463 Byzantium
2636 1398 2838 1461 veniat,
2891 1414 3239 1469 veritatisque
3282 1415 3412 1472 gra-

1832 1481 1921 1536 tiis
1947 1484 2115 1538 animi
2161 1495 2378 1555 pratum
2415 1502 2481 1542 ac
2514 1502 2795 1558 generosae
2831 1491 3033 1546 mentis
3085 1501 3412 1560 praestantes

1829 1573 1984 1629 dotes
2031 1577 2305 1633 exhibeat.
2366 1577 2667 1635 Videbatur
2715 1579 2861 1633 enim
2932 1581 3037 1635 sibi
3078 1582 3415 1653 quandoque

1830 1683 2027 1738 parens
2086 1671 2140 1724 in
2204 1672 2415 1727 somnis
2468 1672 2654 1727 videre
2694 1674 2989 1727 maximam
3053 1672 3170 1744 ipsa
3224 1675 3413 1731 θηλεςί

1829 1763 2110 1830 arborem,
2167 1764 2313 1818 velut
2365 1765 2495 1819 olim
2555 1765 2684 1836 Cyri
2727 1776 2903 1822 mater
2955 1768 3121 1823 vitem
3172 1767 3410 1832 viderat,

1833 1871 2065 1926 eamque
2095 1873 2258 1928 snpra
2299 1860 2522 1914 domum
2557 1868 2818 1923 stantem.
2849 1871 3159 1916 comantem
3187 1862 3417 1918 ﬂoribus

1834 1948 2215 2021 fructibusque
2262 1959 2543 2018 onustam,
2585 1952 2857 2022 majorem
2904 1966 2937 2006 e
2981 1963 3127 2008 terra
3155 1953 3415 2023 ,stipitem

1836 2041 2115 2110 (truncum
2166 2041 2397 2111 sriiicet)
2439 2056 2669 2097 aureum
2718 2058 2969 2113 surgere,
3022 2058 3316 2115 ramosque
3363 2055 3419 2101 et

1838 2132 1963 2187 t‘olia
1995 2148 2132 2188 auro
2166 2134 2330 2189 rutila
2356 2134 2635 2204 praeferre.
2680 2136 2932 2204 Cumque
2974 2136 3415 2190 necessariorum

1833 2229 2053 2282 cuidam
2149 2244 2456 2298 carumque
2502 2244 2687 2284 rerum
2747 2228 3048 2299 conjectori
3103 2230 3420 2285 existimato

1835 2320 2033 2376 idoneo
2067 2336 2181 2376 rem
2211 2321 2510 2387 retulisset,
2537 2321 2741 2377 claram
2774 2321 2889 2376 haec
2905 2320 3116 2376 audivit
3136 2337 3419 2394 magnam-

1833 2427 1940 2481 que
1989 2411 2100 2467 iilio
2164 2411 2507 2481 protendere,
2538 2413 2838 2467 fortunam.
2905 2410 3245 2483 .itursusque
3308 2428 3417 2468 non

1835 2506 2009 2559 nme
2054 2514 2179 2576 post
2213 2506 2362 2560 videt
2418 2505 2472 2558 in
2512 2504 2727 2560 somnis
2773 2503 2949 2558 virum
2992 2503 3147 2559 senio
3170 2519 3416 2575 gravem,

1836 2597 2016 2667 ignem
2052 2613 2117 2653 ex
2150 2613 2247 2653 ore
2270 2598 2600 2662 mittentem,
2634 2596 2692 2650 in
2715 2596 2832 2651 haec
2860 2597 3010 2651 clare
3037 2596 3204 2651 verba
3242 2596 3419 2667 ipsam

1835 2689 2203 2758 alloquentem
2233 2707 2247 2743 :
2275 2688 2608 2743 Charissimo
2664 2685 2759 2741 tibi
2802 2687 2919 2757 ﬁlio
2966 2686 3172 2742 Basilio
3204 2704 3421 2743 concre-

1834 2784 2008 2836 denda
2037 2800 2069 2837 a
2101 2782 2208 2837 Deo
2247 2793 2370 2837 sunt
2400 2782 2611 2851 imperii
2641 2781 2871 2835 Romani
2898 2791 3109 2851 sceptra
3146 2797 3211 2836 ac
3240 2783 3424 2853 guber-

1836 2875 2061 2939 nacula;
2116 2876 2235 2930 ideo
2264 2870 2475 2930 necesse
2507 2884 2585 2929 est
2615 2874 2846 2929 horteris
2863 2890 2981 2928 eum
3012 2883 3069 2928 ut
3092 2873 3301 2943 Cpolt'm
3328 2892 3423 2931 va-

1834 2974 1952 3023 dat.
1977 2968 2143 3023 Mater
2163 2970 2408 3040 jucunde
2425 2969 2528 3024 hoc
2561 2969 2755 3023 nuntio
2781 2967 2974 3022 dilusa
2990 2967 3259 3037 plenaque
3290 2984 3424 3039 gau-

1834 3060 1947 3123 dio,
1971 3076 2157 3116 senem
2185 3070 2462 3125 venerata,
2501 3059 2717 3131 Ecquis,
2752 3061 2951 3132 inquit,
2984 3072 3062 3126 tu,
3088 3061 3299 3115 domine
3326 3062 3420 3127 mi,

1835 3156 1926 3224 qui
1964 3156 2092 3208 mihi
2124 3156 2339 3211 ancillae
2362 3150 2493 3209 ‘tua:
2527 3171 2632 3208 non
2681 3156 2856 3208 solum
2892 3171 3152 3224 apparere
3168 3146 3421 3225 dignatus

1832 3262 1908 3309 es,
1938 3246 2029 3299 sed
2046 3255 2094 3299 et
2125 3247 2373 3300 nuntium
2394 3246 2470 3299 sic
2494 3245 2676 3299 Icelum
2693 3244 2888 3313 a/ferre
2906 3245 2932 3297 7
2952 3242 3052 3299 Cui
3087 3244 3176 3298 ille
3200 3261 3213 3297 :
3246 3242 3423 3312 Elias,

1834 3336 2034 3408 inquit,
2074 3336 2340 3391 Thesbites
2379 3353 2536 3402 sum;
2571 3346 2735 3406 atque
2788 3336 2894 3390 hoc
2943 3336 3092 3391 dicto
3121 3350 3190 3390 ex
3245 3337 3424 3391 oculis

1834 3430 2090 3487 evolavit.
2142 3432 2187 3484 Α
2216 3445 2417 3485 somno
2468 3445 2598 3500 ergo
2633 3429 2892 3493 excitata,
2934 3427 3243 3499 faustisque
3272 3427 3425 3483 hisce

1838 3526 1971 3581 visis
1997 3540 2092 3580 seu
2133 3526 2313 3594 potius
2354 3523 2556 3578 divinis
2580 3521 3013 3578 revelationibus
3055 3536 3151 3591 spe
3204 3521 3424 3577 sublata

1836 3635 2086 3691 novaque
2124 3619 2345 3673 ﬂamma
2394 3632 2650 3682 accensa,
2696 3615 2900 3671 alacris
2966 3615 3085 3686 ipsa
3132 3614 3228 3669 lilii
3278 3615 3426 3671 hanc

1834 3712 2233 3783 profectionem
2280 3709 2529 3780 urgebat,
2569 3721 2623 3764 et
2660 3717 2721 3764 ut
2766 3720 3054 3776 augustam
3098 3708 3292 3762 urbem
3327 3724 3423 3779 pe-

1836 3815 1978 3862 teret
2000 3805 2295 3870 incitabat;
2342 3818 2553 3874 proque
2578 3801 2769 3857 matris
2812 3815 3043 3856 munere
3090 3799 3425 3855 admonebat

1834 3913 1901 3953 ac
1937 3896 2264 3951 obsecrabat
2286 3904 2347 3950 ut
2378 3904 2433 3949 et
2461 3892 2554 3947 Dei
2584 3893 2834 3948 timorem
2864 3891 3200 3946 continuein
3234 3892 3425 3946 animo

1836 3993 2086 4056 haberet,
2123 3991 2356 4061 ejusque
2406 3990 2568 4061 223
2627 3987 2981 4058 providentiae
3021 3986 3240 4041 oculum
3293 4002 3426 4042 suas

1837 4100 2031 4141 omnes
2069 4086 2317 4139 actiones
2354 4084 2636 4152 animique
2676 4096 2839 4137 sensa
2868 4094 2935 4135 ac
2977 4078 3219 4134 rationes
3252 4077 3425 4148 inspi-

1838 4193 1967 4234 cere
1997 4176 2374 4240 existimaret,
2417 4190 2589 4245 eaqne
2617 4172 2962 4243 inspectione
3004 4168 3290 4238 indignum
3319 4169 3426 4223 ali-

1837 4274 1970 4346 quid
2002 4272 2181 4327 moliri
2217 4269 2364 4325 serio
2393 4276 2633 4332 caveret,
2661 4264 2758 4321 sed
2779 4262 3128 4320 convenienti
3157 4261 3424 4316 modestia

1839 4366 2123 4436 animique
2182 4361 2477 4433 praesentia
2536 4373 2763 4414 suarum
2822 4355 3101 4425 specimen
3153 4352 3422 4407 virtutum

1840 4462 2019 4526 daret,
2062 4474 2161 4512 nec
2199 4457 2308 4510 ullo
2336 4454 2547 4508 scelere
2575 4460 2674 4505 aut
2708 4464 2853 4505 noxa
2883 4448 3087 4502 avitam
3115 4447 3427 4517 ingenuita-

110 4541 197 4605 τὰς
221 4543 452 4607 οίκείας
491 4541 719 4613 ἀρετὰς
758 4541 1139 4608 ἐπιδείξασθαι
1171 4543 1268 4595 καὶ
1307 4544 1367 4597 ὲν
1402 4543 1596 4615 μηδενὶ
1636 4544 1731 4615 τὴν

1845 4563 1952 4609 tem
1982 4550 2305 4606 macularet.

108 4636 452 4707 προγονικὴν
479 4632 849 4705 κατασχῦναι
882 4634 1188 4703 εὐγένειαν.

166 4725 229 4781 θ’.
263 4731 461 4799 ’Δρας
490 4726 608 4779 οὖν
636 4728 700 4778 ὲκ
731 4726 1071 4791 Μακεδονίας
1098 4731 1197 4800 τῆς
1217 4728 1439 4800 Θρᾴκης
1473 4730 1608 4802 πρὸς
1637 4730 1736 4802 τήν

106 4820 378 4888 ἄρχουσαν
410 4819 659 4889 ταύτην
685 4820 794 4873 τῶν
818 4819 1027 4874 πόλεων
1060 4822 1253 4874 πασῶν
1276 4821 1594 4893 ἐπορεύετο,
1625 4824 1736 4878 τῶν

105 4916 339 4972 δυνατῶν
368 4934 501 4971 τινι
542 4917 655 4969 καὶ
683 4917 1004 4987 περιφανῶν
1060 4919 1364 4991 προσμῖξαι
1410 4919 1737 4989 βουλόμενος

104 5009 186 5059 καὶ
215 5012 298 5075 είς
334 5009 685 5082 θεραπείαν
730 5009 828 5062 καὶ
853 5008 1102 5065 δουλείαν
1139 5011 1305 5065 αὑτοῦ
1356 5010 1549 5065 ἑαυτὸν
1596 5011 1737 5064 ἀπο-

103 5103 248 5167 τάξαι
281 5107 388 5159 καὶ
428 5104 839 5173 καταστῆσαι.
898 5104 1011 5158 Καὶ
1030 5107 1093 5159 τδ
1118 5106 1323 5177 μεταξὺ
1362 5105 1623 5169 διανύσας
1656 5106 1736 5159 δι-

104 5194 341 5271 άστημα,
379 5200 493 5253 καὶ
551 5196 717 5251 κατὰ
747 5196 846 5259 τὰς
906 5199 1133 5270 Χρυσᾶς
1178 5198 1355 5264 πύλας
1376 5200 1474 5269 τῆς
1526 5198 1737 5270 βασιλί-

104 5288 181 5352 δος
222 5293 583 5365 γενόμενος,
653 5288 752 5342 καὶ
782 5288 850 5343 δι’
907 5291 1087 5345 αὐτῶν
1133 5292 1238 5363 ήδη
1283 5292 1740 5363 καταφερομένης

104 5382 192 5451 τῆς
221 5387 455 5459 ἡμέρας
484 5381 806 5448 εἰσελθὼν,
853 5381 1082 5454 πλησίον
1136 5385 1462 5454 τυγχάνοντι
1508 5383 1587 5455 τῷ
1641 5384 1737 5437 τοῦ

117 5475 288 5549 Ἀγίου
352 5484 690 5552 μάρτυρος
732 5477 1033 5547 Διομήδους
1064 5475 1439 5549 προσπελάζει
1470 5494 1741 5548 μοναστη-

109 5573 217 5643 ρῖῳ,
240 5577 342 5629 καί
370 5574 500 5629 ἀπὸ
533 5573 662 5641 τῆς
684 5568 999 5642 ὁδοιπορίας
1037 5572 1347 5633 κατάκοπος
1371 5571 1460 5642 [Ρ.
1509 5569 1633 5642 HO]
1666 5569 1741 5622 ὼν

109 5665 259 5722 αὑτοῦ
284 5685 395 5723 που
432 5665 565 5739 πρὸ
610 5661 670 5694 ³⁸
695 5660 792 5714 τοῦ
819 5662 1063 5729 πυλῶνος
1091 5665 1152 5718 ὲν
1174 5666 1285 5730 τοῖς
1310 5665 1485 5719 ἐκεῖσε
1516 5663 1740 5734 βάθροις

1913 4730 1968 4785 9.
2001 4724 2284 4781 Profectus
2302 4735 2433 4793 ergo
2463 4734 2529 4774 ex
2558 4714 2875 4771 Macedonia
2902 4710 3156 4767 Thracia:
3182 4710 3249 4765 ad
3286 4709 3427 4764 hanc

1847 4823 2037 4878 urbem
2065 4817 2309 4873 amnium
2362 4814 2604 4884 reginam
2652 4809 2755 4863 iter
2784 4805 3017 4875 arripuit
3043 4844 3056 4866 ,
3089 4804 3192 4857 hoc
3239 4801 3429 4856 animo

1845 4917 2063 4983 agitans
2105 4918 2165 4963 ut
2211 4924 2270 4963 se
2329 4903 2705 4977 potentiorum
2744 4900 2962 4955 cuidam
3021 4896 3428 4965 illustriumquc

1847 5010 2093 5062 virorum
2125 5002 2468 5071 adiungeret,
2497 4998 2755 5066 illiusque
2779 4991 3064 5061 obsequiis
3088 5004 3155 5046 ac
3199 4988 3428 5044 servitio

1846 5112 2066 5170 operam
2095 5094 2454 5162 studiumque
2484 5087 2785 5143 addiceret.
2818 5084 3169 5152 Emensoque
3208 5080 3424 5170 itinere,

1846 5168 2049 5248 etcum
2084 5187 2151 5241 ad
2192 5184 2347 5239 urbis
2374 5183 2587 5236 Aureas
2616 5185 2807 5248 portas
2851 5174 3115 5236 venisset,
3165 5168 3426 5224 inclinata

1844 5286 1956 5356 jam
1999 5296 2064 5336 ac
2098 5279 2347 5348 deposita
2384 5290 2478 5346 per
2533 5288 2630 5327 eas
2662 5272 2946 5341 ingressus
2986 5266 3098 5330 die,
3134 5265 3202 5318 ad
3250 5261 3429 5317 sancti

1846 5378 2104 5449 martyris
2135 5371 2418 5429 Diomedis
2458 5365 2875 5426 monasterium,
2910 5357 3057 5449 quod
3080 5370 3256 5449 prope
3288 5362 3429 5417 erat,

1844 5445 2132 5530 accedens,
2160 5478 2224 5518 ex
2258 5463 2344 5515 via
2378 5458 2580 5518 fessus.
2624 5454 2824 5509 ibidem
2863 5465 2963 5520 pro
2991 5447 3199 5502 foribus
3224 5445 3279 5499 in
3304 5456 3433 5514 gra—

1844 5562 2009 5617 dibus
2031 5573 2132 5630 pro
2162 5552 2438 5611 vestibulo
2472 5548 2666 5621 positis
2716 5547 2798 5601 sic
2841 5540 3133 5613 neglectim
3183 5534 3431 5608 proiecto

1844 5669 2077 5722 corpore
2117 5643 2700 5723 quiesceliat.Etecce,
2730 5639 2877 5694 circa
2901 5637 3134 5707 primam
3155 5630 3269 5686 fere
3298 5640 3434 5683 noc-

1428 5755 1665 5810 ΥΑΠΙᾸΞ
1726 5746 2129 5809 LECTIONES.

172 5857 212 5889 ³⁸
242 5856 418 5915 αὑτοῦ
455 5853 533 5913 Ρ.
629 5849 690 5883 ³⁸
718 5847 856 5911 ποὺς
886 5848 951 5905 Α.
