4154 6446
738 426 843 488 S139

1823 419 2172 479 ΤΙΙΕΟΙἮΛ
2185 420 2229 478 Ν
2241 421 2328 479 ES
2365 422 2698 483 CONTINU
2710 424 2797 481 AT
2809 421 2919 482 US.

3885 428 3993 488 240

735 536 809 590 tis
838 530 1168 595 custodiam,
1213 538 1419 599 martyr
1474 526 1761 580 Diomedes
1816 525 2134 578 monasterii
2176 537 2310 592 pra:-

2420 528 2709 598 ἀτημελῶς
2737 528 2908 593 οὕτως
2944 531 3239 601 inegit-ba;
3267 532 3460 587 ἑαυτὸν
3509 533 3830 589 ἀνεπαύετο.
3891 539 4001 591 Καὶ

739 626 883 680 lecto
918 624 971 677 in
1011 620 1221 675 somnis
1250 627 1441 673 astans
1494 616 1561 670 ad
1612 615 1757 670 fores
1800 615 2113 669 monasterii
2162 613 2310 680 jubet

2417 619 2481 689 δὴ
2518 622 2643 688 περὶ
2674 622 2898 700 πρωτην
2922 624 3085 692 τυχὸν
3121 624 3371 693 φυλακὴν
3398 625 3590 688 νυκτὸς
3625 625 3760 697 ὄναρ
3794 627 3875 697 τῷ
3899 630 3999 696 τῆς

739 717 909 778 exire,
941 726 1120 782 exque
1151 711 1369 763 nontine
1398 706 1658 761 Basiliutn
1683 705 2123 774 compcllantem,
2158 706 2312 774 quis-

736 806 862 873 quis
883 804 1096 858 vocanti
1131 800 1461 863 obaudierit,
1498 800 1643 853 hunc
1668 798 1925 852 inducere
1955 798 2006 851 in
2038 808 2304 852 monaste-

738 899 881 953 rium
937 911 1001 949 ac
1050 909 1245 949 curare
1304 894 1615 961 diligenter,
1663 892 1900 961 ciboque
1955 900 2010 946 et
2059 900 2201 947 tecto
2262 901 2315 946 t-t

739 990 1096 1053 vestimentis,
1124 987 1521 1056 omnidenique
1543 986 1856 1040 necessario
1883 985 2029 1039 cultu
2060 1001 2123 1040 ac
2150 988 2314 1041 obse-

735 1086 888 1155 quio,
921 1084 1101 1154 quoad
1135 1097 1230 1151 per
1248 1081 1565 1135 facultatem
1595 1079 1828 1142 licuerit,
1859 1078 2125 1148 impartiri
2151 1090 2314 1147 atque

734 1178 957 1232 fovere:
1007 1190 1131 1231 esse
1167 1173 1314 1228 enim
1351 1187 1379 1225 a
1412 1170 1522 1225 Deo
1554 1180 1780 1225 unctum
1807 1170 1860 1223 in
1902 1170 2311 1240 imperatorem,

733 1272 1023 1342 ipsumque
1059 1266 1398 1322 exstruendo
1436 1265 1792 1335 augendoque
1817 1265 2154 1319 monasterio
2183 1280 2313 1333 ope-

730 1378 848 1418 ram
875 1361 1208 1431 quandoque
1231 1361 1578 1413 collaturum.
1608 1354 1810 1411 Verum
1844 1373 1967 1412 cum
2002 1358 2108 1421 ille,
2136 1358 2312 1412 risum

734 1466 944 1509 temere
973 1453 1213 1507 oblatum
1257 1453 1529 1520 inaaeque
1588 1452 1790 1505 mentis
1819 1460 2191 1505 commentum
2225 1466 2311 1503 ar-

730 1548 988 1609 bitratus,
1018 1545 1166 1614 quod
1190 1545 1264 1599 ita
1291 1552 1677 1613 conspexerat,
1738 1545 1896 1599 nullo
1958 1545 2080 1599 loco
2112 1558 2315 1614 praece-

730 1648 883 1709 ptum
916 1638 1081 1711 225.
1135 1638 1440 1700 habuisset,
1483 1638 1576 1692 sed
1610 1653 1669 1692 se
1722 1652 1941 1692 rursum
1991 1652 2188 1692 somno
2219 1638 2309 1691 de.

733 1733 927 1799 disset,
959 1731 1151 1787 eadem
1180 1731 1374 1783 iterum
1410 1727 1553 1783 ridet
1579 1728 1863 1800 auditque.
1892 1728 1957 1783 Et
1981 1745 2103 1785 cum
2132 1727 2315 1782 adhuc

731 1823 899 1877 etiam
930 1821 1148 1892 segnior
1191 1834 1498 1889 somnoque
1539 1821 1741 1888 gravis,
1791 1828 1851 1873 ut
1896 1820 2203 1885 videbatur,
2252 1832 2312 1872 se

2421 713 2587 781 μονῆς
2622 712 3016 783 καθηγουμένῳ
3044 716 3072 768 6
3121 715 3333 785 μάρτυς
3362 717 3633 787 Διομήδης
3681 717 3997 786 ἐφίσταται,

2418 804 2654 857 κελεύων
2686 806 2775 857 ἐπὶ
2802 806 2844 839 ³⁷
2874 807 2964 858 τὸν
2995 807 3216 860 πυλῶνα
3259 809 3359 878 τῆς
3419 809 3587 877 μονῆς
3630 809 3869 874 ἐξελθεῖν
3900 813 4001 863 καὶ

2418 898 2477 963 ἐξ
2529 897 2794 966 ὀνόματος
2847 898 3073 951 καλέσαι
3107 898 3414 962 Βασίλειον,
3478 900 3572 954 καὶ
3628 901 3685 960 ὃς
3733 901 3799 954 ἂν
3845 902 4000 972 αὐτῷ

2418 990 2704 1061 ὑπακούσῃ
2731 989 3007 1054 καλοῦντι,
3050 990 3238 1043 τοῦτον
3270 993 3589 1060 εἰσαγαγεῖν
3623 993 3703 1055 εἰς
3727 994 3787 1046 τὸ
3824 1009 3999 1063 μοναί

2420 1084 2641 1152 στήριον
2663 1082 2758 1134 καὶ
2782 1082 3100 1152 ἐπιμελείας
3130 1083 3387 1148 ἀξιῶσαι,
3418 1084 3629 1153 τροφῆς
3657 1102 3716 1138 τε
3747 1085 3843 1137 καὶ
3869 1086 3997 1137 σκέ.

2418 1190 2526 1243 πης
2553 1173 2645 1227 καὶ
2669 1173 2985 1242 ἐνδυμάτων
3016 1173 3110 1225 καὶ
3133 1172 3313 1244 πάσης
3348 1173 3650 1244 μεταδόντα
3704 1174 3805 1245 τῆς
3854 1177 4000 1228 ἐνδε-

2418 1266 2654 1335 χομένης
2681 1264 2871 1335 χρείας
2896 1266 2990 1318 καὶ
3016 1266 3313 1336 θεραπείας
3333 1282 3349 1297 ο
3385 1266 3744 1336 κεχρισμένον
3771 1269 3878 1340 γὰρ
3908 1270 3997 1330 είς

2419 1356 2647 1425 βασιλέα
2678 1357 2966 1428 τυγχάνειν
2993 1356 3146 1429 παρὰ
3171 1356 3329 1423 θεοῦ,
3354 1358 3448 1411 καὶ
3474 1358 3637 1413 αὐτὸν
3678 1359 3892 1428 μέλλειν
3914 1364 4000 1422 εἰς

2417 1450 2774 1521 ἀνοικοδομὴν
2796 1452 2891 1505 καὶ
2917 1450 3147 1520 αὔξησιν
3172 1452 3270 1520 τῆς
3295 1450 3578 1523 παρούσης
3622 1452 3876 1520 γενέσθαι
3903 1472 4002 1520 p.0-

2418 1544 2537 1614 νῆς.
2580 1542 2670 1606 Ὦς
2714 1544 2773 1595 δὲ
2823 1544 3130 1611 φαντασίαν
3170 1544 3345 1607 ἄλλως
3397 1544 3491 1597 καὶ
3539 1544 3695 1598 κενὸν
3753 1545 4000 1607 διανοίας

2418 1636 2753 1706 ἀνάπλασμα
2782 1636 2941 1703 δόξας
2971 1637 3031 1690 τὸ
3057 1636 3308 1707 ὁραθὲνὸ
3348 1636 3652 1708 ἡγούμενος
3701 1640 3759 1691 ἐν
3818 1638 4002 1691 οὐδενὶ

2417 1726 2563 1796 λόγῳ
2591 1728 2762 1795 ἔθετο,
2786 1727 2927 1781 ἀλλὰ
2951 1728 3114 1782 πάλιν
3140 1728 3339 1781 ἑαυτὸν
3366 1728 3444 1800 τῷ
3476 1729 3627 1799 ὕπνῳ
3654 1728 3953 1782 ἐκδέδωκεν
3980 1768 3995 1788 .

2419 1820 2483 1872 ἐκ
2510 1818 2766 1889 δευτέρου
2790 1818 2977 1889 βλέπει
3012 1818 3105 1873 καὶ
3136 1820 3323 1872 ἀκοὺει
3346 1819 3416 1872 τὰ
3440 1819 3623 1890 ὅμοια.
3666 1819 3750 1883 Ὠς
3793 1820 3850 1873 δὲ
3897 1821 4000 1871 καὶ

733 1929 846 1969 non
905 1913 1212 1982 colligeret,
1266 1911 1428 1965 tertio
1494 1921 1787 1981 martyrem
1840 1913 1983 1965 ridet
2019 1926 2127 1966 non
2193 1912 2306 1980 jam

2418 1909 2499 1963 ἐτι
2524 1911 2701 1982 νωθὴς
2734 1912 2827 1965 καὶ
2850 1911 3120 1982 ὑπνώδης,
3152 1913 3225 1975 ὼς
3251 1912 3449 1978 ἔοικεν,
3471 1911 3546 1965 ῶν
3578 1913 3678 1966 οὐκ
3701 1912 4002 1982 ἀνέφερεν,

732 2004 931 2061 blande
981 2020 1046 2060 ac
1100 2005 1346 2059 hilariter
1400 2003 1837 2073 praecipientem,
1896 2004 1988 2058 sed
2051 2005 2311 2059 atrociter

706 2099 1099 2163 mutantem,
1135 2098 1453 2168 plagasque,
1509 2106 1566 2151 ut
1597 2097 1913 2166 apparebat,
1952 2096 2153 2151 inferre
2192 2102 2308 2150 ten—

734 2201 962 2254 tantem,
1009 2189 1061 2243 ni
1118 2188 1283 2244 citius
1333 2187 1487 2257 jussa
1536 2198 1843 2259 praestaret.
1900 2188 2058 2244 Tunc
2126 2189 2310 2255 itaque

733 2283 880 2335 \elut
940 2296 1084 2351 :egre
1131 2296 1416 2348 emergens
1462 2280 1735 2349 mortique
1785 2279 2020 2333 vicinum
2054 2294 2307 2333 somnum

733 2374 910 2429 oculis
953 2373 1239 2427 excutiens
1268 2370 1512 2425 adferes
1559 2370 1711 2426 venit
1739 2410 1754 2433 ,
1793 2379 1850 2425 et
1895 2378 1956 2423 ut
1998 2369 2048 2424 ei
2105 2377 2312 2440 martyr

734 2473 1084 2535 praeceperat,
1117 2478 1185 2517 ex
1211 2461 1434 2517 nomine
1462 2470 1619 2515 vocat
1648 2477 1660 2513 :
1702 2459 1895 2514 Basili.
1950 2458 2050 2514 Cui
2078 2460 2169 2514 ille
2196 2471 2310 2516 sta-

735 2559 830 2611 tim
857 2556 1132 2626 respondit
1148 2573 1163 2608 :
1178 2554 1311 2608 Ecce
1326 2570 1440 2624 ego,
1463 2554 1690 2618 domine,
1706 2553 1832 2624 quid
1846 2552 1998 2622 jubet
2017 2570 2162 2608 servo
2183 2554 2313 2608 tuo?

693 2714 697 2717 ,
732 2649 1090 2703 lntrotlucens
1108 2662 1239 2702 vero
1278 2649 1330 2701 in
1361 2646 1775 2710 monasterium,
1804 2661 1927 2701 cum
1959 2645 2213 2717 squalore
2246 2661 2310 2700 ac

732 2742 988 2796 sordibus
1019 2739 1256 2795 obsith
1288 2739 1534 2808 solisque
1560 2736 1851 2792 ardoribus
1880 2736 2036 2807 longe
2054 2746 2307 2792 exustum

732 2832 1133 2900 conspexisset,
1182 2833 1605 2886 convenientem
1646 2843 1839 2883 curam
1871 2829 2311 2899 obsequiumque

733 2921 982 2976 adhibuit
1006 2934 1072 2976 ac
1100 2919 1251 2975 omni
1285 2918 1631 2973 humanitate
1657 2918 1885 2989 accepit.
1906 2917 2044 2972 Tum
2076 2920 2310 2974 monens

732 3024 793 3067 ut
830 3021 1102 3069 secretum
1172 3025 1340 3081 penes
1377 3025 1437 3065 se
1470 3018 1677 3075 teneat,
1716 3020 2012 3080 careatque
2047 3012 2307 3081 cuiquam

734 3107 990 3176 evulgare
1022 3106 1092 3160 ob
1117 3107 1193 3159 rei
1221 3104 1548 3174 periculum,
1575 3103 1836 3175 martyris
1876 3103 1953 3157 illi
1985 3102 2188 3157 indicat
2216 3117 2310 3156 va-

735 3197 1006 3260 ticinium,
1051 3205 1107 3251 ct
1158 3205 1218 3249 ut
1244 3204 1369 3265 post
1416 3203 1671 3249 eventum
1720 3194 2058 3250 meminisset
2102 3194 2309 3263 jureju-

734 3288 906 3343 rando
926 3287 1238 3357 obstringit.
1265 3286 1401 3340 Cum
1436 3292 1621 3339 autem
1643 3283 1880 3341 Basilius
1902 3300 2002 3339 nec
2024 3294 2309 3353 acceptare

734 3381 1033 3448 videretur,
1067 3381 1210 3451 quod
1232 3394 1321 3434 res
1354 3379 1475 3448 ejus
1507 3377 1732 3433 modum
1762 3379 2072 3441 excederet,
2100 3375 2196 3431 sed
2220 3389 2309 3446 po-

736 3475 845 3529 tius
877 3480 1091 3545 rogaret
1116 3480 1175 3526 ut
1209 3470 1330 3540 ejus
1359 3467 1732 3524 insinuatione
1764 3466 2094 3522 nobiliarum
2131 3465 2311 3535 cujus-

734 3570 859 3622 dam
880 3564 1161 3635 obsequiis
1180 3579 1277 3635 pro
1300 3564 1564 3619 comitatu
1582 3575 1803 3630 operam
1827 3558 2081 3615 addicere
2101 3558 2307 3623 liceret,

736 3658 970 3730 impigre
998 3673 1059 3713 se
1100 3656 1478 3727 prmstituruin
1520 3653 1807 3724 praefectus
1858 3653 1912 3708 in
1970 3668 2031 3709 se
2083 3653 2309 3723 recepit.

734 3752 998 3818 Quodque
1015 3748 1346 3802 monasterio
1365 3746 1694 3801 familiarius
1722 3745 1976 3800 utebatur
2006 3744 2314 3815 saepiusque

736 3840 913 3895 amice
960 3839 1234 3893 invisebat
1290 3834 1572 3890 Ilichaelis
1618 3832 1975 3903 imperatoris
2016 3830 2313 3901 Bardteqne

735 3933 969 3989 Caesaris
1008 3930 1367 3986 consobrinus
1394 3925 1831 3998 (Tthphilitzen
1858 3926 2013 3995 quasi
2047 3924 2313 3981 subblan-

738 4026 938 4081 diendo
951 4040 1014 4080 ac
1028 4022 1311 4078 minuendi
1333 4021 1504 4076 forma
1519 4019 1681 4090 225
1693 4018 1958 4074 vocabant
1978 4029 2310 4088 ;c0gnomen

736 4121 857 4175 viro
875 4115 1316 4186 Pwdeuomeno),
1344 4114 1393 4170 ei
1426 4114 1712 4185 praefectus
1736 4111 1995 4167 Basiliam
2027 4125 2311 4167 commcn-

737 4216 852 4269 dat.
876 4213 1003 4266 Erat
1023 4213 1167 4266 enim
1194 4210 1373 4265 minor
1403 4208 1492 4263 hic
1513 4205 1851 4276 Theophilus
1879 4205 2091 4276 magn-is
2113 4204 2309 4273 cegita-

739 4306 978 4360 tionibus
1007 4301 1248 4369 inﬂatus,
1272 4316 1370 4356 nec
1389 4316 1418 4354 a
1437 4298 1837 4370 magniﬁcentia
1858 4297 2181 4362 abhorrens,
2218 4294 2312 4350 sed

737 4396 1000 4467 quii'iros
1035 4403 1288 4448 strenuos
1330 4389 1630 4459 formaeque
1675 4388 1942 4458 elegantia
1986 4400 2052 4439 ac
2102 4394 2311 4440 statura

736 4488 1069 4559 conspicuos
1092 4484 1547 4554 potissimumth
1568 4479 1889 4533 fortitudine
1915 4486 2078 4547 atque
2114 4478 2311 4531 robore

2417 2004 2482 2056 ἐκ
2518 2002 2705 2072 τρίτου
2752 2001 2941 2072 βλέπει
2965 2002 3059 2056 τὸν
3106 2003 3381 2075 μάρτυρα,
3429 2003 3614 2057 οὐκέτι
3663 2004 3848 2074 πράως
3899 2004 4005 2055 καὶ

2422 2094 2621 2166 ἱλαρῶς
2653 2094 3185 2166 παρακελευόμενον,
3217 2094 3355 2151 ἀλλὰ
3395 2094 3638 2166 σφοδρῶς
3668 2094 4005 2149 ἀπειλοῦντα

2419 2189 2513 2242 καὶ
2542 2188 2812 2259 μάστιγας
2838 2186 2917 2258 τῷ
2941 2187 3119 2240 δοκεῖν
3152 2188 3434 2256 ἐπιφέρειν
3461 2187 3821 2258 πειρώμενον,
3844 2190 3891 2241 εἰ
3922 2188 4004 2258 μὴ

2417 2282 2616 2335 θᾶττον
2642 2282 2982 2352 ὑπηρετήσει
3014 2280 3151 2349 πρὸς
3175 2280 3245 2334 τὰ
3284 2280 3575 2351 λεγόμενα.
3632 2280 3766 2333 Τότε
3811 2277 3856 2333 δ’
3900 2277 4003 2334 οὖν

2422 2375 2576 2446 μόλις
2631 2376 2796 2427 οἱονεὶ
2842 2371 3126 2444 ἀνανήψας
3186 2372 3282 2425 καὶ
3341 2372 3435 2426 τὸν
3469 2372 3691 2441 γείτονα
3755 2372 4001 2427 θανάτου

2419 2467 2588 2521 ὕπνον
2616 2466 2728 2519 τῶν
2754 2465 3047 2536 ὀφθαλμῶν
3093 2464 3562 2536 ἀποτιναξάμενος
3608 2466 3686 2534 τῷ
3707 2466 3751 2500 ³’
3786 2465 4005 2518 πυλῶνι

2417 2561 2727 2629 ἐφίσταται,
2755 2558 3011 2612 καὶκατὰ
3044 2557 3106 2611 τὸ
3130 2557 3225 2610 τοῦ
3253 2558 3533 2628 μάρτυρος
3568 2558 3907 2627 πρόσταγμα
3939 2556 4006 2622 ἐξ

2416 2652 2679 2721 ὀνόματος
2729 2651 2952 2704 ἐκάλει⁶
2984 2650 3283 2704 Βασίλειε.
3331 2650 3388 2703 Ὀ
3437 2650 3493 2703 δὲ
3543 2649 3703 2710 εὐθὺς
3759 2649 4005 2720 ἁπεκρίο

2417 2755 2583 2793 νατο’
2634 2737 2791 2794 ἰδοὺ
2859 2736 3015 2806 ἐγὼ,
3089 2737 3291 2805 κύριε,
3356 2738 3414 2790 τί
3441 2737 3859 2805 προστάσσεις
3921 2735 4007 2803 τῷ

2416 2830 2618 2894 δούλῳ
2645 2844 2802 2893 σου;
2834 2828 2978 2881 Εῐσω
2995 2827 3053 2880 δὲ
3082 2827 3245 2881 αὐτὸν
3274 2827 3373 2897 τῆς
3407 2827 3576 2897 μονῆς
3603 2830 4006 2899 ποιησάμενος,

2417 2926 2512 2978 καὶ
2540 2921 2663 2978 tam
2690 2922 2950 2995 ῥυπῶντά
2970 2922 3015 2954 ³³
3047 2938 3109 2974 τε
3140 2920 3236 2975 καὶ
3260 2920 3561 2991 αὐχμῶντα
3592 2921 3689 2974 καὶ
3716 2921 3885 2974 πολὺν
3908 2921 4009 2974 ἐπὶ

2416 3017 2511 3073 τοῦ
2544 3016 2837 3088 προσώπου
2860 3014 2953 3068 τὸν
2979 3014 3024 3046 δ’
3043 3014 3194 3085 ήλιον
3217 3015 3472 3085 φέροντα,
3503 3014 3601 3085 τῆς
3627 3014 3856 3085 δεούσης
3884 3015 4010 3065 ἐπι-

2420 3110 2641 3183 μελείας
2665 3109 2759 3162 καὶ
2776 3108 3074 3179 θεραπείας
3098 3105 3334 3178 ἠξίωσεν
3358 3108 3452 3159 καὶ
3485 3106 3666 3175 πάσης
3692 3106 3886 3175 φιλανθ
3893 3124 4010 3177 ρω-

2420 3203 2549 3266 πίας
2570 3196 3032 3274 μετέδωκεν.Εἷτα
3047 3198 3108 3252 τὸ
3124 3202 3422 3270 μυστήριον
3443 3200 3574 3269 παρ’
3594 3197 3774 3269 ἐαυτῷ
3788 3199 4014 3270 φυλατ-

2410 3313 2527 3349 τειν
2547 3293 2641 3347 καὶ
2664 3292 2799 3364 πρὸς
2819 3290 3024 3362 μηδένα
3042 3290 3337 3359 ἐκλαλῆσαι
3356 3289 3444 3343 διὰ
3469 3288 3528 3341 τὸ
3548 3289 3868 3353 κινδυνῶδες
3885 3291 4011 3342 εἰσ-

2411 3385 2782 3457 ηγησάμενος,
2800 3382 2901 3453 τὴν
2916 3380 3011 3434 τοῦ
3057 3381 3338 3452 μάρτυρος
3352 3379 3500 3449 αὐτῷ
3515 3380 3825 3452 ἐφανέρωσε
3843 3384 4015 3453 πρόρ-

2414 3481 2572 3550 ρησιν
2591 3476 2839 3546 καὶπρὸς
2867 3473 2929 3527 τὸ
2956 3473 3265 3545 μεμνῆσθαι
3288 3473 3431 3546 μετὰ
3449 3474 3546 3547 τὴν
3572 3474 3797 3528 ἔκϐασιν
3820 3477 4011 3545 ἠσφα-

2412 3570 2619 3623 λίσατο.
2649 3568 2758 3621 Τοῦ
2784 3568 2859 3633 δὲ,
2886 3567 2961 3629 ὡς
2988 3567 3131 3637 ὑπὲρ
3160 3567 3324 3620 αὑτὸν
3350 3567 3504 3631 ὄντος
3519 3567 3612 3621 τοῦ
3631 3569 3967 3639 πράγματος
3988 3608 4007 3633 ,

2417 3661 2553 3733 μηδέ
2586 3658 2997 3730 παραδέχεσθαι
3019 3659 3294 3725 δόξαντος,
3332 3660 3468 3713 ἀλλὰ
3501 3659 3703 3731 μᾶλλον
3747 3660 4007 3714 διἀύτοῦ

2413 3751 2690 3816 ἀξιοῦντος
2727 3750 3122 3819 είσοικισθῆναι
3149 3750 3243 3802 καὶ
3276 3748 3415 3819 πρὸς
3472 3748 3721 3803 δουλείαν
3774 3750 4010 3821 δοθῆναι

2413 3843 2523 3896 τῶν
2548 3844 2973 3914 ἐμφανεστέρων
3001 3842 3130 3907 τινὶ,
3164 3841 3466 3913 προθύμως
3500 3843 3693 3895 ἐαυτὸν
3727 3842 3808 3905 είς
3839 3842 4011 3895 τοῦτο

2416 3936 2690 3989 ἐπέδωκεν
2719 3934 3095 4006 ὁήγούμενος.
3134 3934 3245 3988 Καὶ
3277 3936 3400 3987 ἐπεὶ
3432 3933 3683 4004 συνήθως
3710 3932 3827 4003 εἶχε
3861 3934 4009 4002 πρὸς

2415 4030 2513 4102 τὴν
2532 4029 2786 4099 τοιαύτην
2814 4032 2982 4099 μονὴν
2997 4029 3091 4081 καὶ
3106 4028 3369 4089 πολλάκις
3390 4026 3686 4097 ἐτύγχανεν
3710 4029 3886 4080 ἐκεῖσε
3911 4047 4007 4096 φι-

2415 4124 2544 4186 λίως
2572 4122 2770 4193 φοιτῶν
2810 4122 2838 4174 ὁ
2878 4121 2971 4175 τοῦ
3008 4120 3276 4192 βασιλέως
3315 4120 3538 4191 Μιχαὴλ
3571 4123 3665 4173 καὶ
3700 4120 3880 4192 Βάρδα
3903 4120 4008 4174 τοῦ

2416 4218 2695 4287 Καίσαρος
2738 4214 3031 4286 συγγενὴς,
3064 4215 3123 4268 ὃν
3163 4216 3620 4285 ὑποκοριζόμενοι
3642 4214 4011 4284 Θεοφιλίτζηυ

2417 4310 2666 4375 ἐκάλουν,
2695 4309 2985 4379 ἐπώνυμον
2999 4308 3235 4379 φέροντα
3261 4308 3355 4361 τὸν
3380 4307 3801 4378 Παιδευόμενον,
3823 4308 4011 4378 τούτῳ

2417 4402 2715 4472 συνέστησε
2758 4403 2848 4454 τὸν
2878 4400 3160 4452 Βασίλειον
3179 4402 3206 4453 ὁ
3230 4399 3562 4471 ἡγούμενοςο
3596 4401 3860 4470 ἐτύγχανε
3888 4402 4011 4470 γάρ

2416 4509 2535 4555 πως
2564 4492 2626 4544 τὸ
2654 4491 2987 4560 Θεοφιλίδιον
3016 4490 3174 4544 τοῦτο
3212 4490 3416 4561 γαῦρον
3445 4491 3503 4544 ὃν
3546 4492 3625 4562 τῷ
3682 4494 4010 4562 φρονήματι

739 4589 1058 4652 praestantes
1111 4578 1165 4632 in
1200 4576 1465 4631 comitatu
1522 4573 1720 4627 habere
1779 4571 2053 4635 studebat,
2093 4570 2307 4640 sibique

2417 4586 2511 4638 καὶ
2552 4583 3038 4657 μεγαλοφροσύνης
3067 4586 3166 4638 οὐκ
3221 4585 3492 4654 ἀφεστὼς,
3549 4584 3635 4657 [Ρ.
3679 4585 3804 4655 Hi]
3861 4585 4010 4638 ἀλλὰ

737 4674 845 4727 illis
874 4672 1123 4741 placebat
1142 4684 1205 4722 ac
1234 4663 1816 4721 honestariambiebat.
1844 4661 2089 4717 Vidisses
2123 4663 2307 4717 statim

738 4767 932 4819 sericis
982 4764 1201 4817 indutos
1235 4760 1557 4828 acvreliquo
1590 4757 1738 4811 cultu
1779 4756 1995 4826 egregie
2060 4767 2307 4811 ornatos.

738 4860 834 4915 llis
875 4858 1141 4911 adlectum
1181 4869 1373 4908 recens
1396 4852 1687 4906 admodum
1717 4851 2006 4920 quaesitum
2048 4850 2308 4920 juvenem

737 4951 1021 5012 llisilium,
1058 4962 1125 5002 ac
1172 4957 1285 5001 tum
1323 4945 1569 5015 corporis
1607 4944 1803 4997 robore
1834 4952 1945 4997 tum
1988 4943 2175 5011 animi
2205 4942 2313 4995 vir-

749 5054 864 5096 tnte
904 5042 1063 5110 longe
1094 5040 1317 5109 reliquis
1352 5045 1615 5108 praestare
1658 5035 1858 5101 visum,
1905 5050 2065 5089 suum
2126 5044 2312 5104 proto-

741 5143 1031 5192 saratorem
1060 5133 1206 5197 fecit,
1244 5130 1549 5200 majorique
1584 5129 1638 5183 in
1662 5129 1779 5183 dies
1808 5142 1994 5183 amore
2020 5142 2314 5198 proseque-

738 5231 916 5294 batur,
957 5241 1019 5281 ac
1073 5241 1175 5297 pro
1201 5224 1418 5281 eximiis
1472 5223 1593 5293 eius
1639 5223 1861 5277 dotibus
1916 5221 2309 5276 admirabatur.

739 5310 1084 5375 Cerne-batur
1131 5319 1275 5373 enim
1325 5327 1377 5372 et
1431 5332 1596 5371 manu
1645 5329 1904 5371 strenuus
1931 5325 2096 5384 atque
2130 5314 2313 5369 animo

743 5413 1003 5483 prudens,
1042 5420 1094 5466 et
1147 5412 1213 5465 ad
1252 5409 1632 5481 praestandum
1693 5407 1957 5478 quidquid
2006 5408 2308 5476 injunctum

739 5514 885 5561 esset
916 5505 1113 5575 oppido
1146 5511 1433 5574 promptus
1460 5513 1513 5556 et
1545 5502 1737 5556 solers.

2416 4679 2495 4740 είς
2530 4679 2770 4748 σπουδὴν
2803 4678 2925 4747 ἔχον
2962 4678 3241 4746 γενναίους
3280 4679 3484 4749 ἄνδρας
3520 4679 3615 4732 καὶ
3639 4680 3867 4743 εὐειδεῖς
3903 4682 4010 4732 καὶ

2415 4771 2673 4840 εὐήλικας
2716 4773 2807 4824 καὶ
2845 4770 2933 4824 ἐπ’
2968 4772 3162 4842 ἀνδρίᾳ
3196 4770 3432 4841 μάλιστα
3482 4774 3575 4825 καὶ
3609 4774 3771 4844 ῥώμῃ
3806 4772 4005 4843 σώμαο

2413 4880 2506 4927 τος
2536 4864 2899 4934 διαφέροντας
2925 4864 3231 4934 κεκτῆσθαι
3261 4865 3389 4933 περὶ
3426 4866 3589 4919 αὐτὸν
3627 4866 3721 4919 καὶ
3751 4868 3847 4920 ἐπὶ
3872 4869 4006 4919 τού-

2414 4966 2527 5014 τοις
2560 4953 2705 5020 μέγα
2742 4954 2960 5021 φρονεῖν
2997 4954 3091 5005 καὶ
3139 4953 3505 5023 σεμνύνεσθαι
3528 4969 3540 4981 '
3584 4954 3679 5019 οὒς
3733 4957 3899 5019 εὐθὺς
3935 4954 4009 5029 ἦν

2419 5043 2555 5114 ὁρᾷν
2589 5047 2842 5115 σηρικαῖς
2872 5063 2931 5097 τε
2965 5047 3375 5116 κοσμουμένους
3423 5048 3616 5118 ἐσθῆσι
3647 5049 3739 5101 καὶ
3767 5054 3834 5121 τῇ
3864 5051 4010 5123 ἄλλῃ

2422 5137 2734 5209 καταστολῇ
2762 5138 3184 5210 διαπρέποντας.
3222 5139 3445 5203 Τούτοις
3480 5141 3858 5211 καταλεγέντα
3915 5146 4009 5197 τὶν

2420 5231 2615 5300 νέηλυν
2649 5231 2868 5285 νεανίαν
2905 5230 3210 5297 Βασίλειον,
3258 5234 3364 5285 ικαὶ
3390 5235 3435 5265 ⁸¹
3478 5234 3618 5288 κατὰ
3662 5236 3800 5289 πολὺ
3856 5250 4005 5308 προ-

2421 5322 2569 5395 έχειν
2602 5322 2829 5388 δόξαντα
2862 5324 2970 5377 τῶν
2992 5325 3198 5377 λοιπῶν
3214 5326 3359 5379 κατά
3381 5342 3440 5378 τε
3472 5327 3799 5397 σωματικὴν
3828 5327 4009 5396 ἀλκὴν

2418 5415 2513 5468 καὶ
2544 5416 2781 5486 ψυχικὴν
2800 5415 3049 5486 ἀνδρίαν,
3075 5420 3544 5489 πρωτοστράτορα
3578 5418 3746 5471 αὐτοῦ
3770 5428 3978 5489 πεποιη
4002 5451 4007 5454 -

2417 5524 2513 5562 κεν
2539 5510 2566 5561 ὀ
2594 5508 2875 5576 Θεόφιλος,
2900 5510 2995 5561 καὶ
3026 5510 3242 5579 ἡμέραν
3261 5509 3319 5576 ἐξ
3352 5510 3565 5580 ἡμέρας
3588 5511 3679 5562 ἐπὶ
3700 5510 3861 5563 πλέον
3878 5511 4010 5578 ὴγιιο

742 5606 881 5658 πὶτο
903 5601 1031 5674 παρ’
1058 5600 1221 5654 αὑτοῦ
1256 5601 1347 5654 καὶ
1384 5600 1472 5652 ἐπὶ
1499 5602 1609 5662 τοῖς
1640 5598 1859 5660 οἰκείοις
1891 5600 2304 5670 προτερήμασιν
2343 5603 2701 5674 ἐθαυμάζετω
2723 5606 2975 5675 ἐφαίνετο
2999 5606 3106 5677 γὰρ
3141 5607 3234 5659 καὶ
3267 5607 3409 5661 κατᾶ
3434 5609 3586 5677 χεῖρα
3622 5608 3870 5674 γενναῖος
3912 5610 4003 5659 λαὶ

741 5702 883 5752 κατὰ
904 5698 1083 5771 ψυχὴν
1125 5697 1339 5756 συνετὸ;
1382 5696 1476 5748 καὶ
1504 5694 1637 5763 πρὸς
1670 5692 1730 5746 τὸ
1758 5691 2116 5763 κελευόμενον
2150 5697 2259 5748 πᾶν
2289 5696 2414 5761 ὀξύς
2451 5714 2509 5750 τε
2542 5697 2636 5749 καὶ
2659 5697 2981 5766 ἐπιτήδειος.

2038 5789 2270 5843 VARUS
2316 5789 2713 5845 LECTIONES.

810 5884 854 5919 ⁸⁷
888 5886 1003 5961 ἐπὶ]
1034 5889 1158 5955 περὶ
1187 5886 1291 5942 AP.
1372 5889 1413 5919 ³⁸
1442 5885 1517 5955 τῲ
1538 5900 1648 5939 om.
1688 5886 1743 5941 l’.

1827 5888 1869 5919 ³³
1899 5886 2174 5957 ρυποῦντα
2218 5889 2309 5941 καὶ
2340 5889 2396 5944 ι’.

2476 5888 2522 5921 ⁸⁸
2554 5889 2635 5941 τὸν
2669 5904 2778 5942 om.
2823 5887 2879 5942 P.
2964 5892 3000 5921 λ’
3047 5895 3123 5944 κα
3167 5890 3357 5947 ωιη.1’.
