4154 6446
752 407 858 469 Σιίό

1844 410 2354 469 THEOPHANES
2381 411 2941 477 CONTINUATUS.

3935 414 4042 478 ΞΗ

750 527 919 595 spexi,
969 533 1019 579 et
1048 525 1346 590 assurrexi,
1395 526 1692 596 faustisque
1715 527 1980 581 ominibus
2007 540 2321 596 prosecutus

2451 533 2801 601 ιπεκρίνατο,
2863 535 2946 587 ὅτι
3003 536 3126 602 Οὐχ
3179 535 3258 600 ὡς
3310 536 3392 588 σὺ
3447 533 3646 602 λέγεις
3678 574 3693 600 ,
3746 533 3857 589 ἕνα
3916 533 4041 587 τῶν

752 635 890 681 μνη,
943 634 1004 670 ac
1042 619 1091 671 ei
1131 618 1445 672 acclamari.
1494 616 1638 683 Quos
1677 619 1817 671 enim
1853 618 1991 673 Deus
2031 621 2328 684 honorarit,

751 713 832 763 liii:
861 727 1077 779 prorsus
1107 712 1267 764 etiam
1298 711 1561 765 humanus
1593 712 1762 765 honor
1794 713 2014 767 debetur
2047 724 2095 766 et
2135 714 2330 767 cultus.

753 804 1044 871 Postquam
1087 802 1250 872 igitur
1300 803 1483 857 Basilii
1544 804 1711 859 herus
1754 815 1974 874 tempus
2011 805 2230 874 aliquod
2281 806 2332 858 in

752 897 955 950 Achaia
988 906 1255 961 moratus,
1282 897 1623 966 cxpletisque
1645 913 1767 967 qua:
1796 898 1868 951 illi
1894 897 2143 967 injuncta
2176 907 2335 952 erant

752 988 990 1056 publicis
1021 989 1275 1057 negotiis,
1304 988 1629 1060 Byzantium
1653 1000 1769 1044 erat
1799 1005 2143 1055 reversurus,
2179 991 2331 1045 Basi-

755 1081 881 1145 lius,
916 1082 1060 1151 quod
1096 1097 1221 1135 eum
1256 1083 1448 1137 morbo
1475 1083 1679 1152 corripi
1711 1085 2038 1153 contigerat,
2067 1082 2140 1137 ibi
2172 1083 2337 1137 relin-

753 1173 962 1240 quitur.
1009 1171 1372 1227 Convenienti
1413 1182 1596 1227 autem
1632 1189 1761 1228 cura
1797 1174 1847 1228 ei
1880 1173 2143 1236 adhibita,
2184 1173 2332 1226 brevi

754 1264 948 1318 morbo
994 1264 1226 1333 levatus,
1287 1266 1352 1320 ad
1392 1265 1627 1319 reditum
1685 1281 1744 1320 se
1803 1275 1858 1320 et
1910 1266 2029 1335 ipse
2076 1266 2334 1335 accingit.

752 1355 1060 1411 Accersens
1096 1373 1260 1418 vero,
1295 1373 1459 1427 quam
1500 1358 1775 1421 dicebam,
1823 1367 2076 1413 matrona
2118 1357 2337 1412 Danelis

754 1448 944 1503 multis
1003 1449 1327 1519 magnisque
1380 1465 1504 1504 eum
1557 1448 1718 1503 donis
1754 1449 1976 1519 accipit,
2043 1447 2339 1518 prudenter

754 1542 982 1595 omnino
1022 1543 1189 1613 228
1232 1558 1298 1597 ac
1340 1543 1616 1613 sapienter
1644 1542 2114 1597 velutsementem
2143 1555 2337 1609 quam-

754 1630 881 1685 dam
911 1633 965 1685 in
990 1633 1192 1687 bonum
1217 1650 1408 1688 arvum
1452 1635 1697 1699 mittens,
1733 1643 1792 1687 ut
1817 1634 1976 1702 longe
2007 1633 2341 1703 multiplices

758 1725 887 1781 inde
942 1725 1129 1795 fruges
1182 1726 1451 1796 locuplete
1497 1742 1679 1783 messe
1726 1738 2038 1798 opportuno
2094 1737 2341 1797 tempore

759 1819 1093 1888 decerperet.
1141 1818 1297 1873 Dedit
1328 1821 1473 1873 enim
1509 1820 1585 1873 illi
1629 1836 1753 1875 cum
1796 1820 2001 1889 justam
2038 1820 2174 1875 satis
2220 1820 2338 1874 auri

758 1909 890 1971 vim,
958 1918 1077 1964 tum
1136 1911 1358 1981 triginta
1415 1912 1479 1963 ad
1523 1910 1847 1980 obsequium
1890 1911 2163 1979 mancipia
2218 1929 2233 1976 ;
2286 1912 2339 1964 in

756 2003 1004 2057 vestibus
1029 2019 1247 2073 quoque
1280 2005 1498 2075 aliaque
1527 2005 1729 2060 diversi
1766 2007 1983 2075 generis
2016 2006 2341 2075 supellectili

758 2111 891 2164 opes
939 2096 1140 2152 nimias
1192 2102 1528 2161 numeravit,
1573 2100 1711 2154 nihil
1760 2101 1907 2155 aliud
1967 2100 2037 2154 ab
2082 2117 2148 2155 eo
2192 2102 2345 2169 prius

761 2188 986 2256 exigens
1034 2205 1195 2258 quam
1239 2200 1300 2244 ut
1337 2191 1601 2260 spiritalis
1636 2192 1997 2248 fraternitatis
2040 2196 2345 2250 necessitu-

760 2282 945 2337 dinem
988 2298 1113 2337 cnm
1164 2282 1374 2340 Joanne
1426 2286 1537 2340 tilio
1586 2302 1687 2341 suo
1735 2298 1992 2343 uerteret.
2046 2288 2345 2358 llejiciebat

761 2373 873 2438 ille,
925 2377 1071 2429 velut
1114 2392 1277 2445 supra
1334 2376 1648 2433 facultatem
1698 2394 1763 2432 ac
1810 2381 2157 2449 dignitatem,
2195 2382 2342 2451 quod

761 2468 841 2522 sic
869 2482 933 2521 ea
967 2470 1247 2536 poscebat,
1284 2484 1383 2538 pro
1416 2478 1680 2526 matrona:
1705 2472 1936 2540 scilicet,
1967 2489 2089 2543 quze
2117 2475 2346 2529 videba-

760 2570 872 2624 tur,
916 2562 1187 2628 claritate,
1226 2577 1439 2632 suaque
1468 2563 1667 2633 ipsius,
1708 2576 1976 2634 quiantum
2007 2567 2183 2623 oculis
2226 2582 2346 2623 cer-

761 2655 1017 2721 nebatur,
1083 2656 1295 2724 abjecta
1343 2656 1549 2725 vilique
1595 2667 1764 2713 sorte.
1822 2658 1901 2713 Ea
1947 2670 2129 2714 tamen
2170 2661 2345 2730 magis

764 2747 1049 2817 magisque
1098 2748 1352 2804 hortante
1379 2758 1546 2820 atque
1576 2761 1801 2822 rogante
1837 2752 2081 2806 animum
2125 2755 2342 2807 tandem

762 2839 1221 2895 accomu‘iodavit.
1239 2840 1376 2895 Tum
1405 2843 1625 2908 mulier,
1650 2844 1798 2897 velut
1824 2844 2018 2911 majori
2065 2854 2343 2913 assumpta

762 2930 982 2996 ﬁducia,
1014 2932 1080 2987 ad
1113 2948 1239 2987 eum
1275 2933 1454 3002 palam
1485 2933 1623 2997 iniit,
1652 2933 1909 3004 Magnum
1939 2944 1987 2987 te
2016 2935 2154 2988 Deus
2180 2937 2345 2988 virum

765 3023 941 3090 habet,
982 3042 1271 3096 magnoque
1292 3026 1487 3081 honore
1508 3038 1585 3081 est
1604 3028 1961 3081 exaltaturus.
1993 3027 2077 3080 Ad
2106 3044 2186 3081 me
2208 3027 2345 3095 quod

764 3122 979 3187 attinet,
1022 3121 1171 3173 aliud
1198 3138 1231 3173 α
1270 3132 1321 3176 te
1349 3121 1482 3174 nihil
1506 3123 1681 3192 exigo,
1714 3121 1846 3174 nihil
1869 3137 2069 3190 qmero,
2098 3136 2259 3191 quant
2288 3129 2345 3172 ut

2439 624 2748 689 τυχόντων
2798 621 2963 677 εἶδον
2990 624 3097 677 τόν
3125 622 3313 691 ἄνδρα
3340 622 3476 692 ἐγὼ.
3528 624 3679 677 ἀλλ’
3717 623 3799 688 ὠς
3840 621 4040 693 μέγαν

2429 715 2697 778 ,ϐασιλέα
2738 715 2857 768 τῶν
2906 716 3055 783 Ῥωμ
3072 716 3209 767 τίων
3250 715 3370 769 ὑπὸ
3407 713 3669 782 Χριστοῦ
3702 712 4003 782 κεχρισμέ
4026 745 4039 752 -

2436 823 2547 859 νον
2567 802 2754 868 εἶδον,
2789 807 2885 859 καὶ
2914 807 3255 874 ἐξιινέστην
3278 807 3378 859 καί
3414 804 3823 874 ἐπευφήμησα
3845 822 3859 835 ·
3909 806 4039 871 τοῖς

2438 897 2548 967 γὰρ
2580 898 2701 951 ὑπὸ
2735 899 2886 953 Θεοῦ
2918 898 3332 968 τετιμημένοις
3385 897 3759 967 ὀφειλομένη
3795 897 4040 962 πάντως

2438 991 2569 1044 ἐστὶ
2601 991 2697 1046 καὶ
2733 991 2770 1057 ἡ
2816 992 2885 1055 ἐξ
2916 991 3249 1059 ἀνθρώπων
3276 989 3441 1059 τιμή.
3494 989 3891 1059 Διατρίψαντος
3923 989 4041 1040 τοί-

2438 1084 2615 1136 νυνέν
2648 1086 2756 1147 τοῖς
2786 1084 2965 1136 ἐκεῖσε
3000 1083 3228 1155 μέρεσιν
3262 1082 3357 1136 ἐπὶ
3396 1083 3589 1154 χρόνον
3627 1083 3749 1135 τινα
3792 1080 3885 1133 τοῦ
3940 1098 4041 1131 xu-

2442 1177 2559 1245 ρίου
2608 1175 2706 1229 τοῦ
2757 1175 3063 1236 Βασιλείου.
3122 1176 3217 1230 καὶ
3274 1176 3376 1238 τὰς
3424 1174 3827 1245 ἐπιτραπείσας
3888 1172 4041 1241 αὐτῷ

2437 1268 2534 1322 τοῦ
2568 1270 2832 1340 δημοσίου
2884 1269 3133 1332 δουλείας
3184 1268 3489 1330 ἀνύσαντος
3546 1267 3643 1319 καὶ
3706 1265 4042 1335 ἀνατρέχειν

2442 1363 2580 1432 πρὸς
2639 1362 2740 1433 τὴν
2804 1360 3205 1431 βασιλεύουσαν
3269 1360 3594 1431 μέλλοντος,
3667 1358 3788 1411 ἐπεὶ
3844 1357 4044 1426 ἔτυχεν

2442 1455 2699 1527 ἀσθενείᾳ.
2727 1456 2978 1526 σώματος
3003 1454 3235 1525 ληφθεὶς
3265 1457 3293 1507 ὁ
3322 1453 3621 1517 Βασίλειυς,
3658 1452 3846 1505 αὐτόθι
3869 1468 4044 1504 κατα-

2442 1546 2795 1618 λιμπάνεται.
2843 1546 3197 1614 Ἑπιμελείας
3228 1545 3286 1599 δὲ
3305 1546 3406 1617 τῆς
3437 1545 3824 1616 προσηκούσης
3854 1542 4043 1613 τυχὼν

2448 1640 2585 1711 μετὰ
2631 1641 2823 1712 χρόνον
2866 1642 2988 1694 τινὰ
3031 1639 3134 1710 τῆς
3181 1639 3339 1693 νόσου
3377 1637 3650 1709 κρείττων
3680 1637 3905 1705 ἐγένετο
3942 1635 4043 1687 καὶ

2444 1735 2571 1807 τρδς
2599 1734 2697 1804 τὴν
2743 1733 2931 1787 ἄνοδον
2967 1732 3065 1800 καὶ
3093 1732 3259 1796 αὐτὸς
3292 1730 3653 1802 ἡτοιμάζετο.
3707 1727 4043 1782 Μετακαλε-

2449 1826 2657 1897 σαμένη
2685 1827 2742 1879 δὲ
2772 1825 2933 1879 αὐτὸν
2965 1826 2998 1895 ή
3035 1823 3411 1895 προρῤηθείσα
3450 1823 3592 1892 γυνὴ
3624 1822 3857 1891 Δανηλὶς
3907 1819 4047 1873 πολ-

2450 1920 2560 1982 λοῖς
2589 1921 2685 1972 καὶ
2736 1917 2997 1989 μεγάλοις
3040 1916 3312 1982 δεξιοῦται
3343 1915 3705 1986 χαρίσμασιν,
3739 1914 4045 1985 ἐμφρόνως

2450 2010 2595 2064 πάνυ
2643 2010 2741 2063 καὶ
2774 2009 3012 2072 συνετῶς
3051 2009 3242 2079 ὥσπερ
3297 2008 3422 2061 τινὰ
3465 2008 3668 2077 σπόρον
3702 2007 3782 2070 εἰς
3820 2006 4047 2077 ἀγαθὴν

2450 2105 2589 2159 αὐτὰ
2648 2102 3100 2173 καταδαλλομένη
3153 2100 3360 2172 χώραν,
3418 2101 3505 2152 ἵνα
3543 2100 3736 2170 ἀμήσῃ
3781 2099 4047 2169 παμπολ-

2449 2198 2785 2253 λαπλασίονα
2838 2199 2897 2250 ἐν
2954 2195 3162 2265 εὐθέτῳ
3205 2192 3404 2264 καιρῷ.
3461 2192 3676 2246 Δέδωκε
3728 2191 3839 2262 γάρ
3886 2190 4047 2261 αὐτῷ

2450 2295 2544 2347 καί⁵
2573 2292 2771 2363 χρυσὸν
2812 2292 2998 2344 ίκανδν
3047 2290 3141 2343 καὶ
3191 2286 3505 2357 ἀνδράποδα
3552 2284 3689 2356 πρὸς
3722 2284 4045 2357 ὑπηρεσίαν

2447 2385 2744 2457 τριάκοντα
2777 2384 2873 2438 καὶ
2924 2384 2986 2436 ἐν
3037 2380 3321 2452 ἱματισμῷ
3381 2380 3479 2434 καὶ
3527 2380 3813 2451 διαφόροις
3862 2380 4043 2433 εἴδεσι

2449 2478 2679 2533 πλοῦτον
2706 2479 2893 2542 πολὺν,
2923 2477 3089 2548 μηδὲν
3111 2476 3299 2547 ἕτερον
3321 2475 3705 2546 ἐπιζητήσασα
3734 2473 3778 2507 ⁸³
3811 2472 3874 2526 τὸ
3903 2475 4048 2543 πρῆ-

2447 2587 2607 2642 τερον
2663 2570 2796 2640 παρ’
2849 2568 3015 2622 αὐτοῦ
3063 2567 3096 2636 ἦ
3150 2567 3213 2621 τὸ
3273 2566 3609 2636 ποιήσασθαι
3662 2564 4049 2633 πνευματικῆς

2449 2657 2813 2727 άδελιρότητος
2858 2656 3156 2727 σύνδεσμον
3204 2655 3343 2725 πρὸς
3389 2654 3646 2725 Ἰωάννην
3692 2653 3786 2705 τὸν
3837 2652 4048 2722 ταύτης

2449 2751 2586 2804 υἱόν.
2631 2751 2690 2802 '0
2729 2750 2787 2803 δὲ
2826 2749 2903 2811 ὼς
2935 2749 3077 2817 ὑπὲρ
3118 2748 3285 2800 αὐτὸν
3337 2746 3541 2816 μᾶλλον
3590 2741 3758 2799 οὖσαν
3794 2744 4051 2797 διωθεῖτο

2446 2842 2547 2912 τὴν
2577 2841 2819 2907 ἔντευξιν
2847 2840 2935 2895 διὰ
2961 2840 3023 2893 τὸ
3062 2839 3256 2893 δοκοῦν
3304 2838 3404 2910 τῆς
3436 2837 3701 2907 γυναικὸς
3746 2836 4053 2908 περιφανὲς

2449 2934 2537 3006 [Ρ.
2572 2934 2693 3006 HS]
2727 2935 2822 2988 xui.
2846 2934 2907 2986 τὸ
2946 2931 3115 2987 αὐτοῦ
3164 2932 3308 2987 κατά
3361 2930 3423 2984 τὸ
3455 2929 3736 3001 ὁρώμενον
3786 2928 4010 2990 εὐτελές
4032 2946 4048 2959 ·

2447 3030 2600 3099 ὅμως
2654 3027 2877 3079 πλείονα
2934 3026 3288 3094 παράκλησιν
3360 3022 3660 3093 δεξάμενος
3735 3019 3828 3072 ὑπ’
3875 3018 4053 3087 αὐτῆς

2449 3122 2609 3175 τοῦτο
2661 3121 2952 3189 πεποίηκε.
3006 3120 3117 3173 Καὶ
3146 3118 3268 3170 τότε
3298 3116 3467 3169 οἱονεὶ
3497 3114 3591 3167 ἐπὶ
3637 3113 3819 3171 πλέονι
3834 3111 4052 3183 θαρρή-

765 3214 962 3282 diligas
1006 3232 1069 3267 ac
1103 3217 1273 3269 nostri
1309 3215 1634 3269 miserearis.
1683 3215 1918 3270 Basilius
1953 3230 2172 3269 omnem
2220 3229 2339 3269 eam

2451 3231 2591 3268 σασα
2625 3210 2749 3267 εἷπε
2786 3211 3039 3281 φανερῶς
3078 3210 3215 3280 πρὸς
3250 3208 3438 3272 αὐτὸν,
3487 3207 3571 3261 ὅτι
3607 3206 3685 3261 Σὲ
3709 3208 3741 3259 ὁ
3775 3204 3923 3270 Θεὸς
3947 3204 4058 3273 μέ-

769 3306 1129 3374 prosinciam,
1159 3307 1204 3362 si
1236 3306 1353 3361 fieri
1376 3307 1574 3376 possit,
1622 3306 1770 3362 illius
1815 3322 1875 3361 se
1902 3306 2043 3375 juris
2073 3306 2344 3361 facturum

769 3398 1077 3465 pollicetur,
1122 3399 1257 3453 dum
1284 3414 1370 3453 res
1402 3399 1550 3452 dicto
1583 3400 1940 3454 successerit.
1979 3398 2180 3469 Sicque
2219 3399 2347 3453 inde

768 3487 1048 3556 prolectus
1094 3488 1210 3556 ipse
1249 3503 1471 3559 quoque
1509 3488 1578 3543 ad
1626 3488 1818 3543 urbem
1862 3499 2150 3559 augustam
2193 3496 2247 3543 et
2278 3489 2345 3543 ad

770 3579 961 3632 lterum
994 3578 1150 3634 redit.
1182 3577 1357 3634 Porro
1389 3594 1456 3633 ex
1482 3580 1777 3636 cumulatis
1805 3580 1934 3636 inde
1970 3581 2219 3650 pecuniis
2258 3582 2349 3636 iu-

769 3660 951 3739 gentia
984 3673 1185 3743 praedia
1207 3672 1261 3726 in
1286 3672 1598 3729 Macedonia
1624 3674 1873 3739 redemit,
1898 3676 2141 3746 satisque
2170 3675 2359 3732 aliines

768 3777 961 3818 attines
983 3773 1038 3818 et
1078 3765 1517 3835 consanguineos
1551 3766 1745 3822 ditavit
1779 3785 1794 3834 ;
1837 3767 2063 3837 ipseque
2092 3768 2357 3838 quemad-

770 3854 992 3910 modum
1017 3857 1338 3922 virtutibus,
1367 3858 1447 3913 sic
1478 3866 1533 3913 et
1557 3858 2005 3928 possessionibus
2028 3868 2082 3914 et
2105 3859 2355 3930 pecuniis

765 3957 963 4002 auctus
1006 3949 1273 4018 divesque
1317 3949 1547 4005 ell‘ectus
1597 3958 1703 4005 est.
1734 3950 1938 4007 Mansit
1991 3960 2177 4006 tamen
2222 3967 2348 4007 cum

770 4041 923 4105 luero,
947 4041 1093 4098 illius
1114 4042 1380 4099 hactenus
1405 4044 1672 4115 obsequio
1699 4044 1970 4100 addictus.

767 4136 1101 4207 κατέστησεν
1127 4137 1213 4191 ἐπ’
1237 4138 1500 4210 εὐπορίας
1528 4139 1777 4203 ἅπαντας
1805 4140 1932 4201 τούς
1965 4140 2347 4210 προσήκοντας

767 4228 884 4290 ταῖς
931 4228 1177 4297 ἀρεταῖς,
1237 4227 1383 4282 οὕτω
1413 4228 1478 4298 δὴ
1518 4229 1614 4281 καὶ
1647 4231 1763 4292 τοῖς
1809 4229 2056 4299 κτήμασι
2096 4230 2190 4282 καὶ
2244 4233 2356 4295 τοῖς

766 4337 848 4373 νει
879 4320 1048 4391 αὐτῷ.

839 4415 1110 4484 22912.
1131 4414 1381 4482 Quodam
1403 4417 1492 4472 die
1510 4417 1817 4489 Antigonus
1835 4419 2100 4488 patricius
2122 4428 2175 4473 et
2193 4419 2357 4475 sebo—

768 4506 949 4560 larum
979 4507 1319 4562 domesticus
1339 4508 1552 4562 solenni
1572 4523 1775 4563 mensa:
1806 4518 2068 4578 apparatu
2101 4510 2157 4563 in
2193 4510 2358 4579 regiis

2434 3323 2570 3375 ’γαν
2595 3304 2913 3372 ἄνθρωπον
2933 3303 3060 3371 ἔχει
3087 3301 3187 3354 καί
3213 3298 3313 3353 ἐπὶ
3331 3298 3605 3369 μεγάλης
3629 3295 3847 3365 μέλλει
3873 3294 4056 3363 τιμῆς

2455 3396 2762 3465 ἀνυψοῦν,
2814 3396 2913 3449 καί
2959 3393 3142 3448 οὐδὲν
3190 3393 3396 3461 ἕτερον
3443 3388 3697 3456 ἐπιζητῶ
3742 3389 3779 3456 ἢ
3817 3386 4057 3441 ἁπαιτῶ

2455 3488 2616 3556 παρὰ
2645 3486 2762 3541 σοῦ
2779 3484 2945 3552 πλὴν
2979 3485 3078 3537 ἵνα
3107 3481 3346 3552 ἀγαπᾷς
3373 3480 3471 3534 καὶ
3492 3478 3672 3548 ὲλεῇς
3688 3477 3868 3547 ἡμᾶς.
3912 3477 3971 3529 Ὁ
3995 3476 4057 3529 δὲ

2456 3584 2567 3651 τῆς
2601 3582 2706 3652 γῆς
2754 3578 2972 3648 ἐκείνης
3020 3578 3278 3647 ἀπάσης,
3324 3576 3373 3627 εί
3410 3573 3659 3638 δυνατὸν,
3721 3572 3920 3643 κυρίαν
3965 3571 4062 3623 αὐ-

2459 3678 2561 3747 τὴν
2595 3674 2877 3745 ἀποφῆναι
2904 3714 2919 3738 ,
2968 3674 3017 3724 εί
3043 3670 3202 3725 τοῦτο
3227 3670 3405 3734 ἔσται,
3430 3665 4062 3734 κατεπηγγείλατο-,Καὶ

2459 3770 2636 3831 οὐτως
2682 3766 2895 3821 ἐκεῖθεν
2940 3766 3162 3836 ἀπάρας
3200 3763 3353 3834 ἀνῄει
3404 3763 3504 3815 καὶ
3553 3760 3716 3823 αὐτὸς
3767 3758 3904 3828 πρὸς
3955 3757 4061 3827 τὴν

2459 3860 2852 3932 βασιλεύουσαν
2870 3858 3069 3912 καὶτὸν
3083 3855 3249 3909 αὐτοῦ
3272 3855 3484 3924 κύριον.
3517 3850 3651 3905 Ἀπὸ
3667 3850 3723 3902 δὲ
3738 3849 3847 3902 τῶν
3865 3848 4064 3901 ἐντεῦ-

2458 3953 2550 4006 θεν
2580 3950 2729 4020 αὐτῷ
2759 3947 3200 4020 προσγεγονότων
3222 3945 3525 4015 χρημάτων
3558 3942 3696 4012 μετὰ
3722 3942 3823 4010 τὴν
3878 3940 4061 3993 ἐπάν-

2454 4046 2576 4099 οδον
2587 4044 2901 4114 ἐξωνήσατο
2915 4041 3170 4111 κτήματα
3186 4037 3330 4091 κατὰ
3342 4035 3686 4091 Μακεδονίαν
3707 4032 3949 4102 μεγάλα,
3963 4033 4066 4084 καὶ

2415 4140 2609 4210 ίκανῆς
2633 4139 2698 4202 ⁵⁸,
2756 4139 2851 4191 καὶ
2905 4134 3097 4205 γέγονε
3147 4132 3405 4193 πλούσιος
3481 4129 3579 4184 καὶ
3627 4125 3813 4188 αὐτὸς,
3864 4121 4064 4191 ὥσπερ

2407 4231 2679 4302 χρήμασι.
2712 4228 2889 4297 Συνῆν
2917 4226 2974 4279 δὲ
3002 4226 3152 4295 ὅμως
3188 4221 3264 4292 τῷ
3290 4220 3467 4292 κυρίῳ
3492 4216 3660 4274 αὐτοῦ
3726 4216 3823 4270 καὶ
3872 4216 4068 4285 διηκό.

2538 4413 2625 4485 ιβ’.
2661 4408 2821 4464 Κατὰ
2857 4407 2914 4461 δέ
2954 4423 3079 4460 τινα
3127 4404 3238 4457 τῶν
3263 4400 3492 4473 ἡμερῶν
3550 4398 3859 4467 Ἀντίγονος
3885 4399 3918 4452 δ
3954 4415 4071 4452 πα-

2466 4508 2678 4579 τρίκιος
2721 4502 2818 4556 καὶ
2870 4498 3195 4567 δομέστικος
3247 4494 3358 4547 τῶν
3405 4492 3613 4562 σχολῶν
3667 4489 3960 4560 κλητόριον
4007 4490 4070 4542 ἐν

769 4600 981 4655 a-dibus
1011 4601 1067 4654 in
1090 4600 1400 4671 propinquo
1422 4601 1587 4672 regiae
1614 4601 1763 4657 atrio
1787 4602 2123 4672 opiparoque
2143 4585 2347 4656 instru-

2465 4603 2589 4664 ταῖς
2621 4595 2929 4668 βασιλικαῖς
2964 4590 3189 4654 οἰκίαις,
3233 4588 3291 4643 αἳ
3329 4586 3475 4641 κατὰ
3511 4584 3609 4655 τὴν
3643 4583 4069 4652 πλησιάζουσαν

772 4701 863 4745 cto
898 4692 1151 4745 convivio
1177 4692 1489 4762 (κλητόρων
1512 4692 1733 4763 vocant)
1768 4702 1979 4762 patrem
2020 4708 2181 4748 suum
2213 4692 2352 4747 Bar-

773 4784 899 4837 dam
933 4783 1340 4839 convivatorem
1373 4798 1438 4839 ac
1472 4785 1764 4854 epulonem
1809 4784 1959 4839 iacit.
1991 4785 2179 4839 Caesar
2200 4824 2213 4849 ,
2248 4799 2357 4837 una

775 4891 965 4931 secum
1020 4886 1247 4932 senatus
1280 4876 1546 4947 primates
1575 4876 1872 4947 aﬂinesque
1913 4893 1978 4933 ac
2010 4879 2358 4934 necessarios

776 4986 1088 5036 assumens,
1126 4981 1498 5041 praetereaque
1538 4972 1745 5028 amicos
1781 4971 2070 5040 Bulgaros,
2112 4987 2177 5027 ex
2207 4986 2360 5026 more

777 5063 936 5133 Cpoli
964 5072 1267 5126 morantes,
1286 5065 1353 5119 ad
1370 5064 1682 5119 convivium
1700 5063 1870 5118 venit.
1899 5063 2166 5119 Intererat
2181 5063 2361 5132 epulis

778 5170 833 5211 et
887 5155 1227 5223 Theoprvlus
1272 5156 1460 5211 Basilii
1514 5158 1700 5222 herus,
1755 5171 1824 5212 eo
1850 5156 1995 5226 quod
2037 5156 2201 5210 etiam
2243 5154 2363 5225 ipso

780 5248 1017 5303 Caesaris
1052 5250 1501 5319 consanguineus
1532 5260 1652 5304 erat
1685 5266 1702 5317 ;
1743 5249 1838 5304 sed
1873 5258 1928 5305 et
1961 5248 2365 5305 Constantinus

786 5342 1074 5410 patricius,
1117 5341 1345 5396 Thoma:
1383 5342 1598 5411 patricii
1643 5349 1820 5413 pater,
1859 5350 2052 5397 ostro
2094 5342 2197 5395 hoc
2243 5354 2368 5394 aevo

791 5449 988 5489 cursus
1019 5434 1323 5503 logothetae,
1357 5434 1460 5489 viri
1481 5434 1536 5489 in
1554 5436 1718 5490 rebus
1746 5433 2140 5505 pliilosopbicis
2157 5432 2359 5488 summi

785 5542 850 5581 ac
870 5526 1029 5597 plane
1053 5527 1411 5597 integerrimi.
1444 5527 1618 5584 Porro
1640 5528 1857 5600 Bulgari
1874 5542 2093 5598 semper
2119 5524 2372 5598 jactandi

786 5620 932 5673 fastu
966 5619 1261 5676 insolentes
1284 5636 1347 5677 ac
1370 5621 1741 5693 gloriabundi,
1781 5637 1908 5677 cum
1934 5635 2120 5677 secum
2162 5619 2363 5689 Bulga-

787 5726 911 5766 rum
948 5713 1213 5770 baberent
1243 5718 1492 5787 corporis
1522 5716 1734 5772 viribus
1768 5718 2017 5788 torisque
2053 5713 2365 5785 praecellen-

2464 4694 2581 4755 τοῖς
2634 4686 2927 4760 βασιλείοις
2975 4681 3165 4751 αὒλὴν,
3230 4677 3553 4750 ᾠκοδόμησε
3606 4674 3703 4728 καί⁵
3764 4672 4069 4735 πολυτελὲς

2467 4785 2838 4841 ἐσκευάσατο,
2885 4777 3181 4845 ἑστιάτορα
3227 4772 3326 4827 καὶ
3374 4768 3673 4840 δαιτυμόνα
3712 4767 3807 4821 τὸν
3856 4766 4069 4819 οἰκεῖον

2468 4877 2684 4947 πατέρα
2742 4871 2956 4943 Βάρδαν
3007 4865 3354 4937 ποιούμενος.
3445 4862 3504 4916 Ὀ
3545 4862 3602 4915 δὲ
3658 4860 3877 4930 Καῖσαρ
3932 4860 4068 4921 τοὺς

2472 4970 2728 5042 μείζονας
2751 4966 2848 5037 τῆς
2886 4961 3191 5031 συγκλήτου
3222 4958 3317 5012 καὶ
3359 4956 3489 5018 τοὺς
3539 4953 3772 5015 οἰκείους
3809 4950 4067 5021 παραλα-

2470 5064 2582 5119 ϐὼν
2624 5063 2723 5117 καὶ
2777 5061 2907 5122 τοὺς
2940 5055 3196 5127 συνήθεις
3249 5050 3389 5122 πρὸς
3436 5047 3535 5119 τὴν
3584 5046 3824 5116 εὐωχίαν
3867 5046 4066 5117 ἀπῄει,

2474 5152 2930 5227 συμπαραλαϐὼν
2973 5149 3069 5203 καὶ
3093 5148 3221 5210 τοὺς
3258 5144 3367 5199 ἀπὸ
3404 5140 3745 5209 Βουλγαρίας
3766 5138 3812 5171 ⁸⁷
3843 5138 4066 5206 φίλους,

2473 5249 2725 5320 συνήθως
2769 5244 2911 5300 κατὰ
2946 5243 3037 5296 τὸν
3067 5242 3187 5293 τότε
3241 5236 3433 5307 καιρὸν
3471 5236 3537 5302 τῇ
3579 5229 3945 5303 βασιλευούσῃ
3981 5228 4066 5279 ἐν·

2471 5340 2868 5411 διατρίϐοντας.
2919 5333 3112 5406 Παρῆν
3144 5332 3201 5385 δέ
3230 5333 3296 5401 τῇ
3332 5328 3577 5382 ἐστιάσει
3618 5324 3712 5377 καὶ
3740 5321 4008 5389 Θεόφιλος
4044 5323 4069 5373 ὁ

2474 5434 2573 5489 τοῦ
2616 5432 2899 5486 Βασιλείου
2942 5431 3129 5501 κύριος
3154 5419 3243 5479 οἷα
3293 5420 3562 5492 συγγενὴς
3596 5419 3691 5472 καὶ
3741 5416 3909 5478 αὐτὸς
3966 5413 4066 5467 τοῦ

2475 5526 2777 5595 Καίσαρος,
2832 5521 2971 5578 ἀλλὰ
3014 5520 3111 5573 καὶ
3155 5514 3568 5575 Κωνσταντῖνος
3616 5511 3644 5563 ὁ
3686 5507 4002 5579 πατρίκιος,
4036 5506 4066 5559 6

2473 5617 2570 5671 τοῦ
2604 5616 2729 5670 καθ’
2760 5616 2908 5686 ἡμᾶς
2936 5611 3223 5681 λογοθέτου
3252 5606 3348 5663 τοῦ
3375 5605 3578 5678 δρόμου
3613 5602 3708 5655 καὶ
3739 5605 3797 5655 ἐν
3827 5600 3874 5632 ⁸⁸
3911 5597 4063 5667 φιλο-

2475 5710 2639 5780 σοφίᾳ
2683 5709 2858 5777 ἄκρου
2912 5706 3007 5761 xui.
3036 5702 3380 5777 ἀδωροτάτου
3416 5695 3731 5771 περιφανῶς
3763 5687 4065 5765 πατρικίου

2065 5808 2299 5865 VARUE
2340 5805 2747 5864 LECTIONES.

861 5900 907 5932 “
937 5901 1273 5974 ἐπιζητοῦσα
1302 5904 1362 5962 P.
1443 5907 1485 5939 "'
1525 5907 1721 5972 ἱκανῶς
1748 5906 1811 5964 Ρ.

1892 5905 2276 5976 ⁸⁷Βουλγὰρων
2309 5903 2370 5960 Ρ.
2445 5904 2486 5936 ⁸⁸
2520 5904 2579 5956 ὲν
2602 5914 2713 5956 om.
2750 5897 2815 5951 Α.
