4154 6446
156 390 242 453 9Ᾱὸ
1208 381 1356 442 LIB.
1390 382 1458 441 V.
1491 402 1557 413 --
1590 378 1949 438 BASILIUS
1987 378 2315 440 MACEDU.

3288 381 3395 445 246

155 503 305 571 empti
352 500 557 569 πατὴρ.
610 498 674 551 0i
722 495 779 550 δὲ
819 496 1118 565 Βούλγαροι
1150 495 1236 548 ἀεί
1282 512 1398 558 πως
1430 492 1693 563 οίηματία

1820 502 1927 546 tem
1970 491 2288 561 primasque
2313 490 2368 545 in
2396 491 2542 547 lucta
2573 493 2676 549 sibi
2706 491 3100 558 vindicantem,
3119 505 3285 563 quem
3306 495 3395 548 vix

156 594 234 647 καὶ
279 590 656 661 καυχηματίαι
705 589 1108 658 τυγχάνοντες,
1166 586 1288 638 ἐπεὶ
1344 584 1533 653 ἔτυχον
1587 582 1709 636 τότε

157 684 255 753 μεθ’
295 682 505 736 ἑαυτῶν
555 680 772 750 ἔχοντες
826 679 1130 749 Βούλγαρον
1164 677 1209 710 δ’
1245 677 1333 729 ἐπ’
1378 675 1570 747 ἀνδρίᾳ
1621 692 1711 728 σεο

156 775 467 844 μνυνόμενον
517 773 770 839 σώματος
818 772 908 825 καὶ
958 770 1127 840 ἄκρον
1190 769 1248 821 ἐν
1292 765 1711 837 παλαισμοσύνῃ

153 867 471 936 ὑπάρχοντα,
509 864 567 917 δν
604 864 781 925 οὐδεὶς
813 861 997 931 σχεδον
1026 860 1187 931 μέχρι
1236 859 1355 910 τότε
1391 858 1500 912 τῶν
1534 874 1706 927 προσ-

152 958 467 1010 παλαιόντων
519 954 819 1011 κατέϐαλεν
853 995 869 1018 ,
937 954 1037 1006 οὐκ
1090 950 1318 1004 ἀνεκτὸν
1360 949 1578 1003 ἐδόκουν
1624 949 1709 1001 ἐπ⁸

150 1046 279 1114 αὖτῷ
336 1049 578 1117 φρονεῖν,
623 1045 737 1099 ἀλλ’
783 1044 923 1109 ὑπὲρ
961 1043 1021 1096 τὸ
1054 1042 1252 1112 μέτρον
1301 1038 1705 1108 ἠλαζονεύοντο.

149 1139 241 1192 Τοῦ
274 1138 329 1192 δὲ
376 1140 545 1191 πότου
606 1138 887 1206 προϊόντος
934 1136 1029 1188 καὶ
1064 1131 1333 1205 θυμηδίας
1378 1128 1710 1201 χορευούσης

148 1233 270 1285 κατᾶ
300 1232 401 1301 τὴν
445 1230 748 1300 τράπεζαν,
793 1229 939 1296 λέγει
974 1228 1002 1279 6
1038 1226 1233 1297 μικρὸς
1276 1226 1482 1288 ἐκεῖνος
1518 1223 1711 1293 Θεόφιο

147 1324 222 1386 λος
246 1324 379 1394 πρὸς
411 1326 503 1377 τὸν
542 1324 817 1393 Καίσαρα,
851 1323 934 1375 ὅτι
966 1321 1140 1389 Ἕχω,
1165 1318 1454 1382 δέσποτα,
1489 1316 1708 1385 ἅνθρω-

147 1430 248 1468 xor
282 1415 353 1481 ὃς
377 1415 489 1468 ἐὰν
511 1416 767 1482 κελεύῃς
792 1414 892 1466 ἵνα
925 1411 1199 1476 παλαίσῃ
1221 1408 1373 1478 μετὰ
1408 1407 1515 1461 τοῦ
1545 1424 1709 1475 περι-

144 1505 346 1575 ϐοήτου
376 1506 595 1559 τούτου
639 1505 1007 1574 Βουλγάρου.
1074 1500 1381 1569 Μέγιστον
1415 1499 1521 1567 γὰρ
1551 1498 1706 1551 ὄνει-

143 1599 234 1663 δος
276 1600 457 1653 τοῦτο
512 1599 846 1668 Ῥωμαίοις,
902 1596 999 1650 καὶ
1057 1592 1259 1658 οὐδεὶς
1306 1592 1546 1646 ὑποίσει
1594 1590 1709 1655 τὴν

141 1688 482 1751 ἀλαζονείαν
519 1688 743 1754 αὐτῶν,
797 1691 847 1743 ει
891 1684 1073 1752 οὗτος
1110 1683 1594 1754 ἀκαταγὼνιστσς
1640 1682 1709 1733 ἐι·

138 1784 465 1853 Βουλῃαριᾳ
515 1782 946 1851 παραγένηται.
1009 1777 1120 1832 Τοῦ
1180 1776 1235 1829 δὲ
1286 1775 1567 1845 Καίσαρος
1614 1790 1707 1841 γε-

1817 582 1963 639 ullus
2012 598 2243 654 usquam
2278 585 2547 640 hactenus
2590 585 2733 641 lucta
2779 586 3089 656 dejeeisset,
3134 584 3280 641 haud
3312 584 3395 640 fe-

1818 676 2040 729 rendum
2077 675 2343 743 putabant
2382 685 2441 730 ut
2470 674 2575 731 sibi
2603 676 2669 730 de
2706 677 2799 732 illo
2828 677 3033 747 aliquid
3069 678 3392 741 tribuerent,

1816 764 1921 817 nisi
1977 778 2145 832 supra
2197 763 2422 819 modum
2479 776 2802 835 arrogantes
2857 783 2996 836 pene
3047 768 3392 823 insultarent.

1813 853 2236 923 Compotatione
2292 854 2478 924 itaque
2528 857 2861 927 procedente
2909 874 2973 913 ae
3018 859 3293 915 hilaritate
3340 860 3394 914 in

1814 960 2001 1000 mensa
2031 944 2203 1001 ell‘use
2232 946 2675 1016 tripudiante,ait
2702 950 3037 1021 pusillusille
3057 950 3394 1022 Theophilus

1812 1039 1877 1093 ad
1916 1038 2187 1094 Cmsarem
2215 1057 2229 1094 :
2262 1041 2463 1106 Habeo,
2486 1042 2714 1105 domine,
2739 1044 3004 1096 hominem
3033 1044 3087 1096 in
3114 1045 3392 1108 comitatu,

1812 1130 1924 1198 qui,
1965 1132 2009 1183 si
2039 1130 2293 1197 jusseris,
2327 1147 2445 1184 cttnt
2480 1132 2683 1200 famoso
2720 1136 2813 1187 illo
2847 1134 3088 1205 Bulgaro
3120 1137 3189 1188 sit
3223 1135 3395 1189 lucta-

1814 1233 1988 1275 turus.
2009 1223 2243 1277 Man-into
2277 1226 2413 1277 enim
2442 1226 2635 1294 probro
2669 1226 2917 1283 Romanis
2936 1229 3101 1295 cedet,
3136 1245 3228 1283 nec
3250 1228 3392 1282 ullus

1808 1314 1903 1366 erit
1930 1314 2020 1383 qui
2049 1313 2259 1367 illorum
2298 1318 2662 1387 arrogantiam
2691 1320 2850 1388 ferat,
2878 1323 2924 1374 si
2958 1323 3055 1375 iste
3083 1322 3140 1376 in
3184 1319 3394 1391 Bulga-

1812 1412 1947 1465 riam
2002 1429 2035 1465 a
2080 1413 2227 1466 nullo
2276 1426 2555 1482 superatus
2598 1419 2838 1473 redierit.
2882 1418 3049 1475 Jubet
3094 1420 3281 1475 Caesar
3317 1420 3391 1475 ita

1812 1505 2097 1574 praestari;
2138 1504 2292 1576 isque
2326 1507 2485 1577 cujus
2525 1511 2767 1573 memini,
2807 1510 2971 1581 230
2995 1510 3394 1567 Constantinus

1814 1596 2099 1663 patricius,
2142 1597 2395 1652 amicitia:
2442 1613 2585 1654 nexu
2636 1599 2835 1655 Basilio
2860 1603 3392 1670 conjunctissimus,

1811 1687 2011 1756 quippe
2040 1688 2132 1754 qui
2193 1696 2247 1741 et
2277 1689 2390 1757 ipse
2413 1704 2478 1743 ex
2510 1689 2789 1745 Armeniis
2820 1689 3089 1760 originem
3121 1691 3391 1755 trahebat,

1813 1778 2004 1831 videns
2035 1777 2426 1832 subhumidum
2468 1796 2645 1834 arente
2674 1782 2873 1845 solum,
2904 1781 3393 1851 qua-colluetaturi

137 1876 306 1930 νέσθαι
364 1875 774 1947 προστάξαντος
804 1874 849 1906 ⁵⁸
871 1913 887 1937 ,
942 1872 971 1923 6
1005 1866 1511 1942 προμνημονευθεὶς
1550 1868 1695 1920 Κων-

1815 1877 1991 1927 erant.
2026 1868 2347 1939 veritusque
2385 1885 2451 1924 ne
2480 1886 2577 1939 per
2602 1872 2724 1939 ejus
2760 1872 3125 1927 Iubricitatem
3155 1872 3393 1929 Basilius

138 1975 396 2035 σταντῖνος
424 1971 738 2042 πατρίκιος,
769 1968 973 2040 σφόδρα
1004 1966 1197 2036 φιλίως
1244 1963 1380 2033 πρὸς
1419 1961 1512 2014 τὸν
1545 1959 1704 2013 Βασί-

135 2065 262 2118 iam
292 2066 639 2136 διακείμενος
662 2105 679 2129 ,
721 2064 815 2118 ἆτε
850 2062 945 2116 καὶ
971 2060 1133 2123 αὐτὸς
1172 2056 1233 2122 ἐξ
1277 2055 1580 2127 Ἀρμενίων
1610 2053 1701 2106 ’ἐλ-

134 2174 233 2210 κων
259 2159 319 2212 τὸ
350 2158 533 2227 γένος,
579 2156 666 2230 [Ρ.
702 2154 828 2227 ιιι]
858 2155 981 2207 ἐπεὶ
1007 2154 1230 2224 δίυγρον
1258 2146 1363 2204 εἶδε
1406 2150 1496 2201 τὸν
1536 2147 1702 2200 τόπον

133 2252 183 2302 ὲν
206 2248 247 2317 ᾦ
279 2250 698 2319 διαγωνίζεσθαι
730 2248 982 2319 ἔμελλον,
1028 2246 1121 2299 καὶ
1166 2241 1424 2297 ἐδεδοίκει
1460 2242 1533 2311 μή
1581 2256 1698 2302 πως

130 2340 378 2413 ὀλισθήσῃ
424 2342 584 2410 τυχὸν
608 2342 697 2394 6"
734 2339 1036 2399 Βασίλειος,
1068 2336 1209 2389 αἰτεῖ
1249 2329 1565 2403 προτροπὴν
1607 2346 1697 2398 γε·

131 2431 298 2484 νέα-θαι
348 2432 505 2502 παρα
549 2430 646 2484 τοῦ
680 2430 958 2500 Καίσαρος
988 2427 1053 2479 ἐκ
1090 2424 1261 2492 ξύλων
1301 2419 1697 2493 ἐπιρρανθῆναι

129 2523 328 2592 πρίσμα
361 2524 410 2554 ⁸³
459 2524 604 2576 κατὰ
631 2522 691 2574 τὸ
719 2521 934 2590 ἔδαφος,
1000 2510 1075 2569 Οὗ
1109 2514 1404 2585 γενομένου
1445 2511 1696 2581 συμπλα-

127 2614 232 2677 κεὶς
260 2614 341 2683 τῷ
380 2613 678 2682 Μυλγάρῳ
703 2614 731 2666 6
762 2612 1064 2673 Βασίλειος,
1104 2610 1198 2665 καὶ
1231 2608 1423 2661 θᾶττον
1464 2604 1696 2674 συμπιέ-

128 2721 215 2768 σας
243 2706 339 2758 καὶ
374 2705 744 2775 περισφίγξας
789 2703 972 2764 αὐτὸν,
1008 2700 1143 2754 ὡσεὶ
1187 2698 1386 2768 δεσμόν
1422 2713 1545 2749 τινα
1568 2696 1697 2764 χὸρε

124 2811 205 2846 του
251 2794 458 2863 κοῦφον
498 2799 594 2849 καὶ
626 2795 854 2864 ἄψυχον,
883 2793 916 2863 ἦ
962 2792 1021 2859 ἐξ
1057 2793 1207 2862 ἐρίου
1241 2790 1406 2842 πόκον
1438 2787 1600 2856 ξηρόν
1636 2802 1696 2837 τε

122 2888 204 2939 καὶ
233 2886 498 2957 ἐλαφρὸν,
544 2886 689 2939 οὕτω
717 2886 914 2956 ῥᾳδίως
941 2884 1103 2937 αὑτὸν
1137 2883 1322 2936 ἐπάνω
1349 2880 1447 2950 τῆς
1486 2879 1532 2912 ⁸³
1564 2893 1696 2946 τρα-

121 2978 281 3049 πέζης
336 2980 687 3049 μετεωρίσας
734 2975 1063 3048 ἀπέρριψεν.
1131 2973 1237 3027 Τοῦ
1295 2972 1353 3025 δὲ
1408 2969 1695 3039 γεγονότος

117 3072 280 3136 0565i;
318 3072 436 3126 τῶν
486 3071 773 3142 παρόντων
804 3065 873 3140 ἦν
907 3068 968 3132 ὃς
1004 3068 1065 3120 οὗ
1116 3067 1369 3136 περιεῖπε
1407 3064 1501 3117 καὶ
1533 3061 1694 3115 ἐθαύο

1811 1961 1946 2029 pede
1996 1960 2293 2016 offenderet
2347 1978 2413 2017 ac
2458 1962 2758 2028 laberetur,
2805 1962 3277 2033 Cmsarem-rogat
3334 1973 3393 2019 ut

1810 2053 1973 2109 scobe
2005 2054 2278 2139 lignorum
2307 2055 2487 2109 locum
2512 2057 2800 2128 conspergi
2830 2057 3128 2126 praecipiat.
3160 2057 3390 2111 Factum

1807 2150 1891 2195 est
1924 2158 1939 2207 ;
1972 2150 2338 2212 consertaque
2363 2142 2599 2198 Basilius
2629 2144 2774 2198 lucta
2807 2160 2933 2198 cum
2967 2144 3203 2214 Bulgaro
3224 2147 3390 2201 citius

1805 2230 2148 2301 prehendens
2174 2240 2337 2301 atque
2365 2234 2765 2305 constringens,
2801 2236 2951 2289 velut
2976 2236 3153 2292 levem
3186 2252 3390 2293 exsuc-

1802 2338 2040 2394 cutnque
2064 2322 2195 2379 freni
2230 2327 2571 2396 manipulum
2603 2336 2699 2381 aut
2728 2342 2794 2383 ex
2824 2329 2947 2383 lana
2976 2330 3149 2384 vellus
3174 2330 3389 2385 aridum

1802 2418 2094 2489 ipsumque
2129 2419 2265 2486 leve,
2308 2421 2453 2475 haud
2486 2436 2687 2491 magno
2720 2423 3000 2476 molimine
3045 2424 3098 2476 in
3142 2439 3385 2478 mensam

1802 2508 1988 2565 levans
2040 2510 2229 2566 allisit.
2283 2512 2363 2566 Eo
2412 2510 2654 2567 facinore
2684 2529 2848 2569 nemo
2884 2516 3237 2585 pmsentium
3284 2515 3388 2571 fuit

1801 2601 1894 2671 qui
1932 2617 2041 2657 non
2076 2601 2278 2658 Basilio
2309 2605 2592 2674 impensus
2636 2605 2821 2661 animo
2848 2607 2919 2661 sit
2947 2622 3182 2677 eumque
3210 2608 3387 2664 admi-

1801 2693 2013 2748 ratione
2051 2694 2376 2754 laudaverit.
2427 2696 2531 2751 Sed
2583 2709 2638 2753 et
2688 2698 2792 2767 ipsi
2829 2697 3046 2770 Bulgari
3095 2701 3387 2770 subigendi

1797 2784 1889 2839 illa
1922 2785 2189 2841 facilitate
2218 2794 2385 2856 atque
2418 2789 2618 2844 robore
2647 2789 2703 2843 in
2734 2799 3016 2860 stuporem
3065 2792 3173 2846 acti
3204 2792 3388 2847 conti-

1797 2884 2049 2930 cuerunt.
2084 2876 2164 2930 Ex
2200 2877 2290 2932 illa
2332 2879 2466 2932 hora
2503 2881 2669 2950 cmpit
2703 2895 2799 2949 per
2846 2896 3065 2938 omnem
3109 2884 3385 2939 civitatem

1802 2967 1989 3023 Basilii
2025 2969 2171 3023 fama
2207 2970 2384 3041 magis
2414 2972 2863 3041 percrebreseere
2891 3014 2907 3039 ,
2940 2975 3167 3046 jamque
3207 2976 3387 3033 iactus

1802 3062 2139 3132 conspicuus
2173 3078 2270 3133 per
2300 3064 2548 3119 omnium
2573 3065 2805 3122 celebris
2822 3083 2918 3123 ora
2948 3068 3186 3127 volabat.

118 3170 245 3238 μαζε
279 3170 375 3223 τὸν
407 3168 712 3221 Βασίλειον.
772 3162 1175 3233 Ἐκπλαγέντες
1201 3161 1258 3215 δὲ
1297 3162 1393 3216 καὶ
1455 3159 1505 3212 οἱ
1575 3158 1880 3229 Βούλγαροι
1931 3162 2031 3228 τὴν
2067 3159 2389 3229 περιουσίαν
2450 3159 2552 3229 τῆς
2602 3160 2889 3233 εὐχερείας
2960 3180 3021 3215 τε
3067 3166 3161 3216 καὶ
3196 3162 3386 3216 ’δυνά-

119 3283 250 3333 μεως
296 3268 524 3336 ἔμειναν
577 3265 738 3318 ἐνεοί.
786 3264 906 3319 Ἀπ’
960 3264 1177 3334 ἐκείνης
1219 3262 1277 3316 δὲ
1332 3262 1431 3331 τῆς
1475 3261 1690 3331 ἡμέρας
1724 3259 1928 3329 ἤρξατο
1963 3260 2058 3312 ἐπὶ
2107 3259 2271 3312 πλέον
2304 3260 2338 3328 ἡ
2381 3257 2477 3310 τοῦ
2508 3257 2804 3313 Βασιλείου
2838 3262 2998 3332 φήμη
3064 3263 3143 3325 εἰς
3200 3264 3385 3314 πᾶσαν

113 3359 201 3428 τὴν
238 3362 399 3413 πόλιν
449 3362 755 3434 διαφοιτᾷν,
802 3364 898 3417 καὶ
948 3365 1061 3426 τοῖς
1104 3361 1363 3415 ἁπάντων
1408 3359 1693 3427 διεφέρετο
1721 3356 2006 3426 στόμασιν,
2046 3354 2391 3415 ἁπόϐλεπτος
2414 3354 2512 3424 ἤδη
2540 3355 2921 3425 καθεστηκώς.

178 3461 264 3521 ιγ’.
317 3450 437 3507 Ἦν
476 3456 533 3508 δὲ
572 3456 726 3527 παρὰ
770 3456 849 3527 τῷ
883 3456 1097 3526 βασιλεῖ
1124 3454 1348 3524 Μιχαὴλ
1378 3452 1544 3514 ἵππος
1590 3454 1690 3519 ἁφ-

1872 3449 1957 3503 15.
1981 3448 2106 3502 Erat
2141 3461 2305 3518 porro
2336 3447 2481 3516 apud
2505 3446 2828 3504 Michaelem
2847 3464 3021 3518 equus
3048 3450 3200 3507 frena
3233 3467 3381 3508 mor-

111 3547 371 3617 ηνιαστὴς
393 3546 493 3600 καὶ
527 3547 781 3611 ἄτακτος,
823 3545 1177 3617 σκληραύχην
1189 3561 1246 3597 τε
1266 3544 1360 3597 καὶ
1390 3542 1689 3612 ἀγέρωχος,

111 3636 170 3687 τι
196 3636 241 3690 δ’
289 3638 439 3691 ἄλλα
479 3640 731 3704 γενναῖος
761 3638 857 3690 καὶ
914 3636 1120 3705 ἀγαθὸς
1174 3634 1271 3688 καὶ
1312 3634 1435 3688 καθ’
1472 3634 1690 3703 ἡλικίαν

110 3729 195 3780 καὶ
234 3728 444 3791 καλλος
490 3728 589 3780 καὶ
617 3728 782 3796 τάχος
824 3728 1000 3797 μέγας
1025 3726 1073 3757 ³⁸
1121 3727 1213 3779 καὶ
1255 3722 1592 3793 θαυμαστὸς.
1630 3723 1690 3785 ὃς

109 3819 330 3891 εῖέτυχε
375 3818 568 3883 λυθεὶς
602 3820 698 3873 τοῦ
744 3818 1008 3889 δεσμοῦἢ
1052 3816 1229 3877 ἄλλως
1279 3834 1394 3879 πως
1442 3813 1687 3884 ἀφεθεὶς,

108 3912 216 3964 λίαν
251 3908 323 3985 ἦν
354 3910 631 3981 δυσχερὴς
677 3912 755 3973 είς
784 3913 973 3981 χεῖρας
1003 3905 1159 3972 αὖθις
1192 3906 1369 3961 ἐλθεῖν
1399 3908 1492 3959 καὶ
1522 3905 1691 3958 πολλὰ

106 4006 408 4076 πράγματα
444 4006 582 4075 πρὸς
613 4004 674 4058 τὸ
703 4006 1000 4073 κατασχεῖν
1041 4004 1272 4073 παρεῖχε
1316 4004 1428 4063 τοῖς
1473 3999 1692 4053 ἱπποκό-

110 4117 238 4167 μος.
267 4099 489 4169 Συνέϐη
518 4099 577 4151 δέ
613 4114 744 4151 ποτε
774 4097 867 4149 τὸν
909 4096 1134 4167 βασιλέα
1167 4094 1304 4165 πρὸς
1335 4094 1507 4164 θήραν
1540 4091 1689 4157 ἐξελ-

106 4191 255 4247 θόντα
294 4194 395 4245 καὶ
432 4192 529 4244 τὸν
561 4190 804 4243 τοιοῦτον
828 4190 997 4242 ἵππον
1035 4186 1408 4256 ἐπιϐεϐηκότα
1440 4187 1686 4255 αὐτοχει-

108 4285 189 4351 ρία
244 4283 441 4354 ῥάϐδῳ
486 4284 675 4351 τυχεῖν
723 4280 962 4349 λαγωοῦ.
1006 4279 1184 4343 Εὐθὺς
1222 4278 1318 4332 οὖν
1365 4278 1454 4348 ὑφ’
1496 4278 1690 4349 ἡδονῆς

104 4375 129 4425 6
158 4374 421 4443 βασιλεὺς
471 4372 668 4426 θᾶττον
703 4374 768 4425 ἐκ
798 4371 894 4424 τοῦ
931 4372 1102 4423 ἵππου
1148 4368 1425 4440 καθήλατο
1468 4371 1607 4438 πρὸς
1630 4370 1690 4422 τὸ

106 4460 296 4525 σφάξαι
327 4461 430 4512 τὸν
458 4458 698 4527 λαγωόν.
732 4458 965 4526 ’Δφετος
988 4456 1046 4510 δὲ
1070 4459 1099 4511 6
1122 4456 1286 4520 ἵππος
1314 4455 1689 4525 καταλειφθεὶς

101 4549 538 4621 ἁπεσκίρτησεν,
577 4550 673 4601 καὶ
718 4546 931 4601 πολλῶν
974 4548 1411 4618 συνδραμόντων.
1448 4549 1545 4601 καὶ
1583 4548 1691 4600 τῶν

101 4660 153 4695 τε
178 4643 271 4696 τοῦ
306 4640 683 4696 ῖπποστασίου
712 4641 990 4711 ἀρχόντων
1020 4640 1115 4694 καὶ
1148 4639 1547 4709 μαγγλαϐιτῶν
1594 4641 1691 4692 καὶ

99 4735 293 4789 λοιπῶν
334 4733 458 4789 τῶν
516 4734 651 4803 περὶ
700 4732 899 4795 αὐτοὺς
951 4731 1393 4801 συγκινηθέντων
1420 4771 1435 4792 .
1479 4732 1580 4785 οὐκ
1619 4728 1687 4802 ἦν

1796 3541 1934 3596 deus
1967 3552 2020 3596 et
2070 3541 2374 3595 indomitus
2408 3541 2657 3611 duraque
2705 3543 2919 3598 cervice
2951 3552 3006 3599 et
3052 3547 3323 3614 superbus
3361 3562 3377 3611 ;

1793 3642 2051 3687 cmterum
2083 3646 2388 3701 generosus
2423 3641 2480 3687 et
2505 3632 2703 3700 bonus,
2737 3643 2949 3689 statura
2983 3644 3038 3691 et
3065 3636 3379 3704 pulchritu-

1792 3723 1922 3777 dine
1946 3738 2010 3777 ac
2040 3723 2321 3779 celeritate
2363 3739 2595 3796 magnus
2628 3740 2692 3781 ac
2725 3727 3101 3784 admirandus.
3132 3728 3185 3784 is
3222 3726 3379 3784 freno

1793 3815 2029 3880 solutus,
2078 3830 2178 3871 seu
2210 3816 2349 3871 alias
2394 3816 2537 3871 liber
2565 3818 2852 3879 dimissus.
2890 3832 3033 3889 aegre
3080 3820 3377 3874 admodum

1794 3920 1987 3960 rursus
2031 3906 2099 3959 ad
2154 3921 2348 3960 manus
2392 3907 2661 3972 veniebat,
2718 3907 3125 3978 plurimumque
3178 3909 3379 3978 negotii

1791 3998 2154 4068 equisonibus
2186 3999 2429 4056 detinere
2466 4000 2845 4072 satagentibus
2873 4000 3199 4058 lacessebat.
3235 4002 3380 4059 Con-

1794 4090 1916 4159 tigit
1945 4106 2074 4146 vero
2099 4091 2395 4160 aliquando
2422 4102 2482 4147 ut
2524 4094 2822 4164 imperator
2855 4095 2950 4149 illo
2973 4095 3092 4164 ipso
3112 4109 3258 4165 equo
3288 4111 3382 4178 ve:

1792 4191 1983 4237 natum
2014 4183 2292 4253 profectus
2311 4200 2409 4240 sua
2446 4186 2562 4254 ipse
2585 4202 2748 4241 manu
2778 4186 2935 4261 231
2971 4186 3113 4242 fuste
3138 4188 3381 4257 leporem

1793 4276 2004 4330 fet-iret.
2056 4274 2238 4341 Quare
2272 4276 2455 4330 statim
2491 4277 2689 4347 volupe
2717 4278 3247 4349 gestiens,.leporem
3281 4296 3376 4335 ne-

1791 4376 2043 4433 caturus,
2070 4382 2218 4438 equo
2250 4368 2451 4423 desilit.
2484 4368 2646 4424 Liber
2673 4385 2851 4439 equus
2875 4370 3136 4426 dimissus
3161 4371 3375 4436 resiliit,

1792 4459 2091 4529 multisque
2121 4462 2603 4527 concurrentibus,
2637 4476 2702 4517 ac
2733 4475 2849 4517 tum
2875 4462 3044 4533 equiti
3084 4462 3375 4533 praefectis,

1793 4562 1909 4607 tum
1952 4552 2301 4623 manglabitis
2328 4554 2546 4622 alioque
2578 4554 2786 4607 circum
2822 4556 3083 4609 comitatu
3126 4554 3379 4610 navantiv

1792 4647 1895 4701 bus
1926 4662 2169 4717 operam,
2202 4648 2296 4717 qui
2327 4663 2528 4717 equum
2569 4663 2764 4717 capere
2814 4656 3000 4717 posset
3033 4648 3220 4704 nullus
3254 4648 3375 4702 fuit.

1792 4735 1975 4801 Quare
2023 4736 2104 4789 ira
2155 4752 2422 4792 accensus
2482 4732 3097 4806 imperator,.si'teneri
3134 4754 3374 4808 unquam

98 4844 193 4881 τινι
221 4826 465 4881 δυνατὸν
488 4826 586 4879 τὸν
620 4827 785 4878 ῖππον
813 4824 1018 4888 λαϐεῖν,
1066 4824 1209 4879 ὥστε
1239 4823 1566 4894 θυμωθέντα
1596 4824 1690 4878 τὸν

1801 4844 1971 4899 equus
2013 4829 2209 4898 possit,
2245 4830 2656 4886 exscindendos
2686 4832 2841 4901 jubet
2874 4831 3022 4887 illius
3046 4831 3376 4901 posteriores

100 4922 312 4990 βασιλέα
364 4919 670 4983 κελεῦσαι,
714 4921 765 4972 εί
810 4918 1150 4989 κρατηθείη,
1179 4917 1509 4987 διακοπῆναι
1562 4921 1689 4981 τοὺς

96 5014 374 5077 ὁπισθίους
421 5009 602 5066 αὐτοῦ
631 5010 743 5065 τῶν
778 5010 977 5064 ποδῶν.
1042 5010 1101 5063 '0
1140 5010 1197 5064 δὲ
1229 5010 1448 5081 Καῖσαρ
1474 5010 1690 5081 Βάρδας

99 5105 279 5175 παρὼν
315 5104 505 5157 ἐδεῖτο
538 5101 633 5155 τοῦ
661 5101 928 5171 βασιλέως
961 5102 1036 5171 μὴ
1070 5101 1158 5155 διὰ
1193 5100 1324 5171 μίαν
1352 5101 1553 5154 κακίαν
1598 5118 1688 5153 το-

99 5197 294 5267 σαύτην
323 5195 547 5269 ἀρετὴν
592 5196 761 5247 ἵππου
812 5195 991 5265 μάτην
1024 5193 1461 5265 παραπολέσθαι.
1510 5194 1566 5246 ’0
1594 5190 1687 5247 οὗν

100 5288 380 5351 Βασίλειος
438 5288 755 5359 συμπαρὼν
789 5286 870 5356 τῷ
926 5287 1103 5357 κυρίῳ
1155 5284 1323 5340 αὐτοῦ
1362 5286 1511 5353 λέγει
1551 5286 1689 5355 πρὸς

98 5381 269 5445 αὑτὸν,
301 5382 392 5434 ὅτι
407 5381 488 5434 Εἰ
511 5378 870 5448 παραδρὰμω
892 5378 999 5431 τὸν
1022 5378 1355 5443 ,ϐασιλικὸν
1376 5378 1567 5432 ἵππον
1590 5378 1691 5433 καί

97 5470 205 5523 ἀπὸ
236 5470 347 5525 τοῦ
391 5468 555 5540 ἐμοῦ
603 5470 790 5523 ἵππου
832 5470 1206 5541 ἐκτιναχθεὶς
1240 5470 1465 5541 ἔποχος
1502 5470 1690 5526 αὐτοῦ

1799 4921 1982 4989 pedes.
2017 4919 2229 4976 Bardas
2254 4931 2434 4977 autem
2472 4922 2677 4989 Cassar,
2710 4924 2805 4994 qui
2846 4923 3010 4979 rebus
3038 4923 3246 4989 aderat,
3276 4924 3379 4977 im-

1798 5028 1921 5081 pera
1931 5023 2102 5068 torem
2128 5016 2352 5083 rogabat
2369 5031 2435 5069 ne
2458 5024 2662 5069 tantam
2686 5016 2812 5085 equi
2836 5016 3094 5070 virtutem
3114 5015 3186 5070 ob
3203 5030 3374 5069 unum

1796 5115 2079 5175 peccatum
2108 5115 2313 5162 temere
2340 5108 2607 5177 perderet.
2641 5106 2881 5163 Basilius
2907 5108 3110 5178 itaque,
3141 5107 3234 5174 qui
3262 5115 3376 5160 tum

1793 5200 1923 5251 hero
1935 5202 2142 5264 aderat,
2161 5200 2208 5254 ei
2225 5201 2342 5255 inﬁt
2370 5219 2383 5255 :
2403 5199 2461 5256 Si
2483 5202 3020 5270 imperatorisequttm
3038 5211 3375 5271 pra'vertero.

1793 5305 2005 5358 meoque
2056 5290 2167 5359 ipse
2221 5308 2351 5361 equo
2396 5308 2646 5346 excussus
2692 5293 2775 5345 illi
2826 5292 3086 5356 insedere,
3134 5290 3376 5360 nunquid

1793 5382 1922 5434 mihi
1975 5385 2296 5437 succensebit
2341 5386 2653 5453 imperator,
2687 5386 2828 5456 quod
2869 5386 2961 5439 ille
2991 5386 3106 5455 ejus
3139 5384 3378 5453 phaleris

1795 5484 1995 5530 stratus
2028 5485 2107 5531 est
2139 5494 2201 5531 ac
2233 5482 2493 5532 ornatus?
2527 5476 2911 5534 lususurratur
2938 5488 3121 5533 sermo
3152 5477 3377 5531 auribus

99 5561 384 5631 γένωμαι,
431 5554 560 5629 ἄρα
598 5553 689 5631 μὴ
736 5561 834 5617 διὰ
872 5565 937 5617 τὸ
996 5562 1343 5630 βασιλικοῖς
1393 5564 1690 5634 φαλάροις

1801 5567 2178 5637 imperatoris;
2212 5586 2436 5641 remque
2466 5572 2709 5642 praestari
2732 5572 2906 5642 jubet.
2934 5572 3170 5627 Basilius
3195 5583 3379 5640 prout-

1397 5679 1630 5735 VARIAS
1673 5680 2078 5741 LECTIONES.

160 5767 204 5853 ξ’
230 5769 565 5853 Βρὺλγαρον
593 5767 887 5840 ΞχοντεςΑ.
963 5773 1008 5805 ⁸⁸
1043 5774 1483 5846 προπαξάιμενος
1509 5775 1567 5831 Ρ.
1647 5777 1689 5808 ⁸⁸
1713 5779 1740 5832 6
1778 5793 1889 5833 om.
1922 5779 1982 5837 P.
2059 5782 2104 5815 "
2128 5781 2344 5853 πρίαμα
2372 5780 2507 5853 μετὰ
2525 5780 2583 5836 Ρ.
2661 5781 2706 5813 ⁸³
2723 5797 2822 5853 της
2840 5794 2948 5837 om.
2971 5778 3031 5835 P.
3108 5780 3156 5813 “
3179 5776 3379 5851 μέγας]

103 5837 187 5892 καὶ
220 5840 401 5910 μέγας
432 5837 501 5895 1⁸.
