  <div class='ocr_page' id='page_1' title='image "/cluster/home/n/w/nwhite01/storage/ocr_20150623/109/nnc1.0046979867/131.png"; bbox 0 0 4154 6446; ppageno 0'>
   <div class='ocr_carea' id='block_1_1' title="bbox 751 385 854 449">
    <p class='ocr_par' dir='ltr' id='par_1_1' title="bbox 751 385 854 449">
     <span class='ocr_line' id='line_1_1' title="bbox 751 385 854 449; baseline 0 -1"><span class='ocrx_word' id='word_1_1' title='bbox 751 385 854 449; x_wconf 72' lang='lat' dir='ltr'><strong>2U</strong></span> 
     </span>
    </p>
   </div>
   <div class='ocr_carea' id='block_1_2' title="bbox 1835 382 2939 447">
    <p class='ocr_par' dir='ltr' id='par_1_2' title="bbox 1835 382 2939 447">
     <span class='ocr_line' id='line_1_2' title="bbox 1835 382 2939 447; baseline 0.005 -5"><span class='ocrx_word' id='word_1_2' title='bbox 1835 382 2342 444; x_wconf 73' lang='lat' dir='ltr'><strong>THEOPIIANES</strong></span> <span class='ocrx_word' id='word_1_3' title='bbox 2382 384 2939 447; x_wconf 70' lang='lat' dir='ltr'><strong>CONTINUATUS.</strong></span> 
     </span>
    </p>
   </div>
   <div class='ocr_carea' id='block_1_3' title="bbox 3895 396 4003 457">
    <p class='ocr_par' dir='ltr' id='par_1_3' title="bbox 3895 396 4003 457">
     <span class='ocr_line' id='line_1_3' title="bbox 3895 396 4003 457; baseline 0 0"><span class='ocrx_word' id='word_1_4' title='bbox 3895 396 4003 457; x_wconf 63' lang='grc'><strong>248</strong></span> 
     </span>
    </p>
   </div>
   <div class='ocr_carea' id='block_1_4' title="bbox 751 501 2335 577">
    <p class='ocr_par' dir='ltr' id='par_1_4' title="bbox 751 501 2324 577">
     <span class='ocr_line' id='line_1_4' title="bbox 751 501 2324 577; baseline -0.004 -13"><span class='ocrx_word' id='word_1_5' title='bbox 751 517 841 577; x_wconf 82' lang='lat' dir='ltr'><strong>pte</strong></span> <span class='ocrx_word' id='word_1_6' title='bbox 868 508 1163 574; x_wconf 75' lang='lat' dir='ltr'><strong>dextreque</strong></span> <span class='ocrx_word' id='word_1_7' title='bbox 1189 509 1479 558; x_wconf 76' lang='lat' dir='ltr'><strong>exsecutus</strong></span> <span class='ocrx_word' id='word_1_8' title='bbox 1505 512 1609 558; x_wconf 88' lang='lat' dir='ltr'><strong>est.</strong></span> <span class='ocrx_word' id='word_1_9' title='bbox 1654 501 1794 556; x_wconf 79' lang='lat' dir='ltr'><strong>Vidit</strong></span> <span class='ocrx_word' id='word_1_10' title='bbox 1830 504 2145 573; x_wconf 80' lang='lat' dir='ltr'><strong>imperator,</strong></span> <span class='ocrx_word' id='word_1_11' title='bbox 2185 519 2324 559; x_wconf 82' lang='lat' dir='ltr'><strong>una-</strong></span> 
     </span>
    </p>
   </div>
   <div class='ocr_carea' id='block_1_5' title="bbox 2438 501 4001 577">
    <p class='ocr_par' dir='ltr' id='par_1_5' title="bbox 2438 505 4001 577">
     <span class='ocr_line' id='line_1_5' title="bbox 2438 505 4001 577; baseline 0.004 -18"><span class='ocrx_word' id='word_1_12' title='bbox 2438 506 2839 577; x_wconf 76' lang='grc' dir='ltr'><strong>ιιεκοσμῆσθαι</strong></span> <span class='ocrx_word' id='word_1_13' title='bbox 2875 507 3063 561; x_wconf 79' lang='grc' dir='ltr'><strong>αὐτὸν</strong></span> <span class='ocrx_word' id='word_1_14' title='bbox 3106 505 3523 576; x_wconf 57' lang='grc' dir='ltr'><strong>ἀγανάκτησις</strong></span> <span class='ocrx_word' id='word_1_15' title='bbox 3555 509 3714 576; x_wconf 78' lang='grc' dir='ltr'><strong>παρὰ</strong></span> <span class='ocrx_word' id='word_1_16' title='bbox 3751 507 3860 565; x_wconf 80' lang='grc' dir='ltr'><strong>τοῦ</strong></span> <span class='ocrx_word' id='word_1_17' title='bbox 3884 512 4001 575; x_wconf 75' lang='grc' dir='ltr'><strong>,ϐα-ι</strong></span> 
     </span>
    </p>
   </div>
   <div class='ocr_carea' id='block_1_6' title="bbox 752 594 2323 667">
    <p class='ocr_par' dir='ltr' id='par_1_6' title="bbox 752 594 2323 667">
     <span class='ocr_line' id='line_1_6' title="bbox 752 594 2323 667; baseline 0.001 -16"><span class='ocrx_word' id='word_1_18' title='bbox 752 616 855 667; x_wconf 81' lang='lat' dir='ltr'><strong>qne</strong></span> <span class='ocrx_word' id='word_1_19' title='bbox 889 613 1012 653; x_wconf 86' lang='lat' dir='ltr'><strong>cum</strong></span> <span class='ocrx_word' id='word_1_20' title='bbox 1059 598 1256 652; x_wconf 91' lang='lat' dir='ltr'><strong>robore</strong></span> <span class='ocrx_word' id='word_1_21' title='bbox 1299 610 1365 650; x_wconf 92' lang='lat' dir='ltr'><strong>ac</strong></span> <span class='ocrx_word' id='word_1_22' title='bbox 1395 595 1601 650; x_wconf 89' lang='lat' dir='ltr'><strong>virtute</strong></span> <span class='ocrx_word' id='word_1_23' title='bbox 1639 594 1965 649; x_wconf 81' lang='lat' dir='ltr'><strong>industriam</strong></span> <span class='ocrx_word' id='word_1_24' title='bbox 1996 596 2229 651; x_wconf 90' lang='lat' dir='ltr'><strong>indolem</strong></span> <span class='ocrx_word' id='word_1_25' title='bbox 2259 612 2323 653; x_wconf 91' lang='lat' dir='ltr'><strong>ac</strong></span> 
     </span>
    </p>
   </div>
   <div class='ocr_carea' id='block_1_7' title="bbox 754 684 2317 756">
    <p class='ocr_par' dir='ltr' id='par_1_7' title="bbox 754 684 2317 756">
     <span class='ocr_line' id='line_1_7' title="bbox 754 684 2317 756; baseline 0 -15"><span class='ocrx_word' id='word_1_26' title='bbox 754 688 1077 756; x_wconf 68' lang='lat' dir='ltr'><strong>sapientiam</strong></span> <span class='ocrx_word' id='word_1_27' title='bbox 1122 684 1425 741; x_wconf 84' lang='lat' dir='ltr'><strong>admiratus</strong></span> <span class='ocrx_word' id='word_1_28' title='bbox 1460 700 1491 740; x_wconf 88' lang='lat' dir='ltr'><strong>a</strong></span> <span class='ocrx_word' id='word_1_29' title='bbox 1540 684 1920 754; x_wconf 75' lang='lat' dir='ltr'><strong>Theopliilitze</strong></span> <span class='ocrx_word' id='word_1_30' title='bbox 1970 701 2097 741; x_wconf 88' lang='lat' dir='ltr'><strong>eum</strong></span> <span class='ocrx_word' id='word_1_31' title='bbox 2136 687 2317 741; x_wconf 81' lang='lat' dir='ltr'><strong>statim</strong></span> 
     </span>
    </p>
   </div>
   <div class='ocr_carea' id='block_1_8' title="bbox 758 777 2319 850">
    <p class='ocr_par' dir='ltr' id='par_1_8' title="bbox 758 777 2319 850">
     <span class='ocr_line' id='line_1_8' title="bbox 758 777 2319 850; baseline -0.002 -14"><span class='ocrx_word' id='word_1_32' title='bbox 758 781 913 841; x_wconf 78' lang='lat' dir='ltr'><strong>tulit,</strong></span> <span class='ocrx_word' id='word_1_33' title='bbox 963 794 1298 849; x_wconf 88' lang='lat' dir='ltr'><strong>suorumque</strong></span> <span class='ocrx_word' id='word_1_34' title='bbox 1337 786 1631 833; x_wconf 83' lang='lat' dir='ltr'><strong>stratarum</strong></span> <span class='ocrx_word' id='word_1_35' title='bbox 1673 777 1851 833; x_wconf 86' lang='lat' dir='ltr'><strong>ordini</strong></span> <span class='ocrx_word' id='word_1_36' title='bbox 1892 779 2093 850; x_wconf 83' lang='lat' dir='ltr'><strong>allegit.</strong></span> <span class='ocrx_word' id='word_1_37' title='bbox 2147 778 2319 833; x_wconf 84' lang='lat' dir='ltr'><strong>Adhi-</strong></span> 
     </span>
    </p>
   </div>
   <div class='ocr_carea' id='block_1_9' title="bbox 755 869 2316 940">
    <p class='ocr_par' dir='ltr' id='par_1_9' title="bbox 755 869 2316 940">
     <span class='ocr_line' id='line_1_9' title="bbox 755 869 2316 940; baseline 0 -15"><span class='ocrx_word' id='word_1_38' title='bbox 755 871 1022 940; x_wconf 86' lang='lat' dir='ltr'><strong>bebatque</strong></span> <span class='ocrx_word' id='word_1_39' title='bbox 1044 870 1289 924; x_wconf 91' lang='lat' dir='ltr'><strong>animum</strong></span> <span class='ocrx_word' id='word_1_40' title='bbox 1309 884 1372 924; x_wconf 90' lang='lat' dir='ltr'><strong>ac</strong></span> <span class='ocrx_word' id='word_1_41' title='bbox 1392 869 1667 938; x_wconf 82' lang='lat' dir='ltr'><strong>diligebat,</strong></span> <span class='ocrx_word' id='word_1_42' title='bbox 1693 869 1895 940; x_wconf 87' lang='lat' dir='ltr'><strong>quippe</strong></span> <span class='ocrx_word' id='word_1_43' title='bbox 1920 872 2012 940; x_wconf 85' lang='lat' dir='ltr'><strong>qui</strong></span> <span class='ocrx_word' id='word_1_44' title='bbox 2045 871 2316 940; x_wconf 81' lang='lat' dir='ltr'><strong>ingentem</strong></span> 
     </span>
    </p>
   </div>
   <div class='ocr_carea' id='block_1_10' title="bbox 748 961 2318 1033">
    <p class='ocr_par' dir='ltr' id='par_1_10' title="bbox 748 961 2318 1033">
     <span class='ocr_line' id='line_1_10' title="bbox 748 961 2318 1033; baseline 0 -16"><span class='ocrx_word' id='word_1_45' title='bbox 748 966 865 1032; x_wconf 72' lang='lat' dir='ltr'><strong>ejus</strong></span> <span class='ocrx_word' id='word_1_46' title='bbox 889 963 943 1017; x_wconf 90' lang='lat' dir='ltr'><strong>in</strong></span> <span class='ocrx_word' id='word_1_47' title='bbox 964 963 1217 1017; x_wconf 91' lang='lat' dir='ltr'><strong>omnibus</strong></span> <span class='ocrx_word' id='word_1_48' title='bbox 1247 976 1408 1032; x_wconf 85' lang='lat' dir='ltr'><strong>supra</strong></span> <span class='ocrx_word' id='word_1_49' title='bbox 1442 961 1713 1031; x_wconf 85' lang='lat' dir='ltr'><strong>reliquum</strong></span> <span class='ocrx_word' id='word_1_50' title='bbox 1735 963 1925 1031; x_wconf 84' lang='lat' dir='ltr'><strong>vulgus</strong></span> <span class='ocrx_word' id='word_1_51' title='bbox 1952 964 2318 1033; x_wconf 71' lang='lat' dir='ltr'><strong>przestantiam</strong></span> 
     </span>
    </p>
   </div>
   <div class='ocr_carea' id='block_1_11' title="bbox 749 1054 2317 1125">
    <p class='ocr_par' dir='ltr' id='par_1_11' title="bbox 749 1054 2317 1125">
     <span class='ocr_line' id='line_1_11' title="bbox 749 1054 2317 1125; baseline 0.001 -18"><span class='ocrx_word' id='word_1_52' title='bbox 749 1056 976 1109; x_wconf 79' lang='lat' dir='ltr'><strong>videret.</strong></span> <span class='ocrx_word' id='word_1_53' title='bbox 995 1054 1341 1125; x_wconf 84' lang='lat' dir='ltr'><strong>Quapropter</strong></span> <span class='ocrx_word' id='word_1_54' title='bbox 1360 1068 1487 1108; x_wconf 92' lang='lat' dir='ltr'><strong>cum</strong></span> <span class='ocrx_word' id='word_1_55' title='bbox 1507 1055 1591 1109; x_wconf 90' lang='lat' dir='ltr'><strong>sui</strong></span> <span class='ocrx_word' id='word_1_56' title='bbox 1615 1055 1808 1110; x_wconf 88' lang='lat' dir='ltr'><strong>crebro</strong></span> <span class='ocrx_word' id='word_1_57' title='bbox 1835 1056 2110 1124; x_wconf 88' lang='lat' dir='ltr'><strong>specimen</strong></span> <span class='ocrx_word' id='word_1_58' title='bbox 2133 1071 2317 1112; x_wconf 84' lang='lat' dir='ltr'><strong>coram</strong></span> 
     </span>
    </p>
   </div>
   <div class='ocr_carea' id='block_1_12' title="bbox 750 1148 2221 1218">
    <p class='ocr_par' dir='ltr' id='par_1_12' title="bbox 750 1148 2221 1218">
     <span class='ocr_line' id='line_1_12' title="bbox 750 1148 2221 1218; baseline 0 -16"><span class='ocrx_word' id='word_1_59' title='bbox 750 1149 1116 1213; x_wconf 79' lang='lat' dir='ltr'><strong>exhibuisset,</strong></span> <span class='ocrx_word' id='word_1_60' title='bbox 1146 1150 1199 1201; x_wconf 93' lang='lat' dir='ltr'><strong>in</strong></span> <span class='ocrx_word' id='word_1_61' title='bbox 1230 1148 1644 1218; x_wconf 88' lang='lat' dir='ltr'><strong>protostratoris</strong></span> <span class='ocrx_word' id='word_1_62' title='bbox 1672 1148 1994 1217; x_wconf 85' lang='lat' dir='ltr'><strong>dignitatem</strong></span> <span class='ocrx_word' id='word_1_63' title='bbox 2022 1150 2221 1205; x_wconf 81' lang='lat' dir='ltr'><strong>evexit.</strong></span> 
     </span>
    </p>
   </div>
   <div class='ocr_carea' id='block_1_13' title="bbox 2430 598 4003 669">
    <p class='ocr_par' dir='ltr' id='par_1_13' title="bbox 2430 598 4003 669">
     <span class='ocr_line' id='line_1_13' title="bbox 2430 598 4003 669; baseline 0.004 -19"><span class='ocrx_word' id='word_1_64' title='bbox 2430 600 2647 664; x_wconf 74' lang='grc' dir='ltr'><strong>σιλέως</strong></span> <span class='ocrx_word' id='word_1_65' title='bbox 2678 600 2917 669; x_wconf 73' lang='grc' dir='ltr'><strong>γένηται</strong></span> <span class='ocrx_word' id='word_1_66' title='bbox 2943 598 3071 652; x_wconf 81' lang='grc' dir='ltr'><strong>κατ’</strong></span> <span class='ocrx_word' id='word_1_67' title='bbox 3099 599 3283 666; x_wconf 55' lang='lat' dir='ltr'><strong>enati;</strong></span> <span class='ocrx_word' id='word_1_68' title='bbox 3329 598 3435 653; x_wconf 82' lang='grc' dir='ltr'><strong>Τοῦ</strong></span> <span class='ocrx_word' id='word_1_69' title='bbox 3473 600 3529 652; x_wconf 83' lang='grc' dir='ltr'><strong>δὲ</strong></span> <span class='ocrx_word' id='word_1_70' title='bbox 3562 599 3825 669; x_wconf 80' lang='grc' dir='ltr'><strong>βασιλέως</strong></span> <span class='ocrx_word' id='word_1_71' title='bbox 3871 604 4003 656; x_wconf 79' lang='grc' dir='ltr'><strong>ὐπο-</strong></span> 
     </span>
    </p>
   </div>
   <div class='ocr_carea' id='block_1_14' title="bbox 2432 691 4006 762">
    <p class='ocr_par' dir='ltr' id='par_1_14' title="bbox 2432 691 4006 762">
     <span class='ocr_line' id='line_1_14' title="bbox 2432 691 4006 762; baseline 0.001 -17"><span class='ocrx_word' id='word_1_72' title='bbox 2432 692 2763 762; x_wconf 85' lang='grc' dir='ltr'><strong>μνησθέντος</strong></span> <span class='ocrx_word' id='word_1_73' title='bbox 2810 691 2901 745; x_wconf 76' lang='grc' dir='ltr'><strong>καὶ</strong></span> <span class='ocrx_word' id='word_1_74' title='bbox 2953 692 3312 755; x_wconf 71' lang='grc' dir='ltr'><strong>κελεύσαντος</strong></span> <span class='ocrx_word' id='word_1_75' title='bbox 3354 692 3513 745; x_wconf 82' lang='grc' dir='ltr'><strong>τοῦτο</strong></span> <span class='ocrx_word' id='word_1_76' title='bbox 3557 694 3833 762; x_wconf 85' lang='grc' dir='ltr'><strong>γενέσθαι,</strong></span> <span class='ocrx_word' id='word_1_77' title='bbox 3873 695 4006 746; x_wconf 71' lang='grc' dir='ltr'><strong>ἑτοίο</strong></span> 
     </span>
    </p>
   </div>
   <div class='ocr_carea' id='block_1_15' title="bbox 2432 782 4003 855">
    <p class='ocr_par' dir='ltr' id='par_1_15' title="bbox 2432 782 4003 855">
     <span class='ocr_line' id='line_1_15' title="bbox 2432 782 4003 855; baseline 0 -18"><span class='ocrx_word' id='word_1_78' title='bbox 2432 802 2549 854; x_wconf 84' lang='grc' dir='ltr'><strong>μως</strong></span> <span class='ocrx_word' id='word_1_79' title='bbox 2593 784 2687 836; x_wconf 73' lang='grc' dir='ltr'><strong>καὶ</strong></span> <span class='ocrx_word' id='word_1_80' title='bbox 2722 784 2951 853; x_wconf 74' lang='grc' dir='ltr'><strong>εὐφυῶς⁵</strong></span> <span class='ocrx_word' id='word_1_81' title='bbox 2975 785 3003 837; x_wconf 89' lang='lat'><strong>6</strong></span> <span class='ocrx_word' id='word_1_82' title='bbox 3040 783 3319 846; x_wconf 85' lang='grc' dir='ltr'><strong>Βασίλειος</strong></span> <span class='ocrx_word' id='word_1_83' title='bbox 3356 782 3513 836; x_wconf 80' lang='grc' dir='ltr'><strong>τοῦτο</strong></span> <span class='ocrx_word' id='word_1_84' title='bbox 3557 784 3880 855; x_wconf 86' lang='grc' dir='ltr'><strong>πεποίηκεν.</strong></span> <span class='ocrx_word' id='word_1_85' title='bbox 3939 787 4003 837; x_wconf 88' lang='lat'><strong>&#39;0</strong></span> 
     </span>
    </p>
   </div>
   <div class='ocr_carea' id='block_1_16' title="bbox 2428 872 4006 945">
    <p class='ocr_par' dir='ltr' id='par_1_16' title="bbox 2428 872 4006 945">
     <span class='ocr_line' id='line_1_16' title="bbox 2428 872 4006 945; baseline -0.003 -18"><span class='ocrx_word' id='word_1_86' title='bbox 2428 872 2764 944; x_wconf 81' lang='grc' dir='ltr'><strong>θεασάμενος</strong></span> <span class='ocrx_word' id='word_1_87' title='bbox 2787 875 2815 927; x_wconf 99' lang='lat'><strong>6</strong></span> <span class='ocrx_word' id='word_1_88' title='bbox 2846 874 3121 945; x_wconf 74' lang='grc' dir='ltr'><strong>βασιλεὺς,</strong></span> <span class='ocrx_word' id='word_1_89' title='bbox 3161 874 3255 927; x_wconf 82' lang='grc' dir='ltr'><strong>καὶ</strong></span> <span class='ocrx_word' id='word_1_90' title='bbox 3289 874 3580 943; x_wconf 83' lang='grc' dir='ltr'><strong>ἀγαπήσας</strong></span> <span class='ocrx_word' id='word_1_91' title='bbox 3621 874 3718 943; x_wconf 79' lang='grc' dir='ltr'><strong>τὴν</strong></span> <span class='ocrx_word' id='word_1_92' title='bbox 3753 872 3871 943; x_wconf 77' lang='grc' dir='ltr'><strong>μετ’</strong></span> <span class='ocrx_word' id='word_1_93' title='bbox 3912 875 4006 925; x_wconf 84' lang='grc' dir='ltr'><strong>ἀν-</strong></span> 
     </span>
    </p>
   </div>
   <div class='ocr_carea' id='block_1_17' title="bbox 2427 965 4002 1038">
    <p class='ocr_par' dir='ltr' id='par_1_17' title="bbox 2427 965 4002 1038">
     <span class='ocr_line' id='line_1_17' title="bbox 2427 965 4002 1038; baseline -0.001 -19"><span class='ocrx_word' id='word_1_94' title='bbox 2427 966 2580 1038; x_wconf 82' lang='grc' dir='ltr'><strong>δρίας</strong></span> <span class='ocrx_word' id='word_1_95' title='bbox 2624 967 2855 1035; x_wconf 77' lang='grc' dir='ltr'><strong>εὐφυΐαν</strong></span> <span class='ocrx_word' id='word_1_96' title='bbox 2888 966 3054 1020; x_wconf 78' lang='grc' dir='ltr'><strong>αὑτοῦ</strong></span> <span class='ocrx_word' id='word_1_97' title='bbox 3101 966 3197 1019; x_wconf 75' lang='grc' dir='ltr'><strong>καὶ</strong></span> <span class='ocrx_word' id='word_1_98' title='bbox 3247 965 3483 1029; x_wconf 85' lang='grc' dir='ltr'><strong>σύνεσιν,</strong></span> <span class='ocrx_word' id='word_1_99' title='bbox 3531 965 3732 1027; x_wconf 80' lang='grc' dir='ltr'><strong>εὐθέως</strong></span> <span class='ocrx_word' id='word_1_100' title='bbox 3769 965 3878 1019; x_wconf 76' lang='grc' dir='ltr'><strong>ἀπὸ</strong></span> <span class='ocrx_word' id='word_1_101' title='bbox 3905 965 4002 1017; x_wconf 70' lang='grc' dir='ltr'><strong>τοῦ</strong></span> 
     </span>
    </p>
   </div>
   <div class='ocr_carea' id='block_1_18' title="bbox 2430 1059 4000 1130">
    <p class='ocr_par' dir='ltr' id='par_1_18' title="bbox 2430 1059 4000 1130">
     <span class='ocr_line' id='line_1_18' title="bbox 2430 1059 4000 1130; baseline -0.003 -17"><span class='ocrx_word' id='word_1_102' title='bbox 2430 1059 2751 1130; x_wconf 78' lang='grc' dir='ltr'><strong>Θεοφιλίτζη</strong></span> <span class='ocrx_word' id='word_1_103' title='bbox 2798 1060 2962 1114; x_wconf 82' lang='grc' dir='ltr'><strong>αὐτὸν</strong></span> <span class='ocrx_word' id='word_1_104' title='bbox 3012 1059 3245 1113; x_wconf 84' lang='grc' dir='ltr'><strong>ἀνέλαϐέ</strong></span> <span class='ocrx_word' id='word_1_105' title='bbox 3288 1077 3347 1112; x_wconf 80' lang='grc' dir='ltr'><strong>τε</strong></span> <span class='ocrx_word' id='word_1_106' title='bbox 3383 1060 3480 1112; x_wconf 66' lang='grc' dir='ltr'><strong>καὶ</strong></span> <span class='ocrx_word' id='word_1_107' title='bbox 3525 1060 3605 1121; x_wconf 85' lang='grc' dir='ltr'><strong>είς</strong></span> <span class='ocrx_word' id='word_1_108' title='bbox 3638 1059 3763 1121; x_wconf 72' lang='grc' dir='ltr'><strong>τοὺς</strong></span> <span class='ocrx_word' id='word_1_109' title='bbox 3795 1059 4000 1127; x_wconf 79' lang='grc' dir='ltr'><strong>βασιλιο</strong></span> 
     </span>
    </p>
   </div>
   <div class='ocr_carea' id='block_1_19' title="bbox 2432 1151 4007 1223">
    <p class='ocr_par' dir='ltr' id='par_1_19' title="bbox 2432 1151 4007 1223">
     <span class='ocr_line' id='line_1_19' title="bbox 2432 1151 4007 1223; baseline -0.001 -18"><span class='ocrx_word' id='word_1_110' title='bbox 2432 1154 2562 1217; x_wconf 76' lang='grc' dir='ltr'><strong>κοῦς</strong></span> <span class='ocrx_word' id='word_1_111' title='bbox 2598 1151 2862 1218; x_wconf 75' lang='grc' dir='ltr'><strong>κατέταξε</strong></span> <span class='ocrx_word' id='word_1_112' title='bbox 2919 1152 3244 1223; x_wconf 78' lang='grc' dir='ltr'><strong>στράτορας.</strong></span> <span class='ocrx_word' id='word_1_113' title='bbox 3292 1152 3552 1222; x_wconf 81' lang='grc' dir='ltr'><strong>Προσεῖχε</strong></span> <span class='ocrx_word' id='word_1_114' title='bbox 3582 1151 3639 1204; x_wconf 79' lang='grc' dir='ltr'><strong>δὲ</strong></span> <span class='ocrx_word' id='word_1_115' title='bbox 3682 1153 3777 1204; x_wconf 80' lang='grc' dir='ltr'><strong>καὶ</strong></span> <span class='ocrx_word' id='word_1_116' title='bbox 3813 1151 4007 1220; x_wconf 77' lang='grc' dir='ltr'><strong>ἠγάπα</strong></span> 
     </span>
    </p>
   </div>
   <div class='ocr_carea' id='block_1_20' title="bbox 750 1241 4011 1317">
    <p class='ocr_par' dir='ltr' id='par_1_20' title="bbox 750 1241 4011 1317">
     <span class='ocr_line' id='line_1_20' title="bbox 750 1241 4011 1317; baseline -0.001 -19"><span class='ocrx_word' id='word_1_117' title='bbox 750 1242 933 1307; x_wconf 80' lang='grc' dir='ltr'><strong>αὐτὸν,</strong></span> <span class='ocrx_word' id='word_1_118' title='bbox 956 1242 1096 1312; x_wconf 84' lang='grc' dir='ltr'><strong>ὀρῶν</strong></span> <span class='ocrx_word' id='word_1_119' title='bbox 1129 1241 1292 1296; x_wconf 81' lang='grc' dir='ltr'><strong>αὑτοῦ</strong></span> <span class='ocrx_word' id='word_1_120' title='bbox 1326 1241 1387 1296; x_wconf 81' lang='grc' dir='ltr'><strong>τὸ</strong></span> <span class='ocrx_word' id='word_1_121' title='bbox 1416 1242 1552 1313; x_wconf 81' lang='grc' dir='ltr'><strong>πρὸς</strong></span> <span class='ocrx_word' id='word_1_122' title='bbox 1581 1242 1708 1305; x_wconf 78' lang='grc' dir='ltr'><strong>τοὺς</strong></span> <span class='ocrx_word' id='word_1_123' title='bbox 1737 1242 1931 1307; x_wconf 76' lang='grc' dir='ltr'><strong>ἄλλους</strong></span> <span class='ocrx_word' id='word_1_124' title='bbox 1961 1242 2047 1315; x_wconf 84' lang='grc' dir='ltr'><strong>[Ρ.</strong></span> <span class='ocrx_word' id='word_1_125' title='bbox 2080 1242 2203 1316; x_wconf 75' lang='grc'><strong>145]</strong></span> <span class='ocrx_word' id='word_1_126' title='bbox 2239 1243 2297 1297; x_wconf 77' lang='grc' dir='ltr'><strong>ὲν</strong></span> <span class='ocrx_word' id='word_1_127' title='bbox 2322 1244 2457 1298; x_wconf 80' lang='grc' dir='ltr'><strong>πᾶσι</strong></span> <span class='ocrx_word' id='word_1_128' title='bbox 2505 1246 2762 1317; x_wconf 73' lang='grc' dir='ltr'><strong>διαφέρον</strong></span> <span class='ocrx_word' id='word_1_129' title='bbox 2804 1246 2950 1299; x_wconf 78' lang='grc' dir='ltr'><strong>κατὰ</strong></span> <span class='ocrx_word' id='word_1_130' title='bbox 3003 1244 3171 1300; x_wconf 69' lang='grc' dir='ltr'><strong>πολύ.</strong></span> <span class='ocrx_word' id='word_1_131' title='bbox 3197 1245 3289 1299; x_wconf 81' lang='grc' dir='ltr'><strong>Διὸ</strong></span> <span class='ocrx_word' id='word_1_132' title='bbox 3310 1246 3407 1299; x_wconf 75' lang='grc' dir='ltr'><strong>καὶ</strong></span> <span class='ocrx_word' id='word_1_133' title='bbox 3449 1244 3709 1307; x_wconf 76' lang='grc' dir='ltr'><strong>πολλάκις</strong></span> <span class='ocrx_word' id='word_1_134' title='bbox 3732 1242 4011 1309; x_wconf 70' lang='grc' dir='ltr'><strong>ὶπιδειξά-</strong></span> 
     </span>
    </p>
   </div>
   <div class='ocr_carea' id='block_1_21' title="bbox 751 1334 2877 1413">
    <p class='ocr_par' dir='ltr' id='par_1_21' title="bbox 751 1334 2877 1413">
     <span class='ocr_line' id='line_1_21' title="bbox 751 1334 2877 1413; baseline 0.004 -24"><span class='ocrx_word' id='word_1_135' title='bbox 751 1353 911 1407; x_wconf 90' lang='grc' dir='ltr'><strong>μενον</strong></span> <span class='ocrx_word' id='word_1_136' title='bbox 940 1334 1274 1389; x_wconf 81' lang='grc' dir='ltr'><strong>κατενώπιον</strong></span> <span class='ocrx_word' id='word_1_137' title='bbox 1314 1336 1477 1391; x_wconf 73' lang='grc' dir='ltr'><strong>αὐτοῦ</strong></span> <span class='ocrx_word' id='word_1_138' title='bbox 1512 1338 1592 1400; x_wconf 90' lang='grc' dir='ltr'><strong>εἰς</strong></span> <span class='ocrx_word' id='word_1_139' title='bbox 1620 1336 1720 1407; x_wconf 80' lang='grc' dir='ltr'><strong>τὴν</strong></span> <span class='ocrx_word' id='word_1_140' title='bbox 1742 1336 1837 1391; x_wconf 78' lang='grc' dir='ltr'><strong>τοῦ</strong></span> <span class='ocrx_word' id='word_1_141' title='bbox 1873 1340 2356 1413; x_wconf 70' lang='grc' dir='ltr'><strong>πρωτοστρὸυιορος</strong></span> <span class='ocrx_word' id='word_1_142' title='bbox 2379 1339 2535 1405; x_wconf 79' lang='grc' dir='ltr'><strong>ἀξίαν</strong></span> <span class='ocrx_word' id='word_1_143' title='bbox 2561 1342 2782 1396; x_wconf 83' lang='grc' dir='ltr'><strong>ὲϐίϐασε</strong></span> <span class='ocrx_word' id='word_1_144' title='bbox 2810 1343 2877 1397; x_wconf 81' lang='grc'><strong>⁸⁵.</strong></span> 
     </span>
    </p>
   </div>
   <div class='ocr_carea' id='block_1_22' title="bbox 813 1428 2324 1485">
    <p class='ocr_par' dir='ltr' id='par_1_22' title="bbox 813 1428 2324 1485">
     <span class='ocr_line' id='line_1_22' title="bbox 813 1428 2324 1485; baseline 0.001 -2"><span class='ocrx_word' id='word_1_145' title='bbox 813 1430 903 1483; x_wconf 63' lang='lat' dir='ltr'><strong>ll.</strong></span> <span class='ocrx_word' id='word_1_146' title='bbox 942 1431 1133 1485; x_wconf 87' lang='lat' dir='ltr'><strong>Postea</strong></span> <span class='ocrx_word' id='word_1_147' title='bbox 1170 1431 1460 1484; x_wconf 78' lang='lat' dir='ltr'><strong>venatione</strong></span> <span class='ocrx_word' id='word_1_148' title='bbox 1494 1428 1693 1482; x_wconf 84' lang='lat' dir='ltr'><strong>indicta</strong></span> <span class='ocrx_word' id='word_1_149' title='bbox 1729 1430 1781 1482; x_wconf 90' lang='lat' dir='ltr'><strong>in</strong></span> <span class='ocrx_word' id='word_1_150' title='bbox 1825 1429 1945 1485; x_wconf 91' lang='lat' dir='ltr'><strong>loco</strong></span> <span class='ocrx_word' id='word_1_151' title='bbox 1991 1430 2080 1484; x_wconf 85' lang='lat' dir='ltr'><strong>cui</strong></span> <span class='ocrx_word' id='word_1_152' title='bbox 2124 1445 2324 1485; x_wconf 89' lang='lat' dir='ltr'><strong>nomen</strong></span> 
     </span>
    </p>
   </div>
   <div class='ocr_carea' id='block_1_23' title="bbox 746 1520 2323 1591">
    <p class='ocr_par' dir='ltr' id='par_1_23' title="bbox 746 1520 2323 1591">
     <span class='ocr_line' id='line_1_23' title="bbox 746 1520 2323 1591; baseline 0.003 -18"><span class='ocrx_word' id='word_1_153' title='bbox 746 1520 1074 1591; x_wconf 82' lang='lat' dir='ltr'><strong>Pbilopatio,</strong></span> <span class='ocrx_word' id='word_1_154' title='bbox 1121 1529 1507 1590; x_wconf 82' lang='lat' dir='ltr'><strong>protestrator,</strong></span> <span class='ocrx_word' id='word_1_155' title='bbox 1550 1522 1623 1575; x_wconf 86' lang='lat' dir='ltr'><strong>uti</strong></span> <span class='ocrx_word' id='word_1_156' title='bbox 1672 1520 1917 1577; x_wconf 84' lang='lat' dir='ltr'><strong>moribus</strong></span> <span class='ocrx_word' id='word_1_157' title='bbox 1962 1524 2323 1578; x_wconf 88' lang='lat' dir='ltr'><strong>constitutum</strong></span> 
     </span>
    </p>
   </div>
   <div class='ocr_carea' id='block_1_24' title="bbox 744 1612 2325 1690">
    <p class='ocr_par' dir='ltr' id='par_1_24' title="bbox 744 1612 2325 1690">
     <span class='ocr_line' id='line_1_24' title="bbox 744 1612 2325 1690; baseline 0.001 -24"><span class='ocrx_word' id='word_1_158' title='bbox 744 1622 850 1675; x_wconf 87' lang='lat' dir='ltr'><strong>est,</strong></span> <span class='ocrx_word' id='word_1_159' title='bbox 904 1613 1152 1682; x_wconf 59' lang='lat' dir='ltr'><strong>praeibat,</strong></span> <span class='ocrx_word' id='word_1_160' title='bbox 1202 1612 1387 1669; x_wconf 77' lang='lat' dir='ltr'><strong>ferens</strong></span> <span class='ocrx_word' id='word_1_161' title='bbox 1421 1613 1768 1683; x_wconf 86' lang='lat' dir='ltr'><strong>imperatoris</strong></span> <span class='ocrx_word' id='word_1_162' title='bbox 1804 1613 2018 1669; x_wconf 91' lang='lat' dir='ltr'><strong>clavam</strong></span> <span class='ocrx_word' id='word_1_163' title='bbox 2063 1614 2116 1668; x_wconf 91' lang='lat' dir='ltr'><strong>in</strong></span> <span class='ocrx_word' id='word_1_164' title='bbox 2163 1614 2325 1690; x_wconf 73' lang='lat'><strong>232</strong></span> 
     </span>
    </p>
   </div>
   <div class='ocr_carea' id='block_1_25' title="bbox 745 1702 2324 1775">
    <p class='ocr_par' dir='ltr' id='par_1_25' title="bbox 745 1702 2324 1775">
     <span class='ocr_line' id='line_1_25' title="bbox 745 1702 2324 1775; baseline 0 -19"><span class='ocrx_word' id='word_1_165' title='bbox 745 1703 965 1775; x_wconf 84' lang='lat' dir='ltr'><strong>cingulo</strong></span> <span class='ocrx_word' id='word_1_166' title='bbox 990 1721 1004 1768; x_wconf 90' lang='lat'><strong>;</strong></span> <span class='ocrx_word' id='word_1_167' title='bbox 1032 1703 1351 1757; x_wconf 84' lang='lat' dir='ltr'><strong>barducium</strong></span> <span class='ocrx_word' id='word_1_168' title='bbox 1380 1718 1513 1758; x_wconf 89' lang='lat' dir='ltr'><strong>usus</strong></span> <span class='ocrx_word' id='word_1_169' title='bbox 1542 1712 1721 1757; x_wconf 85' lang='lat' dir='ltr'><strong>vocat.</strong></span> <span class='ocrx_word' id='word_1_170' title='bbox 1752 1702 1913 1759; x_wconf 86' lang='lat' dir='ltr'><strong>Edito</strong></span> <span class='ocrx_word' id='word_1_171' title='bbox 1940 1718 2071 1759; x_wconf 89' lang='lat' dir='ltr'><strong>vero</strong></span> <span class='ocrx_word' id='word_1_172' title='bbox 2096 1705 2324 1774; x_wconf 88' lang='lat' dir='ltr'><strong>strepitu</strong></span> 
     </span>
    </p>
   </div>
   <div class='ocr_carea' id='block_1_26' title="bbox 746 1792 2325 1862">
    <p class='ocr_par' dir='ltr' id='par_1_26' title="bbox 746 1792 2325 1862">
     <span class='ocr_line' id='line_1_26' title="bbox 746 1792 2325 1862; baseline -0.001 -15"><span class='ocrx_word' id='word_1_173' title='bbox 746 1809 776 1847; x_wconf 90' lang='lat' dir='ltr'><strong>a</strong></span> <span class='ocrx_word' id='word_1_174' title='bbox 822 1792 1132 1847; x_wconf 75' lang='lat' dir='ltr'><strong>venantium</strong></span> <span class='ocrx_word' id='word_1_175' title='bbox 1169 1792 1349 1857; x_wconf 86' lang='lat' dir='ltr'><strong>turba,</strong></span> <span class='ocrx_word' id='word_1_176' title='bbox 1398 1792 1561 1861; x_wconf 86' lang='lat' dir='ltr'><strong>lupus</strong></span> <span class='ocrx_word' id='word_1_177' title='bbox 1593 1807 1754 1862; x_wconf 86' lang='lat' dir='ltr'><strong>quam</strong></span> <span class='ocrx_word' id='word_1_178' title='bbox 1798 1793 2072 1847; x_wconf 80' lang='lat' dir='ltr'><strong>maximus</strong></span> <span class='ocrx_word' id='word_1_179' title='bbox 2117 1810 2149 1848; x_wconf 87' lang='lat' dir='ltr'><strong>e</strong></span> <span class='ocrx_word' id='word_1_180' title='bbox 2192 1794 2325 1849; x_wconf 83' lang='lat' dir='ltr'><strong>silva</strong></span> 
     </span>
    </p>
   </div>
   <div class='ocr_carea' id='block_1_27' title="bbox 745 1883 2325 1953">
    <p class='ocr_par' dir='ltr' id='par_1_27' title="bbox 745 1883 2325 1953">
     <span class='ocr_line' id='line_1_27' title="bbox 745 1883 2325 1953; baseline 0.003 -18"><span class='ocrx_word' id='word_1_181' title='bbox 745 1883 945 1953; x_wconf 80' lang='lat' dir='ltr'><strong>erupit,</strong></span> <span class='ocrx_word' id='word_1_182' title='bbox 980 1893 1039 1939; x_wconf 94' lang='lat' dir='ltr'><strong>ut</strong></span> <span class='ocrx_word' id='word_1_183' title='bbox 1059 1899 1249 1940; x_wconf 89' lang='lat' dir='ltr'><strong>omnes</strong></span> <span class='ocrx_word' id='word_1_184' title='bbox 1282 1884 1398 1939; x_wconf 75' lang='lat' dir='ltr'><strong>fere</strong></span> <span class='ocrx_word' id='word_1_185' title='bbox 1428 1885 1707 1940; x_wconf 86' lang='lat' dir='ltr'><strong>conterriti</strong></span> <span class='ocrx_word' id='word_1_186' title='bbox 1738 1885 2116 1940; x_wconf 87' lang='lat' dir='ltr'><strong>turbarentur.</strong></span> <span class='ocrx_word' id='word_1_187' title='bbox 2149 1884 2325 1941; x_wconf 88' lang='lat' dir='ltr'><strong>Porro</strong></span> 
     </span>
    </p>
   </div>
   <div class='ocr_carea' id='block_1_28' title="bbox 748 1977 2327 2049">
    <p class='ocr_par' dir='ltr' id='par_1_28' title="bbox 748 1977 2327 2049">
     <span class='ocr_line' id='line_1_28' title="bbox 748 1977 2327 2049; baseline 0.002 -19"><span class='ocrx_word' id='word_1_188' title='bbox 748 1977 982 2033; x_wconf 86' lang='lat' dir='ltr'><strong>Basillus</strong></span> <span class='ocrx_word' id='word_1_189' title='bbox 1011 1979 1215 2046; x_wconf 83' lang='lat' dir='ltr'><strong>impetu</strong></span> <span class='ocrx_word' id='word_1_190' title='bbox 1242 1977 1297 2031; x_wconf 89' lang='lat' dir='ltr'><strong>in</strong></span> <span class='ocrx_word' id='word_1_191' title='bbox 1327 1992 1449 2032; x_wconf 91' lang='lat' dir='ltr'><strong>eum</strong></span> <span class='ocrx_word' id='word_1_192' title='bbox 1486 1978 1721 2043; x_wconf 90' lang='lat' dir='ltr'><strong>irruens,</strong></span> <span class='ocrx_word' id='word_1_193' title='bbox 1754 1977 2126 2049; x_wconf 89' lang='lat' dir='ltr'><strong>barducioque</strong></span> <span class='ocrx_word' id='word_1_194' title='bbox 2158 1979 2327 2049; x_wconf 85' lang='lat' dir='ltr'><strong>impc-</strong></span> 
     </span>
    </p>
   </div>
   <div class='ocr_carea' id='block_1_29' title="bbox 747 2067 2329 2139">
    <p class='ocr_par' dir='ltr' id='par_1_29' title="bbox 747 2067 2329 2139">
     <span class='ocr_line' id='line_1_29' title="bbox 747 2067 2329 2139; baseline 0.001 -16"><span class='ocrx_word' id='word_1_195' title='bbox 747 2072 948 2125; x_wconf 87' lang='lat' dir='ltr'><strong>ratoris</strong></span> <span class='ocrx_word' id='word_1_196' title='bbox 978 2085 1010 2125; x_wconf 87' lang='lat' dir='ltr'><strong>a</strong></span> <span class='ocrx_word' id='word_1_197' title='bbox 1047 2080 1202 2139; x_wconf 78' lang='lat' dir='ltr'><strong>tergo</strong></span> <span class='ocrx_word' id='word_1_198' title='bbox 1231 2067 1499 2137; x_wconf 87' lang='lat' dir='ltr'><strong>projeclo,</strong></span> <span class='ocrx_word' id='word_1_199' title='bbox 1536 2076 1701 2139; x_wconf 86' lang='lat' dir='ltr'><strong>caput</strong></span> <span class='ocrx_word' id='word_1_200' title='bbox 1727 2069 1968 2138; x_wconf 79' lang='lat' dir='ltr'><strong>medium</strong></span> <span class='ocrx_word' id='word_1_201' title='bbox 2005 2068 2130 2125; x_wconf 82' lang='lat' dir='ltr'><strong>l‘erit</strong></span> <span class='ocrx_word' id='word_1_202' title='bbox 2166 2071 2329 2125; x_wconf 86' lang='lat' dir='ltr'><strong>duas-</strong></span> 
     </span>
    </p>
   </div>
   <div class='ocr_carea' id='block_1_30' title="bbox 745 2161 2322 2234">
    <p class='ocr_par' dir='ltr' id='par_1_30' title="bbox 745 2161 2322 2234">
     <span class='ocr_line' id='line_1_30' title="bbox 745 2161 2322 2234; baseline 0.001 -18"><span class='ocrx_word' id='word_1_203' title='bbox 745 2179 851 2233; x_wconf 85' lang='lat' dir='ltr'><strong>que</strong></span> <span class='ocrx_word' id='word_1_204' title='bbox 874 2164 926 2217; x_wconf 91' lang='lat' dir='ltr'><strong>in</strong></span> <span class='ocrx_word' id='word_1_205' title='bbox 968 2173 1149 2232; x_wconf 84' lang='lat' dir='ltr'><strong>partes</strong></span> <span class='ocrx_word' id='word_1_206' title='bbox 1175 2161 1421 2217; x_wconf 82' lang='lat' dir='ltr'><strong>difﬁndit.</strong></span> <span class='ocrx_word' id='word_1_207' title='bbox 1454 2161 1640 2217; x_wconf 63' lang='lat' dir='ltr'><strong>Cassar</strong></span> <span class='ocrx_word' id='word_1_208' title='bbox 1669 2177 1809 2231; x_wconf 90' lang='lat' dir='ltr'><strong>pone</strong></span> <span class='ocrx_word' id='word_1_209' title='bbox 1845 2163 2223 2234; x_wconf 84' lang='lat' dir='ltr'><strong>imperatorem</strong></span> <span class='ocrx_word' id='word_1_210' title='bbox 2259 2178 2322 2218; x_wconf 74' lang='lat' dir='ltr'><strong>ex</strong></span> 
     </span>
    </p>
   </div>
   <div class='ocr_carea' id='block_1_31' title="bbox 749 2254 2325 2325">
    <p class='ocr_par' dir='ltr' id='par_1_31' title="bbox 749 2254 2325 2325">
     <span class='ocr_line' id='line_1_31' title="bbox 749 2254 2325 2325; baseline 0.001 -17"><span class='ocrx_word' id='word_1_211' title='bbox 749 2270 899 2308; x_wconf 87' lang='lat' dir='ltr'><strong>more</strong></span> <span class='ocrx_word' id='word_1_212' title='bbox 932 2254 1214 2317; x_wconf 86' lang='lat' dir='ltr'><strong>incedens,</strong></span> <span class='ocrx_word' id='word_1_213' title='bbox 1270 2268 1495 2323; x_wconf 88' lang='lat' dir='ltr'><strong>remque</strong></span> <span class='ocrx_word' id='word_1_214' title='bbox 1530 2254 1899 2323; x_wconf 90' lang='lat' dir='ltr'><strong>conspicatus,</strong></span> <span class='ocrx_word' id='word_1_215' title='bbox 1941 2255 2007 2309; x_wconf 91' lang='lat' dir='ltr'><strong>ad</strong></span> <span class='ocrx_word' id='word_1_216' title='bbox 2057 2256 2325 2325; x_wconf 91' lang='lat' dir='ltr'><strong>quosdam</strong></span> 
     </span>
    </p>
   </div>
   <div class='ocr_carea' id='block_1_32' title="bbox 746 2345 2327 2416">
    <p class='ocr_par' dir='ltr' id='par_1_32' title="bbox 746 2345 2327 2416">
     <span class='ocr_line' id='line_1_32' title="bbox 746 2345 2327 2416; baseline -0.002 -14"><span class='ocrx_word' id='word_1_217' title='bbox 746 2347 1051 2403; x_wconf 87' lang='lat' dir='ltr'><strong>amicorum</strong></span> <span class='ocrx_word' id='word_1_218' title='bbox 1078 2361 1143 2401; x_wconf 85' lang='lat' dir='ltr'><strong>ac</strong></span> <span class='ocrx_word' id='word_1_219' title='bbox 1170 2346 1629 2410; x_wconf 86' lang='lat' dir='ltr'><strong>necessariorum,</strong></span> <span class='ocrx_word' id='word_1_220' title='bbox 1665 2345 1757 2416; x_wconf 89' lang='lat' dir='ltr'><strong>qui</strong></span> <span class='ocrx_word' id='word_1_221' title='bbox 1785 2345 1861 2400; x_wconf 91' lang='lat' dir='ltr'><strong>illi</strong></span> <span class='ocrx_word' id='word_1_222' title='bbox 1890 2346 2119 2402; x_wconf 83' lang='lat' dir='ltr'><strong>comites</strong></span> <span class='ocrx_word' id='word_1_223' title='bbox 2149 2357 2327 2409; x_wconf 87' lang='lat' dir='ltr'><strong>erant,</strong></span> 
     </span>
    </p>
   </div>
   <div class='ocr_carea' id='block_1_33' title="bbox 746 2437 2329 2508">
    <p class='ocr_par' dir='ltr' id='par_1_33' title="bbox 746 2437 2329 2508">
     <span class='ocr_line' id='line_1_33' title="bbox 746 2437 2329 2508; baseline -0.001 -13"><span class='ocrx_word' id='word_1_224' title='bbox 746 2442 862 2495; x_wconf 88' lang='lat' dir='ltr'><strong>ait:</strong></span> <span class='ocrx_word' id='word_1_225' title='bbox 924 2440 1173 2492; x_wconf 77' lang='lat' dir='ltr'><strong>Arbitror</strong></span> <span class='ocrx_word' id='word_1_226' title='bbox 1230 2439 1401 2492; x_wconf 86' lang='lat' dir='ltr'><strong>virum</strong></span> <span class='ocrx_word' id='word_1_227' title='bbox 1450 2437 1588 2490; x_wconf 82' lang='lat' dir='ltr'><strong>hunc</strong></span> <span class='ocrx_word' id='word_1_228' title='bbox 1634 2438 1804 2491; x_wconf 76' lang='lat' dir='ltr'><strong>omnis</strong></span> <span class='ocrx_word' id='word_1_229' title='bbox 1856 2447 2053 2491; x_wconf 80' lang='lat' dir='ltr'><strong>nostra:</strong></span> <span class='ocrx_word' id='word_1_230' title='bbox 2108 2437 2329 2508; x_wconf 77' lang='lat' dir='ltr'><strong>familia:</strong></span> 
     </span>
    </p>
   </div>
   <div class='ocr_carea' id='block_1_34' title="bbox 746 2530 2330 2602">
    <p class='ocr_par' dir='ltr' id='par_1_34' title="bbox 746 2530 2330 2602">
     <span class='ocr_line' id='line_1_34' title="bbox 746 2530 2330 2602; baseline -0.001 -13"><span class='ocrx_word' id='word_1_231' title='bbox 746 2534 967 2589; x_wconf 79' lang='lat' dir='ltr'><strong>exitium</strong></span> <span class='ocrx_word' id='word_1_232' title='bbox 1010 2532 1144 2601; x_wconf 74' lang='lat' dir='ltr'><strong>fore.</strong></span> <span class='ocrx_word' id='word_1_233' title='bbox 1188 2530 1330 2586; x_wconf 80' lang='lat' dir='ltr'><strong>Hinc</strong></span> <span class='ocrx_word' id='word_1_234' title='bbox 1365 2530 1510 2586; x_wconf 91' lang='lat' dir='ltr'><strong>enim</strong></span> <span class='ocrx_word' id='word_1_235' title='bbox 1554 2531 1903 2601; x_wconf 86' lang='lat' dir='ltr'><strong>conjiciebat,</strong></span> <span class='ocrx_word' id='word_1_236' title='bbox 1937 2532 2082 2602; x_wconf 88' lang='lat' dir='ltr'><strong>quod</strong></span> <span class='ocrx_word' id='word_1_237' title='bbox 2132 2540 2330 2587; x_wconf 91' lang='lat' dir='ltr'><strong>cuncta</strong></span> 
     </span>
    </p>
   </div>
   <div class='ocr_carea' id='block_1_35' title="bbox 748 2623 2328 2695">
    <p class='ocr_par' dir='ltr' id='par_1_35' title="bbox 748 2623 2328 2695">
     <span class='ocr_line' id='line_1_35' title="bbox 748 2623 2328 2695; baseline -0.001 -14"><span class='ocrx_word' id='word_1_238' title='bbox 748 2628 823 2681; x_wconf 92' lang='lat' dir='ltr'><strong>illi</strong></span> <span class='ocrx_word' id='word_1_239' title='bbox 862 2642 928 2682; x_wconf 79' lang='lat' dir='ltr'><strong>ex</strong></span> <span class='ocrx_word' id='word_1_240' title='bbox 962 2636 1091 2681; x_wconf 89' lang='lat' dir='ltr'><strong>voto</strong></span> <span class='ocrx_word' id='word_1_241' title='bbox 1124 2640 1187 2681; x_wconf 81' lang='lat' dir='ltr'><strong>ac</strong></span> <span class='ocrx_word' id='word_1_242' title='bbox 1238 2639 1499 2695; x_wconf 85' lang='lat' dir='ltr'><strong>prospere</strong></span> <span class='ocrx_word' id='word_1_243' title='bbox 1546 2623 1831 2690; x_wconf 86' lang='lat' dir='ltr'><strong>cederent,</strong></span> <span class='ocrx_word' id='word_1_244' title='bbox 1867 2624 2123 2694; x_wconf 87' lang='lat' dir='ltr'><strong>quodque</strong></span> <span class='ocrx_word' id='word_1_245' title='bbox 2153 2626 2234 2680; x_wconf 90' lang='lat' dir='ltr'><strong>sic</strong></span> <span class='ocrx_word' id='word_1_246' title='bbox 2274 2626 2328 2679; x_wconf 88' lang='lat' dir='ltr'><strong>in</strong></span> 
     </span>
    </p>
   </div>
   <div class='ocr_carea' id='block_1_36' title="bbox 750 2714 2328 2786">
    <p class='ocr_par' dir='ltr' id='par_1_36' title="bbox 750 2714 2328 2786">
     <span class='ocr_line' id='line_1_36' title="bbox 750 2714 2328 2786; baseline -0.001 -13"><span class='ocrx_word' id='word_1_247' title='bbox 750 2734 876 2773; x_wconf 87' lang='lat' dir='ltr'><strong>cum</strong></span> <span class='ocrx_word' id='word_1_248' title='bbox 911 2733 978 2773; x_wconf 79' lang='lat' dir='ltr'><strong>ex</strong></span> <span class='ocrx_word' id='word_1_249' title='bbox 1011 2732 1072 2772; x_wconf 91' lang='lat' dir='ltr'><strong>ea</strong></span> <span class='ocrx_word' id='word_1_250' title='bbox 1099 2715 1425 2772; x_wconf 78' lang='lat' dir='ltr'><strong>dexteritate</strong></span> <span class='ocrx_word' id='word_1_251' title='bbox 1456 2730 1519 2770; x_wconf 93' lang='lat' dir='ltr'><strong>ac</strong></span> <span class='ocrx_word' id='word_1_252' title='bbox 1548 2714 1809 2770; x_wconf 78' lang='lat' dir='ltr'><strong>felicitate</strong></span> <span class='ocrx_word' id='word_1_253' title='bbox 1840 2716 2187 2786; x_wconf 86' lang='lat' dir='ltr'><strong>imperatoris</strong></span> <span class='ocrx_word' id='word_1_254' title='bbox 2206 2718 2328 2772; x_wconf 79' lang='lat' dir='ltr'><strong>ani-</strong></span> 
     </span>
    </p>
   </div>
   <div class='ocr_carea' id='block_1_37' title="bbox 750 2808 2328 2883">
    <p class='ocr_par' dir='ltr' id='par_1_37' title="bbox 750 2808 2328 2883">
     <span class='ocr_line' id='line_1_37' title="bbox 750 2808 2328 2883; baseline -0.001 -16"><span class='ocrx_word' id='word_1_255' title='bbox 750 2828 871 2868; x_wconf 92' lang='lat' dir='ltr'><strong>mus</strong></span> <span class='ocrx_word' id='word_1_256' title='bbox 916 2826 1225 2883; x_wconf 84' lang='lat' dir='ltr'><strong>propensus</strong></span> <span class='ocrx_word' id='word_1_257' title='bbox 1268 2819 1433 2867; x_wconf 89' lang='lat' dir='ltr'><strong>esset.</strong></span> <span class='ocrx_word' id='word_1_258' title='bbox 1487 2808 1674 2880; x_wconf 81' lang='lat' dir='ltr'><strong>Neque</strong></span> <span class='ocrx_word' id='word_1_259' title='bbox 1706 2821 1930 2879; x_wconf 88' lang='lat' dir='ltr'><strong>propter</strong></span> <span class='ocrx_word' id='word_1_260' title='bbox 1971 2810 2076 2865; x_wconf 87' lang='lat' dir='ltr'><strong>hoc</strong></span> <span class='ocrx_word' id='word_1_261' title='bbox 2126 2812 2328 2876; x_wconf 83' lang='lat' dir='ltr'><strong>solum,</strong></span> 
     </span>
    </p>
   </div>
   <div class='ocr_carea' id='block_1_38' title="bbox 749 2901 2329 2975">
    <p class='ocr_par' dir='ltr' id='par_1_38' title="bbox 749 2901 2329 2975">
     <span class='ocr_line' id='line_1_38' title="bbox 749 2901 2329 2975; baseline -0.001 -15"><span class='ocrx_word' id='word_1_262' title='bbox 749 2906 842 2960; x_wconf 91' lang='lat' dir='ltr'><strong>sed</strong></span> <span class='ocrx_word' id='word_1_263' title='bbox 890 2904 1036 2975; x_wconf 90' lang='lat' dir='ltr'><strong>quod</strong></span> <span class='ocrx_word' id='word_1_264' title='bbox 1073 2904 1262 2968; x_wconf 89' lang='lat' dir='ltr'><strong>etiam,</strong></span> <span class='ocrx_word' id='word_1_265' title='bbox 1310 2912 1368 2959; x_wconf 89' lang='lat' dir='ltr'><strong>ut</strong></span> <span class='ocrx_word' id='word_1_266' title='bbox 1397 2902 1574 2969; x_wconf 83' lang='lat' dir='ltr'><strong>aiunt,</strong></span> <span class='ocrx_word' id='word_1_267' title='bbox 1606 2918 1636 2957; x_wconf 88' lang='lat' dir='ltr'><strong>a</strong></span> <span class='ocrx_word' id='word_1_268' title='bbox 1674 2901 1859 2958; x_wconf 87' lang='lat' dir='ltr'><strong>Leone</strong></span> <span class='ocrx_word' id='word_1_269' title='bbox 1884 2941 1901 2968; x_wconf 90' lang='lat'><strong>,</strong></span> <span class='ocrx_word' id='word_1_270' title='bbox 1933 2902 2052 2957; x_wconf 89' lang='lat' dir='ltr'><strong>viro</strong></span> <span class='ocrx_word' id='word_1_271' title='bbox 2094 2903 2147 2957; x_wconf 89' lang='lat' dir='ltr'><strong>in</strong></span> <span class='ocrx_word' id='word_1_272' title='bbox 2179 2905 2329 2958; x_wconf 89' lang='lat' dir='ltr'><strong>omni</strong></span> 
     </span>
    </p>
   </div>
   <div class='ocr_carea' id='block_1_39' title="bbox 750 2994 2329 3069">
    <p class='ocr_par' dir='ltr' id='par_1_39' title="bbox 750 2994 2329 3069">
     <span class='ocr_line' id='line_1_39' title="bbox 750 2994 2329 3069; baseline -0.003 -15"><span class='ocrx_word' id='word_1_273' title='bbox 750 2998 1033 3069; x_wconf 84' lang='lat' dir='ltr'><strong>sapientiae</strong></span> <span class='ocrx_word' id='word_1_274' title='bbox 1076 3011 1274 3067; x_wconf 80' lang='lat' dir='ltr'><strong>genere</strong></span> <span class='ocrx_word' id='word_1_275' title='bbox 1308 2995 1520 3066; x_wconf 89' lang='lat' dir='ltr'><strong>primas</strong></span> <span class='ocrx_word' id='word_1_276' title='bbox 1562 2994 1865 3061; x_wconf 85' lang='lat' dir='ltr'><strong>obtinente,</strong></span> <span class='ocrx_word' id='word_1_277' title='bbox 1902 2994 2176 3059; x_wconf 85' lang='lat' dir='ltr'><strong>audierat,</strong></span> <span class='ocrx_word' id='word_1_278' title='bbox 2203 3010 2329 3050; x_wconf 92' lang='lat' dir='ltr'><strong>cum</strong></span> 
     </span>
    </p>
   </div>
   <div class='ocr_carea' id='block_1_40' title="bbox 750 3086 2330 3159">
    <p class='ocr_par' dir='ltr' id='par_1_40' title="bbox 750 3086 2330 3159">
     <span class='ocr_line' id='line_1_40' title="bbox 750 3086 2330 3159; baseline -0.003 -13"><span class='ocrx_word' id='word_1_279' title='bbox 750 3108 817 3147; x_wconf 77' lang='lat' dir='ltr'><strong>ex</strong></span> <span class='ocrx_word' id='word_1_280' title='bbox 847 3092 940 3145; x_wconf 91' lang='lat' dir='ltr'><strong>illo</strong></span> <span class='ocrx_word' id='word_1_281' title='bbox 966 3091 1164 3159; x_wconf 70' lang='lat' dir='ltr'><strong>saepius</strong></span> <span class='ocrx_word' id='word_1_282' title='bbox 1186 3088 1524 3154; x_wconf 86' lang='lat' dir='ltr'><strong>sciscitatur,</strong></span> <span class='ocrx_word' id='word_1_283' title='bbox 1558 3086 1801 3140; x_wconf 88' lang='lat' dir='ltr'><strong>Primum</strong></span> <span class='ocrx_word' id='word_1_284' title='bbox 1830 3104 1862 3141; x_wconf 93' lang='lat' dir='ltr'><strong>a</strong></span> <span class='ocrx_word' id='word_1_285' title='bbox 1896 3087 2125 3157; x_wconf 78' lang='lat' dir='ltr'><strong>quodam</strong></span> <span class='ocrx_word' id='word_1_286' title='bbox 2139 3086 2330 3155; x_wconf 84' lang='lat' dir='ltr'><strong>juvene</strong></span> 
     </span>
    </p>
   </div>
   <div class='ocr_carea' id='block_1_41' title="bbox 2506 1426 4014 1502">
    <p class='ocr_par' dir='ltr' id='par_1_41' title="bbox 2506 1426 4014 1502">
     <span class='ocr_line' id='line_1_41' title="bbox 2506 1426 4014 1502; baseline -0.005 -18"><span class='ocrx_word' id='word_1_287' title='bbox 2506 1431 2589 1485; x_wconf 82' lang='grc' dir='ltr'><strong>ιδ’.</strong></span> <span class='ocrx_word' id='word_1_288' title='bbox 2641 1432 2797 1486; x_wconf 83' lang='grc' dir='ltr'><strong>Μετὰ</strong></span> <span class='ocrx_word' id='word_1_289' title='bbox 2845 1432 2902 1486; x_wconf 81' lang='grc' dir='ltr'><strong>δὲ</strong></span> <span class='ocrx_word' id='word_1_290' title='bbox 2955 1431 3129 1485; x_wconf 83' lang='grc' dir='ltr'><strong>ταῦτα</strong></span> <span class='ocrx_word' id='word_1_291' title='bbox 3174 1430 3499 1502; x_wconf 76' lang='grc' dir='ltr'><strong>κυνηγεσίου</strong></span> <span class='ocrx_word' id='word_1_292' title='bbox 3548 1426 4014 1499; x_wconf 78' lang='grc' dir='ltr'><strong>καταγγελθέντος</strong></span> 
     </span>
    </p>
   </div>
   <div class='ocr_carea' id='block_1_42' title="bbox 2433 1518 4016 1595">
    <p class='ocr_par' dir='ltr' id='par_1_42' title="bbox 2433 1518 4016 1595">
     <span class='ocr_line' id='line_1_42' title="bbox 2433 1518 4016 1595; baseline -0.004 -19"><span class='ocrx_word' id='word_1_293' title='bbox 2433 1524 2512 1587; x_wconf 81' lang='grc' dir='ltr'><strong>είς</strong></span> <span class='ocrx_word' id='word_1_294' title='bbox 2547 1524 2607 1576; x_wconf 85' lang='grc' dir='ltr'><strong>τὸ</strong></span> <span class='ocrx_word' id='word_1_295' title='bbox 2642 1523 2936 1595; x_wconf 86' lang='grc' dir='ltr'><strong>λεγόμενον</strong></span> <span class='ocrx_word' id='word_1_296' title='bbox 2976 1523 3300 1578; x_wconf 78' lang='grc' dir='ltr'><strong>Φιλοπάτιον</strong></span> <span class='ocrx_word' id='word_1_297' title='bbox 3326 1564 3341 1588; x_wconf 91' lang='grc'><strong>,</strong></span> <span class='ocrx_word' id='word_1_298' title='bbox 3394 1518 3463 1593; x_wconf 74' lang='grc' dir='ltr'><strong>ἦν</strong></span> <span class='ocrx_word' id='word_1_299' title='bbox 3507 1522 3534 1573; x_wconf 87' lang='grc' dir='ltr'><strong>ὁ</strong></span> <span class='ocrx_word' id='word_1_300' title='bbox 3566 1519 4016 1592; x_wconf 55' lang='grc' dir='ltr'><strong>πρωτοστρτὴωρ</strong></span> 
     </span>
    </p>
   </div>
   <div class='ocr_carea' id='block_1_43' title="bbox 2434 1610 4017 1686">
    <p class='ocr_par' dir='ltr' id='par_1_43' title="bbox 2434 1610 4017 1686">
     <span class='ocr_line' id='line_1_43' title="bbox 2434 1610 4017 1686; baseline -0.005 -16"><span class='ocrx_word' id='word_1_301' title='bbox 2434 1616 2576 1670; x_wconf 66' lang='grc' dir='ltr'><strong>κατὰ</strong></span> <span class='ocrx_word' id='word_1_302' title='bbox 2628 1616 2721 1669; x_wconf 84' lang='grc' dir='ltr'><strong>τὸν</strong></span> <span class='ocrx_word' id='word_1_303' title='bbox 2773 1616 2944 1670; x_wconf 84' lang='grc' dir='ltr'><strong>τύπον</strong></span> <span class='ocrx_word' id='word_1_304' title='bbox 2995 1615 3088 1670; x_wconf 81' lang='grc' dir='ltr'><strong>τοῦ</strong></span> <span class='ocrx_word' id='word_1_305' title='bbox 3143 1615 3404 1686; x_wconf 78' lang='grc' dir='ltr'><strong>βασιλέως</strong></span> <span class='ocrx_word' id='word_1_306' title='bbox 3459 1612 3936 1683; x_wconf 77' lang='grc' dir='ltr'><strong>προπορευὸμενος</strong></span> <span class='ocrx_word' id='word_1_307' title='bbox 3970 1610 4017 1640; x_wconf 79' lang='grc'><strong><em>⁸⁸</em></strong></span> 
     </span>
    </p>
   </div>
   <div class='ocr_carea' id='block_1_44' title="bbox 2434 1698 4017 1777">
    <p class='ocr_par' dir='ltr' id='par_1_44' title="bbox 2434 1698 4017 1777">
     <span class='ocr_line' id='line_1_44' title="bbox 2434 1698 4017 1777; baseline -0.006 -17"><span class='ocrx_word' id='word_1_308' title='bbox 2434 1707 2689 1777; x_wconf 75' lang='grc' dir='ltr'><strong>ἔφιππος,</strong></span> <span class='ocrx_word' id='word_1_309' title='bbox 2726 1707 3025 1777; x_wconf 75' lang='grc' dir='ltr'>ἐπεφέρετο</span> <span class='ocrx_word' id='word_1_310' title='bbox 3056 1706 3113 1759; x_wconf 82' lang='grc' dir='ltr'><strong>δὲ</strong></span> <span class='ocrx_word' id='word_1_311' title='bbox 3148 1706 3243 1759; x_wconf 71' lang='grc' dir='ltr'><strong>καὶ</strong></span> <span class='ocrx_word' id='word_1_312' title='bbox 3285 1705 3347 1758; x_wconf 80' lang='grc' dir='ltr'><strong>τὸ</strong></span> <span class='ocrx_word' id='word_1_313' title='bbox 3382 1703 3618 1777; x_wconf 76' lang='grc' dir='ltr'><strong>ῥόπαλον</strong></span> <span class='ocrx_word' id='word_1_314' title='bbox 3649 1703 3709 1755; x_wconf 74' lang='grc' dir='ltr'><strong>τὸ</strong></span> <span class='ocrx_word' id='word_1_315' title='bbox 3732 1698 4017 1771; x_wconf 74' lang='grc' dir='ltr'><strong>βασιλικδν</strong></span> 
     </span>
    </p>
   </div>
   <div class='ocr_carea' id='block_1_45' title="bbox 2360 1792 4015 1890">
    <p class='ocr_par' dir='ltr' id='par_1_45' title="bbox 2360 1792 4015 1890">
     <span class='ocr_line' id='line_1_45' title="bbox 2360 1792 4015 1890; baseline -0.006 -35"><span class='ocrx_word' id='word_1_316' title='bbox 2360 1834 2402 1890; x_wconf 74' lang='grc' dir='ltr'><strong><em>Β</em></strong></span> <span class='ocrx_word' id='word_1_317' title='bbox 2433 1802 2526 1854; x_wconf 74' lang='grc' dir='ltr'><strong>ἐπὶ</strong></span> <span class='ocrx_word' id='word_1_318' title='bbox 2570 1802 2671 1871; x_wconf 81' lang='grc' dir='ltr'><strong>τῆς</strong></span> <span class='ocrx_word' id='word_1_319' title='bbox 2719 1801 2898 1871; x_wconf 82' lang='grc' dir='ltr'><strong>ζώνης</strong></span> <span class='ocrx_word' id='word_1_320' title='bbox 2931 1800 3117 1865; x_wconf 78' lang='grc' dir='ltr'><strong>αὑτοῦ,</strong></span> <span class='ocrx_word' id='word_1_321' title='bbox 3166 1799 3194 1851; x_wconf 83' lang='grc' dir='ltr'><strong>ὃ</strong></span> <span class='ocrx_word' id='word_1_322' title='bbox 3239 1798 3561 1869; x_wconf 82' lang='grc' dir='ltr'><strong>βαρδούκιον</strong></span> <span class='ocrx_word' id='word_1_323' title='bbox 3608 1792 3715 1849; x_wconf 78' lang='grc' dir='ltr'><strong>οἶδε</strong></span> <span class='ocrx_word' id='word_1_324' title='bbox 3764 1792 4015 1890; x_wconf 54' lang='grc' dir='ltr'><strong>καλείνὴ</strong></span> 
     </span>
    </p>
   </div>
   <div class='ocr_carea' id='block_1_46' title="bbox 2432 1884 4017 1962">
    <p class='ocr_par' dir='ltr' id='par_1_46' title="bbox 2432 1884 4017 1962">
     <span class='ocr_line' id='line_1_46' title="bbox 2432 1884 4017 1962; baseline -0.007 -18"><span class='ocrx_word' id='word_1_325' title='bbox 2432 1892 2707 1961; x_wconf 75' lang='grc' dir='ltr'><strong>συνήθεια.</strong></span> <span class='ocrx_word' id='word_1_326' title='bbox 2741 1890 2985 1962; x_wconf 81' lang='grc' dir='ltr'><strong>Θορύϐου</strong></span> <span class='ocrx_word' id='word_1_327' title='bbox 3017 1890 3076 1943; x_wconf 84' lang='grc' dir='ltr'><strong>δὲ</strong></span> <span class='ocrx_word' id='word_1_328' title='bbox 3121 1889 3438 1959; x_wconf 84' lang='grc' dir='ltr'><strong>κινουμένου</strong></span> <span class='ocrx_word' id='word_1_329' title='bbox 3480 1888 3589 1940; x_wconf 77' lang='grc' dir='ltr'><strong>ἀπὸ</strong></span> <span class='ocrx_word' id='word_1_330' title='bbox 3623 1886 3733 1939; x_wconf 83' lang='grc' dir='ltr'><strong>τῶν</strong></span> <span class='ocrx_word' id='word_1_331' title='bbox 3763 1884 4017 1953; x_wconf 79' lang='grc' dir='ltr'><strong>συμπλη-</strong></span> 
     </span>
    </p>
   </div>
   <div class='ocr_carea' id='block_1_47' title="bbox 2434 1976 4014 2055">
    <p class='ocr_par' dir='ltr' id='par_1_47' title="bbox 2434 1976 4014 2055">
     <span class='ocr_line' id='line_1_47' title="bbox 2434 1976 4014 2055; baseline -0.001 -18"><span class='ocrx_word' id='word_1_332' title='bbox 2434 1986 2671 2054; x_wconf 87' lang='grc' dir='ltr'><strong>ρούντων</strong></span> <span class='ocrx_word' id='word_1_333' title='bbox 2709 1983 2769 2038; x_wconf 85' lang='grc' dir='ltr'><strong>τὸ</strong></span> <span class='ocrx_word' id='word_1_334' title='bbox 2801 1983 3148 2055; x_wconf 86' lang='grc' dir='ltr'><strong>κυνηγέσιον,</strong></span> <span class='ocrx_word' id='word_1_335' title='bbox 3181 1982 3430 2052; x_wconf 75' lang='grc' dir='ltr'><strong>ἐξέθορεν</strong></span> <span class='ocrx_word' id='word_1_336' title='bbox 3457 1983 3521 2035; x_wconf 82' lang='grc' dir='ltr'><strong>ὲκ</strong></span> <span class='ocrx_word' id='word_1_337' title='bbox 3548 1980 3646 2051; x_wconf 83' lang='grc' dir='ltr'><strong>τῆς</strong></span> <span class='ocrx_word' id='word_1_338' title='bbox 3677 1978 3813 2048; x_wconf 80' lang='grc' dir='ltr'><strong>ὕλης</strong></span> <span class='ocrx_word' id='word_1_339' title='bbox 3843 1976 4014 2036; x_wconf 73' lang='grc' dir='ltr'><strong>λύκθς</strong></span> 
     </span>
    </p>
   </div>
   <div class='ocr_carea' id='block_1_48' title="bbox 2431 2068 4017 2148">
    <p class='ocr_par' dir='ltr' id='par_1_48' title="bbox 2431 2068 4017 2148">
     <span class='ocr_line' id='line_1_48' title="bbox 2431 2068 4017 2148; baseline -0.006 -17"><span class='ocrx_word' id='word_1_340' title='bbox 2431 2078 2981 2148; x_wconf 74' lang='grc' dir='ltr'><strong>παμμεγεθέστατος,</strong></span> <span class='ocrx_word' id='word_1_341' title='bbox 3030 2076 3171 2131; x_wconf 82' lang='grc' dir='ltr'><strong>ὥστε</strong></span> <span class='ocrx_word' id='word_1_342' title='bbox 3214 2075 3402 2146; x_wconf 76' lang='grc' dir='ltr'><strong>σχεδὸν</strong></span> <span class='ocrx_word' id='word_1_343' title='bbox 3435 2074 3647 2135; x_wconf 84' lang='grc' dir='ltr'><strong>πάντας</strong></span> <span class='ocrx_word' id='word_1_344' title='bbox 3680 2068 4017 2138; x_wconf 81' lang='grc' dir='ltr'><strong>διαπτοηθῆ-</strong></span> 
     </span>
    </p>
   </div>
   <div class='ocr_carea' id='block_1_49' title="bbox 2429 2161 4016 2240">
    <p class='ocr_par' dir='ltr' id='par_1_49' title="bbox 2429 2161 4016 2240">
     <span class='ocr_line' id='line_1_49' title="bbox 2429 2161 4016 2240; baseline -0.008 -18"><span class='ocrx_word' id='word_1_345' title='bbox 2429 2188 2516 2224; x_wconf 91' lang='grc' dir='ltr'><strong>ναι</strong></span> <span class='ocrx_word' id='word_1_346' title='bbox 2575 2170 2667 2223; x_wconf 73' lang='grc' dir='ltr'><strong>καὶ</strong></span> <span class='ocrx_word' id='word_1_347' title='bbox 2715 2170 2797 2232; x_wconf 85' lang='grc' dir='ltr'><strong>εἰς</strong></span> <span class='ocrx_word' id='word_1_348' title='bbox 2833 2169 3081 2240; x_wconf 82' lang='grc' dir='ltr'><strong>ταραχὴν</strong></span> <span class='ocrx_word' id='word_1_349' title='bbox 3110 2169 3396 2238; x_wconf 74' lang='grc' dir='ltr'><strong>ἐμπεσεῖν.</strong></span> <span class='ocrx_word' id='word_1_350' title='bbox 3459 2164 3739 2234; x_wconf 84' lang='grc' dir='ltr'><strong>Ὀρμήσας</strong></span> <span class='ocrx_word' id='word_1_351' title='bbox 3785 2161 3843 2213; x_wconf 82' lang='grc' dir='ltr'><strong>δὲ</strong></span> <span class='ocrx_word' id='word_1_352' title='bbox 3891 2161 4016 2212; x_wconf 85' lang='grc' dir='ltr'><strong>κατ’</strong></span> 
     </span>
    </p>
   </div>
   <div class='ocr_carea' id='block_1_50' title="bbox 2430 2249 4016 2331">
    <p class='ocr_par' dir='ltr' id='par_1_50' title="bbox 2430 2249 4016 2331">
     <span class='ocr_line' id='line_1_50' title="bbox 2430 2249 4016 2331; baseline -0.009 -15"><span class='ocrx_word' id='word_1_353' title='bbox 2430 2260 2595 2316; x_wconf 83' lang='grc' dir='ltr'><strong>αὑτοῦ</strong></span> <span class='ocrx_word' id='word_1_354' title='bbox 2628 2264 2656 2315; x_wconf 92' lang='lat'><strong>6</strong></span> <span class='ocrx_word' id='word_1_355' title='bbox 2689 2261 2987 2327; x_wconf 81' lang='grc' dir='ltr'><strong>Βασίλειος,</strong></span> <span class='ocrx_word' id='word_1_356' title='bbox 3046 2261 3140 2314; x_wconf 79' lang='grc' dir='ltr'><strong>καὶ</strong></span> <span class='ocrx_word' id='word_1_357' title='bbox 3194 2260 3355 2331; x_wconf 73' lang='grc' dir='ltr'><strong>ῥίψας</strong></span> <span class='ocrx_word' id='word_1_358' title='bbox 3392 2254 3677 2322; x_wconf 72' lang='grc' dir='ltr'><strong>ἐξόπισθεν</strong></span> <span class='ocrx_word' id='word_1_359' title='bbox 3704 2252 3764 2307; x_wconf 77' lang='grc' dir='ltr'><strong>τὸ</strong></span> <span class='ocrx_word' id='word_1_360' title='bbox 3801 2249 4016 2321; x_wconf 81' lang='grc' dir='ltr'><strong>βασιλι-</strong></span> 
     </span>
    </p>
   </div>
   <div class='ocr_carea' id='block_1_51' title="bbox 2430 2342 4019 2426">
    <p class='ocr_par' dir='ltr' id='par_1_51' title="bbox 2430 2342 4019 2426">
     <span class='ocr_line' id='line_1_51' title="bbox 2430 2342 4019 2426; baseline -0.007 -18"><span class='ocrx_word' id='word_1_361' title='bbox 2430 2354 2526 2408; x_wconf 86' lang='grc' dir='ltr'><strong>κδν</strong></span> <span class='ocrx_word' id='word_1_362' title='bbox 2558 2353 2896 2426; x_wconf 82' lang='grc' dir='ltr'><strong>βαρδούκιον,</strong></span> <span class='ocrx_word' id='word_1_363' title='bbox 2927 2353 3084 2424; x_wconf 73' lang='grc' dir='ltr'><strong>ἔτυχε</strong></span> <span class='ocrx_word' id='word_1_364' title='bbox 3119 2350 3211 2405; x_wconf 80' lang='grc' dir='ltr'><strong>τοῦ</strong></span> <span class='ocrx_word' id='word_1_365' title='bbox 3243 2350 3434 2422; x_wconf 88' lang='grc' dir='ltr'><strong>θηρίου</strong></span> <span class='ocrx_word' id='word_1_366' title='bbox 3468 2348 3608 2403; x_wconf 83' lang='grc' dir='ltr'><strong>κατὰ</strong></span> <span class='ocrx_word' id='word_1_367' title='bbox 3635 2346 3697 2399; x_wconf 81' lang='grc' dir='ltr'><strong>τὸ</strong></span> <span class='ocrx_word' id='word_1_368' title='bbox 3728 2346 3895 2414; x_wconf 84' lang='grc' dir='ltr'><strong>μέσον</strong></span> <span class='ocrx_word' id='word_1_369' title='bbox 3913 2342 4019 2411; x_wconf 77' lang='grc' dir='ltr'><strong>τῆς</strong></span> 
     </span>
    </p>
   </div>
   <div class='ocr_carea' id='block_1_52' title="bbox 2431 2434 4019 2516">
    <p class='ocr_par' dir='ltr' id='par_1_52' title="bbox 2431 2434 4019 2516">
     <span class='ocr_line' id='line_1_52' title="bbox 2431 2434 4019 2516; baseline -0.01 -16"><span class='ocrx_word' id='word_1_370' title='bbox 2431 2445 2675 2516; x_wconf 81' lang='grc' dir='ltr'><strong>κεφαλῆς</strong></span> <span class='ocrx_word' id='word_1_371' title='bbox 2724 2444 2821 2499; x_wconf 76' lang='grc' dir='ltr'><strong>καὶ</strong></span> <span class='ocrx_word' id='word_1_372' title='bbox 2876 2442 3081 2510; x_wconf 80' lang='grc' dir='ltr'><strong>ταύτην</strong></span> <span class='ocrx_word' id='word_1_373' title='bbox 3129 2440 3536 2512; x_wconf 83' lang='grc' dir='ltr'><strong>ὲδιχοτόμησεν.</strong></span> <span class='ocrx_word' id='word_1_374' title='bbox 3597 2437 3655 2490; x_wconf 90' lang='grc' dir='ltr'>Ὀ</span> <span class='ocrx_word' id='word_1_375' title='bbox 3699 2434 3756 2488; x_wconf 80' lang='grc' dir='ltr'><strong>δὲ</strong></span> <span class='ocrx_word' id='word_1_376' title='bbox 3795 2436 4019 2501; x_wconf 72' lang='grc' dir='ltr'><strong>Καίσαρ</strong></span> 
     </span>
    </p>
   </div>
   <div class='ocr_carea' id='block_1_53' title="bbox 2430 2526 4019 2605">
    <p class='ocr_par' dir='ltr' id='par_1_53' title="bbox 2430 2526 4019 2605">
     <span class='ocr_line' id='line_1_53' title="bbox 2430 2526 4019 2605; baseline -0.006 -15"><span class='ocrx_word' id='word_1_377' title='bbox 2430 2535 2654 2591; x_wconf 81' lang='grc' dir='ltr'><strong>ὄπισθεν</strong></span> <span class='ocrx_word' id='word_1_378' title='bbox 2686 2534 2780 2589; x_wconf 83' lang='grc' dir='ltr'><strong>τοῦ</strong></span> <span class='ocrx_word' id='word_1_379' title='bbox 2818 2534 3083 2605; x_wconf 84' lang='grc' dir='ltr'><strong>βασιλέως</strong></span> <span class='ocrx_word' id='word_1_380' title='bbox 3122 2534 3263 2587; x_wconf 82' lang='grc' dir='ltr'><strong>κατὰ</strong></span> <span class='ocrx_word' id='word_1_381' title='bbox 3308 2532 3368 2585; x_wconf 80' lang='grc' dir='ltr'><strong>τὸ</strong></span> <span class='ocrx_word' id='word_1_382' title='bbox 3407 2530 3597 2592; x_wconf 78' lang='grc' dir='ltr'><strong>εἰωθὸς</strong></span> <span class='ocrx_word' id='word_1_383' title='bbox 3645 2526 4019 2596; x_wconf 73' lang='grc' dir='ltr'><strong>πορευόμενος</strong></span> 
     </span>
    </p>
   </div>
   <div class='ocr_carea' id='block_1_54' title="bbox 2431 2616 4019 2697">
    <p class='ocr_par' dir='ltr' id='par_1_54' title="bbox 2431 2616 4019 2697">
     <span class='ocr_line' id='line_1_54' title="bbox 2431 2616 4019 2697; baseline -0.009 -14"><span class='ocrx_word' id='word_1_384' title='bbox 2431 2630 2525 2683; x_wconf 82' lang='grc' dir='ltr'><strong>καὶ</strong></span> <span class='ocrx_word' id='word_1_385' title='bbox 2568 2628 2629 2683; x_wconf 85' lang='grc' dir='ltr'><strong>τὸ</strong></span> <span class='ocrx_word' id='word_1_386' title='bbox 2672 2628 2897 2697; x_wconf 79' lang='grc' dir='ltr'><strong>γεγονὸς</strong></span> <span class='ocrx_word' id='word_1_387' title='bbox 2943 2626 3279 2696; x_wconf 80' lang='grc' dir='ltr'><strong>θεασάμενος</strong></span> <span class='ocrx_word' id='word_1_388' title='bbox 3332 2620 3455 2677; x_wconf 79' lang='grc' dir='ltr'><strong>εἷπε</strong></span> <span class='ocrx_word' id='word_1_389' title='bbox 3513 2622 3653 2691; x_wconf 80' lang='grc' dir='ltr'><strong>πρός</strong></span> <span class='ocrx_word' id='word_1_390' title='bbox 3701 2636 3857 2681; x_wconf 88' lang='grc' dir='ltr'><strong>τινας</strong></span> <span class='ocrx_word' id='word_1_391' title='bbox 3904 2616 4019 2670; x_wconf 79' lang='grc' dir='ltr'><strong>τῶν</strong></span> 
     </span>
    </p>
   </div>
   <div class='ocr_carea' id='block_1_55' title="bbox 2433 2706 4019 2793">
    <p class='ocr_par' dir='ltr' id='par_1_55' title="bbox 2433 2706 4019 2793">
     <span class='ocr_line' id='line_1_55' title="bbox 2433 2706 4019 2793; baseline -0.009 -20"><span class='ocrx_word' id='word_1_392' title='bbox 2433 2719 2821 2793; x_wconf 79' lang='grc' dir='ltr'><strong>συνεπομένων</strong></span> <span class='ocrx_word' id='word_1_393' title='bbox 2846 2718 3093 2788; x_wconf 87' lang='grc' dir='ltr'><strong>συνήθων</strong></span> <span class='ocrx_word' id='word_1_394' title='bbox 3117 2717 3286 2770; x_wconf 79' lang='grc' dir='ltr'><strong>αὐτοῦ</strong></span> <span class='ocrx_word' id='word_1_395' title='bbox 3312 2716 3405 2769; x_wconf 79' lang='grc' dir='ltr'><strong>καὶ</strong></span> <span class='ocrx_word' id='word_1_396' title='bbox 3428 2714 3709 2783; x_wconf 78' lang='grc' dir='ltr'><strong>γνωστῶν,</strong></span> <span class='ocrx_word' id='word_1_397' title='bbox 3739 2712 3821 2765; x_wconf 86' lang='grc' dir='ltr'><strong>ὅτι</strong></span> <span class='ocrx_word' id='word_1_398' title='bbox 3842 2706 4019 2778; x_wconf 77' lang='grc' dir='ltr'><strong>Οἶμαι</strong></span> 
     </span>
    </p>
   </div>
   <div class='ocr_carea' id='block_1_56' title="bbox 2432 2802 4024 2881">
    <p class='ocr_par' dir='ltr' id='par_1_56' title="bbox 2432 2802 4024 2881">
     <span class='ocr_line' id='line_1_56' title="bbox 2432 2802 4024 2881; baseline -0.009 -14"><span class='ocrx_word' id='word_1_399' title='bbox 2432 2812 2638 2881; x_wconf 78' lang='grc' dir='ltr'><strong>πάσης</strong></span> <span class='ocrx_word' id='word_1_400' title='bbox 2688 2810 2800 2881; x_wconf 82' lang='grc' dir='ltr'><strong>τῆς</strong></span> <span class='ocrx_word' id='word_1_401' title='bbox 2855 2810 3067 2881; x_wconf 76' lang='grc' dir='ltr'><strong>γενεᾶς</strong></span> <span class='ocrx_word' id='word_1_402' title='bbox 3112 2808 3282 2879; x_wconf 83' lang='grc' dir='ltr'><strong>ἡμῶν</strong></span> <span class='ocrx_word' id='word_1_403' title='bbox 3333 2808 3449 2875; x_wconf 81' lang='grc' dir='ltr'><strong>τὴν</strong></span> <span class='ocrx_word' id='word_1_404' title='bbox 3514 2806 3856 2861; x_wconf 64' lang='grc' dir='ltr'><strong>κατάλυσιν</strong></span> <span class='ocrx_word' id='word_1_405' title='bbox 3911 2802 4024 2855; x_wconf 72' lang='grc' dir='ltr'><strong>τὸν</strong></span> 
     </span>
    </p>
   </div>
   <div class='ocr_carea' id='block_1_57' title="bbox 2431 2892 4024 2978">
    <p class='ocr_par' dir='ltr' id='par_1_57' title="bbox 2431 2892 4024 2978">
     <span class='ocr_line' id='line_1_57' title="bbox 2431 2892 4024 2978; baseline -0.009 -19"><span class='ocrx_word' id='word_1_406' title='bbox 2431 2907 2747 2978; x_wconf 76' lang='grc' dir='ltr'><strong>ἄνθρωπον</strong></span> <span class='ocrx_word' id='word_1_407' title='bbox 2770 2904 2992 2959; x_wconf 77' lang='grc' dir='ltr'><strong>τοῦτον</strong></span> <span class='ocrx_word' id='word_1_408' title='bbox 3002 2904 3258 2974; x_wconf 74' lang='grc' dir='ltr'><strong>μέλλειν</strong></span> <span class='ocrx_word' id='word_1_409' title='bbox 3282 2900 3664 2972; x_wconf 58' lang='grc' dir='ltr'><strong>γενήσεσθαι·</strong></span> <span class='ocrx_word' id='word_1_410' title='bbox 3691 2892 4024 2963; x_wconf 78' lang='grc' dir='ltr'><strong>κατεστοχά-</strong></span> 
     </span>
    </p>
   </div>
   <div class='ocr_carea' id='block_1_58' title="bbox 2433 2988 4021 3071">
    <p class='ocr_par' dir='ltr' id='par_1_58' title="bbox 2433 2988 4021 3071">
     <span class='ocr_line' id='line_1_58' title="bbox 2433 2988 4021 3071; baseline -0.012 -16"><span class='ocrx_word' id='word_1_411' title='bbox 2433 3001 2557 3065; x_wconf 74' lang='grc' dir='ltr'><strong>ζετο</strong></span> <span class='ocrx_word' id='word_1_412' title='bbox 2595 2999 2704 3071; x_wconf 81' lang='grc' dir='ltr'><strong>γὰρ</strong></span> <span class='ocrx_word' id='word_1_413' title='bbox 2749 2999 2843 3053; x_wconf 67' lang='grc' dir='ltr'><strong>καὶ</strong></span> <span class='ocrx_word' id='word_1_414' title='bbox 2877 3000 2937 3052; x_wconf 64' lang='grc' dir='ltr'><strong>τ’)</strong></span> <span class='ocrx_word' id='word_1_415' title='bbox 2964 2999 3009 3030; x_wconf 83' lang='grc'><strong>⁸⁷</strong></span> <span class='ocrx_word' id='word_1_416' title='bbox 3046 2997 3185 3065; x_wconf 68' lang='grc' dir='ltr'><strong>πρὸς</strong></span> <span class='ocrx_word' id='word_1_417' title='bbox 3216 2998 3395 3050; x_wconf 83' lang='grc' dir='ltr'><strong>πάντα</strong></span> <span class='ocrx_word' id='word_1_418' title='bbox 3436 2993 3629 3048; x_wconf 79' lang='grc' dir='ltr'><strong>τούτου</strong></span> <span class='ocrx_word' id='word_1_419' title='bbox 3670 2988 3930 3057; x_wconf 70' lang='grc' dir='ltr'><strong>ἒπιτυχές</strong></span> <span class='ocrx_word' id='word_1_420' title='bbox 3961 3004 4021 3037; x_wconf 87' lang='grc' dir='ltr'><strong>τ;</strong></span> 
     </span>
    </p>
   </div>
   <div class='ocr_carea' id='block_1_59' title="bbox 2433 3078 4025 3162">
    <p class='ocr_par' dir='ltr' id='par_1_59' title="bbox 2433 3078 4025 3162">
     <span class='ocr_line' id='line_1_59' title="bbox 2433 3078 4025 3162; baseline -0.012 -15"><span class='ocrx_word' id='word_1_421' title='bbox 2433 3094 2527 3148; x_wconf 72' lang='grc' dir='ltr'><strong>καὶ</strong></span> <span class='ocrx_word' id='word_1_422' title='bbox 2556 3092 2782 3162; x_wconf 83' lang='grc' dir='ltr'><strong>εὐτυχὲς</strong></span> <span class='ocrx_word' id='word_1_423' title='bbox 2807 3093 2901 3144; x_wconf 67' lang='grc' dir='ltr'><strong>καὶ</strong></span> <span class='ocrx_word' id='word_1_424' title='bbox 2932 3090 3031 3160; x_wconf 81' lang='grc' dir='ltr'><strong>τὴν</strong></span> <span class='ocrx_word' id='word_1_425' title='bbox 3050 3089 3137 3142; x_wconf 79' lang='grc' dir='ltr'><strong>διὰ</strong></span> <span class='ocrx_word' id='word_1_426' title='bbox 3159 3088 3334 3141; x_wconf 73' lang='grc' dir='ltr'><strong>ταῦτα</strong></span> <span class='ocrx_word' id='word_1_427' title='bbox 3356 3085 3449 3139; x_wconf 80' lang='grc' dir='ltr'><strong>τοῦ</strong></span> <span class='ocrx_word' id='word_1_428' title='bbox 3483 3081 3745 3155; x_wconf 65' lang='grc' dir='ltr'><strong>βασιλέως</strong></span> <span class='ocrx_word' id='word_1_429' title='bbox 3775 3078 4025 3133; x_wconf 78' lang='grc' dir='ltr'><strong>διάθεσιν</strong></span> 
     </span>
    </p>
   </div>
   <div class='ocr_carea' id='block_1_60' title="bbox 751 3169 2335 3254">
    <p class='ocr_par' dir='ltr' id='par_1_60' title="bbox 751 3179 2333 3254">
     <span class='ocr_line' id='line_1_60' title="bbox 751 3179 2333 3254; baseline -0.001 -17"><span class='ocrx_word' id='word_1_430' title='bbox 751 3184 1016 3254; x_wconf 72' lang='lat' dir='ltr'><strong>familiam</strong></span> <span class='ocrx_word' id='word_1_431' title='bbox 1045 3192 1268 3237; x_wconf 82' lang='lat' dir='ltr'><strong>vestram</strong></span> <span class='ocrx_word' id='word_1_432' title='bbox 1283 3198 1523 3235; x_wconf 80' lang='lat' dir='ltr'><strong>eversum</strong></span> <span class='ocrx_word' id='word_1_433' title='bbox 1545 3181 1613 3235; x_wconf 87' lang='lat' dir='ltr'><strong>iri</strong></span> <span class='ocrx_word' id='word_1_434' title='bbox 1643 3181 1867 3235; x_wconf 86' lang='lat' dir='ltr'><strong>invenio.</strong></span> <span class='ocrx_word' id='word_1_435' title='bbox 1907 3179 2110 3236; x_wconf 87' lang='lat' dir='ltr'><strong>Deinde</strong></span> <span class='ocrx_word' id='word_1_436' title='bbox 2137 3181 2333 3235; x_wconf 85' lang='lat' dir='ltr'><strong>clario-</strong></span> 
     </span>
    </p>
   </div>
   <div class='ocr_carea' id='block_1_61' title="bbox 2438 3169 4024 3254">
    <p class='ocr_par' dir='ltr' id='par_1_61' title="bbox 2438 3169 4024 3253">
     <span class='ocr_line' id='line_1_61' title="bbox 2438 3169 4024 3253; baseline -0.012 -14"><span class='ocrx_word' id='word_1_437' title='bbox 2438 3186 2574 3253; x_wconf 69' lang='grc' dir='ltr'><strong>πρὸς</strong></span> <span class='ocrx_word' id='word_1_438' title='bbox 2612 3183 2798 3237; x_wconf 80' lang='grc' dir='ltr'><strong>αὐτόν.</strong></span> <span class='ocrx_word' id='word_1_439' title='bbox 2845 3183 2919 3235; x_wconf 79' lang='grc' dir='ltr'><strong>Οὐ</strong></span> <span class='ocrx_word' id='word_1_440' title='bbox 2950 3181 3109 3251; x_wconf 87' lang='grc' dir='ltr'><strong>μόνον</strong></span> <span class='ocrx_word' id='word_1_441' title='bbox 3135 3181 3212 3243; x_wconf 86' lang='grc' dir='ltr'><strong>δὲ,</strong></span> <span class='ocrx_word' id='word_1_442' title='bbox 3256 3178 3394 3233; x_wconf 77' lang='grc' dir='ltr'><strong>ἀλλὰ</strong></span> <span class='ocrx_word' id='word_1_443' title='bbox 3440 3176 3534 3230; x_wconf 76' lang='grc' dir='ltr'><strong>καὶ</strong></span> <span class='ocrx_word' id='word_1_444' title='bbox 3583 3173 3736 3244; x_wconf 68' lang='grc' dir='ltr'><strong>παρὰ</strong></span> <span class='ocrx_word' id='word_1_445' title='bbox 3786 3169 4024 3231; x_wconf 79' lang='grc' dir='ltr'><strong>Λέοντός</strong></span> 
     </span>
    </p>
   </div>
   <div class='ocr_carea' id='block_1_62' title="bbox 753 3273 2331 3342">
    <p class='ocr_par' dir='ltr' id='par_1_62' title="bbox 753 3273 2331 3342">
     <span class='ocr_line' id='line_1_62' title="bbox 753 3273 2331 3342; baseline -0.001 -11"><span class='ocrx_word' id='word_1_446' title='bbox 753 3277 796 3331; x_wconf 88' lang='lat' dir='ltr'><strong>ri</strong></span> <span class='ocrx_word' id='word_1_447' title='bbox 863 3275 1057 3331; x_wconf 79' lang='lat' dir='ltr'><strong>effecto</strong></span> <span class='ocrx_word' id='word_1_448' title='bbox 1087 3275 1305 3339; x_wconf 86' lang='lat' dir='ltr'><strong>Basilio,</strong></span> <span class='ocrx_word' id='word_1_449' title='bbox 1329 3275 1492 3329; x_wconf 91' lang='lat' dir='ltr'><strong>etiam</strong></span> <span class='ocrx_word' id='word_1_450' title='bbox 1526 3275 1736 3329; x_wconf 87' lang='lat' dir='ltr'><strong>intento</strong></span> <span class='ocrx_word' id='word_1_451' title='bbox 1758 3273 1930 3342; x_wconf 81' lang='lat' dir='ltr'><strong>digito</strong></span> <span class='ocrx_word' id='word_1_452' title='bbox 1949 3273 2153 3329; x_wconf 59' lang='lat' dir='ltr'><strong>Caesari</strong></span> <span class='ocrx_word' id='word_1_453' title='bbox 2177 3289 2331 3329; x_wconf 91' lang='lat' dir='ltr'><strong>mon—</strong></span> 
     </span>
    </p>
   </div>
   <div class='ocr_carea' id='block_1_63' title="bbox 752 3366 2333 3434">
    <p class='ocr_par' dir='ltr' id='par_1_63' title="bbox 752 3366 2333 3434">
     <span class='ocr_line' id='line_1_63' title="bbox 752 3366 2333 3434; baseline -0.003 -10"><span class='ocrx_word' id='word_1_454' title='bbox 752 3379 981 3434; x_wconf 88' lang='lat' dir='ltr'><strong>strasse,</strong></span> <span class='ocrx_word' id='word_1_455' title='bbox 1014 3367 1267 3432; x_wconf 87' lang='lat' dir='ltr'><strong>dicendo,</strong></span> <span class='ocrx_word' id='word_1_456' title='bbox 1309 3366 1413 3419; x_wconf 84' lang='lat' dir='ltr'><strong>Hic</strong></span> <span class='ocrx_word' id='word_1_457' title='bbox 1436 3374 1512 3421; x_wconf 83' lang='lat' dir='ltr'><strong>est</strong></span> <span class='ocrx_word' id='word_1_458' title='bbox 1544 3381 1694 3434; x_wconf 85' lang='lat' dir='ltr'><strong>quem</strong></span> <span class='ocrx_word' id='word_1_459' title='bbox 1725 3374 1953 3419; x_wconf 75' lang='lat' dir='ltr'><strong>vestram</strong></span> <span class='ocrx_word' id='word_1_460' title='bbox 1983 3381 2333 3420; x_wconf 73' lang='lat' dir='ltr'><strong>successorem</strong></span> 
     </span>
    </p>
   </div>
   <div class='ocr_carea' id='block_1_64' title="bbox 752 3456 2335 3529">
    <p class='ocr_par' dir='ltr' id='par_1_64' title="bbox 752 3456 2335 3529">
     <span class='ocr_line' id='line_1_64' title="bbox 752 3456 2335 3529; baseline -0.004 -13"><span class='ocrx_word' id='word_1_461' title='bbox 752 3463 992 3516; x_wconf 85' lang='lat' dir='ltr'><strong>dicebam</strong></span> <span class='ocrx_word' id='word_1_462' title='bbox 1016 3460 1148 3529; x_wconf 78' lang='lat' dir='ltr'><strong>fore.</strong></span> <span class='ocrx_word' id='word_1_463' title='bbox 1177 3457 1332 3513; x_wconf 88' lang='lat' dir='ltr'><strong>Unde</strong></span> <span class='ocrx_word' id='word_1_464' title='bbox 1357 3459 1519 3513; x_wconf 89' lang='lat' dir='ltr'><strong>etiam</strong></span> <span class='ocrx_word' id='word_1_465' title='bbox 1544 3467 1861 3526; x_wconf 88' lang='lat' dir='ltr'><strong>suspectum</strong></span> <span class='ocrx_word' id='word_1_466' title='bbox 1892 3456 2186 3519; x_wconf 82' lang='lat' dir='ltr'><strong>habebant,</strong></span> <span class='ocrx_word' id='word_1_467' title='bbox 2214 3459 2335 3511; x_wconf 85' lang='lat' dir='ltr'><strong>nul-</strong></span> 
     </span>
    </p>
   </div>
   <div class='ocr_carea' id='block_1_65' title="bbox 755 3547 2333 3622">
    <p class='ocr_par' dir='ltr' id='par_1_65' title="bbox 755 3547 2333 3622">
     <span class='ocr_line' id='line_1_65' title="bbox 755 3547 2333 3622; baseline -0.003 -17"><span class='ocrx_word' id='word_1_468' title='bbox 755 3555 980 3622; x_wconf 86' lang='lat' dir='ltr'><strong>lutnque</strong></span> <span class='ocrx_word' id='word_1_469' title='bbox 1029 3554 1189 3605; x_wconf 79' lang='lat' dir='ltr'><strong>linem</strong></span> <span class='ocrx_word' id='word_1_470' title='bbox 1227 3549 1456 3604; x_wconf 86' lang='lat' dir='ltr'><strong>insidias</strong></span> <span class='ocrx_word' id='word_1_471' title='bbox 1494 3547 1699 3603; x_wconf 89' lang='lat' dir='ltr'><strong>Basilio</strong></span> <span class='ocrx_word' id='word_1_472' title='bbox 1732 3547 1981 3602; x_wconf 88' lang='lat' dir='ltr'><strong>struendi</strong></span> <span class='ocrx_word' id='word_1_473' title='bbox 2020 3547 2203 3602; x_wconf 59' lang='grc' dir='ltr'><strong>ϐαθείη-</strong></span> <span class='ocrx_word' id='word_1_474' title='bbox 2252 3548 2333 3601; x_wconf 81' lang='lat' dir='ltr'><strong>fa-</strong></span> 
     </span>
    </p>
   </div>
   <div class='ocr_carea' id='block_1_66' title="bbox 754 3638 2336 3713">
    <p class='ocr_par' dir='ltr' id='par_1_66' title="bbox 754 3638 2336 3713">
     <span class='ocr_line' id='line_1_66' title="bbox 754 3638 2336 3713; baseline -0.004 -13"><span class='ocrx_word' id='word_1_475' title='bbox 754 3646 957 3708; x_wconf 89' lang='lat' dir='ltr'><strong>ciebat,</strong></span> <span class='ocrx_word' id='word_1_476' title='bbox 1004 3658 1317 3713; x_wconf 88' lang='lat' dir='ltr'><strong>quanquam</strong></span> <span class='ocrx_word' id='word_1_477' title='bbox 1362 3641 1499 3695; x_wconf 89' lang='lat' dir='ltr'><strong>nihil</strong></span> <span class='ocrx_word' id='word_1_478' title='bbox 1550 3641 1641 3695; x_wconf 94' lang='lat' dir='ltr'><strong>ille</strong></span> <span class='ocrx_word' id='word_1_479' title='bbox 1687 3640 1899 3693; x_wconf 90' lang='lat' dir='ltr'><strong>irritum</strong></span> <span class='ocrx_word' id='word_1_480' title='bbox 1944 3638 2123 3695; x_wconf 84' lang='lat' dir='ltr'><strong>facere</strong></span> <span class='ocrx_word' id='word_1_481' title='bbox 2160 3640 2336 3709; x_wconf 90' lang='lat' dir='ltr'><strong>potuit</strong></span> 
     </span>
    </p>
   </div>
   <div class='ocr_carea' id='block_1_67' title="bbox 754 3732 2333 3805">
    <p class='ocr_par' dir='ltr' id='par_1_67' title="bbox 754 3732 2333 3805">
     <span class='ocr_line' id='line_1_67' title="bbox 754 3732 2333 3805; baseline -0.003 -12"><span class='ocrx_word' id='word_1_482' title='bbox 754 3754 947 3793; x_wconf 86' lang='lat' dir='ltr'><strong>eorum</strong></span> <span class='ocrx_word' id='word_1_483' title='bbox 966 3751 1090 3805; x_wconf 72' lang='lat' dir='ltr'><strong>quae</strong></span> <span class='ocrx_word' id='word_1_484' title='bbox 1108 3736 1289 3791; x_wconf 87' lang='lat' dir='ltr'><strong>divina</strong></span> <span class='ocrx_word' id='word_1_485' title='bbox 1313 3736 1589 3789; x_wconf 85' lang='lat' dir='ltr'><strong>voluntate</strong></span> <span class='ocrx_word' id='word_1_486' title='bbox 1605 3734 1821 3788; x_wconf 91' lang='lat' dir='ltr'><strong>decreta</strong></span> <span class='ocrx_word' id='word_1_487' title='bbox 1846 3743 2022 3787; x_wconf 92' lang='lat' dir='ltr'><strong>erant.</strong></span> <span class='ocrx_word' id='word_1_488' title='bbox 2050 3732 2168 3787; x_wconf 88' lang='lat' dir='ltr'><strong>Non</strong></span> <span class='ocrx_word' id='word_1_489' title='bbox 2188 3734 2333 3789; x_wconf 91' lang='lat' dir='ltr'><strong>enim</strong></span> 
     </span>
    </p>
   </div>
   <div class='ocr_carea' id='block_1_68' title="bbox 757 3826 2333 3899">
    <p class='ocr_par' dir='ltr' id='par_1_68' title="bbox 757 3826 2333 3899">
     <span class='ocr_line' id='line_1_68' title="bbox 757 3826 2333 3899; baseline -0.004 -12"><span class='ocrx_word' id='word_1_490' title='bbox 757 3833 837 3887; x_wconf 88' lang='lat' dir='ltr'><strong>sic</strong></span> <span class='ocrx_word' id='word_1_491' title='bbox 862 3831 1232 3899; x_wconf 83' lang='lat' dir='ltr'><strong>inexspectata</strong></span> <span class='ocrx_word' id='word_1_492' title='bbox 1266 3836 1322 3882; x_wconf 80' lang='lat' dir='ltr'><strong>ut</strong></span> <span class='ocrx_word' id='word_1_493' title='bbox 1349 3842 1563 3896; x_wconf 89' lang='lat' dir='ltr'><strong>semper</strong></span> <span class='ocrx_word' id='word_1_494' title='bbox 1589 3827 1956 3881; x_wconf 88' lang='lat' dir='ltr'><strong>ineluctabilis</strong></span> <span class='ocrx_word' id='word_1_495' title='bbox 1983 3834 2066 3881; x_wconf 88' lang='lat' dir='ltr'><strong>est</strong></span> <span class='ocrx_word' id='word_1_496' title='bbox 2094 3826 2333 3881; x_wconf 78' lang='lat' dir='ltr'><strong>latorum</strong></span> 
     </span>
    </p>
   </div>
   <div class='ocr_carea' id='block_1_69' title="bbox 756 3917 2334 3991">
    <p class='ocr_par' dir='ltr' id='par_1_69' title="bbox 756 3917 2334 3991">
     <span class='ocr_line' id='line_1_69' title="bbox 756 3917 2334 3991; baseline 0 -18"><span class='ocrx_word' id='word_1_497' title='bbox 756 3924 864 3978; x_wconf 77' lang='lat' dir='ltr'><strong>vis.</strong></span> <span class='ocrx_word' id='word_1_498' title='bbox 915 3922 981 3977; x_wconf 86' lang='lat' dir='ltr'><strong>Et</strong></span> <span class='ocrx_word' id='word_1_499' title='bbox 1022 3922 1139 3976; x_wconf 72' lang='lat' dir='ltr'><strong>haec</strong></span> <span class='ocrx_word' id='word_1_500' title='bbox 1169 3920 1410 3991; x_wconf 88' lang='lat' dir='ltr'><strong>quidem,</strong></span> <span class='ocrx_word' id='word_1_501' title='bbox 1458 3919 1559 3974; x_wconf 90' lang='lat' dir='ltr'><strong>etsi</strong></span> <span class='ocrx_word' id='word_1_502' title='bbox 1602 3917 1743 3973; x_wconf 80' lang='lat' dir='ltr'><strong>forte</strong></span> <span class='ocrx_word' id='word_1_503' title='bbox 1795 3934 1893 3988; x_wconf 87' lang='lat' dir='ltr'><strong>per</strong></span> <span class='ocrx_word' id='word_1_504' title='bbox 1938 3919 2334 3989; x_wconf 87' lang='lat' dir='ltr'><strong>digressionem</strong></span> 
     </span>
    </p>
   </div>
   <div class='ocr_carea' id='block_1_70' title="bbox 758 4015 1793 4078">
    <p class='ocr_par' dir='ltr' id='par_1_70' title="bbox 758 4015 1793 4078">
     <span class='ocr_line' id='line_1_70' title="bbox 758 4015 1793 4078; baseline -0.008 -7"><span class='ocrx_word' id='word_1_505' title='bbox 758 4015 902 4071; x_wconf 83' lang='lat' dir='ltr'><strong>dicta</strong></span> <span class='ocrx_word' id='word_1_506' title='bbox 938 4023 1090 4078; x_wconf 90' lang='lat' dir='ltr'><strong>sunt,</strong></span> <span class='ocrx_word' id='word_1_507' title='bbox 1120 4029 1229 4067; x_wconf 89' lang='lat' dir='ltr'><strong>non</strong></span> <span class='ocrx_word' id='word_1_508' title='bbox 1256 4022 1435 4067; x_wconf 88' lang='lat' dir='ltr'><strong>tamen</strong></span> <span class='ocrx_word' id='word_1_509' title='bbox 1471 4020 1624 4065; x_wconf 76' lang='lat' dir='ltr'><strong>extra</strong></span> <span class='ocrx_word' id='word_1_510' title='bbox 1659 4026 1793 4065; x_wconf 90' lang='lat' dir='ltr'><strong>rem.</strong></span> 
     </span>
    </p>
   </div>
   <div class='ocr_carea' id='block_1_71' title="bbox 2436 3262 4027 3348">
    <p class='ocr_par' dir='ltr' id='par_1_71' title="bbox 2436 3262 4027 3348">
     <span class='ocr_line' id='line_1_71' title="bbox 2436 3262 4027 3348; baseline -0.011 -16"><span class='ocrx_word' id='word_1_511' title='bbox 2436 3295 2567 3348; x_wconf 85' lang='grc' dir='ltr'><strong>φασι</strong></span> <span class='ocrx_word' id='word_1_512' title='bbox 2601 3278 2695 3330; x_wconf 70' lang='grc' dir='ltr'><strong>τοῦ</strong></span> <span class='ocrx_word' id='word_1_513' title='bbox 2721 3275 3023 3346; x_wconf 76' lang='grc' dir='ltr'><strong>τηνικαῦτα</strong></span> <span class='ocrx_word' id='word_1_514' title='bbox 3049 3275 3144 3328; x_wconf 61' lang='grc' dir='ltr'><strong>ἐπεὶ</strong></span> <span class='ocrx_word' id='word_1_515' title='bbox 3177 3272 3490 3341; x_wconf 79' lang='grc' dir='ltr'><strong>παντοδαπῇ</strong></span> <span class='ocrx_word' id='word_1_516' title='bbox 3526 3266 3688 3337; x_wconf 81' lang='grc' dir='ltr'><strong>σοφίᾳ</strong></span> <span class='ocrx_word' id='word_1_517' title='bbox 3707 3262 4027 3336; x_wconf 77' lang='grc' dir='ltr'><strong>πρωτεύον·</strong></span> 
     </span>
    </p>
   </div>
   <div class='ocr_carea' id='block_1_72' title="bbox 2434 3354 4027 3434">
    <p class='ocr_par' dir='ltr' id='par_1_72' title="bbox 2434 3354 4027 3434">
     <span class='ocr_line' id='line_1_72' title="bbox 2434 3354 4027 3434; baseline -0.011 -11"><span class='ocrx_word' id='word_1_518' title='bbox 2434 3388 2524 3433; x_wconf 89' lang='grc' dir='ltr'><strong>τος</strong></span> <span class='ocrx_word' id='word_1_519' title='bbox 2577 3367 2811 3423; x_wconf 81' lang='grc' dir='ltr'><strong>ἀκοῦσαι</strong></span> <span class='ocrx_word' id='word_1_520' title='bbox 2863 3367 3051 3430; x_wconf 72' lang='grc' dir='ltr'><strong>αὑτὸν,</strong></span> <span class='ocrx_word' id='word_1_521' title='bbox 3098 3367 3157 3418; x_wconf 82' lang='grc' dir='ltr'><strong>ὲν</strong></span> <span class='ocrx_word' id='word_1_522' title='bbox 3208 3364 3287 3434; x_wconf 82' lang='grc' dir='ltr'><strong>τῷ</strong></span> <span class='ocrx_word' id='word_1_523' title='bbox 3332 3361 3597 3422; x_wconf 80' lang='grc' dir='ltr'><strong>πολλάκις</strong></span> <span class='ocrx_word' id='word_1_524' title='bbox 3635 3357 3766 3427; x_wconf 72' lang='grc' dir='ltr'><strong>περὶ</strong></span> <span class='ocrx_word' id='word_1_525' title='bbox 3804 3354 4027 3409; x_wconf 75' lang='grc' dir='ltr'><strong>τούτων</strong></span> 
     </span>
    </p>
   </div>
   <div class='ocr_carea' id='block_1_73' title="bbox 2436 3448 4031 3529">
    <p class='ocr_par' dir='ltr' id='par_1_73' title="bbox 2436 3448 4031 3529">
     <span class='ocr_line' id='line_1_73' title="bbox 2436 3448 4031 3529; baseline -0.011 -14"><span class='ocrx_word' id='word_1_526' title='bbox 2436 3460 2803 3515; x_wconf 82' lang='grc' dir='ltr'><strong>πυνθάνεσθαι</strong></span> <span class='ocrx_word' id='word_1_527' title='bbox 2823 3460 2919 3512; x_wconf 76' lang='grc' dir='ltr'><strong>τοῦ</strong></span> <span class='ocrx_word' id='word_1_528' title='bbox 2953 3458 3167 3529; x_wconf 80' lang='grc' dir='ltr'><strong>ἀνδρὸς,</strong></span> <span class='ocrx_word' id='word_1_529' title='bbox 3198 3456 3394 3527; x_wconf 83' lang='grc' dir='ltr'><strong>πρῶτα</strong></span> <span class='ocrx_word' id='word_1_530' title='bbox 3428 3452 3547 3524; x_wconf 77' lang='grc' dir='ltr'><strong>μὲν,</strong></span> <span class='ocrx_word' id='word_1_531' title='bbox 3584 3452 3665 3503; x_wconf 81' lang='grc' dir='ltr'><strong>ὅτι</strong></span> <span class='ocrx_word' id='word_1_532' title='bbox 3709 3448 3856 3501; x_wconf 78' lang='grc' dir='ltr'><strong>’Υπὸ</strong></span> <span class='ocrx_word' id='word_1_533' title='bbox 3886 3463 4031 3501; x_wconf 60' lang='lat' dir='ltr'><strong>rem</strong></span> 
     </span>
    </p>
   </div>
   <div class='ocr_carea' id='block_1_74' title="bbox 2438 3538 4030 3619">
    <p class='ocr_par' dir='ltr' id='par_1_74' title="bbox 2438 3538 4030 3619">
     <span class='ocr_line' id='line_1_74' title="bbox 2438 3538 4030 3619; baseline -0.011 -10"><span class='ocrx_word' id='word_1_534' title='bbox 2438 3556 2659 3610; x_wconf 74' lang='lat' dir='ltr'><strong>rlaxov</strong></span> <span class='ocrx_word' id='word_1_535' title='bbox 2703 3552 2865 3617; x_wconf 81' lang='grc' dir='ltr'><strong>τινὸς</strong></span> <span class='ocrx_word' id='word_1_536' title='bbox 2893 3551 3155 3619; x_wconf 77' lang='grc' dir='ltr'><strong>εὑρίσκω</strong></span> <span class='ocrx_word' id='word_1_537' title='bbox 3183 3548 3298 3616; x_wconf 80' lang='grc' dir='ltr'><strong>τὴν</strong></span> <span class='ocrx_word' id='word_1_538' title='bbox 3327 3545 3671 3601; x_wconf 70' lang='grc' dir='ltr'><strong>κατάλυσιν</strong></span> <span class='ocrx_word' id='word_1_539' title='bbox 3704 3538 3815 3608; x_wconf 75' lang='grc' dir='ltr'><strong>τῆς</strong></span> <span class='ocrx_word' id='word_1_540' title='bbox 3857 3538 4030 3608; x_wconf 76' lang='grc' dir='ltr'><strong>ὑμῶν</strong></span> 
     </span>
    </p>
   </div>
   <div class='ocr_carea' id='block_1_75' title="bbox 2441 3633 4031 3718">
    <p class='ocr_par' dir='ltr' id='par_1_75' title="bbox 2441 3633 4031 3718">
     <span class='ocr_line' id='line_1_75' title="bbox 2441 3633 4031 3718; baseline -0.013 -15"><span class='ocrx_word' id='word_1_541' title='bbox 2441 3646 2685 3718; x_wconf 76' lang='grc' dir='ltr'><strong>γενεᾶς·</strong></span> <span class='ocrx_word' id='word_1_542' title='bbox 2749 3646 2959 3710; x_wconf 72' lang='grc' dir='ltr'><strong>ἔπειτα,</strong></span> <span class='ocrx_word' id='word_1_543' title='bbox 3009 3644 3087 3707; x_wconf 84' lang='grc' dir='ltr'><strong>ὡς</strong></span> <span class='ocrx_word' id='word_1_544' title='bbox 3139 3644 3219 3706; x_wconf 87' lang='grc' dir='ltr'><strong>εἰς</strong></span> <span class='ocrx_word' id='word_1_545' title='bbox 3261 3640 3563 3711; x_wconf 72' lang='grc' dir='ltr'><strong>ἐμφάνειαν</strong></span> <span class='ocrx_word' id='word_1_546' title='bbox 3609 3633 3943 3706; x_wconf 77' lang='grc' dir='ltr'><strong>προέϐαινεν</strong></span> <span class='ocrx_word' id='word_1_547' title='bbox 4001 3634 4031 3683; x_wconf 87' lang='grc' dir='ltr'>ὁ</span> 
     </span>
    </p>
   </div>
   <div class='ocr_carea' id='block_1_76' title="bbox 2445 3721 4030 3806">
    <p class='ocr_par' dir='ltr' id='par_1_76' title="bbox 2445 3721 4030 3806">
     <span class='ocr_line' id='line_1_76' title="bbox 2445 3721 4030 3806; baseline -0.012 -13"><span class='ocrx_word' id='word_1_548' title='bbox 2445 3741 2749 3803; x_wconf 83' lang='grc' dir='ltr'><strong>Βασίλειος,</strong></span> <span class='ocrx_word' id='word_1_549' title='bbox 2804 3739 2900 3790; x_wconf 73' lang='grc' dir='ltr'><strong>καὶ</strong></span> <span class='ocrx_word' id='word_1_550' title='bbox 2956 3736 3036 3806; x_wconf 81' lang='grc' dir='ltr'><strong>τῷ</strong></span> <span class='ocrx_word' id='word_1_551' title='bbox 3079 3734 3331 3801; x_wconf 80' lang='grc' dir='ltr'><strong>δακτύλῳ</strong></span> <span class='ocrx_word' id='word_1_552' title='bbox 3385 3731 3578 3785; x_wconf 85' lang='grc' dir='ltr'><strong>τοῦτον</strong></span> <span class='ocrx_word' id='word_1_553' title='bbox 3631 3724 3910 3788; x_wconf 75' lang='grc' dir='ltr'><strong>ὑποδεῖξαι</strong></span> <span class='ocrx_word' id='word_1_554' title='bbox 3949 3721 4030 3791; x_wconf 81' lang='grc' dir='ltr'><strong>τῷ</strong></span> 
     </span>
    </p>
   </div>
   <div class='ocr_carea' id='block_1_77' title="bbox 2445 3814 4030 3902">
    <p class='ocr_par' dir='ltr' id='par_1_77' title="bbox 2445 3814 4030 3902">
     <span class='ocr_line' id='line_1_77' title="bbox 2445 3814 4030 3902; baseline -0.015 -16"><span class='ocrx_word' id='word_1_555' title='bbox 2445 3832 2709 3902; x_wconf 82' lang='grc' dir='ltr'><strong>Καίσαρι,</strong></span> <span class='ocrx_word' id='word_1_556' title='bbox 2752 3830 3000 3898; x_wconf 86' lang='grc' dir='ltr'><strong>λέγοντα,</strong></span> <span class='ocrx_word' id='word_1_557' title='bbox 3038 3828 3120 3881; x_wconf 85' lang='grc' dir='ltr'><strong>ὅτι</strong></span> <span class='ocrx_word' id='word_1_558' title='bbox 3162 3821 3352 3889; x_wconf 83' lang='grc' dir='ltr'><strong>Οὗτος</strong></span> <span class='ocrx_word' id='word_1_559' title='bbox 3390 3820 3675 3889; x_wconf 75' lang='grc' dir='ltr'><strong>τυγχάνει</strong></span> <span class='ocrx_word' id='word_1_560' title='bbox 3697 3817 3781 3902; x_wconf 29' lang='lat' dir='ltr'><strong>“6r</strong></span> <span class='ocrx_word' id='word_1_561' title='bbox 3808 3814 4030 3881; x_wconf 73' lang='grc' dir='ltr'><strong>ἕλετο)-</strong></span> 
     </span>
    </p>
   </div>
   <div class='ocr_carea' id='block_1_78' title="bbox 2444 3898 4031 3990">
    <p class='ocr_par' dir='ltr' id='par_1_78' title="bbox 2444 3898 4031 3990">
     <span class='ocr_line' id='line_1_78' title="bbox 2444 3898 4031 3990; baseline -0.014 -16"><span class='ocrx_word' id='word_1_562' title='bbox 2444 3898 2729 3990; x_wconf 48' lang='grc' dir='ltr'><strong>διάδοέίον</strong></span> <span class='ocrx_word' id='word_1_563' title='bbox 2756 3917 2924 3989; x_wconf 80' lang='grc' dir='ltr'><strong>ὑμῶν</strong></span> <span class='ocrx_word' id='word_1_564' title='bbox 2950 3918 3197 3985; x_wconf 75' lang='grc' dir='ltr'><strong>μέλλειν</strong></span> <span class='ocrx_word' id='word_1_565' title='bbox 3219 3914 3492 3967; x_wconf 82' lang='grc' dir='ltr'><strong>ἔσεσθαι.</strong></span> <span class='ocrx_word' id='word_1_566' title='bbox 3550 3906 3643 3971; x_wconf 80' lang='grc' dir='ltr'><strong>Ἐξ</strong></span> <span class='ocrx_word' id='word_1_567' title='bbox 3662 3898 3726 3959; x_wconf 75' lang='grc' dir='ltr'><strong>οὗ</strong></span> <span class='ocrx_word' id='word_1_568' title='bbox 3776 3902 3873 3956; x_wconf 80' lang='grc' dir='ltr'><strong>καὶ</strong></span> <span class='ocrx_word' id='word_1_569' title='bbox 3924 3903 4031 3968; x_wconf 67' lang='grc' dir='ltr'><strong>ὐφ-</strong></span> 
     </span>
    </p>
   </div>
   <div class='ocr_carea' id='block_1_79' title="bbox 2440 3994 4030 4086">
    <p class='ocr_par' dir='ltr' id='par_1_79' title="bbox 2440 3994 4030 4086">
     <span class='ocr_line' id='line_1_79' title="bbox 2440 3994 4030 4086; baseline -0.014 -19"><span class='ocrx_word' id='word_1_570' title='bbox 2440 4015 2623 4086; x_wconf 83' lang='grc' dir='ltr'><strong>ωρᾶτο</strong></span> <span class='ocrx_word' id='word_1_571' title='bbox 2644 4012 2741 4065; x_wconf 74' lang='grc' dir='ltr'><strong>καὶ</strong></span> <span class='ocrx_word' id='word_1_572' title='bbox 2760 4011 3049 4081; x_wconf 75' lang='grc' dir='ltr'><strong>ἐνήδρευεν</strong></span> <span class='ocrx_word' id='word_1_573' title='bbox 3081 4007 3109 4059; x_wconf 87' lang='grc' dir='ltr'>ὁ</span> <span class='ocrx_word' id='word_1_574' title='bbox 3138 4007 3355 4073; x_wconf 84' lang='grc' dir='ltr'><strong>Καῖσαρ</strong></span> <span class='ocrx_word' id='word_1_575' title='bbox 3388 4002 3479 4055; x_wconf 81' lang='grc' dir='ltr'><strong>ἀεὶ</strong></span> <span class='ocrx_word' id='word_1_576' title='bbox 3517 3998 3610 4052; x_wconf 71' lang='grc' dir='ltr'><strong>τὸν</strong></span> <span class='ocrx_word' id='word_1_577' title='bbox 3639 3994 3948 4057; x_wconf 74' lang='grc' dir='ltr'><strong>Βασίλειον,</strong></span> <span class='ocrx_word' id='word_1_578' title='bbox 3983 4001 4030 4045; x_wconf 78' lang='grc' dir='ltr'><strong>εἰ</strong></span> 
     </span>
    </p>
   </div>
   <div class='ocr_carea' id='block_1_80' title="bbox 759 4088 4032 4181">
    <p class='ocr_par' dir='ltr' id='par_1_80' title="bbox 759 4088 4032 4181">
     <span class='ocr_line' id='line_1_80' title="bbox 759 4088 4032 4181; baseline -0.003 -17"><span class='ocrx_word' id='word_1_579' title='bbox 759 4112 855 4168; x_wconf 66' lang='grc' dir='ltr'><strong>καὶ</strong></span> <span class='ocrx_word' id='word_1_580' title='bbox 899 4110 1067 4181; x_wconf 87' lang='grc' dir='ltr'><strong>μηδὲν</strong></span> <span class='ocrx_word' id='word_1_581' title='bbox 1113 4107 1398 4177; x_wconf 81' lang='grc' dir='ltr'><strong>ἀκυρῶσαι</strong></span> <span class='ocrx_word' id='word_1_582' title='bbox 1438 4105 1672 4176; x_wconf 76' lang='grc' dir='ltr'><strong>ἠδύνατο</strong></span> <span class='ocrx_word' id='word_1_583' title='bbox 1716 4105 1823 4159; x_wconf 83' lang='grc' dir='ltr'><strong>τῶν</strong></span> <span class='ocrx_word' id='word_1_584' title='bbox 1875 4106 1980 4159; x_wconf 83' lang='grc' dir='ltr'><strong>ὑπὸ</strong></span> <span class='ocrx_word' id='word_1_585' title='bbox 2036 4105 2133 4159; x_wconf 84' lang='grc' dir='ltr'>τοῦ</span> <span class='ocrx_word' id='word_1_586' title='bbox 2192 4106 2339 4161; x_wconf 81' lang='grc' dir='ltr'><strong>θείου</strong></span> <span class='ocrx_word' id='word_1_587' title='bbox 2372 4106 2837 4179; x_wconf 87' lang='grc' dir='ltr'><strong>προκυρωθέντων</strong></span> <span class='ocrx_word' id='word_1_588' title='bbox 2864 4104 3221 4174; x_wconf 52' lang='grc' dir='ltr'><strong>βουλήματος</strong></span> <span class='ocrx_word' id='word_1_589' title='bbox 3252 4100 3315 4152; x_wconf 79' lang='grc' dir='ltr'>οὐ</span> <span class='ocrx_word' id='word_1_590' title='bbox 3360 4098 3469 4166; x_wconf 85' lang='grc' dir='ltr'><strong>γὰρ</strong></span> <span class='ocrx_word' id='word_1_591' title='bbox 3523 4094 3697 4155; x_wconf 76' lang='grc' dir='ltr'><strong>οὕτως</strong></span> <span class='ocrx_word' id='word_1_592' title='bbox 3757 4088 4032 4159; x_wconf 63' lang='grc' dir='ltr'><strong>ἀπροσδό-</strong></span> 
     </span>
    </p>
   </div>
   <div class='ocr_carea' id='block_1_81' title="bbox 758 4184 4033 4275">
    <p class='ocr_par' dir='ltr' id='par_1_81' title="bbox 758 4184 4033 4275">
     <span class='ocr_line' id='line_1_81' title="bbox 758 4184 4033 4275; baseline -0.006 -19"><span class='ocrx_word' id='word_1_593' title='bbox 758 4221 925 4275; x_wconf 84' lang='grc' dir='ltr'><strong>κητον</strong></span> <span class='ocrx_word' id='word_1_594' title='bbox 981 4202 1056 4264; x_wconf 86' lang='grc' dir='ltr'><strong>ὡς</strong></span> <span class='ocrx_word' id='word_1_595' title='bbox 1090 4201 1335 4268; x_wconf 80' lang='grc' dir='ltr'><strong>ἄφυκτον</strong></span> <span class='ocrx_word' id='word_1_596' title='bbox 1368 4199 1456 4251; x_wconf 76' lang='grc' dir='ltr'><strong>ἀεὶ</strong></span> <span class='ocrx_word' id='word_1_597' title='bbox 1502 4198 1563 4251; x_wconf 86' lang='grc' dir='ltr'><strong>τὸ</strong></span> <span class='ocrx_word' id='word_1_598' title='bbox 1595 4198 1956 4269; x_wconf 81' lang='grc' dir='ltr'><strong>πεπρωμένον</strong></span> <span class='ocrx_word' id='word_1_599' title='bbox 2003 4198 2176 4254; x_wconf 77' lang='grc' dir='ltr'><strong>ἐστίν.</strong></span> <span class='ocrx_word' id='word_1_600' title='bbox 2225 4200 2338 4254; x_wconf 78' lang='grc' dir='ltr'><strong>Καὶ</strong></span> <span class='ocrx_word' id='word_1_601' title='bbox 2364 4200 2538 4255; x_wconf 85' lang='grc' dir='ltr'><strong>ταῦτα</strong></span> <span class='ocrx_word' id='word_1_602' title='bbox 2566 4200 2688 4272; x_wconf 82' lang='grc' dir='ltr'><strong>μὲν,</strong></span> <span class='ocrx_word' id='word_1_603' title='bbox 2755 4201 2806 4252; x_wconf 82' lang='grc' dir='ltr'><strong>εἰ</strong></span> <span class='ocrx_word' id='word_1_604' title='bbox 2865 4198 2964 4252; x_wconf 73' lang='grc' dir='ltr'><strong>καὶ</strong></span> <span class='ocrx_word' id='word_1_605' title='bbox 3003 4197 3145 4250; x_wconf 78' lang='grc' dir='ltr'><strong>κατὰ</strong></span> <span class='ocrx_word' id='word_1_606' title='bbox 3175 4192 3490 4265; x_wconf 84' lang='grc' dir='ltr'><strong>παράϐασιν</strong></span> <span class='ocrx_word' id='word_1_607' title='bbox 3554 4188 3707 4250; x_wconf 76' lang='grc' dir='ltr'><strong>ἴσως,</strong></span> <span class='ocrx_word' id='word_1_608' title='bbox 3756 4184 3872 4238; x_wconf 80' lang='grc' dir='ltr'><strong>ἀλλ’</strong></span> <span class='ocrx_word' id='word_1_609' title='bbox 3928 4184 4033 4237; x_wconf 74' lang='grc' dir='ltr'><strong>οὐκ</strong></span> 
     </span>
    </p>
   </div>
   <div class='ocr_carea' id='block_1_82' title="bbox 760 4289 1615 4364">
    <p class='ocr_par' dir='ltr' id='par_1_82' title="bbox 760 4289 1615 4364">
     <span class='ocr_line' id='line_1_82' title="bbox 760 4289 1615 4364; baseline -0.012 -11"><span class='ocrx_word' id='word_1_610' title='bbox 760 4299 867 4363; x_wconf 75' lang='grc' dir='ltr'><strong>ἔξω</strong></span> <span class='ocrx_word' id='word_1_611' title='bbox 899 4296 999 4364; x_wconf 81' lang='grc' dir='ltr'><strong>τῆς</strong></span> <span class='ocrx_word' id='word_1_612' title='bbox 1033 4291 1347 4353; x_wconf 82' lang='grc' dir='ltr'><strong>ὑποθέσεως</strong></span> <span class='ocrx_word' id='word_1_613' title='bbox 1377 4289 1615 4360; x_wconf 78' lang='grc' dir='ltr'><strong>εἴρηται.</strong></span> 
     </span>
    </p>
   </div>
   <div class='ocr_carea' id='block_1_83' title="bbox 835 4382 2427 4457">
    <p class='ocr_par' dir='ltr' id='par_1_83' title="bbox 835 4382 2427 4457">
     <span class='ocr_line' id='line_1_83' title="bbox 835 4382 2427 4457; baseline 0.002 -19"><span class='ocrx_word' id='word_1_614' title='bbox 835 4386 999 4457; x_wconf 74' lang='lat'><strong>233</strong></span> <span class='ocrx_word' id='word_1_615' title='bbox 1040 4383 1383 4452; x_wconf 74' lang='lat' dir='ltr'><strong>[5.Cumque</strong></span> <span class='ocrx_word' id='word_1_616' title='bbox 1404 4382 1706 4453; x_wconf 88' lang='lat' dir='ltr'><strong>imperator</strong></span> <span class='ocrx_word' id='word_1_617' title='bbox 1729 4394 1929 4439; x_wconf 83' lang='lat' dir='ltr'><strong>venatu</strong></span> <span class='ocrx_word' id='word_1_618' title='bbox 1959 4384 2342 4455; x_wconf 86' lang='lat' dir='ltr'><strong>delectaretur,</strong></span> <span class='ocrx_word' id='word_1_619' title='bbox 2374 4389 2427 4447; x_wconf 82' lang='grc' dir='ltr'><strong>Ι)</strong></span> 
     </span>
    </p>
   </div>
   <div class='ocr_carea' id='block_1_84' title="bbox 767 4470 2342 4541">
    <p class='ocr_par' dir='ltr' id='par_1_84' title="bbox 767 4470 2342 4541">
     <span class='ocr_line' id='line_1_84' title="bbox 767 4470 2342 4541; baseline 0.001 -10"><span class='ocrx_word' id='word_1_620' title='bbox 767 4487 966 4531; x_wconf 87' lang='lat' dir='ltr'><strong>rursus</strong></span> <span class='ocrx_word' id='word_1_621' title='bbox 996 4479 1117 4541; x_wconf 88' lang='lat' dir='ltr'><strong>post</strong></span> <span class='ocrx_word' id='word_1_622' title='bbox 1172 4486 1282 4525; x_wconf 91' lang='lat' dir='ltr'><strong>non</strong></span> <span class='ocrx_word' id='word_1_623' title='bbox 1333 4470 1537 4525; x_wconf 88' lang='lat' dir='ltr'><strong>multos</strong></span> <span class='ocrx_word' id='word_1_624' title='bbox 1571 4471 1691 4527; x_wconf 91' lang='lat' dir='ltr'><strong>dies</strong></span> <span class='ocrx_word' id='word_1_625' title='bbox 1724 4474 2044 4530; x_wconf 88' lang='lat' dir='ltr'><strong>venationis</strong></span> <span class='ocrx_word' id='word_1_626' title='bbox 2074 4491 2240 4531; x_wconf 86' lang='lat' dir='ltr'><strong>causa</strong></span> <span class='ocrx_word' id='word_1_627' title='bbox 2277 4491 2342 4532; x_wconf 89' lang='lat' dir='ltr'><strong>ac</strong></span> 
     </span>
    </p>
   </div>
   <div class='ocr_carea' id='block_1_85' title="bbox 770 4562 2344 4641">
    <p class='ocr_par' dir='ltr' id='par_1_85' title="bbox 770 4562 2344 4641">
     <span class='ocr_line' id='line_1_85' title="bbox 770 4562 2344 4641; baseline 0.002 -19"><span class='ocrx_word' id='word_1_628' title='bbox 770 4567 1066 4623; x_wconf 62' lang='lat' dir='ltr'><strong>moderate</strong></span> <span class='ocrx_word' id='word_1_629' title='bbox 1116 4562 1579 4619; x_wconf 89' lang='lat' dir='ltr'><strong>obambulationis</strong></span> <span class='ocrx_word' id='word_1_630' title='bbox 1620 4565 1687 4619; x_wconf 88' lang='lat' dir='ltr'><strong>ad</strong></span> <span class='ocrx_word' id='word_1_631' title='bbox 1748 4566 2212 4625; x_wconf 66' lang='lat' dir='ltr'><strong>Armamentareae</strong></span> <span class='ocrx_word' id='word_1_632' title='bbox 2242 4570 2344 4641; x_wconf 87' lang='lat' dir='ltr'><strong>(sic</strong></span> 
     </span>
    </p>
   </div>
   <div class='ocr_carea' id='block_1_86' title="bbox 768 4656 2343 4732">
    <p class='ocr_par' dir='ltr' id='par_1_86' title="bbox 768 4656 2343 4732">
     <span class='ocr_line' id='line_1_86' title="bbox 768 4656 2343 4732; baseline 0.001 -17"><span class='ocrx_word' id='word_1_633' title='bbox 768 4658 999 4728; x_wconf 87' lang='lat' dir='ltr'><strong>dictum)</strong></span> <span class='ocrx_word' id='word_1_634' title='bbox 1032 4657 1215 4712; x_wconf 91' lang='lat' dir='ltr'><strong>locum</strong></span> <span class='ocrx_word' id='word_1_635' title='bbox 1248 4656 1504 4725; x_wconf 82' lang='lat' dir='ltr'><strong>trajecit;</strong></span> <span class='ocrx_word' id='word_1_636' title='bbox 1537 4664 1651 4712; x_wconf 91' lang='lat' dir='ltr'><strong>tum</strong></span> <span class='ocrx_word' id='word_1_637' title='bbox 1684 4673 1838 4713; x_wconf 64' lang='lat' dir='ltr'><strong>caena</strong></span> <span class='ocrx_word' id='word_1_638' title='bbox 1861 4675 2107 4716; x_wconf 89' lang='lat' dir='ltr'><strong>seorsum</strong></span> <span class='ocrx_word' id='word_1_639' title='bbox 2134 4672 2343 4732; x_wconf 85' lang='lat' dir='ltr'><strong>parata,</strong></span> 
     </span>
    </p>
   </div>
   <div class='ocr_carea' id='block_1_87' title="bbox 766 4747 2347 4821">
    <p class='ocr_par' dir='ltr' id='par_1_87' title="bbox 766 4747 2347 4821">
     <span class='ocr_line' id='line_1_87' title="bbox 766 4747 2347 4821; baseline 0.001 -15"><span class='ocrx_word' id='word_1_640' title='bbox 766 4762 821 4806; x_wconf 87' lang='lat' dir='ltr'><strong>et</strong></span> <span class='ocrx_word' id='word_1_641' title='bbox 854 4752 1183 4821; x_wconf 88' lang='lat' dir='ltr'><strong>imperatore</strong></span> <span class='ocrx_word' id='word_1_642' title='bbox 1223 4764 1347 4804; x_wconf 91' lang='lat' dir='ltr'><strong>cum</strong></span> <span class='ocrx_word' id='word_1_643' title='bbox 1371 4747 1661 4804; x_wconf 82' lang='lat' dir='ltr'><strong>Theodora</strong></span> <span class='ocrx_word' id='word_1_644' title='bbox 1694 4760 1869 4805; x_wconf 85' lang='lat' dir='ltr'><strong>matre</strong></span> <span class='ocrx_word' id='word_1_645' title='bbox 1906 4753 2143 4821; x_wconf 87' lang='lat' dir='ltr'><strong>aliisque</strong></span> <span class='ocrx_word' id='word_1_646' title='bbox 2174 4753 2347 4808; x_wconf 81' lang='lat' dir='ltr'><strong>amni-</strong></span> 
     </span>
    </p>
   </div>
   <div class='ocr_carea' id='block_1_88' title="bbox 770 4840 2346 4909">
    <p class='ocr_par' dir='ltr' id='par_1_88' title="bbox 770 4840 2346 4909">
     <span class='ocr_line' id='line_1_88' title="bbox 770 4840 2346 4909; baseline 0.003 -13"><span class='ocrx_word' id='word_1_647' title='bbox 770 4843 871 4897; x_wconf 91' lang='lat' dir='ltr'><strong>bns</strong></span> <span class='ocrx_word' id='word_1_648' title='bbox 908 4850 963 4896; x_wconf 90' lang='lat' dir='ltr'><strong>et</strong></span> <span class='ocrx_word' id='word_1_649' title='bbox 996 4855 1063 4894; x_wconf 80' lang='lat' dir='ltr'><strong>ex</strong></span> <span class='ocrx_word' id='word_1_650' title='bbox 1100 4849 1291 4895; x_wconf 88' lang='lat' dir='ltr'><strong>senatu</strong></span> <span class='ocrx_word' id='word_1_651' title='bbox 1323 4840 1496 4909; x_wconf 82' lang='lat' dir='ltr'><strong>magis</strong></span> <span class='ocrx_word' id='word_1_652' title='bbox 1530 4843 1855 4899; x_wconf 89' lang='lat' dir='ltr'><strong>necessariis</strong></span> <span class='ocrx_word' id='word_1_653' title='bbox 1885 4843 1951 4898; x_wconf 89' lang='lat' dir='ltr'><strong>ad</strong></span> <span class='ocrx_word' id='word_1_654' title='bbox 1981 4860 2225 4900; x_wconf 91' lang='lat' dir='ltr'><strong>mensam</strong></span> <span class='ocrx_word' id='word_1_655' title='bbox 2257 4862 2346 4901; x_wconf 79' lang='lat' dir='ltr'><strong>se-</strong></span> 
     </span>
    </p>
   </div>
   <div class='ocr_carea' id='block_1_89' title="bbox 769 4935 2349 5008">
    <p class='ocr_par' dir='ltr' id='par_1_89' title="bbox 769 4935 2349 5008">
     <span class='ocr_line' id='line_1_89' title="bbox 769 4935 2349 5008; baseline 0.004 -19"><span class='ocrx_word' id='word_1_656' title='bbox 769 4935 1066 4999; x_wconf 86' lang='lat' dir='ltr'><strong>dentibus,</strong></span> <span class='ocrx_word' id='word_1_657' title='bbox 1122 4942 1352 4990; x_wconf 83' lang='lat' dir='ltr'><strong>vocatus</strong></span> <span class='ocrx_word' id='word_1_658' title='bbox 1422 4945 1505 4990; x_wconf 86' lang='lat' dir='ltr'><strong>est</strong></span> <span class='ocrx_word' id='word_1_659' title='bbox 1565 4945 1929 5006; x_wconf 72' lang='lat' dir='ltr'><strong>protostrator</strong></span> <span class='ocrx_word' id='word_1_660' title='bbox 2003 4938 2349 5008; x_wconf 87' lang='lat' dir='ltr'><strong>imperatoris</strong></span> 
     </span>
    </p>
   </div>
   <div class='ocr_carea' id='block_1_90' title="bbox 768 5027 2349 5100">
    <p class='ocr_par' dir='ltr' id='par_1_90' title="bbox 768 5027 2349 5100">
     <span class='ocr_line' id='line_1_90' title="bbox 768 5027 2349 5100; baseline 0.003 -19"><span class='ocrx_word' id='word_1_661' title='bbox 768 5029 967 5099; x_wconf 86' lang='lat' dir='ltr'><strong>jussu;</strong></span> <span class='ocrx_word' id='word_1_662' title='bbox 1018 5028 1222 5097; x_wconf 92' lang='lat' dir='ltr'><strong>illoque</strong></span> <span class='ocrx_word' id='word_1_663' title='bbox 1250 5028 1473 5083; x_wconf 82' lang='lat' dir='ltr'><strong>sedente</strong></span> <span class='ocrx_word' id='word_1_664' title='bbox 1503 5028 1671 5098; x_wconf 59' lang='lat' dir='ltr'><strong>coepit</strong></span> <span class='ocrx_word' id='word_1_665' title='bbox 1702 5027 1990 5085; x_wconf 83' lang='lat' dir='ltr'><strong>Tbeodora</strong></span> <span class='ocrx_word' id='word_1_666' title='bbox 2027 5031 2349 5100; x_wconf 76' lang='lat' dir='ltr'><strong>impcratrix</strong></span> 
     </span>
    </p>
   </div>
   <div class='ocr_carea' id='block_1_91' title="bbox 776 5120 2347 5191">
    <p class='ocr_par' dir='ltr' id='par_1_91' title="bbox 776 5120 2347 5191">
     <span class='ocr_line' id='line_1_91' title="bbox 776 5120 2347 5191; baseline 0.001 -16"><span class='ocrx_word' id='word_1_667' title='bbox 776 5121 965 5177; x_wconf 91' lang='lat' dir='ltr'><strong>oculos</strong></span> <span class='ocrx_word' id='word_1_668' title='bbox 996 5121 1050 5175; x_wconf 91' lang='lat' dir='ltr'><strong>in</strong></span> <span class='ocrx_word' id='word_1_669' title='bbox 1086 5135 1211 5174; x_wconf 92' lang='lat' dir='ltr'><strong>eum</strong></span> <span class='ocrx_word' id='word_1_670' title='bbox 1246 5120 1527 5175; x_wconf 76' lang='lat' dir='ltr'><strong>intendere</strong></span> <span class='ocrx_word' id='word_1_671' title='bbox 1556 5129 1611 5175; x_wconf 90' lang='lat' dir='ltr'><strong>et</strong></span> <span class='ocrx_word' id='word_1_672' title='bbox 1639 5122 1957 5191; x_wconf 89' lang='lat' dir='ltr'><strong>conspicere</strong></span> <span class='ocrx_word' id='word_1_673' title='bbox 1996 5137 2062 5177; x_wconf 86' lang='lat' dir='ltr'><strong>ac</strong></span> <span class='ocrx_word' id='word_1_674' title='bbox 2096 5122 2347 5177; x_wconf 86' lang='lat' dir='ltr'><strong>conside-</strong></span> 
     </span>
    </p>
   </div>
   <div class='ocr_carea' id='block_1_92' title="bbox 778 5214 2350 5286">
    <p class='ocr_par' dir='ltr' id='par_1_92' title="bbox 778 5214 2350 5286">
     <span class='ocr_line' id='line_1_92' title="bbox 778 5214 2350 5286; baseline 0 -18"><span class='ocrx_word' id='word_1_675' title='bbox 778 5229 907 5269; x_wconf 87' lang='lat' dir='ltr'><strong>rare</strong></span> <span class='ocrx_word' id='word_1_676' title='bbox 963 5214 1323 5283; x_wconf 80' lang='lat' dir='ltr'><strong>exactiusque</strong></span> <span class='ocrx_word' id='word_1_677' title='bbox 1374 5214 1715 5283; x_wconf 74' lang='lat' dir='ltr'><strong>examinare,</strong></span> <span class='ocrx_word' id='word_1_678' title='bbox 1747 5216 1966 5271; x_wconf 87' lang='lat' dir='ltr'><strong>demum</strong></span> <span class='ocrx_word' id='word_1_679' title='bbox 1997 5217 2197 5284; x_wconf 86' lang='lat' dir='ltr'><strong>agnitis</strong></span> <span class='ocrx_word' id='word_1_680' title='bbox 2228 5217 2350 5286; x_wconf 91' lang='lat' dir='ltr'><strong>qui-</strong></span> 
     </span>
    </p>
   </div>
   <div class='ocr_carea' id='block_1_93' title="bbox 772 5306 2352 5377">
    <p class='ocr_par' dir='ltr' id='par_1_93' title="bbox 772 5306 2352 5377">
     <span class='ocr_line' id='line_1_93' title="bbox 772 5306 2352 5377; baseline 0.001 -17"><span class='ocrx_word' id='word_1_681' title='bbox 772 5306 1006 5362; x_wconf 86' lang='lat' dir='ltr'><strong>busdam</strong></span> <span class='ocrx_word' id='word_1_682' title='bbox 1044 5308 1096 5359; x_wconf 91' lang='lat' dir='ltr'><strong>in</strong></span> <span class='ocrx_word' id='word_1_683' title='bbox 1137 5323 1200 5361; x_wconf 88' lang='lat' dir='ltr'><strong>eo</strong></span> <span class='ocrx_word' id='word_1_684' title='bbox 1232 5307 1379 5362; x_wconf 91' lang='lat' dir='ltr'><strong>notis</strong></span> <span class='ocrx_word' id='word_1_685' title='bbox 1409 5308 1613 5362; x_wconf 86' lang='lat' dir='ltr'><strong>sensim</strong></span> <span class='ocrx_word' id='word_1_686' title='bbox 1663 5308 1847 5362; x_wconf 87' lang='lat' dir='ltr'><strong>animo</strong></span> <span class='ocrx_word' id='word_1_687' title='bbox 1902 5307 2100 5377; x_wconf 81' lang='lat' dir='ltr'><strong>linqui,</strong></span> <span class='ocrx_word' id='word_1_688' title='bbox 2151 5318 2209 5363; x_wconf 86' lang='lat' dir='ltr'><strong>ut</strong></span> <span class='ocrx_word' id='word_1_689' title='bbox 2263 5308 2352 5362; x_wconf 82' lang='lat' dir='ltr'><strong>vix</strong></span> 
     </span>
    </p>
   </div>
   <div class='ocr_carea' id='block_1_94' title="bbox 776 5395 2354 5468">
    <p class='ocr_par' dir='ltr' id='par_1_94' title="bbox 776 5395 2354 5468">
     <span class='ocr_line' id='line_1_94' title="bbox 776 5395 2354 5468; baseline 0.003 -19"><span class='ocrx_word' id='word_1_690' title='bbox 776 5397 993 5452; x_wconf 84' lang='lat' dir='ltr'><strong>tandem</strong></span> <span class='ocrx_word' id='word_1_691' title='bbox 1027 5395 1197 5452; x_wconf 70' lang='lat' dir='ltr'><strong>ell‘usa</strong></span> <span class='ocrx_word' id='word_1_692' title='bbox 1228 5398 1280 5452; x_wconf 90' lang='lat' dir='ltr'><strong>in</strong></span> <span class='ocrx_word' id='word_1_693' title='bbox 1310 5414 1430 5453; x_wconf 89' lang='lat' dir='ltr'><strong>eam</strong></span> <span class='ocrx_word' id='word_1_694' title='bbox 1462 5414 1602 5468; x_wconf 89' lang='lat' dir='ltr'><strong>aqua</strong></span> <span class='ocrx_word' id='word_1_695' title='bbox 1646 5408 1702 5454; x_wconf 90' lang='lat' dir='ltr'><strong>et</strong></span> <span class='ocrx_word' id='word_1_696' title='bbox 1746 5414 1993 5454; x_wconf 87' lang='lat' dir='ltr'><strong>rosarum</strong></span> <span class='ocrx_word' id='word_1_697' title='bbox 2039 5399 2203 5454; x_wconf 88' lang='lat' dir='ltr'><strong>stillis</strong></span> <span class='ocrx_word' id='word_1_698' title='bbox 2233 5400 2354 5454; x_wconf 89' lang='lat' dir='ltr'><strong>ani-</strong></span> 
     </span>
    </p>
   </div>
   <div class='ocr_carea' id='block_1_95' title="bbox 778 5488 2352 5560">
    <p class='ocr_par' dir='ltr' id='par_1_95' title="bbox 778 5488 2352 5560">
     <span class='ocr_line' id='line_1_95' title="bbox 778 5488 2352 5560; baseline 0.003 -19"><span class='ocrx_word' id='word_1_699' title='bbox 778 5503 927 5541; x_wconf 87' lang='lat' dir='ltr'><strong>mum</strong></span> <span class='ocrx_word' id='word_1_700' title='bbox 950 5489 1307 5544; x_wconf 86' lang='lat' dir='ltr'><strong>revocaverit.</strong></span> <span class='ocrx_word' id='word_1_701' title='bbox 1334 5488 1583 5559; x_wconf 87' lang='lat' dir='ltr'><strong>Tumque</strong></span> <span class='ocrx_word' id='word_1_702' title='bbox 1613 5490 1703 5560; x_wconf 92' lang='lat' dir='ltr'><strong>qui</strong></span> <span class='ocrx_word' id='word_1_703' title='bbox 1737 5494 1964 5545; x_wconf 89' lang='lat' dir='ltr'><strong>aderant</strong></span> <span class='ocrx_word' id='word_1_704' title='bbox 1991 5506 2050 5547; x_wconf 89' lang='lat' dir='ltr'><strong>se</strong></span> <span class='ocrx_word' id='word_1_705' title='bbox 2076 5490 2352 5546; x_wconf 79' lang='lat' dir='ltr'><strong>subduxe-</strong></span> 
     </span>
    </p>
   </div>
   <div class='ocr_carea' id='block_1_96' title="bbox 779 5579 2353 5652">
    <p class='ocr_par' dir='ltr' id='par_1_96' title="bbox 779 5579 2353 5652">
     <span class='ocr_line' id='line_1_96' title="bbox 779 5579 2353 5652; baseline 0.001 -16"><span class='ocrx_word' id='word_1_706' title='bbox 779 5590 924 5636; x_wconf 85' lang='lat' dir='ltr'><strong>runt.</strong></span> <span class='ocrx_word' id='word_1_707' title='bbox 982 5579 1213 5652; x_wconf 81' lang='lat' dir='ltr'><strong>Recepto</strong></span> <span class='ocrx_word' id='word_1_708' title='bbox 1249 5592 1432 5637; x_wconf 84' lang='lat' dir='ltr'><strong>autent</strong></span> <span class='ocrx_word' id='word_1_709' title='bbox 1485 5584 1671 5639; x_wconf 90' lang='lat' dir='ltr'><strong>animo</strong></span> <span class='ocrx_word' id='word_1_710' title='bbox 1721 5600 1785 5639; x_wconf 89' lang='lat' dir='ltr'><strong>ac</strong></span> <span class='ocrx_word' id='word_1_711' title='bbox 1849 5593 2120 5650; x_wconf 86' lang='lat' dir='ltr'><strong>recreato,</strong></span> <span class='ocrx_word' id='word_1_712' title='bbox 2162 5584 2353 5639; x_wconf 89' lang='lat' dir='ltr'><strong>scisci-</strong></span> 
     </span>
    </p>
   </div>
   <div class='ocr_carea' id='block_1_97' title="bbox 2528 4369 4034 4454">
    <p class='ocr_par' dir='ltr' id='par_1_97' title="bbox 2528 4369 4034 4454">
     <span class='ocr_line' id='line_1_97' title="bbox 2528 4369 4034 4454; baseline -0.011 -16"><span class='ocrx_word' id='word_1_713' title='bbox 2528 4389 2610 4438; x_wconf 87' lang='grc' dir='ltr'><strong>ιε’.</strong></span> <span class='ocrx_word' id='word_1_714' title='bbox 2650 4381 2949 4454; x_wconf 80' lang='grc' dir='ltr'><strong>Φιλοθήρου</strong></span> <span class='ocrx_word' id='word_1_715' title='bbox 2982 4380 3046 4434; x_wconf 64' lang='grc' dir='ltr'><strong>δὲ</strong></span> <span class='ocrx_word' id='word_1_716' title='bbox 3073 4379 3167 4433; x_wconf 82' lang='grc' dir='ltr'><strong>τοῦ</strong></span> <span class='ocrx_word' id='word_1_717' title='bbox 3219 4377 3484 4449; x_wconf 83' lang='grc' dir='ltr'><strong>βασιλέως</strong></span> <span class='ocrx_word' id='word_1_718' title='bbox 3511 4373 3897 4444; x_wconf 85' lang='grc' dir='ltr'><strong>τυγχάνοντος,</strong></span> <span class='ocrx_word' id='word_1_719' title='bbox 3929 4369 4034 4423; x_wconf 79' lang='grc' dir='ltr'><strong>καὶ</strong></span> 
     </span>
    </p>
   </div>
   <div class='ocr_carea' id='block_1_98' title="bbox 2452 4458 4032 4543">
    <p class='ocr_par' dir='ltr' id='par_1_98' title="bbox 2452 4458 4032 4543">
     <span class='ocr_line' id='line_1_98' title="bbox 2452 4458 4032 4543; baseline -0.013 -14"><span class='ocrx_word' id='word_1_720' title='bbox 2452 4474 2618 4529; x_wconf 83' lang='grc' dir='ltr'><strong>πάλιν</strong></span> <span class='ocrx_word' id='word_1_721' title='bbox 2653 4473 2773 4543; x_wconf 84' lang='grc' dir='ltr'><strong>μετ’</strong></span> <span class='ocrx_word' id='word_1_722' title='bbox 2809 4471 2990 4539; x_wconf 83' lang='grc' dir='ltr'><strong>ὀλίγον</strong></span> <span class='ocrx_word' id='word_1_723' title='bbox 3019 4468 3345 4537; x_wconf 83' lang='grc' dir='ltr'><strong>κυνηγεσίου</strong></span> <span class='ocrx_word' id='word_1_724' title='bbox 3376 4484 3436 4520; x_wconf 87' lang='grc' dir='ltr'><strong>τε</strong></span> <span class='ocrx_word' id='word_1_725' title='bbox 3474 4466 3633 4535; x_wconf 79' lang='grc' dir='ltr'><strong>χάριν</strong></span> <span class='ocrx_word' id='word_1_726' title='bbox 3667 4462 3765 4515; x_wconf 71' lang='grc' dir='ltr'><strong>καὶ</strong></span> <span class='ocrx_word' id='word_1_727' title='bbox 3802 4458 4032 4531; x_wconf 83' lang='grc' dir='ltr'><strong>μετρίου</strong></span> 
     </span>
    </p>
   </div>
   <div class='ocr_carea' id='block_1_99' title="bbox 2455 4553 4036 4643">
    <p class='ocr_par' dir='ltr' id='par_1_99' title="bbox 2455 4553 4036 4643">
     <span class='ocr_line' id='line_1_99' title="bbox 2455 4553 4036 4643; baseline -0.013 -19"><span class='ocrx_word' id='word_1_728' title='bbox 2455 4570 2881 4643; x_wconf 82' lang='grc' dir='ltr'><strong>περιοδεύματος</strong></span> <span class='ocrx_word' id='word_1_729' title='bbox 2912 4566 3057 4619; x_wconf 69' lang='grc' dir='ltr'><strong>κατὰ</strong></span> <span class='ocrx_word' id='word_1_730' title='bbox 3086 4566 3181 4618; x_wconf 85' lang='grc' dir='ltr'><strong>τὸν</strong></span> <span class='ocrx_word' id='word_1_731' title='bbox 3202 4564 3305 4633; x_wconf 81' lang='grc' dir='ltr'><strong>τῆς</strong></span> <span class='ocrx_word' id='word_1_732' title='bbox 3349 4556 3845 4633; x_wconf 79' lang='grc' dir='ltr'><strong>’Δρμαμενταρέας</strong></span> <span class='ocrx_word' id='word_1_733' title='bbox 3878 4553 4036 4621; x_wconf 73' lang='grc' dir='ltr'><strong>λεγό-</strong></span> 
     </span>
    </p>
   </div>
   <div class='ocr_carea' id='block_1_100' title="bbox 2459 4646 4037 4733">
    <p class='ocr_par' dir='ltr' id='par_1_100' title="bbox 2459 4646 4037 4733">
     <span class='ocr_line' id='line_1_100' title="bbox 2459 4646 4037 4733; baseline -0.013 -18"><span class='ocrx_word' id='word_1_734' title='bbox 2459 4678 2622 4733; x_wconf 84' lang='grc' dir='ltr'><strong>μενον</strong></span> <span class='ocrx_word' id='word_1_735' title='bbox 2672 4661 2840 4713; x_wconf 86' lang='grc' dir='ltr'><strong>τόπον</strong></span> <span class='ocrx_word' id='word_1_736' title='bbox 2873 4659 3236 4729; x_wconf 81' lang='grc' dir='ltr'><strong>περάσαντος,</strong></span> <span class='ocrx_word' id='word_1_737' title='bbox 3272 4650 3392 4707; x_wconf 80' lang='grc' dir='ltr'><strong>εἶτα</strong></span> <span class='ocrx_word' id='word_1_738' title='bbox 3423 4649 3699 4705; x_wconf 89' lang='grc' dir='ltr'><strong>δουλικίου</strong></span> <span class='ocrx_word' id='word_1_739' title='bbox 3732 4648 3858 4701; x_wconf 73' lang='grc' dir='ltr'><strong>κατ’</strong></span> <span class='ocrx_word' id='word_1_740' title='bbox 3894 4646 4037 4699; x_wconf 77' lang='grc' dir='ltr'><strong>ἰδίαν</strong></span> 
     </span>
    </p>
   </div>
   <div class='ocr_carea' id='block_1_101' title="bbox 2456 4738 4036 4823">
    <p class='ocr_par' dir='ltr' id='par_1_101' title="bbox 2456 4738 4036 4823">
     <span class='ocr_line' id='line_1_101' title="bbox 2456 4738 4036 4823; baseline -0.011 -17"><span class='ocrx_word' id='word_1_741' title='bbox 2456 4751 2911 4823; x_wconf 78' lang='grc' dir='ltr'><strong>εὐτρεπισθέντος</strong></span> <span class='ocrx_word' id='word_1_742' title='bbox 2932 4750 3028 4802; x_wconf 76' lang='grc' dir='ltr'><strong>καὶ</strong></span> <span class='ocrx_word' id='word_1_743' title='bbox 3054 4747 3151 4800; x_wconf 79' lang='grc' dir='ltr'><strong>τοῦ</strong></span> <span class='ocrx_word' id='word_1_744' title='bbox 3183 4746 3448 4817; x_wconf 86' lang='grc' dir='ltr'><strong>βασιλέως</strong></span> <span class='ocrx_word' id='word_1_745' title='bbox 3467 4744 3559 4797; x_wconf 72' lang='grc' dir='ltr'><strong>ἐπὶ</strong></span> <span class='ocrx_word' id='word_1_746' title='bbox 3586 4738 3870 4812; x_wconf 78' lang='grc' dir='ltr'><strong>τραπέζης</strong></span> <span class='ocrx_word' id='word_1_747' title='bbox 3896 4738 4036 4807; x_wconf 80' lang='grc' dir='ltr'><strong>μετᾶ</strong></span> 
     </span>
    </p>
   </div>
   <div class='ocr_carea' id='block_1_102' title="bbox 2454 4826 4039 4916">
    <p class='ocr_par' dir='ltr' id='par_1_102' title="bbox 2454 4826 4039 4916">
     <span class='ocr_line' id='line_1_102' title="bbox 2454 4826 4039 4916; baseline -0.013 -16"><span class='ocrx_word' id='word_1_748' title='bbox 2454 4845 2739 4916; x_wconf 80' lang='grc' dir='ltr'><strong>Θεοδώρας</strong></span> <span class='ocrx_word' id='word_1_749' title='bbox 2766 4841 3127 4901; x_wconf 83' lang='grc' dir='ltr'><strong>καθεσθέντος</strong></span> <span class='ocrx_word' id='word_1_750' title='bbox 3156 4838 3258 4907; x_wconf 84' lang='grc' dir='ltr'><strong>τῆς</strong></span> <span class='ocrx_word' id='word_1_751' title='bbox 3286 4836 3496 4899; x_wconf 83' lang='grc' dir='ltr'><strong>οἰκείας</strong></span> <span class='ocrx_word' id='word_1_752' title='bbox 3538 4830 3743 4905; x_wconf 78' lang='grc' dir='ltr'><strong>μητρὸς</strong></span> <span class='ocrx_word' id='word_1_753' title='bbox 3793 4828 3891 4882; x_wconf 75' lang='grc' dir='ltr'><strong>καὶ</strong></span> <span class='ocrx_word' id='word_1_754' title='bbox 3926 4826 4039 4879; x_wconf 80' lang='grc' dir='ltr'><strong>τῶν</strong></span> 
     </span>
    </p>
   </div>
   <div class='ocr_carea' id='block_1_103' title="bbox 2460 4916 4038 5001">
    <p class='ocr_par' dir='ltr' id='par_1_103' title="bbox 2460 4916 4038 5001">
     <span class='ocr_line' id='line_1_103' title="bbox 2460 4916 4038 5001; baseline -0.016 -11"><span class='ocrx_word' id='word_1_755' title='bbox 2460 4937 2607 4990; x_wconf 86' lang='grc' dir='ltr'><strong>ίδίων</strong></span> <span class='ocrx_word' id='word_1_756' title='bbox 2651 4930 2934 5001; x_wconf 85' lang='grc' dir='ltr'><strong>συγγενῶν</strong></span> <span class='ocrx_word' id='word_1_757' title='bbox 2996 4930 3089 4982; x_wconf 72' lang='grc' dir='ltr'><strong>καὶ</strong></span> <span class='ocrx_word' id='word_1_758' title='bbox 3146 4924 3493 4994; x_wconf 80' lang='grc' dir='ltr'><strong>οἱκειοτέρων</strong></span> <span class='ocrx_word' id='word_1_759' title='bbox 3545 4921 3645 4989; x_wconf 83' lang='grc' dir='ltr'><strong>τῆς</strong></span> <span class='ocrx_word' id='word_1_760' title='bbox 3702 4916 4038 4985; x_wconf 82' lang='grc' dir='ltr'><strong>συγκλήτου,</strong></span> 
     </span>
    </p>
   </div>
   <div class='ocr_carea' id='block_1_104' title="bbox 2458 5008 4043 5100">
    <p class='ocr_par' dir='ltr' id='par_1_104' title="bbox 2458 5008 4043 5100">
     <span class='ocr_line' id='line_1_104' title="bbox 2458 5008 4043 5100; baseline -0.016 -18"><span class='ocrx_word' id='word_1_761' title='bbox 2458 5025 2808 5100; x_wconf 81' lang='grc' dir='ltr'><strong>προσεκλήθη</strong></span> <span class='ocrx_word' id='word_1_762' title='bbox 2856 5023 2953 5077; x_wconf 75' lang='grc' dir='ltr'><strong>καὶ</strong></span> <span class='ocrx_word' id='word_1_763' title='bbox 2981 5024 3008 5075; x_wconf 93' lang='lat'><strong>6</strong></span> <span class='ocrx_word' id='word_1_764' title='bbox 3037 5017 3484 5090; x_wconf 82' lang='grc' dir='ltr'><strong>πρωτοστράτωρ</strong></span> <span class='ocrx_word' id='word_1_765' title='bbox 3515 5012 3611 5066; x_wconf 80' lang='grc' dir='ltr'><strong>τοῦ</strong></span> <span class='ocrx_word' id='word_1_766' title='bbox 3644 5008 3911 5100; x_wconf 78' lang='grc' dir='ltr'><strong>βασιλέως</strong></span> <span class='ocrx_word' id='word_1_767' title='bbox 3943 5022 4043 5100; x_wconf 66' lang='grc' dir='ltr'><strong>κε-</strong></span> 
     </span>
    </p>
   </div>
   <div class='ocr_carea' id='block_1_105' title="bbox 2453 5096 4043 5182">
    <p class='ocr_par' dir='ltr' id='par_1_105' title="bbox 2453 5096 4043 5182">
     <span class='ocr_line' id='line_1_105' title="bbox 2453 5096 4043 5182; baseline -0.018 -6"><span class='ocrx_word' id='word_1_768' title='bbox 2453 5096 2767 5182; x_wconf 76' lang='grc' dir='ltr'><strong>λεύσαντος,</strong></span> <span class='ocrx_word' id='word_1_769' title='bbox 2816 5116 2914 5170; x_wconf 74' lang='grc' dir='ltr'><strong>καὶ</strong></span> <span class='ocrx_word' id='word_1_770' title='bbox 2944 5112 3307 5175; x_wconf 86' lang='grc' dir='ltr'><strong>καθεσθέντος</strong></span> <span class='ocrx_word' id='word_1_771' title='bbox 3338 5106 3505 5163; x_wconf 81' lang='grc' dir='ltr'><strong>αὐτοῦ</strong></span> <span class='ocrx_word' id='word_1_772' title='bbox 3540 5104 3748 5175; x_wconf 76' lang='grc' dir='ltr'><strong>ἢρξατο</strong></span> <span class='ocrx_word' id='word_1_773' title='bbox 3785 5096 4043 5166; x_wconf 84' lang='grc' dir='ltr'><strong>Θεοδώρα</strong></span> 
     </span>
    </p>
   </div>
   <div class='ocr_carea' id='block_1_106' title="bbox 2454 5190 4046 5284">
    <p class='ocr_par' dir='ltr' id='par_1_106' title="bbox 2454 5190 4046 5284">
     <span class='ocr_line' id='line_1_106' title="bbox 2454 5190 4046 5284; baseline -0.016 -18"><span class='ocrx_word' id='word_1_774' title='bbox 2454 5216 2487 5284; x_wconf 85' lang='grc' dir='ltr'>ὴ</span> <span class='ocrx_word' id='word_1_775' title='bbox 2527 5211 2737 5282; x_wconf 65' lang='grc' dir='ltr'><strong>βασιλὶς</strong></span> <span class='ocrx_word' id='word_1_776' title='bbox 2784 5206 3117 5276; x_wconf 88' lang='grc' dir='ltr'><strong>πυκνότερον</strong></span> <span class='ocrx_word' id='word_1_777' title='bbox 3172 5201 3441 5266; x_wconf 75' lang='grc' dir='ltr'><strong>ἀτενίζειν</strong></span> <span class='ocrx_word' id='word_1_778' title='bbox 3498 5199 3593 5250; x_wconf 74' lang='grc' dir='ltr'><strong>καὶ</strong></span> <span class='ocrx_word' id='word_1_779' title='bbox 3642 5193 3858 5263; x_wconf 78' lang='grc' dir='ltr'><strong>ἁφορᾷν</strong></span> <span class='ocrx_word' id='word_1_780' title='bbox 3904 5190 4046 5260; x_wconf 83' lang='grc' dir='ltr'><strong>πρὸς</strong></span> 
     </span>
    </p>
   </div>
   <div class='ocr_carea' id='block_1_107' title="bbox 2459 5284 4044 5364">
    <p class='ocr_par' dir='ltr' id='par_1_107' title="bbox 2459 5284 4044 5364">
     <span class='ocr_line' id='line_1_107' title="bbox 2459 5284 4044 5364; baseline -0.017 -4"><span class='ocrx_word' id='word_1_781' title='bbox 2459 5304 2627 5360; x_wconf 76' lang='grc' dir='ltr'><strong>αὐτὸν</strong></span> <span class='ocrx_word' id='word_1_782' title='bbox 2676 5303 2774 5356; x_wconf 72' lang='grc' dir='ltr'><strong>καὶ</strong></span> <span class='ocrx_word' id='word_1_783' title='bbox 2829 5301 3119 5355; x_wconf 87' lang='grc' dir='ltr'><strong>κατανοεῖν</strong></span> <span class='ocrx_word' id='word_1_784' title='bbox 3166 5297 3262 5349; x_wconf 66' lang='lat' dir='ltr'><strong>atat</strong></span> <span class='ocrx_word' id='word_1_785' title='bbox 3295 5292 3733 5364; x_wconf 83' lang='grc' dir='ltr'><strong>παρεπισκοπεῖν</strong></span> <span class='ocrx_word' id='word_1_786' title='bbox 3786 5286 3953 5339; x_wconf 77' lang='grc' dir='ltr'><strong>αὑτὸν</strong></span> <span class='ocrx_word' id='word_1_787' title='bbox 3997 5284 4044 5314; x_wconf 81' lang='grc'><strong>⁸⁸</strong></span> 
     </span>
    </p>
   </div>
   <div class='ocr_carea' id='block_1_108' title="bbox 2460 5375 4045 5467">
    <p class='ocr_par' dir='ltr' id='par_1_108' title="bbox 2460 5375 4045 5467">
     <span class='ocr_line' id='line_1_108' title="bbox 2460 5375 4045 5467; baseline -0.015 -16"><span class='ocrx_word' id='word_1_788' title='bbox 2460 5396 2875 5467; x_wconf 82' lang='grc' dir='ltr'><strong>ἀκριϐέστερον.</strong></span> <span class='ocrx_word' id='word_1_789' title='bbox 2920 5387 3251 5459; x_wconf 79' lang='grc' dir='ltr'><strong>Ἐπιγνοῦσα</strong></span> <span class='ocrx_word' id='word_1_790' title='bbox 3278 5386 3336 5440; x_wconf 89' lang='grc' dir='ltr'><strong>δέ</strong></span> <span class='ocrx_word' id='word_1_791' title='bbox 3358 5401 3480 5439; x_wconf 84' lang='grc' dir='ltr'><strong>τινα</strong></span> <span class='ocrx_word' id='word_1_792' title='bbox 3512 5382 3767 5450; x_wconf 81' lang='grc' dir='ltr'><strong>σύσσημα</strong></span> <span class='ocrx_word' id='word_1_793' title='bbox 3799 5379 3860 5430; x_wconf 73' lang='grc' dir='ltr'><strong>ἒν</strong></span> <span class='ocrx_word' id='word_1_794' title='bbox 3894 5375 4045 5467; x_wconf 66' lang='grc' dir='ltr'><strong>αυτῷ</strong></span> 
     </span>
    </p>
   </div>
   <div class='ocr_carea' id='block_1_109' title="bbox 2464 5465 4044 5555">
    <p class='ocr_par' dir='ltr' id='par_1_109' title="bbox 2464 5465 4044 5555">
     <span class='ocr_line' id='line_1_109' title="bbox 2464 5465 4044 5555; baseline -0.018 -11"><span class='ocrx_word' id='word_1_795' title='bbox 2464 5465 2584 5543; x_wconf 80' lang='grc' dir='ltr'><strong>κατ’</strong></span> <span class='ocrx_word' id='word_1_796' title='bbox 2618 5486 2799 5555; x_wconf 85' lang='grc' dir='ltr'><strong>ὀλίγον</strong></span> <span class='ocrx_word' id='word_1_797' title='bbox 2830 5481 3248 5553; x_wconf 80' lang='grc' dir='ltr'><strong>ὲλιποψύχησεν,</strong></span> <span class='ocrx_word' id='word_1_798' title='bbox 3279 5479 3422 5531; x_wconf 82' lang='grc' dir='ltr'><strong>ὥστε</strong></span> <span class='ocrx_word' id='word_1_799' title='bbox 3464 5475 3557 5528; x_wconf 75' lang='grc' dir='ltr'><strong>καὶ</strong></span> <span class='ocrx_word' id='word_1_800' title='bbox 3602 5472 3746 5541; x_wconf 78' lang='grc' dir='ltr'><strong>ὕδωρ</strong></span> <span class='ocrx_word' id='word_1_801' title='bbox 3778 5465 4044 5537; x_wconf 73' lang='grc' dir='ltr'><strong>ἐπιχεθῆ-</strong></span> 
     </span>
    </p>
   </div>
   <div class='ocr_carea' id='block_1_110' title="bbox 2464 5563 4048 5651">
    <p class='ocr_par' dir='ltr' id='par_1_110' title="bbox 2464 5563 4048 5651">
     <span class='ocr_line' id='line_1_110' title="bbox 2464 5563 4048 5651; baseline -0.015 -14"><span class='ocrx_word' id='word_1_802' title='bbox 2464 5601 2557 5636; x_wconf 73' lang='lat' dir='ltr'><strong>vat</strong></span> <span class='ocrx_word' id='word_1_803' title='bbox 2586 5582 2631 5615; x_wconf 85' lang='lat'><strong>&quot;</strong></span> <span class='ocrx_word' id='word_1_804' title='bbox 2670 5582 2809 5651; x_wconf 75' lang='grc' dir='ltr'><strong>αὐτῇ</strong></span> <span class='ocrx_word' id='word_1_805' title='bbox 2844 5579 2938 5633; x_wconf 68' lang='grc' dir='ltr'><strong>καὶ</strong></span> <span class='ocrx_word' id='word_1_806' title='bbox 2973 5576 3063 5630; x_wconf 78' lang='grc' dir='ltr'><strong>διὰ</strong></span> <span class='ocrx_word' id='word_1_807' title='bbox 3104 5574 3199 5629; x_wconf 79' lang='grc' dir='ltr'><strong>τοῦ</strong></span> <span class='ocrx_word' id='word_1_808' title='bbox 3252 5573 3361 5627; x_wconf 83' lang='grc' dir='ltr'><strong>ἀπὸ</strong></span> <span class='ocrx_word' id='word_1_809' title='bbox 3409 5569 3578 5642; x_wconf 80' lang='grc' dir='ltr'><strong>ρὁων</strong></span> <span class='ocrx_word' id='word_1_810' title='bbox 3626 5566 3948 5635; x_wconf 70' lang='grc' dir='ltr'><strong>πάγματος</strong></span> <span class='ocrx_word' id='word_1_811' title='bbox 3988 5563 4048 5615; x_wconf 71' lang='grc' dir='ltr'><strong>τὸ</strong></span> 
     </span>
    </p>
   </div>
   <div class='ocr_carea' id='block_1_111' title="bbox 2064 5677 2748 5736">
    <p class='ocr_par' dir='ltr' id='par_1_111' title="bbox 2064 5677 2748 5736">
     <span class='ocr_line' id='line_1_111' title="bbox 2064 5677 2748 5736; baseline -0.001 -1"><span class='ocrx_word' id='word_1_812' title='bbox 2064 5679 2298 5736; x_wconf 69' lang='lat' dir='ltr'><strong>VARI/IS</strong></span> <span class='ocrx_word' id='word_1_813' title='bbox 2340 5677 2748 5736; x_wconf 79' lang='lat' dir='ltr'><strong>LECTIONES.</strong></span> 
     </span>
    </p>
   </div>
   <div class='ocr_carea' id='block_1_112' title="bbox 851 5770 1299 5829">
    <p class='ocr_par' dir='ltr' id='par_1_112' title="bbox 851 5770 1299 5829">
     <span class='ocr_line' id='line_1_112' title="bbox 851 5770 1299 5829; baseline 0.007 -3"><span class='ocrx_word' id='word_1_814' title='bbox 851 5770 901 5806; x_wconf 81' lang='grc'>⁸³</span> <span class='ocrx_word' id='word_1_815' title='bbox 931 5773 1248 5827; x_wconf 74' lang='grc' dir='ltr'><strong>ἀνεϐίϐασεν</strong></span> <span class='ocrx_word' id='word_1_816' title='bbox 1278 5777 1299 5829; x_wconf 86' lang='lat'>?</span> 
     </span>
    </p>
   </div>
   <div class='ocr_carea' id='block_1_113' title="bbox 784 5843 1233 5915">
    <p class='ocr_par' dir='ltr' id='par_1_113' title="bbox 784 5843 1233 5915">
     <span class='ocr_line' id='line_1_113' title="bbox 784 5843 1233 5915; baseline 0.004 -22"><span class='ocrx_word' id='word_1_817' title='bbox 784 5843 829 5877; x_wconf 80' lang='lat'><strong>&quot;</strong></span> <span class='ocrx_word' id='word_1_818' title='bbox 860 5844 1142 5915; x_wconf 66' lang='grc' dir='ltr'><strong>ἒκχεθῆναι</strong></span> <span class='ocrx_word' id='word_1_819' title='bbox 1175 5844 1233 5899; x_wconf 81' lang='grc' dir='ltr'><strong>Ρ,</strong></span> 
     </span>
    </p>
   </div>
   <div class='ocr_carea' id='block_1_114' title="bbox 1418 5776 2979 5849">
    <p class='ocr_par' dir='ltr' id='par_1_114' title="bbox 1418 5776 2979 5849">
     <span class='ocr_line' id='line_1_114' title="bbox 1418 5776 2979 5849; baseline 0.003 -17"><span class='ocrx_word' id='word_1_820' title='bbox 1418 5779 1462 5809; x_wconf 78' lang='grc'><strong>⁵⁸</strong></span> <span class='ocrx_word' id='word_1_821' title='bbox 1494 5778 1959 5849; x_wconf 72' lang='grc' dir='ltr'><strong>προπορευὸμενος</strong></span> <span class='ocrx_word' id='word_1_822' title='bbox 1991 5778 2084 5833; x_wconf 69' lang='grc' dir='ltr'><strong>τοῦ</strong></span> <span class='ocrx_word' id='word_1_823' title='bbox 2119 5779 2380 5849; x_wconf 73' lang='grc' dir='ltr'><strong>βασιλέως</strong></span> <span class='ocrx_word' id='word_1_824' title='bbox 2406 5777 2467 5847; x_wconf 78' lang='grc' dir='ltr'><strong>Ρ,</strong></span> <span class='ocrx_word' id='word_1_825' title='bbox 2491 5778 2695 5835; x_wconf 86' lang='lat' dir='ltr'><strong>omisso</strong></span> <span class='ocrx_word' id='word_1_826' title='bbox 2724 5776 2979 5847; x_wconf 76' lang='grc' dir='ltr'><strong>ἔφιπποςο</strong></span> 
     </span>
    </p>
   </div>
   <div class='ocr_carea' id='block_1_115' title="bbox 3088 5760 4046 5826">
    <p class='ocr_par' dir='ltr' id='par_1_115' title="bbox 3088 5760 4046 5826">
     <span class='ocr_line' id='line_1_115' title="bbox 3088 5760 4046 5826; baseline -0.009 -1"><span class='ocrx_word' id='word_1_827' title='bbox 3088 5772 3131 5803; x_wconf 86' lang='grc'><strong>⁵⁷</strong></span> <span class='ocrx_word' id='word_1_828' title='bbox 3158 5769 3216 5824; x_wconf 75' lang='grc' dir='ltr'><strong>τὸ</strong></span> <span class='ocrx_word' id='word_1_829' title='bbox 3244 5784 3351 5826; x_wconf 91' lang='lat' dir='ltr'><strong>om.</strong></span> <span class='ocrx_word' id='word_1_830' title='bbox 3376 5766 3438 5820; x_wconf 76' lang='grc' dir='ltr'><strong>Α.</strong></span> <span class='ocrx_word' id='word_1_831' title='bbox 3565 5766 3609 5797; x_wconf 77' lang='grc'><strong>⁸⁸</strong></span> <span class='ocrx_word' id='word_1_832' title='bbox 3639 5762 3803 5816; x_wconf 69' lang='grc' dir='ltr'><strong>αὐτὸν</strong></span> <span class='ocrx_word' id='word_1_833' title='bbox 3834 5775 3952 5817; x_wconf 80' lang='lat' dir='ltr'><strong>om.</strong></span> <span class='ocrx_word' id='word_1_834' title='bbox 3986 5760 4046 5816; x_wconf 82' lang='grc' dir='ltr'><strong>Ρ.</strong></span> 
     </span>
    </p>
   </div>
  </div>
