4154 6446
705 404 805 475 251

1810 405 2319 466 THEOPHANES
2353 406 2911 467 CONTINUATUS.

3898 401 4002 461 252

707 520 1231 590 Crsarinvidiaque
1282 518 1598 574 stiruulatus
1642 533 1704 572 ac
1761 518 1931 572 futuri
1986 526 2131 573 metu
2163 533 2292 572 con-

2419 538 2531 592 rr'qv
2570 518 2917 590 ὲπιδιὼὺσης
2964 520 3062 589 τῆς
3102 518 3194 571 τοῦ
3243 517 3510 588 βασιλέως
3576 516 3799 586 ἀγάπης
3852 517 3993 583 πρὸς

707 622 1006 676 sternatus,
1037 626 1132 666 eos
1184 611 1275 679 qui
1326 609 1431 678 ipsi
1482 609 1804 663 insidiarum
1859 608 1912 662 in
1964 608 2288 663 Damianum

708 714 962 757 auctores
1010 702 1336 758 exstiterant
1394 703 1557 771 inque
1609 716 1703 756 eas
1763 702 2118 772 impulerant,
2180 716 2289 756 nun

710 813 833 850 raro
884 796 1191 851 maledictis
1254 811 1317 849 ac
1370 794 1625 849 convitiis
1665 794 2005 860 incessebat,
2056 795 2299 850 insulsos

710 906 914 944 vocans
959 904 1024 943 ac
1061 889 1443 951 inconsultos,
1489 889 1700 957 quibus,
1735 888 1938 957 inquit,
1981 904 2101 958 ego,
2130 904 2297 956 supra

708 999 866 1049 quam
895 982 1110 1036 decebat
1156 981 1312 1049 ﬁdem
1342 980 1560 1039 habens,
1608 980 1775 1047 ejerta
1826 979 1981 1048 vulpe
2022 980 2138 1049 ejus
2178 981 2293 1033 loco

711 1074 908 1125 leonem
936 1073 1147 1131 induxi,
1174 1084 1231 1124 ut
1255 1089 1349 1125 nos
1389 1089 1565 1125 omnes
1591 1072 1867 1124 devoraret
1896 1088 1958 1124 ac
1986 1071 2291 1140 deglutirct.

2402 612 2492 666 τὸν
2524 614 2828 677 Βασίλειον,
2863 612 3008 683 ὀρῶν
3042 613 3066 664 ό
3100 613 3317 681 Καῖσαρ
3352 610 3446 662 καὶ
3488 609 3565 679 τῷ
3589 608 3770 679 φθόνῳ
3801 608 3996 659 δακνό-

2408 720 2570 772 μενος
2623 706 2720 757 καὶ
2763 703 2903 771 ὑπὲρ
2948 701 3041 755 τοῦ
3088 701 3375 772 μέλλοντος
3428 699 3687 771 ὀρρωδῶν
3727 696 3997 758 πολλάκις

2405 798 2533 859 τοὺς
2568 797 2663 850 ἐπὶ
2691 797 2913 867 διαϐολῇ
2944 796 3040 849 τοῦ
3069 793 3345 865 Δαμιανοῦ
3385 792 3644 861 γενέσθαι
3670 790 3834 843 αὑτὸν
3869 788 3998 857 βου-

2403 888 2773 959 λευσαμένους
2834 892 2926 944 καὶ
2987 889 3460 960 παρορμήσαντας
3516 885 3841 954 ἐλοιδορεῖτο
3903 881 4000 934 καὶ

2407 985 2798 1054 κατεμέμφετο
2832 1028 2845 1050 ,
2905 985 3151 1053 ἄφρονας
3209 982 3406 1044 αὐτοὺς
3466 979 3561 1032 καὶ
3622 974 4001 1033 κακοϐούλους

2403 1075 2724 1141 ἀποκαλῶν,
2767 1072 2892 1142 οἷς,
2951 1076 3141 1146 φησὶν,
3181 1072 3296 1143 ἐγὼ
3340 1071 3501 1138 παρὰ
3580 1073 3644 1123 τὸ
3700 1067 3843 1121 δέον
3882 1080 4005 1133 πει-

708 1166 901 1231 σθεὶς,
967 1163 1063 1217 καὶ
1097 1164 1365 1230 ἐξεώσας
1415 1163 1718 1230 ἀλώπεκα,
1776 1162 1999 1217 λέοντα
2035 1163 2501 1236 ἀντεισῆγαγον,
2574 1170 2676 1223 ἵνα
2733 1170 2966 1235 πάντας
3004 1167 3162 1237 ἡμᾶς
3219 1166 3463 1235 λαρύξῃ
3529 1163 3627 1217 καί
3705 1156 4005 1227 καταερώ-

711 1258 907 1322 fumi.

781 1354 870 1407 Π.
921 1352 1037 1406 lam
1070 1366 1202 1404 vero
1255 1349 1519 1404 Mirhaele
1568 1349 1899 1419 imperatore
1948 1367 2072 1407 cum
2127 1368 2301 1407 avun-

709 1446 836 1499 culo
874 1444 1051 1497 Barda
1098 1443 1319 1498 Cmsare
1362 1442 1629 1499 adversus
1658 1442 1879 1498 Cretam
1925 1444 2189 1513 profecto,
2236 1460 2301 1498 ac

711 1541 929 1591 (la-sere
961 1535 1312 1604 arrogantius
1360 1537 1524 1591 rebus
1572 1544 1758 1589 utente
1787 1536 2094 1606 majorique
2132 1553 2297 1605 quam

710 1645 812 1700 pro
844 1644 1075 1683 munere
1120 1629 1448 1682 auctoritate
1493 1627 1721 1697 imperia
1770 1628 1967 1683 edente
2000 1643 2066 1683 ac
2109 1630 2300 1699 przeci-

712 1724 920 1793 piente,
957 1721 1161 1776 crebra:
1198 1722 1251 1774 in
1282 1735 1408 1774 eum
1439 1720 1691 1789 quotidie
1722 1736 1792 1774 ac
1823 1721 2100 1775 continuae
2122 1721 2303 1776 crimi-

2484 1356 2567 1418 ιζ’.
2630 1354 2791 1423 Ἀρτι
2838 1351 2895 1403 δὲ
2946 1349 3039 1401 τοῦ
3074 1346 3336 1418 βασιλέως
3376 1343 3599 1415 Μιχαὴλ
3648 1343 3787 1414 μετά
3817 1342 4003 1413 Βάρδα

2410 1446 2502 1499 τοῦ
2533 1446 2680 1499 θείου
2706 1444 2987 1513 Καίσαρος
3011 1442 3056 1474 ⁸⁸
3089 1441 3232 1495 κατά
3264 1439 3490 1509 Κρήτης
3513 1434 4003 1504 ὲκστρατεύοντος,

2410 1539 2505 1590 καὶ
2535 1537 2915 1608 σοϐαρώτερον
2948 1533 3044 1587 τοῦ
3074 1533 3355 1603 Καίσαρος
3388 1529 3678 1601 χρωμένου
3717 1530 3827 1591 τοῖς
3856 1527 4004 1596 ττρᾲ⁶

2410 1646 2583 1699 γμασι
2630 1629 2726 1681 καὶ
2750 1622 3305 1694 ὲξουσιαστικὼτερον
3352 1620 3679 1692 ἐκφέροντος
3709 1622 3777 1674 τὰ
3822 1635 4005 1689 προσ-

2409 1723 2689 1789 τάγματα,
2745 1716 2984 1790 ἤρξαντο
3040 1718 3246 1770 πυκναὶ
3310 1716 3405 1768 καὶ
3485 1716 3731 1784 συνεχεῖς
3773 1714 3830 1766 αἱ
3878 1711 4007 1765 κατ’

713 1815 961 1870 nationes
992 1820 1185 1881 empta:
1236 1812 1583 1882 imperatoris
1629 1810 1912 1867 Michaelis
1962 1828 2125 1867 aures
2184 1814 2303 1881 pul-

2419 1813 2577 1867 αὖτοῦ
2608 1811 2862 1866 διαϐολαὶ
2920 1811 3044 1863 καθ’
3102 1809 3340 1879 ἑκάστην
3402 1806 3482 1877 τῷ
3538 1805 3750 1876 βασιλεῖ
3782 1804 4008 1874 Μιχαὴλ

711 1921 857 1961 sare.
891 1904 1067 1973 Cepos
1100 1916 1225 1959 cum
1254 1905 1532 1959 venissent
1587 1905 1692 1973 (est
1741 1906 1896 1959 locus
1952 1905 2008 1958 in
2059 1905 2301 1959 Thrace-

715 1995 812 2049 siis
834 1995 999 2066 236
1029 1995 1339 2049 maritimus
1391 1994 1458 2048 ad
1501 1993 1847 2064 Meandrum)
1883 2010 1969 2060 ac,
2019 1995 2136 2051 sive
2168 2012 2301 2050 casu

714 2087 831 2142 sive
865 2086 933 2140 de
975 2086 1263 2150 industria,
1304 2085 1657 2155 imperatoria
1707 2086 1879 2140 aulzea
1929 2086 2044 2142 sive
2078 2089 2305 2142 cortinae

714 2178 769 2233 in
803 2178 999 2231 humili
1043 2186 1097 2231 et
1160 2179 1423 2246 depresso
1464 2179 1605 2241 loco,
1648 2177 1882 2232 Caesaris
1920 2178 1973 2232 in
2002 2180 2305 2246 conspicuo

716 2272 1046 2340 cxcelsoque
1098 2287 1354 2340 expansa:
1408 2280 1560 2324 sunt.
1598 2269 1716 2323 llac
1752 2270 1900 2324 velut
1938 2270 2184 2339 speciosa
2219 2285 2307 2323 ar-

714 2374 868 2434 repta
904 2364 1217 2428 occasione,
1251 2364 1343 2433 qui
1378 2363 1527 2431 gravi
1571 2362 1779 2432 pridem
1823 2364 2010 2417 animo
2041 2370 2199 2416 erant
2242 2374 2305 2415 ac

714 2454 988 2510 Caesarem
1042 2456 1294 2520 oderant,
1332 2454 1503 2508 multa
1566 2454 1619 2507 in
1660 2469 1785 2508 eum
1818 2454 2302 2523 criminajaciunt,

717 2558 778 2602 ut
811 2550 905 2617 qui
932 2548 1044 2616 jam
1090 2547 1445 2601 insolesceret
1496 2549 1790 2616 palamque
1844 2548 1900 2601 in
1950 2547 2306 2617 imperatoris

715 2647 1091 2708 contemptum
1130 2639 1503 2708 injuriamque
1552 2648 1958 2709 prorumperet,
1992 2638 2123 2693 dum
2173 2639 2302 2692 reli-

716 2732 843 2802 quis
880 2731 1138 2785 omnibus
1165 2746 1276 2785 non
1318 2739 1615 2787 contentus
1646 2731 1731 2788 vel
1776 2733 1831 2785 in
1876 2732 1983 2787 hoc
2026 2732 2308 2787 ambitiosi

716 2824 887 2879 animi
920 2824 1200 2892 specimen
1237 2823 1305 2877 de
1336 2824 1606 2878 industria
1635 2825 1951 2894 quaesierat,
1982 2834 2044 2879 ut
2070 2825 2309 2894 impera-

720 2914 857 2967 toris
886 2914 1181 2968 teutorium
1220 2914 1425 2969 humile
1457 2929 1525 2968 ac
1560 2915 1885 2985 depressum
1922 2926 2092 2983 esset,
2138 2916 2314 2986 ipsius

721 3023 847 3060 vero
881 3008 1239 3077 conspicuum
1291 3007 1685 3077 excelsumque
1715 3018 1975 3064 exstaret.
2010 3008 2107 3065 llis
2132 3010 2315 3078 itaque

720 3114 1022 3167 persuasus
1078 3099 1381 3167 imperator
1436 3100 1502 3151 ad
1558 3099 1912 3155 adornandas
1956 3100 2033 3154 illi
2087 3099 2314 3154 insidias

2411 1903 2850 1973 διαγγέλλεσθαι.
2909 1904 3000 1957 Ἐν
3051 1904 3270 1971 Κήποις
3332 1900 3388 1953 δὲ
3454 1897 3764 1969 γενομένων
3822 1895 4009 1948 αὐτῶν

2415 1999 2601 2065 (τόπος
2638 1999 2693 2052 δὲ
2744 1991 2899 2060 οὗτος
2954 1997 3096 2051 κατὰ
3151 1994 3251 2066 τὴν
3297 1995 3434 2065 πρὶς
3479 1992 3778 2062 Μαιάνδρῳ
3812 1990 3923 2042 τῶν
3961 1988 4010 2021 ⁶⁹

2413 2091 2741 2163 θρακησίων
2774 2089 3064 2160 παράλιον)
3087 2089 3181 2141 καὶ
3217 2090 3326 2140 εἴτε
3358 2086 3500 2139 κατά
3520 2084 3693 2155 τύχην
3719 2084 3830 2137 εἴτε
3861 2081 4011 2136 κατά

2416 2183 2655 2253 σπουδὴν
2685 2183 2781 2253 τῆς
2813 2182 2910 2236 τοῦ
2962 2180 3230 2252 βασιλέως
3274 2179 3505 2241 αὐλαίας
3532 2178 3653 2247 ἦτοι
3681 2176 3884 2246 κόρτης
3913 2173 4010 2225 ἐπὶ

2417 2275 2698 2349 χθαμαλοῦ
2746 2277 2843 2330 καὶ
2872 2276 3135 2329 ἐπιπέδου
3166 2273 3430 2343 ταθείσης
3457 2271 3649 2336 τόπου,
3684 2270 3785 2339 τῆς
3825 2269 3885 2321 δὲ
3912 2264 4010 2319 τοῦ

2419 2370 2700 2441 Καίσαρος
2732 2370 2789 2422 ἐν
2820 2368 3051 2438 ἀπόπτῳ
3084 2366 3178 2421 καὶ
3206 2366 3250 2397 ⁷ο
3283 2363 3498 2433 ὑψηλῷ,
3531 2362 3740 2431 ταύτης
3775 2358 4007 2426 εὐλόγου

2418 2462 2583 2531 δῆθεν
2620 2461 2951 2533 δραξάμενοι
3003 2461 3262 2531 ἀφορμῆς
3316 2460 3365 2511 οἱ
3419 2457 3589 2510 πάλαι
3645 2453 4013 2526 βαρυνόμενοι

2420 2552 2517 2608 καὶ
2550 2552 2837 2624 μισοῦντες
2872 2553 2965 2606 τὸν
3013 2553 3273 2622 Καίσαρα
3322 2548 3527 2612 πολλὰς
3571 2546 3692 2601 κατ’
3747 2544 3916 2599 αὐτοῦ
3963 2544 4009 2575 ⁷⁸

2419 2647 2495 2709 ὡς
2526 2646 2903 2717 ὲντρυφῶντος
2934 2647 3037 2717 ἠδη
3070 2648 3164 2700 καὶ
3218 2644 3472 2715 φανερῶς
3502 2644 3582 2707 εἰς
3615 2641 3709 2694 τὸν
3739 2637 4018 2708 αὐτοκρά-

2418 2757 2554 2811 τορα
2581 2738 2981 2811 ὲξυϐρίζοντος,
3018 2738 3068 2791 εί
3115 2739 3230 2800 τοῖς
3275 2737 3459 2797 ἀλλοις
3499 2736 3705 2789 ἅπασιν
3756 2733 3858 2784 οὐκ
3909 2732 4015 2799 ἀρο

2423 2831 2689 2902 κούμενος
2731 2832 2835 2884 κάν
2883 2830 3061 2901 τούτῳ
3112 2827 3578 2899 φιλοτιμήσασθαι
3604 2827 3894 2884 ἔσπευσεν,
3924 2822 4017 2875 ἶνα

2422 2923 2677 2995 χθαμαλὴ
2704 2923 2804 2992 μὲν
2830 2923 2926 2976 καὶ
2949 2922 3184 2994 ταπεινὴ
3213 2924 3247 2993 ή
3277 2920 3373 2974 τοῦ
3404 2919 3811 2987 αὐτοκράτορος
3838 2913 4018 2985 σκηνὴ

2423 3018 2739 3081 δείκνυται,
2771 3018 2806 3087 ἡ
2841 3016 2899 3070 δὲ
2949 3016 3162 3069 ἐκείνου
3216 3014 3527 3086 περιφανὴς
3572 3013 3668 3064 καὶ
3714 3011 4017 3080 μετέωρος.

2427 3111 2683 3175 Πεισθεὶς
2714 3105 2809 3163 οὖν
2839 3109 3055 3173 τούτοις
3112 3110 3141 3161 ό
3200 3106 3452 3178 βασιλεὺς
3485 3106 3716 3158 κινεῖται
3746 3101 3887 3172 πρὸς
3916 3100 4019 3170 τὴν

720 3190 1000 3244 convertit
1040 3191 1310 3255 animum,
1347 3191 1525 3259 deque
1571 3206 1639 3245 eo
1671 3191 1912 3247 tollendo
1939 3193 2084 3246 serio
2116 3193 2310 3260 cogitat

2423 3204 2543 3256 κατ’
2586 3201 2754 3256 αὐτοῦ
2789 3201 3067 3270 συσκευὴν
3096 3200 3189 3254 καὶ
3222 3198 3361 3269 πρὸς
3399 3197 3499 3267 τὴν
3527 3196 3723 3266 βουλὴν
3754 3193 3852 3246 καὶ
3886 3193 4020 3246 σκέ-

720 3296 785 3335 ac
833 3280 1118 3335 deliberat.
1173 3280 1283 3336 Nec
1342 3282 1489 3335 enim
1528 3282 1706 3351 palam
1744 3282 1939 3337 licebat
1984 3285 2035 3336 in
2060 3298 2186 3338 eum
2217 3284 2316 3337 ali-

722 3371 852 3440 quid
889 3371 1133 3441 proferre
1163 3383 1258 3426 aut
1284 3372 1600 3437 decernere,
1626 3373 1773 3442 quod
1816 3375 1937 3444 pari
1991 3374 2107 3429 fere
2135 3377 2319 3443 digni-

723 3472 838 3518 tate
882 3462 1119 3530 fulgeret
1168 3464 1467 3530 sociusque
1530 3463 1749 3532 imperii
1815 3475 1984 3528 esset,
2044 3475 2099 3520 et
2164 3466 2315 3536 quod

722 3570 914 3623 omnes
947 3556 1093 3610 illius
1126 3557 1336 3611 amicos
1384 3565 1441 3610 et
1473 3557 1691 3612 sodales
1744 3557 2158 3630 fcederatosque
2190 3576 2316 3629 per-

726 3649 1099 3713 timescerent,
1129 3650 1427 3718 cunctique
1466 3665 1723 3719 proceres
1747 3665 1809 3705 ac
1838 3652 2007 3708 duces
2042 3659 2319 3710 exercitus

726 3741 806 3795 illi
851 3740 1057 3795 addicti
1093 3749 1302 3805 essent,
1334 3742 1401 3795 ad
1433 3756 1673 3810 eumque
1705 3744 1881 3813 magis
1904 3760 2067 3814 quam
2103 3747 2170 3800 ad
2213 3747 2317 3801 im-

726 3841 1036 3902 peratorem
1078 3834 1326 3886 animum
1363 3834 1731 3902 attenderem,
1761 3850 1828 3890 eo
1880 3838 2027 3907 quod
2086 3854 2195 3907 pne
2228 3840 2320 3893 illo

727 3923 902 3993 magis
929 3924 1094 3979 rebus
1128 3924 1441 3994 invigilaret
1483 3926 1810 3998 singulaque
1836 3930 2106 3986 arbitratu
2136 3948 2240 3987 suo
2267 3945 2321 3989 et

728 4029 864 4072 nutu
926 4024 1202 4083 mutaret;
1260 4018 1354 4073 sed
1395 4020 1667 4089 praecipue
1718 4022 1790 4077 ob
1838 4026 2222 4092 proconsulem
2269 4037 2323 4081 et

728 4111 1020 4179 patricium
1052 4112 1414 4183 Antigonum,
1456 4113 1605 4167 illius
1654 4114 1848 4181 lilium,
1884 4125 2014 4173 tunc
2058 4121 2320 4186 temporis

728 4205 1187 4273 praetorianarum
1244 4206 1563 4261 scholarum
1619 4209 2007 4265 domesticum.
2042 4211 2317 4268 Caeterum

725 4298 891 4352 etiam
924 4297 1163 4353 habebat
1202 4298 1501 4369 imperator
1544 4302 1747 4357 inultos
1794 4302 1915 4370 eius
1958 4305 2062 4358 sibi
2096 4306 2317 4361 consilii

727 4392 1003 4457 conscios,
1052 4408 1117 4447 ac
1168 4393 1264 4463 qui
1298 4394 1401 4463 ipsi
1440 4393 1493 4448 in
1530 4410 1591 4451 se
1631 4397 1978 4465 recepissent
2008 4398 2211 4454 easdem
2255 4414 2316 4454 se

730 4494 1166 4555 perpetraturos.
1221 4485 1378 4541 Mane
1425 4488 1611 4557 itaque
1645 4488 1809 4559 237
1844 4489 2029 4546 (Σίνδοι-
2058 4507 2127 4546 ex
2163 4507 2318 4548 more

2425 3297 2518 3366 ψιν
2547 3296 2645 3365 τῆς
2679 3294 2847 3349 αὑτοῦ
2871 3294 3233 3366 ἀναιρέσεως·
3269 3293 3328 3345 οὐ
3358 3290 3470 3361 γὰρ
3492 3288 3726 3358 ἠδύνατο
3761 3284 4021 3355 φανερῶς

2422 3390 2543 3442 κατ’
2570 3388 2738 3442 αὑτοῦ
2771 3405 2825 3441 τι
2858 3388 3035 3441 είπεῖν
3066 3385 3099 3455 ἦ
3125 3382 3517 3454 ἀποφήνασθαι
3547 3380 3633 3433 διὰ
3661 3379 3723 3432 τὸ
3755 3377 4023 3448 ὁμότιμον

2423 3482 2607 3551 σχεδὸν
2664 3477 2803 3535 εἶναι
2864 3481 2960 3534 καὶ
3009 3479 3267 3534 κοινωνὸν
3326 3476 3427 3546 τῆς
3502 3474 3698 3546 ἀρχῆς,
3761 3471 3861 3525 καὶ
3929 3469 4024 3523 διὰ

2420 3572 2481 3625 τὸ
2543 3570 2774 3624 δεδιέναι
2851 3569 3064 3631 πάντας
3138 3567 3238 3636 τὴν
3310 3564 3625 3636 ἑταιριῶτιν
3700 3559 3868 3614 αὑτοῦ
3909 3576 4022 3628 φα-

2420 3662 2581 3729 τρίαν
2609 3661 2705 3714 καὶ
2736 3658 3021 3723 σύστασιν,
3050 3658 3145 3710 καὶ
3171 3657 3233 3709 τὸ
3264 3655 3472 3717 πάντας
3498 3655 3625 3716 τοὺς
3662 3649 3935 3723 ἄρχοντάς
3962 3665 4023 3700 τε

2423 3754 2519 3809 καὶ
2581 3752 2923 3822 στρατηγοὺς
2975 3748 3126 3819 αὺτῷ
3176 3745 3646 3820 προσανακεκθαι
3724 3744 3821 3795 καὶ
3880 3742 4022 3812 πρὸς

2421 3848 2585 3901 αὐτὸν
2634 3846 2838 3917 μᾶλλον
2882 3843 2916 3915 ἢ
2972 3841 3108 3913 πρὸς
3162 3841 3255 3895 τὸν
3311 3838 3535 3910 βασιλέα
3590 3837 3745 3907 δρᾷν,
3802 3835 3879 3897 ὡς
3927 3835 4027 3887 καὶ

2426 3940 2627 4007 μᾶλλον
2677 3936 2891 3990 ἐκείνου
2948 3938 3065 3998 τοῖς
3100 3934 3400 4003 πράγμασι
3433 3932 3699 4002 νήφοντος
3745 3930 3840 3981 καὶ
3876 3929 4025 3997 πρὸς

2422 4026 2483 4078 τὸ
2505 4023 2703 4078 δοκοῦν
2742 4023 3149 4095 μεταφέροντος
3176 4022 3408 4084 ἕκαστα,
3441 4020 3537 4073 καὶ
3569 4018 3808 4089 μάλιστα
3844 4017 3936 4071 διὰ
3964 4016 4029 4068 τὸ

2422 4118 2513 4171 τὸν
2543 4117 2853 4171 ἀνθύπατον
2888 4116 2986 4169 καὶ
3042 4114 3337 4186 πατρίκιον
3400 4111 3714 4179 Ἀντίγονον
3760 4110 3854 4163 τὸν
3905 4108 4028 4161 υἱὸν

2423 4208 2587 4265 αὑτοῦ
2620 4208 2945 4278 δομέστικον
2982 4206 3043 4259 τδ
3082 4205 3389 4275 τηνικαῦτα
3421 4204 3531 4255 τῶν
3559 4200 3861 4273 βασιλικῶν
3885 4217 4027 4268 τυγ-

2425 4300 2616 4371 χάνειν
2642 4300 2870 4370 σχολῶν.
2906 4298 3055 4368 Πλὴν
3101 4297 3227 4367 ἔσχε
3284 4296 3515 4357 πολλοὺς
3553 4296 3583 4348 ὁ
3615 4293 3871 4364 βασιλεὺς
3894 4292 4028 4354 τοὺς

2424 4389 2817 4453 κοινωνοῦντας
2846 4387 2931 4461 [Ρ.
2975 4386 3099 4459 148]
3150 4386 3302 4457 αὑτῷ
3353 4386 3447 4438 τοῦ
3507 4384 3879 4455 βουλεύματος
3927 4381 4029 4435 καὶ

2425 4482 3041 4553 κατεπαγγελλομένους
3095 4478 3558 4551 καταπράξασθαι
3614 4480 3715 4548 τὴν
3780 4477 4026 4545 σφαγήν.

730 4578 797 4632 ad
846 4578 1197 4648 imperatoris
1257 4580 1553 4634 tentorium
1594 4582 1762 4645 venit,
1814 4584 1916 4638 etsi
1951 4584 2090 4638 mala
2134 4586 2310 4640 omhia

2441 4578 2528 4641 Ὠς
2557 4572 2651 4630 οὖν
2679 4577 2823 4630 κατὰ
2856 4575 2957 4645 τὴν
3005 4574 3081 4628 ξω
3115 4573 3364 4644 συνήθως
3398 4572 3428 4624 ό
3476 4572 3697 4641 Καῖσαρ
3749 4569 3887 4639 πρὸς
3925 4567 4031 4637 τὴν

730 4668 1171 4737 ιιιιςιιτίίιιμιελὶιιί
1210 4678 1339 4724 ante
1360 4670 1476 4724 visa
1502 4681 1682 4732 erant,
1723 4673 1792 4726 de
1827 4674 2191 4741 praesentibus
2222 4690 2321 4728 ne-

730 4761 895 4829 gotiis
922 4761 1212 4816 consilium
1268 4778 1395 4816 cum
1448 4778 1515 4817 eo
1562 4762 1875 4819 habiturus.
1932 4765 2316 4836 Opportunum

732 4867 862 4906 vero
898 4851 1031 4905 illud
1053 4861 1268 4924 tempus
1312 4853 1380 4907 ad
1408 4855 1533 4924 ejus
1567 4855 1771 4910 eadem
1804 4866 1957 4913 ratus
1994 4859 2319 4929 imperator,

729 4952 866 4999 nutu
917 4943 1198 5014 Symbatio
1245 4946 1481 5015 patricio
1508 4962 1706 5002 cursus
1735 4947 2045 5017 logolhetaz,
2076 4950 2171 5017 qui
2204 4950 2321 5006 Ca:-

732 5036 875 5091 saris
906 5037 1073 5091 llliam
1106 5037 1209 5092 sibi
1234 5040 1589 5094 matrimonio
1608 5040 1870 5109 iunxerat
1892 5056 1957 5097 ac
1988 5044 2322 5112 coniuratio-

734 5131 820 5183 nis
849 5145 972 5184 cum
1007 5130 1340 5202 imperatore
1377 5133 1563 5189 socius
1604 5143 1747 5199 erat,
1799 5134 2005 5191 indicat
2042 5144 2101 5189 ut
2131 5138 2322 5191 exiens

734 5223 969 5279 sicarios
1016 5225 1261 5279 inducat.
1299 5226 1569 5296 Egressus
1606 5226 1696 5280 ille
1745 5228 1963 5296 signum
2011 5229 2127 5295 dat,
2170 5232 2315 5299 quod

733 5316 876 5369 inter
915 5316 1041 5371 illos
1073 5328 1192 5371 erat
1214 5319 1603 5382 constitutum,
1636 5326 1695 5372 ut
1726 5334 1923 5388 nempe
1947 5320 2106 5391 signo
2136 5321 2320 5374 crucis

734 5404 967 5461 frontem
1002 5409 1373 5477 consignaret.
1409 5409 1544 5465 Dato
1575 5410 1756 5479 signo,
1800 5411 2049 5466 molliore
2080 5410 2315 5466 forsitan

734 5501 917 5555 animo
944 5504 1091 5559 viros
1137 5519 1305 5573 pavor
1334 5504 1671 5570 incesserat,
1708 5506 1875 5577 inque
1922 5507 2042 5578 ipso
2093 5507 2317 5561 sceleris

733 5595 967 5651 articulo
1014 5599 1085 5652 ob
1132 5596 1401 5653 facinoris
1445 5600 1847 5655 immanitatem
1892 5600 2162 5671 vertigine
2194 5617 2319 5657 cor-

2426 4671 2521 4725 τοῦ
2554 4670 2817 4742 βασιλέως
2846 4664 2979 4740 ἦλθε
3020 4666 3251 4737 σκηνὴν,
3301 4665 3479 4718 καίτοι
3509 4662 3765 4733 πονηρῶν
3796 4661 4012 4715 οἰωνῶν

2428 4763 2820 4835 προφανέντων
2862 4760 3037 4830 αὐτῷ,
3093 4761 3247 4823 ὅπως
3302 4756 3434 4828 περὶ
3474 4754 3587 4809 τῶν
3633 4752 4029 4826 προκειμένων

2432 4855 2857 4927 βουλεύσωνται,
2901 4852 3124 4907 εὔθετον
3157 4850 3353 4921 καιρὸν
3388 4847 3582 4902 τοῦτον
3616 4842 3757 4900 εἶναι
3789 4844 4032 4913 νομίσας

2428 4953 2457 5004 ὁ
2497 4949 2752 5021 βασιλεὺς
2785 4947 2925 5020 πρὸς
2956 4946 3059 5018 τὴν
3090 4944 3283 4999 τούτου
3316 4941 3603 5013 ἀναίρεσιν
3632 4939 3719 4993 διά
3750 4938 4032 5007 νεύματος

2428 5042 2687 5114 γνωρίζει
2720 5041 2798 5113 τῷ
2843 5038 3122 5109 πατρικίῳ
3152 5035 3447 5109 Συμϐατίῳ
3481 5032 3743 5103 λογοθέτῃ
3769 5031 3869 5084 τοῦ
3903 5031 4029 5100 δρό-

2426 5153 2528 5205 μου
2563 5134 2911 5204 τυγχάνοντι,
2963 5131 3030 5194 ὃς
3082 5130 3179 5185 καὶ
3223 5128 3476 5200 γαμϐρὸς
3508 5122 3579 5197 ἦν
3616 5124 3711 5178 τοῦ
3745 5123 4033 5191 Καίσαρος

2427 5230 2521 5282 ἐπὶ
2550 5226 2783 5299 θυγατρὶ
2842 5226 2939 5279 καὶ
2976 5225 3082 5294 τῆς
3129 5224 3253 5277 κατ’
3283 5220 3449 5276 αὐτοῦ
3495 5219 3693 5289 βουλῆς
3745 5214 4033 5270 ἐκοινώνει

2430 5321 2660 5391 βασιλεῖ,
2695 5320 2962 5388 ἐξελθόντι
2995 5319 3313 5386 εἰσαγαγεῖν
3336 5317 3464 5380 τοὺς
3500 5314 3831 5383 αὐτόχειρας
3858 5306 4031 5362 αὐτοῦ

2428 5413 2681 5480 γενέσθαι
2710 5412 3044 5481 ὀφείλοντας.
3085 5413 3184 5475 ’ος
3214 5407 3447 5476 ἐξελθὼν
3493 5409 3583 5460 καὶ
3622 5405 3683 5458 τὸ
3715 5402 4030 5471 συγκείμε-

2427 5524 2517 5560 νον
2550 5509 2775 5577 σημεῖον
2806 5505 3128 5576 πεποιηκὼς
3154 5544 3169 5564 ,
3223 5505 3366 5574 ὅπερ
3402 5497 3473 5572 ἦν
3523 5500 3585 5553 τὸ
3631 5497 3728 5552 τοῦ
3788 5512 4033 5565 σταυρου

2435 5600 2661 5668 σημεῖον
2708 5599 2778 5665 ⁷³,
2807 5599 2875 5668 τῇ
2925 5596 3105 5666 οἰκείᾳ
3134 5596 3257 5663 Mra:
3312 5590 3858 5663 ἐπισφραγίσασθαι,
3909 5589 4033 5639 ἐπεὶ

2045 5713 2283 5771 VARIA‘I
2327 5711 2737 5769 LECTIONES.

812 5805 856 5837 “
877 5805 1019 5859 θείου
1046 5807 1138 5859 καὶ
1168 5806 1481 5877 Καίσαροςῖ
1553 5812 1599 5843 "
1623 5811 1731 5863 τῶν
1763 5826 1874 5864 om.
1893 5810 1951 5864 l’.

2036 5811 2081 5842 το
2111 5812 2200 5863 καὶ
2229 5824 2339 5863 οηι.
2371 5808 2431 5862 1).
2508 5810 2550 5839 ’³
2583 5808 2710 5863 fort.
2740 5806 2912 5861 πολλὰ
2946 5807 3062 5862 κατ’
3092 5804 3257 5859 αὐτοῦ
3279 5802 3681 5865 διαϐάλλουσιν,
3731 5800 3816 5856 vel
3848 5800 4036 5854 διαθε-

736 5873 839 5941 λὰς
882 5878 1264 5947 προϐάλλουσι.
1296 5873 1543 5939 curnt-el.
1622 5884 1668 5915 ⁷³
1693 5884 1829 5955 ὅπερ
1862 5878 1929 5953 ἦν
1954 5880 2014 5939 τὸ
2036 5880 2127 5935 τοῦ
2162 5879 2398 5951 σταυροῦ
2426 5883 2650 5950 σημεῖον
2677 5896 2785 5933 oni.
2818 5877 2876 5932 I'.
