4154 6446
96 378 171 441 ἳξίί
1137 382 1277 439 LIB.
1318 382 1381 440 Υ.
1424 407 1485 415 --
1527 383 1736 440 nisu

1137 382 1277 439 LIB.
1318 382 1381 440 Υ.
1424 407 1485 415 --
1527 382 1881 441 ιιλδιιιϋδ
1906 382 2226 443 MACEDU.

3202 385 3314 453 ΞΜ

96 500 247 552 iusth
279 494 656 565 μαλακόᾁυχοι
681 498 725 527 ⁷³
754 495 916 564 τυχὸν
941 497 1092 560 ὄντες
1120 498 1503 552 ἀπεδειλίασαν
1527 502 1619 553 καὶ
1652 506 1695 560 Α
1727 516 1736 552 1

1671 498 1863 567 ιτοριί
1927 513 2108 555 moras
2160 497 2476 555 nectebant.
2540 500 2679 557 lliuc
2737 502 3036 574 imperator
3093 506 3311 561 consilii

96 592 194 661 πρὸς
216 589 358 658 αὗτῷ
392 590 469 658 τῷ
504 590 660 660 δεινῴ
704 591 990 658 γεγονότες
1024 591 1112 642 δια
1158 592 1218 644 τὸ
1258 592 1491 660 μέγεθος
1526 596 1621 664 τῆς

92 683 301 753 πράξεως
337 682 668 750 ίλιγγίασαν,
704 683 799 735 καὶ
827 682 991 751 τριϐὴ
1032 682 1124 735 τοῦ
1158 684 1351 755 χρόνου
1382 686 1620 753 ἐγένετο,

92 774 403 843 Ξνὰμτιχανίᾳ
427 773 701 844 κατέστηὸ
718 774 994 842 βασιλεὺς,
1027 775 1123 827 καὶ
1145 774 1316 827 διά⁷³’
1338 793 1483 841 τινος
1514 778 1623 831 τῶν

92 865 335 934 βασιλείων
365 868 753 920 κατευναστῶν
782 868 968 937 μαθὼν
997 870 1193 933 αὐτοὺς
1215 872 1622 940 κατεπτηχέναι

91 962 158 1010 zz".
187 960 377 1030 δειλιᾷν
404 962 498 1013 καὶ
521 960 921 1016 ἁναόάλλεσθαι
953 963 1014 1015 τὸ
1043 964 1371 1035 ἐγχείρημα,
1403 964 1484 1034 τῷ
1507 964 1622 1018 ὄντι

87 1052 280 1114 διανοίας
330 1054 591 1122 τόλμημα
643 1053 741 1106 καὶ
785 1052 981 1124 φρενὸς
1010 1054 1265 1124 ἀνδρείας
1298 1058 1391 1107 καὶ
1422 1055 1623 1124 εὐθαρο

94 1144 214 1206 ποῦς·
243 1146 335 1197 καὶ
362 1146 471 1197 τῶν
506 1145 653 1198 ἔνδον
684 1146 807 1199 τινὰ
854 1145 1054 1198 οίκεῖὸν
1091 1163 1151 1198 τε
1182 1148 1273 1199 καὶ
1308 1146 1497 1199 πιστὸν
1528 1148 1623 1199 ὲκ-

92 1238 255 1306 πέμπει
286 1238 424 1304 πρὸς
455 1236 739 1291 Βασίλειον
789 1238 879 1290 τὸν
909 1238 1198 1309 πατρίκιον
1232 1240 1327 1293 καὶ
1358 1256 1624 1310 παρακοι-

94 1327 319 1397 μὼμενον,
356 1329 451 1381 καὶ
509 1329 661 1399 δηλοί
707 1330 844 1397 μετὰ
906 1330 1060 1394 δέους
1096 1330 1268 1401 αὐτῷ,
1304 1331 1379 1395 ὡς
1427 1334 1495 1385 El
1537 1332 1619 1402 μὴ

92 1418 263 1473 θᾶττον
286 1418 649 1489 ἁναῤῥώσῃς
672 1420 813 1486 τοὺς
835 1424 922 1487 εἰς
960 1421 1027 1474 τὸ
1076 1422 1317 1492 πρᾶγμα
1344 1425 1623 1491 ηὐτρεπι-

92 1511 310 1580 (mirati;-
361 1513 456 1565 καὶ
493 1514 891 1583 παρορμήσῃς
928 1516 1148 1570 αὐτίκα
1172 1517 1323 1585 πρὸς
1349 1516 1415 1568 τὸ
1443 1518 1622 1587 ἔργον

92 1603 337 1671 χωρῆσαι,
399 1604 638 1669 πάντως
700 1604 836 1657 οἶδα
887 1605 978 1658 ὅτι
1010 1606 1231 1672 εὐθέως
1262 1607 1369 1675 ἐμὲ
1416 1608 1624 1672 δεήσει

89 1696 182 1750 ὑπὸ
212 1696 419 1748 τούτου
449 1693 853 1761 ἀναιρεθῆναι·
896 1696 1200 1751 ἀδύνατον
1244 1698 1354 1767 γὰρ
1398 1699 1622 1753 λαϐεῖν

90 1785 240 1837 αὑτὸν
266 1784 307 1815 ⁷⁸
346 1788 421 1838 τὰ
445 1787 572 1839 κατ’
606 1786 792 1839 αὑτοῦ
838 1803 943 1854 μοι
988 1787 1483 1856 βεϐουλευμένα,
1526 1789 1625 1843 καὶ

88 1876 258 1941 δόξετε
306 1878 554 1946 μᾶλλον
590 1878 759 1947 ὑμεῖς
809 1881 1157 1948 αὐτόχειρες
1216 1881 1315 1934 καί
1368 1882 1622 1951 σφαγεῖς

90 1973 411 2038 χρηματίσαι
443 1989 584 2039 μου.
620 1971 798 2041 "Amp
844 1971 1099 2042 ἀκηκοὼς
1125 1974 1153 2025 ὁ
1188 1973 1493 2040 Βασίλειος,
1529 1975 1621 2028 καὶ

89 2063 189 2129 περὶ
219 2061 305 2114 τοῦ
336 2060 605 2131 βασιλέως
632 2063 705 2132 μή
733 2080 785 2115 τι
818 2062 984 2117 πάθοι
1021 2064 1065 2095 ⁷⁸
1109 2065 1167 2117 ἐν
1213 2065 1426 2135 ἀγωνία
1461 2082 1624 2133 γεγο-

90 2149 194 2213 νὼς,
228 2149 416 2203 θᾶττον
472 2150 811 2222 θαρραλέους
858 2152 1083 2223 ἐποίησε
1126 2153 1254 2215 τοὺς
1288 2153 1498 2218 δειλοὺς
1528 2159 1626 2209 καὶ

88 2243 185 2303 τοὺς
239 2244 540 2312 τρέμοντας
590 2242 899 2313 εὐθαρσεῖς,
938 2246 1033 2298 καὶ
1086 2246 1153 2314 τῇ
1205 2245 1298 2298 τοῦ
1354 2246 1625 2314 βασιλέως

90 2333 246 2395 αὐτοὺς
279 2333 730 2402 ὑπηρετήσασθαι
765 2332 927 2404 βουλῇ
953 2335 1279 2407 διηρέθισεν.
1303 2331 1406 2388 Ὧν
1434 2336 1623 2407 ὥσπερ

90 2420 250 2488 μένους
275 2421 629 2492 πλησθέντων
672 2426 767 2477 κα)⁵
795 2424 1009 2494 ἁθρόως
1052 2426 1500 2497 εἰσπηδησάντων
1543 2430 1622 2490 εἰς

89 2511 163 2579 τὴν
186 2511 440 2581 βασιλέως
470 2515 695 2587 σκηνὴν,
723 2519 753 2571 6
798 2518 1034 2589 Καῖσαρ,
1065 2519 1203 2588 ὅπερ
1225 2514 1313 2588 ἦν,
1348 2520 1434 2572 ἐπ’
1460 2519 1624 2573 αὑτὸν

87 2602 211 2666 (diu;
243 2601 377 2658 εἶναι
438 2606 537 2677 τὴν
591 2608 916 2679 συνδρομὴν,
968 2611 1326 2680 ἀναπηδήσας
1371 2612 1484 2673 τοῖς
1529 2610 1623 2663 τοῦ

88 2692 312 2761 βασιλέως
340 2699 691 2769 περιεπλάκη
720 2699 897 2753 ποσίν.
938 2702 1033 2753 Ὃν
1062 2701 1271 2753 ἐκεῖθεν
1294 2702 1625 2765 ἑλκύσαντες

1725 593 1883 660 inops
1927 592 2143 659 penitus
2194 592 2483 658 haesitare;
2554 595 2893 666 audiensque
2943 612 3004 651 ex
3069 596 3308 669 quodam

1730 684 1874 739 sacri
1907 684 2144 739 cubiculi
2172 684 2551 739 ministrorum
2595 687 2913 755 coniuratos
2940 688 3140 745 animis
3172 705 3306 745 con-

1725 784 1996 831 sternatos
2051 790 2115 828 ac
2166 774 2551 833 lormidolosos
2612 780 3015 848 aggressionem
3070 780 3307 845 dill'erre,

1725 866 1944 935 (mentis
1980 882 2113 922 sane
2145 880 2451 934 sensusque
2492 873 2742 938 generosi
2780 871 3114 941 audacisque
3167 870 3308 925 faci-

1724 963 1886 1029 nus!)
1944 977 2010 1015 ex
2066 959 2304 1016 cubiculi
2358 960 2563 1017 intimis
2604 962 2963 1018 domesticum
3019 966 3310 1033 quemdam

1725 1052 2007 1123 ﬁdumque
2068 1053 2135 1106 ad
2185 1051 2445 1106 Basiliam
2506 1056 2790 1119 patricium
2836 1066 2889 1110 et
2940 1058 3307 1112 arcubitorem

1725 1143 1909 1209 mittit,
1938 1151 2193 1213 metuque
2217 1156 2369 1199 actus
2391 1144 2678 1199 denuntiat
2707 1165 2719 1199 :
2756 1146 2830 1199 Ni
2857 1149 3013 1201 citius
3038 1149 3103 1200 iis
3125 1150 3212 1217 qui
3242 1150 3310 1201 ad

1726 1253 1836 1291 rem
1873 1236 2198 1304 patrundam
2229 1237 2405 1304 parati
2435 1245 2557 1289 sunt
2602 1238 2807 1291 animos
2840 1240 3129 1302 addideris,
3155 1248 3312 1309 utque

1724 1332 1907 1385 statim
1958 1345 2176 1381 manum
2223 1330 2367 1397 operi
2405 1329 2718 1384 admoveant
2764 1345 2851 1383 eos
2903 1330 3195 1399 impuleris,
3231 1347 3312 1384 me

1726 1422 2001 1489 confestim
2038 1421 2156 1475 noui
2184 1420 2249 1472 ab
2291 1436 2351 1475 eo
2401 1438 2481 1474 me
2524 1430 2766 1475 necatum
2808 1422 2896 1474 iri.
2948 1420 3130 1489 Neque
3170 1424 3312 1476 enim

1726 1514 1842 1582 ﬁeri
1871 1522 2037 1583 potest
2075 1522 2132 1565 ut
2167 1512 2258 1566 ille
2302 1528 2405 1565 non
2440 1514 2639 1567 noverit
2670 1528 2801 1582 quas
2838 1513 2891 1566 in
2930 1529 3051 1566 eum
3088 1514 3312 1567 insidias

1725 1606 1899 1659 struxi
1922 1621 1940 1666 ;
1976 1620 2167 1673 vosque
2204 1604 2380 1672 potius
2411 1620 2539 1659 mere
2566 1605 2704 1658 necis
2730 1613 2980 1658 auctores
3010 1604 3314 1659 videbimiui

1724 1715 1834 1753 esse
1871 1714 1933 1750 ac
1974 1698 2177 1750 sicarii.
2210 1695 2306 1751 llis
2357 1697 2558 1751 auditis
2585 1697 2845 1759 Basilius,
2909 1696 3215 1766 anxiusque
3245 1710 3314 1749 ne

1729 1788 1859 1858 quid
1912 1786 2042 1841 mali
2076 1785 2391 1855 imperatori
2424 1786 2588 1855 238
2623 1786 2913 1849 accideret,
2960 1800 3122 1854 quam
3154 1783 3312 1839 citis-

1730 1857 1865 1934 sime
1893 1877 2120 1947 pavidos
2158 1876 2393 1931 audaces
2421 1857 2570 1935 facit.
2601 1886 2806 1929 terrore
2850 1878 3135 1944 perculsos
3168 1874 3310 1928 ﬁdu-

1728 1971 1811 2024 cia
1838 1969 2013 2038 erigit,
2042 1977 2095 2021 et
2138 1976 2198 2019 ut
2236 1964 2584 2035 imperatoris
2608 1964 2828 2020 decreto
2854 1966 3167 2020 asscrviant
3197 1966 3308 2020 im-

1728 2058 1895 2127 pellit.
1928 2056 2088 2110 Velut
2141 2055 2325 2124 itaque
2377 2054 2576 2109 animis
2615 2055 2786 2123 pleni,
2838 2057 2892 2109 in
2954 2056 3307 2125 imperatoris

1731 2149 2025 2203 tentorium
2056 2147 2393 2215 irrumpunt.
2428 2146 2636 2210 Caesar,
2680 2146 2731 2198 id
2775 2147 2921 2215 quod
2965 2157 3084 2201 erat
3114 2148 3312 2202 adver-

1732 2252 1873 2305 tens,
1912 2242 1966 2294 iu
2007 2257 2064 2295 se
2094 2241 2289 2309 suique
2322 2238 2540 2293 tollendi
2574 2239 2749 2307 gratia
2798 2241 2915 2294 lieri
2956 2254 3309 2303 concursum.

1731 2336 1983 2390 resiliens
2031 2335 2097 2387 ad
2148 2318 2495 2402 imperatoris
2549 2332 2711 2400 pedes
2745 2333 3100 2401 provolvitur.
3136 2332 3308 2399 Quem

1730 2428 1853 2482 inde
1878 2435 2184 2481 extractum
2218 2425 2404 2480 sicarii
2438 2432 2563 2478 ante
2590 2424 2737 2479 illius
2772 2424 2935 2493 pedes
2958 2423 3303 2494 jugularuut.

1728 2520 1934 2574 mensis
1963 2519 2165 2588 Aprilis
2208 2518 2298 2573 die
2346 2517 2609 2572 vicesima
2647 2518 2823 2586 prima
2863 2516 2937 2578 (id
2972 2524 3057 2572 est
3084 2532 3136 2571 a.
3162 2516 3216 2571 d.
3246 2516 3305 2569 ll

1731 2612 1845 2667 kal.
1882 2610 2097 2677 Maias),
2135 2610 2200 2665 Η
2245 2610 2431 2664 indict.
2468 2610 2774 2679 Statimque
2801 2611 3030 2665 dimisso
3070 2611 3311 2665 exercitu

1736 2706 2032 2774 imperator
2063 2703 2593 2771 Constantinopolim
2632 2704 2942 2759 revertitur.

87 2789 122 2839 cl
148 2790 447 2861 αὐτόχειρες
505 2792 611 2862 πρὸ
640 2791 749 2845 τῶν
788 2793 966 2846 ποδῶν
1004 2794 1098 2846 τοῦ
1160 2794 1425 2864 βασιλέως
1475 2796 1814 2863 ἀπέσφαξαν.
1846 2798 2076 2869 Πρώτην
2106 2791 2221 2867 εἶχε
2249 2797 2364 2866 μετ’
2397 2797 2633 2849 εἰκάδαὸ
2684 2796 2791 2867 μὴν
2822 2798 2850 2848 ὁ
2870 2798 2915 2829 ⁷⁸
2977 2796 3309 2866 Ἀπρίλλιος,

85 2880 160 2950 τῆς
211 2884 808 2954 τεσσαρεσκαιδεκάτης
864 2886 1263 2956 ὲπινεμήσεως.
1322 2887 1497 2951 Εὐθὺς
1556 2888 1649 2942 οὖν
1701 2892 1735 2960 ὴ
1778 2890 2037 2962 στρατεία
2102 2890 2179 2959 τῷ
2234 2888 2442 2958 βασιλεί
2491 2888 2842 2953 καταλύεται,
2902 2890 2996 2941 καὶ
3042 2890 3178 2960 πρὸς
3212 2888 3309 2960 τὴν

86 2971 442 3039 βασιλεύουσαν
473 2976 853 3047 ἐπανέρχεται.

138 3090 215 3159 ιη’.
240 3092 349 3161 Τῆς
375 3092 436 3146 δὲ
466 3093 728 3163 Προνοίας
754 3094 995 3166 ἀγούσης
1020 3096 1109 3149 τὸν
1134 3097 1414 3150 Βασίλειον
1444 3098 1621 3168 εὐμη-

1801 3098 1887 3152 18.
1944 3097 2146 3152 Verum
2184 3095 2534 3152 Providentia
2582 3098 2766 3152 solerti
2814 3097 3071 3151 Basilium
3106 3096 3313 3153 ferente

84 3182 225 3248 χάνως
276 3184 416 3253 πρὸς
474 3183 613 3253 ὅπερ
673 3183 924 3238 ἐϐούλετο
947 3223 962 3248 ,
998 3185 1202 3250 εὐθέως
1259 3188 1399 3257 μετὰ
1436 3187 1531 3257 τὴν
1558 3190 1622 3241 ὲκ
1651 3174 1694 3234 C

1669 3174 1985 3256 2consilio,
2014 3205 2125 3259 quo
2168 3190 2246 3243 illi
2299 3190 2602 3245 collibitum
2663 3198 2802 3253 erat,
2858 3189 3003 3245 illico
3060 3200 3309 3246 reversus

82 3274 215 3340 τῆςττ
263 3274 555 3345 στρατείας
602 3275 951 3347 ὑποστροφὴν
998 3278 1299 3331 υἱοποεῖται
1356 3281 1547 3333 τοῦτον
1595 3281 1624 3331 ὁ

82 3360 297 3431 βασιλεὺς
345 3364 640 3435 (ἐτύγχανε
705 3366 815 3437 γάρ
873 3366 1131 3432 καθάπαξ
1192 3369 1400 3431 οἰκείας
1462 3369 1625 3439 γονῆς

81 3452 306 3524 ἀμοιρῶν)
337 3456 438 3508 καὶ
484 3455 585 3525 τῆς
616 3455 724 3509 τῶν
758 3457 1076 3528 μαγίστρων
1104 3457 1502 3529 ὑπερλάμπρου
1541 3477 1623 3512 τι-

83 3544 164 3612 μῆς
191 3546 344 3612 ἀξιοῖ.
394 3548 516 3615 Ἐφ’
536 3540 612 3601 ὧν
659 3550 725 3619 τῇ
760 3548 1031 3621 βασκανίᾳ
1079 3550 1553 3622 διαῤῥηγνύμενος
1579 3552 1622 3584 ⁷⁸

78 3636 389 3710 ὁλογοθέτης
426 3639 763 3709 Συμῦάτιος,
802 3643 895 3694 κα¹ι
929 3642 1003 3712 μὴ
1034 3642 1335 3711 δυνάμενος
1365 3644 1455 3696 τὸν
1500 3643 1624 3711 φθο-

79 3727 299 3797 νούμενον
323 3733 574 3801 καθορᾷν
598 3732 701 3785 οὐκ
727 3732 918 3803 ὀλίγην
955 3734 1196 3787 ἐπίδοσιν
1227 3735 1352 3788 καθ’
1381 3738 1623 3807 ἑκάστην

80 3818 143 3887 [Ρ.
166 3821 275 3893 H9]
312 3822 695 3893 λαμϐάνοντα,
727 3828 1081 3892 παραιτεῖται
1121 3826 1221 3897 μὲν
1256 3828 1356 3897 τὴν
1386 3829 1623 3897 προσοῦ-

80 3926 153 3962 σαν
174 3913 311 3983 αὐτῷ
362 3917 536 3984 μέχρι
595 3914 717 3967 τότε
755 3915 1053 3983 διακονίαν,
1102 3918 1178 3981 ὼς
1227 3918 1300 3989 μὴ
1328 3919 1624 3989 δυνάμενος

77 4004 185 4055 κατὰ
204 4004 296 4074 τὴν
327 4006 732 4076 βασιλεύουσαν
783 4006 905 4078 ζῇν,
941 4008 1041 4077 τῆς
1092 4009 1149 4063 δὲ
1198 4011 1307 4063 τῶν
1356 4010 1549 4065 Ἰώνων
1578 4014 1621 4045 ⁷⁸

75 4094 166 4158 ᾒιοι
192 4094 523 4166 Θρᾳκησίων
580 4098 917 4169 στρατηγίας
970 4103 1115 4153 αίτεί
1159 4100 1259 4171 τὴν
1309 4104 1505 4173 ἀρχὴν.
1548 4100 1621 4159 Ub

75 4185 150 4252 τὴν
184 4188 394 4259 σίτησιν
433 4190 466 4242 ὁ
522 4190 777 4266 βασιλεὺς
808 4193 1101 4263 ἐκπληρῶν
1131 4194 1500 4263 προϐάλλεται
1529 4198 1622 4251 τοῦ

76 4280 325 4350 εἰρημένου
358 4284 421 4337 θέ
431 4301 607 4355 ματος
637 4286 964 4356 στρατηγόν.
1002 4287 1216 4356 Ὀλίγον
1246 4289 1302 4343 δὲ
1328 4289 1623 4356 διελθόντος

1726 3285 2022 3354 imperator
2062 3283 2130 3336 ab
2166 3282 2255 3336 illa
2308 3282 2659 3351 expeditione
2700 3281 2969 3336 Basilium
3029 3283 3084 3336 in
3137 3283 3307 3336 lilium

1725 3376 1966 3446 adoptat,
1998 3375 2142 3445 quod
2172 3375 2287 3445 ipse
2333 3375 2517 3429 nullos
2548 3389 2776 3443 prorsus
2820 3374 3024 3428 liberos
3051 3388 3309 3443 suscepe-

1727 3480 1831 3535 rat,
1883 3480 1937 3524 et
1975 3469 2369 3537 magistrorum
2410 3468 2769 3538 prad‘ulgente
2805 3467 3071 3538 dignitate
3104 3465 3308 3520 conde-

1724 3570 1899 3617 corat.
1931 3559 2028 3616 llis
2058 3560 2377 3630 Symbatius
2423 3560 2699 3629 logotbeta
2756 3559 2957 3613 invidia
2994 3558 3307 3627 rumpitur;

1726 3668 1827 3708 nec
1874 3651 2058 3708 ferens
2086 3653 2294 3717 videre,
2332 3652 2388 3706 in
2439 3667 2601 3721 quem
2646 3652 2727 3706 sic
2772 3651 2944 3705 livore
3001 3657 3307 3714 exarserat,

1725 3745 2078 3801 incrementis
2119 3744 2431 3815 ingentibus
2459 3745 2512 3798 in
2556 3744 2673 3799 dies
2704 3758 3019 3814 augescere,
3061 3757 3308 3808 munere,

1726 3853 1836 3908 quo
1862 3836 2126 3892 hactenus
2154 3836 2378 3901 functus
2409 3835 2610 3899 fuerat,
2642 3852 2701 3891 se
2732 3836 2849 3906 ipse
2881 3835 3120 3898 abdicat,
3149 3836 3310 3905 quasi

1728 3931 1782 3985 in
1831 3931 1967 3986 urbe
2024 3930 2171 4001 regia
2206 3931 2390 3986 vivere
2452 3946 2560 3985 non
2615 3937 2837 3999 posset;
2880 3929 3183 3997 Ianumque
3234 3928 3311 3998 (id

1725 4033 1831 4090 est,
1886 4022 2332 4096 Thracesiorum)
2392 4024 2814 4095 praefecturam,
2871 4032 2926 4077 et
2978 4032 3035 4077 ut
3069 4023 3173 4078 illis
3199 4023 3310 4077 dux

1725 4117 2075 4187 praeﬁciatur,
2102 4118 2369 4187 deposcit.
2404 4118 2709 4187 Imperator
2739 4117 2881 4172 votis
2906 4131 3157 4171 annuens
3185 4115 3307 4184 ejus

1726 4209 1872 4279 quod
1935 4209 2185 4264 dicebam
2251 4210 2510 4265 thematis
2569 4209 2762 4264 ducem
2826 4207 3073 4279 przeilcit.
3134 4209 3309 4263 Parvo

1725 4301 1913 4371 elapso
1948 4309 2212 4371 tempore,
2249 4317 2375 4356 cum
2412 4318 2501 4358 res
2542 4303 2775 4373 periculi
2809 4302 2927 4357 salo
2962 4302 3310 4372 jactarentur

76 4372 251 4442 καιροῦ,
293 4377 391 4429 καὶ
448 4376 567 4429 τῶν
604 4378 952 4447 πραγμάτων
1005 4380 1324 4448 ἐπισφαλῶς
1366 4381 1625 4437 σαλευόν-

1728 4392 2131 4463 imperiumque
2168 4401 2389 4448 nutaret
2426 4408 2490 4448 ac
2546 4372 2837 4463 praesidem
2889 4401 3310 4461 curatoremque

75 4477 158 4573 0.?"
196 4467 284 4519 καὶ
511 4468 692 4573 ἀρχῆς
718 4469 1171 4573 ’κραδαιινομένης
1218 4474 1313 4527 καὶ
1351 4475 1622 4547 ζητούσης
1649 4514 1701 4573 D

1674 4516 1701 4572 )
1728 4493 2016 4554 quaereret,
2051 4486 2197 4573 quod
2233 4486 2528 4554 imperator
2571 4486 2694 4541 aliis
2734 4485 2915 4555 potius
2948 4484 3115 4539 rebus
3144 4483 3314 4555 239

75 4550 142 4603 τὸν
168 4558 613 4627 προστησόμενον
654 4557 742 4611 διά
776 4560 838 4612 τὸ
875 4559 967 4613 τδν
1012 4562 1234 4630 βασιλέα
1261 4565 1399 4635 πρὸς
1442 4566 1622 4629 ἄλλοις
1649 4550 1700 4573 υ

1662 4550 1700 4573 υ
1725 4574 1969 4627 animum
2008 4572 2313 4628 adverteret
2335 4588 2499 4643 quam
2534 4583 2595 4627 ut
2623 4588 2687 4628 ex
2718 4573 2879 4628 ofﬁcii
2909 4573 3119 4627 ratione
3157 4586 3302 4625 rem-

78 4644 239 4708 μᾶλλον
267 4643 411 4701 εἶναι
446 4650 483 4720 ἢ
518 4651 843 4720 πράγμασιν
875 4653 957 4715 είς
987 4653 1105 4706 δέον
1133 4654 1331 4707 εἰδέναι
1362 4657 1619 4727 χρῆσθαι,

74 4737 294 4807 πρότερον
322 4742 383 4794 δὲ
414 4742 490 4795 τά
535 4742 707 4795 πολλὰ
741 4743 1026 4797 λανθάνειν
1070 4745 1161 4799 διὰ
1194 4746 1256 4800 τὺ
1301 4747 1394 4803 τὸν
1431 4766 1624 4803 κοινω-

74 4830 138 4879 eis
163 4831 251 4900 τῆς
290 4833 478 4903 ἀρχῆς
515 4835 777 4905 Καίσαρα
828 4837 915 4890 ἀεὶ
966 4838 1035 4892 τὰ
1064 4839 1464 4907 κατεπείγοντα
1489 4842 1620 4895 διοι-

74 4926 159 4973 κεῖν
196 4927 282 4979 καὶ
319 4928 481 4998 αὐτῷ
525 4928 715 4997 σχεδὸν
743 4930 1065 4986 ἀνακεῖσθαι
1094 4934 1161 4986 τά
1194 4934 1492 5004 πράγματα
1521 4935 1618 4989 καὶ

74 5014 145 5082 τὴν
171 5018 438 5090 μέριμναν
476 5023 668 5075 πᾶσαν
691 5022 789 5091 τῆς
822 5024 1093 5094 κοσμικῆς
1128 5025 1470 5095 διοικήσεως.
1504 5026 1623 5095 ἔτι·

76 5122 192 5160 amo
230 5114 613 5183 καταϐοήσεις
648 5131 707 5167 τε
745 5115 840 5168 καὶ
890 5116 1287 5188 διαγογγυσμοὶ
1338 5122 1480 5173 κατὰ
1530 5121 1625 5174 τοῦ

77 5197 299 5268 βασιλέως
336 5207 499 5276 παρά
551 5223 613 5259 τε
648 5208 746 5275 τῆς
789 5208 1095 5278 συγκλήτου
1142 5209 1337 5279 βουλῆς
1389 5213 1485 5265 καὶ
1532 5213 1625 5267 τοῦ

77 5291 431 5364 πολιτεύματος
493 5299 598 5350 καὶ
658 5300 808 5365 παρὰ
838 5301 1058 5353 πάντων
1086 5302 1270 5371 σχεδὸν
1308 5304 1417 5355 τῶν
1456 5305 1625 5358 ὄντων

76 5379 142 5433 ἐπὶ
175 5386 273 5440 τῶν
322 5389 662 5459 διοικήσεων
716 5391 810 5443 καὶ
868 5393 1399 5463 μεταχειριζομένων
1454 5397 1499 5427 ⁸⁰
1552 5399 1623 5450 τά

77 5476 351 5546 πράγματα,
396 5482 482 5535 ἔτι
515 5483 578 5536 δὲ
614 5483 708 5535 καὶ
728 5484 770 5513 ⁸⁸
806 5484 955 5553 παρὰ
982 5484 1091 5537 τῶν
1121 5486 1165 5517 ’ί
1200 5489 1623 5558 στρατευμάτων

1720 4664 1994 4733 publicam
2029 4674 2244 4733 gereret
2268 4665 2344 4734 (et
2370 4674 2494 4720 ante
2527 4665 2747 4733 quidem
2782 4680 2889 4718 non
2924 4662 2996 4717 ita
3024 4662 3305 4732 plerisque

1722 4756 1964 4826 patebat,
1995 4757 2141 4826 quod
2172 4757 2388 4826 imperii
2436 4758 2639 4824 collega
2668 4757 2851 4812 Caesar
2883 4756 3131 4826 urgentia
3162 4770 3311 4825 qua:-

1718 4862 1825 4917 que
1862 4846 2299 4913 administrabat,
2336 4850 2503 4919 inque
2535 4864 2661 4903 eum
2690 4859 2800 4905 tota
2830 4848 2944 4903 iere
2971 4863 3155 4902 rerum
3184 4863 3307 4903 mo-

1724 4940 1806 4995 les
1853 4939 2138 5009 omnisque
2202 4939 2435 4995 Romani
2493 4942 2645 4996 orbis
2699 4941 3121 4997 administrandi
3173 4956 3306 4996 cura

1727 5030 2126 5099 incumbebat),
2164 5032 2426 5087 adversus
2478 5032 2863 5101 imperatorem
2906 5032 3303 5102 expostulatio-

1725 5124 1899 5179 tiones
1924 5132 1978 5179 et
1997 5125 2358 5193 querimoniae
2386 5127 2615 5191 moveri,
2647 5136 2761 5181 tum
2786 5143 2816 5182 a
2849 5138 3042 5182 senatu
3068 5127 3303 5181 civium-

1723 5233 1829 5287 que
1857 5218 2198 5287 proceribus,
2234 5228 2345 5273 tum
2393 5217 2507 5273 fere
2542 5220 2610 5274 ab
2651 5221 2908 5275 omnibus
2948 5219 3149 5290 quibus
3179 5236 3304 5273 mu-

1724 5325 1851 5364 nera
1890 5325 2183 5381 rerumque
2216 5312 2578 5379 gerendarum
2623 5329 2754 5368 cura
2812 5314 3105 5369 commissa
3154 5322 3297 5375 erat,

1736 5417 1835 5457 nec
1867 5418 1973 5455 non
2036 5403 2105 5457 ab
2160 5404 2491 5460 exercitibus
2527 5406 2842 5475 urbanaque
2874 5406 3023 5461 omni
3060 5405 3307 5459 multitu-

1734 5493 1858 5549 dine
1882 5512 1896 5561 ;
1927 5494 1993 5550 de
2020 5496 2219 5566 quibus
2250 5512 2344 5567 per
2373 5498 2713 5552 necessarios
2748 5499 3079 5568 intimosque
3105 5497 3307 5553 certior

1324 5643 1556 5699 VARUS
1595 5644 1995 5705 LECTIONES.

126 5744 160 5820 ’ἶ
182 5751 562 5820 μαλακώτεροι
597 5748 657 5803 Ρ.

82 5814 109 5845 ’⁸
134 5819 443 5884 ὀηηύαενος
471 5814 543 5876 Ἰ’.

764 5752 830 5825 "ﬁ
854 5754 1003 5825 παρά
1038 5755 1101 5816 Α.

1203 5757 1246 5835 τξ
1274 5757 1454 5835 αὐτ-ὃν]
1486 5760 1635 5833 αὐτῷ
1663 5762 1727 5816 Α.
1805 5766 1847 5797 ⁷³
1883 5765 2022 5835 πάθῃ
2048 5766 2112 5818 Α.

632 5824 674 5853 ⁷³
722 5822 971 5891 Ἰωάννην
996 5827 1059 5891 Α,
1095 5829 1126 5882 i.
1149 5844 1193 5883 c.
1223 5822 1617 5887 Janninorum.’
1686 5835 1729 5867 "’
1763 5822 2404 5906 μετεγχιῗριζομένωνῖδ.
2487 5822 2527 5867 δ’
2558 5822 2647 5890 καὶ
2677 5847 2727 5893 et
2757 5836 2867 5895 τῶν
2889 5853 2996 5896 om.
3026 5822 3087 5892 Ϊί.

2205 5765 2249 5796 ⁷⁸
2278 5766 2305 5818 ὁ
2338 5774 2460 5833 post
2499 5766 2603 5835 μὴν
2629 5782 2738 5820 om.
2763 5765 2828 5820 A.
2905 5769 2947 5799 ⁷⁷
2975 5769 3071 5833 τῆς
3097 5784 3206 5823 om.
3240 5767 3301 5827 Ρ.
