4154 6446
738 317 847 379 255

1835 309 2344 372 ΤΠΕΟΡΠΑΝΕΞ
2381 309 2939 372 (ΣΟΝῊΝΗΑΤΗΞ.

3902 304 4007 367 256

740 430 937 490 lat-tus,
967 424 1049 479 vix
1078 424 1294 481 tandem
1320 425 1713 496 aliquantisper
1736 439 2023 498 emergens
2054 440 2322 492 suamque
2347 474 2350 482 .

2451 423 2516 478 ταὶ
2577 424 2777 488 παντὸς
2829 422 2925 476 τοῦ
2982 420 3226 492 πλήθους
3278 419 3371 475 τοῦ
3406 418 3664 475 ἀστικοῦ·
3699 418 3734 474 a
3772 418 3861 473 διὰ
3897 421 4003 471 τῶν

747 533 1052 591 agnoscens
1081 518 1136 574 in
1168 519 1511 589 procuranda
1547 518 1824 591 republica
1853 534 1963 574 non
2010 517 2170 573 modo
2220 533 2317 571 ne-

743 612 1062 681 gligentiam
1117 626 1180 667 ac
1228 612 1538 683 segnitiem,
1574 627 1764 667 verum
1796 613 1960 667 etiam
1999 611 2319 681 ineptitudi-

744 719 866 758 nem
898 719 961 759 ac
990 703 1327 769 vecordiam,
1363 706 1677 775 timensque
1710 720 1779 761 ne
1806 705 2101 761 multitudo
2134 705 2323 760 conci-

742 802 851 849 tata
889 794 1075 850 turbas
1103 795 1270 851 cieret
1301 806 1392 851 aut
1419 797 1731 863 rebellaret,
1765 798 1957 854 statuit
1997 812 2183 853 rerum
2223 813 2320 867 ge-

743 887 1038 940 rendarum
1066 887 1370 956 adjutorcm
1405 897 1455 943 et
1492 888 1705 959 imperii
1732 890 1991 960 collegam
2026 890 2130 944 sibi
2164 889 2325 943 adhi-

745 980 890 1032 bere.
928 978 1196 1048 Quodque
1247 989 1371 1032 ante
1437 996 1544 1034 non
1616 982 1821 1035 multos
1881 982 2000 1035 dies
2061 981 2322 1035 Basilium

744 1072 1115 1137 a‘loptaverat,
1136 1087 1373 1141 eumque
1407 1089 1510 1126 non
1542 1075 1717 1128 solum
1753 1075 1961 1129 viribus
1990 1074 2082 1128 sed
2113 1084 2166 1127 et
2194 1090 2327 1144 prn-

744 1165 926 1216 deutia
958 1164 1264 1233 mentisque
1293 1167 1596 1234 sagacitate
1627 1165 1853 1235 reliquis
1883 1166 2043 1235 vulgo
2069 1178 2330 1236 prmstare

748 1266 995 1321 noverat,
1047 1258 1295 1325 satisque
1352 1258 1606 1312 idoneum
1662 1260 1727 1312 ad
1784 1260 2146 1329 supplendum
2184 1261 2329 1329 quod

751 1350 852 1416 ipsi
891 1351 943 1403 in
977 1350 1332 1420 gubernanda
1392 1352 1541 1406 orhis
1590 1352 1791 1421 scapha
1844 1352 2128 1406 industriae
2169 1361 2334 1422 atque

747 1458 929 1511 apt-rte
970 1443 1177 1504 deerat,
1210 1458 1325 1496 una
1361 1458 1579 1513 quoque
1607 1443 1789 1496 divina
1832 1442 2181 1498 Providentia
2219 1461 2331 1499 rem

753 1540 1133 1601 promovente,
1160 1534 1213 1587 in
1242 1533 1345 1587 hoc
1373 1534 1617 1585 animum
1651 1533 1881 1587 consilio
1913 1533 2189 1595 ohlirmat,
2219 1550 2337 1587 om-

754 1626 995 1694 uinoque
1024 1625 1273 1679 decernit
1314 1635 1372 1679 ut
1414 1623 1671 1677 Basiliam
1706 1625 2086 1694 imperatorem
2125 1627 2333 1679 consti-

754 1725 889 1769 tuat.
950 1719 1029 1772 Ac
1082 1730 1215 1770 sane
1250 1715 1364 1769 Deo
1399 1716 1692 1790 consilium
1735 1726 2103 1785 prosequente
2143 1716 2333 1786 reique

753 1808 1028 1875 aljutore,
1068 1809 1156 1861 die
1201 1808 1317 1877 ipsa
1344 1807 1719 1872 Pentecostes,
1761 1822 1868 1877 qua
1898 1806 2080 1860 Patris
2112 1807 2199 1860 ille
2230 1807 2334 1861 Pa-

756 1900 997 1954 racletus
1045 1900 1100 1953 in
1149 1898 1352 1953 Christi
1386 1899 1590 1968 Deique
1629 1899 1805 1952 nostri
1843 1900 2145 1967 discipulos
2175 1901 2341 1972 240

755 1993 925 2055 venit,
953 1992 1006 2046 in
1032 1992 1231 2047 celebri
1262 2001 1313 2047 et
1344 2007 1373 2045 a
1412 1993 1503 2047 Dei
1548 1990 1825 2063 Sapientia
1857 2004 2172 2063 nuncupata
2206 2007 2340 2049 tetu-

758 2085 848 2155 plo
876 2084 1113 2141 Basilius
1143 2085 1292 2153 regio
1327 2084 1635 2139 diademate
1681 2093 2001 2149 coronatur,
2038 2101 2194 2138 manu
2221 2087 2342 2155 qui—

757 2176 879 2229 dem
906 2186 1037 2230 tunc
1067 2176 1389 2245 imperantis
1430 2175 1733 2239 Michaelis,
1777 2175 1991 2229 calculo
2018 2192 2149 2232 vero
2176 2188 2226 2231 et
2250 2178 2340 2247 ju.

756 2267 899 2321 dicio
932 2266 1135 2321 Christi
1178 2266 1231 2320 in
1275 2279 1599 2336 perpetuum
1645 2268 1812 2336 regis,
1848 2284 1900 2321 a.
1934 2268 1988 2321 d.
2033 2270 2063 2323 7
2095 2267 2202 2321 kal.
2237 2268 2337 2323 .lu-

760 2358 856 2420 nii,
892 2358 1191 2414 indictione
1220 2360 1519 2414 secundum
1559 2357 1840 2413 Romanos
1877 2359 1959 2413 l4.
2005 2359 2105 2415 Ubi
2139 2362 2341 2415 audivit

762 2452 1076 2522 Symbatitts
1108 2468 1208 2522 pro
1241 2453 1487 2507 muneris
1520 2454 1737 2506 ratione
1762 2453 1816 2506 in
1841 2456 2122 2523 provincia
2154 2473 2340 2525 agens,

760 2544 1018 2598 invidiam
1055 2560 1163 2614 qua
1199 2546 1625 2599 contabescebat
1657 2547 1893 2601 humane
1926 2546 2069 2601 ferre
2105 2564 2211 2602 non
2244 2566 2345 2615 po.

762 2637 904 2704 tuit;
943 2637 1035 2691 sed
1080 2638 1199 2706 pari
1242 2653 1427 2693 secum
1459 2636 1644 2691 furore
1677 2640 1955 2694 concitum
2004 2642 2211 2695 habens
2243 2641 2346 2695 Pc-

761 2729 1313 2799 ganem'patricium,
1362 2731 1456 2800 qui
1509 2729 1714 2800 Opsicii
1767 2732 2055 2804 praefectus
2108 2746 2245 2799 erat,
2279 2737 2345 2791 ad

763 2821 1123 2875 defectionem
1158 2823 1449 2878 attendunt
1488 2824 1733 2878 animum
1771 2828 2175 2898 tutnultumque
2202 2831 2350 2884 exci-

764 2923 881 2967 tare
906 2929 1098 2981 parum
1130 2924 1292 2969 caule
1322 2915 1690 2972 constituunt.
1726 2915 1914 2986 Itaque
1942 2918 1993 2972 in
2021 2922 2346 2975 sententiam

764 3005 1014 3060 adductis
1037 3006 1348 3074 ordinibus,
1384 3022 1523 3077 quos
1560 3009 1832 3063 obnoxios
1867 3010 2162 3073 habebant,
2188 3028 2350 3068 exse-

2423 517 2773 572 οξκειοτάτων
2817 515 2846 570 6
2896 514 3152 587 βασιλεὺς
3198 513 3383 584 γνοὺς,
3420 512 3519 566 καὶ
3562 512 3715 583 μόλις
3766 506 3882 565 οἷον
3916 513 4010 565 ἐπὶ

2425 608 2600 682 βραχὺ
2644 606 2960 679 ἀνανήψας,
2993 607 3089 663 καὶ
3120 604 3379 676 ἐπιγνοὺς
3408 606 3509 675 τὴν
3546 604 3755 658 οίκείαν
3786 604 3919 674 περὶ
3944 604 4012 655 τὰ

2424 702 2577 757 κοινά
2615 702 2677 755 ού
2731 702 2891 775 μόνον
2943 700 3206 772 ἀμέλειαν
3253 697 3351 755 καὶ
3380 696 3676 770 ῥᾳθυμίαν,
3726 694 3868 749 ἀλλὰ
3918 695 4014 747 καὶ

2424 795 2911 867 άνεπιτηδειότητα
2972 793 3070 849 καὶ
3104 792 3385 863 ἀφέλειαν,
3432 793 3529 846 καὶ
3564 788 3940 844 ἐπανάστασιν
3978 788 4013 856 ἦ

2426 884 2728 938 ἀπόστασιν
2788 884 2958 956 παρὰ-
2991 882 3086 938 τοῦ
3139 881 3381 953 πλήθους
3445 878 3815 948 εὐλαϐηθεὶς,
3868 878 4018 943 ἐγνιυ

2427 978 2686 1029 κοινωνὸν
2714 977 2822 1030 τῶν
2854 976 3199 1047 πραγμάτων
3231 972 3640 1044 προσλαϐέσθαι
3690 972 3785 1022 καὶ
3829 972 3932 1039 τῆς
3971 969 4022 999 ⁸³

2429 1071 2634 1139 ἀρχῆς·
2689 1070 2786 1121 καὶ
2837 1066 3072 1138 ἐπείπερ
3108 1066 3214 1139 πρὸ
3247 1064 3430 1131 ὀλίγου
3467 1062 3927 1130 υἱοποιησάμενος
3951 1056 4021 1128 ἦν

2430 1164 2521 1215 τὸν
2553 1161 2854 1221 Βασίλειον,
2890 1161 3007 1232 ᾔδει
3041 1159 3098 1212 δὲ
3126 1158 3289 1212 αὑτὸν
3334 1157 3396 1210 οὔ
3434 1155 3595 1225 μόνον
3628 1153 3847 1224 ἀνδρία,
3879 1152 4022 1205 ἀλλὰ

2433 1255 2527 1305 καὶ
2562 1254 2777 1306 συνέσει
2805 1252 2917 1305 τῶν
2942 1252 3156 1306 πολλῶν
3182 1250 3515 1321 διαφέροντα
3548 1248 3643 1300 καὶ
3671 1246 3855 1299 ἱκανὸν
3887 1245 4023 1298 ἀνα-

2433 1346 2679 1414 πληροῦν
2707 1345 2872 1399 αὐτοῦ
2909 1344 2971 1398 τὸ
3018 1346 3079 1397 ἐν
3118 1344 3186 1414 τῇ
3235 1341 3565 1412 κυϐερνήσει
3610 1336 3709 1391 τοῦ
3747 1335 4024 1404 κοσμικοῦ

2435 1439 2683 1505 σκάφους
2707 1438 3017 1509 ὑστέρημα,
3070 1437 3187 1507 ἅμα
3245 1434 3340 1489 καὶ
3394 1433 3496 1502 τῆς
3533 1430 3684 1493 θείας
3719 1428 4028 1496 ἐναγούσης

2434 1534 2512 1593 είς
2556 1529 2716 1583 τοῦτο
2767 1530 3035 1601 Προνοίας
3068 1529 3256 1593 αὑτὸν,
3289 1525 3501 1598 βεϐαιοῖ
3542 1524 3679 1595 πρὸς
3719 1522 3878 1576 τοῦτο
3926 1523 4030 1590 τὴν

2433 1624 2659 1695 γνώμην
2695 1623 2858 1677 αὑτοῦ
2901 1622 3042 1676 ὥστε
3084 1621 3368 1675 Βασίλειον
3403 1616 3627 1688 βασιλέα
3657 1616 3775 1668 ⁸³...
3810 1615 3926 1667 Καὶ
3962 1614 4030 1682 δὴ

2438 1717 2574 1770 Θεοῦ
2608 1714 3090 1785 συνεφαπτομένου
3122 1712 3226 1783 τῆς
3267 1709 3467 1782 βουλῆς
3506 1707 3599 1761 καὶ
3634 1706 3729 1759 τοῦ
3760 1706 4033 1775 πράγμα-

2438 1829 2553 1876 τος,
2599 1811 2718 1865 κατ’
2750 1809 2920 1880 αὐτὴν
2971 1809 3071 1877 τὴν
3107 1807 3326 1878 ἡμέραν
3378 1805 3479 1876 τῆς
3532 1803 3696 1872 ἁγίας
3737 1800 3784 1834 ⁸⁸
3825 1801 4033 1867 Πεντη-

2439 1905 2659 1973 κοστῆς,
2689 1905 2747 1956 ἐν
2862 1900 2959 1953 τοῦ
3016 1899 3232 1970 Πατρὸς
3261 1899 3290 1950 ό
3334 1897 3694 1967 Παράκλητος
3737 1892 3874 1964 πρὸς
3902 1894 4035 1952 τοὺς

2440 1996 2531 2050 τοῦ
2568 1994 2807 2066 Χριστοῦ
2842 1994 2937 2047 καὶ
2987 1992 3124 2045 Θεοῦ
3170 1990 3330 2061 ἡμῶν
3379 1989 3636 2060 ἐφοίτησε
3670 1986 3949 2058 μαθητὰς,
3975 1985 4035 2034 ἐν

2441 2090 2521 2160 τῷ
2553 2087 2907 2159 περιϐλέπτῳ
2945 2086 3041 2139 καὶ
3076 2084 3352 2154 ἐπωνύμῳ
3402 2082 3505 2152 τῆς
3531 2080 3628 2135 τοῦ
3661 2078 3798 2133 Θεοῦ
3831 2079 4037 2146 ans-Iac

2444 2180 2557 2251 ναῷ
2588 2179 2681 2231 τὸν
2714 2177 2987 2249 βασίλειον
3038 2178 3068 2230 δ
3100 2175 3389 2237 Βασίλειος
3443 2172 3783 2243 περιτίθεται
3828 2168 4035 2234 στέφα-

2443 2292 2557 2337 νον,
2592 2271 2738 2343 χειρὶ¹
2770 2270 2868 2341 μὲν
2896 2266 2991 2322 τοῦ
3024 2267 3149 2321 τότε
3177 2265 3402 2336 Μιχαὴλ
3437 2261 3835 2335 βασιλεύοντος.
3867 2259 4041 2326 ψήφῳ

2443 2366 2501 2419 δέ
2530 2367 2626 2419 καὶ
2650 2364 2831 2434 κρίσει
2859 2360 3099 2432 Χριστοῦ
3142 2359 3239 2413 τοῦ
3269 2359 3359 2412 ἀεὶ
3386 2354 3789 2428 βασιλεύοντος.
3828 2351 4043 2417 Ἐκττιν

2446 2458 2585 2528 πρδς
2614 2459 2735 2519 ταῖς
2775 2456 2982 2508 εἴκοσιν
3008 2449 3168 2522 ξεῖχεν
3223 2453 3251 2505 ὁ
3293 2449 3471 2512 Μάῖος
3510 2448 3640 2518 μὴν,
3690 2444 3790 2513 τῆς
3830 2460 4041 2495 τεσσα-

2451 2545 2881 2620 ρεσκαιδεκάτης
2931 2544 3075 2595 κατὰ
3121 2538 3428 2609 Ῥωμαίους
3465 2537 3868 2606 ἐπινεμήσεως.
3914 2535 4043 2586 M1-

2449 2638 2559 2691 θὼν
2591 2637 2648 2690 δὲ
2679 2636 2740 2689 τὸ
2772 2635 2996 2704 γεγονὸς
3025 2635 3054 2685 ό
3094 2630 3409 2702 Συμϐἀτιος
3442 2630 3586 2683 κατὰ
3618 2629 3720 2699 τὴν
3755 2629 4043 2694 ἀπονεμη-

2450 2730 2639 2782 θεῖσαν
2691 2728 2842 2797 αὐτῷ
2892 2724 3228 2794 στρατηγίδα
3271 2722 3498 2789 διάγων,
3538 2722 3639 2774 οὑκ
3674 2720 3915 2789 ἠδυνήθη
3954 2720 4047 2768 τον

2450 2823 2778 2893 διατήκοντα
2816 2819 3011 2889 φθόνον
3072 2814 3222 2885 αὐτῷ
3265 2813 3624 2884 ἀνθρωπίνως
3686 2812 4046 2878 ὑπενεγκεῖν,

2452 2916 2590 2970 ἀλλὰ
2628 2911 3085 2980 συναπομανέντα
3118 2906 3265 2977 σχὼν
3295 2908 3390 2961 καὶ
3431 2904 3693 2975 Πηγάνην
3716 2904 3929 2956 ἐκεῖνον
3958 2903 4051 2952 te»

2454 3013 2762 3084 πατρίκιον,
2795 3009 2851 3071 δς
2878 3008 2974 3078 τῆς
3006 3006 3054 3038 ⁸⁸
3087 3003 3229 3058 κατὰ
3263 3006 3323 3057 τὸ
3358 3002 3602 3070 Ὀψίκιον
3624 3002 3812 3069 ἡγεῖτο
3834 3014 3895 3050 at
3908 3012 4047 3067 ρατ-

765 3108 1005 3165 quuntur
1035 3100 1265 3153 consilia
1299 3094 1664 3154 :Michaelem
1720 3102 2030 3157 acclamant
2080 3113 2139 3156 ut
2173 3106 2344 3173 impe-

2455 3108 2639 3179 ηγίδος
2702 3104 2788 3175 [Ρ.
2826 3100 2977 3169 ίὸυἶ.
3009 3101 3088 3161 εἰς
3116 3096 3421 3150 ἀπόστασιν
3446 3092 3730 3163 βλέπουσι,
3762 3090 3858 3142 καὶ
3886 3088 4051 3159 p.05".-

768 3199 1031 3253 ratorem,
1068 3204 1178 3258 quo
1207 3190 1420 3245 scilicet
1460 3191 1587 3246 inde
1624 3191 2030 3247 multitudinem
2067 3194 2352 3249 allicerent

768 3294 869 3332 nec
925 3280 1243 3335 rebellionis
1279 3281 1599 3336 calcaneum
1661 3285 1925 3340 adversus
1969 3287 2350 3356 imperatorem

768 3383 825 3423 ει
887 3371 1066 3424 levare
1117 3371 1490 3437 ostenderent,
1539 3371 1813 3428 ’Basilium
1862 3391 1991 3429 vero
2046 3377 2353 3432 maledictis

772 3462 1045 3529 impr-tunt
1080 3461 1341 3531 omnique
1378 3464 1672 3517 verborum
1733 3466 2069 3534 procacitate
2112 3466 2357 3522 lacerant

769 3566 834 3602 an
867 3552 1135 3605 conviciis
1185 3553 1531 3622 cotnpluunt.
1583 3552 1819 3625 Taliqtte
1867 3548 2133 3625 apparatu
2192 3559 2357 3614 stulte

771 3644 1065 3696 admodum
1120 3643 1413 3699 frementes
1462 3647 1657 3701 messis
1720 3657 1966 3715 tempore
2019 3636 2353 3719 irrumpunt,

774 3734 1088 3803 multosque
1138 3750 1426 3804 procerum
1479 3754 1644 3807 agros
1694 3736 1815 3793 urbi
1862 3725 2087 3795 vicinos
2111 3724 2220 3811 igni
2250 3740 2359 3796 fcr-

773 3842 947 3895 roque
978 3835 1219 3892 vastant,
1253 3845 1350 3884 nec
1384 3845 1589 3899 paucas
1629 3820 1796 3888 naves
1825 3824 2357 3904 Constantinopolim

773 3919 1145 3989 navigantium
1215 3921 1267 3974 in
1317 3922 1650 3979 stationibus
1703 3923 2073 3992 deprehensas
2121 3940 2355 3980 succen-

775 4009 931 4064 dunt.
966 4008 1153 4066 llieme
1201 4022 1382 4068 autem
1413 4023 1698 4085 appetente
1724 4015 2080 4079 dirimuntur,
2119 4017 2257 4071 clam
2296 4034 2362 4074 ac

775 4104 978 4159 viritim
1014 4104 1239 4159 sceleris
1273 4106 1439 4161 sociis
1471 4106 1907 4177 aufugientibus.
1949 4108 2131 4175 Quare
2159 4119 2363 4181 traga-

777 4198 882 4251 diu:
912 4207 1177 4252 auctores.
1202 4198 1366 4252 saluti
1402 4198 1526 4269 iuga
1557 4201 1848 4255 consulere
1875 4202 2060 4256 conati
2109 4213 2258 4258 sunt.
2286 4204 2364 4257 Ac

780 4290 1097 4361 Synthatius
1140 4290 1361 4360 quidem
1397 4290 1451 4344 in
1498 4293 1785 4347 castellum
1823 4294 1994 4359 subit,
2025 4296 2171 4364 quod
2216 4295 2365 4351 Lata:

780 4381 951 4436 Petra:
984 4391 1203 4444 vocant,
1241 4382 1485 4452 Peganes
1534 4399 1665 4438 vero
1718 4385 2005 4456 Cotyaium
2050 4386 2215 4459 2&1.
2268 4404 2363 4443 oc-

780 4483 961 4543 cupat.
1011 4472 1157 4526 Nihil
1203 4482 1380 4528 tamen
1417 4490 1483 4529 eo
1515 4490 1830 4532 commento
1863 4479 2137 4533 commodi
2165 4494 2364 4534 consc-
2397 4459 2442 4513 ί)

780 4574 1047 4635 quuntur.
1081 4564 1413 4633 Captienim
1442 4566 1512 4621 ab
1535 4567 1888 4637 imperatoris
1911 4570 2085 4625 milite
2107 4570 2273 4626 vincti
2303 4571 2373 4626 ad

783 4668 904 4707 eum
939 4655 1301 4711 adducuntur.
1335 4656 1543 4727 Agebat
1574 4667 1703 4712 tunc
1738 4658 2038 4728 imperator
2069 4662 2120 4714 in
2161 4661 2218 4716 S.
2257 4660 2371 4716 Ma-

781 4747 981 4799 tnantis
1032 4749 1197 4815 regiis
1230 4747 1476 4815 aedibus;
1512 4749 1836 4820 vidensque,
1898 4753 2134 4807 multum
2186 4768 2373 4809 vecor-

782 4835 927 4888 diam
970 4846 1023 4890 et
1076 4840 1440 4894 temeritatem
1493 4856 1557 4895 ac
1606 4844 2013 4899 contumaciam
2077 4861 2186 4899 non
2250 4846 2371 4903 sine

785 4928 1038 4981 convicio
1066 4931 1432 4998 exprobrans,
1476 4933 1631 5003 prius
1678 4936 1995 4991 verberibus
2027 4936 2232 4993 allatim
2264 4954 2372 4994 cae-

787 5031 900 5078 sus,
947 5018 1170 5074 demum
1222 5022 1336 5089 lege
1400 5038 1570 5093 agens
1618 5026 1888 5095 supplicio
1947 5030 2251 5084 damnavit.
2299 5031 2376 5085 Ac

788 5106 1101 5178 Sytubatius
1157 5111 1378 5181 quidem
1426 5114 1592 5170 oculo
1648 5114 1851 5169 ell’osso
1909 5126 2075 5187 atque
2115 5135 2223 5174 una
2266 5136 2377 5175 ma-

792 5216 958 5252 nuutn
992 5213 1271 5271 amputata
1305 5204 1359 5257 in
1395 5205 1617 5259 exilium
1662 5206 1894 5261 mittitur
1925 5228 1936 5262 :
1970 5208 2213 5279 Peganes
2248 5229 2375 5267 vero

793 5291 912 5361 ipse
978 5309 1198 5364 quoque
1251 5298 1428 5352 oculis
1488 5299 1797 5369 spoliatus,
1866 5303 2199 5374 naribusque
2276 5305 2375 5359 fer-

795 5400 854 5439 ro
918 5389 1247 5458 amputatis,
1316 5393 1611 5464 relegatur.
1667 5391 1992 5465 Quanquam
2051 5398 2149 5453 hos
2221 5400 2368 5469 ipsos

2456 3217 2547 3253 τον
2599 3199 2656 3263 ἐξ
2691 3195 2952 3255 ἀπονοίας
3006 3192 3252 3258 ἔγνωσαν
3300 3187 3577 3256 σννιστᾷν.
3622 3183 4053 3242 Ἀναπείσαντες

2455 3292 2511 3345 δὲ
2543 3290 2636 3343 καὶ
2667 3288 2733 3339 τὰ
2763 3286 2854 3339 ὑπ’
2880 3284 3079 3344 αὐτοὺς
3108 3282 3155 3314 ⁸⁸
3205 3279 3597 3350 στρατεύματα
3647 3277 3726 3337 είς
3760 3275 3926 3343 ἔργον
3972 3274 4054 3335 ἐξ·

2414 3394 2415 3397 ‘
2457 3380 2652 3447 άγουσι
2681 3377 2747 3430 τὰ
2781 3373 3124 3451 βουλεύματα
3152 3371 3220 3434 ⁸⁷,
3254 3366 3633 3437 εὐφημοῦντες
3666 3364 3767 3434 μέν
3804 3364 3897 3415 τὸν
3940 3364 4054 3415 Μι-

2459 3472 2599 3544 χαὴλ
2640 3470 2721 3529 ὼς,
2753 3466 2979 3537 βασιλέα
3030 3463 3119 3517 διὰ
3167 3463 3229 3516 τὸ
3271 3464 3337 3514 ἐκ
3372 3460 3565 3512 τούτου
3614 3457 3685 3510 τὰ
3736 3456 3918 3526 πλήθη
3954 3459 4056 3507 ἐπ-

2460 3561 2691 3632 άγεσθαι
2739 3558 2835 3612 καὶ
2870 3556 2944 3628 μὴ
2992 3556 3171 3609 δοκεῖν
3224 3553 3464 3622 πτέρναν
3498 3549 3841 3611 ἀποστασίας
3871 3548 4057 3617 αίρειν

2447 3654 2605 3709 ,κατὰ
2630 3651 2722 3705 τοῦ
2767 3649 3191 3719 αὐτοκράτορος,
3223 3644 3640 3715 δυσφημοῦντες
3682 3642 3740 3695 δὲ
3772 3641 3866 3693 τον
3897 3639 4058 3692 Βασε-

2462 3748 2607 3801 λειον
2656 3745 2754 3797 καὶ
2812 3743 3039 3814 μυρίαις
3084 3738 3380 3800 πλύνοντες
3413 3736 3627 3807 ὖϐρεσι.
3672 3733 4059 3805 Φρυαξάμενοι

2463 3839 2521 3893 δὲ
2580 3840 2702 3901 ταῖς
2736 3835 3016 3897 τοιαύταις
3050 3832 3338 3894 ἀπονοίαις
3370 3829 3514 3883 κατὰ
3562 3828 3653 3882 τδν
3710 3824 3806 3879 τοῦ
3858 3824 4060 3895 θέρους

2466 3933 2680 4003 καιρὸν,
2718 3932 2812 3984 καὶ
2844 3928 3076 3990 πολλοὺς
3111 3926 3319 3997 ἀγροὺς
3352 3922 3465 3977 τῶν
3498 3920 3643 3975 κατὰ
3681 3918 3781 3989 τὴν
3808 3918 4062 3988 βασιλίδα

2467 4022 2708 4077 δυνατῶν
2739 4019 3219 4093 πυρπολήσαντες,
3255 4015 3353 4071 καὶ
3397 4012 3531 4075 ναῦς
3582 4013 3685 4066 ούκ
3727 4011 3919 4078 ὀλίγας
3948 4011 4064 4062 ein

2469 4120 2605 4191 πρὸς
2654 4116 2755 4189 τὴν
2810 4112 3207 4184 βασιλεύουσαν
3266 4108 3611 4179 ποιουμένων
3649 4105 3741 4159 τὸν
3782 4102 3955 4156 πλοῦν
4003 4105 4065 4155 ἐν

2468 4213 2582 4273 τοῖς
2624 4210 2818 4279 ὅρμοις
2872 4202 3244 4272 κατασχόντες
3305 4201 3400 4252 καὶ
3461 4194 3932 4257 κατακαύσαντες,
3987 4193 4067 4254 ὡς

2470 4299 2706 4371 ἔφθασεν
2733 4299 2762 4350 ό
2793 4294 3024 4368 χειμὼν,
3064 4290 3400 4352 διαλύονται,
3441 4285 3937 4358 διαδιδρασκόντων
3965 4283 4067 4335 λά-

2472 4393 2577 4463 θρα
2610 4391 2707 4445 καὶ
2733 4389 2856 4442 κατ’
2886 4388 3103 4453 ὀλίγους
3124 4384 3233 4437 τῶν
3264 4381 3537 4436 κοινωνῶν
3564 4379 3660 4433 τοῦ
3684 4378 4065 4447 τολμήματος.

2477 4486 2543 4536 Ὀ
2577 4481 2880 4541 συνιδόντες
2927 4479 2978 4530 oi
3009 4477 3104 4529 τοῦ
3143 4474 3423 4544 δράματος
3469 4470 3703 4541 ἀρχηγοὶ
3758 4468 3905 4535 φυγῇ
3963 4468 4070 4534 τὴν

2473 4572 2749 4644 σωτηρίαν
2772 4569 2963 4623 λαϐεῖν
2997 4566 3395 4638 ἐπειράθησαν.
3427 4563 3540 4617 Καὶ
3564 4562 3593 4613 ό
3619 4560 3727 4635 μὲν.
3752 4557 4070 4627 Συμϐάτιος

2473 4670 2552 4731 είς
2589 4667 2653 4720 τὸ
2705 4665 2807 4734 τῆς
2858 4660 3132 4723 Πλατείας
3165 4658 3472 4729 λεγομένης
3532 4655 3743 4724 πέτρας
3793 4650 4070 4721 φρούριον

2471 4760 2888 4831 ὑπεισέρχεται,
2916 4756 2945 4807 ὁ
2988 4755 3045 4808 δὲ
3087 4752 3351 4824 Πηγάνης
3378 4747 3606 4819 κατέχει
3638 4746 3701 4798 τὸ
3736 4742 4068 4797 Κοτυάειον.

2482 4854 2625 4909 Ἀλλ’
2654 4854 2735 4914 είς
2769 4849 2925 4904 οὐδὲν
2970 4847 3073 4916 τῆς
3106 4844 3369 4913 τοιαύτης
3404 4839 3647 4901 ἐπινοίας
3669 4834 3966 4892 άπὼναντο
3996 4831 4068 4865 ⁸⁸·

2472 4946 2579 5001 ύπδ
2606 4944 2717 5015 γὰρ
2742 4943 2844 5013 τῆς
2869 4939 2965 4995 τοῦ
3001 4938 3269 5010 βασιλέως
3294 4934 3595 5006 ληφθέντες
3633 4929 3821 5001 χειρὸς
3848 4928 4073 4997 δέσμιοι

2473 5035 2610 5106 πρὸς
2641 5031 2803 5086 αὑτὸν
2826 5028 3217 5098 ἀναφέρονται.
3246 5021 3750 5093 Καταλαμϐάνουσι
3780 5018 3840 5070 δὲ
3871 5016 4074 5106 τοῦτον

2564 5126 2676 5187 τοῖς
2700 5121 2797 5175 τοῦ
2841 5120 3026 5188 ’Λγίου
3047 5117 3352 5187 Μάμαντος
3383 5110 3671 5172 παλατίοις
3698 5106 3967 5173 διάγοντα
3996 5104 4071 5134 "-

2474 5216 2568 5278 οὓς
2608 5214 2754 5280 ἰδὼν,
2790 5214 2885 5267 καὶ
2913 5210 3085 5265 πολλὰ
3114 5210 3212 5278 τῆς
3239 5206 3501 5268 ἀπονοίας
3533 5204 3629 5257 καὶ
3662 5198 3895 5262 ἀταξίας
3926 5197 4076 5248 ὀνει-

2480 5312 2633 5373 δίσας
2687 5326 2748 5361 τε
2806 5307 2901 5360 καὶ
2960 5304 3457 5374 λοιδορησάμενος,
3495 5298 3593 5353 καὶ
3638 5294 3729 5348 διὰ
3781 5291 4078 5363 μαστίγων

2480 5404 2746 5473 πρότερον
2801 5399 3106 5466 ἐπεξελθὼν
3140 5394 3363 5460 ἱκανῶν,
3401 5392 3629 5462 ὕστερον
3663 5386 3926 5448 ἐκδότους
3954 5383 4079 5443 ταῖς

2078 5583 2313 5640 VARIE
2355 5582 2763 5640 LECTIllNl‘ZS.

868 5699 913 5729 τ’
940 5696 1033 5767 τῆς
1068 5710 1185 5771 om.
1372 5700 1418 5732 ⁸³
1441 5700 1735 5771 βασιλέα...
1775 5716 1889 5757 om.
1918 5705 1982 5757 Α.

802 5768 993 5837 ἀγουσι
1025 5769 1089 5821 τὰ
1123 5768 1466 5843 βουλεύματα
1491 5790 1598 5828 utn.
1633 5774 1687 5828 l’.

2088 5706 2132 5738 θλ
2158 5706 2317 5772 ἁγίας
2361 5722 2473 5761 om.
2509 5704 2566 5759 l‘.

1768 5775 1812 5805 “‘
1845 5770 2154 5831 κατιῖιναντο
2180 5770 2237 5831 ll.
2317 5781 2361 5810 ε’
2397 5778 2648 5843 διάγοντα
2680 5791 2787 5827 otn.
2823 5772 2878 5825 l’.

2671 5703 2715 5732 ’⁸³
2744 5702 2845 5770 τῆς
2865 5716 2975 5754 om.
3004 5699 3062 5753 Ρ.
3168 5698 3213 5728 ³⁶
3238 5695 3402 5752 αὑτοῦ
3435 5694 3493 5747 Α.
3598 5691 3641 5722 ⁸⁷
3679 5689 3759 5753 εἰς
3789 5688 3956 5758 ἔργον
3986 5687 4077 5751 ἱξ-
