4154 6446
134 431 211 492 257
1190 426 1340 487 LIB.
1386 427 1449 486 Υ.
1492 447 1558 459 -
1600 425 1693 485 ΒΑ

1796 424 1955 485 ἰΙΠΞ
1983 425 2311 486 MACEDO.
2838 460 2841 463 ·
3250 433 3361 497 258

131 545 205 601 τοῦ
229 544 390 614 νόμου
426 542 639 604 ποιναῖς
667 539 986 609 ἐποιήσατο.
1022 540 1133 592 Καὶ
1175 540 1203 591 ὀ
1238 540 1337 609 μὲν
1366 537 1671 609 Συμὸἀτιος

1796 539 2023 601 :enerosi
2052 539 2288 609 pectoris
2326 539 2621 609 imperator
2644 540 2901 609 Basilius,
2948 552 3238 614 postquam
3270 558 3363 599 so-

132 634 426 708 ἀμφοτέρων
455 633 565 686 τῶν
595 632 891 702 ὀφθαλμῶν
920 632 1015 684 καὶ
1046 632 1145 699 τῆς
1176 633 1312 700 μιᾶς
1340 631 1524 700 χειρὸς
1558 646 1680 708 ag-

1803 645 1866 683 us
1898 644 2075 683 rerum
2108 630 2315 699 potitus
2336 640 2417 684 est
2442 670 2457 695 ,
2494 630 2563 684 ab
2605 633 2802 688 exsilio
2840 635 3134 700 revocavit,
3182 635 3368 705 pristi-

135 730 288 798 ρηθεὶς
329 729 407 790 εἰς
440 726 658 797 ἐξορίαν
686 724 1055 793 ἐκπέμπεται,
1087 723 1115 775 ὁ
1138 722 1197 775 δὲ
1223 723 1483 791 Πηγάνης
1515 722 1607 773 καὶ
1635 723 1682 754 ⁸⁸

1796 735 1962 786 aaque
2015 722 2199 775 omnia
2264 716 2531 788 munera,
2580 723 2782 792 quibus
2837 735 2964 781 ante
3009 726 3363 785 rebellionem

134 822 267 882 αὐτὸς
304 821 371 889 τῇ
428 818 537 871 τῶν
582 816 876 886 ὀφθαλμῶν
910 816 1202 869 ὑποπεσὼν
1238 815 1450 884 ἐκκοπῇ
1484 815 1578 866 καὶ
1618 817 1682 884 τῇ

1796 809 2127 879 gaudebant,
2175 810 2482 866 liberaliter
2545 812 2800 877 indulsit,
2858 830 2921 869 ac
2972 831 3039 870 ne
3078 817 3366 886 vestigium

132 908 218 958 τῶν
244 906 404 976 ῥινῶν
456 904 542 957 διὰ
604 904 792 972 ξίφους
828 904 1100 973 ἀνατομῇ,
1160 902 1295 974 πρὸς
1351 902 1688 972 ἐξορίανκαὶ

1796 901 2006 971 quidem
2040 902 2149 958 odii
2175 905 2471 959 ostendens
2499 921 2597 973 pro
2633 908 2831 961 veteris
2862 908 3076 978 injuriae
3100 912 3368 966 memoria

131 998 263 1060 αὐτὸς
288 997 706 1050 ἀποστέλλεται·
731 994 825 1059 οὓς
864 998 892 1047 ό
921 998 1168 1063 γενναῖος
1218 994 1473 1065 βασιλεὺς
1513 994 1680 1048 Βασί-

1796 995 1988 1063 szepius
2028 995 2096 1049 ad
2138 1010 2381 1050 mensam
2416 1011 2601 1052 secum
2636 999 2932 1056 adhibebat
2958 1003 3245 1073 verbisque
3273 1020 3370 1062 so-

131 1092 265 1151 λειος,
291 1090 379 1143 ὅτε
418 1090 518 1159 τὴν
556 1090 826 1157 μόναρχον
866 1088 912 1119 ⁸⁸
954 1088 1204 1152 ἐξουσίαν
1241 1086 1477 1149 ἐδέξατο,
1516 1087 1611 1139 καὶ
1639 1087 1685 1118 ⁸⁸

1796 1085 2030 1149 labatur,
2068 1101 2132 1140 ac
2160 1088 2438 1144 beneliciis
2464 1088 2670 1159 largus,
2699 1091 2856 1161 cujus
2895 1094 2996 1150 sibi
3023 1109 3119 1164 per
3146 1097 3371 1151 demen-

131 1182 213 1251 τῆς
237 1182 532 1251 ὑπερορίας
562 1180 933 1233 ἀνεκαλέσατο
975 1179 1070 1233 καὶ
1108 1182 1229 1241 ταῖς
1260 1178 1367 1251 πρὸ
1410 1181 1507 1249 τῆς
1547 1180 1686 1231 ἁπο-

1796 1178 1923 1230 tiam
1965 1186 2216 1232 auctores
2266 1179 2609 1244 exstiterant,
2651 1180 3009 1238 infortunium
3051 1185 3266 1241 levabat
3305 1202 3371 1242 ac

136 1274 327 1335 στασίας
384 1273 614 1339 δωρεαῖς
663 1272 1133 1341 ἐφιλοτιμήσατο,
1181 1273 1277 1324 καὶ
1336 1270 1475 1341 μηδὲ
1529 1271 1677 1339 ἴχνος
1794 1268 2092 1320 miseriam.

136 1365 481 1435 μνησικακίας
514 1363 650 1433 πρὸς
680 1365 875 1426 αὐτοὺς
903 1362 1277 1433 ἐνδειξάμενος
1317 1362 1414 1415 καὶ
1440 1361 1782 1431 όμοδιαίτους
1812 1360 2075 1422 πολλάκις
2143 1361 2381 1415 ἐποιεῖτο
2439 1364 2534 1417 καὶ
2581 1361 2762 1433 λόγοις
2820 1368 3211 1437 παρεμυθεῖτο,
3276 1373 3370 1426 καὶ

136 1460 289 1528 ἰργοις
315 1459 622 1528 εὐεργετῶν
663 1461 791 1529 ῥᾷον
821 1460 1019 1520 αὐτοὺς
1065 1459 1243 1511 ἐποίει
1268 1458 1457 1529 φέρειν
1485 1458 1546 1511 τὸ
1577 1458 1675 1527 τῆς
1715 1457 1900 1519 ἀνοίας
1935 1456 2217 1526 ἀτύχημα.

191 1554 267 1607 ιθ¹.
306 1552 467 1605 Ἀλλὰ
492 1553 670 1605 ταῦτα
721 1553 821 1622 μὲν
856 1552 1105 1622 ὕστερον·
1139 1553 1259 1605 τότε
1291 1552 1347 1605 δέ
1386 1553 1482 1606 καλ⁵
1510 1554 1545 1622 ἡ
1583 1552 1690 1621 πρὸ

135 1650 443 1716 πεντήκοντα
464 1649 561 1699 καὶ⁵
589 1646 920 1716 τριακοσίων
951 1646 1088 1699 ἐτῶν
1107 1647 1410 1718 πρόρρησις
1433 1647 1529 1698 καὶ
1550 1663 1685 1716 προ-

135 1740 304 1809 φητεία
331 1738 393 1791 τὺ
439 1738 595 1799 τέλος
628 1737 949 1806 -ἐλάμὸανεν
998 1738 1186 1789 Ἰσαὰκ
1223 1736 1317 1789 τοῦ
1360 1736 1687 1807 διορατικω-

134 1834 272 1887 τάτου
325 1834 438 1884 τῶν
489 1831 682 1901 ἱερέων
712 1831 804 1883 καὶ
837 1830 1090 1901 μοναχῶν
1110 1869 1125 1892 ,
1155 1829 1215 1893 ὃς
1248 1829 1307 1893 ἐξ
1350 1828 1688 1897 Ἀρσακιδῶν

1870 1550 1960 1604 l9.
1992 1548 2190 1604 Verum
2248 1557 2363 1608 haec
2398 1563 2608 1622 postea.
2641 1553 2797 1611 Tunc
2834 1571 2963 1611 vero
2991 1559 3155 1613 etiam
3208 1561 3370 1615 linem

1797 1641 2009 1709 accepit
2042 1657 2165 1710 quae
2201 1651 2329 1697 ante
2369 1660 2544 1701 annos
2577 1655 2855 1701 trecentos
2885 1656 2938 1702 et
2978 1648 3371 1721 quinquaginta

1800 1733 2122 1788 vaticinatio
2180 1736 2579 1805 oraeulnmque
2621 1747 3008 1806 praecesserat,
3041 1739 3234 1804 lsaaci,
3271 1742 3371 1795 viri

1794 1824 1938 1880 inter
1960 1826 2276 1881 sacerdotes
2302 1836 2469 1895 atque
2497 1831 2802 1884 monachos
2827 1832 2971 1886 dono
2996 1834 3373 1901 praenoscendi

132 1924 211 1977 καὶ
236 1923 392 1985 αὐτὸς
450 1922 830 1991 καταγόμενος
885 1921 953 1973 δι’
993 1920 1276 1989 ὁράματος
1339 1920 1546 1988 ἔμαθεν
1608 1918 1691 1971 ὅτι

1796 1916 1983 1972 l‘utura
2037 1919 2553 1988 praecellentissimi.
2610 1918 2889 1976 Trahehat
2937 1923 2984 1977 is
3034 1939 3251 1994 quoque
3301 1941 3368 1979 ex

135 2015 252 2085 μιτά
283 2013 541 2067 τοσοῦτον
573 2013 767 2081 χρόνον
795 2010 889 2064 τόν
922 2010 1128 2080 μεταξὺ
1170 2012 1236 2063 ἐκ
1271 2009 1383 2061 τῶν
1416 2009 1463 2043 ⁸³
1484 2008 1688 2075 ἀπογό-

133 2123 223 2159 νων
254 2103 523 2173 Ἀρσάκου
583 2102 769 2172 μέλλει
824 2118 912 2164 τις
961 2101 1059 2153 ἐπὶ
1113 2099 1183 2153 τὰ
1215 2100 1317 2168 τῆς
1369 2097 1689 2167 ⁹Ῥωμαῖκῆς

135 2198 387 2269 βασιλείας
424 2197 677 2266 σκῆπτρα
712 2193 1166 2258 ἀναόιϐάζεσθαι.
1215 2193 1429 2245 Γίνεται
1477 2192 1534 2244 δὲ
1569 2193 1688 2244 κατ’

133 2290 275 2359 εὐχὴν
302 2290 361 2341 τὸ
387 2290 623 2358 πρᾶγμα
638 2288 755 2351 ’τοῖς
772 2304 839 2339 τε
872 2287 930 2338 ἐν
954 2284 1099 2338 τέλει
1122 2284 1215 2336 καὶ
1237 2282 1314 2353 τῷ
1336 2283 1400 2353 δή
1412 2300 1496 2353 μιρ
1524 2284 1690 2336 παντὶ

132 2383 209 2435 καὶ
252 2381 600 2452 στρατοπέδῳ
637 2378 731 2451 [Ρ.
768 2377 898 2449 151]
932 2377 1028 2431 καὶ
1074 2379 1403 2447 στρατηγοῖς
1442 2376 1536 2429 καὶ
1578 2377 1689 2437 τοῖς

133 2474 220 2525 ὑπὸ
248 2474 342 2543 τὴν
377 2471 557 2543 ἀρχὴν
588 2471 694 2523 ἀνὰ
725 2468 929 2529 πάσαις
956 2470 1076 2531 ταῖς
1108 2466 1317 2537 χώραις
1347 2468 1443 2520 καὶ
1468 2467 1691 2520 πόλεσιν

131 2566 280 2619 ἇπασι
317 2565 571 2635 πλήθεσι·
602 2563 805 2626 πάντες
837 2561 948 2631 γὰρ
973 2559 1265 2630 ἐπιστῆναι
1299 2563 1410 2622 τοῖς
1433 2561 1694 2629 πράγμαο

134 2672 205 2710 σιν
226 2658 451 2729 ηὔχοντο
479 2658 527 2689 ⁸⁸
558 2656 727 2726 ἄνδρα
758 2656 854 2707 καὶ
876 2653 974 2722 τῆς
992 2652 1273 2714 ἐλάττονος
1298 2650 1468 2721 τύχης
1497 2653 1694 2720 πεῖραν

131 2748 397 2818 δεξάμενον
438 2749 535 2801 καὶ
599 2744 880 2814 ἐγνωκότα
933 2742 1061 2806 τοὺς
1118 2741 1264 2799 κατὰ
1292 2741 1401 2793 τῶν
1442 2742 1692 2811 πενήτων

133 2842 222 2894 ὑπὸ
242 2842 347 2894 τῶν
389 2839 775 2911 ὑπερεχόντων
799 2835 1190 2905 κονδυλισμοὺς
1223 2833 1317 2887 καὶ
1353 2834 1452 2897 τὰς
1478 2834 1696 2897 ἀδίκους

133 2931 185 2995 ἐξ
220 2930 396 2985 αὐτῶν
448 2930 776 2999 ἀφαιρέσεις
836 2926 933 2980 καὶ
988 2926 1087 2986 τὰς
1131 2924 1323 2993 ὥσπερ
1371 2923 1699 2986 ἀναστάσεις

1789 2010 2184 2064 Arsacidarum
2234 2022 2395 2081 gente
2447 2012 2761 2081 originem,
2808 2014 3109 2085 divinaque
3156 2017 3375 2072 visione

1791 2102 2062 2157 didicerat
2093 2112 2167 2158 tot
2190 2118 2476 2159 anulorum
2537 2105 2770 2161 decurso
2798 2106 2984 2176 spatio
3012 2107 3126 2163 fore
3154 2123 3222 2163 ex
3266 2113 3373 2164 Δια

1792 2195 1938 2249 sacis
1973 2195 2353 2264 posteris,qui
2385 2193 2631 2249 Romani
2689 2197 2904 2266 imperii
2930 2208 3147 2267 sceptra
3183 2214 3377 2269 capes-

1792 2294 1957 2340 seret.
2020 2285 2129 2340 Res
2173 2300 2236 2340 ex
2277 2286 2525 2340 omnium
2560 2297 2689 2341 voto
2720 2289 3023 2354 successit,
3054 2288 3216 2360 242
3260 2300 3373 2344 tum

1793 2378 2005 2432 scilicet
2034 2392 2326 2445 procerum
2364 2394 2429 2433 ac
2460 2379 2750 2445 nobilium,
2787 2389 2899 2435 tum
2932 2382 3159 2451 reliqua:
3190 2384 3373 2438 omnis

1795 2469 1966 2538 plebis
2008 2483 2073 2521 ac
2115 2468 2340 2533 civium,
2397 2470 2630 2524 militum
2694 2487 2916 2543 quoque
2974 2488 3040 2529 ac
3083 2473 3374 2531 ductorum

1795 2561 2067 2616 exercitus
2105 2561 2467 2630 omniumque
2521 2570 2637 2617 toto
2676 2562 2782 2619 late
2825 2566 3056 2635 imperio
3100 2581 3197 2636 per
3242 2583 3372 2637 pro-

1794 2652 2003 2708 vincias
2030 2655 2305 2723 urbesque
2334 2655 2709 2711 subditorum.
2734 2654 2937 2713 Omnes
2962 2659 3109 2714 enim
3136 2662 3376 2717 maxime

1795 2746 2153 2815 peroptabant
2187 2746 2362 2800 virum
2394 2749 2664 2817 ejusmodi
2705 2749 2869 2805 robus
2912 2752 3135 2821 praeﬁci,
3167 2756 3261 2823 qui
3300 2762 3380 2809 te-

1797 2839 2047 2893 nuiorem
2085 2839 2202 2908 ipse
2235 2838 2516 2895 fortunam
2574 2823 2834 2911 expertus
2865 2858 3154 2913 procerum
3205 2846 3380 2917 majoe

1797 2944 2033 2998 rumque
2072 2931 2126 2985 in
2155 2947 2423 3002 pauperes
2455 2932 2689 3003 injurias
2716 2949 2821 2988 non
2868 2937 3102 2991 nesciret
3131 2938 3379 3008 iniquas-

129 3022 222 3077 τῶν
257 3022 666 3091 ταπεινοτέρων
717 3019 813 3073 καὶ
858 3018 984 3079 τοὺς
1037 3015 1190 3087 παρὰ
1237 3015 1347 3068 τῶν
1398 3014 1693 3085 ὁμοφύλων

1799 3037 1908 3093 que
1963 3039 2156 3079 eorum
2224 3025 2469 3096 rapinas,
2508 3026 2600 3096 qui
2659 3027 2895 3097 denique
2957 3029 3312 3086 humiliorum
3348 3048 3377 3086 a

130 3115 588 3185 ἀνδραποδισμοὺς
608 3152 625 3177 ,
676 3112 714 3167 ἃ.
749 3113 928 3166 πάντα
958 3111 1054 3164 ἐπὶ
1094 3109 1194 3179 τῆς
1226 3107 1323 3162 τοῦ
1348 3107 1570 3179 Μιχαὴλ
1589 3107 1697 3197 Ῠβα-

1800 3117 2202 3173 contribulibus
2265 3130 2475 3174 tantum
2526 3135 2636 3175 non
2693 3122 2905 3177 excidia
2946 3130 3001 3176 et
3045 3122 3380 3197 direptiones

133 3207 314 3272 σιλείας
338 3209 471 3278 ἔσχε
506 3207 697 3278 καιρὸν
720 3204 811 3259 διὰ
853 3206 915 3257 τὸ
944 3202 1081 3273 πρὸς
1105 3201 1287 3264 ἄλλοις
1319 3200 1519 3270 μᾶλλον
1557 3196 1697 3255 εἶναι

1802 3205 2093 3276 plagiaque
2124 3218 2333 3263 nosset.
2369 3208 2502 3274 Qua:
2529 3210 2712 3264 omnia
2755 3208 3020 3265 Michaele
3051 3196 3379 3279 imperatore

132 3298 207 3351 τὸν
254 3299 481 3368 βασιλέα
522 3298 555 3368 ἢ
593 3295 859 3365 περὶτῶν
915 3293 1176 3346 τοιούτων
1215 3291 1423 3345 ἐθέλειν
1454 3296 1695 3347 σκοπεῖν.

1804 3301 2154 3357 occasionem
2186 3309 2516 3372 tempusque
2566 3312 2726 3357 nacta
2767 3303 2933 3357 etiam
2969 3303 3243 3372 etiamque
3269 3305 3378 3357 vim

128 3392 384 3460 roburque
430 3390 761 3452 habuerant,
814 3401 939 3441 cum
990 3384 1090 3439 ille
1134 3383 1269 3438 aliis
1304 3383 1487 3453 potius
1524 3385 1687 3442 rebus
1713 3388 1961 3445 animum
2008 3391 2325 3447 attendebat
2373 3406 2542 3463 quam
2614 3401 2671 3446 ut
2732 3392 2982 3462 publicis
3046 3391 3378 3463 ejuscemodi

129 3487 257 3539 euris
284 3500 512 3555 operam
548 3499 613 3539 ac
645 3483 885 3538 studium
932 3494 1182 3552 poneret.

184 3576 249 3631 κ’.
278 3577 503 3631 Μᾶλλον
540 3575 619 3641 δὲ,
647 3577 770 3629 ἐπεὶ¹
801 3573 1035 3626 ἐνταῦθα
1064 3570 1158 3625 τοῦ
1193 3571 1351 3640 λόγου
1400 3575 1695 3646 ἐγενόμην,

130 3668 293 3740 οῖομαι
342 3668 461 3721 δεῖν
514 3668 616 3739 τὴν
668 3667 766 3737 μὲν
814 3666 956 3719 κατὰ
998 3664 1093 3717 τὸν
1151 3663 1377 3732 βασιλέα
1412 3665 1699 3722 Βασίλειον

132 3762 351 3833 ἱστορίαν
391 3761 660 3829 σχολάσαι
693 3759 785 3811 ἐπὶ
824 3758 1022 3828 μικρὸν
1051 3794 1066 3819 ,
1118 3754 1329 3808 ἄνωθεν
1375 3756 1434 3809 δὲ
1495 3759 1699 3813 ἀναλα-

132 3853 273 3907 Βόντα
301 3852 551 3923 δηλῶσαι
600 3851 687 3905 διὰ
736 3850 1009 3920 βραχέων,
1041 3846 1117 3908 ὼς
1170 3842 1283 3903 οἶόν
1316 3864 1400 3914 τε,
1434 3842 1546 3913 οἷος
1575 3846 1641 3920 ἦν
1671 3852 1699 3904 ό

132 3944 228 4013 βίος
252 3945 328 4016 τῷ
368 3945 591 4016 βασιλεῖ
623 3943 837 4016 Μιχαὴλ
863 3947 958 3998 καὶ
987 3945 1121 4009 οἵοις
1152 3946 1478 4016 πράγμασιν
1510 3944 1699 4014 ἔχαιρε

130 4037 208 4090 καὶ
244 4039 335 4091 ἐπὶ
366 4038 493 4091 τίσι
534 4038 627 4090 τδν
652 4037 843 4108 χρόνον
871 4040 966 4090 καὶ
991 4039 1091 4107 τὴν
1121 4041 1301 4092 πᾶσαν
1331 4036 1498 4090 αὑτοῦ
1533 4052 1701 4089 σπου-

129 4129 209 4199 δὴν
236 4131 332 4185 καί
360 4132 434 4184 τὰ
468 4130 713 4199 δημόσια
762 4129 1133 4201 κατανήλισκε
1181 4130 1464 4199 χρήματα,
1515 4128 1581 4180 ἶν’
1615 4129 1703 4181 ἐν·

128 4223 297 4276 τεῦθεν
338 4223 555 4277 εἰδέναι
590 4214 941 4290 λογιζόμενος
982 4220 1101 4290 ἐχοι
1153 4223 1261 4284 πᾶς
1307 4224 1336 4272 ό
1376 4218 1699 4289 βουλόμενος

129 4315 195 4367 ὅτι
218 4316 310 4369 καὶ
326 4315 424 4367 τὸν
440 4314 742 4367 Βασίλειον
774 4312 892 4365 θεία
927 4312 1107 4383 ψῆφος
1145 4313 1337 4381 σαφῶς
1362 4310 1430 4381 ἦν
1454 4314 1489 4382 ἡ
1515 4311 1610 4364 ἐπὶ
1638 4311 1700 4364 τὸ

128 4408 295 4478 ἄρχειν
322 4408 620 4463 καλέσασα
654 4403 936 4473 (ἀδύνατον
981 4407 1090 4475 γὰρ
1117 4400 1186 4476 ἦν
1221 4406 1297 4468 ob;
1338 4400 1483 4474 εἶχεν
1512 4403 1701 4473 ἔχοντα

130 4504 371 4573 συστῆναι
400 4503 475 4554 τὰ
512 4499 842 4570 πράγματα)
887 4499 982 4551 καὶ
1015 4499 1096 4550 ὅτι
1127 4501 1266 4568 μετά
1286 4496 1458 4551 ταῦτα
1486 4496 1649 4560 αὐτὸς
1674 4498 1703 4550 ό

127 4591 320 4664 Μιχαὴλ
350 4594 480 4647 καθ’
523 4590 724 4644 ἑαυτοῦ
770 4592 837 4644 τὰ
881 4590 1009 4661 ξίφη
1035 4590 1275 4660 ἠκόνησε
1322 4590 1548 4654 καὶτὰς
1591 4588 1700 4642 τῶν

127 4684 402 4739 ἀνελόντων
443 4684 617 4737 αὐτὸν
664 4682 948 4751 ἐστόμωσε
1005 4681 1184 4745 δεξιὰς
1236 4682 1333 4734 καὶ
1374 4683 1455 4745 είς
1488 4682 1587 4751 τὴν
1625 4682 1703 4733 οἱ·

1869 3578 1959 3634 20.
2000 3578 2290 3636 Enimvero
2319 3595 2446 3636 cum
2483 3580 2589 3636 huc
2631 3595 2807 3650 usque
2837 3581 3059 3636 devecta
3096 3582 3230 3636 mihi
3256 3597 3379 3635 ora-

1798 3670 1874 3726 tio
1911 3671 2006 3734 sit,
2042 3685 2223 3741 opera:
2246 3673 2483 3740 pretium
2527 3688 2650 3728 esse
2692 3673 2947 3728 existimo
2972 3680 3033 3727 ut
3058 3672 3242 3728 Basilii
3277 3673 3379 3727 im-

1797 3761 2066 3831 peratoris
2100 3764 2369 3832 tantisper
2423 3764 2745 3819 intermissa
2801 3766 3064 3830 historia,
3104 3781 3163 3819 re
3216 3766 3382 3821 altius

1800 3854 2047 3923 repetita,
2088 3856 2281 3924 'quoad
2336 3857 2452 3910 lieri
2486 3858 2712 3925 poterit,
2739 3858 2935 3926 paucis
2985 3873 3206 3912 narrem
3261 3874 3381 3926 qum

1800 3944 2082 4000 Michaelis
2106 3946 2452 4015 imperatoris
2476 3948 2585 4001 vita
2606 3946 2798 4012 fuerit,
2826 3949 3027 4017 quibus
3065 3948 3156 4001 ille
3180 3948 3381 4003 studiis

1800 4038 2193 4105 delectaretur,
2226 4051 2279 4094 et
2318 4042 2374 4095 in
2406 4042 2607 4110 quibus
2625 4056 2795 4096 omne
2817 4052 3034 4111 tempus
3063 4049 3228 4111 atque
3252 4055 3382 4110 ope-

1800 4144 1917 4183 ram
1947 4130 2198 4199 perderet
2232 4133 2595 4186 acraararium
2632 4133 2988 4197 exhauriret;
3028 4141 3087 4187 ut
3132 4133 3257 4187 inde
3298 4148 3380 4187 re-

1798 4231 2002 4290 putans
2054 4236 2222 4277 nosse
2279 4224 2479 4291 possit,
2543 4224 2795 4293 quisquis
2844 4224 3119 4287 voluerit,
3192 4224 3379 4279 divino

1799 4313 1979 4383 palam
2013 4313 2218 4369 factum
2255 4316 2519 4386 suﬂ‘ragio
2582 4328 2640 4371 ut
2698 4317 2934 4371 Basilius
2982 4317 3048 4371 ad
3085 4317 3377 4387 imperium

1798 4415 2093 4461 vocaretur
2145 4406 2284 4478 (ﬁeri
2344 4410 2490 4463 enim
2554 4426 2661 4464 non
2725 4418 2943 4479 poterat
3004 4419 3064 4464 ut
3119 4426 3227 4473 res,
3268 4427 3380 4480 quo

1798 4511 1957 4555 erant
1993 4512 2162 4563 statu,
2211 4504 2624 4571 consisterent),
2662 4505 2953 4573 ipsumque
2987 4503 3041 4557 in
3087 4518 3148 4558 se
3198 4503 3376 4572 ipsum

1800 4592 2118 4648 Michaelem
2168 4593 2377 4663 gladios
2425 4595 2740 4660 strinxisse,
2770 4603 2936 4663 atque
2974 4609 3163 4648 eorum
3194 4609 3226 4648 a
3266 4594 3358 4663 qui

1798 4686 1903 4741 bus
1943 4695 2168 4741 necatus
2197 4694 2283 4742 est
2310 4687 2567 4742 dexteras
2599 4688 2894 4742 rohorasse
2926 4696 2981 4740 et
3009 4686 3063 4740 in
3098 4686 3376 4755 propriam

127 4777 259 4829 κείαν
304 4776 535 4848 σφαγὴν
572 4774 878 4844 διηρέθισε·
910 4773 1163 4828 τοσοῦτον
1197 4773 1390 4828 ἑαυτὸν
1421 4772 1530 4827 τῶν
1566 4773 1697 4827 καθ-

1804 4779 2007 4834 caadem
2034 4779 2305 4833 excitasse
2337 4797 2350 4832 :
2382 4781 2462 4833 sic
2494 4780 2751 4833 nimirum
2779 4780 2847 4832 ab
2876 4777 3029 4834 omni
3065 4792 3125 4833 se
3161 4776 3378 4831 honesti

126 4870 348 4939 ηιιόντων
374 4868 731 4939 ὲξεδιῄτησε,
764 4868 858 4920 καὶ
896 4867 1151 4920 τοσοῦτον
1184 4867 1321 4938 πρὸς
1368 4870 1552 4921 πᾶσαν
1594 4885 1701 4921 πα-

129 4959 343 5030 ράνομον
374 4956 765 5026 ἐξεϐακχεύθη
797 4956 1022 5027 πρᾶξιν,
1053 4955 1150 5008 καὶ
1193 4955 1365 5018 οὕτως
1390 4956 1459 5008 τά
1485 4972 1547 5007 τε
1580 4954 1701 5009 θεῖα

127 5052 458 5125 ἐξωρχήσατο
500 5052 605 5103 καὶ
642 5050 778 5120 πρὸς
808 5049 935 5112 τοὺς
981 5049 1084 5118 τῆς
1132 5048 1408 5111 πολιτείας
1437 5046 1572 5118 ὁμοῦ
1605 5048 1703 5100 καὶ

125 5141 208 5211 τῆς
236 5143 454 5209 φύσεως
502 5141 713 5210 νόμους
764 5137 1080 5210 ἐξύϐρισεν.
1112 5140 1540 5211 Συστησάμενος
1590 5140 1701 5210 γάρ

127 5239 235 5305 περὶ
268 5238 465 5291 ἐαυτὸν
518 5233 774 5301 ἀσελγῶν
818 5233 912 5285 καὶ
957 5233 1169 5303 μιαρῶν
1198 5235 1295 5286 καὶ
1320 5238 1698 5304 παμπονήρων

127 5330 407 5401 ἀνθρώπιον
464 5327 643 5399 χορὸν
684 5326 946 5396 δυσσεϐῆ,
982 5328 1077 5380 καὶ
1120 5326 1221 5398 τὴν
1262 5328 1359 5380 τοῦ
1414 5326 1696 5399 βασιλικοῦ

131 5422 365 5490 μεγέθους
409 5421 703 5490 ἀτιμάσας
752 5419 1062 5489 σεμνότητα
1088 5459 1103 5484 ,
1142 5420 1273 5491 περὶ
1332 5420 1553 5491 κώμους
1600 5421 1696 5475 καὶ

131 5513 274 5579 μέθας
314 5517 411 5569 καὶ
437 5514 666 5584 ἔρωτας
703 5511 951 5579 ἀσελγεῖς
982 5516 1076 5565 καὶ
1118 5512 1320 5581 αἰσχρά
1355 5513 1690 5583 διηγήματα,

129 5607 269 5662 ἔτιδὲ
298 5608 431 5677 περὶ
469 5604 741 5677 ἡνιόχους
794 5607 890 5657 καὶ
929 5604 1130 5667 ἵππους
1177 5606 1271 5658 καὶ
1322 5606 1546 5675 ἅρματα
1598 5608 1692 5660 καὶ

128 5701 207 5769 τὴν
249 5700 506 5756 ἐντεῦθεν
562 5698 769 5771 μανίαν
809 5700 903 5753 καὶ
930 5698 1259 5769 παρακοπὴν
1287 5698 1397 5751 τῶν
1428 5699 1643 5770 φρενῶν
1664 5702 1693 5754 ὁ

1796 4872 2048 4940 rectique
2079 4870 2262 4923 studio
2295 4880 2570 4924 extorrem
2602 4869 2767 4941 253
2804 4868 3025 4934 fecerat,
3059 4868 3247 4936 sicque
3276 4868 3378 4920 im-

1796 4964 1967 5035 proba
2010 4962 2157 5017 omni
2188 4964 2407 5017 actione
2452 4962 2779 5017 debacchari
2812 4962 2999 5031 glorias
3026 4960 3280 5022 ducebat,
3313 4973 3379 5013 ac

1798 5059 1880 5112 sic
1908 5056 2093 5111 divina
2124 5055 2336 5109 ludicro
2370 5055 2605 5109 habebat
2637 5071 2700 5109 ac
2732 5054 3055 5109 traducebat
3083 5069 3097 5117 ;
3155 5052 3235 5106 sic
3282 5051 3376 5105 de-

1798 5150 1964 5220 nique
1992 5149 2181 5203 civiles
2215 5163 2280 5204 ac
2310 5160 2518 5202 natura:
2548 5149 2692 5219 leges
2724 5148 3046 5203 violaverat.
3080 5145 3196 5200 Sibi
3227 5145 3373 5198 enim

1797 5242 2199 5312 impudicorum
2253 5252 2308 5296 et
2349 5232 2693 5310 impurorum
2743 5239 3374 5307 scelestissimorumque

1796 5349 2103 5407 ganeonum
2168 5344 2372 5389 coetum
2420 5333 2712 5395 adhibens,
2760 5333 3028 5404 regiaeque
3074 5330 3375 5401 majestatis

1795 5428 2115 5499 dignitatem
2147 5426 2383 5496 indignis
2430 5427 2607 5481 modis
2632 5426 3026 5487 dehonestans,
3078 5424 3297 5492 crapula
3321 5431 3377 5477 et

1799 5520 2065 5576 ebrietate
2093 5528 2148 5574 et
2194 5519 2425 5589 impuris
2458 5520 2738 5573 amoribus
2786 5517 3148 5585 obscenisque
3180 5530 3373 5568 narra-

1801 5612 2086 5674 tiunculis,
2121 5620 2235 5665 tum
2268 5612 2432 5666 etiam
2478 5611 2687 5680 aurigis
2719 5620 2774 5665 et
2803 5610 2963 5679 equis
3016 5618 3069 5663 et
3120 5606 3374 5660 ('urrthus

1802 5704 2033 5770 ac(quae
2061 5702 2185 5756 inde
2217 5702 2319 5774 cst)
2364 5701 2574 5756 insania
2610 5716 2674 5755 ac
2721 5700 2995 5755 dementia
3038 5700 3118 5753 vir
3155 5697 3369 5751 ιιιίεοηι

1394 5789 1621 5847 VARUS
1655 5791 2058 5848 LECTIONES.

185 5883 223 5914 "
249 5884 336 5937 καὶ
374 5901 491 5938 om.
522 5880 587 5935 l‘.
667 5883 707 5912 "
738 5879 1013 5950 μνινάρχην
1048 5879 1105 5935 Ρ.
1184 5882 1240 5953 ,θ’
1270 5879 1360 5934 καὶ
1392 5896 1500 5937 Olli.
1534 5881 1591 5938 l'.

1672 5884 1715 5915 ’³
1755 5882 1864 5937 τῶν
1890 5900 2000 5941 om.
2037 5883 2095 5939 Ρ.

2198 5886 2241 5916 οδ
2273 5884 2509 5954 ηῡχοντο
2575 5886 2686 5947 τοῖς
2710 5884 3032 5956 πράγμασιν
3064 5880 3125 5938 Ρ.
