4154 6446
788 414 892 478 239

1889 405 2400 467 TIIEOPHANES
2431 402 2986 463 CONTINUATUS.

3943 397 4036 459 950

790 534 914 588 bilis
949 531 1066 587 dies
1112 527 1440 594 insumebat,
1487 526 1652 595 inque
1692 525 1812 593 ejus
1847 525 2067 592 generis
2115 532 2366 577 monstra

2471 522 2655 585 ἄθλιος
2677 520 2996 591 διημέρευε,
3034 519 3126 570 καὶ
3168 519 3246 580 είς
3275 519 3400 581 τοὺς
3429 515 3706 579 τοιούτους
3733 514 4036 585 ἀνθρώπους

789 642 851 680 ac
884 633 1064 694 pestes
1088 620 1337 691 publicas
1370 618 1549 672 aerarii
1581 633 1710 687 opes
1741 616 2360 684 eﬂutnlebatﬂnodque

788 731 917 770 sane
948 713 1199 768 omnium
1232 710 1604 763 miserrimum
1635 717 1738 770 est,
1775 708 1891 777 ipsa
1920 724 2138 777 quoque
2161 716 2362 762 nostra:

788 807 910 860 fidei
947 803 1190 868 svntbola
1232 802 1468 855 irridens
1500 816 1563 853 ac
1599 800 1908 863 ludilirans,
1938 817 2004 853 ex
2055 801 2275 854 mimico
2301 815 2365 855 ac

789 896 1020 951 ridiculo
1086 908 1189 946 suo
1249 892 1510 946 comitatu
1572 891 1917 944 constituens
1948 891 2040 957 qui
2079 890 2366 943 venerabi-

790 990 924 1041 liunt
972 986 1321 1040 sacerdotum
1373 993 1552 1036 canus
1609 981 1842 1036 formam
1906 981 2368 1045 referrrnt,deri-

786 1081 965 1134 denda
1014 1080 1105 1133 illa
1160 1093 1224 1131 ac
1259 1076 1498 1131 ostentui
1537 1075 1788 1129 habemla
1827 1075 2152 1142 exponebat.
2186 1073 2366 1129 Pauca

785 1188 852 1227 ex
890 1173 1004 1224 illis
1048 1168 1306 1232 referam,
1349 1184 1458 1222 non
1498 1168 1675 1237 plura,
1719 1177 1776 1221 ut
1817 1182 1881 1221 ex
1924 1167 2116 1236 paucis
2165 1183 2366 1236 cogno-

785 1266 950 1319 scatis
980 1273 1033 1318 et
1077 1263 1310 1331 reliqua.

853 1356 943 1408 ει.
996 1354 1152 1418 Quod
1209 1355 1252 1405 is
1304 1352 1484 1420 itaque
1536 1349 1782 1418 aurigam
1832 1359 2016 1418 ageret
2065 1364 2370 1416 cursusque

786 1453 1031 1518 agitaret,
1067 1460 1337 1513 equorum
1371 1443 1558 1497 currui
1603 1442 1809 1512 auriga:
1839 1441 2038 1494 amictu
2078 1442 2194 1508 ipse
2237 1441 2370 1494 insi-

782 1542 916 1593 dens
939 1547 995 1591 et
1017 1538 1069 1590 in
1090 1536 1343 1591 cursibus
1368 1534 1662 1602 reciprocis
1684 1548 1810 1585 cum
1833 1531 2043 1585 aemulis
2059 1531 2367 1593 decertans,

782 1642 900 1686 tum
951 1631 1095 1684 intra
1144 1631 1334 1683 urbem
1381 1628 1664 1696 ipsamque
1715 1624 1940 1691 regiam,
1978 1632 2094 1677 tum
2146 1622 2260 1676 ruri
2316 1623 2371 1676 in

782 1727 948 1795 regiis
975 1723 1182 1778 aedibus
1215 1736 1335 1790 qua:
1357 1719 1411 1772 in
1441 1718 1498 1771 S.
1525 1717 1812 1772 Alamantis
1841 1725 1990 1781 sunt,
2016 1718 2373 1770 immensam-

781 1834 886 1888 que
913 1815 1155 1885 pecuniae
1186 1815 1294 1867 vim
1329 1813 1381 1865 in
1418 1812 1538 1866 istis
1565 1811 1886 1873 insumeret,
1919 1809 1992 1863 ita
2027 1809 2288 1862 nimirum
2315 1816 2372 1861 ut

780 1909 958 1964 bellici
991 1917 1241 1976 sumptus
1281 1905 1334 1958 in
1370 1902 1810 1973 spectaculorum
1831 1916 1895 1955 ac
1926 1900 2177 1954 ludorum
2207 1914 2366 1954 usum

781 2012 1248 2063 converterentur,
1273 2000 1642 2067 Romanaeque
1683 2013 1822 2067 opus
1857 1997 1910 2050 in
1944 1996 2234 2066 thymelica
2267 1995 2368 2050 tri-

781 2097 942 2166 pudia
967 2105 1019 2148 ct
1050 2092 1668 2162 nugaselfunderentur,
1688 2088 2031 2160 zaﬁinque
2052 2089 2295 2158 impuras
2315 2095 2370 2142 et

781 2185 1073 2239 sceleratas
1096 2181 1484 2236 bacchationes
1529 2180 1870 2247 lascivosque
1891 2193 2108 2232 amores
2127 2178 2368 2232 thesauri

777 2276 910 2344 regii
945 2273 1172 2343 prodige
1210 2271 1602 2338 allluenterqne
1631 2275 2076 2338 exportarentur,
2125 2276 2183 2322 ut
2221 2269 2368 2338 quod

779 2369 1040 2421 omnibus
1086 2374 1276 2417 notqu
1319 2362 1392 2417 sit
1439 2376 1504 2416 ac
1553 2361 1948 2425 manifestum,
2009 2359 2368 2415 omittendum

781 2459 915 2512 mihi
950 2473 1071 2512 esse
1101 2456 1251 2509 duxi.
1297 2453 1453 2520 Quod
1495 2461 1680 2508 autem
1717 2469 1805 2509 res
1830 2452 2049 2507 divinas
2075 2452 2235 2508 ludos
2264 2453 2368 2508 sibi

781 2551 990 2613 fecerit,
1019 2565 1197 2620 exque
1241 2550 1460 2617 impuro
1491 2548 1839 2616 obscenoque
1864 2563 1928 2602 ac
1953 2546 2265 2602 effeminato
2293 2545 2368 2599 illi

780 2644 1175 2698 adhan'entium
1204 2641 1462 2697 sotlalitio
1479 2641 1845 2711 patriarcham
1870 2656 2042 2694 unum
2069 2638 2367 2703 vocaverit,

778 2752 954 2805 exque
999 2736 1111 2790 illis
1156 2735 1410 2789 undecim
1449 2734 1830 2803 metropolitas
1877 2732 2197 2802 designarit,
2243 2740 2367 2785 tan-

779 2843 944 2898 quam
989 2828 1106 2896 ipse
1140 2827 1208 2880 ad
1255 2826 1642 2894 complendum
1685 2840 1976 2880 numerum
2007 2823 2369 2879 duodecimus

781 2920 944 2982 foret,
991 2919 1042 2972 id
1091 2934 1218 2973 vero
1267 2918 1524 2971 narrabo.
1563 2915 1864 2970 Profanum
1911 2931 1975 2971 ac
2015 2915 2370 2970 sceleratissi-

783 3022 931 3060 mum
965 3006 1212 3059 Grullum
1249 3006 1617 3074 patriarcham
1654 3005 1953 3074 appellans,
1978 3005 2368 3059 archieratica-

779 3114 886 3166 que
919 3113 1055 3151 auro
1081 3099 1420 3151 interstincta
1450 3111 1512 3150 ac
1542 3096 1882 3166 praafulgenti
1904 3106 2051 3150 veste
2081 3097 2366 3160 amiciens,

2465 610 2704 681 ἀφειδῶς
2751 609 3000 674 ὲξεκένου
3037 607 3378 677 τά’δημόσια
3432 607 3715 678 χρήματα.
3761 605 3871 657 Καὶ
3897 605 3954 657 τὸ
3978 602 4036 674 δὴ

2467 702 2862 773 σχετλιώτατον
2885 743 2898 767 ,
2951 701 3034 753 ὅτι
3084 701 3180 754 καὶ
3218 700 3358 752 αὐτὰ
3389 699 3458 752 τά
3489 699 3589 768 τῆς
3625 699 3862 760 πίστεως
3893 697 4037 768 ήμῶν

2469 793 2716 864 σύμϐολα
2761 791 3041 864 χλευάζων
3089 792 3185 844 καὶ
3233 791 3542 862 κερτομῶν,
3589 790 3912 852 ἀντιτύπους
3941 789 4039 840 τῶν

2469 887 2685 956 σεμνῶν
2706 887 2897 957 ἱερέων
2921 887 2986 937 ὲκ
3012 885 3122 937 τῶν
3147 885 3280 956 περὶ
3301 885 3468 937 αὑτὸν
3495 884 3679 954 μίμων
3703 883 3797 936 καὶ
3829 882 4040 950 γελοίων

2469 980 2979 1049 καταστησάμενος,
3044 977 3427 1047 μυκτηρισμὸν
3482 978 3578 1030 καὶ
3631 976 3831 1046 χλεύην
3882 974 4038 1026 ἐτίθει

2469 1072 2642 1125 ταῦτα
2717 1071 2811 1125 καὶ
2880 1070 3113 1140 γέλωτα.
3163 1073 3510 1140 Διηγήσομαι
3570 1069 3628 1120 δέ
3673 1085 3799 1120 τινα
3839 1066 3895 1130 ἐξ
3947 1066 4041 1117 αύ-

2468 1167 2597 1228 τῶν,
2630 1165 2692 1217 ού
2721 1164 2912 1232 πολλὰ,
2960 1165 3046 1218 ἵνα
3076 1165 3187 1219 ἀπὸ
3239 1164 3346 1216 τῶν
3377 1164 3577 1231 όλίγων
3633 1161 3806 1229 γνῶτε
3846 1161 3938 1212 καὶ
3980 1158 4042 1211 τά

2470 1255 2654 1308 λοιπά.

2545 1347 2628 1418 [1³.
2690 1347 2810 1420 152]
2864 1355 2972 1402 κα’.
3026 1350 3150 1402 Ὅτι
3202 1349 3300 1418 μὲν
3360 1348 3453 1402 οὖν
3509 1347 3904 1418 ἀρματηλάτης
3953 1349 4044 1401 καὶ

2472 1441 2685 1510 ἡνίοχος
2731 1437 2821 1511 ῆν,
2851 1441 2945 1494 ἐπὶ
2965 1443 3012 1474 ’⁸
3047 1441 3141 1494 τοῦ
3167 1441 3358 1512 δίφρου
3393 1441 3501 1493 τῶν
3534 1442 3719 1493 ἵππων
3758 1441 3876 1510 μεθ’
3898 1441 4044 1511 ήνιό-

2471 1552 2564 1604 χου
2593 1533 2786 1603 στολῆς
2817 1533 3185 1604 καθεζόμενος
3220 1535 3313 1588 καὶ
3348 1534 3486 1603 πρὸς
3511 1535 3638 1597 τοὺς
3663 1533 3913 1596 διαύλους
3939 1533 4045 1586 τῶν

2473 1627 2694 1695 δρόμων
2720 1628 2832 1688 τοῖς
2848 1628 3180 1696 ἀντιτέχνοις
3200 1625 3629 1695 διαμιλλώμενος
3647 1625 3793 1678 ἔνδον
3817 1644 3872 1678 τε
3888 1628 3932 1658 ⁸⁸
3951 1627 4044 1694 τῆς

2478 1715 2872 1788 βασιλευούσης
2901 1716 2998 1771 καὶ
3027 1717 3137 1770 τῶν
3171 1717 3459 1788 βασιλείων
3487 1717 3578 1770 καὶ
3605 1717 3710 1780 ἔξω
3740 1716 3881 1768 κατά
3899 1717 3967 1767 τά
3991 1717 4045 1765 ὲν

2473 1808 2551 1878 τῷ
2611 1809 2706 1862 τοῦ
2763 1811 3044 1881 μάρτυρος
3095 1811 3398 1878 Μάμαντος
3463 1808 3720 1878 βασιλικά
3773 1809 4045 1876 ἐνδιαιτή-

2477 1918 2648 1971 ματα,
2711 1901 2809 1955 καὶ
2877 1903 2964 1956 ὅτι
3032 1902 3332 1972 πάμπολλα
3401 1903 3662 1972 χρήματα
3725 1903 3806 1964 εἰς

2473 1996 2757 2065 ἀνήλισκε,
2790 1996 3071 2068 θεωρικῶν
3116 1999 3427 2067 γενομένων
3469 1998 3579 2051 τῶν
3619 1996 4046 2068 στρατιωτικῶν,

2473 2089 2568 2139 καὶ
2594 2088 2702 2140 ἀπὸ
2737 2088 2846 2141 τῶν
2887 2089 3204 2158 πολεμικῶν
3241 2090 3448 2156 τάξεων
3497 2093 3576 2153 είς
3624 2090 3721 2152 τὰς
3754 2089 4048 2159 θυμελικὰς

2473 2180 2728 2250 ὀρχήσεις
2756 2181 2853 2232 καὶ
2891 2179 3092 2251 λέσχας
3119 2184 3148 2234 ό
3180 2182 3490 2252 Ῥωμαϊκὸς
3524 2181 3764 2250 ἐξεχεῖτο
3798 2181 4048 2246 πλοῦτος,

2473 2269 2568 2322 καὶ
2592 2271 2672 2332 είς
2703 2271 2955 2339 ἀσελγεῖς
2983 2271 3078 2324 καὶ
3109 2273 3470 2342 παρανόμους
3501 2273 3763 2341 βακχείας
3795 2273 3889 2324 καὶ
3911 2271 4052 2341 ἔρω-

2473 2379 2570 2425 τας
2585 2361 2830 2425 ἀσώτους
2852 2363 3078 2427 ἀσώτως
3100 2366 3194 2418 καὶ
3216 2365 3382 2436 ῥύδην
3399 2365 3756 2434 έξεφοροῦντο
3771 2367 3818 2416 οἱ
3841 2365 4050 2434 βασιλι-

2471 2456 2558 2508 κοὶ
2584 2454 2867 2526 θησαυροὶ,
2891 2456 2968 2519 ώς
2994 2459 3127 2510 πᾶσι
3150 2458 3429 2527 γνώριμον
3460 2460 3551 2511 καὶ
3577 2459 3892 2527 καταφανὲς
3918 2457 4051 2510 καθ-

2475 2546 2648 2610 εστὼς
2693 2549 2969 2619 παρήσειν
3028 2567 3118 2620 μοι
3168 2549 3312 2602 δοκῶ
3343 2565 3356 2578 ·
3392 2551 3473 2602 ὄτι
3521 2550 3576 2602 δὲ
3619 2550 3689 2602 τά
3747 2550 3866 2603 θεῖα
3918 2568 4052 2604 κατο

2474 2635 2692 2701 έπαιζε,
2731 2638 2830 2692 καὶ
2896 2638 3009 2692 ἀπὸ
3054 2639 3165 2692 τῶν
3217 2639 3488 2694 συνόντων
3532 2641 3681 2711 αὐτῷ
3715 2642 3928 2710 μιαρῶν
3960 2642 4055 2694 καὶ

2470 2729 2724 2799 ἀσελγῶν
2749 2730 3098 2798 ἀνδρογύνων
3144 2732 3240 2784 καὶ
3283 2734 3632 2803 πατριάρχην
3670 2733 3768 2786 ἕνα
3804 2734 4056 2804 ώ-ιόμαζε

2471 2825 2564 2876 καὶ
2614 2824 3019 2893 μητροπολίτας
3058 2825 3123 2876 ὲκ
3163 2823 3369 2877 τούτων
3425 2826 3706 2895 ἀφώρισεν
3761 2825 3957 2878 ἕνδεκα
3982 2827 4056 2888 ὡς

2471 2913 2638 2967 αὑτοῦ
2680 2915 3132 2987 συμπληροῦντος
3171 2917 3264 2970 τὸν
3295 2917 3503 2970 δώδεκα
3524 2918 3570 2950 ³⁷
3611 2919 3865 2990 ἀριθμόν,
3899 2918 4060 2970 τοῦτο

2471 3004 2531 3056 δὲ
2563 3006 2611 3038 ’³
2642 3005 2998 3075 διηγήσομαι.
3062 3007 3166 3060 Τὸν
3207 3007 3315 3075 γὰρ
3360 3009 3528 3078 ἐναγῆ
3581 3011 3674 3061 καὶ
3710 3009 4059 3078 μιαρώτατον

2480 3102 2690 3153 ἐκεῖνον
2734 3097 2972 3168 Γρύλλον
3011 3099 3057 3132 ⁹⁹
3082 3099 3143 3152 τὸ
3190 3099 3282 3153 τοῦ
3327 3100 3666 3171 πατριάρχου
3713 3101 4058 3170 ἐπιφημίσας

3879 1900 4048 1952 ταῦτα

780 3199 1004 3258 tumque
1031 3189 1104 3242 illi
1132 3189 1515 3256 omophorium
1542 3188 1852 3256 imponens,
1875 3203 1975 3242 nec
2001 3203 2108 3241 non
2138 3189 2191 3242 in
2217 3189 2366 3242 ordi-

2471 3192 2665 3259 ὄνομα,
2719 3191 2815 3242 καὶ
2865 3191 3230 3261 ἀρχιερατικῇ
3286 3189 3476 3244 τοῦτον
3529 3193 3905 3262 χρυσοστίκτῳ
3964 3196 4061 3248 καὶ

778 3298 846 3336 ne
877 3281 1346 3349 tnetropolitarum
1380 3279 1518 3334 alios
1550 3280 1828 3343 undecim,
1863 3281 1940 3333 uti
1989 3279 2235 3333 dicebam
2256 3320 2271 3345 ,
2302 3295 2368 3333 ex

777 3375 967 3428 eodem
1011 3375 1113 3428 sibi
1165 3373 1562 3427 adhaerentium
1611 3372 1868 3426 sodalitio
1901 3374 2263 3437 constituens,
2307 3388 2371 3428 ac

779 3468 1160 3520 duodecimum
1191 3481 1250 3519 se
1289 3467 1462 3533 ipsum
1496 3463 1734 3518 Colonia:
1774 3465 2248 3534 archiepiscopum
2272 3481 2370 3520 vo-

777 3559 975 3618 citans,
1010 3555 1259 3622 praebens
1299 3554 1526 3623 singulis
1553 3554 1844 3616 citharam,
1871 3570 2033 3623 quam
2065 3557 2168 3608 sub
2190 3571 2372 3610 sacer-

778 3649 944 3702 dotali
978 3647 1184 3700 amictu
1218 3647 1442 3711 l'errent,
1484 3658 1538 3700 et
1581 3648 1904 3716 prtecipiens
1939 3649 2010 3701 ita
2038 3657 2210 3702 tectas
2246 3649 2368 3718 pul-

781 3757 928 3805 sare,
953 3741 1033 3795 sic
1063 3755 1188 3794 cum
1221 3739 1330 3793 illis
1357 3738 1550 3793 ludens
1581 3753 1646 3791 ac
1680 3738 1934 3792 deridens
1969 3738 2369 3807 traducensque

778 3850 890 3888 rem
914 3848 1128 3886 sacram
1166 3832 1620 3901 peragebat,cum
1651 3830 1896 3886 scelestis
1922 3831 2366 3897 scelestissimus,

777 3941 901 3979 cum
937 3923 1182 3994 profanis
1212 3923 1433 3992 impius.
1474 3925 1608 3976 Cum
1643 3932 1853 3977 secreta
1889 3922 2132 3991 precatio
2165 3921 2366 3977 recita-

777 4020 956 4082 batur,
1004 4019 1206 4072 sensim
1257 4031 1322 4069 ac
1365 4016 1487 4070 lene
1525 4016 1751 4070 citharis
1785 4025 2025 4084 strepere
2058 4014 2364 4084 iniunctum

774 4121 941 4166 erat:
986 4126 1113 4165 cum
1176 4123 1307 4164 vero
1366 4111 1702 4164 sacerdotem
1766 4124 1950 4164 vocem
2011 4109 2227 4164 elevare
2280 4110 2366 4164 vel

776 4207 1002 4260 (horum
1030 4204 1360 4274 respondere
1391 4213 1608 4270 tempus
1634 4203 1912 4272 poscebat,
1949 4213 2062 4256 tum
2100 4203 2207 4258 illis
2239 4219 2366 4272 gra-

776 4301 914 4353 viter
946 4299 1152 4369 plectro
1187 4297 1420 4366 pulsatis
1453 4297 1702 4350 intonare
1741 4295 1990 4361 decebat,
2025 4296 2365 4368 tnelodiaque

775 4390 1111 4443 adstantium
1160 4402 1346 4451 aures,
1377 4397 1431 4440 et
1464 4398 1521 4438 ut
1552 4387 1699 4438 clare
1753 4387 2093 4452 audirentur,
2123 4387 2363 4441 cireum-

777 4496 996 4535 sonare.
1049 4481 1128 4533 Ad
1180 4480 1296 4533 haec
1344 4479 1518 4533 sacris
1567 4479 1735 4544 vasis,
1791 4478 2063 4547 lapidibus
2108 4479 2363 4548 pretiosis

2477 3280 2864 3351 ὐπερλάμπρῳ
2898 3283 3189 3350 κοσμήσας
3229 3279 3389 3350 στολῇ
3431 3283 3526 3334 καὶ
3548 3281 3864 3351 ώμοφόριον
3895 3296 4060 3351 περι-

2472 3374 2610 3437 θεὶς,
2656 3374 2752 3425 καὶ
2789 3375 2847 3425 ὲν
2889 3372 3042 3436 τάξει
3070 3373 3490 3444 μητροπολιτῶν
3541 3373 3765 3443 ἑτέρους
3795 3374 3893 3426 ἕνα
3921 3375 4064 3442 πρὸς

2472 3467 2587 3528 τοῖς
2630 3465 2786 3527 δέκα,
2816 3466 2892 3528 ώς
2916 3464 3157 3535 εἴρηται,
3187 3466 3251 3517 ὲκ
3281 3465 3375 3518 τοῦ
3404 3465 3569 3519 αὐτοῦ
3594 3466 3704 3518 τῶν
3735 3468 4065 3536 ὁμογνωμό-

2472 3571 2579 3608 νων
2612 3554 2762 3624 αύτῷ
2796 3554 3074 3624 συνεδρίου
3129 3555 3426 3621 σκευάσας,
3469 3556 3564 3609 καὶ
3601 3556 3903 3613 δωδέκατον
3931 3558 4066 3609 ἑαυο

2471 3647 2562 3700 τὸν
2591 3646 2904 3709 Κολωνείας
2933 3646 3211 3716 ὀνομάσας
3243 3647 3704 3717 ἀρχιεπίσκοπον,
3757 3649 3854 3701 καὶ
3892 3650 4064 3703 κιθάο

2476 3757 2576 3810 ραν
2603 3739 2837 3793 ἕκαστον
2863 3737 3068 3791 ἔσωθεν
3091 3738 3191 3808 τῆς
3241 3741 3523 3810 ἱερατικῆς
3559 3740 3755 3811 στολῆς
3797 3743 4068 3812 ἐπιφέρε-

2475 3831 2598 3884 σθαι
2625 3832 2772 3895 δοὺς,
2800 3832 2894 3884 καὶ
2927 3831 3132 3895 ταύτας
3175 3831 3422 3884 κάτωθεν
3449 3835 3681 3902 ὑπηχεῖν
3719 3835 4063 3904 προστάξας,

2471 3922 2614 3976 οὕτω
2651 3927 2749 3977 σὺν
2774 3924 2958 3986 αύτοίς
2982 3924 3082 3996 τὴν
3117 3924 3269 3996 ίεράν
3293 3924 3454 3994 δῆθεν
3484 3925 3695 3988 παίζων
3727 3928 3819 3978 καὶ
3853 3944 4067 3997 κατορ-

2472 4015 2738 4084 χούμενος
2779 4014 3025 4067 ἐπετέλει
3085 4017 3485 4085 μυσταγωγίαν
3534 4017 3628 4070 καὶ
3683 4017 4064 4087 λειτουργίαν,

2474 4108 2612 4175 μετά
2651 4107 2760 4159 τῶν
2789 4109 3132 4178 παμμιάρων
3161 4109 3189 4160 ό
3217 4107 3562 4179 μιαρώτατος
3586 4112 3626 4174 ¹,
3662 4109 3799 4179 μετὰ
3822 4110 3937 4163 τῶν
3969 4111 4067 4178 βε-

2470 4197 2652 4267 ϐήλων
2674 4200 2701 4251 ὁ
2735 4200 2961 4268 ἐναγής.
3015 4201 3127 4252 Καὶ
3171 4200 3262 4252 ὅτε
3297 4200 3395 4271 μὲν
3427 4197 3833 4271 ’μυστηριῶδης
3891 4202 4070 4272 δῆθεν

2469 4290 2604 4359 εὐχὴ
2646 4289 2886 4358 ἐλέγετο,
2937 4289 3122 4360 ἡρέμα
3156 4291 3255 4353 τὰς
3282 4290 3519 4360 κιθάρας
3545 4291 3656 4345 ἔδει
3693 4293 4015 4362 ὑποψωνεϋ
4046 4311 4062 4325 ·

2469 4385 2558 4437 ὅτε
2582 4384 2640 4436 δὲ
2671 4385 2861 4454 ίερέως
2885 4383 3250 4454 ὲκφώνησινῆ
3274 4383 3406 4436 λαοῦ
3431 4385 3730 4452 άμοιδαίαν
3758 4386 4072 4456 ἀπόκρισιν

2467 4480 2497 4531 ό
2530 4478 2767 4548 χρόνοςί
2819 4477 3144 4544 ὑπέϐαλλεν,
3197 4479 3293 4530 ἐπὶ
3351 4477 3498 4547 μέγα
3551 4478 3652 4541 τὰς
3683 4478 3927 4549 κιθάρας
3984 4480 4071 4550 τῷ

776 4574 1312 4643 margaritarumque
1372 4571 1536 4642 255
1589 4571 1799 4641 fulgore
1851 4547 2356 4637 intermicantibus,

2471 4568 2737 4639 πλήκτρῳ
2813 4569 3150 4638 κρουομένας
3225 4569 3333 4620 ἔδει
3419 4570 3573 4637 ἠχεῖν
3649 4570 3744 4622 καὶ
3819 4547 4072 4633 ἑξάχουν-

773 4673 1108 4732 argentoque
1158 4671 1212 4714 et
1251 4677 1387 4715 auro
1440 4661 1716 4723 conflatis,
1765 4663 1966 4731 quibus
1998 4677 2106 4715 non
2142 4678 2269 4716 raro
2306 4664 2358 4717 in

773 4756 949 4806 sacris
989 4754 1264 4822 mysteriis
1293 4769 1426 4808 usus
1456 4753 1657 4817 fuerat,
1687 4755 1859 4823 sinapi
1892 4763 2212 4825 acetumque
2239 4757 2361 4826 inji-

773 4856 1001 4909 cnentes,
1052 4846 1131 4898 sic
1168 4845 1386 4900 sodales
1417 4846 1587 4899 multo
1626 4861 1749 4900 cum
1782 4846 1895 4900 risu
1922 4846 2213 4916 verbisque
2243 4859 2361 4901 tur-

773 4938 933 5004 pibus
973 4947 1026 4991 et
1075 4938 1350 4999 obscenis,
1385 4938 1868 5007 spurcissimisque
1905 4948 1960 4993 et
2007 4939 2362 4996 exsecrandis

773 5031 1040 5100 gestibus,
1085 5030 1489 5098 impertiebant.
1526 5029 1722 5083 Verum
1757 5030 1868 5084 lnec
1905 5032 2173 5086 sinamus.

2467 4678 2592 4714 στον
2638 4659 2816 4713 αὐτῶν
2847 4659 2944 4731 τὴν
3009 4659 3279 4730 μελῳδίαν
3333 4659 3717 4717 καθίστασθαι.
3774 4657 3915 4716 Εἶτα
3949 4667 4075 4725 τοίς

2467 4755 2688 4808 σκεύεσι
2723 4756 2836 4815 τοῖς
2894 4755 3084 4823 ἱεροῖς,
3133 4753 3294 4806 ama
3341 4753 3508 4817 λίθοις
3553 4755 3758 4824 τιμίοις
3789 4755 3888 4807 καὶ
3915 4774 4075 4825 μαρ.

2467 4849 2654 4919 γάρων
2709 4849 3102 4916 κατεκοσμεῖτο
3129 4845 3506 4918 φαιδρότησιν,
3558 4848 3618 4913 ἐξ
3671 4847 4078 4918 ἀργύρου.καὶ

2467 4941 2673 5011 χρυσοῦ
2730 4940 3286 5009 κατεσκευασμένοις,
3336 4939 3371 4994 ἃ.
3432 4942 3526 4994 καὶ
3558 4940 4078 5010 λελειτουργηκότα

2466 5035 2728 5096 πολλάκις
2761 5035 2827 5104 τῇ
2863 5033 2986 5103 θεία
3013 5032 3373 5103 μυσταγωγία
3402 5033 3721 5102 ἐτύγχανεν,
3751 5035 3809 5084 ὲν
3841 5033 4078 5096 τούτοις

771 5129 950 5180 τοίνυν
972 5128 1158 5196 σίνηπι
1193 5128 1288 5178 καὶ
1323 5127 1441 5191 ὅξος
1466 5126 1794 5196 ἐμϐαλόντες
1828 5129 1974 5180 οὕτω
2009 5129 2354 5197 μετεδίδοσαν
2385 5131 2496 5193 τοῖς
2530 5134 2740 5200 ὁμοίοις
2809 5130 2948 5200 μετά
3008 5128 3208 5182 πολλοῦ
3249 5127 3344 5180 τοῦ
3398 5129 3604 5197 μεταξὺ
3651 5127 3891 5196 γέλωτος
3971 5145 4080 5181 καί

773 5220 1033 5288 ῥημάτων
1054 5215 1297 5286 αἰσχρῶν
1326 5218 1416 5268 καὶ
1448 5219 1744 5286 σχημάτων
1792 5218 2184 5289 ἀποτροπαίων
2237 5221 2332 5275 καὶ
2368 5220 2661 5292 βδελυρῶν.
2711 5217 2860 5274 Εἶεν.

841 5312 930 5361 ‘22.
957 5312 1092 5362 Cum
1127 5308 1418 5376 aliquando
1443 5310 1829 5365 sanctissimus
1860 5312 2170 5380 patriarcha
2203 5312 2360 5382 lgna-

770 5404 899 5465 tius,
946 5401 1320 5455 ecclesiaStieo
1358 5401 1509 5454 omni
1558 5411 1701 5456 cmtu
1756 5412 1808 5456 et
1859 5403 2050 5458 ordine
2103 5405 2357 5472 stipatus,

773 5498 890 5564 pias
926 5498 1354 5564 supplicationes
1381 5497 1433 5548 in
1467 5498 1710 5564 pomerio
1741 5509 1896 5551 extra
1933 5514 2124 5552 muros
2157 5499 2354 5562 obiret,

769 5597 822 5641 et
866 5589 932 5641 ad
971 5587 1217 5643 divinum
1251 5589 1526 5657 quoddam
1564 5590 1823 5659 templum
1855 5603 2117 5646 consueta
2145 5593 2356 5648 cantica

2541 5315 2648 5384 κβ’.
2686 5314 2794 5368 Τοῦ
2816 5313 2870 5367 δὲ
2899 5314 3206 5382 ἁγιωτάτου
3236 5314 3575 5383 πατριάρχου
3602 5313 3638 5365 Ἰ
3648 5314 3870 5379 γνατίου
3903 5318 4080 5381 ποτὲ,

2473 5406 2611 5473 μετά
2636 5404 2817 5473 πάσης
2841 5403 2942 5474 τῆς
2971 5404 3100 5473 περὶ
3129 5404 3294 5456 αύτὸν
3317 5404 3782 5472 ἑκκλησιαστικῆς
3822 5405 4084 5474 δορυφο-

2470 5498 2594 5564 ρίας
2643 5497 2737 5550 καὶ
2766 5496 2998 5561 τάξεως,
3027 5496 3324 5559 λιτανείαις
3355 5496 3374 5526 ³
3409 5496 3636 5563 πρόοδον
3687 5498 3796 5565 πρὸ
3837 5499 3945 5566 τῆς
3985 5501 4086 5552 πό-

2467 5591 2603 5653 λεως
2658 5590 2985 5659 ποιουμένου
3033 5591 3128 5644 καὶ
3174 5591 3312 5662 πρός
3342 5607 3462 5644 τινα
3491 5592 3865 5660 πορευομένου
3924 5593 4089 5647 θεῖον

2071 5703 2306 5759 VARUS
2357 5700 2764 5758 LECTIONES.

1750 5801 1792 5830 ⁸⁷
1827 5799 2131 5851 δωδέκατον
2164 5799 2220 5853 Ρ.

840 5798 884 5828 ⁸³
921 5797 1032 5869 ἐπὶ]
1065 5801 1127 5849 ἐκ
1162 5797 1221 5851 [⁸.
1299 5798 1345 5828 ’⁸
1371 5815 1430 5850 τε
1466 5814 1586 5869 om,
1613 5797 1670 5852 P.

1710 5873 1729 5902 ³
1765 5870 2036 5932 λιτανείας
2069 5873 2130 5923 Α.

769 5868 1115 5938 μιαρώτατος
1144 5869 1202 5921 l‘.
1281 5873 1300 5901 ²
1325 5871 1352 5921 ό
1375 5870 1534 5940 χορὸς
1573 5868 1630 5925 Ρ.

2300 5799 2345 5829 ει
2377 5797 2438 5867 δὴ
2470 5798 2532 5849 Α.

2634 5799 2678 5827 θ’
2707 5795 2942 5867 Γρύλλον
2981 5794 3340 5860 Barberinus,
3375 5792 3766 5866 ΓροῦλλονΑΡ.
3856 5798 3870 5828 ³
3923 5813 4085 5866 παμ-
