4154 6446
140 396 217 461 261
1150 454 1170 465 _
1196 390 1342 451 LIB.
1377 390 1517 450 νυ·
1556 389 1695 448 BAS

1794 387 1916 447 [US
1950 387 2279 451 MACEDO.

3279 391 3390 461 262

143 510 247 563 ναὸν
286 506 428 578 μετά
450 506 546 575 τῆς
585 505 838 567 εἰωθυίας
874 503 1099 576 [P.liii'aj
1137 505 1285 575 ἱερᾶς
1322 502 1585 575 μελῳδίας
1609 505 1695 556 καὶ

1806 501 2141 557 modulanda
2190 501 2441 573 religiosa
2478 516 2673 573 pompa
2720 502 3099 575 modestiaque
3128 507 3391 574 procede-

141 598 533 661 καταστάσεως,
567 595 770 665 συνέϐη
809 593 906 647 καὶ
944 594 1035 647 τὸν
1064 593 1302 664 δυσσεϐῆ
1335 596 1431 647 καὶ
1464 592 1696 663 semei

140 690 213 744 τοῦ
236 689 506 760 βασιλέως
531 688 555 719 ’⁵
587 686 937 757 πατριάρχην
976 684 1234 756 Γρῦλλον,
1261 684 1543 756 ἱερατικὴν
1579 702 1698 739 στο-

142 783 217 849 λὴν
249 780 635 850 ἀμπεχόμενον
686 779 781 832 καὶ
818 778 927 846 ὄνῳ
971 778 1361 848 ὲποχούμενον,
1409 778 1547 847 μετά
1591 778 1700 833 τῶν

140 871 561 941 δνσσεὸεστέριον
586 870 755 922 αὑτοῦ
779 869 1188 940 μητροπολιτῶν
1210 870 1302 923 καὶ
1330 870 1510 940 πάσης
1534 868 1699 924 αὑτοῦ

140 966 220 1033 τῆς
245 964 452 1032 σκηνῆς
484 979 544 1015 τε
573 964 670 1015 καὶ
692 963 1004 1032 Σατυρικῆς
1058 963 1276 1033 χορείας
1325 960 1423 1015 καὶ
1468 963 1699 1029 τάξεως,

140 1056 391 1112 ἀκόλουθα
419 1055 529 1109 τῶν
558 1055 779 1109 οἰκείων
813 1054 1069 1121 πράξεων
1096 1054 1407 1123 θυμελικῶς
1428 1056 1700 1124 ἐπιτραγ-

147 1149 392 1221 ῳδοῦντας
444 1150 539 1202 καὶ
588 1148 813 1219 ᾄδοντας
844 1148 904 1213 ἐξ
948 1148 1198 1209 ἐναντίας
1239 1151 1459 1218 χωρεῖν.
1508 1147 1596 1209 Ὦς
1642 1146 1700 1199 δὲ

142 1244 342 1313 πλησίον
369 1244 639 1309 ἐγένοντο,
691 1243 806 1303 τοῖς
824 1241 996 1310 ὤμοις
1024 1241 1148 1303 τοὺς
1170 1240 1398 1309 φελόνας
1429 1241 1697 1310 μετεωρί-

146 1351 307 1397 σαντες
355 1334 453 1387 καὶ
490 1335 592 1397 τὰς
629 1331 877 1402 ’κιθάρας
925 1332 1290 1403 εὐτονώτερον
1342 1331 1697 1403 κρούσαντες,

143 1428 218 1480 καὶ
243 1429 462 1497 ῥήματα
488 1427 586 1481 καὶ
609 1426 834 1496 ᾄσματα
860 1426 1096 1495 πορνικα
1137 1425 1281 1479 κατά
1328 1428 1421 1478 τὸν
1461 1425 1699 1493 φθόγγον

141 1515 216 1571 τοῦ
251 1519 445 1588 μέλους
472 1517 567 1570 τοῦ
594 1516 741 1588 ἱεροῦ
774 1518 1192 1587 ἀντετιτᾴδοντες⁹
1226 1520 1321 1571 καὶ
1350 1517 1607 1579 Πανικῶς
1631 1534 1693 1570 τε

142 1611 217 1661 καὶ
244 1608 564 1680 Σαωρικῶς
605 1610 963 1679 σκιρτῶντες,
997 1610 1094 1663 καὶ
1118 1609 1571 1678 κυμϐαλίζοντες,
1602 1609 1699 1663 καὶ

140 1699 202 1761 ὡς
227 1699 575 1769 ἀντιτέχνους
633 1701 759 1761 τοὺς
815 1700 982 1768 ἱερεῖς
1000 1698 1021 1729 ⁵
1053 1699 1148 1751 καὶ
1175 1700 1269 1752 τὸν
1302 1699 1567 1769 ἀρχιερέα
1593 1717 1697 1769 μυ·-

142 1787 499 1856 κτηρίσαντες,
548 1788 649 1857 τὴν
704 1788 1021 1860 διαϐολικὴν
1077 1791 1297 1859 χορείαν
1331 1792 1425 1843 καὶ
1469 1789 1696 1860 πορείαν

1804 606 1905 662 ret,
1950 596 2181 667 conligit
2230 605 2282 650 ut
2319 606 2373 651 et
2412 595 2613 665 impius
2658 595 3031 666 profauusque
3080 597 3391 667 patriarcha

1802 684 2048 750 Grullus,
2082 685 2405 740 sacerdotali
2442 684 2582 739 stola
2626 685 2848 741 indutus
2880 686 3147 755 asinoque
3180 695 3391 750 vectus,

1802 792 1929 831 cum
1982 777 2347 845 nietrOpolitis
2400 778 2519 847 ejus
2580 776 2754 845 ipsam
2810 778 3141 847 impietatem
3194 778 3391 849 majori

1803 869 2079 939 impietate
2153 871 2536 938 superantibus
2603 869 2865 939 omnique
2951 886 3049 924 sua
3110 884 3277 935 scena
3337 880 3392 925 et

1804 959 2053 1029 Satyrico
2104 960 2276 1013 choro
2317 970 2481 1029 atque
2506 960 2720 1024 ordine,
2768 974 2868 1028 pro
2904 974 3126 1013 suorum
3160 974 3387 1030 operum

1800 1050 2011 1104 ratione
2060 1050 2477 1120 thymelicorum
2513 1066 2662 1105 more
2697 1065 2872 1117 nugas
2912 1050 3117 1119 tragice
3159 1064 3390 1120 exagge-

1800 1142 1977 1196 rando
2017 1157 2082 1196 ac
2122 1144 2485 1204 concinendo.
2518 1142 2761 1197 adversis
2785 1142 3057 1198 frontibus
3089 1157 3389 1199 concurre-

1798 1242 1901 1287 ret.
1963 1232 2212 1302 Cumque
2262 1250 2432 1304 prope
2475 1233 2732 1297 fuissent,
2770 1235 2990 1303 rejectis
3027 1236 3082 1288 in
3128 1236 3388 1290 humeros

1798 1322 2139 1393 sublatisque
2204 1326 2418 1393 penulis
2472 1326 2791 1396 plectroque
2842 1324 3091 1394 graviore
3157 1327 3388 1395 pulsatis

1798 1414 2046 1478 ci.haris,
2070 1414 2345 1484 verbaque
2386 1417 2694 1471 meretricia
2738 1431 2805 1470 ac
2847 1430 3087 1471 canones
3119 1416 3185 1470 ad
3216 1430 3389 1472 sacras

1800 1506 2081 1560 modulum
2107 1506 2380 1563 cantionis
2401 1522 2467 1562 ex
2491 1507 2721 1565 adverso
2746 1510 3110 1572 cantillantos,
3152 1509 3391 1563 Panum-

1798 1615 1904 1669 que
1926 1601 1979 1654 in
2004 1615 2210 1655 morem
2236 1612 2289 1655 et
2312 1599 2630 1672 Satyrorum
2649 1602 3009 1671 tripudiantes
3026 1617 3090 1656 ac
3115 1602 3387 1673 cymbalis

1799 1700 2233 1761 perstrepentes,
2294 1692 2548 1763 velutqne
2594 1693 2729 1749 artis
2784 1694 3011 1748 amulos
3068 1694 3387 1750 sarerdotes

1798 1785 2158 1854 divinumque
2190 1786 2493 1840 antistitem
2536 1801 2671 1841 naso
2704 1786 3117 1854 suspendentes.
3149 1785 3389 1841 diaboli-

139 1849 350 1945 διήνυον.
382 1849 697 1949 Πυθόμενος
727 1879 783 1932 δὲ
824 1882 853 1932 ὁ
901 1849 998 1934 tota
1243 1849 1555 1951 ἀρχιερεὺς,
1595 1883 1692 1934 καὶ

1798 1893 1915 1932 cam
1948 1879 2206 1932 choream
2239 1878 2451 1949 iterque
2494 1880 2846 1947 par-agebant.
2880 1877 3209 1934 Sciscitatus
3251 1893 3383 1934 vero

143 1967 305 2036 μαθὼν
356 1968 559 2032 οἵτινές
617 1971 731 2022 είσι
761 1969 856 2021 καὶ
905 1968 1055 2039 παρὰ
1091 1970 1235 2034 τίνος
1286 1971 1381 2023 καὶ
1424 1971 1518 2022 ἐπὶ
1563 1969 1693 2041 ποία

1797 1969 1891 2024 Dei
1934 1970 2133 2041 pracsul
2162 2010 2178 2034 ,
2219 1971 2548 2040 discensque
2587 1972 2812 2040 quinam
2854 1980 3039 2026 essent
3090 1982 3145 2027 et
3191 1987 3223 2026 a
3273 1987 3387 2042 quo

139 2061 383 2129 προφάσει
461 2061 841 2130 συνέστησαν,
893 2060 1068 2113 πολλὰ
1127 2062 1536 2128 καταστενάξας
1600 2064 1694 2115 καὶ

1794 2076 1968 2131 quave
1991 2063 2059 2116 de
2085 2076 2252 2117 causa
2288 2061 2556 2117 conflatus
2595 2060 2761 2133 246
2796 2062 2901 2117 illis
2940 2071 3134 2127 cintus.
3164 2063 3234 2117 ab
3273 2062 3389 2117 imo

139 2154 607 2224 ἀποκλαυσάμενος
651 2154 746 2206 τὸν
786 2156 1083 2226 κορυφαῖον
1118 2155 1328 2207 τούτων
1363 2157 1458 2208 καὶ
1499 2156 1692 2221 αἴτιον,

138 2245 215 2294 καὶ
238 2244 372 2313 μετὰ
405 2245 660 2315 δακρύων
689 2244 781 2298 τοῦ
814 2244 953 2299 θεοῦ
983 2244 1200 2316 δεηθεὶς
1225 2246 1422 2313 στῆσαι
1449 2246 1549 2317 τὴν
1583 2264 1693 2301 τοι·

138 2333 283 2403 αὐτην
306 2335 664 2405 βλασφημίαν
698 2336 794 2389 καὶ
843 2335 1004 2407 ὓϐριν
1029 2341 1126 2390 καὶ
1153 2336 1505 2393 διασκεδάσαι
1543 2339 1696 2409 παρά

138 2427 216 2477 τὸν
239 2427 367 2497 ᾅδην
394 2431 526 2490 τοὺς
553 2428 857 2493 δυσσεϐεῖς,
897 2429 981 2481 ἴνα
1010 2428 1087 2500 μὴ
1112 2428 1452 2499 βεὸηλῶνται
1475 2429 1546 2483 τὰ
1566 2429 1697 2497 ἅγια

137 2518 216 2567 καὶ
246 2519 307 2569 τὰ
334 2520 582 2588 μυστικά
604 2518 701 2571 καὶ
731 2518 906 2571 σεπτὲι
926 2518 1319 2589 διασύρωνται,
1346 2518 1448 2590 τῆς
1474 2536 1695 2590 προκει-

136 2610 277 2677 μένης
308 2608 587 2679 ὑμνῳδίας
620 2609 879 2679 ἐχόμενος
904 2608 1003 2678 τὴν
1029 2608 1260 2680 πορείαν
1285 2609 1524 2681 διήνυεν.

190 2792 282 2853 κγ.
317 2786 546 2839 Ἄλλοτὲ
584 2800 715 2841 ποτε
752 2789 845 2841 ἐπὶ
874 2790 1172 2862 φαυλισμῴ
1213 2791 1374 2862 δῆθεν
1403 2790 1501 2844 τοῦ
1526 2792 1695 2846 ἀοιδί-

134 2892 218 2942 μου
240 2876 433 2930 τούτου
466 2878 486 2908 ⁸
543 2879 807 2945 ἰγνατίου
859 2880 953 2932 τοῦ
1040 2882 1385 2953 πατριάρχου
1443 2883 1537 2936 καὶ
1593 2884 1694 2953 τῆς

132 2969 316 3031 οἰκείας
350 2970 568 3039 μητρὸς
604 2971 911 3042 ἐμπαιγμῷ
949 2973 979 3024 ὁ
1012 2974 1240 3043 ἀνόητος
1272 2976 1365 3027 καὶ
1397 2974 1696 3046 παραπλὴξ

131 3058 352 3126 βασιλεὺς
372 3062 619 3114 τοιοῦτόν
638 3080 690 3115 τι
719 3064 1232 3135 ἐδραματούργησεν
1259 3083 1272 3097 ·
1302 3067 1391 3120 Ἐν
1423 3067 1501 3135 τῷ
1523 3068 1694 3139 ὑπερ-

130 3150 341 3223 λάμπρῳ
370 3155 827 3227 Χρυσοτρικλίνῳ
878 3157 973 3209 ἐπὶ
1002 3157 1139 3210 τοῦ⁷
1197 3157 1473 3227 βασιλείου
1499 3158 1690 3231 θρόνου
1718 3194 1761 3253 c

128 3247 530 3313 προκαθεσθεὶς,
586 3247 680 3300 καὶ
725 3248 816 3302 τὸν
866 3250 1228 3320 αἰσχρὸτατον
1271 3251 1506 3321 Γρῦλλον
1553 3254 1694 3323 μετὰ

127 3335 217 3386 τῶν
242 3338 649 3409 ἀρχιερατικῶν
670 3340 982 3410 ἐνδυμάτων
1013 3342 1089 3405 ὡς
1129 3343 1209 3405 εἰς
1243 3343 1413 3413 ὄνομα
1442 3343 1536 3397 τοῦ
1559 3345 1693 3415 ἀλη-

124 3428 217 3494 θῶς
239 3435 588 3503 πατριάρχου
630 3434 999 3504 πλησιαίτατα
1021 3435 1215 3489 ἑαυτοῦ
1244 3436 1266 3467 ⁸
1305 3438 1693 3507 παρακαθισάο

126 3539 284 3591 μενος,
318 3526 415 3578 καὶ
443 3527 550 3596 τὴν
581 3526 831 3597 ἀρχιερεῖ
862 3527 997 3579 Θεοῦ
1039 3529 1361 3597 πρέπουσαν
1397 3529 1691 3600 ἀπονέμων
1740 3558 1743 3561 λ

123 3617 282 3687 τιμὴν,
324 3621 423 3672 καὶ
471 3620 616 3691 μετά
646 3621 739 3674 τοῦ
763 3625 862 3693 τῆς
892 3623 1137 3692 κεφαλῆς
1173 3624 1529 3695 καλύμματος
1568 3628 1693 3679 ἐπι-

122 3710 416 3779 κρύψασθαι
504 3713 607 3782 τὴν
662 3714 945 3781 ἐξάγιστον
1018 3716 1272 3784 γενειάδα
1343 3718 1689 3787 πεποιηκὼς,

122 3802 202 3869 τὴν
242 3804 379 3857 ἰδίαν
424 3805 646 3875 μητέρα
694 3805 783 3858 διὰ
820 3822 964 3868 τινος
1010 3806 1121 3859 τῶν
1163 3807 1566 3878 θαλαμηπόλων
1596 3810 1686 3862 εὐο

122 3886 301 3955 vro-Jsz
327 3889 510 3957 δηλοῖ,
548 3888 623 3952 ὠς
662 3890 724 3941 Ὀ
754 3888 1078 3959 ἁγιώτατος
1106 3891 1476 3961 πατριάρχης
1511 3893 1693 3961 Ἰγνά-

120 3991 227 4042 τιος
247 3980 519 4033 ἐνταῦθα
536 3981 667 4049 μετ’
684 3981 831 4049 ἐμοῦ
855 3980 1301 4051 συγκαθέζεται,
1335 3984 1433 4036 καὶ
1456 3986 1508 4038 εὶ
1539 3985 1693 4049 ,βού-

115 4072 193 4124 ,ζει
226 4073 441 4127 λαϐεῖν
464 4072 586 4140 τὴν
616 4073 811 4142 εὐχὴν
835 4075 1051 4138 αὐτοῦ,
1084 4075 1229 4131 ἐλθὲ
1252 4077 1351 4133 καὶ
1379 4078 1507 4147 μετ’
1540 4078 1685 4147 ἐμοῦ

117 4164 415 4231 τυγχάνεις
441 4164 664 4233 αὐτῆς.
733 4166 947 4237 Ἑκείνη
987 4167 1043 4220 δὲ
1071 4163 1158 4221 οἷα
1196 4167 1516 4240 φιλευσεὸὴς
1550 4171 1689 4243 γυνὴ

117 4258 193 4305 καὶ
220 4257 501 4325 φιλόθεος,
537 4258 703 4309 πόθον
733 4258 903 4311 πολὺν
943 4261 1039 4312 καὶ
1084 4260 1270 4313 πίστιν
1297 4262 1525 4325 ζέουσαν
1555 4263 1690 4331 πρὸς

119 4347 191 4397 τὸν
233 4350 554 4417 ἁγιώτατον
588 4350 907 4421 κεκτημένη
944 4351 1227 4420 Ἰγνάτιον,
1264 4354 1570 4415 σπουδαίως
1597 4356 1689 4406 ἐκ·

115 4437 374 4509 δραμοῦσα
423 4441 509 4503 ὡς
563 4441 787 4511 ἢκουσε,
847 4448 943 4497 καὶ
980 4446 1112 4514 μηδὲ
1160 4446 1405 4500 ἀτενίσαι
1455 4447 1520 4500 δι’
1557 4448 1689 4501 αἰδὼ

1796 2164 2017 2225 pectore
2063 2155 2226 2208 ducto
2256 2153 2498 2222 suspirio
2531 2153 2839 2223 horumque
2871 2155 3173 2222 principem
3219 2163 3387 2224 atque

1796 2254 2075 2301 auctorem
2131 2245 2448 2315 deplorans,
2481 2245 2727 2315 fusisque
2771 2246 2837 2299 ad
2886 2245 3056 2301 Deum
3094 2261 3218 2301 cum
3255 2245 3385 2301 fletu

1798 2338 2071 2408 precibus,
2131 2347 2190 2392 ut
2245 2337 2578 2407 cjuscemodi
2637 2337 2987 2407 blasphemia:
3041 2353 3106 2393 ac
3170 2338 3386 2408 injuriae

1799 2430 1957 2484 [idem
1997 2431 2298 2500 imponeret
2338 2429 2643 2499 impiosque
2692 2444 2859 2498 penes
2903 2429 3178 2483 infernum
3218 2430 3381 2485 dissi-

1794 2530 1969 2591 paret,
2002 2536 2068 2575 ne
2094 2531 2283 2575 sancta
2313 2502 2733 2589 profanarentur
2768 2520 3105 2591 mysticaque
3130 2537 3195 2575 ac
3215 2535 3381 2577 vene-

1798 2611 1967 2665 randa
2012 2610 2095 2665 sic
2139 2610 2443 2681 procaciter
2485 2609 2867 2678 irriderentur,
2914 2610 3228 2666 institutum
3276 2611 3386 2668 sibi

1796 2701 1900 2755 iter
1930 2700 2396 2771 hymnodiamqne
2434 2701 2806 2771 prosequitur.

1864 2792 1956 2847 25.
1996 2793 2116 2847 Alia
2168 2792 2296 2848 item
2328 2792 2468 2855 vice,
2514 2801 2577 2846 ut
2610 2792 2876 2863 inclytum
2905 2792 3084 2847 virum
3114 2791 3385 2865 Ignatium

1794 2886 2159 2956 patriarcham
2180 2884 2512 2940 contumelia
2529 2882 2766 2938 alliceret
2791 2885 3076 2954 ipsamque
3098 2892 3378 2954 parentem

1794 2976 2063 3039 irrideret,
2120 2991 2310 3031 amens
2356 2985 2646 3046 menteque
2688 2985 2882 3046 captus
2925 2978 3224 3046 imperator
3273 2977 3382 3032 tale

1795 3068 1925 3137 quid
1944 3067 2376 3123 comminiscitur
2397 3084 2411 3121 :
2432 3067 2490 3122 In
2508 3064 2826 3138 prtefulgido
2848 3084 2913 3123 ac
2939 3069 3180 3122 rutilanti
3212 3083 3381 3125 aureo

1796 3159 2031 3212 triclinio
2072 3159 2215 3225 regia
2251 3158 2379 3213 Sede
2427 3159 2694 3225 sublimis,
2752 3159 3130 3229 impurissimo
3176 3157 3379 3215 Grullo

1794 3250 2171 3305 archieraticis
2210 3251 2455 3305 vestibus
2492 3250 2704 3315 induto,
2746 3251 2866 3305 loco
2898 3252 3011 3305 veri
3047 3251 3377 3321 patriarchae

1794 3341 2043 3410 proxima
2092 3340 2219 3394 sede
2256 3339 2501 3394 assidere
2524 3340 2702 3409 jusso,
2732 3354 2795 3393 ac
2820 3339 2911 3408 qui
2947 3338 3039 3393 Dei
3073 3339 3376 3394 antistitem

1794 3433 2020 3487 decebat
2048 3432 2257 3487 honore
2294 3433 2369 3487 illi
2402 3433 2663 3502 cultuque
2691 3432 2958 3493 adhibito,
2987 3433 3379 3502 compulsoque

1796 3526 2226 3597 impurissimam
2259 3541 2323 3581 ac
2354 3526 2647 3582 nefandam
2679 3524 2902 3580 barbam
2932 3525 3130 3594 capitis
3159 3525 3381 3594 integu-

1796 3630 1977 3674 mento
1999 3620 2270 3696 obtegere,
2302 3620 2463 3674 matri
2486 3634 2599 3673 sua:
2628 3633 2724 3688 per
2751 3618 3064 3672 eunuchum
3086 3619 3379 3687 quemdam

1792 3728 1821 3765 c
1848 3727 2005 3765 sacro
2036 3711 2294 3765 cubiculo
2319 3710 2562 3774 mandat,
2587 3710 2770 3762 adesse
2793 3708 3185 3762 sanctissimum
3209 3708 3383 3778 patri-

1794 3802 2012 3859 archain
2055 3802 2328 3875 Ignatium
2374 3820 2438 3856 ac
2470 3818 2645 3856 secum
2685 3801 2909 3866 sedere;
2946 3812 2993 3855 et
3026 3810 3082 3853 ut
3110 3801 3306 3860 veniat.
3334 3802 3382 3855 si

1792 3914 1912 3951 eum
1969 3898 2092 3951 bene
2156 3898 2257 3949 sibi
2309 3897 2516 3966 precari
2560 3895 2703 3960 relit,
2752 3911 2815 3947 ac
2849 3910 2956 3947 una
3002 3910 3178 3948 secum
3230 3893 3380 3947 illius

1743 4005 1752 4014 '
1794 4006 2003 4057 compos
2044 3989 2304 4043 orationis
2339 3989 2457 4057 ﬁeri
2491 3996 2652 4057 optet.
2686 3986 2802 4051 Illa,
2835 3989 2911 4041 uti
2962 3986 3378 4056 religiosissima

1797 4081 2001 4151 Deique
2035 4097 2250 4147 amans,
2294 4081 2567 4151 ingentem
2602 4079 2804 4134 amoris
2830 4079 2940 4132 vim
2988 4079 3380 4148 ardentemque

1794 4175 1953 4229 fidem
1986 4190 2112 4243 erga
2140 4174 2544 4229 sanctissimum
2578 4172 2945 4243 patriarcham
2977 4180 3158 4237 nacta,
3182 4172 3378 4226 simul-

1794 4282 1857 4321 ac
1890 4266 2138 4332 audivit,
2177 4265 2379 4320 festine
2427 4280 2647 4335 egressa
2696 4278 3136 4332 accurrensque,
3173 4278 3239 4319 ac
3277 4278 3378 4317 nec

1793 4361 1984 4415 oculos
2006 4361 2194 4415 tollere
2223 4361 2466 4428 satisque
2492 4359 2773 4413 intendere
2801 4372 2908 4427 pra:
2928 4356 3133 4424 pudore
3165 4357 3375 4422 valens,

1792 4462 2056 4521 extraque
2104 4468 2321 4506 onmem
2376 4451 2663 4512 malitiam.
2699 4464 2801 4504 nec
2830 4448 2983 4519 pravi
3029 4448 3234 4518 aliquid
3280 4457 3377 4503 aut

116 4525 387 4599 δυναμένη,
423 4528 542 4592 ἔξω
564 4528 620 4580 δὲ
645 4530 824 4598 πάσης
847 4531 1051 4593 κακίας
1077 4531 1175 4584 καὶ
1200 4533 1457 4597 ὑπονοίας
1488 4535 1689 4604 τυγχά-

1794 4544 1977 4599 dolum
2011 4545 2306 4614 suspicata.
2349 4544 2417 4598 ad
2454 4542 2617 4615 247
2649 4542 2826 4597 sancti
2859 4542 3139 4607 antistitis,
3180 4550 3239 4598 ut
3270 4541 3373 4597 sibi

115 4634 255 4673 mea
272 4626 367 4674 καὶ
403 4622 589 4692 μηδέν
621 4639 671 4673 τι
703 4621 905 4687 φαῦλον
940 4624 1352 4691 ὑποτοπήσασα,
1381 4626 1689 4695 προσέπεσε

115 4714 203 4773 τοῖς
227 4713 408 4778 ποσὶν,
438 4714 651 4779 ἐδόκει,
678 4713 772 4765 τοῦ
800 4714 954 4781 ἁγίου
988 4716 1197 4768 ἐκείνου
1236 4718 1566 4788 ἀρχιερέως,
1596 4720 1691 4772 καὶ

116 4801 232 4871 ὑπὲρ
262 4804 441 4873 αὐτῆς
469 4802 663 4855 ἐδέετο
687 4802 970 4873 εὔχεσθαι.
999 4804 1085 4876 [Ρ.
1112 4805 1239 4877 154]
1281 4808 1339 4859 '0
1360 4808 1414 4861 δὲ
1438 4810 1691 4880 παμμία-

116 4908 186 4960 ρος
216 4896 423 4959 ἐκεῖνος
455 4894 569 4964 τῆς
600 4895 871 4965 καθέδρας
894 4896 1074 4966 ὀλίγον
1098 4898 1423 4969 ὑπεγερθεὶς
1449 4900 1541 4953 καὶ
1569 4902 1690 4955 an"

114 4985 258 5055 αὐτῆς
280 4988 611 5041 τούναντίον
637 4989 1031 5058 ἀποστραφεὶς,
1058 4990 1227 5061 ὀνώδη
1250 4992 1420 5061 ψόφον
1443 4994 1550 5047 ἀπὺ
1577 4994 1685 5047 τῶν

117 5083 351 5150 μυσαρῶν
389 5081 663 5151 ἐγκάτων
691 5083 869 5149 ἀφεὶς,
908 5082 1043 5152 πρὸς
1078 5084 1250 5154 αὐτὴν
1279 5084 1687 5155 ἀπεφθέγξατο,

116 5171 179 5221 ὅτι
212 5175 341 5229 ἰνα
367 5174 462 5243 μή
497 5172 717 5241 λέγῃς,
748 5174 917 5242 κυρὰ,
948 5175 1028 5241 ὠς
1061 5176 1204 5229 οὐδὲ
1237 5177 1355 5231 κάν
1390 5180 1578 5246 τούτῳ
1616 5197 1690 5233 σε

116 5261 497 5331 ἠξιωσὰμεθα.
551 5260 665 5315 Τοῦ
694 5262 751 5315 δὲ
784 5262 1048 5332 βασιλέως
1077 5266 1561 5338 ἀνακαγχάσαντος
1594 5272 1691 5325 καὶ

117 5354 376 5409 αὐτοῦτοῦ
431 5354 807 5426 παμϐεϐήλου
868 5359 1219 5430 παμμέγεθες
1269 5362 1687 5431 ἐκγελάσαντος,

118 5450 191 5500 καὶ
232 5451 403 5505 πολλὰ
455 5449 1054 5521 καταφλυαρησάντων
1087 5454 1119 5523 ἦ
1155 5455 1354 5524 μᾶλλον
1386 5456 1463 5527 τῷ
1514 5477 1692 5530 παρα-

119 5540 243 5612 ςόρῳ
272 5545 371 5614 τῆς
416 5542 667 5614 γνώμης
698 5543 1018 5612 ἀλογώτατα
1048 5547 1538 5620 ὲξοιστρησάντων,
1571 5556 1692 5607 ὲπι-

120 5632 289 5696 γνοῦσα
310 5637 371 5688 τὸ
428 5636 680 5704 πλάσμα
724 5636 821 5688 καὶ
870 5636 969 5708 τὴν
1014 5638 1233 5711 ἀπάτην
1260 5643 1291 5712 ἡ
1321 5641 1562 5713 βασιλὶς,
1597 5650 1691 5699 καὶ

1794 4636 2099 4702 videbatur,
2152 4636 2315 4705 pedes
2352 4635 2607 4704 procidit,
2646 4643 2907 4703 rogatque
2948 4647 3046 4701 pro
3084 4648 3143 4687 se
3184 4648 3376 4703 preces

1794 4729 1967 4783 fundi.
1996 4728 2066 4782 At
2102 4727 2525 4783 scelestissiinus
2564 4726 2654 4779 ille
2694 4726 2974 4795 paululum
3011 4738 3043 4779 e
3087 4724 3218 4779 sella
3255 4738 3377 4778 sese

1791 4821 2024 4891 erigens,
2055 4818 2214 4888 eique
2249 4818 2473 4873 dorsum
2494 4816 2807 4879 ohvertens,
2833 4814 3048 4869 asinino
3066 4814 3274 4883 crepitu
3307 4816 3376 4867 ab

1791 4913 2142 4971 exsecrandis
2169 4911 2389 4980 exploso
2419 4909 2747 4972 visceribus,
2775 4907 2855 4961 sic
2884 4921 3006 4960 cam
3035 4905 3229 4959 allatus
3267 4916 3374 4970 est,

1788 5008 1871 5063 Ne
1908 5008 2083 5071 dicas,
2136 5004 2372 5067 domina,
2410 5002 2548 5073 quod
2582 5017 2643 5055 ne
2691 5000 2787 5053 hoc
2820 4999 3032 5069 quidem
3072 5008 3120 5051 te
3159 5000 3377 5068 dignam

1788 5100 2120 5154 duxerimus.
2160 5094 2259 5151 llis
2289 5097 2617 5164 imperatore
2654 5092 2987 5147 cacchinnos
3025 5091 3371 5145 sustollente.

1790 5192 2016 5261 ipsoque
2066 5189 2158 5243 illo
2184 5187 2557 5257 impurissimo
2593 5186 2705 5239 risu
2738 5183 3129 5254 procacissime
3177 5182 3374 5244 effuso,

1790 5284 2133 5354 plurimaque
2161 5281 2227 5335 iis
2255 5279 2671 5343 blaterantibus,
2705 5294 2799 5333 seu
2840 5278 3021 5346 potius
3052 5274 3194 5328 male
3238 5287 3376 5327 sauo

1798 5374 2046 5443 sincipite
2075 5371 2396 5428 stultissime
2420 5382 2696 5442 oestroque
2717 5366 3197 5439 nbgannientibus,
3226 5381 3375 5421 corn-

1798 5478 2039 5520 mentum
2076 5478 2403 5534 agnoscens,
2447 5462 2757 5533 factamque
2793 5460 3060 5526 fraudem,
3111 5458 3376 5528 Augusta,

1798 5560 2032 5628 altisque
2075 5557 2368 5626 gemitibus
2411 5556 2743 5626 nequissima
2772 5555 3084 5625 deplorans,
3115 5551 3375 5620 dirasque

1798 5653 2061 5722 plurimas
2087 5650 2141 5703 in
2176 5650 2599 5719 liliumjactans,
2623 5649 2689 5703 ad
2710 5657 3013 5704 extremum
3043 5645 3209 5701 edixit
3231 5664 3244 5700 :
3267 5641 3371 5711 En,

1382 5737 1611 5795 VARI/l7.
1673 5742 2074 5801 LECTIUNES.

175 5825 193 5856 ⁸
214 5828 298 5884 τοῦ
325 5831 616 5903 βασιλέως
649 5842 760 5885 om.
789 5825 850 5884 Ρ.
926 5830 946 5863 ⁵
981 5830 1158 5901 ἱεροὺς
1186 5831 1248 5887 Λ.
1327 5833 1345 5863 ⁸
1377 5832 1563 5888 τοῦτον
1594 5840 1654 5891 .\.

1738 5840 1755 5869 ⁷
1790 5838 1886 5891 τοῦ
1915 5854 2022 5891 om.
2067 5836 2122 5892 l‘.

2206 5839 2224 5865 "
2250 5835 2443 5890 ἑαυτοῦ
2476 5851 2585 5889 om.
2617 5836 2673 5889 Ρ.
2752 5836 2772 5867 ⁹
2801 5836 2884 5885 ἐπ’
2918 5831 2978 5889 Ρ.
