4154 6446
760 393 871 455 263

1837 386 2352 450 TIIEOPHANES
2372 384 2933 447 CONTINUATUS.

3930 395 4019 461 264

759 506 843 576 fili
879 504 1135 576 improbe,
1191 503 1328 558 Deus
1364 516 1577 555 manum
1610 517 1761 555 suam
1815 503 2030 556 abstulit
2069 520 2100 555 a
2132 513 2180 554 te
2208 516 2225 563 ,°
2257 501 2355 553 da-

2477 500 2631 553 τολλά
2667 500 2777 553 τῶν
2809 501 3097 570 παρόντων
3142 504 3612 568 καταστενάξασα,
3655 507 3749 559 καὶ
3784 508 4025 575 πλείστας

763 606 948 666 tnsqne
976 596 1070 649 tibi
1094 604 1169 648 est
1188 610 1370 648 sensus
1396 592 1668 660 reprobus,
1695 604 1749 645 ut
1777 591 1948 659 facias
1977 608 2094 662 quite
2119 592 2271 662 longe
2294 592 2358 643 ab

761 689 929 758 ofﬁcio
961 697 1105 742 sunt.
1143 688 1321 755 Atque
1358 685 1447 741 his
1477 686 1661 750 dictis,
1696 695 1751 737 et
1786 700 1910 739 cum
1943 685 2145 752 ejulatu
2188 700 2251 741 ac
2284 686 2363 738 la-

760 781 973 843 crimis,
999 781 1180 836 crines
1208 779 1436 845 vellens,
1466 780 1711 833 recessit.
1744 778 1897 832 Talia
1932 779 2182 847 generosi
2210 777 2358 846 prin-

760 875 899 944 cipis
943 874 1081 927 l'acta
1114 880 1374 939 strenua;
1422 872 1757 940 ejuscemodi
1799 872 1947 925 illius
1994 873 2139 925 eirea
2176 870 2360 925 divina

762 978 1062 1030 sacrosque
1093 963 1346 1018 homines
1384 962 1717 1032 religiositas
1756 978 1819 1017 ac
1850 961 2177 1017 reverentia.

2459 591 2599 661 ἀρὰς
2642 589 2720 661 τῷ
2757 590 2859 660 υίῷ
2880 591 3241 661 ἐπιρῤίψασα,
3290 594 3444 657 τέλος
3473 595 3655 658 ἐξεῖπε
3685 597 3821 668 πρὸς
3853 600 4023 668 αύτὶν,

2458 684 2541 736 ὅτι
2583 683 2751 745 Ἰδοὺ.
2783 683 2973 737 κακὸν
2996 684 3230 749 τέκνον,
3265 688 3298 739 d
3329 687 3473 751 Θεὸς
3494 686 3609 754 τὴν
3645 690 3813 758 χεῖρα
3854 692 4025 745 αὐτοῦ

2458 775 2745 843 ἀφείλετο
2775 776 2894 829 ἀπὸ
2926 776 3068 840 σοῦ,
3105 776 3203 830 καὶ
3229 776 3409 844 ἐδόθη
3440 796 3538 832 σοι
3567 779 3852 849 ἀδόκιμος
3896 783 4028 848 νοῦς

2460 867 2653 920 ποιεῖν
2682 868 2752 921 τὰ
2784 868 2867 935 μὴ
2897 868 3257 932 καθήκοντα.
3295 870 3407 922 Καὶ
3456 871 3630 925 ταῦτα
3680 874 3911 928 εἰποῦσα
3942 876 4031 928 καὶ

2467 959 2585 1029 μετ’
2620 958 2859 1030 ὀδυρμοῦ
2877 960 3023 1033 [καὶ]
3044 961 3271 1031 θρήνων
3293 963 3388 1026 τὰς
3410 964 3617 1028 οἰκείας
3644 968 3832 1036 τρῖχας
3862 966 4030 1018 ἐκτίλ-

760 1054 926 1107 λουσα
962 1053 1336 1124 ἀνεχώρησεν.
1371 1053 1609 1107 Τοιαῦτα
1649 1054 1744 1107 τοῦ
1769 1052 2021 1120 γενναίου
2051 1053 2316 1123 βασιλέως
2346 1051 2414 1105 τὰ
2452 1051 2845 1120 νεανιεύματα,
2874 1055 2967 1106 καὶ
2999 1053 3225 1124 τοιαύτη
3268 1054 3489 1126 αύτοῦὴ
3519 1058 3647 1127 περὶ
3679 1059 3745 1110 τὰ
3780 1058 3896 1111 θεῖα
3949 1060 4035 1111 κιὶ

760 1150 891 1212 τοὺς
924 1148 1105 1219 ἱεροὺς
1137 1148 1183 1179 ¹⁶
1207 1147 1412 1218 ἄνδρας
1444 1148 1664 1217 ὁσιότης
1702 1163 1760 1200 τε
1791 1147 1885 1199 καὶ
1912 1147 2193 1201 εὐλάϐεια.

833 1246 926 1299 24.
989 1244 1125 1299 Cum
1183 1244 1310 1298 talia
1370 1253 1537 1315 atque
1602 1245 1687 1298 his
1743 1244 1901 1315 plura
1956 1244 2361 1312 deterior-aque,

764 1335 1007 1407 quandiu
1044 1349 1225 1390 rerum
1259 1336 1469 1405 potitus
1499 1344 1603 1401 εει,
1631 1334 1700 1388 ab
1733 1350 1799 1390 eo
1828 1337 1881 1390 in
1931 1336 2048 1391 dies
2078 1346 2364 1406 patraren-

766 1441 876 1493 tur,
908 1444 971 1483 ac
1014 1436 1129 1481 tum
1172 1428 1337 1483 etiam
1382 1443 1507 1483 cum
1542 1426 1807 1483 Basilium
1839 1429 2055 1498 imperii
2099 1428 2365 1498 collegam

765 1522 1045 1592 allegisset
1092 1520 1149 1575 in
1201 1520 1393 1576 iisdem
1445 1529 1781 1587 versaretur,
1842 1521 2037 1575 videns
2098 1521 2216 1574 haze
2278 1520 2369 1573 ille

764 1613 1101 1681 audiensque
1135 1612 1300 1667 nimis
1333 1615 1569 1682 graviter
1594 1611 2035 1666 discruciabatur
2066 1610 2364 1680 animoque

766 1701 1012 1765 dolebat,
1064 1718 1127 1756 ac
1173 1716 1276 1755 nec
1325 1702 1503 1754 vivere
1532 1700 1862 1755 sustinebat.
1912 1697 2138 1769 Hocque
2177 1700 2362 1753 animo

764 1795 1001 1861 agitans,
1033 1801 1092 1846 ut
1113 1807 1278 1862 quam
1315 1800 1501 1861 posset
1526 1807 1747 1846 omnem
1782 1790 2108 1846 medicinam
2137 1790 2362 1844 adhibe-

767 1893 871 1949 ret,
902 1884 1151 1951 nihilque
1179 1885 1325 1952 quod
1356 1884 1423 1936 ad
1461 1883 1903 1937 emendationem
1931 1892 2181 1951 spectare
2212 1881 2361 1933 vide-

2537 1238 2634 1293 κδ’.
2668 1237 2944 1291 Τοιούτων
2975 1238 3032 1291 δὲ
3073 1238 3168 1291 καὶ
3200 1238 3464 1309 χειρδνων
3496 1239 3709 1291 πολλῶν
3751 1238 3875 1291 καθ’
3915 1240 4037 1291 ἑκά·

2466 1352 2599 1405 στην
2618 1333 2768 1402 παρά
2790 1332 2969 1385 πάντα
2986 1332 3079 1384 τὸν
3095 1331 3196 1401 τῆς
3222 1332 3499 1401 βασιλείας
3522 1332 3688 1385 αὐτοῦ
3707 1334 3896 1401 χράνον
3912 1331 4039 1401 παρ’

2467 1424 2634 1479 αὐτοῦ
2653 1422 2974 1494 γινομένων,
3007 1422 3129 1474 ἐπεὶ
3146 1422 3241 1475 καὶ
3268 1422 3406 1489 μετὰ
3426 1422 3487 1475 τὸ
3517 1422 3920 1492 προσλαϐέσθαι
3945 1426 4039 1474 xz".

2468 1516 2755 1585 ἁνυψῶσαι
2804 1514 2899 1568 τὸν
2952 1513 3234 1567 Βασίλειον
3290 1514 3421 1583 περὶ
3464 1513 3533 1566 τὰ
3584 1514 3747 1584 ὃμοια
3796 1514 4044 1583 ἀνεστρέ-

2476 1624 2629 1675 φετο,
2684 1606 2827 1676 ὁρῶν
2868 1605 3042 1659 ταῦτα
3072 1608 3171 1659 καὶ
3211 1604 3426 1658 ἀκούων
3468 1607 3677 1667 ἐκεῖνος
3717 1604 3839 1657 λίαν
3894 1606 4044 1657 ioue-

2470 1700 2625 1769 φόρει
2660 1699 2752 1751 καὶ
2794 1697 2985 1765 ὴνιᾶτο
3028 1698 3123 1750 καὶ
3152 1697 3252 1768 τὴν
3292 1696 3487 1750 ἑαυτοῦ
3524 1697 3669 1767 ζωὴν
3725 1697 4043 1765 ἀπελέγετο.

2470 1788 2803 1856 Βουλόμενος
2829 1788 2888 1840 δὲ
2934 1790 3116 1840 πᾶσαν
3148 1786 3246 1857 τὴν
3278 1788 3316 1817 ¹¹
3346 1788 3582 1857 δυνατὴν
3612 1788 3894 1857 ἐπιφέρειν
3926 1788 4048 1855 βοή-

2469 1875 2621 1927 θειαν
2684 1878 2778 1928 καὶ
2822 1876 2993 1945 μηδὲν
3039 1876 3151 1928 τῶν
3201 1877 3281 1940 εἰς
3331 1878 3707 1946 ἐπανόρθωσιν
3754 1877 4049 1930 δοκούντων

768 1986 919 2030 retur
970 1978 1271 2038 omitteret,
1308 1976 1462 2044 prius
1495 1975 1715 2044 quidem
1749 1974 2186 2043 conabatur-per
2224 1973 2361 2027 alios

2477 1968 2665 2021 τείνειν
2702 1970 3059 2038 παραλιπεῖν,
3110 1969 3376 2040 πρότερον
3420 1968 3519 2039 μὲν
3570 1967 3638 2021 δι’
3668 1969 3873 2037 ἐτέρων
3903 1970 4048 2021 ἐπει-

771 2084 801 2122 a
847 2068 1050 2122 talibus
1092 2083 1218 2123 eum
1255 2067 1421 2139 248
1449 2068 1649 2122 studiis
1678 2075 1966 2121 avocatum
2014 2070 2081 2120 ad
2124 2065 2361 2121 ollicium

772 2160 1097 2230 frugemque
1126 2161 1407 2215 meliorem
1433 2160 1694 2215 reducere
1721 2178 1735 2223 ;
1762 2168 1950 2229 postea
1983 2171 2166 2214 autem
2196 2174 2365 2212 ausus

771 2254 993 2307 tandem
1033 2261 1118 2308 est
1164 2261 1218 2307 et
1256 2254 1372 2323 ipse
1404 2269 1501 2322 per
1531 2269 1590 2308 se
1626 2254 1795 2307 animi
1827 2253 2203 2307 benevolentia
2240 2266 2366 2320 pro.

774 2354 953 2411 naqne
1027 2342 1311 2395 voluntate
1365 2342 1750 2411 imperatorem
1816 2342 2094 2412 corripere
2158 2356 2257 2407 ae,
2318 2340 2366 2395 si

772 2434 984 2499 liceret,
1017 2435 1085 2488 ab
1115 2435 1381 2503 ejusmodi
1420 2435 1605 2504 impiis
1623 2434 1784 2488 dictis
1814 2433 2087 2503 lactisque
2114 2448 2366 2499 avocare,

774 2525 1014 2593 taliaque
1044 2523 1109 2577 ad
1137 2540 1260 2577 eum
1282 2525 1557 2578 submisso
1583 2523 1885 2593 humilique
1905 2525 2089 2578 animo
2104 2533 2369 2595 gestuque

770 2627 826 2671 et
853 2618 1040 2670 habitu
1075 2617 1380 2671 disserebat
1410 2635 1423 2671 :
1446 2614 1681 2685 Equum
1704 2626 1802 2683 est,
1832 2632 1861 2666 ο
1886 2616 2097 2670 domine
2119 2625 2371 2685 auguste-

770 2725 892 2779 que,
949 2711 1114 2762 tantis
1147 2725 1179 2761 a
1224 2718 1271 2761 te
1316 2708 1580 2778 beneﬁciis
1639 2724 1701 2761 ac
1754 2707 2057 2761 muneribus
2115 2710 2371 2761 donatum

775 2814 984 2853 monere
1008 2816 1129 2869 qua:
1155 2800 1311 2870 officii
1342 2810 1485 2865 sunt,
1509 2801 1814 2870 optimaque
1844 2800 2161 2853 documenta
2189 2801 2369 2853 trade-

776 2907 852 2954 re,
889 2902 939 2945 et
966 2908 1085 2963 qua:
1113 2894 1274 2946 utilia
1303 2910 1365 2946 ac
1386 2894 1654 2946 salutaria
1684 2903 1805 2947 sunt
1827 2894 1881 2945 in
1903 2902 2125 2947 mentem
2154 2908 2371 2947 revoca-

777 2998 850 3035 re.
885 2982 1048 3035 Exosi
1080 2999 1265 3036 sumus
1296 2985 1383 3054 (ne
1407 2993 1454 3037 te
1489 2984 1676 3048 lateat,
1700 2983 1958 3054 domine),
1979 2985 2126 3038 exosi
2147 2997 2369 3037 sumus:

776 3094 902 3132 nam
940 3092 999 3131 se
1031 3078 1198 3129 etiam
1230 3077 1345 3146 ipse
1371 3092 1479 3131 una
1519 3077 1784 3131 miscebat
1811 3077 1877 3130 ad
1916 3077 2192 3131 vitandam
2234 3076 2375 3130 invi-

775 3170 946 3233 diam,
968 3170 1091 3222 lieet
1110 3169 1162 3221 in
1190 3169 1340 3222 nullo
1367 3184 1556 3222 eorum
1584 3185 1706 3238 qua:
1734 3170 1823 3223 ille
1861 3170 2036 3239 turpia
2059 3171 2373 3239 absunaque

776 3262 974 3331 agebat
1021 3262 1204 3315 socius
1274 3262 1349 3314 illi
1404 3262 1687 3315 accederet
1730 3278 1743 3313 :
1784 3272 1893 3313 tum
1949 3278 2076 3315 sane
2118 3263 2374 3315 universa:

777 3356 980 3407 civitati
1017 3364 1129 3407 tum
1168 3355 1427 3418 senatui;
1478 3353 1679 3425 Deique
1726 3356 2090 3409 sacerdotibus
2128 3371 2373 3408 exsecra-

781 3447 911 3500 biles
952 3447 1226 3516 devotique
1245 3446 1501 3499 habemur
1530 3463 1549 3511 ;
1593 3463 1684 3500 nec
1708 3457 1783 3500 est
1816 3447 1906 3516 qui
1936 3463 2038 3500 non
2072 3448 2377 3501 criminetur

780 3557 843 3593 ac
867 3540 1138 3608 vituperet.
1172 3540 1401 3603 Quando
1422 3554 1541 3593 vero
1570 3541 1731 3592 etiam
1750 3539 1897 3592 diras
1927 3538 2199 3592 hominum
2223 3548 2377 3608 atque

782 3632 907 3685 odia
947 3634 1098 3685 nihili
1139 3632 1433 3701 faciamus,
1466 3642 1519 3685 at
1563 3633 1662 3686 Dei
1695 3642 1869 3686 tamen
1902 3632 2251 3701 formidolosa
2292 3634 2377 3686 in-

781 3730 1045 3796 dignatio.
1098 3728 1493 3796 timendumque
1520 3737 1596 3779 est
1628 3742 1690 3779 ne
1720 3725 1867 3779 illius
1892 3726 2021 3778 irati
2062 3742 2124 3778 ac
2160 3742 2378 3778 succen-

783 3822 945 3873 sentis
978 3818 1271 3888 periculum
1316 3818 1455 3870 malo
1492 3828 1675 3871 nostro
1700 3817 1985 3886 faciamus.
2035 3815 2234 3872 Verum
2268 3819 2381 3872 haec

784 3910 1017 3963 dicendo
1068 3919 1253 3978 petras
1285 3910 1595 3963 setninabat
1628 3910 1892 3978 littusque
1919 3909 2295 3978 alloquebatur
2329 3918 2382 3963 et

784 4001 1103 4071 (Ethiopem
1141 4004 1330 4055 lavare
1370 4002 1679 4055 videbatur.
1718 4000 1810 4055 Sic
1848 4002 1953 4056 alte
1985 4002 2148 4056 insita
2181 4001 2376 4056 inlixa~

785 4111 892 4166 que
925 4096 1002 4147 illi
1044 4095 1277 4149 haeserat
1332 4094 1694 4164 improbitas;
1726 4093 1806 4149 sic
1853 4096 1920 4149 ad
1947 4109 2109 4149 omne
2147 4095 2381 4149 salutare

790 4187 1059 4241 monitum
1104 4186 1495 4251 obsurducrat,
1537 4185 1745 4255 aspidis
1777 4186 1830 4238 in
1868 4200 2073 4239 morem
2117 4185 2381 4238 obturans

790 4295 952 4333 aures
984 4280 1050 4332 ad
1077 4279 1506 4333 incantamenta.
1542 4275 1663 4332 Non
1701 4278 1878 4332 solum
1916 4278 2061 4331 enim
2090 4276 2159 4331 ad
2189 4278 2380 4331 melio-

791 4388 904 4426 rem
964 4370 1177 4439 frugcm
1224 4386 1330 4423 non
1368 4371 1603 4434 redibat,
1640 4371 1735 4425 sed
1791 4379 1845 4423 et
1882 4370 1993 4439 jam
2052 4370 2379 4423 monitorem

794 4465 983 4517 oderat
1012 4473 1067 4517 et
1095 4464 1453 4517 aversabatur
1486 4480 1502 4529 ;
1545 4463 1773 4532 hacque
1811 4462 1947 4515 adeo
1996 4463 2135 4515 inter
2167 4462 2384 4516 sodales

790 4570 845 4613 et
882 4558 1158 4629 orgiastas
1204 4571 1472 4610 accusans
1516 4557 1863 4625 irridensque
1906 4557 2085 4609 alieno
2118 4571 2176 4610 se
2220 4557 2288 4609 ab
2318 4571 2383 4609 eo

2471 2060 2741 2131 ρᾶτοσὰπδ
2768 2061 2879 2113 τῶν
2906 2061 3167 2114 τοιούτων
3204 2062 3543 2131 ἀποτρέπειν
3574 2062 3739 2114 αὐτὸν
3772 2062 3869 2115 καὶ
3915 2062 4050 2132 πρὶς

2464 2154 2527 2207 τὸ
2577 2153 2699 2206 δέον
2750 2155 3147 2222 ἐπαναγαγεῖν,
3215 2153 3411 2207 ἔπειτα
3468 2154 3746 2225 ἑθάρῤησέ
3801 2172 3930 2208 ποτε
3960 2157 4054 2207 καῖ.

2466 2246 2627 2307 αὐτὸς
2656 2245 2722 2296 δι’
2749 2245 2944 2298 ἑαυτοῦ
2973 2246 3092 2315 μετ’
3123 2246 3419 2313 εὐνοούσης
3467 2244 3697 2316 γνώμης
3727 2249 3823 2299 καὶ
3859 2264 4057 2316 προτι-

2471 2339 2673 2408 ρέσεως
2695 2338 3019 2409 νουθετῆσαι
3042 2338 3132 2390 τὸν
3162 2338 3412 2408 βασιλέα,
3454 2341 3552 2393 καὶ
3580 2342 3627 2392 εἰ
3659 2339 3906 2406 δυνατὸν,
3925 2342 4017 2392 ἀπ’

2471 2433 2665 2501 στῆσαι
2696 2432 2738 2461 ³³
2788 2430 2899 2484 τῶν
2951 2430 3213 2484 τοιούτων
3269 2432 3661 2503 ἀσεϐημάτων,
3735 2434 3831 2485 καὶ
3876 2434 4059 2485 τοιάδε

2472 2522 2609 2593 πρὸς
2645 2522 2813 2576 αὑτὸν
2850 2523 2970 2591 μεθ’
3007 2523 3473 2586 ύποπεπτωκύτος
3532 2526 3626 2575 καὶ
3675 2523 3937 2576 ταπεινοῦ
3970 2525 4051 2577 δι-

2474 2616 2668 2687 ελέχθη
2703 2616 2798 2669 τοῦ
2839 2616 2883 2647 ¹³
2924 2618 3221 2689 σχήματος·
3257 2617 3499 2670 Δίκαιόν
3531 2617 3723 2685 ἐστιν,
3767 2612 3813 2672 ὦ
3835 2617 4061 2671 δέσπο-

2473 2728 2544 2763 τα
2566 2709 2664 2763 καὶ
2688 2709 2981 2775 βασιλεῦ,
3013 2712 3324 2763 τοσούτων
3343 2710 3709 2778 εὐεργεσιῶν
3730 2729 3793 2765 τε
3822 2712 3922 2764 καί
3949 2711 4066 2763 δω-

2473 2803 2626 2869 ρεῶν
2673 2803 2833 2870 παρὰ
2883 2802 3000 2857 σοῦ
3044 2820 3120 2871 με
3173 2806 3733 2858 καταπολαύσαντα
3774 2804 3874 2857 καὶ
3933 2808 4063 2858 εἱσ-

2476 2896 2754 2965 ηγεῒσθαι
2780 2896 2852 2949 τὰ
2876 2895 3090 2949 δέοντα
3121 2896 3217 2950 καὶ
3244 2896 3591 2950 ὑποτιθέναι
3614 2897 3688 2950 τὰ
3719 2897 3938 2964 ἇριστα
3963 2899 4065 2949 καί

2476 2987 2969 3057 ὑπομιμνήσκειν
3002 2986 3074 3041 τὰ
3113 2987 3412 3056 λυσιτελῆ
3468 2988 3568 3041 καὶ
3607 2988 3895 3057 σωτήρια.
3960 2993 4073 3041 Μι-

2476 3084 2764 3151 σούμεθά,
2821 3081 3099 3149 γίνωσκε,
3157 3080 3446 3144 δέσποτα,
3513 3082 3847 3149 μισούμεοα
3906 3082 4071 3152 (συγ-

2478 3174 2816 3243 κατεμίγνυε
2855 3174 2966 3244 γὰρ
2990 3174 3084 3226 καὶ
3119 3174 3314 3226 ἑαυτὸν
3341 3173 3429 3225 διὰ
3452 3173 3513 3225 τὸ
3565 3174 3895 3242 ἀνεπαχθὲς,
3945 3174 4075 3226 καί·

2478 3285 2559 3320 τοι
2593 3266 2819 3337 μηδενὸς
2850 3266 2959 3319 τῶν
2982 3265 3201 3318 ἀτόπων
3229 3260 3379 3332 αύτῷ
3408 3266 3451 3295 ’⁸
3480 3264 3775 3336 κοινωνῶν)
3808 3266 3975 3334 παρά
4008 3284 4076 3319 τε

2479 3358 2590 3427 τῆς
2620 3359 2853 3423 πόλεως
2905 3356 3110 3421 πάσης
3144 3357 3239 3410 καί
3272 3356 3384 3425 τῆς
3412 3356 3767 3424 συγκλήτου
3798 3358 4076 3425 βουλῆς,

2479 3451 2577 3503 καὶ
2610 3466 2711 3517 πα,
2732 3450 2769 3502 ὰ
2793 3448 2910 3502 τῶν
2930 3449 3253 3517 ἀρχιερέων
3283 3450 3431 3503 Θεοῦ
3451 3449 3735 3517 ἐπάρατοι
3769 3454 4079 3515 καθεστή-

2481 3558 2691 3610 καμεν,
2734 3540 2830 3593 καί
2871 3539 3096 3606 πάντες
3127 3538 3285 3609 ἡμᾶς
3324 3540 3723 3593 διαϐάλλουσι
3760 3540 3861 3593 καὶ
3896 3544 4081 3594 κακί-

2481 3632 2688 3693 ζοϊσιν
2744 3633 2875 3685 Ὅτε
2896 3631 2963 3684 δὲ
3011 3632 3113 3685 καὶ
3149 3631 3218 3685 τὸ
3256 3632 3326 3694 ἐξ
3371 3630 3702 3701 ἀνθρώπιον
3740 3636 3831 3698 είς
3885 3633 4084 3686 οὐδὲν

2480 3726 2880 3795 λογισώμεθα,
2908 3726 3242 3780 δεδοικέναι
3277 3724 3398 3781 κᾶν
3431 3727 3544 3793 τὴν
3572 3728 3692 3781 ἀπὸ
3726 3728 3877 3781 Θεοῦ
3924 3730 4087 3795 ἀγα-

2481 3818 2784 3885 νάκτησιν
2846 3818 3003 3887 χρὴ,
3059 3818 3157 3871 καὶ
3207 3818 3519 3887 φοϐεῖσθαι
3558 3819 3647 3888 μὴ
3698 3819 4090 3888 πειραθῶμεν

2482 3910 2668 3964 αὑτοῦ
2713 3909 3095 3979 ὀργιζομένου
3126 3908 3213 3982 [Ρ.
3252 3909 3379 3982 155]
3422 3911 3523 3964 καί
3561 3913 4087 3980 χαλεπαίνοντος.

2497 4004 2659 4058 Ἀλλά
2698 4003 2873 4057 ταῦτα
2924 4003 3100 4071 λέγων
3130 4003 3340 4073 πέτρας
3387 4007 3643 4074 ἔσπειρεν
3695 4007 3790 4058 καὶ
3834 4007 4090 4075 αἰγιαλῷ

2486 4096 2808 4169 προσελάλει
2835 4096 2928 4149 καὶ
2962 4096 3197 4166 σμήχειν
3227 4094 3392 4166 ἐῴκει
3440 4096 3674 4150 Αἰθίοπα
3706 4103 3720 4116 ⁶
3756 4096 3905 4149 οὕτω
3954 4099 4091 4150 δευ-

2484 4190 2703 4252 σοποιὸς
2743 4190 2776 4258 ἡ
2820 4188 3058 4259 πονηρία
3112 4189 3304 4257 γέγονε
3342 4190 3476 4260 παρ’
3507 4190 3678 4259 αὐτῷ,
3736 4192 3838 4245 καὶ
3896 4191 4093 4255 οὕτως

2485 4280 2817 4349 ὲξεκώφειη
2892 4280 3029 4351 πρὸς
3092 4282 3272 4333 πάντα
3348 4281 3506 4349 λόγον
3552 4283 3857 4352 σωτήριον,
3932 4284 4096 4353 βίω-ι

2485 4374 2555 4426 τὰ
2608 4366 2723 4426 ὦτα
2774 4372 2907 4425 ὡσεὶ
2960 4356 3133 4435 ἀσπὶς
3181 4373 3321 4443 πρὸς
3386 4374 3706 4444 ὲπᾲσματα.
3764 4375 3838 4427 Οὔ
3914 4376 4099 4445 μόνον

2487 4466 2598 4536 γὰρ
2679 4467 2740 4519 οὐ
2805 4464 3169 4534 μετεϐάλλετο
3250 4465 3388 4535 πρὸς
3465 4466 3526 4517 τὸ
3605 4466 3865 4535 ἄμεινον,
3942 4468 4100 4520 ἀλλὰ

2488 4558 2583 4611 καὶ
2610 4557 2771 4609 αὑτὸν
2794 4556 2895 4627 ήδη
2918 4556 3099 4627 ἐμίσει
3141 4556 3236 4609 καὶ
3283 4555 3680 4625 ἀπεστρέφετο,
3708 4556 3803 4609 καὶ
3842 4558 3950 4610 σὺν
3973 4561 4101 4622 τοῖς

790 4656 976 4707 animo
1014 4651 1295 4713 inuucbat,
1326 4650 1492 4720 249
1524 4658 1750 4718 tumque
1770 4652 1934 4703 etiam
1966 4649 2170 4703 clarius
2200 4660 2373 4703 osten-

2489 4650 2787 4712 θιασώταις
2825 4648 2987 4702 αὐτοῦ
3023 4648 3119 4702 καὶ
3175 4650 3599 4719 συνοργιασταίς
3644 4648 3965 4701 διαδάλλων
3996 4654 4104 4702 καὶ

790 4747 975 4799 debat.
1014 4743 1263 4812 Cumque
1301 4742 1518 4796 scelesti
1564 4741 1642 4794 illi
1674 4756 1737 4794 ac
1778 4751 1957 4810 pestes
2000 4742 2381 4810 intelligerent,

793 4840 986 4891 ineunt
1007 4836 1499 4890 commovebantur
1520 4847 1585 4888 ac
1615 4833 2050 4900 instruebantur,
2066 4835 2383 4889 verisimili-

792 4946 899 5000 que
919 4930 1131 4982 ratione
1150 4926 1456 4980 calumnias
1475 4924 1872 4980 subornabant.
1886 4923 2383 4995 Nempeaudaciam

792 5038 857 5077 ac
888 5021 1219 5092 proterviam
1266 5019 1389 5088 ejus
1438 5033 1653 5073 morum
1705 5019 2025 5086 gravitatem
2078 5021 2386 5085 vocabant;

793 5117 939 5185 quod
963 5114 1033 5166 illi
1059 5113 1346 5167 libidinum
1374 5112 1561 5165 socius
1585 5124 1692 5165 non
1728 5111 2034 5175 accederet,
2058 5111 2388 5164 malevolcuv

795 5212 925 5263 tiam
964 5225 980 5275 ;
1016 5207 1162 5277 quod
1192 5207 1429 5274 denique
1465 5204 1590 5275 pari
1616 5218 1742 5258 cum
1779 5203 1888 5257 illis
1919 5204 2125 5257 [cedere
2161 5218 2271 5257 non
2298 5205 2393 5257 «le-

795 5305 1088 5372 linqueret,
1119 5309 1499 5368 contemptum
1536 5298 1907 5368 appellabant.
1942 5295 2233 5366 Ecquinam
2268 5297 2387 5364 fiat,

794 5398 1037 5461 aiebant,
1073 5404 1128 5445 ut
1178 5404 1225 5447 te
1267 5394 1488 5462 diligere
1527 5391 1865 5460 profiteatur,
1901 5391 1991 5459 qui
2026 5407 2127 5443 non
2160 5392 2390 5460 gaudeat

799 5490 987 5559 quibus
1018 5499 1072 5541 tu
1101 5486 1404 5551 delectaris,
1448 5501 1539 5537 nec
1562 5500 1680 5554 qua:
1714 5484 1810 5537 tibi
1843 5499 1907 5537 ex
1927 5484 2106 5536 animo
2132 5484 2237 5537 sint
2262 5484 2384 5535 sub-

797 5585 1102 5637 νηιάδα-αντ
1141 5582 1406 5635 studeat?
1459 5577 1555 5632 llis
1608 5578 1779 5648 magis
1839 5578 2037 5631 cedens
2089 5577 2385 5645 imperator

2491 4744 2844 4815 μυκτηρὶζων
2872 4742 3047 4797 ταῦτα
3068 4742 3169 4813 τὴν
3204 4743 3339 4813 πρὸς
3360 4742 3531 4796 αὑτὸν
3582 4742 3951 4811 ἀλλοτρίωσιν
3996 4746 4106 4797 ὑπ-

2486 4838 2732 4911 ῃνίττετο
2751 4838 2815 4903 ⁸⁸,
2842 4832 2962 4889 εἶτα
2984 4835 3078 4889 καὶ
3097 4834 3405 4905 παρεδήλου
3423 4834 3770 4906 τρανότερον.
3804 4836 4001 4908 Ὀττερ
4032 4837 4105 4904 δὴ

2491 4932 2891 5002 συννοήσαντες
2914 4931 3113 4983 ἐκεῖνοι
3143 4930 3193 4981 οι
3245 4930 3435 4998 μιαροὶ
3480 4928 3575 4980 καὶ
3625 4928 3933 4998 ἀλάστορες
3962 4930 4103 4981 κατ’

2490 5023 2656 5077 αὑτοῦ
2684 5020 3056 5074 συνεκινοῦντο
3109 5021 3204 5073 καὶ
3252 5020 3662 5080 συνετάττοντο,
3692 5018 3788 5071 καὶ
3825 5020 3933 5081 τὰς
3971 5020 4105 5072 δια-

2491 5115 2652 5179 ϐολὰς
2678 5113 2920 5176 πιθανῶς
2950 5114 3338 5182 ὑπεκρίναντο,
3373 5112 3666 5165 αὐθάδειαν
3696 5112 3796 5181 μὲν
3845 5111 4109 5164 καλοῦν-

2489 5227 2580 5274 τες
2611 5207 2777 5261 αὑτοῦ
2808 5208 2907 5278 τὴν
2960 5208 3289 5277 σεμνότητα,
3343 5208 3438 5259 καὶ
3470 5206 3530 5257 τὸ
3568 5205 3642 5274 μὴ
3685 5205 3946 5273 μετέχειν
3986 5206 4108 5255 τῶν

2492 5302 2694 5373 ἡδονῶν
2727 5300 2980 5354 δύσνοιαν
3012 5299 3371 5369 ὀνομάζοντες
3406 5299 3500 5351 καὶ
3533 5298 3592 5348 τι
3624 5297 3700 5366 μὴ
3732 5295 4108 5364 συνεξαμαρ-

2492 5399 2674 5450 τάνειν
2707 5397 3093 5465 καταφρονεῖν.
3150 5394 3280 5457 Καὶ,
3345 5390 3477 5456 Πῶς
3522 5389 3634 5459 γὰρ
3691 5390 3768 5442 ἂν
3805 5390 3977 5442 sinat
4023 5406 4107 5441 σε

2493 5487 2757 5558 ἀγαπᾷν,
2792 5488 2998 5555 ἔλεγον,
3030 5490 3063 5541 ό
3102 5485 3188 5555 μὴ
3240 5486 3463 5555 χαιζοων
3494 5479 3584 5549 οἷς
3610 5484 3841 5551 χαίρεις
3870 5483 4107 5545 αὐτὸς,

2493 5578 2648 5648 μηδὲ
2679 5576 3127 5637 σι’σπουδάζων
3170 5575 3504 5645 ἐκπορίζειν
3542 5593 3639 5629 σοι
3671 5576 3742 5628 τιί
3788 5575 3926 5628 καθ’
3962 5574 4109 5638 ἠθο-

2158 5693 2242 5746 ΥΛ
2255 5692 2392 5747 [ἶῖιῐί
2452 5692 2856 5747 l.l.(LTlO.\'l'.S.

875 5796 917 5826 ιε
948 5798 1114 5866 ἱερεῖς
1152 5799 1210 5847 .\.
1313 5799 1349 5826 ”
1394 5794 1493 5864 τὴν
1549 5808 1659 5847 om.
1695 5792 1754 5847 Ρ.
1864 5792 1907 5820 ⁸³
1944 5788 2249 5857 ἀποστῆναι
2286 5788 2341 5839 1’.

807 5869 849 5898 ¹⁴
882 5868 1227 5921 ὑπαινιττετο
1264 5866 1369 5917 ΑΡ.

2461 5790 2499 5817 Η
2522 5790 2612 5839 τοὺ
2645 5802 2754 5841 0m.
2796 5790 2859 5841 Α.

2969 5790 3010 5818 ’⁸
3051 5787 3199 5857 σύτῴ
3251 5802 3361 5841 om.
3400 5785 3460 5839 Ρ.
3588 5784 3995 5856 ’³ὲξεγεκώφε
4039 5782 4108 5837 ι’.
