4154 6446
152 387 235 451 265
1217 380 1363 439 LIB.
1409 380 1472 440 V.
1516 401 1575 412 ··
1628 381 1978 445 BASILIUS
2007 383 2339 446 'MACEDO.

3271 379 3381 444 266

146 501 268 568 mir;
292 493 386 563 Οἷς
412 497 477 567 δὴ
510 496 711 567 μᾶλλον
746 493 1054 559 ὑπενδιδοὺς
1084 494 1113 547 ὁ
1144 493 1397 564 βασιλεὺς
1428 493 1523 547 καὶ
1559 509 1680 547 πει-

1802 495 2057 566 idemque
2077 496 2284 552 habens
2311 495 2605 552 inferendae
2630 496 2833 554 Basilio
2849 494 3002 553 necis
3032 493 3380 552 occasionem

150 592 340 661 θόμενος
366 587 597 641 θάνατον
625 585 703 656 τῷ
737 584 1003 654 Βασιλείῳ
1035 580 1293 654 ἐτύρευεν
1316 583 1380 647 ¹⁷,
1405 582 1501 637 καὶ
1524 583 1694 655 ἀφορ-

151 684 232 753 μὴν
259 682 440 751 ἐζήτει
468 678 571 748 τῆς
599 678 935 746 ἀναιρέσεως
984 674 1229 743 εὔλογον,
1254 675 1369 730 ἀλλ’
1400 676 1498 746 οὐχ
1543 673 1695 749 εὑρι-

150 793 264 830 σκεν.
296 773 389 837 Εἰς
410 772 669 826 τοσοῦτον
689 771 745 825 δὲ
776 769 1018 841 προῆλθε
1066 768 1133 823 τὰ
1159 769 1260 840 τῆς
1293 768 1493 840 μανίας
1528 770 1695 824 αὑτοῦ

145 864 258 915 ὥστε
300 862 439 932 πρὸς
493 860 594 932 τὴν
646 858 916 929 λαθραίαν
969 861 1220 930 χωρῆσαι
1268 861 1553 930 ἀναίρεσιν
1600 860 1696 915 καί

146 972 232 1007 τισι
252 954 356 1007 τῶν
375 952 483 1006 ἀπὸ
514 951 605 1004 τοῦ
633 952 978 1022 παλαμναίου
1004 952 1306 1024 συνεδρίου,
1332 947 1413 1016 οἷς
1430 952 1495 1005 τὰ
1519 953 1698 1008 πάντα

146 1048 356 1117 ἐθάρρει,
422 1045 857 1116 προτρέψασθαι,
884 1045 1015 1099 ὅταν
1057 1046 1140 1109 εἰς
1195 1046 1369 1116 θήραν
1413 1045 1694 1111 ἐξέλθωσι,

147 1140 387 1207 προφάσει
416 1138 507 1189 τοῦ
526 1136 587 1189 τὸ
618 1136 807 1207 θηρίον
835 1135 1017 1205 βαλεῖν
1057 1138 1343 1191 ἀκοντίσαι
1372 1138 1468 1208 τὴν
1496 1138 1697 1208 λόγχην

148 1234 241 1285 κατ’
280 1231 444 1286 αὑτοῦ
494 1231 590 1283 καὶ
631 1231 802 1293 οὓτως
858 1229 1022 1284 αὑτὸν
1075 1230 1506 1301 διαχρήσασθαι·
1559 1233 1697 1302 ὅπερ

147 1320 227 1390 εἷς,
266 1323 338 1386 ὥς
374 1341 534 1393 φασι,
596 1321 916 1392 πεποιηκὼς
975 1324 1070 1376 καὶ
1130 1324 1289 1391 ἀφεὶς
1336 1322 1399 1376 τὸ
1449 1324 1698 1378 ἀκόντιον

146 1414 282 1468 αὐτοῦ
323 1413 423 1483 μὲν
450 1415 693 1483 ἥμαρτε,
734 1413 830 1466 καὶ
883 1413 1249 1485 παραδραμδν
1277 1415 1338 1466 τὸ
1368 1414 1497 1485 δόρυ
1530 1431 1699 1484 προσ-

144 1506 296 1572 επὰγη
329 1506 395 1573 τῇ
423 1507 518 1573 γῇ,
550 1504 715 1558 αὐτὸν
765 1505 821 1558 δὲ
862 1508 893 1561 ὁ
923 1507 1094 1568 ἵππος
1127 1504 1328 1575 αἴφνης
1369 1506 1459 1559 τὸν
1484 1506 1699 1576 χαλινὸν

143 1593 351 1649 ἐνδακὼν
412 1595 509 1647 καὶ
567 1596 925 1665 συναρπάσας
977 1596 1119 1650 κατά
1144 1596 1239 1649 τοῦ
1277 1595 1532 1668 κρημνοῦ
1596 1596 1700 1649 ἀπ-

144 1686 452 1751 εδὶσκευσεν,
514 1686 591 1748 ὡς
635 1686 729 1739 ἀπ’
776 1687 988 1739 ἐκείνου
1026 1685 1120 1739 τοῦ
1161 1685 1455 1756 πτώματος
1498 1689 1593 1740 καὶ
1638 1688 1699 1740 τὸ

142 1777 268 1839 τέλος
290 1776 464 1830 ἐλθεῖν
497 1778 585 1829 ἐπ’
626 1778 670 1809 ’⁸
703 1778 889 1843 αὑτὸν,
931 1779 1019 1832 ὅτε
1054 1781 1150 1831 καὶ
1183 1780 1421 1849 ἀνόνητα
1450 1777 1491 1810 ¹⁹
1528 1795 1695 1848 μετα-

142 1868 432 1938 μελόμενος,
486 1867 563 1931 ὥς
614 1885 768 1938 φασι,
816 1872 930 1933 τοῖς
982 1868 1336 1940 συμμύσταις
1383 1869 1699 1940 ἐπέσκηπτε

143 1959 206 2029 μὴ
228 1960 491 2031 τολμῆσαι
515 1960 661 2015 κατὰ
694 1960 788 2014 τοῦ
818 1962 1072 2015 ἀναιτίου
1131 1964 1433 2034 ἐπιχειρεῖν
1461 1961 1558 2017 τοῦ
1589 1964 1699 2017 λοι-

137 2052 245 2118 ποῦ,
266 2054 309 2105 εί
340 2053 416 2123 μὴ
439 2052 712 2124 τολμῆσαι
743 2054 791 2085 ’⁸
830 2052 976 2107 κατά
999 2055 1092 2107 τὸν
1124 2055 1313 2125 ὅμοιον
1360 2056 1582 2127 δλεθρον
1606 2075 1699 2109 πε-

139 2148 235 2196 σεῖν
266 2146 356 2198 καὶ
389 2144 575 2197 αὐτοί⁹
610 2145 705 2198 καί
727 2162 851 2199 τινα
876 2144 987 2199 τῶν
1028 2146 1277 2200 εὑλαὸὦν
1314 2147 1701 2217 προσκαλεσά-

140 2253 278 2303 μενος
338 2237 479 2306 μετά
537 2235 645 2288 τῶν
693 2234 903 2289 λοιπῶν
968 2238 1340 2307 ἀτοπημάτων
1381 2240 1547 2292 αὑτοῦ
1605 2242 1699 2293 καὶ

137 2329 352 2398 ἁνομιιῖιν
386 2327 664 2381 καὶτοῦτο
695 2327 1158 2398 ἐξωμολογήσατο
1182 2329 1279 2383 καὶ
1316 2328 1692 2401 ἐξηγόρευσεν.

192 2429 281 2475 κε’.
332 2422 421 2484 Ὠς
445 2422 490 2474 δ’
518 2421 621 2474 οὑκ
648 2416 762 2491 εἶχε
790 2420 978 2474 λοιπὸν
1008 2424 1190 2491 εὑρεῖν
1218 2425 1247 2476 ὁ
1272 2425 1528 2493 βασιλεὺς
1558 2425 1696 2493 πρὸς

134 2514 183 2566 τὸ
205 2513 407 2567 ἀνελεῖν
432 2513 596 2568 αὑτὸν
631 2516 796 2584 πόρον
820 2516 853 2587 ἢ
889 2517 1187 2586 πρόφασιν,
1214 2517 1296 2581 είς
1337 2517 1533 2588 ἑτέραν
1562 2515 1695 2590 ἦλθε

134 2605 309 2676 βουλὴν
340 2606 594 2677 πονηράν
623 2623 683 2660 τε
722 2608 822 2660 καὶ
856 2607 1120 2678 ἄθεσμον.
1163 2609 1557 2666 Ἐὁουλεὺσατο
1586 2611 1695 2683 γὰρ

131 2701 450 2771 ἐπεμϐαλεῖν
486 2703 602 2764 τοῖς
660 2701 965 2772 σκήπτροις
1006 2703 1101 2756 καὶ
1129 2702 1318 2772 ἕτερον
1363 2703 1691 2775 σύγκληρον.

132 2792 227 2844 Καὶ
263 2792 327 2861 δὴ
391 2794 488 2847 τὸν
545 2794 668 2846 κατ’
714 2791 1034 2861 ἐπωνυμίαν
1081 2792 1423 2847 Βασιλικῖνον
1464 2794 1692 2861 ἐκεῖνον,

130 2880 202 2953 [Ρ.
233 2883 356 2955 156]
409 2884 511 2937 ἕνα
549 2885 644 2937 καὶ
680 2884 843 2936 αὑτὸν
886 2882 981 2936 τοῦ
1015 2883 1366 2954 παλαμναίου
1415 2886 1693 2957 συνεδρίου

130 2975 475 3045 τυγχάνοντα,
509 2975 712 3044 φαῦλον
775 2974 870 3029 καὶ
916 2975 1113 3046 μιαρὸν
1163 2975 1454 3047 θηλυδρίαν
1486 2993 1546 3031 τε
1600 2978 1695 3032 καὶ

130 3068 426 3136 φιλόκωμον
449 3067 519 3132 ³³,
542 3067 652 3120 ἀπὸ
684 3067 782 3137 τῆς
814 3066 1161 3137 Νικομήδους
1190 3068 1533 3140 ὁρμώμενον,
1567 3070 1696 3141 ὁμό-

1800 588 2075 659 captabat,
2144 589 2376 659 ejusque
2431 587 2652 645 tollendi
2704 589 2974 644 rationem
3025 584 3381 643 verisimilem

1798 677 2075 746 quaerebat
2103 695 2117 745 ;
2151 678 2244 733 sed
2272 678 2421 733 nulla
2454 677 2795 749 suppetebat.
2818 676 3055 732 Tantum
3079 690 3210 733 vero
3239 676 3386 731 illius

1799 767 1953 822 l‘uror
1992 768 2280 838 processit,
2316 778 2373 824 ut
2400 779 2455 825 et
2487 768 2556 825 ad
2590 768 2863 826 occultam
2897 783 3087 825 necem
3117 767 3383 823 animum

1800 861 2077 932 impulerit
2109 880 2125 930 ;
2161 878 2326 933 quam
2362 866 2640 921 nonnullis
2679 880 2745 920 ex
2793 864 3117 920 sicariorum
3153 863 3245 919 illo
3269 865 3384 918 col-

1800 955 1961 1026 legio,
1982 957 2183 1026 quibus
2207 957 2391 1013 omnia
2413 959 2684 1021 credebat,
2717 955 3016 1020 commisit,
3043 964 3101 1010 ut
3125 955 3383 1011 nimirum

1801 1058 2050 1103 venatum
2101 1058 2386 1113 exeuntes,
2433 1058 2691 1119 tanquam
2746 1050 2974 1104 bestiam
3029 1048 3379 1119 percussuri,

1800 1140 2016 1194 hastam
2050 1140 2102 1194 in
2146 1155 2272 1196 eum
2316 1141 2593 1196 mitterent
2626 1156 2801 1211 eaque
2841 1140 3056 1193 ratione
3099 1144 3379 1193 necarent.

1800 1228 1857 1283 Id
1889 1230 2179 1299 quemdam
2212 1241 2462 1301 patrasse
2490 1230 2691 1296 ferunt,
2739 1232 3022 1301 missoque
3053 1229 3283 1298 spiculo,
3314 1229 3383 1281 ab

1800 1334 1868 1374 eo
1916 1322 2222 1386 aberrasse,
2268 1323 2682 1391 praevolansque
2721 1324 2888 1378 telum
2937 1324 3106 1377 humo
3144 1321 3380 1377 deﬁxum

1800 1426 1945 1476 esse,
1999 1428 2200 1483 equum
2237 1428 2365 1468 vero
2415 1422 2640 1483 repente
2671 1414 3026 1468 mordentem
3067 1412 3222 1469 frena
3274 1427 3384 1467 una

1801 1518 1986 1558 secum
2023 1512 2239 1574 raptum
2271 1519 2370 1575 per
2400 1504 2632 1574 abrupta
2665 1518 2796 1559 saxa
2821 1504 3152 1575 praecipitem
3182 1503 3380 1575 egisse,

1801 1604 1964 1665 atque
1993 1611 2059 1651 eo
2084 1612 2214 1652 casu
2244 1597 2396 1652 illum
2424 1597 2591 1653 vitam
2620 1597 2828 1653 ﬁnisse.
2851 1595 3082 1663 Quando
3101 1605 3157 1651 et
3178 1596 3384 1651 frustra

1801 1688 2116 1756 paenitentia
2172 1689 2393 1743 ductum
2432 1689 2586 1744 aiunt
2639 1688 2919 1745 sodalibus
2976 1690 3265 1744 mandasse
3318 1703 3385 1742 ne

1799 1780 2058 1849 deinceps
2094 1780 2364 1835 insontem
2407 1781 2628 1851 aggredi
2657 1782 2942 1846 auderent,
2989 1782 3095 1837 nisi
3134 1780 3302 1835 velint
3330 1790 3385 1833 et

1804 1871 1904 1941 ipsi
1936 1872 2124 1927 eodem
2152 1881 2315 1941 atque
2344 1872 2433 1927 ille
2457 1872 2627 1927 exitio
2657 1873 2822 1927 vitam
2864 1888 3065 1942 ponere
3102 1891 3116 1939 ;
3150 1873 3381 1929 accersi-

1801 1962 2147 2033 toque725o
2170 1965 2289 2018 viro
2312 1964 2549 2034 quodam
2581 1963 2854 2034 religioso,
2882 1978 3007 2019 cum
3024 1964 3146 2020 aliis
3171 1963 3384 2019 delictis

1801 2057 1918 2112 suis
1946 2071 2010 2110 ac
2049 2056 2373 2120 sceleribus,
2410 2059 2515 2112 hoc
2540 2070 2761 2127 quoque
2794 2070 2951 2112 sacra
2974 2057 3383 2127 exhomologesi

1799 2148 2134 2217 expiandum
2166 2147 2396 2218 putavit.

1871 2414 1961 2467 25.
2004 2413 2139 2467 Cum
2181 2421 2366 2466 autem
2401 2412 2701 2480 imperator
2735 2411 2941 2464 nullam
2976 2410 3119 2464 viam
3160 2418 3256 2465 aut
3287 2424 3385 2466 oc-

1809 2504 2093 2557 casionem
2144 2502 2415 2557 inveniret
2460 2499 2816 2556 interimendi
2850 2500 3137 2566 Basilium,
3162 2500 3231 2556 ad
3279 2500 3387 2557 alia

1799 2594 2054 2659 consilia,
2107 2595 2375 2651 scelerata
2426 2593 2650 2665 quidem
2708 2609 2774 2649 ac
2822 2593 3078 2659 nefanda,
3127 2595 3382 2651 vertitur.

1797 2684 2001 2756 Nempe
2038 2701 2230 2743 secum
2286 2687 2403 2756 ipse
2449 2685 2739 2741 constituit
2772 2694 2831 2741 ut
2874 2695 2931 2740 et
2977 2686 3146 2740 alium
3182 2686 3387 2756 pariter

1797 2777 2071 2834 hzeredem
2130 2777 2362 2847 sceptris
2419 2776 2696 2832 immittat.
2740 2777 2819 2833 Ac
2860 2792 2994 2834 sane
3030 2778 3389 2835 Basilicinum

1798 2870 1977 2931 illum,
2008 2868 2090 2923 sic
2119 2868 2478 2938 appellatum,
2504 2883 2676 2922 unum
2708 2876 2763 2922 et
2797 2870 2978 2937 ipsum
3012 2869 3208 2925 nefarii
3239 2871 3386 2927 illius

1797 2959 2032 3029 collegii,
2066 2958 2347 3013 hominem
2377 2973 2616 3028 nequam
2644 2973 2709 3013 ac
2738 2959 3065 3015 sceleratum
3104 2960 3387 3018 eﬂ‘emina-

1800 3058 2027 3117 tumque
2064 3060 2118 3102 et
2151 3047 2289 3119 gula:
2313 3048 2670 3118 mancipium,
2702 3048 3018 3106 Nicomedia
3066 3052 3384 3120 oriundum,

129 3174 257 3225 γνιον
280 3159 519 3229 ἀδελφὸν
548 3159 643 3212 τοῦ
682 3160 826 3214 κατά
875 3160 967 3214 τὸν
996 3139 1361 3232 Καπνογένην
1392 3139 1691 3216 Κωνστανε

1802 3140 2024 3196 fratrem
2078 3155 2400 3210 germanum
2467 3139 2814 3197 Constantini
2872 3141 3236 3214 Capnogena,
3290 3148 3387 3215 qui

126 3250 276 3314 τίνου,
312 3250 531 3313 τοῦδὶς
570 3252 668 3320 τὴν
696 3251 790 3304 τοῦ
836 3251 1085 3322 ὑπάρχου
1124 3252 1264 3322 μετὰ
1301 3251 1478 3306 ταῦτα
1514 3254 1699 3323 ἐγχει-

126 3341 389 3410 ρισθέντος
409 3343 595 3413 ἀρχήν
614 3358 629 3373 ·
662 3344 785 3397 τότε
818 3344 876 3397 δὲ
921 3346 981 3398 ὲν
1014 3346 1128 3408 τοῖς
1153 3344 1474 3399 ἐλαύνουσιν
1496 3347 1577 3409 είς
1597 3347 1699 3417 τὴν

125 3434 396 3506 βασιλικὴν
434 3436 644 3506 τριήρη
690 3438 1112 3507 κατειλεγμένος
1161 3436 1425 3507 ἐτύγχανε
1455 3438 1525 3494 ³³.
1562 3438 1703 3492 Τοῦ-

122 3543 200 3581 τον
250 3527 314 3599 δὴ
350 3528 448 3581 τὸν
486 3527 805 3598 δυσώνυμον
833 3528 1175 3587 Βασιλικῖνον
1217 3529 1392 3584 ἐνδύει
1421 3532 1551 3584 ποτέ
1602 3531 1703 3602 τὴν

120 3620 499 3691 πολυύμνητον
568 3620 857 3692 βασιλικὴν
914 3621 1206 3693 πορφύραν
1252 3622 1347 3675 καὶ
1403 3622 1495 3677 τὸν
1539 3623 1699 3694 περί-

119 3731 270 3767 οπτον
330 3716 432 3767 καὶ
495 3712 789 3781 ἐπίφθονον
835 3712 1101 3781 στέφανον
1160 3710 1410 3781 χλαμύδα
1464 3729 1524 3764 τε
1558 3714 1701 3779 πάγ-

121 3822 307 3876 χρυσον
349 3804 455 3860 atat
514 3804 586 3858 τὰ
647 3803 968 3874 κοκκοδαφῆ
1036 3804 1131 3856 καὶ
1165 3802 1211 3834 ³³
1261 3801 1474 3857 διάλιθα
1507 3801 1703 3857 πέδιλα

116 3901 201 3953 καὶ
250 3894 428 3953 τᾶλλα
475 3898 577 3967 τῆς
619 3894 899 3967 βασιλείας
951 3895 1222 3967 ἐπίσημα,
1260 3896 1446 3965 ἐξάγει
1496 3913 1555 3949 τε
1606 3896 1703 3949 αὑ-

116 3985 193 4038 τὸν
243 3987 386 4057 πρὸς
420 3985 532 4057 τὴν
589 3984 895 4057 σύγκλητον
951 3986 1050 4055 τῆς
1107 3985 1290 4057 χειρὸς
1334 3985 1452 4057 ἅμα
1483 3986 1702 4057 κρατῶν

115 4077 199 4132 καὶ
230 4076 544 4148 ὑπουργῶν
574 4074 746 4145 αὑτῷ,
776 4074 851 4140 ὼς
877 4075 907 4129 ὀ
936 4075 1130 4147 Νέρων
1162 4077 1373 4141 ἐκεῖνος
1410 4077 1580 4131 πάλαι
1610 4079 1702 4132 τὸν

118 4168 529 4241 πολυθρύλητον
567 4169 808 4239 Ἔρωτα,
833 4167 927 4221 καί
959 4184 1129 4240 φησιν
1164 4167 1259 4221 ἐπὶ
1290 4166 1490 4234 λέξεως
1512 4184 1525 4197 ·

241 4391 442 4461 flagra
480 4388 713 4455 πάντες
742 4389 936 4459 ὑμεῖς,
968 4392 1067 4461 ita}
1110 4392 1481 4461 θαυμάσατε.

234 4458 384 4529 Ἆρα
414 4463 496 4515 οὐ
536 4460 751 4529 πρέπει
782 4457 970 4515 αὑτὸν
1000 4457 1153 4516 εἶναι
1174 4457 1479 4529 βασιλέιη

233 4527 498 4599 Πρῶτον
525 4531 645 4598 μὲν
669 4527 829 4598 εἶδος
860 4530 1034 4595 ἄξιον
1062 4532 1445 4599 τυραννίδος,

240 4604 311 4655 Τὸ
338 4602 645 4666 δεύτερον
674 4600 742 4653 δὲ
768 4601 1050 4671 συμφυὲς
1078 4603 1245 4656 πέλει
1268 4603 1513 4671 στέφος,

237 4673 535 4725 Ἀπαντα
559 4671 614 4723 δ’
648 4670 968 4740 ἀρμόζουσι
1001 4673 1151 4741 πρὸς
1172 4673 1287 4741 τὴν
1313 4674 1526 4738 ἀξίαν·

110 4856 189 4900 καί
227 4849 311 4903 ὅτι
333 4849 383 4879 ’⁸
408 4847 634 4901 Πόσον
658 4843 739 4914 ἦν·
769 4846 1026 4901 κάλλιον
1072 4847 1290 4902 τοῦτόν
1326 4865 1404 4918 με
1450 4850 1703 4919 ποιῆσαι

105 4940 359 5003 βᾶσιλέα
391 4942 435 5010 ἢ
461 4937 585 4992 τὸν
611 4938 941 4993 Βασίλειον
970 4941 990 4993 !
1020 4940 1209 4994 Ταῦτα
1257 4943 1460 5006 πάντες
1490 4947 1537 4997 οἱ
1565 4946 1708 5000 κατά

109 5034 164 5084 σιὰ
194 5032 451 5103 βασίλεια
485 5030 702 5093 ἰδόντες
730 5047 789 5082 τε
834 5032 926 5083 καὶ
953 5031 1285 5097 ἀκούσαντες
1318 5034 1540 5103 ἔμειναν
1566 5036 1702 5106 ἀχα-

109 5127 206 5187 νεῖς
236 5125 301 5189 ⁸³,
336 5120 797 5191 ἐκπληττόμενοι
824 5122 925 5192 τὴν
960 5124 1273 5193 παράλογον
1302 5126 1361 5192 ἐξ
1390 5128 1702 5199 ἀφροσύνης

109 5215 189 5269 τοῦ
225 5216 514 5283 βασιλέως
573 5214 979 5286 ἐμϐροντησίαν
1013 5233 1073 5269 τε
1123 5219 1219 5272 καὶ
1259 5222 1587 5291 παρακοπή-δ
1631 5222 1698 5277 ³⁸.

110 5310 285 5377 Οὕτως
307 5309 381 5384 ἦν
420 5310 732 5381 ἄνθρωπος
755 5310 873 5375 ,ὑπὸ
906 5311 1007 5383 τῆς
1033 5316 1373 5383 κατακοροῦς
1398 5316 1570 5386 μέθης
1608 5317 1703 5371 καὶ

110 5403 205 5457 τῶν
228 5406 508 5477 ἀθέσμων
544 5404 647 5456 καὶ
684 5402 933 5472 ἀσελγῶν
964 5405 1224 5476 πράξεων
1250 5406 1385 5473 ὅλως
1415 5408 1524 5461 τῶν
1554 5409 1703 5463 δεόν-

110 5509 201 5549 των
236 5494 574 5570 ἐξεστηκὼς
597 5495 693 5548 καὶ
730 5496 1043 5568 φρενοπλὴξ
1067 5499 1163 5553 καὶ
1201 5500 1546 5572 παράφορος.

1801 3241 1992 3303 postea
2027 3232 2197 3287 semel
2223 3233 2533 3302 iterumque
2566 3233 2809 3303 praefecti
2833 3234 2986 3289 urbis
3026 3251 3225 3293 munus
3254 3238 3386 3294 ade-

1803 3334 1927 3394 ptus
1958 3335 2076 3380 est:
2120 3333 2253 3379 tunc
2299 3338 2431 3378 vero
2461 3324 2604 3379 inter
2648 3326 2813 3394 regia:
2864 3327 3104 3384 triremis
3157 3330 3389 3401 remiges

1804 3417 2079 3486 ascriptus
2139 3424 2277 3471 erat.
2332 3413 2487 3469 Hunc
2536 3414 2720 3485 itaque
2775 3414 3074 3472 infaustum
3134 3416 3384 3475 Basilici-

1804 3523 1936 3562 num
1965 3505 2297 3576 quandoque
2328 3505 2497 3576 regia,
2528 3505 2721 3560 multis
2746 3506 3060 3563 nominibus
3093 3508 3387 3575 celebrata,

1804 3598 2041 3654 induens
2063 3613 2329 3668 purpura,
2366 3596 2765 3667 spectabilique
2789 3606 2953 3668 atque
2973 3601 3222 3655 omnium
3246 3603 3390 3657 votis

1803 3689 2109 3760 expetenda
2169 3688 2335 3759 capiti
2392 3688 2650 3759 imposita
2707 3705 2935 3757 corona,
2996 3692 3390 3765 cblamydeque

1803 3783 2112 3840 boloserica
2143 3782 2409 3849 adhibita,
2446 3792 2502 3839 et
2531 3785 2808 3841 coccineis
2838 3786 3220 3858 lapidibusque
3264 3804 3388 3858 pre-

1804 3875 1963 3930 tiosis
2012 3873 2378 3932 interstinctis
2415 3874 2641 3942 calceis,
2680 3875 2912 3947 aliisque
2946 3879 3112 3949 regiis
3155 3879 3389 3951 insigni-

1805 3966 1929 4032 bus,
1982 3964 2051 4020 ad
2095 3975 2349 4022 senatum
2384 3966 2574 4023 eduxit
2614 3982 2779 4023 manu
2837 3979 3047 4037 tenens,
3095 3972 3258 4043 eique
3292 3988 3391 4042 pro

1804 4058 2044 4114 ministri
2082 4058 2330 4130 partibus
2368 4058 2703 4130 obsequens,
2738 4060 2885 4116 baud
2932 4062 3091 4118 aliter
3135 4077 3201 4118 ac
3248 4061 3392 4119 Nero

1804 4150 1895 4204 ille
1940 4150 2217 4218 quondam
2265 4148 2783 4208 decantatissimum
2819 4151 3062 4210 Erotem.
3089 4155 3267 4226 Atque
3320 4156 3391 4211 ad

1803 4241 2029 4296 verbum
2071 4240 2163 4296 ait:

1917 4376 2099 4432 Videte
2127 4393 2326 4443 omnes,
2359 4387 2409 4431 et
2434 4378 2802 4435 admiramini.

1908 4450 2006 4520 4n,
2039 4464 2141 4501 non
2179 4450 2419 4520 convenit
2465 4450 2568 4516 ipsi
2609 4452 2753 4518 regia
2792 4451 3070 4520 dignitas?

1911 4517 2155 4589 Primum
2195 4519 2404 4587 quidem
2447 4521 2643 4586 species
2668 4517 2862 4589 digna
2887 4522 3138 4588 imperio:

1911 4588 2211 4659 Secundum
2254 4598 2429 4641 autem
2475 4588 2765 4659 congenita’
2801 4603 2877 4643 est
2926 4608 3140 4658 corona,

1909 4657 2144 4729 Suntque
2168 4660 2419 4728 dignitati
2463 4657 2695 4729 congrua
2726 4662 2925 4713 omnia.

1915 4838 2131 4904 Quanto
2155 4842 2339 4895 melius
2379 4852 2494 4895 erat
2534 4860 2615 4896 me
2653 4844 2789 4897 hunc
2828 4844 2984 4915 251
3022 4846 3392 4915 imperatorem

1810 4933 1995 5001 fecisse
2053 4950 2210 5002 quam
2248 4932 2563 4989 Basiliam?
2619 4936 2746 4991 Haec
2791 4938 2882 5006 qtti
2940 4940 2994 4992 in
3050 4941 3196 5009 regia
3235 4954 3394 4996 erant

1811 5024 2049 5078 universi
2088 5023 2334 5079 videntes
2388 5028 2450 5080 et'
2496 5027 2800 5090 audientes.
2861 5030 3022 5083 deliri
3079 5040 3389 5098 steterunt,

1812 5124 2017 5168 tantam
2073 5116 2171 5168 viri
2207 5118 2515 5171 vecordiam
2549 5127 2830 5187 stupentes
2881 5122 3191 5191 mentisque
3238 5141 3396 5180 evet-

1813 5207 2044 5261 sionem.
2078 5207 2170 5263 Sic
2201 5210 2463 5265 nimirum
2487 5226 2599 5281 prae
2621 5212 2911 5267 immodica
2932 5214 3197 5270 ebrietate
3222 5219 3397 5272 scele-

1811 5298 2179 5369 stissimisque
2235 5316 2300 5356 ac
2350 5302 2741 5371 impurissimis
2813 5305 3068 5372 actibus,
3124 5306 3393 5376 quidquid

1811 5404 2039 5460 prorsus
2070 5394 2281 5449 honesti
2336 5410 2401 5450 ac
2447 5396 2605 5450 oliicii
2641 5406 2726 5450 est
2775 5410 3120 5464 excusserat,
3171 5409 3395 5453 emota:-

1811 5498 1916 5551 que
1960 5485 2161 5540 mentis
2218 5487 2554 5557 insanosque
2608 5503 2674 5543 ac
2720 5490 2965 5545 titubans
3012 5491 3227 5545 ratione
3254 5500 3390 5546 erat.

1429 5639 1665 5697 V'ARUE
1701 5643 2111 5702 LECTIONES.

438 5826 488 5858 ³³
530 5820 804 5891 ἐτύγχανε
831 5839 940 5877 om.
981 5823 1039 5879 Ρ.

414 5922 720 5981 Parem.
761 5917 881 5979 Gn.
931 5918 1094 5982 CIX.

115 5842 255 5896 κομον

170 5755 502 5881 ¹⁷ἐθὲρευεν
536 5750 606 5803 Ρ.
688 5750 731 5782 ¹⁸
761 5752 841 5814 είς
872 5751 935 5807 Ρ.
1015 5754 1057 5785 ¹⁹
1079 5755 1171 5807 καὶ
1212 5755 1446 5824 ἀνόνητα
1495 5756 1769 5812 Combeﬂs
1796 5777 1807 5811 :
1830 5760 1887 5810 δὲ
1922 5761 2127 5825 ἀνόητα
2157 5760 2263 5813 ΑΙ).

170 5843 255 5881 μον
342 5866 356 5881 .
438 5826 488 5858 ³³
530 5820 804 5881 ἐτύγνανε
831 5839 940 5877 om.
981 5823 1039 5879 Ρ,
1116 5825 1159 5855 ²³
1188 5827 1277 5879 καὶ
1320 5843 1387 5880 au
1417 5842 1446 5881 e
1474 5826 1686 5881 viti).th
1718 5845 1829 5881 om.
1853 5829 1913 5881 ιι.
1991 5830 2034 5860 ³⁸
2069 5829 2173 5881 aui
2206 5833 2258 5881 oi

342 5866 356 5881 ,
438 5826 488 5858 ³³
530 5825 804 5884 ἐτύγχανε
831 5839 940 5877 om.
981 5825 1039 5879 P.
1116 5825 1159 5855 ²³
1188 5827 1277 5879 καὶ
1320 5843 1387 5880 au
1417 5842 1446 5881 c
1474 5826 1686 5881 διάλιθα
1718 5845 1829 5884 om.
1853 5829 1913 5883 ιι.

2364 5765 2407 5793 ω
2427 5762 2715 5837 τολμῆσαι]
2739 5765 3077 5837 θελήσαιενῖ
3167 5768 3207 5798 ¹¹
3244 5767 3395 5837 (ενδ-ξδ’

2428 5836 2471 5867 ’⁸
2496 5837 2717 5903 ἀφανῶς
2751 5836 2808 5890 Ρ.
2858 5835 2861 5836 ν
2886 5839 2931 5869 ²⁶
2954 5835 3309 5910 παρατροπην
3331 5835 3391 5889 Ρ.

2964 5935 3003 5994 9

1991 5830 2034 5860 ἰ
2069 5829 2173 5901 an!
2206 5833 2258 5884 οἱ
2289 5830 2349 5885 ι».
